4078 6352
1627 356 1962 416 EPISTOLA
1998 359 2109 417 XII.

2400 270 2468 285 -—

3403 359 3515 421 202

224 487 388 550 luvio,
438 484 492 541 in
543 498 651 540 uno
695 479 934 554 quidem,
965 486 1202 535 attamen
1248 479 1415 549 justo,
1444 477 1811 534 universitatis
1836 479 1890 561 Α
1916 475 2046 531 tidie
2074 477 2250 532 bonus
2289 475 2567 542 Dominus,
2600 482 2658 530 ut
2681 474 2874 530 divina:
2897 471 3343 530 conformationis
3387 475 3510 546 glo-

221 585 515 652 peremptaa
533 574 882 632 seminarium
904 573 1074 641 stetit,
1091 572 1202 643 jam
1230 580 1359 628 tunc
1381 578 1643 644 operante
1669 585 1816 642 mys-

225 670 362 726 wrio
406 664 551 723 unici
599 665 962 732 Redemtoris,
1010 672 1070 719 ut
1123 678 1223 736 per
1258 680 1424 720 unum
1444 662 1815 719 reconciliatio

221 760 551 834 proveniret,
602 758 728 829 quia
755 772 855 828 per
883 757 1083 812 multos
1110 756 1315 812 offensa
1344 755 1582 810 venisset
1607 763 1655 808 ⁸³.
1707 753 1814 808 Sed

223 857 418 912 iterum
437 852 651 923 generis
670 851 889 906 humani
918 865 1177 922 processu
1197 849 1476 905 relabente
1499 847 1728 918 justitia,
1760 854 1817 900 et

223 947 591 1006 crescentibus
619 943 777 1000 simul
797 944 1048 1012 gentibus
1075 951 1238 1013 atque
1256 940 1587 1004 criminibus,
1616 954 1684 994 ne
1704 953 1819 992 rur-

221 1058 312 1098 sus
341 1040 594 1111 iniquitas
621 1038 899 1094 hominum
923 1035 1138 1105 generis
1185 1039 1488 1090 mereretur
1516 1031 1814 1098 interitum,

222 1150 408 1190 rursus
437 1133 643 1189 electus
667 1138 751 1187 est
777 1129 870 1201 qui
899 1137 1054 1201 pater
1083 1127 1206 1183 ﬁdei
1227 1133 1535 1191 vocaretur,
1562 1140 1592 1179 a
1621 1139 1730 1194 quo
1761 1129 1817 1177 et

220 1225 508 1299 promissio
535 1223 687 1291 regni
717 1231 772 1277 et
812 1220 974 1290 Regis
1021 1219 1208 1275 aeterni
1253 1231 1437 1273 semen
1492 1222 1813 1283 emergeret.

219 1317 375 1386 Quod
419 1315 832 1386 multiplicatum
882 1313 986 1368 ﬁde
1009 1313 1250 1383 gentium
1278 1309 1524 1366 Christus
1553 1307 1813 1378 implevit,

217 1410 307 1478 qui
364 1406 688 1480 patriarchis
737 1405 905 1472 visus,
959 1419 1057 1476 per
1086 1404 1256 1472 legem
1296 1401 1694 1473 praeformatus,
1717 1413 1815 1470 per

216 1501 515 1574 prophetas
540 1500 886 1571 prtelocutus,
917 1506 974 1553 et
1020 1499 1134 1568 ipse
1163 1495 1356 1563 adfuit,
1386 1503 1447 1550 ut
1495 1493 1816 1563 adimpleret

213 1593 393 1662 legem
439 1600 496 1648 et
532 1591 860 1664 prophetas,
909 1599 967 1645 et
1011 1605 1172 1660 quam
1202 1589 1289 1644 lex
1309 1586 1562 1659 operibus
1582 1601 1690 1640 non
1719 1597 1810 1638 va-

213 1684 394 1740 luerat
407 1683 658 1740 wnferre
677 1681 1018 1746 medicinam,
1051 1681 1223 1750 gratia
1251 1679 1409 1735 daret
1435 1677 1482 1735 ι.

279 1775 336 1830 5.
381 1773 501 1830 Jam
531 1773 676 1830 enim
724 1788 921 1845 corpus
949 1787 1128 1838 omne,
1178 1771 1230 1827 id
1261 1780 1363 1837 est,
1386 1770 1695 1826 universum
1717 1783 1812 1839 ge-

1919 568 2054 622 riam
2083 583 2497 638 consequamur,
2530 568 2574 622 si
2615 576 2812 622 nostra:
2862 567 2915 622 in
2962 567 3175 622 Christo
3195 565 3510 622 conforma-

1918 660 2079 714 tionis
2104 660 2410 730 exemplum
2432 675 2736 731 sequamur,
2760 669 3147 730 cognoscentes
3168 660 3219 714 in
3249 660 3510 716 Altissiml

1919 750 2291 806 moderamine
2322 759 2678 821 temperatum
2708 759 2914 806 natura:
2945 760 3141 806 nostras
3169 751 3409 817 modum,
3452 759 3514 806 ut

1924 852 2075 912 Supra
2097 859 2198 899 nos
2219 843 2383 914 ipsius
2400 844 2572 912 gratia
2601 843 2982 914 provehamur,
3015 843 3059 898 si
3084 843 3239 913 juxta
3267 860 3367 900 nos
3412 861 3509 899 no-

1917 935 2013 988 stri
2061 951 2331 991 memores
2357 936 2712 991 ambulemus.
2746 935 2825 989 Ad
2874 951 3035 1005 quam
3064 952 3164 992 nos
3200 953 3508 992 mensuram

1917 1029 2266 1099 propheticus
2297 1029 2385 1085 ille
2415 1028 2483 1084 de
2503 1028 2750 1083 Numeris
2774 1043 2954 1083 sermo
2983 1029 3276 1100 componit,
3301 1044 3410 1099 quo
3438 1029 3514 1083 di-

1917 1121 2058 1175 citur
2087 1139 2100 1174 :
2134 1119 2258 1176 Non
2298 1121 2669 1175 declinabimus
2709 1122 2923 1176 dextera
2957 1137 3119 1188 neque
3155 1123 3390 1184 sinistra,
3423 1122 3514 1174 sed

1918 1212 2084 1283 regali
2113 1213 2193 1266 via
2220 1213 2405 1266 ibimus
2435 1210 2483 1266 ιι.
2513 1211 2668 1279 Quod
2693 1214 2844 1268 nobis
2872 1212 3116 1267 Christus
3143 1220 3245 1278 est,
3304 1212 3512 1267 media-

1919 1311 2005 1358 tor
2025 1304 2120 1360 Dei
2150 1305 2517 1372 ethominum,
2550 1306 2690 1360 inter
2718 1307 2896 1361 divina
2919 1315 2974 1360 et
2996 1308 3228 1360 humana
3258 1319 3359 1361 nos
3383 1315 3513 1362 tem-

1915 1411 2133 1466 perans,
2191 1405 2248 1451 et
2297 1396 2364 1450 ad
2413 1411 2635 1466 regnum
2693 1413 2850 1452 suum
2880 1398 3047 1466 regali
3075 1399 3161 1452 via
3185 1398 3419 1464 ducens;
3451 1406 3513 1453 ut

1915 1487 2078 1542 corde
2101 1487 2350 1554 humiles,
2375 1504 2540 1559 opere
2560 1489 2836 1554 sublimes,
2859 1505 2888 1544 a
2909 1489 3156 1554 sinistris,
3181 1490 3234 1545 id
3256 1499 3360 1555 est,
3383 1506 3514 1561 pec-

1914 1581 2050 1636 catis
2075 1597 2197 1651 qua:
2227 1583 2283 1636 in
2307 1590 2538 1637 mortem
2569 1583 2807 1648 trahunt,
2835 1584 3155 1650 allevemur;
3180 1593 3236 1640 et
3257 1601 3286 1640 a
3306 1585 3513 1642 dextris

1913 1673 2112 1736 nimiis,
2148 1672 2198 1727 id
2223 1682 2324 1737 est,
2362 1675 2745 1744 prmsunttione
2771 1675 3021 1745 superba,
3052 1675 3367 1733 humilitatis
3397 1681 3513 1747 lege

1912 1767 2174 1835 revocati,
2223 1774 2502 1822 teneamus
2539 1766 2808 1822 salubrem
2840 1767 3292 1835 mediocritatem,
3323 1786 3391 1825 ne
3421 1779 3514 1825 aut

211 1882 312 1923 nus
340 1865 422 1939 (a)
452 1859 731 1921 hominum
761 1864 836 1919 ita
864 1871 1176 1934 pervaserat
1200 1872 1502 1933 peccatum,
1535 1870 1593 1916 ut
1640 1875 1816 1931 neque
1847 1855 1894 1916 B
1921 1859 2109 1914 oculos
2138 1867 2352 1914 nostros
2380 1858 2714 1914 declinantes
2744 1859 2797 1913 in
2827 1865 3024 1913 terram
3061 1856 3103 1925 ι,
3135 1874 3515 1931 comparemur

210 1959 485 2028 malagma
533 1956 799 2012 debilibus
845 1963 901 2011 et
955 1956 1173 2018 sauciis,
1230 1970 1405 2026 neque
1433 1955 1661 2024 ligatura
1682 1969 1814 2025 pro-

209 2049 395 2104 desset
421 2059 444 2088 ε
482 2066 494 2101 :
546 2048 900 2104 corroborata
944 2047 1144 2102 etenim
1184 2047 1436 2102 vitiorum
1483 2045 1812 2108 valetudine,

207 2155 432 2196 omnem
459 2141 706 2195 humana:
734 2139 853 2210 opis
872 2138 1137 2194 medelam
1157 2137 1349 2194 fortior
1370 2137 1622 2193 remediis
1669 2153 1815 2192 mor-

206 2234 308 2288 bus
368 2232 705 2297 excluserat,
756 2239 813 2286 et
864 2231 986 2286 ideo
1016 2230 1165 2286 venit
1192 2231 1284 2300 qui
1328 2238 1383 2285 et
1430 2237 1689 2284 venturus
1710 2237 1812 2295 est,

208 2322 586 2380 conformatus
614 2322 831 2393 corpori
879 2322 1195 2378 humilitatis
1223 2330 1440 2388 nostras,
1473 2329 1532 2377 ut
1555 2337 1657 2377 nos
1685 2337 1817 2376 con-

207 2415 475 2471 formaret
495 2414 709 2484 corpori
741 2413 926 2484 gloria:
962 2429 1072 2469 sua:
1097 2414 1146 2468 ά.
1177 2413 1314 2481 Quia
1341 2429 1522 2478 nemo,
1554 2414 1656 2470 nisi
1687 2413 1818 2468 arti-

207 2505 321 2573 fex,
357 2507 542 2577 operis
563 2507 646 2562 sui
672 2515 868 2577 potens
895 2514 1009 2572 est,
1042 2515 1098 2562 et
1119 2506 1281 2576 ﬁgulo
1313 2515 1518 2561 tantum
1567 2507 1624 2562 in
1652 2507 1816 2576 argil-

204 2600 321 2655 lam
349 2613 502 2655 suam
520 2597 609 2668 jus
633 2607 717 2654 est
749 2607 791 2652 ο.
829 2597 907 2652 Ita
928 2598 1186 2654 Dominus
1206 2599 1468 2664 omnium,
1496 2599 1589 2668 qui
1629 2614 1820 2656 omnes

205 2693 445 2762 fecerat,
503 2693 754 2762 dignatus
802 2701 888 2748 est
914 2693 981 2748 ad
1011 2702 1196 2749 nostra
1238 2693 1586 2759 descendere,
1615 2707 1822 2761 nosque

205 2787 500 2856 suscipere
524 2786 576 2840 in
600 2801 829 2856 corpore
850 2801 970 2849 suo,
995 2793 1055 2840 ut
1098 2786 1347 2840 reticeret
1375 2785 1566 2840 eadem
1595 2793 1711 2839 arte
1740 2783 1823 2838 vel

205 2879 339 2948 (pro
370 2876 448 2946 et)
478 2884 751 2946 potestate
778 2891 883 2945 qua
906 2875 1301 2931 fecerat.Venit
1321 2884 1499 2930 autem
1528 2890 1633 2930 non
1660 2876 1712 2928 in
1735 2890 1825 2929 su-

202 2967 490 3025 blimitate
518 2964 754 3030 Domini,
778 2966 923 3034 quod
942 2973 1090 3030 erat,
1118 2966 1213 3020 sed
1229 2967 1282 3020 in
1307 2967 1478 3020 forma
1503 2967 1665 3030 servi,
1681 2966 1825 3035 quod

205 3079 338 3120 non
368 3073 488 3120 erat
518 3062 563 3119 ί.
596 3063 792 3120 Factus
813 3074 890 3120 est
917 3074 974 3118 ut
1000 3065 1152 3119 homo
1179 3066 1292 3119 sine
1343 3064 1604 3134 adjutorio
1655 3074 1700 3128 ε,
1733 3064 1823 3134 qui

205 3162 304 3214 est
360 3153 458 3210 Dei
502 3155 695 3224 virtus,
745 3164 800 3212 et
844 3156 1102 3210 Dominus
1136 3156 1487 3221 exercituum,
1529 3155 1742 3224 adjutor
1769 3163 1825 3210 et

208 3253 507 3320 protector
527 3248 789 3302 omnium.
839 3245 948 3302 Pro
977 3247 1269 3302 liberandis
1298 3255 1382 3301 est
1411 3255 1673 3310 mortuus,
1727 3247 1820 3316 qui
1849 3231 1896 3295 C

213 3347 342 3394 erat
389 3339 528 3392 inter
553 3347 786 3393 mortuos
835 3337 979 3392 liber.
1021 3339 1165 3392 Inter
1191 3339 1395 3410 iniquos
1423 3339 1697 3410 deputatus
1719 3351 1817 3408 est,

216 3432 315 3502 qui
337 3429 604 3500 justiﬁcat
631 3431 854 3501 impium
883 3445 984 3500 per
1014 3427 1191 3484 ﬁdem.
1227 3430 1373 3484 Sicut
1413 3432 1518 3485 ovis
1549 3432 1619 3484 ad
1658 3433 1820 3485 inter-

220 3527 498 3596 fectionem
513 3524 696 3578 ductus
709 3533 785 3578 est
805 3540 968 3597 agnus
978 3524 1084 3590 ille,
1103 3525 1188 3596 qui
1201 3523 1334 3578 tollit
1346 3534 1557 3590 peccata
1570 3526 1749 3578 mundi
1768 3525 1791 3561 ιι
1801 3564 1815 3578 .

221 3615 424 3672 Passus
449 3623 534 3671 est
559 3623 811 3682 mortem,
844 3616 936 3685 qui
965 3615 1132 3670 donat
1156 3615 1533 3671 aeternitatem.

294 3709 349 3763 4.
391 3707 503 3765 de
555 3709 609 3763 in
649 3724 812 3765 causa
853 3708 990 3762 tanti
1038 3708 1195 3778 hujus
1231 3709 1442 3764 consilii
1474 3719 1529 3764 et
1559 3711 1816 3775 muneris,

225 3801 661 3857 animadvertere
688 3801 858 3872 ipsius
881 3800 1060 3856 lumen
1091 3809 1191 3866 est,
1215 3803 1301 3870 qui
1330 3819 1426 3856 nos
1440 3803 1549 3873 ao
1564 3803 1823 3856 illuminat

228 3909 262 3944 ι
289 3891 550 3947 montibus
579 3893 785 3947 aeternis
821 3890 838 3929 ί
878 3909 891 3944 :
922 3892 975 3946 in
1002 3908 1138 3962 quos
1173 3893 1342 3948 oculis
1368 3893 1611 3948 allevatis
1641 3894 1823 3949 videa-

232 4001 374 4048 mus,
423 3984 613 4041 iisdem
660 4000 778 4050 nos,
824 3985 1020 4056 quibus
1043 3986 1396 4056 perieramus,
1432 3986 1712 4040 itineribus
1743 3987 1824 4041 in-

235 4066 444 4144 ventds,
463 4092 650 4134 rursus
669 4092 738 4133 ex
767 4077 982 4139 arbore,
1015 4093 1200 4132 rursus
1229 4093 1295 4132 ex
1320 4078 1561 4146 virgine;
1593 4079 1688 4132 sed
1712 4094 1822 4134 non

227 4179 417 4227 rursus
435 4171 686 4242 superbia
711 4169 1106 4242 praecipitandi,
1137 4185 1322 4224 verum
1348 4187 1380 4225 e
1401 4172 1676 4225 contrario
1720 4172 1824 4225 hu-

231 4258 459 4319 militate
479 4262 727 4318 redituri.
759 4262 893 4318 Nam
923 4261 1125 4317 idcirco
1149 4260 1264 4316 Rex
1309 4261 1493 4331 gloria:
1534 4270 1589 4316 et
1645 4261 1828 4318 Domi-

232 4370 332 4410 nus
351 4354 654 4424 majestatis
680 4355 964 4410 exinanivit
991 4370 1065 4419 se,
1092 4355 1313 4425 formam
1334 4355 1465 4408 servi
1494 4356 1750 4426 accipiens
1778 4355 1824 4418 i,

231 4456 285 4504 et
312 4448 639 4504 invisibilem
659 4447 1086 4518 magnitudinem
1116 4462 1269 4502 suam
1303 4447 1499 4503 visibili
1525 4447 1829 4519 abjectione

232 4540 494 4607 contexit,
525 4547 588 4595 ut
627 4555 728 4597 nos
747 4539 920 4597 veteri
949 4539 1043 4595 illo
1087 4539 1244 4595 make
1266 4547 1540 4611 concepta:
1568 4556 1828 4610 arrogan-

1913 1949 2171 2020 jumentis
2198 1950 2378 2023 quibus
2399 1968 2501 2006 non
2523 1961 2601 2005 est
2625 1953 2986 2018 intellectus'",
3017 1959 3112 2006 aut
3136 1952 3326 2007 altiora
3358 1953 3514 2008 nobis

1917 2051 2220 2099 scrutantes
2239 2053 2288 2110 η,
2315 2059 2700 2099 evanescamns
2729 2044 2780 2098 in
2831 2043 3252 2110 cogitationibus
3291 2045 3510 2100 nostris.

1917 2133 2104 2205 Itaque
2125 2151 2226 2189 non
2244 2138 2354 2189 alta
2375 2139 2651 2207 sapientes,
2665 2137 2756 2190 sed
2776 2135 3053 2191 humilibus
3077 2139 3450 2191 consentientes
3463 2146 3512 2202 0;

1918 2230 1974 2282 in
2005 2245 2244 2283 mensura
2266 2246 2368 2302 qua
2392 2231 2548 2301 (forte
2567 2233 2750 2302 quam)
2775 2233 3085 2286 mensurarit
3133 2231 3280 2286 nobis
3327 2231 3514 2286 Domi-

1919 2335 2015 2372 nus
2040 2331 2086 2384 P,
2147 2320 2506 2390 nosmetipsos
2533 2323 2840 2388 metiamur,
2870 2331 2928 2378 ut
2956 2333 3304 2394 angustemur
3332 2325 3385 2380 in
3416 2341 3515 2380 no-

1917 2411 2021 2475 bis,
2060 2421 2116 2465 et
2156 2412 2209 2466 in
2265 2412 2496 2468 Domino
2535 2413 2824 2470 dilatemur
2845 2427 2893 2469 τι.
2918 2415 3034 2472 Non
3062 2424 3122 2471 ut
3141 2417 3215 2472 illi
3245 2418 3517 2488 sapientes

1920 2503 2081 2572 hujus
2105 2505 2291 2571 seculi,
2315 2521 2546 2575 quorum
2574 2510 2896 2578 sapientiam
2920 2510 3179 2564 Dominus
3204 2511 3518 2580 reprobavit

1923 2611 1986 2650 ac
2029 2597 2282 2667 perdidit,
2311 2606 2366 2652 et
2386 2613 2484 2668 per
2511 2601 2792 2654 stultitiam
2822 2601 3221 2670 pmdicationis
3243 2603 3318 2671 (b)
3341 2603 3520 2656 exclu-

1925 2691 2028 2744 sitr
2049 2692 2101 2744 ³ε
2129 2692 2203 2760 (ε)
2226 2690 2632 2760 Disputavcrunt
2661 2695 2824 2756 enim,
2856 2694 3047 2762 inquit,
3073 2693 3520 2749 utabsconderent

1927 2784 2138 2854 laqueos
2172 2793 2192 2817 -'
2232 2803 2244 2836 :
2278 2785 2402 2854 quia
2431 2785 2681 2840 videlicet
2713 2787 2764 2840 in
2787 2786 2889 2842 hoc
2919 2788 3093 2842 omnis
3147 2803 3234 2842 ars
3281 2788 3520 2858 philoso-

1927 2878 2156 2948 phorum
2198 2877 2424 2941 laborat,
2468 2886 2526 2932 ut
2583 2880 2882 2934 assertione
2911 2880 3156 2935 lictorum
3186 2881 3358 2936 lucem
3378 2882 3520 2936 veri-

1929 2972 2055 3026 tatis
2075 2971 2345 3035 ohscuret,
2396 2982 2450 3025 et
2492 2973 2726 3027 inanium
2755 2975 3159 3029 contentionum
3182 2974 3388 3044 laqueis
3407 2975 3520 3030 sol-

1927 3062 2161 3117 licitatas
2189 3077 2218 3115 a
2249 3077 2375 3116 vero
2404 3072 2613 3118 mentes
2634 3065 2890 3135 implicet,
2919 3075 2974 3120 et
2995 3066 3194 3137 ingenii
3220 3065 3406 3124 fraude
3433 3068 3522 3124 de-

1928 3154 2112 3223 cipiat,
2141 3161 2194 3208 et
2215 3155 2338 3209 fuco
2359 3156 2626 3210 sermonis
2658 3156 2895 3212 inducat.

2000 3243 2049 3300 5.
2094 3244 2200 3299 Sed
2255 3254 2541 3316 postquam
2595 3259 2830 3303 exortum
2877 3260 2955 3304 est
2981 3253 3152 3314 lumen
3192 3254 3521 3318 intenebris,

1907 3338 2217 3393 $nisericors
2255 3348 2304 3393 et
2351 3341 2643 3404 miseratur,
2687 3352 2736 3394 et
2757 3343 2930 3412 justus
2959 3343 3215 3400 Dominus
3250 3348 3296 3412 ',
3329 3346 3524 3403 frustra

1924 3440 2205 3502 posuerunt
2232 3433 2287 3485 in
2310 3431 2493 3486 calum
2521 3449 2576 3486 os
2599 3450 2747 3486 suum
2770 3443 2816 3499 ιι,
2850 3435 2941 3504 qui
2983 3437 3146 3490 etiam
3187 3444 3526 3493 terrenartm

1924 3539 2106 3578 rerum
2136 3537 2353 3592 sumque
2378 3531 2585 3578 natura:
2630 3525 2793 3580 nescii
2820 3525 2899 3596 (ά)
2921 3534 3232 3582 scrutantur
3258 3529 3381 3583 (ξωιί
3411 3530 3526 3599 pla-

1925 3632 2041 3687 gas,
2079 3625 2134 3672 et
2188 3617 2539 3672 Deum‘sine
2592 3617 2704 3672 Deo
2753 3627 3017 3687 quaarunt.
3073 3619 3200 3676 Ideo
3230 3621 3528 3694 defecerunt

1927 3716 2216 3762 scrutantes
2236 3710 2504 3775 scrutinio,
2533 3717 2582 3762 et
2611 3711 2816 3780 sagitta:
2835 3711 3166 3780 parvulorum
3210 3715 3365 3784 facta!
3407 3724 3529 3770 sunt

1925 3802 2098 3873 plaga:
2117 3818 2295 3855 eorum
2317 3811 2343 3838 ν
2373 3819 2384 3853 :
2414 3801 2539 3870 quia
2569 3802 2871 3873 corripiens
2898 3805 3173 3874 sapientes
3226 3807 3280 3861 in
3330 3810 3528 3864 astutia

1927 3909 2021 3947 sua
2045 3893 2305 3947 Dominus
2329 3903 2381 3970 ι,
2405 3909 2503 3962 per
2529 3892 2814 3948 infantium
2860 3903 3023 3964 atque
3065 3898 3377 3953 lactentium
3419 3901 3527 3973 ει

1929 4001 2023 4038 ora
2073 3984 2343 4049 confudit,
2395 4001 2494 4040 nec
2537 3987 2590 4040 in
2627 4001 2880 4040 sermone
2903 4002 3126 4056 regnum
3151 4004 3327 4055 suum,
3357 3992 3452 4046 sed
3474 3993 3529 4049 in

1929 4077 2127 4129 virtute
2155 4076 2452 4129 constituit.
2477 4075 2628 4130 Unde
2650 4077 2751 4144 Q0
2780 4091 2997 4146 quoque
3015 4079 3270 4133 minimus
3290 4081 3530 4138 omnium

1931 4169 2277 4222 minimorum
2327 4167 2562 4230 Domini,
2618 4168 3043 4237 exiguorumque
3078 4169 3443 4237 tenuissimus,
3476 4180 3532 4228 et

1932 4258 2217 4315 infantium
2270 4258 2678 4324 infantissimus,
2729 4258 2902 4315 audeo
2953 4261 3006 4316 in
3037 4275 3225 4316 vocem
3257 4263 3426 4319 laudis
3457 4266 3531 4339 (e)

1933 4366 2243 4422 erumpere,
2285 4351 2485 4421 gratias
2512 4364 2677 4419 agens
2704 4351 2932 4407 Domino
2960 4352 3243 4419 altissimo,
3272 4356 3530 4426 quoniam

1933 4445 2248 4516 mysterium
2301 4443 2518 4514 pictatis
2573 4444 2823 4511 excelsae,
2869 4445 3014 4515 quod
3064 4445 3118 4500 in
3148 4446 3415 4504 thesauris
3440 4466 3531 4506 sa-

1932 4539 2149 4610 pientia:
2175 4555 2284 4595 suae
2308 4539 2544 4594 habebat
2569 4541 2886 4610 repositum,
2919 4541 3158 4611 parvulis
3178 4543 3289 4599 suis
3336 4561 3527 4614 prom-

232 4633 321 4688 tiae
342 4633 557 4698 morbo,
589 4631 722 4690 foris
749 4632 906 4698 altos,
938 4633 1080 4689 intus
1099 4633 1348 4700 obtritos,
1379 4634 1433 4689 in
1461 4635 1689 4691 formam
1737 4654 1830 4694 su-
1855 4614 1910 4676 Ῐ)
1935 4635 2086 4699 serit,
2113 4641 2164 4688 et
2194 4632 2527 4703 sapientibus
2555 4632 2740 4687 mundi
2770 4632 3114 4688 absconderit
3141 4643 3192 4698 γ,
3233 4651 3302 4691 ne
3327 4635 3530 4706 gloria-

234 4723 517 4781 blimitatis
543 4741 653 4781 suae
679 4741 779 4797 per
800 4725 1086 4782 formulam
1109 4734 1312 4782 nostra:
1341 4727 1394 4781 in
1427 4742 1486 4782 se
1513 4729 1834 4788 humilitatis
1936 4737 2087 4786 retur
2116 4728 2204 4784 hic
2222 4726 2453 4782 mundus
2476 4726 2527 4780 in
2552 4741 2772 4781 suorum
2797 4727 3037 4783 vanitate
3063 4727 3406 4798 sapientium,
3433 4748 3531 4802 per

234 4817 531 4874 attolleret.
562 4817 622 4874 In
641 4817 749 4875 hoc
775 4819 920 4874 enim
948 4825 1204 4891 operatus
1231 4827 1316 4876 est
1340 4827 1396 4875 et
1417 4831 1676 4891 operatur
1696 4840 1834 4894 quo-

1936 4837 2099 4892 quam
2129 4819 2317 4875 obfusa
2344 4819 2446 4875 sibi
2471 4817 2700 4887 caligine
2747 4833 2856 4873 non
2885 4828 3183 4889 agnoverat
3207 4822 3531 4892 sapientiam

304 4978 494 5036 llGen.
519 4993 595 5049 vt,
619 4976 654 5032 8
678 4986 733 5034 et
765 4977 1015 5049 vn,l;ll
1038 4977 1154 5035 Pet.
1186 4995 1243 5045 ιι,
1273 4979 1326 5033 5.
1368 4977 1559 5049 lyceo.
1586 4997 1677 5048 xv,
1702 4983 1797 5049 15;

1922 5001 1990 5040 ιιι.
2014 5000 2087 5043 tv,
2111 4981 2167 5033 ll
2195 4998 2208 5042 ;
2232 4978 2348 5032 Gal.
2372 4995 2445 5044 ιιι,
2472 4975 2665 5040 7;.Iac.
2693 4977 2832 5049 11,21
2859 4996 2873 5043 ;
2897 4977 3086 5035 Matth.
3120 4996 3172 5047 v,
3197 4980 3293 5046 l7;
3332 4982 3529 5043 Johan.

235 5067 272 5117 ι,
300 5051 424 5121 l7._
454 5061 495 5121 ξ
519 5048 647 5121 Sap.
682 5048 904 5121 “1,12.
967 5048 1010 5121 _d
1029 5049 1198 5121 Apoc.
1230 5066 1265 5113 ι,
1297 5049 1348 5104 4.
1377 5048 1512 5121 Phil.
1541 5069 1619 5117 ιιι,
1643 5053 1729 5107 21.

235 5121 320 5176 ει.
406 5119 426 5159 ι
453 5119 648 5190 Philip.
675 5136 748 5190 ιι,
783 5120 834 5174 7.

238 5194 250 5242 i
291 5191 575 5262 Philipgt,
596 5189 654 5245 7.
702 5189 727 5229 ι
755 5189 911 5262 Num.
945 5190 1195 5262 “1,22;
1227 5190 1378 5262 Deut.
1408 5208 1464 5262 ιι,
1493 5192 1580 5247 27.

237 5262 322 5317 I6.
416 5258 668 5316 611001³.
708 5259 886 5324 x,15.
962 5271 989 5310 (ι
1019 5260 1064 5314 II
1102 5261 1227 5316 Cor.
1252 5279 1325 5327 vr,
1359 5261 1444 5316 Il.

310 5511 392 5585 (a)
429 5509 510 5566 Ita
531 5525 632 5587 ms.
829 5509 1032 5587 e‘t_edd.
1063 5518 1317 5582 quatuor.
1339 5510 1654 5587 Ed._Rosv.,
1672 5531 1832 5587 genus

240 5580 542 5638 humanum.
574 5580 872 5652 Verissima
886 5580 1045 5637 lectio
1069 5580 1231 5650 quam
1257 5583 1610 5652 restituimus,
1638 5580 1698 5640 ut
1716 5587 1831 5643 cui-

239 5656 319 5710 vis
338 5651 640 5724 attendenti
666 5650 1027 5724 pmcedentja
1047 5661 1103 5724 et
1123 5652 1505 5724 subsequentia
1529 5650 1754 5724 patebit.

179 5705 220 5766 ³ι
243 5705 689 5851 asinam“.
707 5705 772 5778 iet
793 5705 946 5777 ἐδίιῖ
958 5705 1112 5785 ΒΜ..
1128 5705 1142 5706 ⁷“
1154 5705 1320 5777 (καί
1333 5705 1355 5707 ί
1369 5705 1826 5790 arsisti"...

347 5811 389 5850 ει
419 5835 434 5850 .

527 5889 802 5952 Pusam.
852 5885 1017 5949 LXI.

1666 5193 1682 5232 ι
1709 5195 1850 5252 Psal.
1878 5213 1987 5261 xvr,
2009 5195 2092 5247 ll.

1525 5264 1542 5285 '
1569 5263 1587 5317 Ι
1610 5264 1746 5336 Cor.
1780 5284 1818 5336 ι,
1851 5267 1941 5321 2|.
2012 5274 2033 5300 ³
2065 5263 2206 5319 Psal.
2242 5277 2389 5322 LXIII,
2421 5263 2474 5315 ti.

235 5342 260 5368 ν
289 5330 438 5389 Psal.
482 5342 633 5400 um,
658 5332 714 5400 7,
745 5331 798 5386 8.
879 5338 905 5368 κ
932 5330 954 5386 1
983 5331 1110 5388 Cor.
1142 5348 1220 5397 ιιι,
1251 5332 1339 5387 20.
1418 5336 1445 5382 γ
1470 5331 1666 5389 Matth.
1702 5354 1776 5401 xl,
1806 5330 1908 5392 "25.

1813 5067 1836 5094 ο
1865 5057 1992 5125 Sap.
2028 5052 2202 5125 xv,_7_;
2227 5050 2388 5104 Eccli.
2419 5065 2604 5125 igitur,
2638 5050 2732 5125 l5:
2757 5046 2957 5125 Jerem.
2985 5055 3132 5125 svnt,
3158 5046 3230 5125 '67;
3261 5054 3416 5108 Rom.
3454 5075 3529 5119 ix,

913 5130 938 5168 s
967 5118 1115 5193 Psal.
1133 5137 1350 5193 txx_xvn
1374 5162 1388 5187 ,
1424 5120 1474 5175 5.
1509 5192 1512 5193 ν
1555 5123 1579 5160 δ
1602 5124 1721 5178 Isai.
1761 5143 1823 5182 LII

1922 5118 1957 5188 ἵ,
1985 5125 2081 5189 1‘2;
2114 5123 2133 5176 l
2163 5121 2278 5193 Pet.
2314 5137 2370 5193 ιι,
2421 5119 2518 5182 25;
2569 5118 2961 5193 .IttIlRlI;l,_29.

3049 5122 3064 5159 ί
3099 5121 3244 5177 Psal.
3280 5141 3442 5187 Lxxv,
3473 5127 3528 5181 5.

2173 5201 2210 5264 ξπ
2240 5189 2379 5244 Psal.
2409 5208 2555 5264 χχχι,
2583 5191 2651 5264 9._
2698 5188 2914 5264 "_Eccli.
2948 5209 3024 5264 ιιι,
3047 5190 3138 5264 2‘2_.
3185 5204 3208 5228 υ
3243 5193 3401 5248 Rom.
3434 5213 3530 5264 xu,

2562 5266 2582 5303 ί
2619 5260 2760 5316 Psal.
2795 5278 2901 5326 cxr,
2944 5263 2997 5316 4.
3041 5271 3068 5298 ιι
3100 5261 3242 5318 Psal.
3272 5279 3436 5329 Lxxu,
3473 5260 3528 5330 9,

2018 5515 2090 5586 (ε)
2130 5513 2204 5567 Ita
2246 5510 2566 5568 Psalterium
2618 5513 2940 5579 Romanum,
2999 5521 3054 5567 et
3101 5513 3159 5569 S.
3217 5512 3451 5573 Hilarius
3476 5519 3528 5576 iu

1939 5585 2214 5728 Ρδῗᾶξηὲῗὲ
2243 5671 2343 5710 ιιιε.
2378 5654 2551 5709 Vatic.
2581 5663 2637 5711 et
2664 5655 2840 5710 Latin.
2865 5652 3045 5709 Ceteri
3063 5655 3296 5723 codices,
3332 5661 3528 5716 inseru-

1935 5737 2130 5783 tantur.

2006 5801 2079 5870 (ε)
2124 5798 2282 5853 Deest
2309 5797 2423 5867 ejus
2453 5796 2506 5850 in
2531 5793 2690 5850 editis

3116 5886 3152 5944 7
