4078 6352
549 336 648 392 207

1679 335 1736 392 S.
1779 333 2051 389 PAULINI
2089 331 2337 389 NOLANI
2378 331 2655 388 EPISCOP

3721 333 3829 390 9.08

548 451 829 523 epistolam
855 465 1031 506 meam
1055 450 1123 506 ad
1151 448 1316 505 ﬁlium
1346 456 1594 506 nostrum
1623 448 1916 506 Daducium
1944 448 2126 513 etiam,
2157 451 2208 512 Α
2237 446 2367 501 dear
2407 447 2485 502 ~de
2509 446 2592 518 '(d)
2626 446 2946 516 negligentia
2972 448 3049 504 tui
3096 463 3251 505 serus
3296 447 3533 518 audisse,
3561 462 3688 503 cum
3719 448 3842 520 ipsa

551 545 594 598 si
617 544 672 598 in
695 542 880 599 Galliis
909 543 1035 612 agit,
1063 543 1178 598 sine
1207 542 1314 596 ulla
1337 541 1600 596 dilatione
1625 540 1793 597 facias
1822 541 1890 595 ab
1927 541 2138 617 episco-

551 654 621 708 po
644 637 928 692 transmitti
944 652 1040 706 per
1066 629 1390 692 conservum
1421 635 1638 691 ﬁdelem
1666 644 1720 690 et
1749 635 2051 706 impigrum.
2080 632 2138 688 Si

551 729 804 785 clericum
830 728 967 782 forte
995 728 1231 783 noluerit
1265 728 1566 798 occupari,
1617 743 1782 782 unum
1823 727 1890 782 de
1918 725 2139 795 Alingo-

550 819 803 874 nensibus
846 818 1137 888 dignemini
1170 820 1211 851 ¹¹
1238 820 1455 876 mittere
1485 836 1610 876 cum
1641 820 1880 890 epistolis
1919 820 2136 887 vestris,

550 911 741 980 quibus
766 910 956 965 litterze
984 920 1184 966 nostmc
1213 911 1508 980 juventur:
1548 913 1760 982 dignam
1803 913 1946 968 enim
1972 914 2138 968 inter-

550 1008 710 1056 ventu
738 1009 920 1057 vestro
947 1017 1168 1059 causam
1197 1019 1266 1058 ex
1293 1005 1521 1074 epistola
1545 1019 1663 1059 mea
1683 1045 1696 1070 ,
1730 1019 1890 1073 quam
1923 1003 1988 1058 ad
2009 1018 2134 1058 eum

550 1091 680 1157 feci,
708 1094 1067 1163 cognoscetis.
1117 1094 1387 1165 Imprimis
1429 1103 1608 1150 autem
1637 1096 1914 1150 celeritate
1938 1094 2134 1164 agendi

550 1199 686 1256 opus
715 1193 800 1241 est
821 1226 837 1251 ,
887 1194 946 1240 ut
973 1186 1342 1242 sanctissimus
1368 1188 1648 1260 presbyter
1671 1227 1685 1251 ,
1737 1188 1828 1257 qui
1857 1194 1913 1242 et
1943 1188 2050 1241 vita
2081 1195 2138 1243 et

551 1281 709 1331 mtate
756 1277 1076 1332 venerabilis
1121 1279 1262 1343 vim,
1309 1279 1523 1349 qualem
1563 1280 1830 1349 exposui,
1881 1279 2133 1344 sustinet,

553 1371 944 1448 quamprimum
960 1373 1041 1441 ,ab
1061 1371 1355 1426 alienarum
1381 1371 1576 1426 aedium
1605 1373 1797 1427 exsilio
1826 1371 2102 1427 liberetur.

1070 1552 1402 1608 EPISTOLA
1433 1556 1446 1573 ‘
1479 1553 1614 1608 XIII.

551 1662 814 1733 Nupscrat
838 1663 1068 1720 Paulina
1089 1675 1284 1736 sanctae
1311 1666 1496 1720 Paula:
1519 1666 1632 1736 ﬁlia
1664 1665 2135 1736 Pammachiorviro

612 1737 993 1806 proconsulari,
1038 1746 1092 1789 ut
1116 1737 1193 1806 ait
1236 1735 1527 1790 Palladius
1565 1738 1619 1790 in
1652 1735 1896 1806 Lausiac.
1925 1753 1970 1788 c.
2006 1735 2129 1801 122,

613 1805 769 1860 immo
793 1807 1073 1877 secundum
1102 1805 1475 1877 Hieronymum
1523 1809 1670 1877 epist.
1717 1805 1821 1870 ‘26,
1865 1807 2133 1860 consulum

615 1876 900 1948 pronepoti.
935 1877 1170 1948 Hancin
1213 1876 1342 1944 ﬂore
1388 1876 1557 1930 adhuc
1577 1878 1803 1948 juventa:
1830 1877 2127 1948 defunctam

620 1946 982 2019 Pammachius
1009 1947 1181 2001 multis
1203 1958 1499 2019 prosecutus
1530 1946 1772 2019 lacrymis
1792 1989 1806 2013 ,
1829 1946 1986 2019 etiam
2015 1949 2126 2001 lar-

615 2018 840 2086 qissimis
867 2017 921 2072 in
941 2034 1190 2089 pauperes
1204 2016 1548 2088 Veleemosynis
1578 2016 1886 2089 refovebat._
1905 2017 2133 2089 Utroque

613 2105 728 2141 eum
757 2090 964 2142 nomine
990 2087 1054 2142 et
1085 2090 1382 2142 consolatur
1419 2087 1469 2141 et
1497 2087 1821 2142 commendat
1851 2087 2130 2154 Paulinus,

618 2169 831 2213 mortua:
859 2159 1094 2212 laudibus
1126 2157 1340 2212 subinde
1378 2159 1645 2229 inspersis.

620 2303 976 2358 Dilectissimo
999 2301 1075 2373 (a)
1102 2301 1270 2367 lratri,
1312 2302 1504 2357 merito
1526 2301 1852 2372 praedicabili
1881 2309 1937 2357 et
1963 2317 2131 2358 vene-

555 2395 862 2450 rantissimo
892 2405 1191 2449 PAIIACBIO
1218 2393 1313 2462 (V.
1346 2402 1458 2448 not.
1493 2393 1605 2463 52),
1634 2410 1906 2450 pwuxus.

620 2538 665 2591 I.
701 2536 770 2592 Ut
812 2537 1073 2592 hactenus
1103 2537 1310 2592 tacendi
1341 2546 1551 2608 tempus
1592 2547 1618 2577 ³
1648 2553 1883 2608 congrua
1911 2540 2128 2595 humili-

543 2637 652 2684 tate
677 2629 912 2697 servavi,
940 2630 1013 2684 ita
1034 2645 1177 2684 nunc
1197 2629 1372 2685 debita
1395 2632 1618 2686 caritate
1642 2632 1894 2702 loquendi
1916 2640 2129 2703 tempus

541 2721 756 2791 agnovi,
781 2722 946 2776 frater
965 2721 1020 2775 in
1046 2719 1262 2777 Christo
1292 2721 1518 2778 Domino
1535 2724 1856 2779 venerabilis
1883 2733 1932 2780 et
1957 2724 2116 2781 dilec-

542 2814 762 2868 tissime.
810 2812 1038 2884 Scriptis
1083 2815 1227 2868 enim
1281 2815 1451 2870 sancti
1501 2817 1597 2870 viri
1645 2816 1824 2871 fratris
1847 2819 2017 2872 nostri
2048 2817 2125 2888 (b)

541 2905 818 2978 Olympii‘
844 2946 860 2970 ,
903 2908 1203 2963 communis
1257 2909 1531 2976 unanimi,
1565 2924 1735 2978 nuper
1789 2911 1973 2979 accepi
2015 2920 2125 2965 tam

541 2998 871 3068 inopinatum
909 2998 1040 3052 mihi
1066 3014 1227 3068 quam
1256 2999 1554 3069 inoptatum
1596 3000 1673 3053 tui
1713 3001 1958 3055 mmroris
1987 3001 2125 3056 indi-

539 3090 710 3156 cium;
743 3091 798 3145 in
844 3106 952 3160 quo
985 3105 1119 3144 mea:
1150 3090 1244 3144 tibi
1277 3091 1501 3144 tristitia:
1531 3092 1863 3146 consortium
1889 3102 1943 3146 et
1972 3093 2122 3148 vocis

539 3182 771 3238 officium
803 3182 874 3254 (e)
897 3183 1019 3237 dein
1049 3181 1254 3249 defore,
1282 3191 1340 3236 ut
1379 3183 1572 3237 sileant
1599 3185 1792 3253 privati
1821 3186 2018 3240 amoris
2038 3185 2120 3239 af-

539 3275 728 3340 fectus,
759 3278 855 3330 sed
879 3276 1076 3330 caritas
1104 3275 1299 3330 Christi
1325 3275 1534 3330 Domini
1568 3285 1622 3331 et
1650 3276 1746 3330 Dei
1775 3279 1962 3344 nostri,
1993 3279 2116 3347 quia

539 3369 597 3422 in‘
621 3368 736 3437 ipso
780 3367 934 3422 nobis
959 3375 1016 3422 et
1037 3382 1134 3436 per
1184 3366 1376 3437 ipsum,
1410 3375 1468 3420 ut
1497 3369 1652 3423 unius
1679 3371 1921 3440 corporis
1949 3387 2120 3426 mem-

539 3461 654 3521 bra,
687 3459 1086 3527 connectimur,
1119 3475 1224 3513 non
1255 3460 1516 3530 permisit.
1546 3460 1665 3530 Ipse
1704 3463 1845 3515 enim
1877 3478 1974 3517 nos
2013 3463 2154 3535 Do-,

538 3553 711 3606 minus
741 3552 882 3606 Deus
909 3562 1092 3607 noster
1119 3553 1240 3606 vilic
1271 3553 1425 3608 nobis
1464 3555 1666 3623 pariter
1686 3557 1795 3626 66
1821 3564 1876 3610 et
1903 3557 2118 3627 pietatis

537 3645 789 3710 magister
819 3659 914 3713 per
942 3644 1068 3697 illud
1102 3645 1320 3699 ccclcste
1357 3659 1451 3699 vas
1479 3646 1758 3701 electionis
1799 3663 1909 3702 suae
1936 3649 2120 3702 docuit

536 3735 762 3806 gaudere
791 3753 906 3788 cum
929 3735 1289 3806 gaudentibus,
1323 3739 1448 3806 [lere
1471 3754 1586 3790 cum
1607 3737 1847 3806 ﬂentibus
1869 3738 1895 3777 ι’
1913 3782 1926 3805 ,
1957 3741 2120 3794 vicis-

535 3829 741 3895 simque
769 3827 924 3881 nobis
953 3827 1207 3896 compati,
1237 3836 1291 3882 et
1321 3828 1546 3881 invicem
1577 3844 1744 3882 onera
1775 3837 1957 3885 nostra
1987 3847 2113 3902 por-

535 3927 680 3980 tare;
717 3926 787 3986 ⁴ιιι
816 3919 1017 3972 mutuis
1061 3918 1518 3973 consolationibus
1563 3921 1941 3975 roboraremus
1971 3938 2119 3976 com-

535 4026 748 4066 munem
807 4011 996 4075 tidem,
1029 4017 1086 4064 ct
1133 4010 1353 4080 latigata
1397 4019 1617 4080 pectora
1665 4011 1983 4067 foveremus.
2017 4014 2114 4069 Cui

533 4105 739 4160 muneri
787 4103 927 4159 Deus
976 4112 1182 4158 tantum
1231 4105 1396 4172 dedit,
1430 4113 1488 4160 ut
1516 4119 1582 4160 eo
1619 4103 1860 4160 functum
1911 4123 2116 4176 magna:

531 4197 762 4250 civitatis
806 4197 974 4250 instar
1003 4195 1434 4266 amplificandum
1475 4199 1802 4268 promiserit,
1831 4202 2116 4257 enuntians

533 4302 626 4355 per
649 4285 991 4354 Prophetam,
1023 4288 1147 4354 quia
1176 4291 1338 4358 frater
1370 4291 1583 4359 fratrem
1625 4292 1880 4362 adjuvans
1908 4294 2112 4346 exalta-

533 4375 664 4428 bitur
693 4377 824 4428 sicut
847 4377 1025 4428 civitas
1060 4395 1250 4447 magna
1279 4391 1299 4415 σε
1331 4397 1342 4430 :
1377 4380 1623 4434 videlicet
1641 4383 1783 4451 quod
1812 4385 2114 4437 munimen-

533 4475 645 4518 tum
699 4467 888 4519 anima:
957 4465 1228 4521 dimicanti
1288 4469 1520 4524 fraterna
1585 4475 1886 4543 compassio
1940 4475 2113 4540 ferat,

537 4556 803 4624 variisque
848 4559 1044 4612 mentis
1085 4557 1292 4613 amicta:
1336 4561 1576 4628 pulsibus
1620 4565 1771 4632 quasi
1800 4581 1984 4623 murus
2013 4571 2112 4625 ob-

533 4647 708 4700 sistat.

604 4737 650 4789 9.
685 4736 790 4792 Sed
837 4739 882 4794 si
921 4740 1059 4793 forte
1101 4739 1326 4810 idipsum
1353 4743 1520 4814 culpre
1550 4747 1717 4815 magis
1738 4764 1897 4818 quam
1926 4756 2109 4823 gratim

526 4827 812 4897 iudicetur,
843 4830 986 4899 quod
1007 4831 1207 4886 tardius
1231 4832 1418 4902 fungar
1443 4835 1617 4892 oﬂicio
1639 4842 1898 4910 caritatis,
1922 4849 2109 4906 credas

531 4922 689 4976 vclim
740 4923 880 4978 illico
906 4933 963 4978 ut
1005 4927 1333 4994 agnoverim,
1366 4929 1644 4998 scripsisse
1674 4949 1779 4990 me.
1815 4936 1996 5009 Neque
2025 4946 2105 5000 vi—

2242 554 2330 594 me
2351 547 2413 594 'et
2440 539 2543 594 loci
2570 541 2821 606 remotio,
2845 548 2901 594 et
2925 542 3190 612 propositi
3219 542 3356 596 ratio
3384 541 3644 596 defendat
3675 559 3687 592 :
3724 556 3838 610 quo

2243 639 2483 686 secretus
2535 646 2598 686 ac
2646 632 2841 686 tacitus
2882 647 3078 701 agens,
3137 647 3311 702 neque
3366 631 3547 686 videre
3597 633 3701 686 nisi
3753 647 3843 687 ra-

2243 726 2375 779 ros’
2405 725 2846 794 praetereuntium
2876 740 3113 794 possum,
3165 739 3338 795 neque
3386 725 3726 793 interrogare
3772 725 3840 780 de

2242 817 2445 872 sanctis
2489 815 2776 878 fratribus,
2809 816 2910 870 nisi
2940 832 3098 871 caros
3124 816 3248 871 volo
3283 835 3296 870 :
3327 832 3542 887 semper
3573 826 3754 870 tamen
3785 825 3840 872 et

2244 908 2301 963 in
2327 923 2452 964 meo
2479 907 2696 963 silentio
2722 908 2796 962 tui
2822 923 3051 973 memor,
3085 923 3226 962 nunc
3252 915 3311 962 ut
3337 908 3536 963 caritas
3561 909 3840 978 postulare

2241 1002 2354 1056 visa
2385 1009 2486 1069 est,
2533 1008 2783 1072 opertum
2839 1009 3057 1070 pectore
3111 998 3363 1054 ail‘ectum
3391 1000 3610 1062 reclusi,
3642 1008 3699 1053 et
3741 1015 3838 1069 per

2243 1094 2344 1149 has
2383 1093 2448 1147 ad
2475 1101 2528 1147 te
2559 1093 2766 1148 litteras
2815 1092 3038 1162 promsi,
3067 1093 3262 1160 quibus
3315 1092 3382 1145 ad
3430 1101 3675 1147 sanctam
3707 1092 3835 1145 mihi

2242 1187 2650 1242 unanimitatem
2683 1196 2827 1240 tuam
2848 1229 2863 1254 ,
2891 1202 2994 1257 qua
3042 1187 3190 1256 potui
3245 1187 3329 1240 via
3377 1185 3654 1256 profectus
3685 1202 3833 1252 sum;

2241 1279 2368 1347 quia
2392 1292 2501 1332 non
2530 1277 2685 1347 potui
2714 1277 2900 1332 iisdem
2929 1289 3128 1348 corpus
3157 1285 3212 1332 et
3238 1278 3475 1332 animum
3505 1293 3688 1332 meum
3719 1278 3833 1332 lini-

2240 1374 2341 1428 bus
2369 1373 2666 1437 continere,
2699 1387 2820 1427 cum
2841 1387 2991 1437 caro,
3020 1379 3078 1426 ιιι
3105 1387 3338 1443 semper,
3362 1371 3571 1426 infirma
3602 1387 3703 1442 per
3723 1372 3837 1427 hie-

2241 1481 2384 1520 mem
2414 1465 2626 1534 longius
2655 1465 2985 1520 commoveri
3015 1471 3262 1531 negaret;
3293 1473 3348 1518 et
3374 1464 3466 1532 qui
3494 1479 3715 1534 semper
3753 1473 3835 1518 est

2241 1555 2508 1626 promtior
2527 1555 2747 1625 spiritus
2773 1553 3103 1610 ferventibus
3145 1553 3210 1608 ad
3242 1563 3295 1609 te
3323 1554 3605 1609 desideriis
3651 1555 3834 1610 evola-

2241 1655 2325 1702 ret
2353 1646 2412 1714 d;
2447 1656 2505 1702 ut
2551 1663 2711 1718 quem
2741 1663 2970 1718 corpore
3012 1663 3120 1702 non
3150 1647 3430 1714 tenebam,
3458 1657 3640 1704 mente
3679 1663 3832 1702 com-

2242 1742 2527 1813 plecterer.
2551 1741 2776 1796 Cucurri
2800 1740 2960 1810 igitur
2990 1741 3041 1794 in
3070 1740 3158 1794 siti
3187 1739 3572 1794 desideriorum
3600 1739 3667 1794 ad
3696 1748 3751 1794 te
3771 1749 3830 1806 ο,

2163 1838 2212 1899 Β
2238 1835 2310 1889 ιιιί
2337 1834 2504 1890 frater
2526 1835 2580 1888 in
2609 1834 2826 1890 Christo
2854 1833 3106 1888 unanime
3133 1841 3294 1903 atque
3322 1833 3671 1901 venerabilis,
3707 1841 3762 1887 et
3786 1833 3829 1888 si

2237 1943 2326 1982 me
2354 1927 2588 1982 vicissim
2617 1926 2842 1982 intueris
2863 1927 3062 1991 animo,
3089 1933 3266 1981 tecum
3287 1940 3406 1980 esse
3433 1940 3522 1979 me
3556 1933 3734 1980 totum
3752 1925 3829 1979 vi-

2233 2020 2385 2075 debis
2413 2030 2467 2074 et
2495 2019 2715 2074 senties.
2741 2018 2872 2072 Nam
2893 2019 2938 2075 si
2968 2033 3152 2072 verum
3185 2018 3314 2072 illud
3344 2027 3447 2081 est,
3479 2033 3642 2072 sensu
3680 2019 3700 2048 ³
3728 2035 3826 2074 nos

2235 2113 2417 2184 potius
2443 2113 2626 2167 videre
2653 2120 2709 2167 et
2737 2111 2941 2177 audire,
2991 2119 3140 2167 certe
3185 2113 3374 2166 adsum
3406 2111 3499 2166 tibi
3527 2121 3584 2167 et
3617 2114 3826 2182 potiore

2236 2206 2342 2261 mei
2375 2214 2548 2276 parte,
2577 2220 2699 2260 cum
2729 2205 2909 2274 animo
2930 2205 2996 2259 ad
3019 2214 3072 2260 te
3101 2205 3341 2260 venerim
3369 2222 3381 2257 :
3411 2220 3518 2274 quo
3544 2205 3648 2259 nisi
3683 2205 3823 2260 adsi-

2234 2315 2374 2365 mus,
2407 2298 2475 2369 (e)
2525 2298 2614 2353 ubi
2643 2299 2806 2354 etiam
2847 2314 3077 2369 corpore
3105 2299 3449 2365 intersumus,
3479 2301 3822 2368 prtesenliam

2235 2408 2342 2446 non
2368 2393 2679 2462 probamus,
2710 2408 2880 2447 vacua
2909 2392 3078 2448 nostri
3109 2392 3363 2460 imagine,
3404 2393 3603 2446 mentis
3630 2394 3822 2448 absen-

2233 2483 2328 2538 tia.
2361 2483 2720 2548 Quamobrem
2749 2483 3017 2552 signatum
3046 2483 3293 2538 amicitia:
3321 2498 3516 2537 munus
3564 2483 3821 2553 impendi,

2233 2575 2300 2645 (Γ)
2333 2582 2622 2644 aptumque
2644 2583 2827 2630 nostra
2857 2574 2960 2630 fide
2988 2573 3090 2630 feci
3109 2615 3123 2640 ,
3150 2583 3208 2628 ut
3229 2583 3282 2630 te
3311 2574 3537 2645 spiritali
3564 2575 3716 2630 aditu
3747 2576 3821 2630 vi-

2231 2664 2472 2720 sitarem.
2507 2664 2656 2721 Hanc
2680 2666 2748 2721 de
2793 2674 2845 2721 te
2873 2666 3099 2721 invicem
3129 2667 3356 2734 gratiam
3380 2681 3564 2736 quaeso
3586 2682 3818 2730 merear,

2231 2763 2291 2809 ut
2319 2762 2373 2809 tu
2405 2771 2620 2825 quoque
2650 2771 2735 2812 me
2757 2757 3099 2811 interioribus
3119 2756 3303 2810 videns
3325 2757 3516 2820 oculis,
3542 2765 3815 2826 tamquam

2231 2844 2532 2900 adstantem
2562 2847 2826 2914 cominus,
2855 2855 2910 2901 et
2938 2861 3120 2901 coram
3162 2846 3470 2915 loquentem
3501 2855 3555 2900 et
3575 2848 3812 2902 coanhe—

2229 2936 2428 2992 lantem
2457 2937 2789 2992 anxietudini
2820 2945 2922 2992 ture
2946 2938 3012 2992 de
3040 2938 3358 2992 necessitate
3402 2940 3708 3001 communi,
3731 2940 3815 2994 vel

2228 3029 2501 3098 patientia:
2521 3029 2984 3098 congratulantem
3004 3029 3071 3083 de
3092 3043 3186 3099 spe
3201 3029 3342 3095 fidei,
3360 3030 3413 3084 in
3439 3031 3543 3085 hoc
3562 3045 3814 3087 sermone

2228 3122 2489 3190 suscipias
2516 3122 2718 3190 pariter
2747 3129 2909 3190 atque
2941 3122 3256 3191 conspicias.
3290 3121 3482 3176 Sermo
3529 3123 3675 3176 enim
3716 3123 3813 3177 viri

2148 3204 2196 3269 C
2226 3211 2421 3266 mentis
2449 3219 2533 3265 est
2574 3212 2868 3281 speculum.
2901 3211 3034 3266 Nam
3063 3221 3117 3266 et
3141 3213 3255 3281 ipse
3283 3211 3377 3267 Dei
3408 3229 3588 3268 sermo
3611 3213 3811 3268 confir-

2222 3310 2354 3367 mat,
2380 3303 2505 3371 quia
2532 3320 2596 3357 επ
2617 3303 2938 3358 abundantia
2969 3304 3140 3358 cordis
3162 3321 3220 3359 os
3249 3305 3502 3376 loquitur,
3531 3315 3578 3358 et
3603 3307 3812 3361 thesau-

2221 3412 2308 3448 rus
2350 3397 2568 3465 pectoris
2593 3395 2904 3466 vpublicatur
2944 3397 3143 3468 eloquio
3183 3395 3233 3448 τ.
3263 3396 3342 3450 0b
3369 3397 3472 3451 hoc
3501 3398 3554 3451 in
3583 3399 3813 3453 veritate

2219 3501 2323 3556 qua
2350 3495 2553 3542 stamus
2578 3487 2631 3541 in
2651 3485 2885 3553 Christo,
2912 3503 3226 3558 expressum
3254 3491 3358 3561 67
3385 3491 3467 3544 bis
3490 3491 3586 3544 tibi
3617 3491 3811 3547 litteris

2219 3579 2458 3634 animum
2489 3593 2667 3634 meum
2694 3581 2936 3649 suscipe;
2963 3595 3063 3635 nec
3095 3581 3217 3636 volo
3248 3581 3537 3636 amicitiam
3563 3592 3808 3638 nostram

2219 3679 2468 3740 tempore
2515 3671 2774 3726 metiaris.
2827 3671 2944 3726 Non
2978 3673 3122 3727 enim
3151 3673 3286 3740 haec,
3317 3682 3376 3727 ut
3415 3675 3675 3730 secularis
3703 3685 3809 3740 est,

2219 3778 2336 3831 qua:
2361 3777 2456 3832 spe
2485 3763 2678 3833 saepius
2702 3779 2862 3832 quam
2895 3762 2996 3818 ﬁde
3025 3765 3261 3834 paritur;
3293 3765 3386 3820 sed
3415 3767 3672 3836 spiritalis
3697 3768 3806 3831 illa,

2217 3869 2337 3922 qua:
2383 3852 2495 3908 Deo
2547 3861 2769 3909 auctore
2825 3864 3132 3922 generatur,
3165 3864 3221 3911 et
3269 3871 3462 3910 arcana
3520 3858 3809 3926 Spii'ituum

2217 3944 2572 4012 germanitate
2601 3945 2874 3998 coalescit.
2905 3945 3022 4010 Quo
3075 3945 3134 3999 fit
3153 3985 3169 4010 ,
3197 3957 3255 4000 ut
3282 3962 3390 4000 non
3437 3947 3808 4003 diuturnitatis

2218 4051 2313 4089 usu
2362 4043 2569 4092 crescat
2597 4036 2662 4090 ad
2691 4051 2958 4100 amorem,
2991 4053 3164 4106 neque
3189 4037 3495 4092 documenti
3521 4050 3801 4109 exspecta-

2217 4127 2364 4181 tione
2391 4126 2656 4196 pendeat;
2685 4127 2798 4190 sed,
2832 4135 2892 4180 ιιι
2922 4126 3026 4180 filia
3052 4127 3296 4181 veritatis
3321 4127 3539 4194 dignum
3570 4137 3675 4191 est,
3701 4139 3807 4182 sta-

2219 4219 2311 4272 tim
2360 4218 2511 4272 lirma
2553 4227 2608 4272 et
2635 4232 2826 4287 magna
2854 4226 3132 4283 noscatur;
3159 4219 3283 4288 quia
3316 4218 3384 4272 de
3429 4219 3592 4288 pleno
3616 4221 3806 4292 incipit

2217 4319 2333 4364 orta
2363 4325 2458 4378 per
2484 4308 2757 4364 Christum

2289 4402 2340 4454 5.
2375 4399 2485 4454 Hac
2515 4402 2675 4469 igitur
2703 4411 2755 4457 te
2779 4405 3001 4458 caritate
3021 4406 3334 4473 complexus
3365 4404 3437 4458 ita
3458 4421 3711 4470 veneror,
3749 4419 3807 4463 ut

2219 4490 2514 4544 membrum
2536 4489 2762 4556 Christi;
2788 4493 2860 4547 ita
2887 4493 3071 4562 diligo,
3102 4504 3160 4549 ut
3187 4510 3470 4550 commune
3497 4499 3807 4556 membrum

2140 4573 2194 4634 D
2218 4598 2413 4636 meum.
2440 4582 2721 4650 Quomodo
2750 4586 2892 4640 enim
2930 4603 3035 4642 non
3058 4603 3164 4642 una
3184 4603 3354 4653 mens,
3380 4590 3572 4656 quibus
3600 4606 3704 4644 una
3743 4595 3808 4642 Ii-

2215 4675 2348 4728 des?
2377 4675 2656 4741 Quomodo
2678 4693 2784 4730 non
2816 4694 2956 4732 unus
2985 4679 3218 4743 animus,
3242 4680 3434 4749 quibus
3459 4697 3594 4736 unus
3620 4681 3809 4737 Deus!

2215 4768 2292 4822 Ac
2339 4783 2436 4837 per
2479 4768 2581 4823 hoc
2627 4770 2898 4840 quomodo
2925 4770 3193 4826 diversum
3236 4781 3424 4842 pectus
3451 4773 3520 4829 sit
3551 4774 3602 4828 in
3633 4776 3809 4830 θῆρας

2216 4861 2362 4914 tione
2389 4860 2672 4925 tolerandi,
2696 4862 2887 4930 quibus
2909 4845 3110 4932 corpus
3152 4879 3316 4917 unum
3345 4871 3428 4918 est
3454 4864 3508 4918 in
3537 4879 3809 4934 compago

2214 4952 2507 5007 credendi?
2535 4951 2674 5008 Vere
2700 4953 2842 5017 dico,
2872 4963 2927 5008 et
2956 4971 3062 5010 non
3090 4955 3346 5024 mentior,
3375 4956 3500 5010 dum
3530 4957 3698 5011 animi
3729 4959 3806 5012 tui

605 5114 626 5141 ³
649 5102 825 5160 Ecclc.
859 5124 934 5169 ιιι,
969 5109 1018 5162 7.
1062 5108 1254 5165 bRom.
1278 5129 1370 5177 xu,
1407 5115 1490 5169 15.
1541 5117 1736 5174 cProv.
1765 5139 1910 5193 xvm,
1940 5128 2023 5182 i9.
2062 5129 2395 5197 dMatth.26,
2429 5131 2514 5186 41.
2553 5131 2856 5198 ePsal.l.x1,
2877 5131 2928 5186 5.
2973 5132 3311 5204 fMatth.xu,
3337 5134 3590 5201 54;Luc.
3618 5152 3690 5201 vi,
3720 5138 3804 5192 ιδ.

601 5260 615 5276 ⁶
638 5257 783 5347 tilias
909 5270 963 5315 et.
991 5263 1224 5347 35;tp_ars
1251 5268 1315 5333 2;
1349 5285 1466 5338 quac
1497 5282 1674 5328 autem
1706 5275 1769 5329 I5
1796 5289 1935 5347 erat,
1963 5298 2102 5340 nunc

533 5327 612 5382 I7.
646 5330 855 5398 Scripta
883 5347 1024 5386 anno
1055 5327 1156 5387 597
1183 5327 1430 5394 exeunte

599 5401 673 5468 (a)
706 5401 840 5483 ﬁdit.
872 5401 1070 5483 CiliL".,
1107 5403 1325 5483 Domino
1355 5411 1536 5483 merito
1568 5417 1888 5483 prardicabili
1923 5433 1971 5475 et
2002 5423 2095 5478 Ito-

528 5472 758 5543 noranth
780 5475 931 5543 fratri
962 5473 1316 5539 Pammachio,
1350 5472 1615 5536 Paulinus.

1208 5549 1308 5602 Alii
1330 5551 1551 5633 Epdiccs
1601 5557 1800 5613 addunt
1841 5565 2092 5633 episcopi,

526 5615 618 5688 sed
650 5608 1158 5688 frus-tra.Vidc_Vit.
1184 5635 1300 5688 cap.
1329 5621 1412 5683 52,
1445 5639 1496 5676 n.
1537 5623 1580 5676 I.

529 5678 1001 5802 Cigtltﬁdddiilitnus
1048 5689 1163 5741 dein
1214 5678 1268 5746 ei
1314 5678 1410 5744 sed
1455 5709 1519 5746 ex
1577 5712 1674 5751 ms.
1710 5697 1838 5768 Reg.
1875 5710 1928 5755 ct
1956 5701 2088 5758 edit.

2283 5290 2358 5367 _(d)
2393 5289 2466 5367 Ita
2499 5305 2597 5344 ms.
2627 5288 2759 5367 Reg.
2792 5299 2853 5367 et
2870 5289 2996 5345 edit.
3029 5289 3262 5367 Chifllet.
3296 5293 3434 5367 Ante
3461 5304 3580 5350 erat
3615 5295 3804 5367 Nequa

2207 5361 2381 5414 ridear
2414 5361 2477 5413 de
2507 5370 2554 5413 te
2579 5361 2889 5432 negligentia
2918 5378 3031 5414 mea
3058 5364 3223 5417 serius
3252 5365 3474 5418 audisse.

2279 5455 2348 5526 (e)
2397 5453 2486 5510 Sic
2516 5469 2613 5509 ms.
2645 5454 2776 5523 Reg.
2809 5467 2863 5510 et
2905 5457 3033 5510 edit.
3063 5455 3294 5512 Chifllet.
3330 5458 3452 5524 Alii,
3482 5469 3604 5515 ut...
3632 5463 3800 5518 inter-

2200 5527 2378 5579 simus.

2279 5616 2347 5690 ff)
2379 5615 2820 5690 Itareposuimus
2866 5634 2932 5673 ex
2979 5635 3075 5673 ms.
3126 5619 3255 5690 Reg.
3290 5631 3342 5676 et
3385 5621 3514 5676 edit.
3546 5621 3733 5678 Chilﬂt
3759 5636 3798 5684 t.

2210 5685 2353 5740 Alias
2369 5727 2383 5752 ,
2417 5687 2645 5758 dignum.
