4078 6352
258 414 356 470 209

1625 408 1959 468 EPISTOLA
1997 410 2129 469 Xlll.

3429 419 3537 477 210

257 537 429 585 motus
451 527 656 597 cogito,
704 544 826 585 mea
869 542 1085 600 quoque
1130 541 1340 584 viscera
1365 528 1545 584 sentio
1598 527 1845 598 suspiriis
1871 530 1925 591 Α
1949 530 2198 601 changeli
2250 547 2386 590 voce
2440 534 2720 601 laudatus;
2750 536 2893 608 quod
2940 537 3260 608 praetulisset
3306 536 3536 609 prandio

257 619 354 675 tuis
381 620 539 688 duci;
563 629 638 687 et,
669 629 731 676 ut
756 636 883 677 vere
920 619 1138 676 socialia
1189 619 1432 676 membra
1452 660 1469 687 ,
1497 618 1737 675 vulneris
1764 619 1842 673 tui

258 712 446 769 dolore
472 714 689 784 conligi.
722 712 1056 783 Quamquam
1082 729 1170 769 me
1198 730 1307 770 non
1345 713 1524 770 minus
1550 713 1846 784 prudentiae

255 813 306 860 et
334 803 593 873 ﬁdeituae
612 805 881 877 reputatio
907 806 1133 873 reficiat,
1154 820 1318 877 quam
1361 804 1526 862 afﬁcit
1549 820 1679 862 cura
1702 820 1846 862 ma:-

254 896 408 953 roris.
442 895 685 967 Denique
714 896 1056 954 addubitasse
1103 913 1193 954 me
1220 896 1413 966 fateor,
1444 907 1627 953 utrum
1654 906 1846 955 maesta

254 1002 351 1059 pro
378 1001 505 1043 meo
534 986 735 1048 aﬂ'ectu
760 988 895 1057 tibi,
926 1004 996 1044 an
1024 990 1206 1060 potius
1254 988 1581 1060 gratulantia
1625 1003 1728 1059 pro
1755 997 1847 1044 tua

254 1076 355 1133 ﬁde
383 1078 546 1133 verba
572 1078 891 1149 praeberem.
921 1078 1058 1134 Nam
1086 1090 1148 1135 ut
1172 1079 1548 1136 evocationem
1577 1078 1645 1134 ad
1678 1077 1849 1134 Deum

252 1177 451 1225 sanctae
479 1170 683 1227 sororis
710 1186 867 1238 meae,
899 1172 974 1226 ita
995 1171 1340 1228 devotionem
1367 1171 1582 1243 pietatis
1612 1171 1667 1226 in
1688 1169 1847 1225 Chri-

254 1269 338 1316 sto
364 1269 475 1316 tuae
498 1262 704 1333 pariter
728 1263 942 1331 audivi;
968 1263 1073 1320 isto
1101 1264 1269 1320 etiam
1316 1262 1722 1335 patrefamilias,
1751 1277 1851 1334 per

253 1364 416 1420 quem
460 1354 671 1425 scripsi,
703 1354 975 1411 indicante
1021 1355 1362 1426 prudentiam
1409 1364 1467 1411 et
1505 1356 1849 1413 sanctitatem

251 1458 392 1498 verae
441 1445 493 1500 in
539 1444 825 1517 coniugem
865 1447 1193 1518 (Paulinam)
1225 1448 1464 1505 caritatis
1508 1455 1647 1515 tum;
1679 1462 1840 1518 quam

252 1549 364 1591 non
388 1550 615 1592 vacuam
634 1536 872 1604 ﬂetibus,
899 1546 959 1594 ut
984 1540 1217 1595 maxima
1238 1555 1366 1610 pars
1389 1539 1721 1606 mortalium,
1749 1554 1842 1615 ne-

250 1638 357 1693 que
382 1641 542 1694 vano,
571 1634 631 1681 ut
657 1628 772 1699 spei
800 1637 996 1685 nostra:
1025 1638 1275 1701 expertes
1301 1630 1496 1695 solent,
1527 1645 1849 1701 pomparum

256 1713 503 1770 inanium
531 1716 740 1798 honore
766 1719 1053 1774 comitatus
1079 1734 1168 1787 es;
1196 1719 1292 1776 sed
1318 1720 1571 1776 remediis
1597 1720 1850 1776 salutari-

248 1804 356 1863 bus
384 1814 441 1863 et
462 1807 594 1864 vivis
623 1808 700 1881 (a)
731 1810 987 1881 operibus
1008 1852 1023 1877 ,
1055 1810 1159 1866 boc
1203 1820 1310 1882 est,
1338 1811 1695 1884 eleemosynis
1718 1828 1848 1884 pro-

1949 638 2049 679 suo
2076 626 2328 696 pauperis
2366 627 2716 699 sepulturam.
2746 637 2772 676 8
2800 628 3083 699 Negligens
3108 630 3253 685 enim
3297 630 3535 697 ventris;

1948 717 2073 789 quia
2121 718 2348 790 diligens
2385 720 2598 789 animm,
2639 721 2826 777 maluit
2852 737 3081 794 corpore
3129 722 3333 779 esurire
3376 738 3538 795 quam

1949 811 2175 881 spiritu;
2206 819 2264 868 ut
2288 813 2444 869 nobis
2461 827 2679 883 quoque
2706 822 2852 869 esset
2891 814 3164 885 exemplo,
3194 830 3301 885 quo
3327 830 3541 886 praeop-

1950 912 2129 961 temus
2173 905 2422 976 jejunare
2449 906 2572 962 cibo
2600 907 2798 973 carnis,
2844 915 2903 961 ut
2955 908 3291 962 saturitatem
3345 909 3540 963 animae

1950 998 2314 1055 conferamus.
2343 996 2522 1066 Quare
2576 999 2717 1055 bona
2772 999 2963 1068 religio
3015 999 3325 1070 sepulturae.
3376 999 3540 1056 Bonae

1951 1090 2203 1162 lacrymae
2228 1092 2486 1159 caritatis,
2520 1091 2573 1146 in
2602 1091 2797 1160 quibus
2832 1099 2988 1162 pater
3016 1091 3286 1148 Abraham
3308 1101 3538 1148 matrem

1952 1184 2392 1256 repromissionis
2417 1183 2622 1241 eduxit.
2649 1184 2812 1239 Bonae
2840 1183 3091 1257 lacryma:
3137 1184 3377 1255 pietatis,
3405 1198 3539 1253 quas

1951 1276 2152 1350 Ioseph
2198 1278 2377 1348 justus
2429 1279 2689 1351 impendit
2733 1280 2870 1351 patri
2899 1278 2926 1317 ιι
2949 1320 2962 1334 .
2998 1278 3161 1335 Bonae
3187 1287 3242 1334 et
3286 1279 3539 1351 lacrymae

1953 1370 2240 1438 orationis,
2260 1371 2455 1441 quibus
2473 1378 2529 1427 et
2559 1371 2727 1426 David
2753 1378 2978 1426 stratum
3007 1387 3162 1426 suum
3186 1387 3284 1442 per
3303 1371 3540 1439 singulas

1952 1470 2144 1519 noctes
2191 1464 2402 1533 rigabat
2434 1463 2488 1517 ί.
2541 1463 2649 1519 Sed
2694 1464 2823 1534 quid
2876 1473 3184 1521 sanctorum
3232 1466 3539 1521 mortalium

1953 1552 2238 1624 praedicem
2294 1552 2487 1609 ﬂetus?
2532 1554 2706 1610 Flevit
2734 1564 2789 1610 et
2835 1554 2989 1611 Jesus
3036 1556 3267 1613 amicum
3303 1557 3316 1607 i
3347 1600 3363 1626 ,
3404 1558 3541 1613 haue

1952 1644 2115 1700 etiam
2145 1644 2454 1715 passionem
2485 1643 2554 1700 de
2584 1653 2768 1701 nostra
2815 1645 3133 1702 infelicitate
3184 1646 3453 1716 dignatus,
3486 1658 3543 1703 ut

1951 1745 2171 1792 mortuo
2203 1737 2278 1809 (c)
2309 1735 2622 1792 infunderet
2667 1735 2964 1808 lacrymas;
2993 1744 3049 1792 et
3068 1751 3230 1806 quem
3254 1739 3542 1793 resuscita-

1951 1837 2107 1884 turus
2134 1836 2251 1885 erat
2268 1829 2468 1885 virtute
2487 1828 2688 1895 divina,
2717 1826 3029 1883 inﬁrmitate
3048 1827 3257 1897 lugeret
3275 1828 3504 1882 humana
3525 1846 3538 1894 ;

247 1907 493 1967 secutus,
527 1901 711 1958 debito
741 1902 928 1959 ordine
950 1903 1183 1974 primum
1212 1918 1340 1960 caro
1368 1904 1543 1961 funeri
1566 1904 1712 1975 justa
1732 1921 1849 1977 per-

1953 1921 2085 1978 licet
2107 1922 2162 1977 in
2192 1922 2285 1978 illo
2305 1937 2412 1978 uno
2440 1930 2610 1978 totam
2638 1921 2796 1977 simul
2825 1920 3189 1977 conditionem
3216 1922 3425 1989 generis
3450 1922 3541 1976 bu-

244 1992 488 2060 solvens,
519 1994 621 2064 piis
642 1995 893 2067 lacrymis
920 2003 977 2052 et
1004 1996 1155 2067 largo
1176 1998 1415 2054 caritatis
1447 2015 1572 2055 rore
1598 1997 1848 2071 perfusus

245 2083 324 2155 (b)
360 2084 666 2168 religiosius
685 2087 971 2157 exsequias
991 2088 1286 2145 honorasti.

312 2175 375 2231 4.
408 2177 596 2249 Itaque
623 2180 778 2237 istius
805 2182 1021 2253 pietatis
1045 2184 1098 2238 in
1146 2191 1200 2240 te
1228 2200 1365 2255 opus
1406 2193 1533 2240 ante
1579 2184 1844 2254 laudabo;

241 2284 376 2326 nam
397 2270 450 2327 id
478 2287 696 2343 quoque
721 2274 835 2332 Deo
875 2275 1135 2347 placitum
1163 2286 1431 2335 monstrat
1458 2277 1739 2351 Scriptura
1761 2280 1847 2337 di-

239 2362 397 2431 vina,
421 2379 545 2419 cum
569 2365 700 2421 dicit
724 2384 736 2419 :
770 2365 881 2421 Fili
905 2369 1102 2438 produc
1131 2370 1389 2442 lacrymas
1415 2372 1469 2426 in
1486 2381 1693 2434 mortuo
1714 2371 1737 2405 δ
1760 2415 1776 2441 ,
1797 2386 1849 2429 et

239 2458 399 2525 quasi
419 2456 537 2511 dira
566 2476 750 2529 passus
771 2461 940 2529 incipe
954 2461 1183 2534 plorare,
1212 2472 1386 2537 etnon
1406 2464 1663 2536 despicias
1685 2467 1853 2538 sepul-

244 2557 427 2604 turam
457 2549 596 2606 illius
626 2561 675 2607 ι.
707 2551 949 2622 Denique
976 2555 1293 2624 patriarchae
1318 2558 1489 2611 nostri
1517 2556 1678 2625 hujus
1706 2572 1847 2627 quo-

238 2657 356 2713 que
381 2643 662 2712 religionis
690 2646 940 2717 exemplo
966 2656 1111 2703 sunt.
1137 2646 1271 2703 Nam
1296 2657 1451 2719 pater
1472 2648 1594 2705 ﬁdei
1622 2657 1850 2705 matrem

235 2735 553 2791 vocationis
581 2745 781 2793 nostrae
820 2736 1009 2793 Saram
1037 2754 1191 2794 suam
1242 2737 1390 2794 ﬂevit
1416 2737 1443 2778 δ
1462 2780 1477 2806 ,
1509 2755 1618 2794 non
1665 2739 1854 2808 utique

237 2824 550 2882 difﬁdentia
573 2828 915 2898 recipiendae,
942 2829 1038 2885 sed
1059 2843 1372 2899 praegressae
1393 2829 1680 2885 desiderio.
1706 2828 1854 2897 Quo-

237 2918 423 2973 modo
449 2917 593 2972 enim
622 2921 1006 2975 resurrectioni
1035 2919 1303 2975 diuideret
1326 2919 1452 2977 ﬁdei
1479 2929 1653 2991 pater,
1685 2928 1740 2978 et
1761 2936 1851 2977 re-

236 3008 634 3077 promissionis
664 3010 840 3064 beata:
867 3011 1072 3080 primus
1100 3010 1354 3066 auditor?
1382 3011 1526 3067 Idem
1546 3020 1729 3068 tamen
1758 3013 1853 3069 hu-

231 3099 531 3155 manitatis
574 3114 803 3168 memor,
836 3117 944 3157 non
972 3104 1178 3173 sprevit
1205 3103 1450 3173 corporis
1469 3118 1654 3158 curam
1682 3119 1848 3175 prop-

236 3196 333 3245 ter
354 3188 552 3243 animae
579 3190 953 3257 securitatem;
983 3192 1076 3247 sed
1100 3200 1248 3248 emto
1266 3192 1334 3248 ad
1352 3193 1663 3262 sepulcrum
1687 3208 1842 3262 agro,

1905 2086 1911 2093 Α
1950 2014 2096 2069 mani
2123 2013 2429 2069 misericors
2458 2021 2514 2070 et
2539 2013 2828 2069 miserator
2874 2012 3134 2068 Dominus
3184 2012 3542 2084 deploraverit

1950 2118 2008 2230 ft
2060 2105 2164 2231 illi:
2192 2105 2441 2178 lacrymis
2470 2106 2549 2177 (ά)
2593 2104 2787 2176 quibus
2813 2112 3039 2176 peccata
3074 2112 3260 2162 nostra
3313 2105 3460 2162 flevit
3488 2114 3543 2161 et

1971 2192 2119 2231 aven
2148 2215 2162 2231 .

1971 2192 2162 2233 avent.

2021 2266 2074 2324 5.
2125 2266 2331 2323 Idcirco
2355 2276 2411 2323 et
2458 2276 2581 2334 tuae,
2606 2266 2791 2334 frater,
2823 2266 3076 2340 lacrymae
3101 2275 3301 2323 sanctae
3328 2274 3385 2322 et
3411 2267 3539 2338 piae,

1950 2358 2078 2431 quia
2118 2357 2277 2414 simili
2306 2356 2593 2413 aﬁ'ectione
2619 2365 2926 2425 manarunt,
2951 2366 3009 2414 et
3034 2356 3249 2428 dignam
3278 2358 3412 2414 casti
3441 2374 3538 2413 cu-

1950 2452 2074 2507 bilis
2103 2451 2301 2506 ﬂevere
2321 2458 2652 2518 consortem,
2670 2467 2778 2506 non
2799 2450 3093 2505 difﬁdentia
3115 2451 3542 2516 resurrectionis,

1953 2542 2050 2597 sed
2076 2540 2345 2596 desiderio
2383 2541 2643 2596 caritatis.
2696 2540 2889 2595 Mulier
2916 2542 3060 2595 enim
3107 2551 3257 2610 grata
3285 2544 3302 2573 ⁷
3330 2542 3543 2596 suscitat

1954 2635 2064 2689 uiro
2083 2633 2304 2705 gloriam
2333 2630 2358 2669 ¹ι
2390 2648 2514 2688 cum
2546 2639 2775 2697 tenetur,
2807 2639 2969 2702 atque
2992 2631 3113 2686 ideo
3134 2633 3358 2687 suscitat
3377 2639 3435 2686 et
3451 2633 3545 2688 de-

1955 2723 2212 2780 siderium
2252 2737 2374 2777 cum
2402 2720 2764 2792 praemittitur.
2791 2719 2989 2775 Verum
3021 2721 3131 2788 illa,
3163 2729 3224 2776 ut
3269 2720 3369 2776 fuit
3397 2736 3542 2778 sem-

1956 2828 2075 2885 per,
2107 2812 2182 2867 ita
2211 2820 2267 2867 et
2298 2813 2401 2867 erit
2427 2814 2481 2867 in
2509 2822 2809 2884 perpetuum
2828 2829 3022 2867 corona
3050 2813 3159 2868 viro
3178 2829 3271 2869 suo
3298 2811 3341 2880 Ι,
3364 2822 3419 2869 et
3438 2822 3541 2871 non

1956 2906 2286 2980 extinguetur
2307 2906 2515 2960 lucerna
2540 2905 2702 2977 ejus'n
2728 2923 2741 2958 :
2760 2905 2992 2959 extendit
3018 2905 3180 2972 enim,
3201 2913 3261 2961 ut
3283 2907 3541 2979 scriptum

1954 3008 2058 3062 est,
2082 3000 2295 3054 brachia
2317 3014 2413 3054 sua
2432 2997 2501 3051 ad
2528 3002 2689 3069 opera
2727 2998 2894 3064 utilia,
2917 3015 2976 3053 os
2997 3014 3145 3053 suum
3185 3001 3386 3072 aperuit
3411 3017 3538 3072 pru-

1953 3094 2135 3148 denter
2162 3093 2184 3125 ⁸
2213 3100 2239 3128 ι’
2257 3129 2272 3157 ,
2304 3100 2520 3163 operata
2544 3099 2621 3144 est
2642 3090 2749 3146 viro
2768 3107 2862 3145 suo
2882 3089 3047 3158 bona;
3067 3092 3237 3162 gloria
3259 3100 3314 3148 et
3334 3093 3541 3151 honore

1952 3186 2234 3244 coronavit
2261 3193 2336 3249 te,
2369 3193 2429 3238 ut
2449 3182 2840 3254 jucundaretur
2864 3192 3041 3240 tecum
3072 3184 3125 3239 in
3149 3184 3336 3242 diebus
3360 3187 3540 3242 novis-

237 3288 519 3336 mortuam
564 3296 718 3337 suam
766 3284 1002 3353 pretiosa
1052 3284 1181 3339 sede
1217 3286 1522 3356 composuit
1544 3296 1602 3352 c;
1635 3286 1839 3343 docens
1867 3296 1916 3362 ο
1951 3278 2129 3345 simis;
2160 3286 2218 3333 et
2259 3277 2329 3332 ob
2357 3276 2464 3331 hoc
2488 3273 2617 3331 ﬂetu
2648 3274 2743 3345 (V.
2784 3293 2837 3330 n.
2863 3274 2950 3347 10)
2981 3277 3150 3345 magis
3186 3276 3347 3350 digna
3375 3292 3539 3347 quam

236 3372 454 3444 pariter
479 3372 609 3443 quid
634 3373 738 3429 sibi
767 3373 853 3430 isti
882 3374 906 3407 ⁸
940 3377 1099 3447 (forte
1126 3374 1281 3445 justi)
1309 3375 1569 3432 deberent
1596 3377 1844 3435 homines
1946 3373 2123 3435 luctu;
2156 3379 2213 3427 et
2240 3368 2594 3426 desideranda
2643 3368 2822 3439 potius
2872 3369 3222 3439 pertinaciter
3262 3384 3422 3439 quam
3453 3370 3539 3425 lua'

240 3463 566 3535 providere;
596 3479 719 3520 cum
758 3465 832 3534 is,
864 3466 955 3537 qui
983 3465 1052 3521 ad
1081 3465 1176 3522 Dei
1209 3467 1433 3523 verbum
1458 3468 1527 3523 de
1555 3478 1697 3524 terra
1741 3485 1841 3540 pa-
1949 3463 2125 3535 genda
2171 3471 2274 3518 est.
2299 3462 2409 3532 69
2436 3459 2568 3513 Nam
2595 3459 2708 3528 ipsa
2737 3458 3050 3513 meritorum
3080 3458 3223 3514 illius
3246 3459 3537 3529 reputatio,

239 3556 365 3613 tria:
391 3558 731 3627 cognationis
758 3559 870 3631 63
892 3559 1100 3615 exierat
1127 3556 1187 3624 ἀ,
1210 3560 1452 3631 nihilque
1481 3570 1743 3632 praeterea
1774 3562 1844 3618 de
1948 3566 2011 3614 ut
2029 3555 2284 3612 acerbum
2314 3554 2544 3623 imperat
2568 3566 2859 3607 maerorem
2887 3551 3180 3622 superstiti,
3216 3551 3337 3621 quia
3362 3552 3541 3622 justus

242 3649 558 3718 pervagatis
579 3650 803 3706 natione
824 3649 1036 3705 diversa
1064 3651 1256 3721 spatiis
1279 3661 1715 3723 comparaverat,
1734 3670 1847 3709 om-
1948 3648 2231 3705 defunctus
2244 3646 2508 3716 relinquet
2523 3645 2919 3717 paenitentiam;
2945 3645 3018 3701 ita
3044 3655 3100 3702 et
3117 3645 3540 3703 consolationem

245 3738 336 3793 nis
379 3747 539 3795 terr-.e
584 3740 809 3806 advena,
834 3741 1008 3796 solum
1033 3750 1215 3797 tamen
1264 3756 1449 3811 agrum
1475 3744 1751 3814 sepulcro,
1793 3744 1847 3799 id
1952 3740 2174 3795 uberem
2205 3746 2421 3810 praestat
2450 3736 2612 3803 ﬁdeli,
2643 3738 2768 3806 quia
2796 3737 3162 3794 immortalitas
3207 3739 3261 3792 in
3292 3740 3541 3793 memoria

246 3835 359 3896 est,
407 3844 518 3885 non
545 3830 920 3901 temporalem,
953 3831 1047 3886 sed
1095 3840 1355 3886 aeternam
1406 3834 1804 3903 possessionem
1829 3875 1847 3903 ,
1949 3834 2081 3904 justi
2112 3842 2136 3867 ο
2159 3871 2173 3885 .
2202 3830 2387 3900 Neque
2435 3831 2552 3899 tibi,
2580 3837 2765 3885 sancte
2787 3828 2968 3896 frater,
2994 3830 3118 3885 hinc
3143 3829 3322 3886 acrior
3340 3829 3541 3885 doloris

253 3936 360 3976 nec
386 3930 585 3977 terram
612 3924 870 3991 avaritiae,
895 3924 989 3979 sed
1017 3924 1235 3993 quietis,
1266 3926 1502 3981 emisset.
1527 3925 1694 3981 Jacob
1713 3941 1851 3995 quo-

259 4024 369 4080 que
386 3996 630 4069 dilectam
659 4008 807 4068 illam
837 4022 894 4070 et
923 4023 1296 4084 exspectatam
1329 4015 1614 4071 Rachel-et
1643 4016 1850 4071 tumulo

254 4102 455 4158 celebri
484 4105 771 4161 honoravit
796 4116 819 4143 °
841 4148 857 4174 ,
885 4113 941 4161 et
982 4106 1140 4161 titulo
1171 4106 1264 4177 (id
1291 4116 1369 4160 est
1416 4106 1761 4177 epitapliio);
1792 4116 1854 4161 ut

251 4193 568 4265 religiosum
594 4205 650 4251 et
695 4197 950 4267 praesenti
1002 4197 1178 4251 dolori
1227 4197 1485 4265 solveret,
1515 4205 1572 4252 et
1621 4196 1855 4267 posteris

253 4293 554 4343 testaretur
582 4287 839 4344 ofﬁcium.
873 4288 1212 4359 Quamquam
1268 4288 1417 4343 illum
1464 4288 1643 4345 locum
1697 4288 1854 4344 titulo

251 4380 446 4457 mprtis
467 4381 671 4435 uxoriae
693 4380 1007 4451 prophetica
1029 4389 1211 4435 mente
1232 4380 1542 4449 signaverit,
1567 4380 1857 4451 providens

252 4467 456 4540 Legem
512 4479 637 4526 ortu
681 4470 1006 4541 Evangelico
1055 4472 1394 4543 sopiendam.
1448 4473 1566 4540 Quo
1596 4473 1855 4545 mysterio

252 4562 454 4632 conqu
478 4565 499 4595 ⁸
530 4563 877 4630 Patriarchae,
909 4580 1028 4634 quae
1076 4564 1318 4635 pluribus
1353 4565 1487 4621 locis
1516 4566 1569 4620 in
1600 4565 1853 4621 Ecclesiae

1953 3926 2201 3981 stimulus
2230 3925 2523 3993 ingeratur,
2567 3923 2711 3992 quod
2733 3924 2986 3993 primaeva
3007 3923 3267 3988 decessit;
3288 3923 3542 3993 quoniam

1955 4020 2081 4074 huic
2108 4017 2209 4087 ipsi
2234 4016 2381 4071 casui
2411 4015 2661 4070 solatium
2690 4015 2895 4083 praebet
2927 4029 3108 4068 sermo
3134 4012 3348 4067 divinus
3372 4031 3385 4064 :
3416 4012 3542 4065 Jus-

1959 4119 2039 4162 tus
2054 4108 2212 4171 enim,
2236 4105 2426 4175 inquit,
2458 4106 2502 4157 si
2531 4112 2696 4157 morte
2712 4111 3021 4169 praeventus
3042 4103 3217 4172 fuerit,
3240 4101 3295 4154 in
3325 4101 3542 4172 refrige-

1956 4201 2037 4255 rio
2057 4200 2154 4253 erit
2171 4209 2216 4251 Ρ.

2029 4291 2083 4346 6.
2110 4288 2216 4345 Sed
2238 4304 2308 4345 ne
2345 4289 2426 4343 vel
2478 4288 2761 4342 immatura
2794 4288 2885 4342 tibi
2932 4287 2999 4343 ad
3041 4286 3244 4343 obitum
3271 4285 3435 4342 fuisse
3466 4288 3543 4341 vi-

1942 4376 2168 4446 deatur,
2200 4381 2386 4436 eadem
2417 4379 2512 4434 tibi
2545 4377 2819 4449 Sapientia
2847 4378 3194 4449 sequentibus
3215 4377 3393 4433 verbis
3422 4392 3543 4448 pro~

1957 4476 2054 4531 bat
2078 4489 2241 4529 anum
2267 4485 2482 4541 quoque
2526 4470 2671 4524 illam
2711 4468 2873 4525 fuisse
2907 4488 2920 4523 :
2953 4469 3223 4536 Senectus,
3253 4468 3442 4538 inquit,
3471 4485 3543 4523 reo

1959 4565 2203 4631 iterabilis
2250 4573 2326 4619 est
2360 4581 2465 4618 non
2496 4566 2515 4596 ³³
2547 4562 2812 4627 diuturna,
2845 4579 3005 4636 neque
3041 4579 3254 4618 numero
3293 4578 3544 4619 annorum

252 4652 550 4723 imaginem
595 4656 758 4721 visit;
790 4664 970 4710 tamen
999 4663 1058 4710 ut
1085 4672 1228 4721 reor,
1255 4657 1308 4711 in
1334 4654 1633 4728 Synagogm
1661 4667 1849 4730 typum
1878 4674 1929 4737 ι)
1958 4665 2273 4730 computata.
2318 4653 2449 4708 Cani
2476 4662 2594 4709 sunt
2632 4655 2788 4719 enim,
2832 4655 3022 4725 inquit,
3060 4672 3238 4710 sensus
3269 4656 3341 4729 (ε)
3387 4656 3544 4713 hami.

254 4746 513 4813 moritur,
538 4756 595 4801 et
620 4758 778 4817 partu
824 4746 989 4801 lilium
1019 4747 1223 4803 doloris
1251 4748 1409 4802 enixa
1437 4748 1566 4813 illic,
1599 4748 1690 4803 ubi
1736 4758 1854 4806 erat

188 4912 195 4916 .
255 4834 496 4909 Virginis
524 4848 681 4910 partu
713 4838 839 4909 Legi
863 4838 984 4896 ﬁnis
1015 4840 1254 4896 edendus
1286 4859 1299 4894 :
1331 4841 1454 4912 finis
1479 4843 1665 4896 etenim
1697 4841 1853 4914 Legis

254 4926 492 4985 Christus
524 4928 545 4969 ί
566 4972 580 4985 .
609 4930 864 4988 Sanctam
894 4948 1025 4988 vero
1054 4940 1110 4988 et
1136 4932 1519 4988 sanetilicatam
1559 4950 1708 5005 spem
1756 4951 1855 5004 per

254 5021 521 5077 humandi
550 5040 735 5079 curam
778 5040 879 5079 nos
908 5023 1322 5090 Tobiasidoeet,
1357 5024 1516 5094 hujus
1543 5026 1851 5095 specialiter

254 5113 500 5170 muneris
547 5116 903 5186 praerogativa
950 5115 1280 5185 justificatus
1320 5132 1351 5171 a
1392 5116 1640 5182 Domino,
1674 5125 1731 5172 et
1758 5133 1849 5173 ar-

1961 4748 2133 4813 nibus,
2165 4758 2213 4803 et
2242 4756 2372 4803 artas
2399 4747 2671 4801 senectutis
2699 4747 2801 4801 vita
2830 4747 3184 4804 immaculata.
3216 4748 3394 4816 Quare
3420 4764 3545 4819 gra-

1960 4841 2191 4897 tulemur
2230 4838 2377 4910 justo
2405 4838 2521 4907 ejus
2554 4841 2622 4911 (Ῑ)
2653 4841 2826 4895 accitu
2880 4851 2933 4896 et
2983 4842 3087 4897 line
3132 4851 3380 4907 maturo;
3427 4858 3546 4914 quae

1957 4933 2059 4988 etsi
2087 4930 2261 4986 adhuc
2296 4928 2430 4986 ﬂore
2453 4947 2716 4986 annorum
2728 4932 2954 4997 virebat,
2980 4942 3155 4988 tamen
3185 4950 3392 4989 morum
3423 4951 3547 4990 san-

1955 5025 2143 5079 ctitate
2176 5030 2452 5088 canuerat,
2485 5031 2540 5078 et
2575 5031 2788 5078 aetatem
2821 5025 3010 5095 puellae
3037 5025 3317 5094 stipendiis
3357 5042 3545 5080 serec-

1956 5117 2084 5172 tutis
2113 5116 2362 5172 ornabat.
2386 5113 2538 5171 Unde
2567 5122 2621 5171 et
2642 5116 2735 5171 tibi
2767 5116 2912 5187 ipsm,
2937 5133 3055 5188 quze
3084 5120 3337 5173 acerbaut
3360 5124 3545 5172 vulnus

325 5268 536 5340 fEccli.
560 5285 776 5340 xxxvut,
796 5269 881 5322 16.
914 5269 939 5307 ιι
955 5269 1090 5323 Gen.
1113 5269 1329 5335 xxm,2.
1368 5281 1388 5308 ο
1405 5269 1538 5325 Gen.
1560 5270 1774 5338 xxut,9.
1804 5267 1830 5309 ἀ
1850 5270 1985 5327 Gen.
2008 5287 2102 5334 xu,
2119 5270 2170 5326 1.
2207 5269 2554 5335 °Gen.xxxv,
2574 5270 2762 5339 19,20.
2801 5272 2981 5326 fRom.
3008 5290 3061 5340 χ,
3079 5271 3129 5326 4.
3152 5285 3171 5316 κ
3190 5271 3322 5326 Tob.
3343 5287 3434 5340 xu,
3463 5268 3545 5324 l2.

258 5335 283 5373 ι’
308 5337 460 5414 Gen,
482 5356 536 5414 1.,
568 5339 619 5393 l.
651 5339 694 5414 j
719 5338 859 5395 Psal.
892 5356 964 5405 vi,
999 5340 1048 5414 '7:
1075 5340 1333 5414 _iJohan.
1360 5352 1433 5407 tu,
1468 5341 1555 5414 55.
1609 5335 1809 5414 ιΡρσον.
1836 5341 2044 5414 111,16;
2072 5342 2233 5399 Eecli.
2265 5358 2411 5407 xxvr,
2443 5341 2529 5397 16.
2591 5335 2752 5414 lS’ap.
2784 5360 2852 5411 IV,
2884 5343 2943 5409 2;
2975 5335 3131 5398 Prov.
3160 5358 3228 5406 si,
3252 5339 3305 5395 4.
3331 5338 3543 5398 InProv.

255 5424 405 5479 xm,
444 5411 529 5467 18.
605 5408 807 5467 nProv.
840 5427 985 5477 xm,
1017 5410 1105 5465 26.
1185 5421 1210 5448 ο
1234 5410 1361 5482 Sap.
1389 5429 1463 5480 tv,
1497 5413 1545 5466 1.

332 5554 412 5621 (a)
437 5553 525 5607 Sic
546 5552 677 5606 edit.
704 5549 936 5606 Chilﬂet.
963 5549 1175 5621 thime
1202 5550 1440 5621 quidem.
1465 5549 1598 5604 Vide
1622 5557 1734 5605 not.
1761 5550 1850 5603 91.

331 5617 409 5693 (b)
438 5622 536 5693 Ms.
568 5622 704 5693 Beg.
740 5631 794 5675 et
823 5620 949 5676 edit.
984 5617 1115 5673 Bad.
1146 5627 1203 5673 et
1220 5617 1421 5686 ’Grav.,
1448 5621 1741 5691 religiosus.

331 5626 384 5693 (b
439 5626 536 5677 Ms.
573 5626 704 5689 Reg.
740 5631 794 5675 et
823 5626 949 5676 edit.
985 5626 1010 5673 ι

330 5626 409 5761 (0;
433 5692 529 5746 Ms.
563 5691 721 5762 “83.,
756 5692 1010 5762 (drideret.

332 5757 412 5836 (ά)
438 5764 528 5819 Sic
556 5757 668 5818 ms:
694 5757 822 5831 lieg.
853 5772 907 5816 et
942 5757 1279 5836 edit._Cliilll.
1319 5757 1457 5836 Ante
1488 5770 1605 5817 erat.
1640 5764 1743 5815 illis
1773 5762 1854 5816 lu-

255 5829 449 5909 cryrnis
476 5844 690 5908 peccata
720 5829 897 5888 nostra
923 5831 1117 5904 ﬂeverit
1142 5838 1191 5885 et
1220 5829 1418 5885 laver-it.

1626 5424 1650 5463 ρ
1671 5413 1799 5482 Sap.
1833 5430 1907 5482 tv,
1933 5412 1964 5466 7

2042 5550 2112 5620 (ε)
2143 5549 2221 5605 lla
2247 5567 2373 5606 mss.
2409 5560 2463 5606 et
2491 5551 2673 5606 excusi
2698 5551 2929 5605 codices.
2964 5549 3058 5620 Sic
3080 5548 3322 5603 Graecum
3352 5550 3403 5605 iu
3430 5568 3546 5608 mo-

1965 5618 2309 5676 rem‘extulit
2336 5620 2591 5676 Paulinus
2616 5620 2923 5684 hominibus,
2949 5620 3000 5673 iu
3023 5618 3209 5675 Graeco
3239 5624 3544 5687 ἀνθρώπως.

1968 5690 2212 5755 Vulgata,
2238 5694 2478 5747 hominis.

2040 5764 2109 5833 (Ῑ)
2143 5765 2230 5817 Sic
2258 5780 2359 5819 ιιιε.
2396 5763 2525 5829 llcg.
2560 5771 2613 5817 et
2643 5759 2729 5815 ed.
2757 5758 2933 5815 Cbilﬂ.
2967 5759 3102 5830 Alii,
3129 5764 3316 5819 accitui
3345 5774 3397 5820 et
3427 5766 3545 5837 ﬁni.

2544 6014 2571 6021 -.

2468 6026 2555 6038 o-"
