4078 6352
599 411 697 474 211

1720 422 1774 481 S.
1817 422 2092 486 PAULI.“
2129 423 2381 488 mm
2417 426 2727 490 EPISCOPl

3791 441 3903 506 212

595 496 783 596 animi.
817 547 990 592 causae
1035 535 1292 596 solatium
1338 535 1511 610 majus
1536 535 1730 598 altene
1771 547 2018 612 possunt,
2047 537 2198 610 quod
2225 543 2273 607 Δ
2301 543 2716 612 promissionum
2745 546 3137 614 Μοοιᾱὶθοω
3163 551 3358 610 minue
3379 552 3644 611 laboranti
3671 573 3683 608 :
3715 552 3900 618 Quae

601 629 710 678 tam
740 631 979 684 sanctam
1015 623 1268 682 feminam
1299 626 1402 684 etsi
1445 642 1556 686 non
1591 627 1760 687 babes
1784 669 1799 695 ,
1831 629 2084 687 habueris
2113 638 2194 684 ta-

597 728 740 769 men.
791 714 1088 776 Commune
1134 717 1277 774 enitu
1323 718 1418 774 tibi
1466 735 1588 778 cum
1633 721 1904 788 carnibus,
1948 721 2194 780 amisisse

595 806 910 872 mortalem;
957 810 1146 882 paucis
1191 827 1318 869 vero
1363 821 1539 870 tecum
1588 815 1848 874 meruisse
1885 816 2187 886 optimam:

593 911 702 966 quo
733 899 910 956 minus
951 901 1119 960 miror
1141 904 1283 960 illam
1315 906 1370 963 in
1413 907 1518 964 huc
1540 908 1726 966 seculo
1763 923 1873 965 non
1901 917 2186 974 moratam,

588 997 642 1042 et
667 988 737 1044 ad
764 989 1036 1050 Christum
1065 996 1224 1053 citius
1251 999 1504 1065 accitam;
1543 997 1747 1056 Placita
1768 1002 1907 1055 enim
1933 1012 2049 1056 erat
2081 1001 2188 1058 Deo

587 1083 763 1136 anima
807 1084 950 1156 ejus;
981 1095 1036 1142 et
1082 1089 1297 1156 idcirco,
1351 1099 1410 1148 ut
1437 1092 1693 1163 scriptum
1741 1102 1845 1159 est,
1891 1095 2190 1165 properavit

585 1190 702 1227 eam
733 1176 798 1233 de
827 1179 994 1233 medio
1021 1180 1310 1254 iniquitatis
1349 1184 1584 1250 educere,
1609 1202 1674 1239 ne
1699 1185 2017 1240 intellectum
2057 1201 2185 1241 uos-

586 1274 728 1323 trum
759 1272 959 1326 malitia
987 1284 1170 1330 nostra
1201 1287 1422 1334 mutaret
1441 1287 1488 1342 0;
1523 1278 1647 1347 quia
1673 1287 1806 1332 totus
1830 1278 1912 1332 hic
1937 1279 2180 1344 uttmdus,

586 1368 644 1413 ut
672 1363 928 1431 scriptum
957 1374 1058 1431 est,
1088 1366 1140 1420 in
1172 1368 1397 1440 maligno
1418 1369 1560 1439 jacet
1592 1370 1648 1422 ιη
1681 1379 1735 1424 et
1757 1370 2010 1442 colloquia
2041 1371 2181 1424 mula

580 1453 876 1526 plerumque
928 1469 1261 1529 corrumpunt
1301 1477 1470 1518 mores
1500 1460 1660 1516 bonos
1692 1474 1711 1498 ο
1741 1479 1757 1516 ;
1799 1471 1852 1517 et
1885 1464 1969 1533 qui
2015 1464 2181 1526 picem

581 1545 766 1615 tangit,
789 1546 1140 1618 inquinabitur
1167 1549 1230 1606 ab
1255 1569 1317 1606 ea
1335 1551 1390 1616 d;
1411 1568 1521 1624 quo
1541 1563 1689 1609 metu
1711 1553 1927 1622 quidam
1949 1553 2179 1611 Sanctus

576 1651 742 1692 mora:
781 1648 1056 1708 metuens,
1087 1652 1142 1701 et
1170 1644 1237 1699 de
1286 1645 1440 1704 tardo
1489 1647 1566 1717 (a)
1601 1646 1703 1705 line
1747 1647 2179 1712 sollicitus.'orat

575 1727 743 1786 Deum
771 1743 827 1786 ut
853 1741 1041 1789 notum
1067 1735 1169 1792 sibi
1187 1736 1228 1766 ¹⁰
1245 1737 1409 1792 faciat
1428 1737 1586 1795 linem
1617 1753 1792 1802 suum,
1817 1747 1873 1796 et
1894 1754 2174 1796 numerum

571 1821 781 1880 dierum
811 1840 1032 1885 suorum
1058 1837 1114 1882 °:
1140 1838 1197 1886 et
1215 1831 1478 1901 quoniam
1505 1833 1782 1890 revelaute
1807 1831 2031 1906 Spiritu,
2059 1847 2172 1904 quo

515 1964 529 1975 .
567 1915 963 1986 propbetabat,
1004 1921 1227 1992 agnovit
1271 1933 1559 1993 prorogata
1589 1925 1693 1983 sibi
1723 1934 1986 1998 tempora,
2017 1926 2170 1994 inge-
2202 1924 2252 1986 Β

566 2006 666 2062 mit
696 2005 884 2066 dicens
909 2029 921 2062 :
954 2009 1072 2068 fles
1098 2029 1182 2068 me
1209 2013 1347 2083 quod
1369 2015 1634 2072 iaculatus
1660 2032 1804 2073 meus
1829 2016 2166 2090 proluung

565 2105 644 2151 est
680 2095 696 2133 ί
708 2137 722 2152 .
754 2096 984 2156 Causam
1015 2117 1147 2159 vero
1170 2104 1408 2174 gemitus
1433 2115 1490 2162 et
1518 2106 1726 2162 timoris
1751 2107 1834 2162 sui
1877 2107 2017 2162 hanc
2045 2121 2166 2162 esse

567 2194 816 2256 testatur,
849 2191 991 2261 quod
1041 2193 1296 2247 habitaret
1329 2193 1403 2265 (b)
1436 2211 1550 2248 cum
1581 2195 1930 2250 tabernaculis
1969 2195 2162 2261 Cedar,

564 2279 617 2334 id
641 2290 748 2348 est,
781 2283 833 2341 in
875 2285 1115 2344 tenebris
1141 2287 1296 2344 istius
1321 2288 1530 2346 eamdi.
1577 2287 1710 2344 Nam
1740 2287 1909 2344 Cedar
1935 2287 2163 2346 Ἡρωωο

559 2371 706 2429 idem
725 2375 873 2444 quod
893 2391 992 2435 ore
1015 2375 1262 2436 Romano
1285 2389 1511 2437 vocatur
1535 2378 1856 2436 Obsemitas.

636 2466 688 2520 7.
719 2466 959 2540 Denique
990 2470 1104 2541 ipse
1130 2470 1301 2529 David
1329 2473 1385 2531 in
1415 2473 1624 2531 duobus
1648 2473 1749 2530 ﬁlii
1799 2474 2018 2532 diverso
2041 2492 2159 2532 ine-

548 2559 664 2621 )‘ito
685 2560 792 2618 sibi
828 2563 1041 2621 exitiosis
1067 2566 1383 2636 mysterium
1423 2567 1575 2623 istius
1601 2566 1843 2623 veritatis
1879 2569 2153 2634 exercuit;

545 2654 645 2723 qui
681 2653 852 2712 tilum
873 2657 1310 2722 dilectissimum.
1338 2675 1499 2730 quem
1527 2661 1754 2718 ﬂeverat
1780 2672 2150 2730 mgrotantem,

545 2760 664 2804 non
692 2743 838 2804 ﬂevit
865 2750 1151 2816 animum;
1176 2760 1363 2808 certus
1393 2753 1649 2809 infantem
1672 2754 1740 2809 ad
1767 2755 1910 2823 pacis
1937 2763 2154 2811 teter-na:

549 2835 714 2894 beati
742 2839 1060 2897 translatum
1105 2853 1132 2890 8
1167 2861 1180 2895 :
1231 2851 1289 2898 at
1330 2859 1461 2900 vero
1507 2845 1648 2901 idem
1695 2846 2013 2912 Abessalon,
2041 2848 2153 2921 ⁷ο

545 2940 712 2997 quem
757 2929 1034 2990 inimicum
1061 2933 1343 2999 habuerat,
1375 2945 1646 2991 mortuum
1678 2937 2002 2993 lamentatus
2045 2949 2145 3004 est,

548 3019 674 3089 quia
700 3019 896 3080 divinae
930 3022 1152 3092 justitite
1190 3033 1249 3082 ut
1287 3024 1557 3096 PrOpheta
1585 3028 1862 3093 consscius,
1893 3028 2148 3098 despera-

547 3112 624 3167 vit
649 3114 816 3184 impio
846 3115 1108 3184 requiem.
1137 3125 1194 3176 et
1222 3120 1633 3176 resurrectionis
1659 3120 1858 3176 bonum
1881 3122 2038 3177 scivit
2057 3122 2146 3179 in-

541 3207 782 3268 debitum
813 3212 1112 3282 parricidae.
1139 3211 1246 3268 Sed
1273 3223 1451 3269 tamen
1473 3214 1639 3284 idem
1669 3225 1730 3270 ut
1757 3216 1886 3281 dixi,
1915 3219 2143 3287 parvulo

2301 635 2462 694 tristis
2490 652 2566 703 es,
2588 647 2637 694 et
2651 655 2812 709 quare
2825 641 3196 700 centuriam
3223 644 3239 684 ί
3264 647 3289 700 2
3314 647 3568 717 πιαιφὶά
3589 648 3681 717 qui
3701 647 3898 704 dor-sit

2297 742 2400 782 non
2429 727 2641 799 adjiciat
2665 739 2722 788 ut
2766 743 3000 804 resurgat
3031 738 3046 784 ἑ
3079 737 3103 791 2
3130 736 3419 808 Acceptior
3443 747 3531 794 est
3565 747 3756 794 autem
3783 737 3896 799 Deo

2293 829 2446 888 grata
2487 821 2700 889 laetitia,
2733 840 2894 895 quam
2919 827 3173 886 diuitum
3201 832 3354 901 quasi
3379 833 3608 902 querula
3649 833 3892 895 tristiia.

2293 915 3658 994 Namhoeillostidieodoeemuresenrpln,ut
3703 921 3894 987 insutis

2291 1008 2558 1081 laeryrnss
2580 1029 2693 1070 non
2713 1012 3049 1074 eamdamus
3063 1033 3076 1080 ;
3091 1030 3212 1084 ηοω
3228 1017 3418 1087 utique
3442 1014 3720 1087 superﬂuo
3745 1034 3890 1076 mor-

2291 1104 2398 1159 tuis
2424 1103 2729 1172 dormitm,
2759 1107 2895 1162 nihil
2925 1110 3266 1163 maerentes
3295 1119 3535 1178 recepto,
3561 1119 3626 1164 et
3653 1125 3889 1180 gravan-

2287 1205 2371 1252 tes
2399 1196 2662 1252 relicum.
2693 1197 2821 1254 illeo
2865 1198 3033 1255 David
3077 1201 3294 1258 vivente
3319 1201 3433 1257 tilio
3479 1202 3669 1266 ﬂevit,
3705 1204 3888 1259 functo

2283 1289 2585 1356 gratulatus
2628 1299 2714 1345 at
2761 1310 2773 1344 :
2819 1293 2949 1361 quia
2999 1293 3252 1364 spirantis
3297 1294 3474 1350 adhuc
3517 1306 3885 1351 commeatum

2287 1378 2308 1448 (
2331 1377 2394 1434 ιν.
2417 1390 2534 1436 tot.
2555 1380 2658 1450 64)
2683 1391 2896 1452 potent
2917 1384 3170 1452 precibus
3197 1394 3254 1439 et
3275 1385 3530 1457 laerymis
3549 1389 3883 1456 impetrare:

2281 1473 2460 1530 accito
2485 1483 2668 1529 autem
2693 1475 2953 1532 divinitus
2975 1477 3087 1546 jam
3129 1479 3391 1548 gratulari
3416 1479 3670 1542 debebat,
3705 1491 3768 1534 ut
3807 1483 3882 1535 fe-

2281 1565 2374 1631 eit,
2402 1567 2528 1635 quia
2547 1567 2900 1628 dubitme
2920 1586 3029 1624 non
3055 1579 3142 1625 est
3164 1571 3356 1626 melius
3373 1586 3494 1626 esse
3519 1574 3664 1626 votis
3687 1577 3882 1630 nostris

2281 1657 2378 1714 Dei
2402 1659 2678 1731 placitum.

2350 1792 2401 1846 9.
2444 1793 2603 1849 Salva
2636 1795 2796 1866 igitur
2826 1796 2948 1862 fide,
2977 1797 3194 1868 pietatis
3235 1797 3410 1875 ofﬁcia
3451 1800 3788 1872 pendamus;
3825 1812 3878 1856 et

2277 1885 2422 1939 salva
2452 1887 2672 1958 pietate,
2703 1886 2828 1942 ﬁdei
2868 1888 3059 1959 gaudia
3080 1887 3447 1963 praeferamus.
3477 1889 3633 1961 Esto,
3665 1901 3875 1964 tempo-

2278 1975 2462 2032 raliter
2489 1974 2615 2031 ﬂeat
2645 1978 2832 2048 pietas,
2861 1977 2954 2035 sed
2997 1989 3213 2052 oportet
3242 1991 3297 2035 ut
3315 1980 3520 2052 jugiter
3551 1985 3794 2053 gaudeat
3821 1971 3875 2040 li-

2272 2067 2385 2122 des.
2417 2067 2795 2126 Desideremus
2821 2079 3040 2127 nostros
3067 2081 3124 2128 ut
3150 2075 3490 2144 prmmissos;
3518 2076 3612 2131 sed
3642 2093 3755 2132 non
3785 2079 3872 2136 de-

2271 2174 2551 2231 speremus
2581 2161 2937 2232 recipiendos.
2957 2162 3111 2237 ,Deus
3133 2166 3274 2219 enim
3305 2175 3489 2222 noster
3516 2169 3752 2222 vivarum
3778 2163 3867 2236 est,

2269 2273 2373 2312 non
2401 2266 2720 2312 mortuorum
2771 2256 2828 2324 l‘;
2878 2265 2932 2313 et
2963 2259 3016 2313 in
3068 2257 3283 2314 Christo
3329 2269 3576 2316 mortuos
3632 2261 3868 2320 dormire

2268 2351 2558 2422 Apostolus
2585 2351 2715 2408 dicit
2741 2350 2785 2422 ι,
2817 2361 2876 2407 ιιι
2901 2353 2968 2408 de
2997 2368 3188 2408 somno
3214 2353 3481 2423 intelligas
3509 2346 3865 2427 temporalem

2265 2459 2385 2498 esse
2427 2451 2676 2498 mortem.
2705 2444 2997 2499 Dormienti
3029 2445 3171 2500 enim
3217 2461 3557 2518 consequens
3586 2456 3674 2504 est
3718 2451 3864 2506 exci-

2265 2536 2366 2591 tari
2395 2544 2450 2592 et
2470 2551 2706 2606 surgere.
2739 2537 2892 2605 Quod
2919 2554 3041 2594 cum
3069 2539 3138 2592 ita
3164 2539 3254 2606 sit,
3277 2551 3527 2606 geramus
3555 2539 3612 2592 in
3640 2541 3863 2598 caritate

2263 2628 2368 2702 71
2413 2638 2720 2686 nostrorum
2769 2630 3040 2686 fatrtiliaris
3079 2630 3482 2686 consuetudinis
3510 2631 3859 2700 desiderium,

2259 2720 2353 2776 sed
2385 2737 2416 2775 a
2463 2719 2566 2776 ﬁde
2613 2730 2795 2778 nostra
2826 2721 3076 2795 solatium
3107 2721 3175 2776 de
3206 2721 3398 2776 ﬁducia
3445 2725 3859 2780 resurrectionis

2255 2816 2566 2873 habeamus.

2330 2939 2414 2994 to.
2459 2939 2552 2996 His
2579 2939 2761 3009 igitur,
2793 2939 2959 2996 frater
2983 2939 3365 3003 dilectissime,
3391 2948 3453 2994 et
3483 2940 3773 2996 verborum
3797 2950 3852 2995 et

2249 3033 2626 3102 exemplorum
2673 3031 2970 3088 omlestium
3003 3031 3380 3086 autoritatibus
3409 3039 3466 3084 ut
3493 3029 3563 3084 ad
3591 3032 3848 3100 pietatem

2247 3126 2607 3197 lacrymarum
2636 3139 2763 3180 usus
2789 3138 2869 3186 es.
2896 3123 2969 3178 ita
2989 3123 3154 3178 etiam
3180 3121 3250 3176 ad
3280 3137 3465 3180 earum
3495 3121 3718 3177 modum
3745 3133 3851 3180 ute-

2249 3234 2332 3274 re.
2363 3217 2636 3286 Scriptum
2659 3224 2746 3272 est
2785 3217 2929 3272 enim
2956 3234 2968 3268 :
3005 3213 3160 3270 Ouini
3191 3216 3266 3268 rei
3306 3225 3500 3285 tempus
3525 3224 3595 3279 III';
3625 3225 3685 3270 et
3712 3225 3848 3272 tem,

543 3303 621 3361 illi
639 3320 742 3360 suo
769 3306 1051 3376 aegrotanti
1079 3308 1414 3377 impenderat
1435 3309 1718 3381 lacrymas,
1742 3319 1798 3365 et
1823 3311 2002 3380 regios
2027 3313 2146 3366 cul-
2167 3306 2220 3376 C
2247 3325 2350 3380 pus
2376 3307 2624 3377 plorandi
2661 3306 2909 3369 ﬂuxerit,
2947 3305 3253 3375 gratulandi
3298 3304 3462 3362 modo
3490 3315 3705 3375 tempus
3739 3315 3842 3362 est.

543 3405 630 3452 tus
659 3408 775 3454 atra
799 3408 950 3455 veste
967 3408 1228 3469 nua-tus,
1252 3403 1446 3469 cilicio,
1473 3404 1674 3467 cinere,
1703 3403 1911 3474 jejunio
1942 3404 2012 3475 (ε)
2037 3406 2137 3460 ful-

540 3494 648 3554 tus.
677 3505 872 3559 preces
899 3491 968 3546 ad
987 3491 1155 3548 Deum
1193 3494 1433 3548 miserat.
1468 3493 1662 3551 Postea
1691 3513 1823 3552 vero
1850 3512 2011 3566 quam
2042 3495 2135 3554 ﬁlii

537 3582 786 3638 morbum
817 3584 937 3638 vitae
966 3584 1087 3640 ﬁnis
1113 3587 1364 3651 absolvit,
1392 3590 1544 3656 quasi
1573 3589 1854 3644 deﬁciente
1884 3607 2132 3645 curarum

535 3675 780 3740 materia,
814 3677 957 3733 hunc
983 3679 1086 3733 sibi
1115 3679 1330 3748 lugendi
1362 3681 1518 3735 tinem
1549 3682 1710 3743 fecit,
1740 3699 1899 3751 quem
1933 3700 2130 3753 parvu-

533 3763 617 3820 lus
644 3765 855 3824 vivendi
886 3778 1192 3840 acceperat.
1219 3770 1404 3840 Itaque
1431 3781 1489 3837 ut
1516 3771 1658 3826 ﬁlius
1679 3789 1928 3843 corpore,
1958 3782 2013 3828 et
2039 3791 2132 3844 pa-

533 3863 616 3913 ter
663 3857 814 3914 luctu
859 3860 1072 3916 selinus
1115 3871 1233 3924 est;
1283 3863 1549 3931 simulque
1592 3865 1764 3920 tristia
1811 3874 2029 3935 pectora
2075 3875 2132 3924 et

531 3952 848 4008 vestimenta
873 3953 1176 4024 deponens,
1205 3964 1264 4010 et
1290 3955 1469 4010 ciluun
1495 3957 1706 4022 sumsit,
1737 3966 1792 4022 et
1815 3959 2016 4013 cultmn
2045 3976 2130 4014 re-

529 4047 739 4112 sumit,
761 4056 818 4104 et
829 4049 1136 4118 squalidum
1159 4051 1382 4120 pulvere
1394 4059 1555 4121 caput
1574 4050 1798 4106 deduxit
1818 4062 2126 4122 unguento;

523 4139 1028 4213 sciscitantibuqu
1083 4145 1265 4214 pinetis
1316 4144 1447 4208 suis,
1505 4161 1642 4214 quos
1697 4144 2129 4215 obstupefecerat

525 4238 636 4284 tam
664 4232 946 4287 inusitatus
973 4235 1158 4302 patria:
1188 4236 1321 4289 ordo
1353 4236 1586 4304 pictatis,
1619 4244 1676 4290 ιιι
1701 4237 1791 4305 qui
1821 4245 1947 4291 ante
1975 4238 2125 4291 orbi-

523 4329 693 4378 tatem
724 4322 935 4379 luserat
955 4366 970 4389 ,
1001 4326 1261 4393 gauderet
1287 4327 1538 4390 orbatus,
1563 4328 1843 4397 respondit
1871 4347 1882 4380 :
1914 4326 2026 4398 Ego
2057 4329 2126 4380 ad

522 4411 670 4465 illum:
693 4410 800 4478 ibo,
834 4413 923 4468 ille
954 4430 1068 4469 vero
1097 4417 1166 4468 ad
1195 4433 1275 4469 nte
1304 4435 1411 4470 non
1443 4427 1722 4471 revertetur
1753 4417 1799 4471 δ.

592 4502 646 4558 8.
673 4502 838 4569 Satis,
871 4513 931 4559 ut
955 4507 1181 4575 opinor,
1213 4509 1398 4562 docuit
1444 4507 1559 4562 Rex
1603 4507 1870 4578 PrOpheta
1899 4552 1914 4576 ,
1958 4524 2123 4578 quam

520 4602 642 4664 post
679 4602 894 4651 nostros
921 4596 1338 4652 sollicitudinem
1366 4598 1660 4654 debeamus
1690 4600 1941 4667 induere,
1973 4602 2125 4657 vide-

2243 3401 2382 3468 Quia
2410 3399 2664 3455 Dominus
2683 3415 2844 3470 prope
2861 3408 2958 3465 est,
2976 3408 3031 3454 et
3051 3397 3326 3467 Scriptura
3351 3397 3554 3461 divina,
3577 3412 3696 3466 quae
3717 3415 3843 3468 prn-

2240 3492 2443 3548 ducere
2486 3507 2586 3547 nos
2630 3491 2895 3561 lacrymas
2923 3491 3078 3559 quasi
3107 3488 3450 3558 evaporaudo
3473 3487 3669 3544 dolore
3713 3505 3840 3558 per-

2237 3586 2427 3652 mittit,
2457 3585 2715 3640 terminos
2743 3583 2824 3654 (ά)
2847 3598 3062 3652 quoque
3083 3582 3364 3652 designato
3389 3582 3685 3652 prescribit
3706 3592 3840 3638 tens-

2235 3693 2392 3748 pore.
2424 3692 2547 3731 cum
2574 3675 2726 3742 dicit,
2757 3673 3173 3730 amaritudinem
3219 3672 3237 3740 (
3273 3672 3333 3727 γ.
3366 3680 3480 3728 not.
3523 3673 3629 3741 35)
3667 3673 3839 3732 luctu

2237 3782 2350 3826 uno
2395 3764 2670 3822 ferendam
2701 3763 2790 3820 die
2835 3774 2880 3818 ιι.
2913 3761 2960 3819 0
2988 3764 3187 3820 divitia:
3228 3763 3486 3818 bonitatis
3515 3763 3639 3818 Dei!
3671 3780 3834 3833 quam

2235 3859 2326 3932 pia
2372 3859 2601 3928 idipsum
2647 3857 3005 3916 sollicitudine
3039 3857 3214 3913 nostri
3241 3857 3432 3913 cavet!
3467 3873 3576 3912 non
3615 3857 3834 3926 pietatis

2234 3967 2517 4024 propensae
2561 3950 2792 4014 invidus,
2839 3949 2935 4006 sed
2961 3949 3285 4004 inﬁrmitatis
3331 3957 3527 4004 nostrae
3555 3950 3830 4015 conscius,

2233 4055 2290 4104 et
2317 4045 2496 4102 omnis
2541 4044 2812 4100 immodici
2843 4051 3192 4112 temperator,
3225 4039 3492 4113 lacryuias
3519 4043 3574 4097 in
3611 4051 3832 4098 mortuo

2230 4142 2458 4216 produci
2482 4142 2666 4211 jubet,
2714 4137 3122 4193 amaritudinem
3151 4152 3284 4192 vero
3313 4137 3525 4204 lugendi
3571 4152 3682 4191 uno
3705 4146 3831 4191 tan-

2231 4244 2346 4291 tum
2373 4234 2466 4291 die
2495 4232 2722 4297 claudit;
2771 4230 2897 4286 illud
2945 4230 3145 4300 porrigi
3191 4229 3377 4283 uiuens
3417 4245 3524 4299 quo
3553 4228 3832 4283 relaxatur

2230 4329 2408 4392 dolor,
2440 4336 2496 4382 et
2516 4327 2694 4380 anima
2722 4324 2954 4393 respirat
2979 4340 2990 4375 :
3017 4322 3157 4376 istud
3179 4337 3310 4375 vero
3340 4319 3656 4390 prtecidens,
3680 4319 3828 4389 quod

2229 4418 2590 4477 immoderato
2611 4424 2668 4472 et
2687 4414 3038 4470 irrationabili
3062 4413 3305 4468 cruciatu
3325 4422 3558 4467 mentem
3582 4421 3826 4488 nostram

2227 4511 2468 4574 conﬁcit,
2501 4508 2751 4579 quodque
2778 4508 2980 4562 diutius
3019 4505 3281 4573 fragilitas
3308 4514 3492 4560 nostra
3540 4521 3648 4559 non
3682 4506 3828 4561 valet

2229 4605 2515 4660 sustinere.
2549 4601 2655 4657 Sed
2685 4602 2787 4657 hoc
2815 4601 3023 4670 plenius
3054 4600 3168 4669 ipsa
3207 4615 3306 4661 suo
3335 4599 3500 4654 verbo
3528 4599 3704 4669 pietas
3729 4600 3825 4654 Dei

519 4684 645 4742 licet
669 4695 729 4742 ut
755 4687 824 4744 de
861 4697 1052 4745 nostro
1081 4691 1260 4759 potius
1299 4691 1495 4747 itinere
1515 4708 1624 4762 quo
1654 4694 1960 4763 (Sardum,
1993 4699 2126 4769 forte
2154 4691 2206 4754 Ι)
2230 4700 2500 4770 explicat;
2527 4695 2753 4765 subjecit
2777 4696 2923 4750 etum
2950 4713 2962 4747 :
2993 4693 3060 4747 Et
3085 4694 3354 4747 consolare
3381 4703 3582 4746 mature
3607 4704 3826 4761 propter

516 4780 632 4848 qui)
658 4781 1018 4850 sequimur“,
1049 4797 1213 4851 quam
1239 4783 1308 4840 de
1335 4783 1547 4839 illorum
1574 4787 1667 4855 qui
1691 4787 1800 4854 jam
1832 4791 2112 4857 praegressi

515 4873 880 4942 pervenerint,
907 4874 1230 4931 laboremus.
1258 4873 1411 4931 Pium
1433 4887 1516 4932 est
1543 4881 1851 4938 contristari
1876 4883 1941 4937 de
1963 4884 2113 4938 avul-

513 4963 668 5021 sione
704 4980 996 5027 carorum:
1027 4967 1120 5022 sed
1167 4976 1438 5037 sanctum,
1472 4970 1729 5028 laetificari
1771 4991 1867 5046 spe
1909 4986 1960 5032 et
2011 4979 2113 5034 tlde

586 5133 610 5160 ι
641 5122 771 5201 sap.
799 5141 870 5190 tv,
907 5124 970 5201 l}
999 5136 1052 5201 e_t
1081 5125 1202 5201 ll._
1244 5129 1272 5168 ι)
1310 5128 1551 5186 lJohau.
1585 5150 1645 5195 v,
1678 5133 1762 5189 l9.
1846 5147 1867 5175 ε
1911 5136 1928 5190 1
1959 5136 2086 5194 Cor.
2116 5154 2149 5192 χ

2257 5136 2334 5189 55.
2415 5133 2439 5169 ά
2481 5131 2646 5201 Eccli.
2681 5147 2802 5191 xm,
2839 5127 2890 5182 1.

512 5209 652 5259 crux,
674 5193 739 5276 fi,
772 5194 1139 5276 secapsalter.
1171 5197 1330 5276 Rom:
1400 5213 1432 5276 ξε
1462 5202 1505 5276 ll
1536 5193 1664 5272 Reg.
1692 5221 1780 5270 xu,
1811 5205 1902 5260 2‘2.
1986 5208 2009 5243 ιι
2039 5193 2082 5262 ll
2115 5208 2149 5262 Β

2273 5223 2364 5268 xu,
2402 5203 2491 5257 Ξῖ).

513 5280 639 5327 xxu,
673 5264 859 5339 52._1
899 5267 909 5297 ¹
941 5268 1067 5323 Cor.
1119 5286 1207 5339 xv,
1261 5272 1358 5339 l8;
1399 5273 1417 5327 Ι
1467 5264 1651 5329 Thess.
1684 5264 1873 5332 ΝΛΞ.
1953 5288 1991 5315 ω
2025 5277 2149 5336 Eccl

511 5349 709 5392 xxxvm
727 5377 743 5404 ,
779 5337 864 5391 l9.

579 5520 658 5589 (a)
687 5519 1103 5596 Emendavimus
1130 5523 1237 5593 ﬁne
1264 5537 1328 5576 ex
1351 5524 1479 5576 edit.
1507 5521 1658 5578 Grin.
1684 5525 1735 5579 iu
1763 5541 1932 5596 marg.
1959 5527 2097 5583 Ante

507 5599 625 5644 erat
651 5607 791 5655 sene,
823 5593 970 5647 nullo
999 5609 1180 5649 sensu.

580 5660 655 5737 (b)
685 5661 744 5716 S.
771 5663 1097 5730 Augustinus
1121 5666 1172 5718 iu
1201 5661 1604 5720 Commentario
1629 5682 1792 5737 super
1817 5668 2054 5736 psalmos
2079 5688 2092 5722 :

503 5729 970 5808 Cedar,_quatttttm
1001 5737 1324 5808 meminimus
1364 5753 1428 5808 ea:
1453 5729 1878 5808 interpretatione
1919 5742 2094 5792 nomi—

503 5819 626 5878 num
673 5801 1030 5878 llebrteorum,
1061 5805 1295 5878 tenebras
1325 5801 1604 5878 signiﬁcat;
1641 5809 1888 5878 Vulgata,
1941 5810 2094 5863 habi-

501 5876 606 5928 tari
651 5891 763 5928 cum
794 5875 1143 5932 habitantibus
1180 5875 1386 5948 Cedar,
1419 5875 1812 5950 refragantibus
1840 5875 2091 5939 omnibus

2225 4792 2509 4848 tristitiam.
2538 4789 2581 4842 Α
2612 4787 2824 4841 tristitia
2861 4787 2999 4839 enim
3051 4783 3260 4852 festinat
3288 4799 3448 4846 mors,
3479 4791 3528 4836 et
3563 4785 3826 4852 coopa-iet

2222 4887 2459 4941 uirtutem
2491 4891 2544 4942 °:
2577 4880 2700 4950 quia
2725 4878 2944 4933 tristitia
2972 4877 3060 4930 illa
3094 4883 3300 4930 tantum
3329 4875 3575 4929 salutatis
3603 4892 3721 4946 qua
3740 4886 3817 4931 se.

2225 4977 2449 5035 cundum
2478 4974 2643 5029 Deum
2671 4979 2767 5025 est.
2802 4969 2905 5025 ista
2929 4977 3134 5032 autem,
3165 4977 3223 5023 ut
3248 4967 3538 5036 Apostolus
3567 4968 3664 5033 ait,
3697 4983 3822 5037 qua:

2971 5139 2993 5166 ε
3033 5127 3175 5183 Psal.
3211 5143 3442 5188 xxxvru,
3474 5125 3528 5181 5.
3610 5124 3631 5164 ί
3668 5125 3815 5182 νρυι.

2578 5201 2587 5238 ί
2632 5200 2768 5254 Psal.
2801 5216 2909 5266 xu,
2940 5199 2992 5252 6.
3077 5199 3088 5247 i
3129 5196 3272 5251 Psal.
3309 5215 3395 5263 XL,
3427 5196 3478 5250 9.
3557 5197 3581 5233 ιε
3617 5195 3812 5251 Matth.

2471 5289 2579 5328 sec.
2630 5271 2787 5325 LXX.
2868 5281 2891 5305 ιι
2924 5269 3086 5325 Eccli.
3141 5285 3357 5329 xxxmt.
3411 5266 3494 5322 15.
3575 5277 3598 5304 ο
3638 5267 3810 5322 Eccli.

2212 5527 2488 5583 codicibus
2520 5523 2739 5583 nostris,
2769 5531 2878 5576 tum
2911 5523 3303 5592 manuscriptis,
3340 5533 3448 5578 tum
3480 5523 3637 5578 editis

2284 5597 2356 5669 (ο)
2381 5595 2475 5669 _Sic
2505 5609 2606 5650 tus.
2635 5593 2770 5669 Reg.
2795 5603 2852 5648 et
2879 5593 3208 5648 edit.Chilﬁ.
3239 5593 3377 5649 Ante
3404 5605 3520 5648 erat
3555 5599 3700 5662 ﬂetu.
3741 5593 3808 5649 In

2209 5665 2340 5723 edit.
2373 5665 2585 5730 Schot.,
2621 5667 2799 5736 fultas.

2284 5739 2360 5811 (ά)
2394 5737 2468 5790 lta
2513 5735 2914 5811 emendavimus
2943 5751 3006 5788 ex
3058 5752 3155 5790 ms.
3191 5735 3324 5805 Reg.
3359 5745 3412 5791 et
3459 5737 3587 5791 edit.
3621 5736 3798 5791 Cliilll.

2210 5809 2347 5864 Ante
2375 5816 2490 5863 erat
2513 5809 2796 5861 termino...
2824 5817 3068 5876 tempora.
