4078 6352
1645 375 2152 441 erumnam

256 503 562 565 secundum
584 500 877 568 hominem.
904 499 1010 556 hoc
1030 505 1137 561 est.
1165 495 1234 553 de
1256 493 1569 553 inﬁrmitate
1606 494 1707 565 (ιι),
1736 509 1844 549 οσ-

1958 493 2187 564 ,μω
2215 491 2896 566 fecunditatem;
2924 493 3551 566 inelaliilibtnpaniset

259 596 401 651 natis
430 601 517 651 est
542 593 786 661 tristitia,
816 599 1033 647 mortem
1058 598 1304 662 operum
1332 596 1381 644 ³.
1411 585 1568 656 Quod
1592 586 1724 643 licet
1760 602 1860 643 au—

259 698 384 745 tore
409 687 648 751 diverse,
668 695 848 741 tamen
874 699 982 740 uno
999 698 1098 756 per
1117 690 1408 753 utrumque
1427 688 1735 738 sanctorum
1762 673 1861 735 Dei

258 782 455 855 spiritu
479 787 537 836 et
563 780 730 835 verba
762 777 1039 849 Scriptura
1067 774 1304 832 concinit
1334 792 1348 828 :
1380 787 1530 829 mors
1551 771 1696 827 enim
1725 785 1855 829 vera

257 876 339 947 (ι)
367 873 585 930 virtutis
610 871 894 941 adopertis
922 877 1024 926 est.
1066 867 1209 925 Nam
1248 867 1299 925 si
1326 866 1497 922 virtus
1542 864 1638 921 Dei
1666 873 1722 921 et
1747 863 1857 921 vita

254 975 446 1022 nostra
475 965 721 1021 Christus
748 971 859 1028 est;
906 976 1036 1017 vere
1063 960 1268 1017 dictum
1295 958 1467 1026 vides.
1494 965 1729 1015 mortem
1769 954 1853 1015 fe-

254 1062 463 1116 stinare
490 1058 596 1117 hoc
621 1071 878 1124 umore.
898 1070 1007 1125 quo
1026 1054 1197 1111 virtus
1219 1053 1495 1124 operiatur
1513 1047 1543 1089 ιι
1568 1069 1582 1104 :
1610 1058 1670 1108 ot
1690 1049 1855 1105 horno

251 1159 405 1206 totus
429 1150 583 1222 quasi
610 1146 843 1219 quadam
870 1146 1066 1203 inferni
1097 1145 1377 1214 voragine,
1396 1143 1476 1199 sic
1500 1144 1739 1215 graviore
1761 1140 1856 1197 tri-

249 1246 428 1313 stitia,
457 1251 515 1298 ut
545 1242 835 1314 Apostolus
862 1240 959 1304 ait,
991 1238 1328 1295 absorbeatur
1360 1247 1405 1289 ο.
1434 1234 1543 1292 Sed
1580 1234 1699 1290 Deo
1723 1248 1851 1305 gra-

251 1336 376 1397 tias,
404 1332 551 1404 quod
596 1330 756 1402 hujus
792 1332 852 1387 in
883 1340 936 1385 te
960 1329 1165 1387 laboris
1192 1327 1482 1391 etlitnoris
1520 1326 1653 1381 mihi
1699 1341 1853 1382 com-

246 1425 511 1495 pendium
554 1422 685 1480 facit
710 1422 1039 1479 conscientia
1068 1420 1363 1481 virtutiset
1395 1416 1694 1491 prudentia:
1722 1427 1846 1487 tua;

244 1515 406 1586 cujus
432 1513 635 1586 largius
660 1513 760 1571 tibi
786 1514 969 1569 lunren
999 1521 1113 1578 est,
1143 1527 1306 1582 quam
1333 1518 1391 1567 ut
1416 1509 1650 1566 tristitiae
1689 1517 1845 1565 tene-

242 1606 367 1662 bris
394 1608 567 1678 possit
594 1605 792 1677 operiri
838 1606 1010 1675 :quin
1039 1604 1221 1677 potius
1252 1611 1342 1658 tua
1374 1602 1542 1659 virtus
1572 1600 1846 1657 tristitiam

242 1699 317 1771 (c)
356 1698 556 1768 largior
582 1698 733 1767 tegit,
754 1705 1094 1767 mortemque
1121 1695 1291 1767 ipsam
1319 1701 1376 1749 et
1393 1693 1502 1749 vim
1531 1692 1682 1749 noxii
1708 1706 1845 1749 mte-

240 1791 390 1845 roris
416 1789 692 1847 absorbet.
716 1788 834 1845 Non
854 1787 908 1844 id
936 1787 1116 1844 verbis
1134 1786 1269 1843 meis
1294 1784 1390 1841 tibi
1414 1785 1637 1856 largior,
1669 1798 1843 1854 neque

1962 583 2441 654 carnisiontibus,
2478 587 3243 658 iaspemjeiimarumadhuc
3280 585 3543 656 gentium,

1962 677 2264 735 esurientes
2290 676 2449 735 Μαι]
2470 680 2706 750 populos
2728 680 3023 737 carnaliter
3047 680 3270 744 manus.
3300 684 3358 734 et
3383 678 3547 748 spiri-

1956 770 2142 828 taliter
2164 772 2414 843 irrigaus.
2444 773 2855 845 indeprehensis
2877 773 3125 831 auctibus
3146 781 3388 829 cuneata
3414 787 3530 841 sup-

1952 864 2373 937 plenuedenda
2406 866 2867 938 suppeditans.“
2915 865 3225 923 aduersus
3264 863 3546 920 edentium

1950 955 2219 1027 fragmina
2262 958 2342 1033 (ἀ)
2371 959 2648 1019 subeidiva
2673 960 3030 1031 deprome-3
3076 968 3135 1017 ut
3170 959 3317 1016 inter
3354 972 3548 1015 nanus

1952 1050 2636 1113 veli-anesunentaum‘
2665 1052 3035 1111 aeneam
3079 1052 3548 1124 nihishsentireut

1952 1143 2139 1213 potius
2191 1156 2439 1201 escam
2490 1135 2710 1203 suarm
2746 1144 2996 1215 copiam.
3044 1158 3209 1213 quam
3265 1142 3542 1205 viderent;

1952 1234 3233 1302 maritandae-temulentum”
3279 1235 3547 1293 subeunte

2028 1415 3544 1489 lilpdusenimbominiexempl-niuopeneejus

1948 1524 2185 1580 gerem,
2235 1512 2783 1581 pmoopistiturbam
2830 1510 3071 1569 residere
3122 1512 3176 1567 in
3232 1519 3376 1567 terra
3420 1512 3543 1567 :sic

1948 1598 2547 1671 eﬁmethsusjussit.
2571 1612 2630 1660 ut
2654 1604 3123 1674 legimmiuterra
3154 1604 3467 1661 recumbere
3492 1614 3538 1659 ε.

1947 1692 2482 1765 Nate'mteetipse
2519 1694 3409 1767 Dominuserat.sicutest.quia
3449 1712 3544 1752 ne-

1946 1802 2040 1842 mo
2069 1787 2746 1860 73Wapensiue
2783 1788 3183 1858 Christoagit:
3223 1788 3380 1858 cujus
3424 1804 3543 1844 tnu-

240 1882 559 1953 conjectura
582 1881 794 1937 virtutis
820 1888 927 1936 uite
951 1880 1181 1951 loquor:
1210 1893 1377 1950 opera
1396 1885 1489 1935 tua
1514 1877 1621 1935 hoc
1647 1877 1756 1951 73
1774 1875 1844 1932 de
1868 1885 1921 1949 ι
1948 1895 2082 1937 nere
2125 1890 2184 1937 et
2211 1881 2590 1941 benedicione
2630 1884 2886 1954 cophinos
3054 1899 3254 1954 panes.
3286 1891 3345 1939 ut
3382 1898 3541 1938 acccc

238 1985 294 2033 te
323 1983 724 2038 contestantur.
748 1982 805 2031 et
828 1989 918 2031 me
937 1981 1213 2046 comperta
1231 1971 1380 2042 loqui
1404 1979 1622 2043 cogunt.

313 2068 408 2124 il.
439 2068 665 2124 Veniam
694 2068 839 2124 enim
880 2066 992 2139 jam
1026 2066 1100 2123 ad
1148 2064 1586 2138 praedicationem
1612 2078 1841 2135 operum

237 2168 463 2216 tuorum
481 2199 498 2225 .
527 2167 582 2216 et
604 2159 677 2215 ad
720 2159 843 2230 pios
886 2167 1040 2215 actus
1066 2158 1136 2216 de
1163 2158 1525 2229 lacrymarum
1552 2155 1842 2213 sanctitate

236 2249 509 2306 transibo.
559 2248 667 2305 Sua
699 2251 842 2307 enim
885 2249 1079 2321 cuique
1124 2248 1264 2320 parti
1292 2248 1471 2304 debita
1510 2246 1839 2319 persolvisti.

235 2340 513 2413 lacrymas
540 2341 758 2413 corpori
788 2340 1046 2407 tondens.
1076 2340 1475 2411 eleemosynam
1520 2340 1713 2395 animze
1756 2340 1839 2394 in-

237 2435 494 2491 fundens.
527 2434 667 2491 Vere
709 2420 960 2492 conscius
984 2434 1243 2501 veritatis.
1291 2442 1346 2490 et
1370 2433 1511 2489 lilius
1540 2432 1698 2500 lucis,
1751 2430 1841 2487 ubi

234 2524 478 2584 mortem
505 2526 720 2585 sciebas
744 2542 883 2592 esse.
914 2525 1135 2590 ﬂevisti;
1169 2526 1258 2583 ubi
1287 2528 1453 2582 vitam
1483 2524 1679 2593 credis,
1710 2539 1842 2595 ope-

234 2628 398 2675 ratus
426 2634 486 2676 es
510 2621 529 2691 (
555 2619 619 2674 γ.
652 2627 768 2701 not.
801 2618 864 2675 91
892 2621 910 2691 )
946 2638 960 2675 :
992 2619 1179 2676 vacuis
1206 2618 1407 2687 mania,
1436 2618 1571 2673 vivis
1598 2617 1719 2671 viva
1742 2615 1840 2671 de-

235 2710 512 2781 pendens.
532 2710 725 2783 ltaque
752 2718 1012 2781 patronos
1038 2710 1338 2765 animarum
1367 2715 1679 2763 nostrarum
1705 2719 1844 2774 pau-

232 2816 407 2871 peres
430 2802 493 2867 “.
511 2802 601 2871 qui
628 2809 743 2857 tota
769 2800 851 2872 (ά)
874 2799 1059 2856 Romae
1082 2798 1154 2870 (ε)
1182 2798 1321 2868 stipe
1347 2796 1601 2851 meritam
1624 2796 1691 2867 (ι’)
1717 2792 1850 2848 mul-

232 2894 277 2947 ti
302 2931 326 2956 .
358 2893 435 2962 (g)
469 2900 528 2947 ut
564 2892 717 2947 dives
745 2892 800 2946 in
829 2891 949 2946 aula
990 2888 1237 2960 Apostuli
1264 2886 1620 2957 congregasti.
1655 2883 1848 2940 Pulcra

233 2980 505 3052 equidem
551 2981 687 3035 tanti
716 2982 893 3050 operis
946 2979 1023 3034 tui
1070 2978 1379 3050 spectaculo
1406 2991 1619 3049 pascor.
1653 2975 1849 3033 Videre

232 3072 399 3127 enim
429 3071 561 3127 mihi
588 3071 777 3127 videor
802 3078 912 3126 tota
940 3069 1031 3127 illa
1060 3069 1309 3139 religiosa
1336 3066 1650 3123 miseranda:
1672 3066 1849 3138 plebis

232 3163 521 3229 examina,
553 3162 677 3218 illos
697 3162 913 3233 pietatis
939 3162 1134 3218 divinae
1163 3161 1408 3217 alumnos
1438 3159 1600 3215 tantis
1622 3157 1848 3217 inﬂuere

1945 1972 2073 2043 pisti
2105 1973 2159 2027 in
2214 1974 2431 2029 nomine
2459 1973 2596 2043 ejus.
2646 1974 2788 2033 sicut
2812 1974 3063 2044 discipuli
3092 1975 3163 2031 ab
3208 1975 3328 2045 ipso
3382 1975 3539 2030 bene-

1943 2063 2120 2118 dictos
2148 2073 2469 2135 acceperant
2495 2064 2846 2132 dividendos.
2888 2081 2986 2139 per
3014 2066 3292 2123 innumera
3330 2078 3539 2136 paupe-

1942 2172 2067 2212 rum
2113 2171 2208 2212 ora
2257 2157 2331 2229 (Β)
2373 2157 2664 2217 demensus
2708 2175 2800 2227 es;
2843 2168 2898 2216 et
2943 2157 3439 2226 manducaverunt.
3484 2170 3541 2214 ct

1943 2248 2174 2305 saturati
2200 2256 2324 2307 sunt
2365 2268 2377 2305 :
2416 2257 2473 2307 et
2508 2254 2656 2322 quod
2698 2251 2991 2309 abundavit
3017 2251 3085 2309 de
3112 2252 3368 2324 panibus.
3402 2251 3540 2306 tule-
3620 2264 3629 2271 '

1940 2347 2071 2394 runt
2097 2355 2308 2409 omnes.
2336 2344 2702 2416 unusthqu
2728 2352 2942 2416 sportas
2969 2359 3095 2401 snas
3120 2344 3308 2416 plenas
3357 2342 3400 2398 ί.
3432 2343 3540 2399 Sed

1943 2439 2005 2486 tu
2030 2448 2252 2491 omnem
2295 2434 2708 2494 redundantiam
2748 2436 3170 2508 fragmentorum
3218 2436 3539 2507 spiritalium

1943 2525 2229 2593 collegisti,
2260 2527 2326 2583 de
2353 2527 2637 2585 duodecim
2665 2530 2915 2600 cophinis
2950 2530 3306 2599 apostolicam
3355 2528 3536 2592 tidem.

1945 2617 2015 2674 de
2060 2628 2268 2688 septem
2313 2621 2514 2690 sportis
2562 2622 2790 2690 gratiam
2829 2621 3160 2692 spiritalem;
3208 2636 3315 2676 non
3364 2620 3544 2676 minus

1948 2708 2273 2766 mirabiliter
2297 2721 2558 2782 operante
2604 2713 2657 2768 in
2688 2711 2794 2768 tuis
2820 2711 3050 2782 panibus
3076 2710 3317 2776 Christo,
3348 2712 3441 2781 qui
3488 2713 3542 2768 in

1950 2809 2046 2855 tuo
2073 2800 2180 2856 isto
2206 2802 2455 2858 convivio
2496 2818 2689 2874 panem
2719 2811 2871 2859 tuum
2896 2803 3170 2861 carnalem
3198 2805 3253 2860 in
3292 2804 3541 2862 caelestes

1948 2892 2102 2973 cibos
2122 2895 2415 2965 transtulit,
2444 2904 2500 2953 et
2527 2897 2580 2952 in
2602 2905 2861 2953 mternam
2891 2898 2989 2955 tibi
3010 2899 3350 2956 saturitatem
3379 2915 3539 2971 para-

1949 2984 2047 3039 vit.
2078 2983 2422 3044 Reciunbens
2443 2988 2585 3044 enim
2602 2987 2728 3059 jure
2747 3005 2868 3046 cum
2890 2990 3135 3061 patribus
3159 2991 3222 3063 (ι)
3245 2990 3539 3059 Abraham,

1948 3072 2118 3140 Isaac.
2171 3085 2227 3133 et
2276 3075 2462 3145 Jacob.
2519 3081 2769 3138 convivio
2819 3080 3037 3151 Christi,
3087 3093 3236 3140 veste
3284 3085 3541 3156 praeditus

1948 3167 2175 3237 nuptiali
2208 3178 2255 3234 κ,
2285 3170 2411 3239 quia
2442 3178 2621 3227 tecum
2648 3172 2769 3229 istic
2807 3174 2863 3231 in
2889 3175 3217 3247 pauperibus
3241 3178 3353 3235 suis
3379 3176 3539 3235 Chri-

234 3254 466 3326 penitus
493 3253 796 3321 agminibus
826 3253 878 3306 in
906 3253 1289 3323 amplissimam
1320 3250 1539 3321 gloriosi
1570 3249 1713 3307 Petri
1742 3251 1842 3307 ba-
1872 3256 1922 3321 C
1951 3265 2068 3313 stus
2091 3261 2380 3328 recumbit.
2409 3272 2464 3317 et
2491 3262 2645 3320 habet
2666 3265 2723 3321 in
2748 3281 2806 3323 te
2832 3264 3005 3325 Filius
3026 3267 3251 3325 hominis
3277 3268 3363 3325 ubi
3386 3271 3539 3326 recli-

234 3346 454 3403 silicam
484 3359 584 3415 per
611 3344 1144 3401 illam‘venerabilem
1174 3344 1252 3415 (It)
1284 3343 1488 3414 regiam
1515 3343 1576 3416 (ἱ)
1601 3342 1699 3416 (ν.
1721 3353 1840 3401 not.

237 3437 347 3507 54)
375 3437 559 3493 cerula
608 3438 818 3493 eminus
864 3436 1042 3492 fronte
1071 3435 1357 3504 ridentem,
1387 3445 1447 3492 ut
1476 3444 1591 3492 tota
1618 3446 1675 3491 et
1700 3436 1844 3511 intra

139 3574 150 3584 .
239 3529 545 3595 basilicam,
578 3537 633 3585 et
660 3544 759 3600 pro
770 3527 958 3599 januis
985 3528 1128 3595 atrii.
1159 3537 1216 3583 et
1256 3545 1357 3599 pro
1382 3527 1635 3597 gradibus
1661 3528 1843 3600 campi

230 3622 419 3693 spatia
444 3628 793 3678 coarctentur
823 3620 885 3674 ".
923 3620 1087 3690 Video
1114 3626 1469 3689 congregatos
1489 3619 1563 3674 ita
1590 3618 1844 3677 distincte

241 3729 341 3785 per
370 3713 650 3771 accubitus
678 3712 783 3784 (V.
814 3721 931 3769 not.
964 3710 1061 3782 55)
1092 3711 1350 3780 ordinari,
1382 3720 1438 3768 et
1472 3710 1695 3784 proﬂuis
1720 3727 1836 3768 om-

245 3822 342 3861 nes
368 3805 604 3862 saturari
633 3804 787 3866 cibis.
830 3814 887 3861 ut
913 3815 1039 3863 ante
1084 3805 1271 3863 oculos
1299 3804 1633 3876 Evangelica:
1668 3805 1837 3863 bene-

245 3897 497 3953 dictionis
527 3897 763 3961 ubertas.
793 3912 1089 3968 eorumque
1136 3898 1459 3969 populorqu
1493 3899 1673 3969 imago
1716 3913 1838 3956 ver—

251 3996 430 4059 setur,
473 4003 613 4059 quos
657 3991 892 4061 quinque
938 3990 1163 4060 panibus
1210 3999 1266 4045 et
1300 3990 1510 4045 duobus
1552 3987 1837 4060 piscibusd

251 4080 404 4152 panis
436 4082 549 4154 ipse
579 4098 757 4146 verus.
787 4091 845 4137 et
883 4097 1034 4152 aqu-.c
1060 4083 1194 4137 vivae
1238 4083 1402 4153 piscis
1448 4081 1553 4155 (γ.
1587 4090 1699 4139 not.
1733 4081 1838 4154 56)

246 4173 492 4232 Christus
518 4176 755 4248 explevit
783 4194 795 4229 :
827 4189 933 4231 non
965 4175 1164 4230 usitato
1193 4189 1345 4229 more
1370 4181 1674 4229 creaturam
1701 4173 1838 4230 cibis

246 4268 547 4336 hominum,
578 4268 675 4331 sed
713 4284 855 4325 novo
876 4282 1101 4324 munere
1140 4265 1251 4338 jam
1276 4274 1494 4337 paratos
1529 4265 1839 4323 hominibus

245 4357 397 4416 cibos
425 4360 682 4430 gignens;
707 4375 830 4415 cum
856 4365 1045 4430 operta
1071 4372 1264 4413 manus
1286 4355 1469 4412 divino
1489 4364 1738 4426 suggestu
1760 4357 1841 4412 vi-

245 4455 433 4513 sibiles
461 4455 649 4527 epulas
694 4456 1057 4521 ministraret,
1104 4462 1164 4510 et
1198 4452 1253 4509 in
1282 4451 1536 4525 alimenta
1574 4466 1840 4523 corporea

1949 3361 2035 3406 net
2062 3362 2217 3423 caput
2236 3370 2387 3411 suum
2410 3351 2457 3409 ιι.

2022 3444 2109 3501 l3.
2138 3445 2300 3505 Juvat
2322 3448 2487 3504 etiam
2512 3464 2655 3507 nunc
2676 3451 2733 3507 in
2752 3451 3063 3523 spectaculo
3083 3460 3140 3507 et
3158 3452 3543 3523 prdicatione

1947 3537 2086 3592 tanti
2113 3539 2293 3609 operis
2314 3539 2611 3596 humorari.
2644 3540 2767 3598 Non
2791 3541 2937 3599 enim
2956 3543 3216 3611 hominis,
3244 3542 3341 3599 sed
3360 3543 3542 3602 divina

1947 3643 2048 3700 per
2074 3628 2350 3687 hominem
2381 3645 2546 3702 opera
2586 3631 2888 3691 laudamus.
2938 3632 3110 3703 Quam
3140 3634 3323 3692 iactum
3346 3635 3458 3693 Deo
3486 3643 3544 3697 et

1945 3721 2145 3778 sanctis
2174 3722 2377 3793 angelis
2403 3722 2520 3792 ejus
2557 3722 2626 3780 de
2657 3725 2758 3783 hac
2787 3734 2877 3783 tua
2902 3768 2919 3797 ,
2967 3736 3026 3783 ut
3051 3728 3156 3787 dici
3186 3728 3323 3785 solet
3347 3771 3363 3798 .
3410 3744 3542 3801 pera

1946 3812 2045 3886 (V.
2063 3823 2175 3871 not.
2195 3813 2287 3886 '58)
2310 3817 2673 3887 spectaculum
2697 3818 2791 3887 (γ.
2815 3829 2927 3877 not.
2952 3821 3043 3891 57)
3069 3837 3225 3878 sacer
3245 3822 3424 3878 editor
3446 3840 3542 3879 ex-

1944 3906 2171 3963 hibebss
2192 3905 2207 3945 ί
2232 3908 2245 3962 l
2278 3916 2480 3981 quanto
2506 3910 2678 3981 ipsum
2700 3910 3015 3983 Apostolum
3034 3912 3319 3969 attollebas
3338 3913 3379 3946 “
3407 3929 3542 3983 gau-

1945 3997 2056 4062 dio,
2082 4014 2207 4055 cum
2232 4009 2399 4057 tutam
2420 4001 2536 4071 ejus
2560 4002 2839 4058 basilicam
2862 4002 3046 4060 densis
3069 4006 3289 4075 inopum
3310 4006 3542 4061 antibus

1946 4090 2297 4159 stipavisses,
2344 4093 2431 4148 vel
2479 4108 2585 4162 qua
2632 4094 2736 4149 sub
2783 4094 2894 4149 alto
2940 4096 3023 4150 sui
3073 4095 3322 4150 culminis
3349 4097 3541 4150 mediis

1948 4182 2129 4250 ampla
2155 4181 2499 4252 laquearibus
2523 4184 2739 4252 longum
2767 4170 2950 4255 patet,
2982 4193 3037 4240 et
3064 4184 3376 4254 Apostolico
3405 4187 3544 4240 emi-

1950 4287 2054 4327 nus
2079 4271 2218 4329 solio
2250 4271 2346 4343 (ν.
2378 4282 2495 4330 not.
2528 4272 2618 4343 39)
2643 4290 2973 4341 coruscans,
3004 4276 3417 4341 ingredientium
3457 4277 3541 4333 lu-

1951 4363 2096 4421 mina
2122 4364 2366 4435 stringit,
2398 4373 2453 4421 et
2481 4366 2645 4423 corda
2668 4365 2903 4425 laetiﬁcat
2928 4386 2941 4423 :
2974 4368 3062 4425 vel
3084 4383 3189 4441 qua
3225 4368 3325 4424 sub
3351 4369 3541 4431 eadem

1953 4454 2097 4511 mole
2144 4461 2415 4514 tectorum
2457 4458 2687 4531 geminis
2732 4460 3003 4532 utrimque
3047 4462 3344 4533 porticibus
3373 4462 3540 4523 latera

316 4628 342 4656 ι
372 4617 415 4671 ll
445 4615 574 4673 Cor.
607 4615 838 4687 “1,710.4
878 4612 938 4666 ὺι
969 4615 1166 4687 Cori,
1194 4610 1296 4687 et;
1324 4608 1776 4687 Psal._x_uu,_20;
1805 4607 1844 4663 C

1947 4627 2021 4687 ut,
2050 4609 2375 4687 §.__¢ﬂ_Cor.
2409 4615 2542 4687 ".7.
2592 4612 2833 4687 ﬁMatth.
2856 4617 3093 4687 “v.19;
3121 4617 3315 4675 Julian.
3347 4637 3418 4686 vt,
3454 4618 3538 4678 ll.

247 4702 271 4729 ε
300 4690 494 4745 lattb.
522 4685 1056 4762 XN,_19;_H:’I_I’C._V1,
1080 4683 1179 4748 59;
1370 4699 1443 4762 ix,
1476 4680 1564 4762 [ις
1587 4680 1781 4762 Job-lg:
1815 4697 1889 4748 vt,
1921 4681 2009 4736 10.
2052 4682 2074 4720 ί
2102 4681 2401 4753 Iatth.xv,
2428 4685 2532 4753 87;
2570 4686 2738 4745 lare.
2769 4704 2879 4755 vin,
2910 4680 2965 4743 εξ
2996 4701 3025 4738 s
3055 4680 3243 4747 ﬂung,
3276 4680 3415 4757 ηυξ
3444 4693 3538 4762 ης

246 4762 436 4818 Matth.
470 4776 581 4824 vm,
616 4750 700 4811 ll.
750 4750 802 4792 ⁷⁸³
833 4756 1022 4811 Matth.
1061 4772 1173 4819 vm,
1200 4753 1287 4808 20.
1372 4754 1387 4792 ί
1422 4752 1443 4807 ι
1480 4754 1605 4809 Cor.
1639 4769 1717 4818 tv,
1742 4750 1794 4804 9.

317 4940 395 5008 (α)
444 4939 730 5007 Expuncto
758 4937 922 4993 verbo
963 4946 1039 4992 est
1089 4934 1243 5008 juxta
1290 4948 1391 5008 ms.
1426 4931 1561 5003 Reg.
1614 4943 1670 4989 et
1699 4934 1833 5008 edit.
1860 4929 1919 4993 υ

245 5005 422 5066 (:hilll.
460 5005 829 5067 subnectimus
856 5005 1353 5077 alteramepistolte
1390 5013 1600 5077 partem
1616 5020 1749 5077 qua:
1778 5006 1834 5062 in

246 5081 478 5149 vulgatis
525 5088 579 5137 et
607 5096 734 5136 mss.
783 5078 1103 5151 quibusdam
1132 5075 1407 5141 Codicibus
1450 5075 1516 5151 ad
1566 5075 1837 5151 A_l_€thi_um

246 5147 642 5234 inscribebatur
671 5166 777 5234 uno
798 5147 1123 5221 'eodemque
1161 5156 1349 5205 tenore
1390 5147 1547 5218 epist.
1580 5147 1669 5202 ‘55.
1703 5147 1839 5204 Vide

244 5221 470 5277 Dissert.
506 5221 558 5291 l,
591 5239 645 5276 η.
678 5220 763 5275 i5.
1036 5220 1043 5221 ί

260 5363 271 5365 _
315 5291 391 5365 (ὁ)
420 5292 514 5349 Sic
555 5308 657 5349 ms.
691 5292 844 5348 Vien.
893 5299 950 5365 et
976 5290 1105 5346 edit.
1136 5288 1312 5346 Chiﬂl.
1344 5288 1450 5347 Alii
1487 5288 1700 5347 codices
1739 5289 1837 5345 ad;

243 5362 380 5419 dunt
408 5366 617 5436 animus,
644 5379 835 5436 parum
866 5362 1095 5436 adrem.

316 5434 574 5517 (aliane
597 5430 789 5492 vocem
842 5431 1147 5489 addidimus
1176 5447 1244 5488 ex
1290 5447 1394 5489 ms.
1422 5430 1560 5501 Reg.
1604 5441 1661 5489 et
1705 5431 1835 5489 edit.

241 5502 527 5650 clla
558 5592 690 5634 mss.
720 5574 858 5649 Reg.
890 5582 946 5631 et
985 5571 1138 5630 Vien.
1171 5580 1227 5630 et
1266 5571 1396 5630 edit.
1430 5570 1605 5631 Cbilll.
1657 5574 1835 5643 Alias.

239 5640 513 5788 Ἥὲίο
538 5734 642 5776 ms.
672 5717 833 5774 Vien.
864 5724 921 5774 et
947 5714 1033 5788 ed.
1064 5710 1398 5788 CitirllILAlii.
1423 5717 1637 5788 stipem.

342 5783 392 5864 Ῑ)
424 5788 499 5864 lui
551 5807 654 5864 ms.
684 5788 841 5844 Vien.
873 5797 928 5844 ct
972 5785 1057 5842 ed.
1110 5783 1284 5840 Chim.
1319 5793 1375 5839 et
1418 5783 1666 5841 Sacchin.
1700 5787 1840 5845 Ante

240 5862 355 5922 cm
388 5862 783 5918 ﬁrmitudinem.

2015 4936 2092 5007 (g)
2120 4933 2212 4990 Sic
2253 4951 2383 4992 mss.
2434 4934 2567 5007 Reg.
2613 4946 2669 4993 et
2725 4936 2881 4993 Vien.
2938 4953 3057 4993 cum
3116 4940 3245 4996 edit.
3300 4941 3536 4999 Chiﬂlet.

1944 5007 2111 5061 Alias.
2134 5006 2329 5061 aulam.

2012 5022 2111 5070 tas,
2134 5022 2329 5062 autem

2018 5076 2096 5149 (h)
2126 5076 2205 5149 ns
2234 5093 2360 5135 mss.
2391 5077 2755 5149 Vatic.Vien.
2787 5088 2841 5136 et
2869 5081 2997 5137 edit.
3029 5079 3263 5138 Chiﬂlet.
3292 5092 3347 5138 et
3375 5084 3536 5140 Rosv.

1945 5147 2145 5221 arms.
2179 5147 2314 5219 Reg.
2358 5163 2480 5221 cum
2526 5148 2687 5206 editis
2731 5161 2985 5221 quatuor,
3035 5154 3288 5221 reginam.
3341 5153 3539 5219 Estque

1944 5219 2236 5345 νῆᾖὶἓῖιὲῗυ
2252 5219 2467 5345 3rigirta,
2499 5219 2769 5292 praecipua
2800 5221 3071 5280 Vaticana:
3093 5219 3330 5280 basilica:
3359 5235 3536 5293 porta.

2022 5360 2085 5429 (i)
2114 5359 2208 5417 Sic
2238 5376 2369 5417 mss.
2406 5361 2539 5430 Reg.
2574 5372 2630 5419 et
2675 5362 2830 5421 Vien.
2878 5382 3001 5422 cum
3032 5364 3202 5420 tribus
3225 5362 3403 5419 editis.
3435 5380 3536 5425 ms.

1946 5429 2200 5502 Vatic.iet
2229 5432 2359 5487 edit.
2394 5429 2587 5502 Rnsv.,
2616 5436 2844 5491 cerulea.

2022 5502 2091 5574 (j)
2122 5501 2197 5557 Ita
2228 5518 2329 5574 ms.
2362 5502 2515 5560 Vien.
2549 5514 2603 5559 et
2637 5505 2770 5563 edit.
2809 5504 2984 5562 Chim.
3018 5503 3114 5559 Ed.
3162 5503 3337 5570 Grin.,
3367 5503 3537 5561 subri-

1944 5572 2074 5630 sivti.
2106 5574 2205 5629 Alii
2227 5572 2457 5641 codices,
2484 5574 2753 5631 subcitiva.

2021 5646 2096 5715 (lx)
2126 5645 2215 5701 Sic
2246 5661 2375 5702 mss.
2406 5654 2462 5702 et
2490 5646 2620 5703 editi
2648 5646 2884 5712 codices,
2911 5653 3107 5716 pnetcr
3136 5643 3297 5700 Rusv.
3333 5647 3384 5701 in
3405 5662 3535 5718 «pur,

1946 5718 2209 5772 dimensus
2231 5734 2304 5773 es.

2022 5786 2266 5911 (uallata
2293 5787 2753 5910 prepositionem
2801 5785 3109 5842 addidimus
3153 5804 3217 5841 ex
3247 5804 3349 5847 ms.
3377 5787 3536 5845 Vien.

2046 5877 2124 5909 m
2161 5899 2173 5911 .
2234 5874 2304 5910 ,ιι
2370 5874 2398 5911 e
2425 5895 2438 5910 .

1946 5872 1996 5912 (‘l
2046 5867 2173 5911 l'tlll.
2205 5867 2438 5911 (λιηιιιρι.
