4078 6352
557 363 663 422 215

1681 369 1735 426 S.
1781 369 2052 429 PAULINI
2092 374 2342 435 NOLANI
2382 379 2682 440 EPISCOPI

3733 393 3838 454 916

557 480 808 539 diﬂ‘undit
833 500 846 550 ;
890 499 1063 553 quave
1093 491 1354 554 praetento
1382 486 1560 539 nitens
1590 487 1731 542 atrio
1762 488 1857 559 (V.
1884 499 1996 546 not.
2030 491 2132 566 40),

2251 499 2547 556 dictionum
2566 503 2902 560 addebantur
2921 507 3154 577 przemiis
3175 513 3387 568 vestris.
3420 510 3583 569 Vobis
3605 517 3751 573 enim
3770 518 3835 577 ad

493 649 502 658 4
557 576 677 631 fusa
709 577 972 633 vestibulo
1000 586 1083 632 est
1107 596 1120 643 ;
1153 578 1241 677 ubi
1271 579 1590 634 cantharum
1627 581 1870 637 ministra
1897 586 2146 642 manibus
2241 593 2507 663 justitiam
2537 594 2896 665 deputabatur
2922 576 3286 658 conclamatio
3315 603 3404 659 illa
3431 614 3488 660 et
3515 622 3834 677 compreca-

555 674 613 720 et
654 667 838 722 oribus
886 667 978 738 (V.
1023 677 1138 722 not.
1182 667 1271 737 41)
1325 671 1525 725 nostris
1574 671 1770 728 ﬂuenta
1820 682 2142 746 ruetantem,

554 758 834 829 fastigatus
870 761 1042 820 solido
1073 777 1180 817 atre
1216 764 1396 819 tholus
1425 773 1586 820 ornat
1615 775 1671 822 et
1700 767 2002 834 inumbrat,
2035 786 2145 826 non

556 850 675 905 sine
714 851 934 923 mystica
979 854 1160 922 specie
1194 866 1430 924 quatuor
1474 857 1740 914 columnis
1768 859 1864 931 (γ.
1907 870 2022 916 not.
2051 860 2143 933 42)

555 939 811 994 salientes
839 957 1006 1011 aquas
1037 944 1300 1000 ambiens.
1343 946 1510 1002 Decet
1541 949 1686 1003 enim
1728 950 2023 1018 ingressum
2054 968 2145 1009 ec-

549 1029 728 1086 clesia:
758 1033 881 1088 talis
909 1044 1167 1103 ornatus,
1201 1046 1259 1091 ut
1284 1038 1427 1106 quod
1467 1038 1608 1094 intus
1635 1041 1894 1112 mysterio
1920 1043 2142 1099 salutari

550 1125 784 1192 geritur,
823 1129 1105 1196 spectabili
1133 1145 1234 1200 pro
1269 1130 1470 1186 foribus
1501 1148 1666 1202 opere
1690 1113 1976 1202 signetur;
2005 1135 2142 1191 Nam

550 1226 608 1272 et
635 1219 807 1273 nostri
837 1222 1081 1290 corporis
1130 1223 1388 1293 templum
1431 1223 1746 1293 quadrijugo
1776 1226 2142 1283 stabilimento

553 1329 663 1368 una
703 1312 977 1383 Evangelii
1013 1315 1142 1371 tides
1183 1317 1449 1384 sustinet;
1496 1327 1552 1373 et
1593 1335 1715 1374 cum
1753 1335 1821 1374 ex
1852 1336 1918 1375 eo
1945 1322 2139 1390 gratia,

551 1422 657 1477 qua
679 1410 1026 1476 renascimur,
1053 1410 1214 1478 ﬂuat;
1243 1415 1368 1468 etin
1393 1429 1458 1469 eo
1471 1414 1738 1483 Christus,
1762 1431 1870 1485 quo
1890 1418 2138 1486 vivimus,

551 1499 826 1554 reveletur
850 1518 863 1566 ;
919 1502 1160 1570 profecto
1188 1505 1343 1559 nobis
1373 1506 1423 1558 in
1455 1515 1686 1574 quatuor
1713 1507 1839 1561 vita:
1863 1508 2143 1566 columnas

549 1589 628 1659 (a)
660 1589 747 1644 ille
777 1607 926 1661 aqua!
951 1593 1186 1647 salientis
1217 1594 1282 1658 in.
1302 1596 1457 1648 vitam
1487 1607 1732 1650 wternam
1763 1599 1880 1668 fons
1910 1607 1937 1636 ι
1968 1600 2142 1654 nasci-

549 1690 677 1747 tur;
727 1699 934 1753 nosque
975 1687 1042 1740 ab
1082 1687 1294 1741 interno
1320 1688 1476 1756 rigat,
1509 1695 1564 1742 et
1595 1688 1765 1744 fervet
1793 1691 1846 1744 in
1867 1690 2024 1746 nobis
2051 1709 2064 1744 :
2095 1693 2142 1748 si

549 1783 730 1830 tamen
755 1775 830 1846 (b)
864 1778 1130 1846 possimus
1154 1779 1350 1844 dicere,
1383 1780 1469 1834 vel
1489 1781 1691 1836 sentire
1715 1797 2020 1838 mereamur
2044 1785 2142 1838 ha-

2248 686 2325 740 tio
2358 702 2655 756 pauperum
2681 727 2696 752 ,
2727 703 2832 758 qua
2873 705 2973 761 per
2999 698 3181 746 vestra
3211 709 3433 750 munera
3478 695 3837 756 benediceba-

2247 787 2336 834 tur
2361 781 2492 836 Deo.
2518 780 2682 836 Facili
2710 784 2854 838 enim
2881 784 2969 840 via
2997 785 3062 840 ad
3091 801 3278 843 aurem
3305 787 3401 844 Dei
3428 805 3592 846 voces
3614 791 3834 862 inopum

2247 874 2579 944 diriguntur,
2627 877 2752 946 quia
2787 879 2956 934 oratio
2982 879 3053 951 (ε)
3079 882 3350 952 pauperis,
3392 883 3532 939 sicut
3573 887 3834 958 scriptum

2245 975 2346 1034 est,
2380 969 2539 1024 nubes
2565 979 2802 1042 penetrat
2830 969 2878 1026 ιι.

2319 1057 2404 1114 15.
2440 1059 2663 1117 Poteras
2686 1061 2940 1136 Romam
2960 1065 3248 1123 intentatas
3276 1069 3372 1125 tibi
3399 1069 3516 1126 illas
3546 1070 3600 1125 in
3628 1070 3836 1143 Apoca-

2245 1153 2380 1226 lypsi
2411 1155 2583 1211 minas
2611 1171 2720 1210 non
2747 1157 2936 1212 timere
2955 1201 2970 1226 ,
2997 1159 3042 1214 si
3073 1160 3200 1215 talia
3225 1177 3440 1233 semper
3467 1163 3696 1220 ederent
3722 1181 3837 1219 mu-

2246 1260 2374 1300 nera
2404 1254 2683 1303 senatores
2713 1247 2805 1302 tui.
2860 1248 2998 1305 Vere
3040 1259 3168 1308 tunc
3206 1253 3307 1308 tibi
3335 1253 3531 1311 nobilis
3570 1265 3720 1311 esset
3751 1257 3834 1311 illa

2245 1337 2498 1392 nobilitas
2537 1353 2698 1408 quam
2747 1340 2943 1395 sacrati
2979 1349 3188 1412 patres,
3240 1343 3548 1412 Abraham,
3593 1345 3746 1402 Isaac
3785 1355 3836 1400 et

2243 1425 2430 1494 Jacob,
2453 1430 2693 1499 paternis
2709 1430 2914 1487 sinibus
2929 1433 3290 1503 exciperent"
3309 1453 3325 1502 ;
3348 1451 3509 1505 quam
3532 1437 3834 1508 prophete,

2245 1523 2506 1593 apostoli,
2557 1523 2828 1588 martires,
2873 1525 2927 1579 id
2958 1535 3042 1582 est
3065 1527 3188 1582 coeli
3215 1535 3435 1583 senatus
3463 1539 3830 1598 agnosceret;

2244 1630 2405 1684 quam
2437 1624 2559 1685 post
2587 1624 2768 1686 togam
2799 1617 2943 1672 nulla
2981 1618 3240 1675 immundi
3269 1621 3541 1690 sanguinis
3571 1623 3728 1677 sanie
3754 1623 3833 1676 fu-

2245 1715 2542 1774 nestatam,
2569 1709 2739 1778 regali
2767 1710 3045 1779 promissa:
3070 1711 3204 1768 lucis
3231 1713 3368 1768 stola
3397 1712 3648 1769 Christus
3678 1715 3832 1770 indu-

2245 1807 2361 1853 eret
2388 1797 2431 1866 ί,
2461 1807 2515 1853 et
2541 1799 2593 1854 in
2622 1799 2760 1856 libro
2789 1801 2932 1869 albo,
2963 1801 3066 1857 hoc
3089 1811 3170 1858 est
3200 1803 3336 1859 libro
3360 1805 3482 1858 vita:
3508 1806 3523 1854 i
3555 1808 3832 1875 perennis,
3894 1824 3897 1828 ·

546 1864 676 1920 here
703 1883 802 1922 nos
831 1884 927 1923 cor
955 1870 1152 1925 ardens
1174 1870 1226 1923 in
1250 1871 1336 1924 via
1359 1869 1414 1937 δ,
1445 1872 1588 1942 quod
1620 1871 1836 1930 Christo
1860 1874 2136 1932 nobiscum
2170 1889 2218 1949 Β
2243 1893 2350 1964 75
2407 1864 2757 1947 adscriberet,
2817 1864 2956 1949 vel-'3
2998 1896 3101 1950 ίιιω
3143 1895 3341 1952 dmum
3389 1864 3585 1953 divite;
3633 1864 3830 1964 forem;

547 1959 657 2031 74
685 1961 756 2032 (ε)
788 1962 1153 2018 inambulante
1180 1962 1507 2020 ﬂammatur.

623 2077 708 2131 M.
744 2078 915 2146 Quam
946 2079 1125 2134 laetum
1158 2094 1287 2150 ergo
1314 2090 1444 2136 tunc
1472 2081 1613 2147 Deo,
1661 2091 1716 2137 et
1763 2084 1966 2152 angelis
1991 2085 2139 2154 pacis

547 2177 602 2224 et.
645 2172 852 2227 cunctis
898 2170 1221 2230 Sanctorum
1273 2174 1548 2244 spiritibus
1585 2176 1950 2244 spectaculum
2001 2192 2140 2246 prm-

545 2260 708 2315 bttisli
727 2263 777 2315 σε
811 2263 985 2333 primo
996 2263 1064 2318 de
1077 2264 1320 2334 Apostoli
1334 2265 1702 2333 veneratione,
1716 2265 1869 2335 cujus
1892 2265 2052 2322 (idem
2075 2282 2138 2323 ac

545 2357 864 2410 memoriam
880 2365 991 2410 tam
1021 2357 1373 2427 multiplicata
1404 2358 1695 2428 opulentia:
1723 2358 2014 2414 devotione
2043 2374 2135 2414 ce-

544 2448 798 2512 lebrasti;
831 2466 1009 2506 sacras
1031 2450 1262 2521 primum
1291 2451 1524 2519 hostias,
1555 2460 1610 2506 et
1633 2453 1676 2483 ’⁵
1703 2461 1851 2506 casta
1883 2451 2135 2506 libamina

543 2555 665 2594 cum
698 2543 1075 2612 acceptissima
1102 2542 1268 2612 ipsius
1297 2543 1813 2598 commemoratione
1840 2542 1952 2597 Deo
1989 2541 2136 2597 defe-

542 2648 710 2699 rens,
765 2634 958 2690 deinde
995 2634 1362 2691 muniﬁcentia
1404 2637 1757 2706 consequenti
1806 2637 2036 2706 teipsum
2082 2636 2134 2690 in

542 2725 707 2780 corde
741 2726 941 2782 mundo
971 2735 1026 2782 et
1053 2727 1243 2798 spiritu
1268 2727 1551 2782 humiliato
1581 2728 2016 2797 acceptissimum
2044 2743 2132 2782 sa-

542 2819 801 2874 criﬁcium
831 2819 1065 2876 oﬂ'erens
1103 2821 1320 2876 Christo
1360 2818 1427 2886 d;
1483 2822 1535 2875 in
1579 2821 1732 2890 cujus
1775 2821 2134 2876 tabernaculis

540 2925 682 2965 verae
714 2913 790 2983 (d)
816 2912 1150 2982 jubilationis
1177 2912 1384 2969 hostias
1405 2913 1693 2968 immolasti
1713 2923 1738 2950 ε
1758 2953 1774 2978 ,
1803 2911 2050 2967 reﬁciens
2079 2920 2135 2966 ct

539 3017 766 3073 pascens
789 3019 900 3070 eos,
917 3005 1008 3075 qui
1023 3005 1397 3061 benedictione
1413 3019 1700 3059 numerosa
1721 3004 1891 3058 laudis
1903 3003 2131 3057 hostiam

537 3095 903 3149 sacriﬁcarent
928 3095 1039 3151 Deo
1063 3097 1107 3150 ί.
1139 3094 1313 3162 Quam
1339 3096 1485 3151 bono
1518 3103 1643 3150 tunc
1668 3093 1808 3149 Urbs
1837 3101 2020 3149 nostra
2044 3101 2129 3148 tu-

537 3186 707 3240 multu
745 3186 1038 3251 fremebat,
1092 3203 1212 3242 cum
1240 3196 1298 3242 tu
1326 3187 1710 3243 misericordia:
1751 3186 1954 3242 viscera
2002 3185 2127 3242 reti-

2242 1983 2438 2052 quibus
2467 1999 2575 2038 non
2600 1983 2852 2040 draconis
2878 1987 3083 2056 antiqui
3113 1996 3336 2043 eruenta
3361 1991 3585 2055 smvitia,
3615 1991 3715 2047 sed
3746 1991 3833 2046 Dei

2241 2075 2540 2132 Salvatoris
2569 2077 2830 2134 immensa
2857 2078 3071 2134 bonitas
3095 2089 3410 2150 pasceretur
3427 2125 3443 2151 ,
3487 2083 3533 2137 si
3564 2083 3719 2152 quod
3746 2084 3832 2138 be<

2241 2170 2358 2226 stiis
2388 2181 2480 2224 aut
2498 2169 2903 2239 gladiatoribus,
2929 2180 2982 2226 et
3007 2174 3385 2244 comparandis
3411 2176 3552 2231 male
3581 2175 3831 2247 proﬂiga-

2242 2271 2327 2318 tur
2349 2273 2404 2319 et
2424 2264 2648 2331 alendis,
2681 2266 2733 2320 id
2759 2267 2992 2339 propria:
3020 2267 3312 2324 donaretur
3332 2269 3512 2337 saluti,
3542 2271 3829 2342 cariusque

2240 2355 2396 2410 nobis
2419 2363 2562 2411 esset
2589 2357 2770 2413 vivere
2797 2373 2958 2428 quam
2987 2361 3184 2430 perire.
3217 2359 3324 2416 Sed
3351 2369 3407 2416 et
3431 2362 3659 2416 avaritia
3683 2371 3742 2417 et
3768 2363 3827 2416 li-

2238 2446 2521 2502 beralitate
2550 2462 2804 2518 perversa
2842 2449 2954 2505 Deo
2983 2467 3083 2522 pro
3126 2451 3280 2508 nobis
3309 2462 3532 2522 egentes
3555 2493 3572 2520 ,
3633 2455 3826 2509 zabqu

2238 2547 2426 2594 contra
2454 2555 2554 2596 nos
2583 2540 2794 2610 prodigi
2822 2557 3024 2597 sumus.
3074 2542 3338 2598 Damnum
3369 2545 3422 2599 in
3461 2544 3646 2610 lucro,
3691 2555 3748 2600 et
3777 2546 3824 2600 in

2237 2629 2434 2686 damno
2491 2631 2697 2688 lucrum
2748 2633 3029 2691 ducimus:
3097 2637 3372 2707 vitamque
3427 2646 3670 2693 nostram
3729 2656 3824 2695 nec

2236 2731 2458 2791 egenter
2482 2723 2745 2781 redimere
2766 2741 3036 2790 curamus,
3069 2729 3161 2797 qui
3191 2744 3288 2798 pro
3310 2730 3418 2783 vita
3429 2737 3665 2784 mortem
3685 2731 3816 2785 emi-

2235 2828 2355 2868 mus
2375 2822 2668 2870 sumtuose.
2721 2815 2887 2870 Beata
2913 2825 3058 2872 esset
3080 2827 3260 2872 nostra
3289 2817 3564 2886 conditio,
3598 2820 3644 2874 si
3670 2834 3818 2889 :eque

2234 2901 2369 2972 Deo,
2400 2913 2459 2959 ut
2487 2905 2812 2972 hominibus,
2839 2907 2925 2962 vel
2953 2907 3238 2978 displicere
3267 2909 3596 2977 timeremus,
3636 2911 3717 2966 vel
3735 2926 3809 2966 cu

2233 3011 2473 3052 raremus
2500 2997 2717 3068 placere
2747 3016 2760 3051 :
2793 2998 2838 3054 si
2867 3006 3076 3054 tantum
3104 3010 3370 3072 praecepta
3393 2999 3616 3067 Christi,
3647 3017 3814 3072 quan-

2234 3097 2346 3144 tum
2372 3091 2557 3162 populi
2586 3092 2740 3147 sibila
2781 3107 3134 3162 vereremur;
3193 3102 3286 3160 et,
3331 3094 3377 3148 si
3409 3094 3485 3166 (g)
3518 3102 3675 3150 tanto
3703 3095 3816 3150 laus

2232 3195 2350 3250 quae
2378 3197 2445 3236 ex
2473 3181 2583 3238 Deo
2610 3190 2713 3252 est,
2739 3191 3000 3255 quantum
3030 3185 3131 3241 iste
3151 3184 3220 3241 de
3246 3185 3405 3256 vulgo
3426 3185 3647 3257 plausus
3673 3203 3816 3243 eme«

537 3277 747 3335 ciendis
786 3286 841 3334 et
874 3279 1185 3350 operiendis
1223 3281 1554 3350 pauperibus
1582 3279 1863 3336 eﬂ'undens
1884 3318 1902 3346 ,
1931 3279 2128 3349 pallida
2154 3273 2200 3338 C
2233 3288 2403 3330 retur.

537 3371 888 3426 esurientium
927 3386 1159 3442 corpora
1198 3371 1556 3437 reformares,
1612 3371 1791 3428 aridas
1831 3371 2124 3426 sitientium

537 3461 717 3516 fauces
739 3462 975 3532 rigares,
1008 3464 1236 3519 tremula
1275 3465 1568 3534 algentium
1597 3463 1838 3520 membra
1878 3464 2122 3527 vestires,

537 3562 594 3608 et
625 3555 865 3608 omnium
895 3571 1132 3612 consona
1165 3557 1218 3612 in
1250 3556 1345 3612 Dei
1375 3555 1810 3613 benedictionem
1841 3571 1935 3611 ora
1973 3569 2124 3611 rese-

536 3647 719 3701 rares!
753 3647 859 3702 Sed
879 3663 1048 3718 egena
1071 3666 1301 3722 corpora
1322 3650 1532 3719 fovens,
1562 3650 1913 3707 redeuntibus
1935 3651 1988 3706 in
2012 3667 2128 3706 me-

537 3739 728 3794 liorem
755 3742 829 3796 tui
859 3751 1070 3812 partem
1097 3744 1352 3814 operibus
1387 3745 1494 3800 tuis
1519 3788 1534 3813 ,
1559 3744 1916 3800 retributione
1945 3743 2126 3798 divina

533 3837 688 3886 tuum
714 3833 894 3902 potius
923 3835 1167 3904 spiritum
1200 3837 1459 3906 saginasti
1483 3853 1498 3902 ;
1529 3843 1586 3892 et
1609 3835 1907 3890 benedicta:
1933 3834 2125 3903 conju-

536 3923 619 3991 gis
647 3924 881 3979 animam
911 3926 1148 3981 refecisti
1175 3943 1190 3993 ;
1232 3927 1285 3982 in
1315 3927 1460 3982 illam
1491 3925 1898 3982 transfundente
1926 3923 2126 3981 Christi

536 4027 719 4084 manu,
753 4033 872 4088 qua:
902 4027 993 4073 tua
1023 4017 1348 4090 pauperibus
1378 4021 1758 4090 erogabantur,
1790 4035 1910 4074 cum
1937 4020 1989 4073 in
2018 4018 2128 4073 ictu

536 4109 675 4164 oculi
705 4120 1007 4179 permutata
1032 4112 1085 4166 in
1107 4111 1357 4168 caelestes
1377 4112 1526 4170 cibos
1549 4111 1779 4168 carnalis
1803 4127 1926 4169 esca
1951 4123 2128 4166 trans-

535 4199 656 4255 iret.
721 4201 790 4256 Et
811 4212 1072 4273 Quantum
1103 4205 1346 4275 pecunia:
1375 4205 1524 4273 gravi
1554 4205 1776 4262 dextera
1796 4244 1810 4269 ,
1842 4203 2128 4273 geminatis

536 4294 921 4362 excipientium
967 4297 1199 4365 palmis,
1251 4297 1438 4353 hilaris
1479 4298 1638 4352 dator
1684 4306 1740 4352 et
1782 4295 2128 4363 infatigabilis

537 4383 852 4439 distributor
881 4386 1154 4442 infuderas
1179 4406 1194 4454 ;
1235 4398 1442 4444 tantum
1472 4389 1616 4444 illico
1650 4389 1854 4457 angelis
1885 4389 2124 4442 intervo-

540 4473 777 4532 lantihus
803 4479 1008 4546 gremio
1043 4479 1255 4535 Domini
1285 4481 1568 4550 gaudentis
1598 4481 1868 4534 invectum
1892 4521 1906 4546 ,
1940 4481 1992 4532 in
2021 4478 2126 4531 tri-

537 4567 768 4622 cesimos
793 4571 833 4600 ³⁵
871 4572 965 4625 tibi
989 4574 1192 4627 fructus
1219 4589 1283 4628 ac
1311 4573 1514 4628 reditus
1542 4571 1935 4627 numerandum
1964 4586 2127 4640 repo-

540 4657 767 4714 nebatur
783 4670 827 4714 8.
863 4661 1045 4732 Neque
1071 4663 1268 4718 divitiae
1291 4673 1522 4730 tantum,
1552 4663 1650 4720 sed
1672 4673 1727 4719 et
1749 4663 1934 4733 gratia:
1961 4661 2127 4717 bene-

2307 3367 2394 3421 16.
2426 3365 2622 3424 Beatus
2642 3409 2658 3434 ,
2689 3369 2780 3439 qui
2810 3385 2918 3426 non
2949 3369 3109 3427 adisti
3137 3371 3192 3426 in
3221 3369 3327 3425 tale
3361 3369 3686 3436 consilium;
3718 3385 3818 3424 nec

2233 3459 2288 3515 in
2325 3461 2580 3516 cathedra
2618 3461 2934 3532 pestilentia:
2956 3461 2983 3500 ι
3000 3505 3015 3530 ,
3046 3462 3140 3519 sed
3168 3465 3222 3518 in
3243 3461 3473 3533 apostoli
3495 3461 3652 3526 sede,
3683 3469 3738 3516 et
3763 3462 3817 3515 'n

2233 3549 2488 3608 Ecclesia:
2507 3561 2670 3619 cmtu,
2698 3553 2748 3608 id
2777 3562 2885 3622 est,
2913 3553 3111 3609 Christi
3134 3555 3366 3618 theatro,
3399 3568 3508 3608 non
3529 3552 3817 3619 seditiosis,

2234 3645 2330 3702 sed
2355 3646 2797 3704 benedicentibus
2824 3648 3030 3714 cuneis,
3063 3648 3176 3703 Deo
3207 3648 3325 3718 ipso
3353 3653 3682 3717 spectatore,
3707 3644 3816 3698 lau-

2231 3738 2378 3801 daris
2401 3781 2414 3804 ,
2448 3738 2703 3812 Ecclesia:
2731 3742 3069 3796 munerarius
3097 3757 3112 3806 ;
3163 3749 3270 3795 non
3303 3738 3381 3810 (It)
3413 3747 3644 3793 terrena:
3667 3776 3683 3802 ,
3723 3751 3821 3793 nec

2236 3830 2407 3886 inanis
2434 3831 2636 3900 gloriae,
2668 3832 2770 3888 sed
2787 3841 3001 3888 aeterna:
3019 3832 3189 3888 laudis
3214 3831 3462 3886 ambitor.
3486 3828 3608 3885 Non
3630 3828 3820 3899 gladia-

2235 3931 2382 3978 tores
2411 3938 2511 3979 nec
2537 3923 2744 3980 belluas
2771 3925 2926 3991 emis,
2959 3923 3053 3979 sed
3073 3925 3266 3994 quibus
3293 3937 3452 3978 veros
3475 3921 3820 3990 gladiatores,

2236 4017 2344 4073 hoc
2373 4027 2456 4075 est
2479 4061 2494 4087 ,
2543 4019 2733 4074 harum
2764 4020 3107 4076 tenebrarum
3135 4018 3404 4089 principes
3424 4018 3680 4089 perimas
3701 4059 3716 4084 ,
3761 4016 3822 4087 (i)

2235 4110 2371 4179 agis,
2402 4118 2457 4165 et
2484 4110 2678 4182 quibus
2699 4127 2857 4167 veras
2882 4111 3113 4177 bestias,
3142 4111 3247 4167 hoc
3272 4117 3374 4175 est,
3403 4124 3620 4165 omnem
3649 4107 3824 4164 zabuli

2237 4204 2492 4259 virtutem
2521 4219 2740 4274 superes
2758 4243 2772 4267 ,
2806 4211 2860 4258 et
2888 4219 3075 4274 presso
3101 4204 3319 4274 impune
3345 4201 3572 4271 vestigio
3601 4199 3821 4256 concul-

2237 4313 2330 4353 ces
2358 4297 2567 4352 leonem
2597 4305 2652 4351 et
2681 4296 2966 4352 draconem
3001 4297 3046 4351 ι.
3075 4296 3273 4352 Beatus
3299 4311 3390 4362 es,
3431 4295 3485 4350 in
3512 4310 3623 4364 quo
3653 4295 3822 4350 bene-

2236 4389 2430 4443 dicitur
2458 4406 2654 4444 nomen
2684 4389 2924 4456 Domini,
2954 4398 3010 4444 et
3036 4391 3130 4459 qui
3157 4389 3324 4445 habes
3363 4404 3548 4445 semen
3587 4389 3645 4443 in
3669 4387 3822 4453 Sion',

2236 4486 2291 4532 et
2319 4477 2644 4534 domesticos
2666 4480 2717 4533 in
2742 4479 3095 4549 Hierusalem,
3125 4481 3217 4550 qui
3240 4489 3292 4536 te
3314 4481 3546 4536 vicissim
3570 4480 3626 4534 in
3648 4479 3822 4534 taber~

2235 4569 2426 4624 naeula
2455 4578 2654 4625 aeterna
2693 4572 2988 4642 suscipiant
3016 4581 3076 4625 πε.
3110 4571 3226 4628 Non
3256 4572 3400 4627 enim
3429 4570 3644 4626 timebis
3679 4570 3824 4624 illius

2237 4659 2417 4716 divitis
2447 4662 2658 4727 locum,
2693 4665 2784 4732 qui
2815 4664 2867 4718 in
2897 4673 3135 4730 tartara,
3176 4665 3280 4720 hoc
3303 4671 3386 4720 est
3414 4664 3467 4718 in
3497 4663 3708 4718 inferno
3738 4663 3825 4717 in-

612 4827 638 4890 f
667 4814 862 4890 Johan.
895 4835 965 4890 ιν.
1015 4819 1102 4890 14.
1180 4818 1207 4858 ιι
1239 4820 1367 4876 Luc.
1403 4838 1555 4888 xxxv,
1600 4820 1690 4876 5'2.
1771 4832 1793 4860 ο
1825 4819 1844 4873 1
1877 4818 2002 4876 Cor.
2037 4841 2106 4890 tv,

2272 4818 2297 4858 ἀ
2330 4819 2468 4878 Psal.
2500 4839 2561 4888 ι,
2597 4821 2681 4876 19.
2761 4832 2784 4860 ε
2817 4784 3146 4889 Ρδειιίχχνι,
3177 4824 3230 4879 6.
3288 4823 3332 4862 ’τ
3365 4823 3506 4879 Psal.
3547 4840 3700 4890 χιιι,
3735 4822 3824 4878 14.

540 4886 770 4943 sMatth.
797 4905 909 4959 xm,
933 4889 984 4943 8.
1045 4888 1252 4947 hEccli.
1278 4909 1401 4957 xxv,
1429 4891 1514 4946 21.
1544 4886 1549 4888 ’
1578 4892 1590 4929 ί
1615 4891 1805 4947 Matth.
1832 4908 1958 4962 xvn,
1989 4894 2042 4948 2.
2095 4886 2114 4946 ⁷1
2140 4896 2308 4974 Apoc.
2337 4909 2428 4958 xx,
2454 4886 2556 4946 12.
2591 4891 2614 4930 ι
2633 4892 2773 4948 Psal.
2793 4910 2827 4958 ι,
2855 4893 2906 4948 1.
2971 4893 2983 4931 ¹
3007 4886 3147 4949 ΡδειΙ.
3175 4911 3260 4959 xc,
3287 4895 3373 4949 15.
3424 4905 3460 4931 ω
3487 4893 3620 4950 Luc.
3644 4886 3756 4962 m,
3772 4893 3826 4948 9.

610 5027 687 5098 (a)
721 5027 844 5082 Mss.
881 5028 1014 5096 Reg.
1052 5029 1200 5085 Vien.
1234 5041 1288 5084 et
1315 5029 1442 5083 edit.
1476 5028 1733 5090 (Iliiﬂlet.,
1770 5030 1913 5084 illuc.

612 5099 687 5167 (b)
711 5098 810 5170 ASic
832 5114 930 5152 ms.
963 5100 1116 5155 Vien.
1141 5115 1262 5155 cum
1283 5099 1413 5153 edit.
1437 5098 1620 5153 Chilﬂ.
1658 5100 1782 5166 Alii,
1815 5103 2088 5170 possimus.

608 5173 679 5240 (c)
709 5168 783 5224 Ita
806 5186 934 5224 mss.
970 5170 1100 5238 Reg.
1135 5177 1189 5224 et
1215 5170 1368 5225 Vien.
1402 5179 1456 5225 et
1489 5171 1619 5225 edit.
1649 5168 1826 5224 Chiﬂl.
1854 5171 1991 5226 Ante
2013 5181 2130 5226 erat

539 5241 835 5295 ambulante
862 5242 1239 5365 inﬂammatur.

609 5313 687 5365 (di
719 5311 796 5365 lla
825 5313 878 5365 in
953 5311 1184 5365 salteriis
1211 5327 1239 5364 v

609 5313 687 5382 (ά)
719 5311 796 5365 lla
825 5313 878 5366 in
910 5311 1184 5366 Psalteriis
1211 5311 1380 5366 veteri
1419 5320 1472 5364 et
1495 5311 1651 5364 “Olli.
1689 5320 1743 5365 et
1765 5311 1904 5382 apud
1932 5312 1987 5366 8.
2020 5313 2127 5382 Au-

537 5381 808 5450 guStinum
833 5383 884 5436 in
907 5382 1296 5438 commentario
1326 5397 1488 5453 super
1517 5383 1772 5450 psalmos.
1797 5381 1952 5453 Apud
1985 5381 2124 5436 LXX

537 5461 591 5506 et
623 5453 674 5507 in
707 5454 949 5524 Vulgata,
983 5452 1385 5524 vociferationis.

608 5525 679 5589 (c)
713 5523 854 5579 LXX
882 5535 937 5580 et
966 5522 1191 5593 Vulgata
1223 5524 1388 5593 oratio
1424 5522 1746 5593 Immiliantis
1772 5540 1846 5577 se.

611 5596 680 5663 (Ι)
711 5594 800 5649 Sic
838 5612 936 5650 ms.
973 5591 1125 5650 Vien.
1167 5594 1297 5648 edit.
1330 5592 1502 5648 Chiﬂl.
1552 5603 1607 5647 et
1651 5591 1802 5647 Grin.
1851 5595 1902 5647 in
1950 5607 2120 5660 marg.

538 5664 640 5718 Alii
671 5665 902 5728 codices,
934 5668 1178 5720 intentas.
1219 5665 1308 5729 Sic
1337 5674 1391 5718 et
1419 5665 1474 5718 8.
1511 5663 1869 5735 liieronymus
1898 5663 2124 5735 Romam

534 5735 817 5802 alloquens
847 5737 942 5791 lib.
973 5754 1007 5790 ιι
1037 5746 1222 5792 contra
1252 5735 1628 5800 Iovinianum,
1681 5733 1732 5788 in
1768 5734 1871 5788 ﬂne
1897 5752 1908 5786 :
1953 5733 2126 5787 Male-

538 5805 814 5861 dictioncm
840 5848 853 5872 ,
903 5807 1067 5875 inquit
1098 5850 1112 5875 ,
1159 5824 1311 5878 quam
1341 5805 1430 5861 tibi
1459 5806 1705 5862 Salvator
1733 5807 1786 5859 in
1818 5805 2132 5876 Apocalypsi

2166 5035 2211 5092 υ
2237 5029 2587 5101 comminatus
2606 5039 2681 5081 est
2700 5037 2902 5101 ,__potes
2931 5029 3156 5101 effugere
3184 5047 3275 5099 per
3301 5030 3651 5101 pwnitetgtiapt
3671 5073 3687 5099 ,
3730 5030 3825 5087 Ita-

2244 5101 2366 5154 bens
2387 5100 2676 5169 exemplum
2708 5097 3079 5153 Ninivitarum.
3112 5097 3472 5155 Cutrrns'rtus
3496 5099 3552 5154 S.
3585 5098 3636 5154 Ι.

2313 5172 2389 5242 (g)
2417 5169 2494 5223 lta
2522 5185 2650 5252 mss.
2679 5169 2834 5225 Vien.
2865 5179 2921 5225 et
2941 5169 3072 5239 Reg.
3106 5169 3164 5224 ln
3194 5171 3314 5226 aliis
3335 5171 3645 5240 codicibus,
3692 5174 3826 5228 tanti

2240 5281 2255 5296 .
2286 5282 2302 5298 .
2338 5282 2350 5294 .
2389 5281 2402 5294 .
2433 5250 2630 5298 ouanti.

2308 5259 2636 5382 (uigilarunt;
2668 5310 2824 5382 vien.
2852 5318 2905 5364 et
2935 5311 3062 5382 edit.
3093 5309 3269 5365 Chiﬂl.
3316 5311 3454 5382 Apte
3482 5320 3599 5366 erat
3625 5329 3822 5368 ama».

2305 5379 2376 5452 (ί)
2403 5379 2647 5437 Proclive
2688 5379 2788 5434 fuit
2827 5379 3117 5452 emendare
3162 5397 3285 5436 cum
3333 5380 3638 5444 Saechino,
3683 5384 3825 5444 alis;

2236 5449 2361 5524 nam
2391 5461 2445 5506 et
2470 5467 2632 5522 supra
2661 5452 2793 5506 dixit
2814 5468 2916 5524 ,Un.
2945 5449 3043 5524 154,
3074 5452 3211 5522 quod
3238 5452 3412 5524 bestiis
3438 5461 3528 5506 aut
3555 5453 3824 5524 gladiatoo

2233 5523 2376 5594 ribus
2424 5533 2474 5576 et
2511 5522 2877 5594 comparandis
2917 5522 3052 5594 male
3097 5522 3408 5594 pro/ligatur
3432 5565 3448 5589 ,
3507 5522 3570 5575 εί
3597 5523 3822 5577 alendis.

2234 5539 2376 5577 rivus
2424 5539 2474 5576 et
2511 5539 2622 5577 com
2661 5539 2877 5576 aranats
2917 5539 3052 5574 mute
3097 5539 3408 5594 pro/agatur
3432 5565 3448 5589 ,
3507 5539 3556 5575 et
3597 5539 3820 5577 arenam.

2234 5593 2402 5648 Porro
2430 5594 2572 5661 quod
2691 5591 2942 5646 Paulinus
2970 5591 3057 5647 hic
3095 5593 3170 5646 ait
3199 5591 3820 5659 Ecclesitzmunerariua,

2235 5672 2365 5732 etc.,,
2389 5663 2548 5717 simili
2578 5662 2740 5717 modo
2771 5678 2800 5716 a
2824 5661 2881 5717 S.
2912 5661 3239 5733 Hieronymo
3260 5662 3636 5718 Pammachius
3655 5662 3819 5733 epist.

2236 5733 2307 5785 ‘26
2325 5729 2350 5796 ,'
2373 5734 2697 5787 munerarius
2725 5749 3006 5803 pauperum
3032 5743 3081 5786 et
3101 5729 3354 5803 egentium
3377 5729 3817 5803 candidatus'ap-

2235 5803 2481 5872 pellatur.
2521 5804 2650 5859 \‘ide
2670 5802 3084 5873 descriptionem
3115 5802 3459 5874 persimilem.
3490 5802 3742 5858 SACCHIN.
3839 5829 3850 5842 -τ
