4078 6352
214 391 320 448 217

1617 378 1952 439 EPISTOLA
1993 379 2125 437 XIII.

3408 374 3512 428 218

215 501 437 565 feriore,
454 508 507 554 et
585 496 941 553 exterioribus
961 495 1196 551 tenebris
1217 493 1412 549 merito
1433 494 1556 560 igne
1575 493 1803 548 circum-
1836 496 1889 554 Α
1915 501 1997 546 est
2029 489 2053 527 δ
2080 510 2094 558 ;
2120 492 2244 562 quia
2275 490 2466 560 spiritu
2486 489 2581 545 Dei
2606 489 2757 544 dives
2777 503 2858 556 es,
2889 495 2943 542 et
2966 496 3061 542 tuo
3090 501 3311 557 pauper.
3346 483 3510 537 Tales

215 591 397 654 datus,
433 589 520 645 vel
544 595 787 644 extremo
817 586 1076 644 contemti
1105 587 1158 641 in
1179 586 1282 640 hac
1313 585 1420 639 vita
1449 583 1702 654 pauperis
1723 581 1808 637 di-

217 685 335 754 gito
369 683 596 751 rogabat
639 682 890 753 aspergi;
939 679 1025 736 cui
1062 687 1218 751 pater
1254 677 1524 733 Abraham
1560 674 1681 744 jure
1723 689 1812 730 re-

218 774 761 849 aponditdfemeuto,
786 775 883 845 ﬁli,
914 775 1033 846 quia
1059 773 1294 844 recepisti
1322 770 1456 825 bona
1484 771 1539 824 in
1569 772 1672 824 vita
1701 778 1810 835 tua,

218 879 268 924 ct
300 868 379 939 (a)
403 866 693 922 Eleazarus
722 866 904 920 mala:
952 882 1090 920 nunc
1118 881 1235 920 vero
1265 864 1346 918 hic
1374 862 1672 918 consolatur
1694 903 1710 927 ,
1757 869 1812 914 tu

217 960 470 1014 cruciaris
501 968 547 1013 ".

293 1054 382 1108 17.
418 1051 498 1109 Ob
528 1054 632 1108 hoc
656 1053 750 1119 illi,
783 1066 1005 1119 censeo,
1036 1050 1230 1106 divites
1249 1050 1388 1104 hanc
1415 1047 1502 1104 vel
1529 1059 1813 1118 pmnarum

217 1147 304 1202 vel
328 1146 644 1202 deliciarum
672 1143 1096 1200 vicissitudinem
1117 1142 1552 1213 perhorrescant,
1581 1137 1673 1207 qui
1695 1135 1817 1191 istic

217 1239 324 1294 sibi
361 1247 568 1292 tantum
597 1245 651 1294 et
678 1237 820 1293 vitiis
851 1235 1158 1302 affluentes,
1209 1243 1302 1289 aut
1331 1234 1525 1303 opibus
1553 1229 1816 1286 abstrusis

217 1329 484 1385 incubant
509 1344 611 1385 nec
639 1337 848 1399 partem
874 1342 1104 1398 posuere
1141 1325 1467 1397 pauperibus
1491 1341 1504 1389 ;
1552 1331 1646 1377 aut
1673 1319 1815 1375 male

216 1419 432 1490 prodigi
461 1427 621 1492 egent
645 1419 860 1485 merito,
893 1420 998 1474 et"
1019 1427 1220 1474 acterna
1246 1423 1484 1486 egestate
1504 1409 1810 1484 plectendi;

217 1512 312 1583 qui
357 1521 466 1567 tam
504 1511 640 1567 viles
679 1511 783 1567 sibi
825 1511 1023 1566 fuerint
1063 1510 1292 1566 caritate
1329 1506 1591 1572 luxuria,
1650 1512 1708 1560 ut
1749 1504 1814 1559 iis

218 1604 517 1676 pretiosior
560 1603 724 1659 fuisse
763 1609 1016 1670 arguatur
1058 1601 1215 1656 unius
1245 1599 1353 1654 diei
1380 1612 1564 1652 mensa
1589 1635 1605 1661 ,
1648 1608 1811 1665 quam

219 1697 396 1752 totius
413 1695 494 1751 sui
525 1694 784 1765 temporis
812 1693 920 1765 76
945 1692 1075 1746 vita.
1097 1689 1195 1746 Hic
1219 1702 1351 1758 ergo
1379 1703 1487 1743 non
1515 1683 1816 1743 communi-

216 1787 428 1844 cabunt
455 1787 507 1842 in
536 1794 795 1842 teternum
817 1783 1056 1840 emlestia
1076 1782 1220 1838 bona
1240 1795 1556 1852 pauperum,
1585 1791 1814 1849 quorum

1917 585 2062 639 enim
2094 583 2291 639 divites
2319 599 2441 638 cum
2471 581 2796 653 pauperibus
2816 581 2928 637 suis
2955 579 3126 648 diligit
3154 577 3315 642 Deus,
3348 584 3401 630 et
3423 592 3508 630 sa-

1914 676 2023 751 cris
2050 676 2246 731 litteris
2284 674 2524 731 celebrat
2546 715 2562 741 ,
2611 674 3036 746 paginarumque
3063 670 3378 743 perennium
3417 684 3512 722 au-

1921 769 2144 824 toritate
2166 767 2433 824 nobilitat.

1989 860 2076 916 l9.
2122 860 2237 917 Hoc
2279 861 2422 916 enim
2460 859 2634 931 ipsum
2667 858 3014 915 considerare
3036 866 3090 913 te
3110 855 3234 912 volo
3257 896 3272 921 ,
3320 871 3507 911 eorum

1916 953 2180 1019 divitum,
2212 967 2442 1024 quorum
2471 951 2557 1007 vel
2591 951 2817 1006 crimina
2835 950 2924 1006 vel
2955 947 3218 1020 supplicia
3247 946 3301 1001 in
3329 944 3511 1016 Scrip-

1918 1045 2056 1102 turis
2085 1044 2295 1112 signata
2325 1052 2470 1108 sunt,
2502 1042 2720 1098 nomina
2750 1039 3051 1111 significata
3073 1055 3181 1095 non
3208 1053 3350 1105 esse,
3380 1038 3509 1107 quia

1917 1137 2036 1193 sine
2063 1137 2228 1193 dubio
2258 1135 2462 1207 indigni
2491 1144 2649 1192 erant
2678 1146 2737 1191 ut
2763 1150 3014 1190 sermone
3039 1132 3222 1189 divino
3258 1131 3508 1187 nomina-

1915 1238 2127 1298 rentur,
2154 1245 2290 1300 quos
2315 1237 2409 1284 aut
2429 1229 2553 1283 vitae
2581 1228 2909 1284 oblitteravit
2933 1227 3212 1298 impietas,
3258 1233 3351 1280 aut
3379 1239 3509 1279 ava-

1919 1322 2043 1378 ritia
2075 1321 2296 1378 delevit.
2338 1319 2466 1376 ideo
2495 1319 2816 1390 praedixerat
2858 1318 3117 1374 Dominus
3155 1317 3210 1371 in
3245 1315 3511 1384 Propheta

1918 1417 2024 1487 77
2050 1415 2118 1470 de
2155 1415 2326 1485 ipsis:
2373 1412 2488 1468 Nec
2530 1430 2724 1468 memor
2759 1430 2848 1468 ero
2884 1413 3152 1467 nominum
3186 1411 3394 1466 illorum
3423 1425 3513 1480 per

1918 1505 2059 1561 labia
2079 1523 2193 1560 mea
2224 1505 2268 1573 ί,
2296 1505 2402 1561 hoc
2425 1515 2509 1560 est
2534 1520 2633 1576 per
2652 1502 3036 1560 immortalium
3061 1501 3168 1556 duo
3191 1506 3513 1556 testamenta

1919 1596 2232 1665 verborum,
2262 1611 2380 1666 quae
2405 1596 2516 1652 oris
2531 1595 2699 1650 divini
2729 1595 2869 1649 labia
2897 1594 3037 1650 bene
3061 1593 3354 1657 dicuntur;
3387 1590 3513 1660 quia

1919 1697 1974 1746 et
1995 1689 2273 1745 cohmrent
2301 1689 2405 1744 sibi
2431 1732 2447 1757 ,
2495 1696 2550 1744 et
2589 1703 2696 1743 uno
2727 1687 2818 1743 Dei
2858 1687 3025 1742 verbo
3065 1686 3418 1756 aperiuntur,
3458 1694 3514 1739 et

1918 1797 2018 1852 per
2057 1781 2170 1851 ipsa
2218 1795 2317 1835 nos
2364 1778 2506 1836 Deus
2556 1783 2813 1834 osculatur
2861 1777 2926 1832 ab
2967 1779 3155 1832 osculis
3203 1778 3310 1832 oris
3355 1777 3436 1830 sui
3463 1775 3507 1828 i.

215 1881 347 1936 istic
368 1893 634 1951 pauperes
654 1879 796 1934 bona
820 1885 1035 1931 terrena
1058 1873 1364 1928 nescierint.
1389 1869 1457 1924 Et
1476 1870 1672 1924 horum
1692 1881 1815 1938 gra-
1845 1878 1892 1940 Β
1919 1869 2045 1927 Haec
2072 1886 2202 1942 ergo
2241 1869 2383 1925 labia
2426 1869 2596 1941 pollui
2647 1869 2821 1924 noluit
2867 1867 3176 1924 nominibus
3223 1866 3511 1936 impiorum

215 1972 344 2026 vius
379 1971 560 2040 lingua
588 1969 884 2025 torrebitur
908 2009 924 2035 ,
967 1965 1059 2037 qui
1091 1964 1395 2021 debilitates
1423 1961 1583 2017 modo
1611 1974 1815 2032 paupe-

216 2080 348 2121 rum
379 2064 466 2120 vel
515 2064 741 2120 horrent
769 2063 855 2118 vel
898 2059 1145 2126 irrident,
1189 2056 1451 2112 fastidiosi
1489 2054 1722 2110 letaliter
1761 2061 1818 2108 et

215 2158 394 2216 faceti
417 2167 705 2215 nocenter:
731 2157 822 2228 qui
842 2161 1191 2228 praatereunt,
1218 2159 1273 2207 et
1293 2149 1514 2207 canibus
1530 2143 1817 2203 lambenda

214 2253 506 2309 dimittunt
553 2253 736 2309 ulcera
784 2251 1192 2324 proximorum;
1243 2247 1366 2320 quia
1418 2246 1596 2302 omnis
1625 2251 1816 2298 natura

215 2346 435 2402 homini
456 2346 619 2402 homo
641 2345 937 2417 proximus.
981 2343 1189 2412 Nonne,
1219 2357 1402 2414 quaeso
1425 2349 1498 2408 te,
1529 2339 1617 2394 isti
1637 2338 1819 2395 verius

215 2438 442 2494 dicendi
465 2453 648 2505 canes,
681 2438 772 2508 qui
795 2453 862 2492 ne
883 2452 1044 2492 canes
1064 2436 1279 2506 quidem
1300 2437 1355 2491 in
1381 2433 1632 2491 curandis
1656 2439 1820 2503 atque

215 2529 530 2586 mulcendis
553 2530 863 2607 hominibus
893 2530 1087 2584 imitati
1107 2537 1251 2593 sunt,
1285 2528 1426 2583 etde
1447 2527 1602 2582 micis
1627 2526 1821 2580 saltem

216 2637 248 2676 a
282 2637 477 2677 mensa
504 2637 599 2676 sua
621 2621 936 2676 cadentibus
959 2620 1033 2693 (b)
1053 2619 1285 2675 saturari
1307 2620 1586 2689 cupientes
1607 2615 1822 2684 fratres,

215 2712 334 2769 hoc
364 2721 466 2781 est,
489 2723 682 2769 natura
711 2722 885 2768 matre
909 2726 1224 2782 germanos,
1255 2728 1363 2768 non
1392 2711 1569 2766 solum
1599 2710 1824 2764 obsera-

216 2805 296 2858 tis
329 2803 537 2860 foribus
563 2805 775 2860 excludi
797 2847 812 2871 ,
862 2805 959 2860 sed
988 2805 1151 2860 etiam
1189 2804 1347 2858 saevis
1382 2802 1698 2858 verberibus
1724 2815 1827 2856 ex-

214 2895 362 2966 pelli
388 2895 625 2964 jubent?
661 2893 808 2950 Unde
835 2895 1002 2951 credo
1026 2895 1175 2950 illum
1204 2895 1259 2949 in
1285 2893 1578 2962 Evangelio
1606 2893 1829 2948 divitem

218 2987 454 3051 tartari,
472 3001 592 3040 cum
620 2987 846 3055 totus",
877 2994 937 3041 ut
965 2987 1190 3053 clamat,
1220 2987 1388 3042 miser
1413 2985 1744 3042 cruciaretur
1771 2985 1827 3040 in

217 3076 325 3131 illa
357 3075 500 3145 ignei
524 3077 748 3146 gurgitis
776 3076 1013 3144 flamma,
1045 3077 1212 3133 solius
1246 3085 1425 3132 tamen
1454 3077 1646 3144 linguze
1671 3075 1828 3130 refri-

216 3168 444 3238 gerium
474 3169 774 3239 postulasse
794 3167 824 3207 δ
852 3186 867 3236 ;
908 3185 1014 3240 qua
1042 3169 1159 3224 sine
1185 3168 1349 3223 dubio
1380 3167 1502 3222 ideo
1533 3165 1823 3221 vehemen-

1920 1963 2101 2019 divina
2117 1961 2365 2033 justitia;
2411 1969 2467 2016 et
2489 1960 2690 2017 idcirco
2732 1975 2907 2030 neque
2930 1958 3075 2014 illius
3099 1957 3280 2013 divitis
3311 1970 3512 2012 nomen

1919 2061 2116 2119 exstat,
2164 2051 2318 2123 cujus
2347 2053 2556 2110 vanitas
2603 2060 2659 2107 et
2701 2051 2924 2105 avaritia
2955 2049 3230 2120 signatur;
3277 2046 3363 2103 cui
3390 2061 3514 2102 con-

1919 2154 2094 2200 sumta
2116 2143 2228 2213 jam
2260 2143 2367 2198 vita
2394 2141 2462 2197 de
2492 2142 2616 2197 vitae
2643 2142 2991 2213 apparatibus
3019 2138 3279 2210 cogitanti
3307 2137 3509 2193 dictum

1923 2245 2025 2300 est,
2059 2235 2249 2302 Stulte,
2279 2235 2375 2288 hac
2402 2243 2550 2288 nocte
2572 2233 2644 2305 (c)
2673 2233 3032 2306 expostulatur
3053 2233 3232 2286 anima
3253 2239 3373 2295 tua,
3400 2242 3516 2300 quc

1923 2330 2124 2402 parasti
2165 2329 2314 2399 cujus
2340 2337 2490 2382 erunt
2518 2326 2591 2382 ll?
2638 2326 2824 2397 Neque
2852 2325 3013 2397 hujus
3045 2341 3076 2380 e
3100 2332 3307 2379 tartaro
3334 2321 3516 2378 divitis

1923 2437 2120 2477 nomen
2173 2421 2380 2490 insigne
2425 2428 2548 2486 est,
2600 2417 2747 2490 quod
2779 2432 2885 2472 non
2929 2431 3056 2473 casu
3095 2412 3514 2486 prmtermissum

1923 2513 2069 2568 edito
2114 2511 2366 2583 pauperis
2406 2510 2624 2566 nomine
2654 2508 2998 2578 intelligimus
3030 2496 3074 2560 ἱ.
3126 2505 3273 2560 Illius
3301 2518 3516 2575 quoque

1924 2605 2126 2670 divitis,
2169 2604 2262 2674 qui
2289 2603 2548 2672 gloriatus
2575 2601 2621 2632 ³³
2662 2601 2716 2654 in
2758 2599 2876 2668 lege
2903 2596 3195 2667 completa,
3244 2593 3515 2650 conditio-

1928 2714 2054 2753 nem
2114 2695 2471 2766 adipiscenda:
2518 2689 2868 2763 perlectionis
2928 2687 3236 2743 divitiarum
3302 2697 3518 2739 suarm)

1933 2805 2120 2849 amore
2149 2795 2432 2844 aversatus
2452 2793 2554 2851 est,
2588 2784 2886 2840 caecitatem
2916 2780 3161 2848 legimus,
3198 2775 3520 2833 Vocabulmn

1933 2898 2042 2938 non
2073 2879 2354 2936 habemus.
2380 2876 2516 2931 Erat
2541 2876 2697 2939 enim,
2731 2872 2923 2942 inquit,
2951 2869 3147 2924 habens
3175 2868 3366 2923 multas
3393 2883 3520 2936 pos-

1929 2974 2183 3030 sessiones
2209 2970 2246 2992 "'
2275 2988 2288 3024 :
2320 2978 2375 3024 et
2405 2968 2603 3023 idcirco
2632 2973 2815 3022 secuta
2845 2972 2927 3020 est
2956 2963 3043 3018 illa
3071 2961 3360 3026 sententia,
3400 2973 3520 3029 qua:

1933 3079 2162 3135 regnum
2205 3062 2465 3118 caelorum
2505 3058 2653 3114 omni
2699 3056 2850 3112 diviti
2892 3065 3033 3126 pene
3071 3054 3377 3120 clauserat,
3415 3050 3519 3105 nisi

1930 3158 2092 3223 Deus,
2135 3163 2194 3210 ut
2221 3153 2366 3209 solus
2393 3152 2588 3218 bonus,
2635 3147 3043 3220 omnipotentiae
3070 3160 3181 3202 sua:
3208 3143 3515 3214 excepisset

221 3237 340 3314 tius
383 3237 750 3326 cremabatur,
805 3237 942 3328 quia
971 3260 1026 3314 in
1067 3258 1381 3314 Eleazarum
1429 3266 1555 3312 ante
1601 3256 1823 3326 januam
1854 3250 1902 3316 C
1932 3250 2036 3305 hoc
2075 3248 2296 3312 donum,
2339 3253 2399 3299 ut
2425 3242 2620 3299 divites
2656 3246 2953 3313 pauperum
2998 3239 3277 3295 voluntate
3303 3237 3520 3292 ditaret.

222 3364 385 3405 suam
412 3356 642 3404 stratum
661 3390 677 3414 ,
708 3357 761 3404 et
789 3354 1012 3405 canibus
1040 3350 1288 3406 relictum
1310 3390 1326 3417 ,
1369 3349 1562 3420 saepius
1590 3349 1823 3420 superbo

229 3457 432 3498 avarus
453 3457 550 3497 ore
577 3450 916 3512 peccaverat.
950 3441 1030 3497 Ob
1053 3442 1159 3499 hoc
1184 3451 1239 3499 et
1269 3442 1395 3498 alibi
1424 3456 1825 3512 praemonemur

228 3550 442 3606 ponere
461 3535 543 3590 ori
567 3544 752 3591 nostro
771 3535 1072 3592 custodiam
1103 3546 1148 3601 ε,
1172 3535 1401 3591 docente
1423 3534 1700 3605 Sapientia
1728 3549 1827 3606 per

231 3626 586 3682 Solomonem
617 3627 660 3658 “
689 3645 701 3680 :
735 3625 871 3694 Quia
891 3628 946 3681 in
975 3643 1135 3681 manu
1173 3627 1368 3698 linguae
1396 3628 1499 3681 vita
1531 3636 1580 3680 et
1609 3641 1746 3680 mors
1771 3623 1821 3680 δ.

236 3719 305 3774 Et
333 3719 506 3775 alibi:
545 3718 725 3774 Verbis
756 3721 876 3788 tuis,
902 3721 1096 3791 inquit,
1119 3719 1511 3792 justiﬁcaberis,
1549 3729 1638 3774 aut
1662 3717 1828 3774 verbis

239 3811 340 3865 tuis
369 3811 794 3865 condemnaberis
826 3821 870 3864 ⁸.

313 3903 400 3958 18.
436 3905 556 3960 Tibi
583 3905 762 3974 igitur,
797 3905 962 3960 frater
988 3905 1044 3960 in
1070 3903 1289 3962 Christo
1312 3906 1586 3970 unanime,
1612 3905 1699 3961 cui
1728 3904 1829 3961 sub

245 3995 351 4050 hac
390 4013 548 4068 pcena
600 4007 812 4063 metus,
869 4007 926 4053 et
963 4015 1084 4054 cum
1132 3999 1222 4054 illa
1264 3999 1393 4054 sede
1433 3998 1829 4064 communitas;

1928 3340 1993 3396 Hi
2034 3355 2164 3410 ergo
2204 3338 2401 3395 divites
2444 3337 2601 3392 invisi
2626 3335 2761 3404 Deo,
2802 3341 2859 3391 et
2883 3331 3181 3389 oblitterati
3221 3329 3520 3393 memoriae,

1925 3435 2020 3505 qui
2049 3434 2129 3506 (ά)
2151 3431 2370 3489 aeternis
2407 3429 2609 3487 caduca
2645 3427 3023 3500 praeverterint
3052 3425 3130 3497 (id
3159 3433 3237 3478 est
3270 3419 3524 3494 praetule-

1928 3527 2058 3583 rint.
2085 3525 2148 3581 V.
2174 3540 2344 3582 carm.
2365 3522 2454 3588 51,
2488 3536 2628 3578 vers.
2651 3517 2802 3591 544),
2827 3519 3030 3588 quique
3056 3513 3348 3570 maluerint
3367 3520 3526 3566 terra

1932 3633 2097 3689 quam
2127 3617 2241 3672 Deo
2271 3614 2496 3672 credere
2521 3651 2538 3680 ,
2588 3626 2767 3668 escam
2791 3608 2952 3665 tineis
2979 3616 3036 3664 et
3059 3604 3296 3679 praedam
3323 3601 3527 3659 furibus

1932 3717 2314 3779 congerentes,
2345 3715 2402 3764 et
2424 3746 2440 3773 ,
2477 3713 2537 3760 ut
2563 3704 2823 3774 scriptum
2849 3709 2934 3758 est
2954 3709 2982 3737 ιι
3006 3741 3022 3768 ,
3049 3699 3136 3756 cui
3165 3695 3528 3753 thesaurisant

1933 3805 2247 3875 ignorantes
2269 3843 2284 3869 ,
2316 3801 2444 3872 quia
2469 3797 2662 3854 nolunt
2689 3795 2990 3864 intelligere
3029 3791 3116 3849 cui
3143 3791 3376 3847 debeant
3405 3789 3525 3844 the-

1933 3911 2124 3952 sauros
2150 3910 2298 3960 suos,
2318 3893 2466 3962 digni
2487 3891 2579 3963 qui
2607 3890 2852 3947 nesciant
2871 3902 2979 3958 quo
3007 3887 3322 3942 successore
3343 3881 3528 3938 dimit-

1936 3995 2071 4054 tant,
2117 3987 2245 4056 quia
2274 3985 2524 4041 nesciunt
2561 3997 2671 4052 quo
2710 3979 2967 4048 largitore
3011 3975 3344 4047 possideant.
3391 3971 3529 4036 Quid

169 4087 180 4099 ’
250 4065 407 4158 cujus
423 4105 482 4144 os
503 4089 881 4145 benedictione
898 4089 1116 4160 plenum
1136 4098 1238 4156 est,
1264 4089 1420 4158 cujus
1442 4089 1642 4144 divitia:
1665 4088 1834 4143 ubera
1936 4081 2074 4134 enim
2109 4078 2283 4144 habes,
2315 4091 2350 4131 ο
2375 4079 2558 4140 homo,
2589 4074 2724 4142 quod
2744 4088 2850 4126 non
2874 4070 3134 4139 acceperis
3159 4067 3183 4120 γ
3206 4073 3264 4160 Aet
3292 4065 3411 4134 quia
3442 4079 3532 4160 ac-

248 4152 544 4255 pauperum
573 4191 730 4249 sunt,
761 4152 916 4253 cujus
942 4182 1135 4238 domus
1164 4152 1457 4252 hospitium
1486 4180 1690 4234 Christi
1728 4185 1834 4246 est,
1939 4171 2117 4240 cepisti
2145 4169 2214 4238 “,
2262 4167 2384 4238 quid
2412 4165 2654 4255 gloriaris
2683 4165 2842 4255 (lu—usi
2855 4175 2959 4213 non
2986 4156 3246 4255 acceperis
3277 4163 3359 4255 οἳ.
3383 4160 3440 4254 et
3465 4152 3532 4206 de

245 4241 335 4346 qui
353 4241 480 4332 .non
504 4275 685 4346 jacere
709 4241 1019 4333 mendicum
1047 4283 1173 4328 ante
1194 4241 1416 4343 ianuam
1440 4280 1589 4326 tuam
1620 4241 1839 4341 epulan-
1941 4263 2054 4318 suis
2083 4261 2195 4316 Deo
2223 4257 2381 4314 donis
2408 4253 2697 4325 superbis?
2725 4251 2958 4316 ‘l‘alium,
2990 4249 3064 4303 mi
3090 4245 3278 4310 frater,
3307 4241 3534 4346 divitum

247 4375 298 4423 te
328 4376 385 4424 te
405 4334 640 4424 susiines
675 4367 693 4406 ί
719 4384 734 4434 ;
775 4366 870 4423 sed
898 4374 1087 4423 contra
1127 4334 1282 4421 tectis
1313 4364 1420 4418 tuis
1447 4363 1600 4418 laetus
1630 4334 1839 4417 inducis
1941 4351 2161 4408 nomina
2188 4351 2243 4405 in
2264 4345 2561 4416 Evangelio
2592 4360 2700 4401 non
2730 4343 3059 4410 Scribuntur,
3093 4339 3219 4410 quia
3251 4351 3351 4392 nec
3385 4334 3436 4390 in
3467 4334 3534 4388 li-

247 4466 339 4514 aut
367 4467 549 4514 tecum
576 4459 948 4529 epulaturum,
981 4462 1075 4511 aut
1103 4455 1265 4511 etiam
1292 4453 1574 4524 jejunante
1604 4461 1658 4508 te
1680 4459 1836 4508 satu-
1942 4445 2042 4501 bro
2070 4445 2195 4499 vita:
2221 4441 2490 4497 habentur
2521 4449 2569 4494 ι’.

249 4551 520 4617 randum;
586 4520 680 4606 tibi
725 4547 853 4604 felix
881 4564 912 4602 a
939 4547 1173 4618 peccatis
1201 4520 1445 4615 egestas,
1503 4552 1558 4598 et
1584 4543 1756 4599 beatae
1784 4543 1839 4599 in
2013 4537 2102 4591 20.
2133 4534 2406 4604 Denique,
2454 4539 2514 4586 ut
2554 4529 2693 4585 scias
2722 4543 2830 4584 non
2853 4525 3104 4594 divitias,
3153 4524 3248 4580 sed
3290 4520 3538 4578 homines

186 4700 193 4726 ν
251 4613 538 4696 virtutibus
561 4655 692 4711 opes
717 4647 861 4694 sunt.
894 4613 973 4693 Tu
1003 4645 1060 4693 et
1097 4613 1256 4692 interi
1277 4635 1398 4691 illos
1424 4649 1694 4706 pauperes
1717 4632 1839 4704 jure
1869 4635 1918 4698 ι)
1941 4645 2041 4702 pro
2069 4641 2257 4683 earum
2296 4623 2482 4680 usibus
2512 4636 2632 4678 esse
2665 4619 2962 4691 culpabiles
2997 4617 3086 4674 vel
3115 4622 3369 4712 acceptos
3403 4613 3536 4680 Deo,

251 4700 625 4790 numerabcris
655 4735 731 4800 ",
765 4747 997 4802 quorum
1023 4737 1106 4785 est
1139 4743 1362 4798 regnum
1393 4700 1653 4782 cmlorum
1675 4700 1742 4790 εξ
1784 4733 1840 4780 et
1944 4700 2065 4794 lege
2093 4726 2310 4777 sanctos
2335 4723 2554 4788 patres,
2585 4713 2878 4802 Abraham,
2911 4709 3013 4802 Lo_t
3039 4717 3095 4764 et
3121 4706 3224 4763 Job
3250 4700 3538 4802 dc‘opibus

199 4864 207 4870 .
255 4828 396 4882 inter
425 4825 548 4882 illos
583 4795 818 4893 divites,
869 4838 1099 4894 quorum
1139 4795 1410 4892 possessio
1458 4819 1646 4874 civitas
1688 4817 1840 4873 ﬁrma
1942 4815 2054 4871 suis
2081 4811 2286 4868 amicos
2313 4806 2426 4863 Deo
2458 4804 2630 4862 factos
2659 4815 2706 4857 ει.
2733 4801 2867 4858 Nam
2895 4802 2948 4856 in
2974 4798 3289 4868 Evangelio,
3315 4812 3423 4868 quo
3450 4795 3539 4850 ille

323 4990 351 5018 ι
380 4980 514 5033 an.
547 4993 663 5044 xvu,
687 4973 817 5044 25.7
855 4972 885 5011 ι)
925 4971 1054 5027 Luc.
1087 4969 1325 5044 ιαμ-24.
1406 4979 1428 5007 ε
1459 4967 1602 5044 Psal.
1629 4966 1836 5044 exin}.
1909 4963 1938 5044 f5
1957 4964 2130 5044 Prov.
2165 4976 2328 5044 xvu_t,
2357 4958 2482 5044 23L"
2527 4954 2772 5044 (Matth.
2803 4970 2898 5044 ξιιζ
3040 4952 3116 5044 “ui
3150 4950 3278 5044 ng.
3310 4967 3430 5044 ιγιῖ

257 5062 279 5100 κ
302 5019 663 5115 Μεῖῑῖιῖονῖνέἶ
693 5019 1269 5115 -ῙΡι-ονῗξῖιιῖέῇξ
1283 5019 1347 5095 ex
1375 5019 1621 5115 versi—one
1636 5019 1834 5092 13X.
1907 5036 1922 5074 ί
1957 5034 2100 5115 ξξθι.
2134 5019 2346 5115 “LL...
2390 5029 2404 5081 i
2443 5027 2663 5115 Canthi,
2772 5023 2846 5115 Ak
2875 5019 3006 5079 Luc.
3039 5021 3303 5115 xu,_"20.v
3345 5019 3540 5115 E‘ALu-c.

540 5091 584 5154 ἠἶ
607 5091 953 5185 blatta-xix,
984 5091 1361 5185 gibt—arci}
1385 5091 1720 5185 ζςέἷξῖιξεζ
1755 5123 1903 5185 xviri,
1951 5105 2049 5185 g5.
2125 5115 2152 5142 υ
2198 5091 2389 5185 Matth.
2437 5091 2656 5185 171,012;
2697 5094 2838 5185 ἓξὲξ.
2888 5110 3110 5185 xexxvm,
3138 5093 3227 5185 Ξ
3262 5091 3540 5185 Eccleﬂl‘.

821 5165 950 5239 1:ch:
978 5200 1070 5251 xu,
1088 5165 1229 5238 El.”
1256 5165 1304 5217 7°
1333 5180 1354 5235 Ι
1387 5165 1515 5236 Cor.
1545 5165 1621 5247 iv,
1654 5180 1706 5234 7.
1792 5187 1820 5229 Ρ

257 5278 406 5312 XXXI.
495 5280 526 5312 ι.

1926 5177 1986 5233 al.
2026 5194 2186 5236 ιχνιιι
2212 5211 2229 5241 ,
2264 5171 2353 5229 29.
2445 5179 2473 5219 ιι
2499 5165 2650 5224 ϐειι.
2699 5181 2827 5222 xvm
2852 5207 2868 5234 ,
2907 5165 2943 5220 '5
2967 5207 2982 5232 ,

257 5278 406 5329 χχχι,
441 5278 526 5314 1o.

3037 5150 3250 5232 et'nx,
3303 5162 3370 5227 3;
3422 5150 3541 5212 Job.

329 5421 407 5492 (a)
439 5417 530 5492 δίε
556 5415 750 5492 legitur
772 5413 826 5468 in
855 5407 1309 5492 mss;net.excnsi_s
1337 5405 1638 5492 codicibus:
1655 5403 1851 5492 itaet
1960 5474 1994 5492 Δ,
2025 5400 2101 5484 (b)
2129 5396 2208 5452 ita
2230 5409 2334 5452 ms.
2379 5393 2533 5451 Vien.
2559 5399 2615 5450 et
2635 5389 2766 5448 edit.
2807 5386 2984 5445 Chim.
3029 5386 3132 5442 Alii
3160 5382 3376 5441 codices
3397 5421 3414 5448 ,
3457 5395 3544 5436 sa-

261 5473 404 5561 θρίιδ
430 5473 752 5561 ang-Ea"
786 5479 1027 5561 0"“."120
1058 5479 1127 5534 de
1161 5477 1439 5561 Magni}?
1498 5473 1850 5557 ﬁngentium
1957 5473 2103 5561 “alii
2137 5539 2216 5561 ι.-
2253 5552 2362 5561 _.--
2428 5535 2560 5561 πελ..
2633 5541 2684 5561 ,η
2733 5530 2845 5561 οι...
2897 5544 3018 5561 οη...
3050 5525 3159 5561 ..δίο
3215 5523 3369 5561 nam
3434 5524 3524 5561 an:

259 5523 1850 5628 "i'o,:§e}§_.fi§i_7'iiéaz;§infigi};
2129 5539 2384 5628 ‘ltnalmss.
2428 5535 2584 5592 Vien.
2631 5541 2688 5589 et
2730 5530 2864 5601 Reg.
2896 5544 3018 5586 cum
3050 5525 3182 5583 edit.
3215 5523 3390 5580 Chiill.
3424 5524 3546 5588 Alii,

260 5609 540 5689 5563813113
553 5609 955 5698 ilegiiadmonet'
969 5619 1083 5675 Nic.
1109 5617 1380 5698 ξὶᾼεείῃείιξες⁸
1393 5617 1446 5698 in
1476 5616 1620 5698 notis
1646 5633 1661 5684 ;
1692 5624 1748 5672 et
1775 5616 1855 5672 sic
1959 5609 2392 5698 equstu‘labitur.

2035 5665 2113 5756 liii
2140 5665 2252 5756 Sis
2297 5695 2367 5735 ει
2411 5692 2578 5756 eam
2621 5665 3549 5756 “arma2!2,-°‘3§2,J€'§23:???

1963 5736 2386 5814 emendavimus,
2428 5736 2822 5814 refragantibus
2859 5747 3040 5814 tamen
3079 5738 3327 5814 omnibus
3355 5736 3551 5814 codicic

1963 5807 2085 5892 bus,
2114 5807 2167 5878 in
2197 5807 2394 5893 quibus
2422 5807 2780 5878 nullo'sensu,
2812 5818 2873 5865 ut
2897 5808 3027 5866 mihi
3053 5807 3281 5875 videtur,
3315 5808 3549 5864 terrenis.

260 5686 402 5772 legit
422 5686 677 5772 Paulinus
705 5703 890 5751 noster
916 5706 1084 5772 carm.
1109 5687 1180 5772 ξε
1205 5687 1273 5771 de
1295 5688 1448 5772 obitu
1465 5686 1614 5772 fieisi
1639 5726 1656 5750 ,
1705 5702 1848 5772 vers.

262 5759 388 5828 589.
439 5771 498 5826 In
527 5769 717 5825 Graeco
747 5777 928 5821 tamen
956 5769 1107 5833 textu
1129 5759 1353 5828 legimus
1380 5761 1616 5833 Λάζαρος
1641 5799 1656 5828 ,
1707 5764 1760 5811 et
1802 5759 1853 5813 in

262 5843 491 5914 Vulgata
517 5851 575 5898 et
600 5855 702 5896 ms.
733 5837 904 5893 Vatic.
938 5831 1192 5888 Lazarus.

1525 6031 1536 6036 νς
1555 6030 1616 6038 ι...
