4078 6352
498 396 599 455 219

1499 446 1512 461 κ
1629 386 1684 443 s.
1724 384 1999 443 PAULl'Nl
2037 380 2288 441 suum
2325 380 2626 440 EPISCOPI

3688 372 3831 435 23.0

499 519 768 568 tartareus
796 512 1098 566 contemtor
1122 501 1365 559 Eleazari
1394 499 1544 555 dives
1567 500 1961 572 praetermissus
1981 503 2084 562 est,
2117 498 2166 557 Α
2191 506 2437 551 aeternam
2480 495 2761 567 possidebit
2790 492 2840 552 ιι.
2893 493 3063 566 Hujus
3101 493 3297 549 mentis
3348 491 3616 564 perfectio
3639 533 3654 557 ,
3714 488 3828 548 vel

503 601 652 657 illum
682 601 749 655 ab
782 596 1077 653 Arimathia
1106 591 1304 663 Joseph
1339 602 1364 630 ιι
1405 592 1625 647 divitem
1656 591 1921 646 nominari
1946 590 2096 644 vide-

503 709 644 749 mus.
678 690 868 745 Beatus
897 689 1037 743 enim
1053 693 1157 754 est,
1181 686 1300 758 quia
1316 686 1362 717 ⁸⁸
1387 683 1696 754 specialiter
1721 682 1977 737 intellexit
2002 698 2093 736 su-

505 801 596 855 per
625 798 838 854 egenum
865 790 914 833 et
936 795 1216 851 pauperem
1246 777 1270 815 b
1294 816 1309 841 ,
1351 778 1441 847 pio
1471 774 1668 831 Christi
1709 790 1906 845 corpus
1934 774 2095 828 obse-

507 875 633 944 quio
666 872 759 944 (V.
804 887 891 943 ep.
934 869 1032 937 26,
1078 886 1134 925 n.
1170 868 1226 939 2)
1258 877 1571 925 muneratus
1603 879 1625 908 ο
1654 908 1669 932 ,
1712 884 1811 923 nec
1860 868 2096 938 judicem

507 984 609 1039 pro
641 967 835 1036 injuria
865 965 1123 1021 dominici
1151 964 1396 1035 corporis
1426 962 1771 1033 interpellare
1792 962 2014 1026 veritus,
2047 966 2102 1014 et

508 1059 599 1128 pio
624 1065 810 1113 sumtu
851 1057 1077 1127 pretiosi
1116 1056 1393 1111 velaminis
1431 1063 1486 1111 et
1521 1055 1753 1126 sepulcri
1787 1054 1911 1109 novi
1952 1053 2103 1107 dives

512 1148 566 1202 in
594 1148 705 1220 78
734 1149 950 1204 Domini
992 1148 1284 1218 sepultura.
1336 1147 1430 1202 llis
1460 1154 1513 1202 te
1540 1146 1733 1218 pagina
1778 1153 1966 1200 sancta
2014 1160 2105 1198 no-

513 1240 750 1295 minibus
768 1238 1058 1306 adscribet,
1084 1248 1138 1294 et
1162 1239 1213 1293 in
1230 1239 1412 1293 talium
1430 1239 1475 1269 ²⁶
1498 1237 1719 1291 divitum
1743 1246 1890 1292 sorte
1912 1249 2105 1289 nume-

520 1330 727 1385 raberis
752 1369 767 1394 ,
818 1345 1045 1400 quorum
1088 1345 1218 1400 opes
1254 1345 1436 1399 aequas
1468 1338 1523 1383 et
1562 1330 1762 1383 animo.
1805 1327 1921 1381 Non
1962 1327 2107 1380 enim

519 1420 619 1479 sibi
643 1419 903 1475 habentes
930 1420 1237 1483 habebant,
1288 1420 1384 1475 sed
1414 1437 1561 1475 nemo
1595 1420 1871 1492 quidquam
1908 1417 2109 1471 dicebat

519 1527 689 1580 summ,
715 1520 770 1566 et
797 1511 1016 1566 humani
1038 1512 1169 1566 nihil
1199 1528 1229 1566 a
1256 1527 1316 1567 se
1345 1512 1579 1567 alienum
1608 1512 1867 1581 putabant
1896 1527 1907 1561 :
1940 1516 1998 1561 ut
2020 1508 2108 1561 illa

520 1602 792 1673 quondam
820 1604 1078 1674 princeps
1116 1602 1241 1659 ﬁdei
1272 1604 1578 1670 multitudo,
1609 1604 1690 1657 cui
1712 1619 1872 1656 unum
1901 1618 1989 1656 cor
2008 1644 2022 1669 ,
2060 1610 2110 1654 et

521 1696 698 1748 animo
718 1711 846 1759 una,
875 1703 925 1748 et
941 1697 1117 1749 omnia
1148 1697 1436 1749 rommunia
1463 1704 1613 1748 erant
1634 1692 1686 1748 δ.
1717 1693 1781 1748 Et
1804 1693 1925 1749 vide
1944 1694 2113 1748 ratio-

525 1799 691 1852 nem;
740 1784 902 1840 facile
926 1782 1191 1854 iudicabis
1234 1785 1538 1857 parricidali
1571 1786 1796 1841 crimine
1836 1786 2111 1841 contemni

2197 589 2352 644 istius
2382 587 2727 659 perfectionis
2753 602 2925 655 mens,
2945 587 3056 656 jam
3082 586 3150 640 ab
3178 584 3385 654 origine
3405 584 3573 639 seculi
3593 583 3830 652 justum

2197 679 2302 736 Lot
2342 680 2409 734 ab
2454 680 2547 736 illo
2579 682 2647 752 (f)
2696 677 3110 749 Pentapolitano
3148 674 3402 732 incendio
3446 674 3709 731 liberavit
3750 675 3818 738 ί,

2199 772 2503 842 meruitque
2531 772 2605 843 (g)
2635 770 3010 842 prohospitali
3055 768 3220 824 domo
3244 775 3418 823 totam
3471 767 3527 821 in
3576 766 3825 822 domum

2200 865 2387 919 urbem
2418 878 2641 918 munere
2669 862 2765 918 Dei
2788 864 3009 918 sortitus
3036 862 3320 932 accipere;
3369 860 3495 930 quia
3539 859 3664 929 ille,
3715 859 3826 929 qui

2205 959 2258 1013 in
2286 959 2490 1013 incesta
2522 940 2595 1014 et!
2626 958 2788 1030 impia
2830 958 3046 1013 civitate
3074 957 3222 1012 solus
3241 964 3297 1011 et
3324 955 3447 1026 pius
3476 954 3658 1009 fuerat
3682 992 3701 1019 ,
3762 959 3828 1007 et

2204 1050 2433 1122 pudicus
2456 1091 2470 1115 ,
2523 1051 2692 1122 ipsam
2733 1063 2993 1121 superans
3018 1049 3063 1080 "
3093 1047 3381 1103 sanctitate
3410 1046 3678 1116 pietatem
3711 1042 3823 1114 (γ.

2205 1138 2459 1212 not.43),'
2474 1158 2583 1196 non
2613 1141 2895 1204 dubitavit,
2925 1146 3182 1210 quantum
3203 1139 3257 1193 in
3280 1138 3398 1208 ipso
3420 1135 3538 1201 fuit,
3570 1137 3686 1207 79
3707 1150 3826 1204 pu-

2207 1234 2388 1291 dicitia
2419 1235 2645 1289 liliarum
2688 1234 2953 1289 redimere
2994 1233 3268 1304 hospitum
3311 1230 3647 1287 castitatem.
3707 1226 3823 1281 Job

2209 1344 2361 1394 vero,
2417 1328 2505 1383 ille
2533 1327 2745 1383 Domini
2778 1327 2900 1397 igne
2930 1325 3294 1380 examinatum
3338 1329 3627 1391 argentum
3650 1362 3665 1385 ,
3713 1318 3821 1373 sed

2211 1435 2427 1491 semper
2456 1419 2671 1474 oculum
2692 1433 2975 1483 cxceorum,
3008 1425 3063 1471 et
3083 1415 3277 1487 pedem
3298 1414 3617 1470 claudorum
3645 1411 3826 1466 fuisse

2216 1518 2445 1565 testatur
2473 1510 2517 1575 i,
2552 1510 2853 1579 horumque
2879 1524 3103 1580 operum
3133 1510 3186 1564 in
3216 1510 3334 1581 ipso
3360 1508 3683 1564 tentationis
3702 1522 3821 1561 sum

2215 1602 2510 1657 certamine
2539 1600 2840 1655 mercedem
2870 1601 3136 1671 reposcit,
3180 1609 3233 1656 et
3263 1601 3476 1672 recipit.
3533 1598 3826 1671 Spoliatur

2217 1693 2409 1764 opibus
2449 1693 2797 1763 patrimonii,
2844 1709 2951 1748 non
2998 1693 3199 1759 animi;
3271 1693 3364 1748 sed
3406 1692 3824 1749 invulnerabilis

2218 1786 2413 1856 corde,
2447 1786 2524 1858 (It)
2556 1803 2622 1842 ne
2650 1786 2805 1842 labiis
2825 1786 3044 1856 quidem
3070 1796 3257 1857 peccat
3280 1784 3303 1823 ιι
3325 1826 3341 1852 ,
3372 1785 3607 1840 nudatus
3636 1783 3823 1839 ambi-

528 1891 796 1946 pauperes
824 1886 1012 1932 nostro
1040 1877 1292 1942 arbitrio,
1331 1892 1468 1947 quos
1496 1877 1644 1933 nullo
1687 1876 1928 1932 videmus
1957 1893 1988 1931 a
2016 1893 2115 1932 no-
2143 1878 2194 1942 Β
2220 1878 2367 1933 tione
2412 1879 2725 1934 substantia:
2751 1918 2765 1939 .
2834 1879 2929 1935 sed
2969 1888 3207 1934 armatus
3253 1880 3452 1933 virtute
3494 1878 3777 1950 patientiae
3802 1878 3823 1945 ξ

530 1969 613 2024 bis
643 1968 736 2024 Dei
767 1985 933 2040 apere
960 1969 1244 2026 discretos.
1290 1970 1574 2037 Quomodo
1603 1973 1746 2025 enim
1771 1971 1846 2042 (a)
1874 1969 2117 2026 excludi-

530 2080 651 2119 mus
677 2079 706 2118 a
734 2064 935 2120 nostris
955 2065 1178 2120 modicis
1206 2066 1650 2130 habitationibus,
1683 2082 1819 2137 quos
1847 2067 1988 2121 Deus
2011 2083 2118 2121 una

529 2153 806 2209 nobiscum
829 2154 981 2212 istius
1011 2155 1195 2210 mundi
1220 2154 1293 2227 (ὑ)
1316 2157 1584 2211 conclusit
1602 2156 1764 2212 domo
1785 2158 1809 2211 ?
1837 2158 2118 2225 Quomodo

535 2249 608 2320 (ε)
637 2250 987 2319 dedignamur
1010 2260 1239 2306 terrenae
1267 2251 1633 2321 possessionis
1663 2268 1761 2305 usu
1785 2249 1962 2307 facere
1996 2268 2120 2323 par-

529 2339 744 2409 ticipes,
775 2355 911 2409 quos
931 2348 985 2396 et
1004 2340 1081 2409 (d)
1113 2340 1265 2394 inviti
1287 2340 1480 2395 divina:
1508 2342 1731 2410 originis
1760 2324 1966 2397 unitate
1987 2359 2122 2397 con-

540 2437 717 2485 sortes
744 2430 1006 2487 habemus
1024 2431 1051 2485 ?
1078 2428 1194 2486 Hoc
1222 2437 1412 2486 tenens
1440 2430 1745 2497 Abraham,
1775 2434 1981 2489 amicus
2009 2432 2122 2488 Deo

535 2516 708 2574 fumus
736 2528 858 2575 est:
891 2519 996 2576 hoc
1024 2520 1314 2575 observans
1348 2520 1481 2587 Lot,
1514 2523 1684 2578 evasit
1711 2538 1742 2577 a
1770 2522 2022 2578 Sodomis
2055 2532 2078 2561 ε
2106 2540 2120 2576 :

536 2612 642 2667 hoc
670 2619 908 2668 sectatus
927 2611 1049 2678 Job,
1087 2612 1154 2668 de
1176 2614 1366 2670 zabulo
1397 2615 1759 2685 triumphavit.

600 2701 689 2756 21.
724 2703 1043 2774 Aperiamus
1085 2712 1142 2760 et
1182 2721 1281 2761 nos
1310 2706 1578 2762 domicilia
1620 2716 1802 2763 nostra
1828 2707 2123 2776 fratribus;

537 2793 625 2849 vel
653 2794 906 2849 timentes
932 2795 1231 2865 periculum
1271 2797 1702 2867 supradictorum
1740 2801 1994 2872 exemplo
2024 2817 2123 2872 pa-

543 2894 715 2952 trum,
747 2902 817 2942 ne
840 2886 979 2943 forte
1006 2889 1160 2957 quasi
1196 2889 1473 2944 hominem
1512 2890 1861 2947 excludentes
1884 2933 1897 2957 ,
1943 2901 1999 2947 et
2027 2909 2126 2947 an-

539 2977 716 3046 gelum
748 2978 1112 3049 repellamus,
1156 2981 1244 3035 vel
1272 2989 1555 3052 sperantes
1594 2983 1788 3037 mereri
1828 2992 1883 3038 et
1912 2985 2132 3051 angelos

540 3069 781 3140 hospites
803 3112 818 3136 ,
850 3071 978 3125 dum
1015 3073 1192 3127 omnis
1223 3073 1443 3129 advena:
1474 3076 1758 3130 transitum
1790 3084 2000 3145 promta
2029 3076 2132 3131 hu-

542 3164 805 3219 manitate
853 3166 1194 3235 suscipimus.
1272 3164 1438 3222 Pater
1483 3168 1628 3222 enim
1671 3168 1941 3223 Abraham
2005 3169 2131 3223 dum

2221 1972 2443 2027 orbatus
2460 1971 2689 2042 prole",
2714 1986 2821 2026 non
2846 1971 3025 2026 cordis
3046 1971 3268 2038 lumine,
3292 1968 3431 2024 ﬁlios
3452 1970 3652 2025 mentis
3682 1984 3824 2039 suae,

2225 2064 2327 2120 hoc
2356 2072 2439 2117 est
2462 2106 2476 2131 ,
2501 2063 2725 2134 justitite
2749 2078 2914 2135 opera
2936 2064 3345 2133 complectitur,
3374 2063 3617 2118 clamans
3643 2080 3655 2115 :
3709 2060 3827 2114 Nn.-

2229 2156 2325 2209 dus
2348 2156 2481 2210 exivi
2512 2156 2575 2209 de
2603 2164 2746 2210 utero
2777 2156 2961 2210 matris
2992 2172 3117 2210 mea:
3140 2196 3154 2221 ,
3202 2154 3372 2209 nudus
3395 2163 3597 2224 Oportet
3626 2156 3681 2208 in
3713 2163 3825 2207 ter-

2224 2265 2340 2303 ram
2378 2258 2605 2303 revertar
2638 2246 2681 2302 ι.
2752 2245 2905 2303 Nihil
2953 2248 3222 2302 intulimus
3268 2249 3324 2301 in
3369 2248 3502 2300 hunc
3551 2246 3825 2311 mundum,

2226 2354 2413 2393 verum
2437 2339 2645 2409 neque"
2678 2339 2885 2410 auferre
2908 2354 3178 2409 possumus
3199 2347 3261 2391 ω.
3284 2337 3392 2392 Sed
3406 2338 3534 2406 quia
3556 2337 3828 2406 spiritales

2228 2446 2361 2499 opes
2389 2446 2495 2484 non
2526 2431 2820 2497 amiserat,
2863 2428 3191 2498 temporales
3228 2443 3443 2498 quoque
3482 2427 3703 2481 divitias
3728 2442 3829 2497 pro

2229 2523 2504 2594 patientia:
2527 2522 2800 2592 triumpho
2829 2522 3075 2591 recepit;
3115 2529 3168 2574 et
3194 2520 3393 2574 ditatus
3420 2528 3504 2573 est
3533 2520 3597 2590 (i)
3639 2519 3827 2589 duplo,

2110 2630 2113 2635 '
2228 2618 2352 2687 quia
2384 2616 2644 2686 probatus
2683 2624 2739 2670 et
2776 2624 3035 2686 purgatus
3064 2622 3181 2670 erat
3209 2614 3459 2685 septnplo
3488 2623 3538 2667 υ.
3586 2613 3830 2668 Labores

2230 2709 2374 2764 enim
2398 2748 2412 2773 ,
2445 2716 2504 2763 ut
2530 2707 2786 2778 scriptum
2816 2716 2894 2762 est
2929 2716 2952 2744 ο
2977 2750 2991 2774 ,
3041 2707 3109 2779 (j)
3154 2705 3423 2762 fructuum
3452 2705 3551 2778 (V.
3588 2714 3703 2761 not.
3734 2704 3826 2774 11)

2230 2815 2452 2855 suorum
2481 2797 2898 2855 manducaverat
2921 2838 2937 2864 ,
2969 2798 3022 2852 in
3052 2798 3307 2868 operibus
3335 2798 3437 2868 piis
3465 2796 3825 2862 elaborando,

2233 2902 2289 2949 et
2316 2893 2518 2949 idcirco
2548 2892 2750 2947 fructus
2793 2891 3036 2946 laborum
3079 2906 3299 2945 suorum
3345 2889 3692 2943 manducavit
3717 2929 3731 2954 ,
3774 2889 3830 2941 in

2234 2986 2340 3041 hoc
2366 2985 2529 3039 etiam
2560 2983 2741 3039 seculo
2772 2982 2990 3053 prmmia
3020 2997 3244 3052 operum
3264 2981 3597 3051 recipiendo.

2302 3076 2392 3131 22.
2425 3076 2561 3131 Cum
2579 3076 2665 3130 his
2692 3075 2944 3129 divitibus
2972 3074 3068 3129 tibi
3096 3089 3215 3128 sors
3239 3082 3340 3138 est,
3363 3073 3491 3141 quia
3504 3073 3547 3103 ³¹
3580 3071 3831 3127 eumdem

2238 3169 2407 3223 Deum
2453 3167 2759 3222 divitiarum
2820 3173 3034 3219 tuarum
3082 3179 3298 3219 causam
3352 3178 3473 3217 esse
3519 3163 3833 3227 meministi,

542 3257 858 3326 peregrinos
880 3259 1136 3328 suscepit,
1170 3260 1383 3329 excepit
1408 3268 1465 3315 et
1490 3261 1782 3316 Dominum
1809 3277 1929 3316 cum
1961 3278 2114 3331 ange.
2156 3251 2207 3319 C
2239 3258 2377 3313 liber
2422 3256 2660 3311 avaritiae
2686 3295 2701 3320 ,
2750 3257 2873 3326 quia
2922 3271 3109 3310 servus
3154 3254 3396 3324 justitire.
3442 3254 3635 3325 lniquo
3665 3269 3839 3307 mam-

546 3348 614 3403 lis
634 3347 908 3405 Christum
933 3367 949 3419 ;
981 3359 1037 3406 et
1056 3352 1110 3406 in
1132 3352 1386 3423 hospitali
1407 3354 1760 3411 tabernaculo
1780 3355 1951 3420 illum,
1975 3373 2135 3429 quem

546 3440 603 3495 in
630 3438 926 3512 Evangelio
955 3457 1139 3500 coram
1172 3443 1244 3517 (e)
1279 3445 1332 3500 in
1361 3446 1657 3517 semetipso
1699 3446 1953 3503 Salvator
1980 3450 2137 3505 exhi-

544 3530 659 3601 bet,
682 3531 825 3588 diem
863 3533 997 3588 vidit
1020 3531 1067 3589 τ.
1109 3534 1422 3593 Sodomitas
1444 3538 1723 3608 hospitum
1752 3539 2028 3597 damnavit
2054 3542 2141 3596 in-

549 3620 716 3689 juria,
754 3631 811 3677 et
832 3621 941 3678 Lot
968 3639 1035 3680 eo
1072 3627 1412 3696 potissimum
1442 3628 1661 3685 liberari
1702 3633 1899 3686 meruit
1924 3631 2136 3700 affectu,

546 3712 695 3780 quod
718 3712 959 3784 hospites
986 3717 1220 3785 prmtulit
1254 3717 1466 3773 ﬁliabus
1494 3730 1542 3773 ε.
1608 3721 1727 3775 Non
1777 3722 1868 3777 ille
1917 3724 2136 3794 impius,

550 3803 645 3858 sed
669 3804 909 3874 perfecte
929 3805 1088 3876 pius;
1122 3823 1228 3861 non
1258 3808 1401 3862 enim
1425 3808 1560 3864 tilias
1587 3810 1721 3865 viles
1748 3811 2010 3879 habebat,
2047 3814 2142 3883 qui

550 3894 677 3951 inde
698 3895 1011 3951 mercedem
1038 3897 1259 3963 meruit,
1286 3897 1429 3967 quod
1458 3899 1647 3968 pietati
1669 3900 1977 3957 domesticae
2005 3918 2143 3971 pra:-

548 3986 739 4042 tulerit
760 3986 1023 4059 justitiam
1048 3988 1317 4058 caritatis,
1340 3989 1446 4045 hoc
1468 3999 1581 4057 est,
1609 3994 1858 4048 timorem
1880 3993 2013 4060 Dei;
2041 4010 2139 4050 cu-

551 4082 638 4154 ius
662 4083 850 4153 utique
876 4091 1147 4155 pmopto
1175 4092 1233 4139 et
1263 4085 1457 4156 spiritu
1485 4085 1808 4163 recipiendis
1834 4088 2139 4160 hospitibus

550 4175 858 4231 serviebat:
888 4191 953 4232 ac
976 4175 1204 4248 perinde
1227 4176 1338 4248 jam
1360 4186 1489 4235 tunc
1512 4178 1812 4250 perlectum
1843 4178 1964 4239 ﬁdei
1987 4201 2142 4241 mens

554 4266 644 4321 illa
663 4266 975 4338 complevit,
997 4284 1106 4339 quo
1126 4261 1531 4327 dicitur‘nobis:
1567 4268 1751 4328 Omnis
1770 4276 1857 4346 qui
1877 4276 2140 4348 reliquerit

558 4355 747 4423 fratres
765 4397 781 4422 ,
814 4364 865 4409 et
885 4373 1117 4424 sorores,
1163 4368 1251 4412 aut
1274 4369 1526 4426 matrem,
1561 4370 1650 4415 aut
1674 4363 1846 4432 ﬁlios,
1876 4366 1954 4418 vel
1981 4367 2143 4434 ﬁlias,

559 4455 766 4517 propter
793 4464 977 4503 nomen
1005 4466 1173 4505 meum
1191 4490 1205 4515 ,
1236 4453 1530 4523 centuplum
1558 4454 1604 4484 "
1631 4455 1868 4524 accipiet,
1915 4466 1965 4510 et
1990 4459 2147 4512 vitam

630 4590 655 4618 ι
684 4579 872 4638 Matth.
933 4600 1076 4643 xxvii
1099 4626 1113 4648 .
1144 4583 1231 4641 57.
1308 4584 1334 4624 δ
1361 4584 1503 4641 Psal.
1558 4602 1628 4643 xl.
1647 4625 1663 4651 ,
1692 4585 1749 4642 2.

560 4647 695 4703 Gen.
736 4668 829 4707 xm
846 4694 861 4709 .
900 4651 954 4709 2.

1826 4597 1850 4627 ο
1880 4587 2070 4645 Matth.
2104 4608 2278 4657 xuii,
2305 4589 2394 4645 58.
2473 4589 2497 4628 ά
2530 4591 2649 4647 Act.
2683 4606 2754 4655 u,
2784 4588 2881 4651 44,
2930 4597 2984 4644 et
3030 4605 3116 4651 tv.
3150 4588 3236 4644 32.

1034 4653 1062 4729 ξ
1094 4653 1292 4729 Johan.
1333 4653 1572 4729 νιιιηὸῥ.
1654 4666 1678 4704 8
1709 4655 1845 4729 Gen.
1885 4674 2011 4729 xix,
2042 4660 2094 4716 8.
2171 4661 2201 4702 ιι
2232 4653 2421 4718 Matth.
2457 4678 2544 4716 nx
2566 4701 2584 4729 ,
2615 4660 2703 4714 29.

562 4694 954 4800 garris?
984 4722 997 4762 ι
1340 4694 1845 4800 fama???
1873 4694 2240 4800 {suis}

2240 3366 2401 3405 mona
2426 3349 2570 3419 juste
2600 3349 2765 3404 uteris
2790 3365 2804 3415 ;
2854 3363 2953 3402 nec
2974 3347 3219 3418 captivus
3244 3389 3257 3412 ,
3293 3345 3387 3401 sed
3415 3361 3543 3401 vere
3572 3345 3841 3401 Dominus

2243 3460 2302 3499 es
2324 3442 2567 3513 pecuniae
2594 3448 2723 3508 tum,
2753 3441 2878 3509 quia
2907 3440 3198 3510 possideris
3223 3454 3254 3493 a
3280 3438 3517 3503 Christo,
3550 3439 3643 3494 cui
3667 3440 3840 3509 capti-

2242 3549 2308 3589 va
2350 3542 2432 3589 est
2477 3533 2590 3603 ipsa
2632 3532 2915 3602 captivitas
2944 3543 2993 3586 r.
3034 3529 3281 3586 Gloriare
3308 3530 3472 3599 igitur
3499 3530 3553 3585 in
3585 3529 3842 3598 Domino,

2243 3628 2366 3699 quia
2395 3642 2497 3681 non
2521 3642 2644 3679 caro
2673 3634 2722 3679 et
2748 3625 2961 3696 sanguis
2982 3625 3072 3677 tibi
3100 3634 3126 3672 (ι
3153 3665 3167 3690 ,
3204 3622 3299 3679 sed
3330 3624 3442 3694 ipse
3465 3662 3482 3687 ,
3530 3624 3627 3693 qui
3656 3622 3842 3677 lumen

2244 3728 2328 3775 est
2354 3734 2541 3774 verum
2585 3726 2638 3773 et
2667 3718 2927 3788 sapientia
2959 3718 3052 3771 Dei
3078 3716 3328 3771 Christus
3359 3726 3381 3754 τ
3408 3758 3422 3783 ,
3482 3715 3835 3786 prudentiam

2247 3810 2405 3880 hujus
2453 3809 2802 3880 providentia:
2842 3808 3079 3862 reuelauit
3103 3849 3117 3874 ,
3172 3823 3278 3877 qua
3318 3790 3573 3876 intelligis
3605 3808 3661 3862 in
3692 3808 3844 3862 omni

2243 3921 2415 3975 egeno
2443 3913 2497 3959 et
2520 3918 2759 3975 paupere
2781 3901 3052 3957 Christum
3078 3902 3245 3956 cibari
3269 3943 3283 3967 ,
3328 3901 3505 3972 potari
3532 3941 3547 3966 ,
3600 3903 3836 3970 contegi,

2244 4000 2445 4054 visitari
2460 4009 2506 4062 ⁸,
2525 3996 2815 4054 secundum
2838 3996 2957 4050 illos
2980 4003 3179 4065 patres,
3197 4008 3333 4064 quos
3346 3994 3416 4049 ob
3436 3993 3544 4049 hoc
3563 3996 3842 4059 meritum,

2246 4094 2394 4165 quod
2415 4108 2575 4163 supra
2593 4090 2795 4146 dictum
2817 4097 2918 4153 est,
2938 4091 2991 4143 in
3014 4090 3096 4143 die
3117 4088 3257 4143 mala
3274 4087 3506 4142 liberavit
3523 4086 3777 4143 Dominus
3793 4090 3810 4123 ε
3826 4129 3841 4141 .

2313 4185 2402 4240 2‘5.
2442 4185 2563 4255 ipse
2593 4193 2645 4239 te
2678 4183 2928 4238 Dominus
2957 4192 3244 4248 conservet,
3292 4192 3340 4236 et
3362 4182 3582 4250 uiriﬁcet
3602 4224 3615 4246 ,
3648 4191 3697 4235 et
3716 4181 3843 4234 bea-

2254 4287 2358 4331 tum
2382 4277 2561 4349 faciat,
2593 4284 2642 4329 et
2664 4277 2798 4346 {erat
2818 4290 2964 4344 apem
2991 4289 3131 4329 nunc
3153 4274 3246 4327 tibi
3276 4289 3434 4343 supra
3467 4273 3658 4327 lectum
3692 4274 3842 4327 dolo-

2249 4372 2359 4425 risu
2383 4368 2482 4435 tui,
2497 4374 2777 4422 convertat
2796 4366 3067 4436 planctum
3090 4365 3235 4435 pium
3255 4365 3306 4419 in
3323 4364 3574 4434 gaudium
3597 4381 3655 4419 sa
3666 4374 3845 4419 llCllllll

2254 4459 2367 4513 tibi.
2408 4456 2736 4512 Consciudat
2763 4466 2981 4511 saccum
3010 4456 3240 4510 tristitia:
3270 4462 3373 4509 tute
3399 4497 3414 4523 ,
3445 4463 3499 4508 et
3527 4454 3721 4509 reddat
3752 4455 3845 4509 tibi

3320 4598 3342 4626 ε
3374 4585 3511 4642 Gen.
3548 4604 3714 4650 xvm,
3772 4586 3846 4649 ὃς

2790 4659 2803 4697 ί
2840 4658 2976 4715 Gen.
3018 4675 3129 4721 XIX.
3174 4657 3260 4712 15.
3343 4662 3356 4708 t
3397 4657 3499 4712 .Iob
3540 4667 3704 4723 xxix,
3759 4656 3846 4712 l5.

2371 4730 2515 4787 Psal.
2541 4727 2739 4795 clxxvn,
2760 4728 2815 4785 2.
2892 4740 2919 4780 π’
2944 4730 3086 4785 Psal.
3113 4727 3272 4793 Lx‘vn,
3301 4727 3385 4783 l9.
3465 4739 3490 4777 (ι
3520 4727 3712 4782 Matth.
3742 4745 3851 4794 im,

562 4788 652 4844 17.
730 4803 753 4831 ι’
776 4791 945 4850 lCor.
974 4810 1012 4862 ι,
1042 4793 1129 4849 2d.
1184 4788 1230 4832 ’⁸
1261 4795 1451 4851 Matth.
1479 4812 1608 4866 xxv,
1638 4788 1730 4853 40..
1802 4799 1826 4837 ‘
1878 4798 2016 4856 Psal.
2075 4820 2140 4859 χι

2236 4803 2285 4857 2.
2360 4810 2390 4840 ³
2419 4801 2573 4868 lbid.,
2607 4802 2661 4867 ὅ,
2689 4788 2742 4855 4.

547 4979 576 4996 ._
636 4908 712 5032 Ἑ)
731 4908 823 4991 ita
842 4925 971 4966 mss.
996 4909 1129 4979 Reg.
1162 4909 1316 4967 Vien.
1341 4918 1396 4967 et
1422 4910 1613 4994 Florus
1642 4912 1694 4994 in
1726 4910 1928 4995 Catena
2080 4932 2152 4981 xi,

565 4994 616 5032 tn
693 4987 817 5032 mst.
838 4979 1089 5032 adﬂehr.
1116 4996 1227 5032 xm.
1262 4981 1315 5032 l.
1340 4990 1395 5032 et
1423 4982 1554 5032 edit.
1578 4980 1754 5032 Clum.
1786 4983 1888 5032 Alit
1910 4984 2126 5032 arduom

692 4979 817 5049 pist.
838 4979 1089 5038 adllebr.
1116 4996 1227 5047 xm,
1262 4981 1315 5050 1,
1340 4990 1395 5037 et
1423 4982 1554 5039 edit.
1578 4980 1754 5038 Chim.
1786 4983 1889 5039 Alii
1910 4984 2126 5043 codices

562 5049 919 5107 cxcludamus.

635 5120 714 5205 ib)
746 5120 1056 5205 §ic_Flo‘rm
1078 5162 1094 5188 ,
1146 5120 1449 5205 mssLReg:
1482 5131 1538 5179 et
1564 5121 1722 5205 Vien.
1749 5140 1947 5205 ,mcum
1978 5127 2150 5184 tribus

565 5189 723 5246 editis
750 5190 907 5257 Bad.,
934 5189 1122 5258 Grav.,
1145 5190 1322 5246 Chim.
1357 5189 1520 5260 Alias,
1554 5194 1831 5248 concludit.

639 5262 711 5332 (e)
739 5261 820 5316 Ita
849 5277 980 5318 mss.
1017 5262 1149 5333 Reg.
1182 5270 1239 5318 et
1275 5262 1463 5330 Vien.,
1505 5279 1629 5319 cum
1663 5264 1790 5319 edit.
1822 5264 1997 5322 Chilll.
2026 5268 2147 5333 Alii,

569 5334 925 5403 dedignemur.
1032 5384 1035 5387 ,

637 5402 715 5478 (Α)
739 5403 859 5478 _Sic_
854 5402 1045 5478 Florus
1065 5403 1435 5478 Lugdunensis
1454 5404 1507 5459 in
1528 5403 1730 5478 Catena
1749 5405 1841 5478 lib.
1854 5423 1913 5461 ιι
1931 5423 1998 5462 ex
2019 5406 2159 5463 Pau-

564 5473 707 5546 lino,
738 5475 793 5532 in
819 5474 988 5546 Epist.
1022 5474 1089 5546 ad
1120 5475 1373 5546 Hebragos
1399 5492 1512 5543 xm,
1544 5474 1661 5546 let
1685 5473 1739 5529 2.
1774 5476 1899 5532 Mss.
1932 5479 2065 5546 Reg.
2102 5488 2157 5533 et

566 5543 728 5598 Ἥρη.
760 5553 813 5600 et
840 5543 970 5601 edit.
1001 5545 1239 5602 Chililet.
1268 5543 1450 5601 Ceteri
1477 5543 1709 5609 codices,
1739 5547 1798 5600 in
1824 5563 1951 5601 una.

646 5614 716 5684 (e)
744 5614 893 5671 Hanc
1030 5618 1356 5689 positionem
1381 5616 1582 5673 addidit

570 5684 664 5737 lib.
697 5698 772 5748 ιι,
803 5700 900 5741 ms.
920 5633 1083 5743 Vita.
1106 5697 1163 5744 et
1189 5688 1315 5745 edit.
1349 5685 1582 5744 Chilllet.

649 5752 719 5825 (f)
750 5753 808 5809 ld
836 5765 920 5831 est
945 5757 1195 5831 incendio
1226 5759 1466 5831 quinque
1494 5759 1713 5831 urbium,
1732 5775 1763 5814 a
1800 5762 1947 5815 πέντε
1967 5801 1985 5831 ,
2014 5761 2162 5831 quiu-

574 5841 689 5898 (μισ,
716 5833 773 5881 et
797 5827 967 5896 πόλις,
996 5828 1141 5884 urbs.
1170 5826 1303 5885 item
1331 5826 1646 5903 pentapolim
1672 5830 1847 5887 Natal.
1890 5830 1925 5886 8
1966 5826 2161 5888 εζη-

1030 5616 1681 5689 ροείιὶοῃθωρὼῇάίωιιε
1700 5631 1768 5672 ex
1786 5615 1990 5674 Catena
2008 5618 2156 5675 Ποτὶ

2184 4920 2236 4981 D
2264 4915 2377 4980 lic.,
2405 4930 2573 4970 carm.
2602 4914 2691 4977 εδ,
2724 4929 2864 4970 ven.
2897 4912 3019 4969 221.

2332 4986 2412 5058 (g)
2442 4985 2532 5041 Sic
2556 5001 2693 5058 mss.
2722 4985 2938 5058 codices
2962 4984 3308 5058 ch.,_Vien.
3330 4991 3386 5039 et
3411 4982 3619 5058 editis.
3655 4985 3727 5058 At
3744 4998 3847 5058 ms.

2260 5053 2402 5112 Vat?
2434 5071 2557 5111 cum
2608 5055 2740 5112 edit.
2805 5053 2955 5112 Crist.
3008 5065 3066 5111 et
3114 5056 3277 5111 Rosv.
3306 5096 3321 5120 ,
3384 5072 3475 5125 per
3537 5053 3852 5123 hospitalem

2259 5128 2539 5278 άυξῖιῗᾝε.
2562 5195 2743 5278 Yien.,
2766 5212 2860 5250 nec
2882 5195 3032 5251 labiis
3053 5205 3250 5266 peccat.
3277 5194 3443 5250 Abest
3462 5194 3625 5249 etiam
3647 5194 3852 5265 quidem

2262 5284 2292 5322 a
2322 5283 2423 5322 ms.
2457 5267 2644 5334 Regio.

2272 5418 2279 5420 ξ
2320 5338 2397 5420 fi.)
2439 5336 2535 5394 Ms.
2590 5336 2724 5408 Reg.
2770 5352 2893 5393 cum
2939 5336 3100 5393 editis
3143 5336 3273 5392 Bad.
3301 5378 3315 5402 ,
3371 5335 3532 5390 Grav.
3586 5343 3643 5389 et
3671 5333 3850 5399 (Γῆ-1η..

2263 5408 2507 5550 mgf-ha
2554 5475 3008 5550 malatia—vetus
3046 5486 3101 5532 et
3148 5477 3315 5550 Rom:
3337 5476 3758 5550 §_._‘Augusti~:us
3798 5472 3851 5530 in

2262 5546 2535 5672 esalmos,
2584 5556 2640 5604 et
2664 5548 2786 5604 libri
2816 5548 2992 5632 Latini
3030 5556 3261 5630 veteres.
3451 5589 3465 5609 ,
3521 5547 3849 5615 palmarum;

2315 5620 2489 5672 ulaata
2515 5659 2531 5672 .
2582 5636 2813 5672 manum.
2872 5619 2972 5672 Hic
3006 5618 3257 5672 Paulinus
3282 5618 3411 5672 dtcu
3441 5621 3731 5672 fructuum.
3785 5632 3849 5672 ex

2315 5620 2489 5689 ulgata
2515 5659 2531 5685 ,
2582 5636 2813 5689 manum.
2872 5619 2972 5675 Hic
3006 5618 3257 5674 Paulinus
3282 5618 3411 5672 dicit
3439 5621 3731 5689 fructuum,
3784 5632 3856 5689 ex

2265 5685 2514 5758 ambigua
2544 5705 2678 5767 voce
2704 5688 2891 5745 Graeca
2935 5700 3034 5767 τῶν
3077 5698 3283 5765 καρπῶν
3309 5706 3322 5751 ς
3366 5685 3735 5767 rapaci-cuitu
3764 5685 3856 5741 di-

2267 5768 2462 5832 cuntur
2488 5762 2795 5832 etfructus,
2812 5770 2865 5814 et
2890 5766 3080 5832 palma:
3106 5757 3201 5815 seu
3224 5775 3406 5813 manus
3432 5757 3496 5813 'ex
3522 5757 3857 5832 Hieronymo

2270 5832 2325 5887 in
2355 5830 2511 5902 epist.
2546 5829 2667 5886 141.
2701 5830 2833 5889 Vide
2860 5829 2974 5888 not.
3008 5830 3095 5887 44.
3186 5846 3190 5851 ‘
