4078 6352
1565 336 1901 396 EPISTOLA
1941 336 2057 392 xv.
3354 335 3468 394 2%

176 470 362 544 ipsi.“
397 482 536 540 quos
571 464 887 523 beneficium
915 460 1248 533 pertinebat;
1285 456 1379 512 sed
1409 463 1522 510 tota
1551 467 1752 525 propee
1782 454 1832 514 Α
1861 451 2098 544 tulistis?
2124 449 2177 505 id
2202 457 2286 504 est
2315 447 2384 503 de
2405 448 2578 505 sancti
2596 448 2906 544 presbyteri
2935 447 3116 544 Basilii
3145 447 3167 480 ³
3195 450 3456 521 negotio;

176 539 386 620 modum
401 539 603 632 Capua,
619 558 796 630 “et
810 554 1159 612 celeberrima
1173 551 1320 607 urbis
1341 549 1508 620 ipsius
1528 546 1754 602 ecclesia
1859 543 2010 612 cujus
2037 543 2299 613 planctum
2319 542 2634 596 convenistis
2657 543 2710 594 in
2731 542 2974 613 gaudium
3003 539 3049 609 ιι,
3073 551 3130 598 et
3149 549 3464 602 senectutem

176 657 362 728 gaudio
386 654 686 726 presbyteri
713 647 1228 715 coexsultans,dedit
1255 645 1465 701 laudem
1492 645 1627 706 Deo,
1665 641 1757 710 qui
1861 636 2240 728 composuistirs
2269 636 2320 689 in
2354 634 2706 728 ηιὶεξνίςονάὶα
2733 633 2878 728 uberi
2913 632 2953 687 ί.
2990 633 3152 691 Facta
3180 644 3265 692 est
3290 637 3346 691 in
3372 643 3464 695 ta-

176 726 461 820 adjuvisset
489 762 782 818 pauperem
810 745 877 800 de
904 742 1278 808 mendicitate,
1327 748 1383 794 et
1428 737 1762 792 humiliasset
1863 728 2138 782 θενηαεκιο
2168 727 2300 820 eius,
2322 743 2417 781 υοίυ
2445 727 2643 781 ιωιίιίαξ
2681 726 2939 820 ειᾼωυιὶε
2968 727 2984 776 Ι
3028 745 3040 780 :
3073 743 3248 799 neqne
3284 737 3464 789 cessat

177 818 280 898 alta
321 839 546 898 divitum
588 839 780 907 corda,
811 847 870 895 ut
897 847 953 893 et
981 837 1084 908 ipsi
1108 837 1344 892 habeant
1371 848 1518 904 spem
1546 840 1761 886 mter-nae
1864 836 1987 876 cum
2018 828 2131 875 tota
2167 819 2243 891 (ὁ)
2271 819 2435 874 domo
2477 835 2574 873 sua
2615 818 2856 888 gaudens
2909 820 3162 876 consonis
3206 820 3463 881 Εοειθειω

178 935 363 991 domus
390 934 446 989 in
474 934 693 990 civitate
732 931 1102 998 habitationis,
1135 929 1227 1000 qui
1255 928 1402 997 digni
1444 925 1611 981 habiti
1639 931 1766 979 sunt
1864 911 2318 981 ενδιιιιαιίοηίυυε
2347 910 2668 966 benedicere
2699 911 2983 966 Dominum
3003 954 3018 980 .
3053 913 3146 984 qni
3167 917 3466 985 respexerit

178 1041 270 1096 per
308 1025 674 1081 interventh
702 1023 967 1081 sermonis
997 1024 1072 1078 tui
1101 1022 1169 1076 ad
1200 1021 1533 1077 intellectum
1561 1019 1764 1074 bonum

1882 1005 2227 1061 aumilitatem
2276 1005 2394 1074 ejus
2414 1001 2462 1069 ιι,
2503 1012 2560 1059 et
2586 1003 2897 1073 religaverit
2935 1006 3289 1063 contritiones
3318 1007 3462 1078 ejus;

179 1117 463 1172 illuminari
490 1135 504 1171 :
541 1133 651 1187 quo
676 1133 774 1188 per
798 1116 974 1186 exigui
997 1113 1253 1170 domicilii
1277 1112 1478 1182 justam
1506 1109 1768 1166 reforma—
1868 1107 1923 1155 et
1944 1115 2040 1156 eos
2066 1099 2158 1171 qui
2180 1097 2586 1168 gratulabantur
2622 1097 2779 1152 malis
2807 1096 2925 1165 ejus
2952 1097 3268 1154 wnfusione
3295 1099 3468 1170 perfu-

179 1211 400 1276 tionem,
422 1218 684 1267 aeternum
709 1211 812 1273 sibi
834 1212 888 1278 in
909 1209 1116 1266 caelesti
1147 1206 1490 1263 tabernaculo
1518 1205 1770 1276 pauperis

1882 1190 2039 1248 ieritl
2063 1209 2078 1258 ;
2101 1192 2277 1263 ipsum
2299 1206 2429 1246 vero
2449 1191 2722 1247 conscisse
2751 1191 2982 1247 tristitia:
3008 1206 3167 1249 sacco
3180 1201 3241 1260 ω,
3272 1193 3468 1249 laztitia:

179 1304 369 1371 sancti,
401 1319 432 1359 a
461 1318 571 1374 quo
595 1303 826 1360 invicem
870 1304 1198 1374 recipientur
1220 1301 1263 1366 ³,
1293 1299 1586 1372 hospitium
1612 1313 1770 1370 para-

1882 1284 2056 1352 vigore
2077 1283 2437 1354 praecinxerit.
3507 1330 3520 1363 ,

113 1448 134 1472 ’
180 1406 374 1452 verum
404 1405 454 1450 ι,
1940 1376 1998 1472 5..
2045 1375 2200 1431 Unde
2222 1376 2481 1447 pr0°ipsis
2505 1377 2760 1433 fratribus
2787 1377 3014 1472 nostris,
3055 1394 3195 1450 quos
3221 1388 3348 1435 ante
3373 1395 3468 1437 ro-

701 1483 1038 1541 EPISTOLA
1078 1488 1095 1505 ·
1134 1483 1244 1538 xv,
1870 1469 1986 1538 gari
2015 1483 2458 1539 poposceramus,
2491 1485 2632 1525 nunc
2669 1471 3080 1526 unanimitatetn
3115 1479 3349 1529 vestram
3371 1489 3470 1544 pe-

179 1585 485 1642 Gratulatur
504 1585 762 1649 Amantio,
779 1586 916 1654 quod
938 1584 1223 1654 Delphinus
1245 1600 1277 1636 a
1299 1583 1442 1655 gravi
1466 1581 1772 1655 inﬁrmitate
1872 1562 2066 1625 ιίωυδν
2101 1569 2159 1655 υμι
2176 1575 2282 1655 ξοδ
2302 1563 2452 1655 Pu"?
2495 1561 2728 1655 50mm“;
2755 1561 3005 1618 δπθοιυω
3036 1563 3270 1633 ἀίιίεθιίδ
3293 1583 3308 1632 ;
3350 1573 3404 1621 ει
3425 1566 3470 1622 Si

249 1656 529 1729 liberatus,
578 1651 812 1729 pristina?
848 1651 1071 1729 sanitati
1115 1657 1183 1710 sit
1226 1651 1488 1729 restitutus
1525 1669 1542 1706 :
1573 1653 1772 1723 gratias
1874 1656 2015 1711 forte
2045 1653 2143 1724 ipsi
2176 1651 2538 1722 Burdigalam,
2574 1660 2633 1707 ιιι
2652 1653 2859 1716 solent.
2892 1656 3160 1724 venerint,
3189 1658 3470 1728 praesenti-

247 1730 360 1799 agit
386 1728 451 1816 εἶθ
473 1725 719 1816 beneﬁcio
750 1730 803 1781 in
837 1726 1085 1816 Basiliam
1113 1725 1468 1816 presbyteth
1496 1741 1528 1776 a
1557 1741 1612 1805 se
1632 1739 1773 1775 com-

1882 1747 1976 1802 bus
2002 1746 2202 1816 gratias
2221 1747 2385 1800 etiam
2409 1745 2478 1800 de
2498 1754 2806 1800 nostrorum
2834 1761 3088 1802 sensuum
3117 1762 3179 1803 ac
3206 1749 3471 1805 viscerum
3505 1813 3508 1816 ,

245 1796 551 1882 mendutum
572 1796 761 1852 σοιιαεο
783 1813 801 1851 :
824 1799 1035 1852 comiter
1062 1798 1192 1851 ludit
1220 1797 1273 1850 in
1296 1796 1627 1851 Cardamatis
1649 1809 1776 1860 con-
1808 1835 1851 1896 Β
2605 1796 2678 1892 έί
2689 1796 2858 1892 in};

249 1871 494 1923 ιξηεηιία,
1721 1858 1724 1860 ’
1808 1857 1851 1896 υ
1878 1857 2162 1893 ειυθειιοηθ
2189 1857 2448 1892 reuuaus.
2478 1857 2585 1890 aut
2616 1857 2662 1892 SI
2690 1857 2841 1892 tarua
2881 1857 3044 1894 luent
3066 1857 3254 1894 eorum
3283 1857 3436 1912 copia
3455 1881 3472 1907 ν

1882 1947 2002 1988 cum
2030 1931 2205 2002 prima
2229 1929 2462 1986 adfuerit
2484 1932 2721 1998 occasio,
2741 1932 3034 2000 dignamini
3054 1933 3134 1989 eis
3160 1935 3475 2003 gratulatio-

1882 2041 2006 2082 nem
2034 2023 2304 2088 debitam,
2335 2032 2392 2080 et
2431 2025 2677 2080 meritam
2716 2025 3148 2082 benedictionem
3188 2029 3366 2099 operis
3393 2029 3476 2086 sui

1293 2176 1305 2184 ,
1881 2118 2120 2181 mittere,
2153 2125 2211 2171 ut
2229 2118 2420 2187 {sciant
2446 2124 2500 2172 et
2538 2117 2840 2186 intelligant
2865 2132 3028 2188 quam
3056 2128 3338 2190 acceptum
3363 2119 3479 2176 Deo

247 2211 302 2266 l.
338 2208 664 2280 Excepimus
692 2206 1070 2262 Cardamatcm
1117 2207 1171 2260 in
1221 2205 1416 2275 gaudio
1459 2204 1698 2261 caritatis
1725 2212 1783 2259 et
1883 2207 2208 2266 sacrificium
2236 2209 2484 2265 dederint
2503 2210 2606 2267 hac
2626 2209 2934 2266 obedientia
2957 2209 3080 2266 fidei
3106 2227 3359 2282 suae,qua
3385 2229 3480 2284 pe-

176 2303 561 2362 henedictione
590 2301 888 2357 dulcedinis
904 2299 1217 2355 atfereutem
1237 2299 1392 2354 nobis
1413 2298 1591 2353 omnia
1614 2299 1776 2363 bona,
1882 2302 2132 2357 titionem
2162 2310 2398 2356 nostram
2423 2301 2478 2356 in
2503 2300 2681 2358 vestro
2697 2300 2717 2331 ⁸
2741 2301 3049 2358 interventu
3063 2303 3367 2359 exorabiles
3394 2318 3482 2360 re.

175 2396 391 2452 litteras
439 2395 642 2450 indices
689 2394 936 2448 sanitatis
983 2400 1175 2447 vestra:
1194 2434 1210 2460 ,
1252 2392 1572 2462 lwtiﬁcantes
1622 2389 1782 2444 corda
1883 2404 2175 2467 ceperunt;
2204 2394 2358 2450 nobis
2379 2384 2596 2464 quidem
2625 2392 2882 2463 gaudium
2908 2408 3145 2466 prsesens
3167 2393 3236 2450 de
3263 2410 3361 2450 sua
3382 2395 3482 2452 de-

173 2501 388 2558 nostra,
417 2499 468 2544 et
505 2489 760 2544 dulciores
810 2505 965 2558 super
1002 2487 1103 2541 mel
1141 2495 1190 2542 et
1219 2488 1392 2558 [avum
1434 2485 1460 2523 δ
1498 2504 1510 2538 :
1553 2500 1782 2555 quarum
1883 2490 2106 2546 votione
2127 2495 2486 2560 prtestantes;
2517 2487 2612 2542 sed
2633 2486 2793 2542 saluti
2818 2501 2929 2542 sua;
2950 2495 3214 2542 aeternum
3235 2493 3483 2543 comma-

174 2582 424 2637 suavitas
471 2580 610 2636 sicut
655 2581 834 2636 oleum
897 2579 1198 2650 penetravit
1259 2579 1516 2634 interiora
1563 2585 1784 2643 nostra,
1887 2580 2018 2637 dum
2041 2580 2404 2652 providentes.
2433 2578 2565 2633 Nam
2593 2577 2953 2633 etsidehitum
2979 2576 3486 2649 (c)fecerint-agno-

172 2677 570 2733 euultaverunt
591 2693 711 2730 ossa
731 2675 1003 2729 Immitiata
1033 2685 1080 2742 ε,
1103 2681 1158 2729 et
1183 2675 1234 2728 in
1257 2687 1390 2728 voce
1409 2671 1788 2726 exsultationis
1888 2672 2090 2728 scendo
2125 2671 2420 2740 justitiam,
2452 2678 2513 2724 ut
2540 2669 2773 2724 alienum
2803 2669 2955 2724 reddi
2976 2668 3264 2738 juberent;
3307 2676 3487 2726 tamen

171 2768 422 2823 diximus
471 2768 699 2823 Domino
731 2783 747 2820 :
781 2766 1134 2837 Suscepimus,
1167 2763 1330 2830 Deus,
1377 2761 1789 2816 misericordiam
1891 2765 2070 2834 gratia
2096 2763 2319 2832 largiter
2345 2761 2591 2817 habenda
2619 2761 2768 2830 digni
2787 2768 2912 2817 sunt
2931 2777 3031 2833 pro
3061 2761 3180 2832 ipso
3211 2761 3368 2818 bona;
3386 2779 3489 2820 νο..

169 2867 328 2914 tuam
357 2859 408 2926 ά,
432 2873 536 2926 qua
560 2856 787 2912 liberasti
817 2859 832 2888 ¹
857 2873 1132 2928 pauperem
1158 2857 1220 2908 de
1245 2863 1447 2926 potente
1475 2865 1521 2918 υ,
1549 2863 1598 2906 et
1625 2852 1792 2905 humi-
1893 2858 2118 2914 luptatis
2167 2855 2380 2922 affectu,
2427 2870 2538 2925 quo
2578 2863 2872 2926 potuerunt
2919 2854 3237 2924 transgredi,
3285 2865 3342 2912 et
3378 2872 3488 2914 non

167 2954 283 3008 tem
317 2951 387 3004 de
416 2967 575 3003 manu
605 2951 835 3020 fortioris
874 2951 988 3020 ejus
1021 2947 1065 3003 ί.
1115 2946 1520 3002 Coucurrebant
1560 2944 1794 3016 undique
1893 2958 2020 3006 sunt
2048 2948 2364 3017 transgressi
2385 2957 2446 3014 ης
2478 2955 2534 3002 et
2553 2947 2856 3003 maluerunt
2876 2947 2934 3003 id
2962 2946 3141 3005 facere
3159 2948 3305 3019 quod
3323 2963 3490 3024 expe-

166 3047 232 3101 in
269 3043 521 3098 animum
561 3057 736 3098 causae
763 3042 1204 3111 gratulationum,
1228 3041 1372 3110 quod
1402 3039 1794 3110 accipiebamus
1893 3043 2106 3106 diebat,
2138 3057 2300 3112 quam
2331 3039 2475 3112 quod
2510 3039 2736 3106 licebat;
2767 3048 2821 3094 et
2848 3039 2996 3110 quod
3024 3049 3134 3096 tam
3164 3041 3413 3099 absoluto
3434 3051 3490 3100 et

168 3138 405 3191 litteras
453 3143 678 3200 vestras,
728 3133 872 3204 quod
920 3134 1089 3188 nostri
1119 3148 1385 3188 memores
1413 3131 1790 3201 probabamus,
1897 3152 2034 3209 puro
2062 3135 2226 3192 corde
2258 3134 2412 3190 nobis
2432 3149 2622 3205 parere
2641 3134 2845 3203 dignati
2879 3143 3022 3201 sunt,
3054 3142 3115 3190 ut
3141 3133 3210 3190 de
3230 3135 3493 3193 beneflcio

175 3225 332 3298 quod
360 3223 430 3279 ad
458 3233 643 3278 votum
671 3232 915 3278 nostrum
939 3224 1284 3278 audiebamus
1311 3223 1622 3285 incolumes,
1646 3221 1790 3291 quod
1815 3210 1864 3276 C
1893 3245 2081 3286 eorum
2104 3227 2367 3300 disputari
2406 3242 2514 3283 non
2541 3235 2728 3298 posset
2759 3244 2772 3280 :
2805 3226 3241 3298 quandoquidem
3269 3227 3491 3286 domum

179 3317 266 3390 (a)
314 3316 599 3372 dominum
643 3331 824 3371 meum
869 3316 1248 3388 (Delphinum)
1295 3326 1500 3386 patrem
1548 3323 1790 3370 nostrum
1895 3337 2047 3378 suam
2070 3327 2261 3378 sancto
2287 3319 2630 3392 presbytero,
2669 3320 2879 3375 etiamsi
2908 3321 3184 3392 propriam
3225 3337 3334 3378 non
3359 3339 3492 3393 pro-

182 3427 253 3465 ex
285 3409 442 3478 gravi
471 3417 528 3463 et
567 3408 726 3477 longa
775 3407 1085 3463 infirmitate
1132 3416 1378 3462 sanatum
1427 3407 1792 3476 cognosceba-
1893 3416 2078 3479 bar-et,
2113 3413 2319 3470 restitui
2349 3421 2530 3468 tamen
2571 3413 2690 3467 sine
2730 3411 3046 3467 difficultate
3083 3413 3391 3482 jusserunt;
3434 3422 3496 3470 ut

185 3517 330 3556 mus.
360 3500 462 3556 ἠε
492 3509 722 3570 utroque
748 3509 986 3555 vestrum
1016 3501 1221 3571 pariter
1265 3498 1515 3555 laetificati
1564 3517 1748 3555 sumus
1773 3519 1786 3554 :
1893 3526 2037 3577 eam,
2067 3509 2111 3564 si
2141 3508 2211 3564 de
2241 3508 2318 3577 (d)
2347 3524 2447 3563 suo
2463 3506 2584 3574 jure
2606 3520 2714 3560 non
2742 3513 2946 3576 posset,
2969 3505 3038 3560 de
3076 3505 3291 3560 illorum
3314 3515 3495 3566 tamen

189 3596 320 3664 quia
352 3595 494 3650 sicut
521 3594 709 3649 eadem
741 3601 823 3650 est
853 3594 1146 3663 tribulatio,
1196 3610 1316 3664 quae
1359 3594 1508 3649 illum
1539 3609 1790 3665 corpore,
1861 3618 2120 3658 .munere
2168 3601 2487 3671 possideret.
2535 3599 2720 3670 Neque
2775 3597 3131 3669 perdiderunt
3171 3598 3331 3669 hujus
3383 3609 3496 3660 tam

192 3697 245 3742 te
274 3687 444 3743 corde
487 3687 825 3754 confecerat;
858 3687 929 3742 ίιει
959 3697 1014 3743 ει
1041 3687 1228 3742 eadem
1261 3688 1528 3754 ViSileliO.
1568 3703 1687 3758 quae
1719 3687 1792 3743 illi
1894 3703 2094 3750 sancta:
2123 3691 2460 3747 liberalitatis
2487 3691 2712 3760 gratiam
2748 3708 2760 3744 :
2789 3706 2913 3745 nam
2935 3691 3019 3746 vir
3056 3692 3173 3762 ipse
3216 3695 3496 3751 sanctissi-

195 3779 436 3834 divinam
459 3795 617 3850 opem
639 3797 792 3850 super
817 3782 836 3811 ²
860 3781 1044 3834 tectum
1065 3780 1259 3836 doloris
1288 3790 1336 3850 κ,
1365 3789 1420 3834 et
1449 3781 1542 3835 tibi
1569 3779 1792 3847 refrige-
1897 3804 2034 3851 mus,
2067 3787 2154 3841 cui
2179 3785 2436 3841 Dominus
2459 3783 2612 3854 juxta
2643 3783 2893 3840 meritum
2924 3799 3020 3840 vos
3047 3787 3116 3857 (e)
3161 3786 3498 3844 intervento-

198 3872 340 3926 rium
362 3873 664 3928 securitatis
693 3872 744 3926 in
767 3873 927 3928 cubili
949 3873 1342 3943 compassionis
1361 3875 1633 3930 attulerat.
1687 3873 1795 3928 Sed
1895 3895 1984 3936 res
2011 3877 2265 3950 providit,
2298 3877 2372 3931 ita
2400 3877 2701 3945 gratulatur
2720 3885 2775 3931 et
2796 3876 3051 3947 pnedicat
3069 3919 3084 3944 ,
3111 3887 3385 3949 tamquam
3414 3882 3496 3937 in-

204 3965 557 4020 nihilominus
581 3966 881 4034 cogitantes
909 3982 1008 4022 nos
1038 3967 1180 4022 illius
1218 3967 1556 4037 aegrimonias
1596 3975 1650 4020 et
1680 3966 1796 4020 ani-
1895 3973 2137 4028 debitum
2160 3986 2354 4025 munus
2394 3970 2686 4039 acceperit.
2715 3969 2820 4024 Sed
2852 3971 2984 4040 ipsis
3005 3969 3262 4028 fratribus
3298 3975 3498 4032 nostris

208 4077 361 4115 mum
390 4069 552 4124 tuum,
594 4061 906 4116 stimulabat
949 4069 1134 4116 noster
1161 4061 1406 4126 allectus,
1447 4061 1593 4132 quod
1623 4061 1674 4115 in
1707 4061 1797 4115 illo
1898 4063 2062 4119 modo
2083 4061 2413 4132 respondere
2439 4060 2763 4124 distulimus,
2793 4061 2918 4128 quia
2943 4076 3041 4132 per
3065 4063 3304 4131 ipsorum
3322 4063 3500 4117 homi-

207 4152 573 4208 tribulatiouis
599 4163 790 4208 vestra:
835 4160 1080 4221 tempore
1107 4167 1206 4206 nos
1233 4152 1460 4206 forsitan
1489 4151 1608 4206 sani
1636 4159 1800 4220 atque
1901 4174 1998 4214 nes
2026 4156 2223 4226 smpius
2245 4155 2313 4210 de
2334 4153 2630 4224 Campania
2659 4158 3050 4218 commeantes,
3081 4154 3500 4222 opportuniores

206 4249 372 4304 etiam
404 4248 509 4302 lzeti
537 4245 840 4303 fuissemus.
885 4245 994 4300 Sed
1021 4247 1223 4315 gratias
1247 4245 1494 4308 Domino,
1525 4243 1616 4314 qui
1648 4244 1804 4312 igno-
1902 4250 2220 4307 occasiones
2241 4263 2350 4302 non
2363 4246 2616 4313 deerunt,
2644 4259 2766 4315 qua:
2784 4243 2968 4300 statim
2983 4244 3052 4300 ad
3073 4245 3240 4316 ipsos,
3265 4245 3503 4302 ubicum-

208 4341 395 4396 rantia:
421 4341 633 4411 culpam
655 4341 884 4405 relaxat,
909 4354 1030 4406 nec,
1057 4347 1116 4394 ut
1140 4338 1454 4405 meruimus,
1478 4335 1605 4392 fecit
1623 4335 1800 4402 nobis;
1901 4360 2008 4417 que
2029 4349 2172 4407 sunt,
2204 4340 2271 4414 (f)
2300 4339 2552 4409 dirigant.
3510 4360 3526 4408 ς

209 4433 546 4504 praeveniens
588 4433 857 4513 tristitiam
889 4440 1129 4487 nostram
1159 4431 1537 4500 gratulatione,
1577 4446 1697 4486 cum
1728 4430 1803 4485 ita
1975 4437 2028 4491 4.
2069 4435 2147 4490 De
2169 4424 2490 4490 Cardamate
2508 4431 2626 4502 ipso
2653 4447 2762 4488 non
2788 4431 3053 4488 modicam
3069 4448 3170 4490 nos
3186 4435 3503 4508 sculnam-

211 4525 502 4595 providere
531 4524 780 4593 dignatus
805 4532 907 4589 est,
938 4533 997 4578 ut
1036 4523 1368 4594 aegritudinis
1402 4532 1591 4579 vestra:
1619 4522 1777 4592 fugan

1907 4531 2078 4587 mitati
2117 4538 2221 4584 tua:
2258 4527 2486 4597 gratiam
2508 4525 2706 4582 debere
2726 4525 3065 4597 profitemur,
3094 4543 3254 4599 quem
3277 4544 3385 4584 non
3408 4545 3502 4585 so-

211 4618 401 4673 eodem
434 4617 608 4673 indice
637 4632 1013 4685 nosceremUS,
1053 4617 1144 4686 (illi
1186 4617 1389 4687 pariter
1435 4617 1706 4672 nuntiaret
1750 4625 1809 4672 et
1832 4585 1883 4646 υ
1908 4627 2018 4681 lum
2043 4621 2344 4678 ministerio
2362 4619 2810 4692 provectum,sed
2834 4628 2890 4676 et
2917 4621 3108 4692 spiritu
3130 4622 3503 4695 proficientem

217 4711 489 4766 redditum
519 4712 784 4766 sanitatis.
1912 4716 2266 4788 recepimus“.
2289 4711 2424 4769 Nam
2452 4728 2573 4768 cum
2597 4708 2650 4768 in
2680 4712 2868 4768 diebus
2887 4713 3320 4785 Quadragesimae
3340 4714 3505 4771 adve-

246 1992 455 2047 Sancto
483 1998 540 2046 et
579 1991 774 2045 merito
803 1989 1115 2055 venerabili,
1157 2004 1221 2044 ac
1248 1987 1599 2044 dilectissimo
1626 1986 1777 2042 fratri

179 2085 429 2150 AIANDO,
463 2082 751 2138 Pwuxus.

285 4806 397 4876 85
424 4804 479 4858 2.
511 4803 646 4870 Quid
667 4805 734 4860 de
759 4805 850 4859 illo
878 4812 1070 4859 vestra:
1099 4806 1400 4863 sanctitatis
1423 4822 1589 4878 opere
1610 4807 1805 4872 dicam,
1916 4813 2102 4873 nisset,
2129 4817 2185 4864 et
2212 4823 2336 4863 eum
2367 4814 2427 4862 ut
2453 4806 2706 4861 clericum
2739 4804 2975 4862 fraterno
2999 4808 3401 4879 excepissemus
3428 4810 3509 4866 af-

217 4912 324 4965 quo
356 4905 567 4952 tantum
602 4898 759 4952 nobis
785 4899 945 4954 etiam
997 4899 1062 4953 ad
1110 4901 1390 4969 prmsentis
1417 4903 1601 4969 gratia:
1630 4919 1814 4958 cmnu-
1915 4905 2078 4967 fectu,
2109 4901 2420 4974 quotidiana
2452 4897 2655 4968 jejunia
2685 4914 2792 4954 non
2842 4898 3067 4968 refugit,
3115 4909 3172 4956 et
3213 4917 3506 4974 pauperem

220 4987 348 5057 lum,
383 4999 643 5059 quantum
675 4991 824 5046 vobis
844 4990 909 5045 ad
934 4992 1196 5048 mercedis
1208 5002 1422 5048 aeterna:
1449 4997 1658 5068 copiam
1678 5014 1812 5056 con-
1919 4996 2218 5056 mensulam
2248 4992 2588 5064 vespertinus
2613 4993 2839 5048 conviva
2863 5008 2969 5048 non
3004 4993 3342 5051 horruit‘.Et
3361 4997 3507 5065 quod

293 5160 317 5188 ι
349 5149 481 5207 Luc.
497 5167 616 5225 ἔνι,
648 5151 699 5207 9.
781 5153 806 5190 δ
837 5152 976 5209 Psal.
1007 5172 1156 5220 xvut,
1180 5154 1213 5208 9
1234 5164 1288 5210 et
1313 5156 1396 5210 ll.
1481 5169 1501 5197 ε
1537 5158 1678 5214 Psal.
1710 5177 1760 5225 L,
1788 5160 1876 5215 10.
1953 5155 1980 5196 ιι
2011 5156 2154 5212 Psal.
2180 5169 2346 5219 vau,
2371 5153 2459 5225 170A.
2539 5162 2562 5191 ο
2592 5152 2735 5225 Ιζδει.
2762 5169 2905 5218 Lxxt,
2937 5152 3028 5225 12.
3106 5153 3295 5225 fPsal.
3326 5171 3513 5225 xxxiv,

225 5219 308 5287 10,
347 5235 457 5279 sec.
497 5219 660 5277 Psalt.
709 5225 867 5280 Rom.
946 5235 970 5273 8
1001 5225 1140 5281 Psal.
1171 5243 1260 5293 χι,
1293 5227 1345 5281 4.
1423 5225 1447 5265 h
1473 5228 1614 5284 Psal.
1661 5219 1777 5285 xxix

1882 5230 1932 5286 2.
2037 5227 2203 5283 ίΡδθι.
2237 5241 2346 5293 xcr,
2387 5223 2475 5279 ll.
2555 5227 2569 5274 l
2608 5223 2749 5294 Psal.
2781 5224 3054 5293 cxvn,15.
3134 5223 3160 5262 ι
3192 5224 3322 5281 Luc.
3355 5241 3390 5285 ι,
3419 5219 3508 5278 48ζ

227 5294 245 5334 ι
277 5296 418 5357 Psal.
451 5311 630 5364 chvr,
653 5296 980 5363 5;etxxxrv,
1011 5297 1101 5352 26.
1178 5309 1214 5335 ω
1245 5297 1385 5353 Psal.
1424 5316 1570 5364 χχιχ,
1603 5301 1688 5364 l2,
1717 5293 1827 5359 sec.
1859 5301 2087 5358 Psalter.
2117 5298 2276 5354 Rom.
2303 5305 2359 5351 et
2386 5303 2561 5351 vetus.
2639 5293 2862 5352 n’Eccli.
2889 5307 3049 5361 xxxi,
3076 5295 3160 5350 lO.

297 5461 315 5479 ’
344 5459 494 5514 Alias
521 5457 622 5523 25;
653 5472 772 5527 quae
819 5465 998 5511 autem
1028 5455 1099 5509 25
1128 5465 1278 5522 erat,
1311 5472 1451 5512 nunc
1484 5455 1567 5510 10.
1601 5456 1813 5528 Scripta
1991 5456 2066 5528 (ε)
2107 5453 2420 5528 Ms.__Yien.,
2454 5455 2702 5526 fecerunt.

297 5461 315 5479 ’
344 5459 494 5514 Alias
521 5457 622 5523 25;
653 5472 772 5527 quae
819 5465 998 5511 autem
1028 5456 1099 5509 25
1128 5465 1278 5522 erat,
1311 5472 1451 5512 nunc
1484 5456 1567 5510 10.
1601 5456 1813 5528 Scripta
2017 5474 2043 5510 c
2107 5456 2205 5510 Ms.
2237 5456 2420 5521 Vien.,
2454 5456 2702 5526 fecerunt.

224 5546 370 5612 anno
521 5539 581 5612 et
605 5529 763 5611 missa
794 5543 914 5612 opm
942 5527 1250 5612 superiore:
1412 5596 1447 5612 ἢ
1544 5599 1554 5610 _
1928 5598 1962 5612 Α
1991 5456 2070 5612 icti
2113 5526 2426 5582 Addidimus
2473 5543 2566 5581 suo
2615 5543 2680 5580 ex
2712 5540 2811 5580 ms.
2847 5525 2980 5594 Reg.
3039 5531 3095 5580 et
3135 5520 3266 5579 edit.
3299 5524 3428 5584 Bad.
3457 5534 3518 5588 et

295 5599 376 5671 (a)
409 5601 506 5657 Ms.
543 5600 760 5670 Regius,
805 5596 1031 5652 domum.
1065 5597 1163 5652 Ms.
1191 5597 1369 5656 Vien..
1402 5596 1678 5652 Dominum
1712 5617 1809 5654 no-
1923 5596 2074 5671 Grin.

295 5639 375 5671 νη
409 5639 506 5657 ηισ.
543 5639 760 5670 μινυς,
806 5639 1031 5652 πωπω...
1065 5639 1163 5652 ....,.
1402 5639 1678 5652 .,.,...........
1712 5639 1807 5654 ..υ-
2712 5669 2722 5679 _
2867 5665 2878 5678 ο
2918 5665 2930 5676 ο
3517 5639 3524 5676 ε

228 5683 412 5728 stram.
1995 5670 2068 5739 (e)
2108 5668 2310 5724 Eadem
2339 5667 2561 5739 notione
2595 5668 2788 5739 [satas
2827 5666 3023 5721 dlClllll‘
3071 5664 3314 5727 Ezechias
3357 5672 3520 5732 inter-

295 5745 372 5816 (b)
415 5743 511 5800 Ms.
548 5743 706 5813 Reg.,
750 5744 924 5799 domu.
964 5742 1053 5798 Sic
1081 5749 1291 5796 veteres
1315 5747 1369 5793 et
1400 5739 1541 5794 idem
1565 5755 1664 5795 ms.
1698 5741 1809 5796 fre-
1926 5737 2301 5816 ventor_carnt_._
2331 5738 2421 5802 25,
2450 5737 2663 5816 v._t95.
2853 5741 2860 5746 ‘

225 5807 471 5882 quenter.
631 5807 655 5813 ’⁷
693 5807 702 5813 ⁷

1998 5813 2066 5881 (Ῑ)
2106 5809 2204 5864 Ms.
2239 5809 2394 5864 Vien.
2427 5807 2735 5878 dirigantur.
