4078 6352
522 357 622 415 2'51

1659 352 1718 410 S.
1759 349 2038 407 PAULINI
2074 348 2326 407 NOLANI
2365 343 2671 404 EPISCOPI

3731 344 3849 402 239.

523 472 831 539 constituit,
879 478 934 529 et
957 447 1030 528 ad
1056 469 1335 526 materiam
1367 468 1575 541 (Latin.
1610 471 1745 540 [orte
1769 468 2119 541 memoriam)
2151 475 2196 533 Α
2226 467 2336 523 oris
2367 474 2458 520 aut
2484 464 2724 537 pectoris
2751 462 2965 520 divitias
2987 463 3232 534 coegisti.
3264 463 3515 521 Omnium
3544 476 3845 537 poetarum

525 583 638 625 sua:
654 564 911 623 bonitatis
939 561 1162 620 creavit.
1192 560 1299 633 Ipsi
1327 576 1491 618 omne
1509 561 1655 632 quod
1682 576 1888 626 sumus,
1919 561 2128 632 impen-

526 660 745 724 damus;
773 665 830 713 et
856 671 976 726 quae
998 655 1284 726 illiplacita
1304 662 1449 719 sunt,
1468 654 1782 710 studeamus
1808 653 2044 715 discere,
2072 661 2128 708 et

526 752 706 810 facere
734 766 1000 807 curemus.
1024 747 1174 804 Tunc
1202 747 1462 804 defaecata
1493 755 1677 804 mente
1700 747 1884 819 purius
1909 748 2131 802 intuen-

527 853 630 909 tes,
661 841 960 898 videbimus
1015 841 1154 894 hanc
1195 853 1315 894 esse
1364 838 1670 903 veritatem,
1722 846 1840 893 uta
1870 837 1983 893 Deo
2023 838 2130 893 sint

525 943 719 1013 cuncta
749 949 890 1004 .quiu
937 941 1096 999 sunt;
1128 942 1186 988 et
1228 933 1367 987 hanc
1414 946 1534 988 esse
1575 932 2039 1002 consequentiam,
2071 939 2133 986 ut

524 1027 709 1082 omnia
738 1025 835 1081 Dei
861 1024 1005 1081 facta
1030 1023 1390 1095 pulcherrima
1415 1023 1561 1088 sint;
1593 1030 1649 1077 et
1673 1038 1778 1077 non
1809 1022 1879 1077 sit
1906 1021 2127 1085 malum,

525 1116 672 1188 quod
693 1117 895 1172 bonum
917 1115 1118 1171 habeat
1142 1123 1410 1182 antorem,
1439 1114 1734 1182 quicuncta
1756 1129 1854 1184 per
1872 1113 2130 1168 mundum
2165 1141 2175 1145 -

529 1209 729 1264 nostris
756 1208 941 1268 usibus
967 1207 1306 1278 praeparavit,
1339 1213 1395 1261 et
1423 1206 1622 1261 nostris
1643 1204 1966 1260 utilitatibus
1987 1204 2130 1272 agit;

531 1306 588 1352 et
637 1299 711 1352 ita
760 1297 913 1352 istius
961 1295 1327 1351 universitatis
1375 1309 1514 1364 opus
1541 1294 1815 1359 condidit,
1846 1302 1907 1350 ut
1933 1293 2039 1347 alia
2066 1292 2133 1348 ad
2169 1289 2181 1298 ’

533 1387 894 1453 serviendum,
926 1386 1029 1441 alia
1057 1385 1125 1440 ad
1164 1385 1549 1453 exercendum,
1583 1384 1688 1440 alia
1733 1385 1800 1440 ad
1852 1383 2137 1440 dominan-

534 1478 660 1534 dum
681 1477 963 1533 creaverit.
1005 1475 1194 1547 Itaque
1221 1476 1498 1546 corporeis
1525 1474 1954 1544 animalibusque
1975 1481 2135 1528 natu-

533 1569 609 1627 ris
637 1568 885 1624 homines
934 1569 1148 1624 ratione
1185 1567 1549 1624 dominamur.
1599 1566 1706 1646 Sed
1736 1581 1805 1621 ne
1834 1566 1949 1636 ipsa
1976 1573 2137 1636 pote-

533 1661 688 1717 statis
736 1668 937 1716 nostrrc
967 1658 1186 1715 licentia
1215 1658 1570 1725 resolvamur,
1602 1657 1804 1713 utiliter
1825 1670 2139 1712 exercemur

536 1751 797 1818 adversis,
831 1758 926 1806 aut
950 1750 1230 1821 spiritibus
1256 1749 1585 1816 diemouum,
1617 1755 1712 1804 aut
1730 1748 2138 1805 difficultatibus

2227 559 2448 614 floribus
2499 557 2694 628 spiras.
2741 556 2980 612 omnium
3009 565 3286 612 oratorum
3325 557 3638 614 fluminibus
3666 575 3846 618 exun-

2228 648 2346 716 das,
2375 647 2730 718 philosophiae
2777 661 2993 716 quoque
3035 631 3272 704 fontibus
3302 649 3560 719 irrigaris,
3595 652 3847 722 peregri-

2232 742 2314 797 nis
2343 741 2508 796 etiam
2526 740 2678 796 dives
2704 739 2922 806 litteris,
2946 739 3249 796 Romanum
3275 758 3337 798 cs
3365 741 3559 799 Atticis
3585 743 3729 801 favis
3751 749 3847 802 im-

2231 836 2365 908 ples.
2400 834 2593 902 Qumso
2635 841 2709 898 te,
2742 834 2834 888 ubi
2864 841 2992 888 tunc
3019 835 3216 889 tributa
3254 845 3414 904 sunt,
3444 853 3570 893 cum
3603 838 3849 897 Tullium

2232 935 2288 984 et
2333 927 2752 984 Demosthenem
2796 926 3076 998 perlegis?
3104 928 3189 982 vel
3233 927 3346 997 jam
3385 929 3736 987 usitatiorum
3783 933 3852 991 de

2232 1023 2518 1079 saturitate
2556 1021 2834 1077 fastidiens
2864 1023 3178 1090 lectionum,
3223 1021 3671 1095 Xenophontem,
3723 1026 3850 1080 Pla-

2237 1125 2442 1180 tonem,
2491 1113 2775 1179 Catonem,
2809 1113 3216 1187 Varronemque
3256 1115 3527 1187 perlectos
3572 1119 3851 1188 revolvis;

2236 1207 2538 1276 multosque
2566 1215 2851 1278 praeterea,
2880 1220 3112 1276 quorum
3149 1223 3249 1264 nos
3278 1207 3418 1264 forte
3447 1224 3549 1266 nec
3578 1213 3808 1268 nomina
3831 1252 3849 1279 ,

2235 1309 2292 1356 tu
2315 1302 2476 1357 etiam
2502 1301 2774 1356 volumina
2796 1302 2988 1356 tenes?
3011 1299 3083 1355 Ut
3103 1301 3219 1356 istis
3237 1302 3542 1374 occupcris,
3567 1304 3850 1377 immunis,

2236 1402 2292 1450 et
2320 1394 2483 1462 liber;
2514 1401 2574 1447 ut
2602 1392 2898 1459 Christum,
2945 1393 3052 1449 hoc
3101 1402 3202 1459 est,
3257 1395 3581 1466 sapientiam
3626 1397 3727 1452 Dei
3767 1399 3850 1454 di-

2237 1500 2358 1541 scas
2382 1485 2429 1550 b,
2459 1485 2775 1540 tributarius
2799 1491 2853 1539 et
2880 1492 3173 1556 occupatus
3204 1499 3282 1540 es.
3309 1485 3480 1542 Vacat
3509 1487 3608 1542 tibi
3638 1497 3699 1543 ut
3728 1490 3851 1551 phi-

2238 1576 2498 1646 losophus
2526 1576 2570 1607 ¹⁶
2591 1575 2695 1642 sis;
2747 1590 2854 1630 non
2887 1581 3045 1630 vacat
3076 1583 3136 1630 ut
3173 1575 3512 1633 Christianus
3556 1580 3654 1634 sis.
3693 1579 3852 1636 Verte

2240 1669 2418 1740 potius
2445 1670 2553 1742 92
2579 1667 2925 1734 sententiam,
2964 1676 3119 1724 verte
3157 1667 3482 1726 facundiam.
3515 1670 3655 1725 Nam
3687 1671 3850 1730 animi

2240 1758 2639 1829 philosophiam
2670 1774 2779 1813 non
2809 1757 3052 1830 deponas
3073 1759 3220 1827 licet,
3263 1759 3391 1814 dum
3421 1775 3544 1815 eam
3585 1761 3697 1816 tlde
3725 1778 3853 1818 con-

538 1845 899 1914 uegotiorum,
929 1852 1022 1898 aut
1047 1844 1284 1914 ipsorum
1331 1859 1476 1914 saepe
1530 1843 1922 1898 elementorum
1973 1841 2138 1897 moti—

2249 1852 2357 1907 dias
2389 1852 2461 1923 (c)
2486 1859 2540 1908 et
2586 1851 2883 1920 religione;
2913 1851 3180 1908 consertis
3221 1859 3376 1908 utare
3418 1853 3852 1924 sapientium,ut

538 1938 671 2002 bus;
717 1935 967 1992 videlicet
1019 1945 1080 1990 ut
1119 1936 1396 2006 exagitati,
1441 1937 1605 2002 curis,
1657 1935 1942 2006 prudentia
1975 1936 2039 2000 ",
2083 1943 2140 1990 et

539 2038 688 2086 metu
713 2029 1018 2084 Divinitatis
1043 2044 1321 2086 acuamur.
1350 2030 1396 2083 A
1425 2044 1533 2099 quo
1562 2044 1664 2084 nos
1688 2069 1704 2096 ,
1752 2045 1871 2100 qua:
1918 2028 2142 2085 deberet

540 2121 711 2190 magis
739 2121 1010 2190 gratificos
1037 2121 1266 2178 Domino
1294 2130 1496 2202 interno
1523 2120 1722 2184 facere,
1755 2121 2016 2177 securitas
2044 2119 2161 2176 ne;

540 2220 799 2288 gligentes
839 2218 982 2275 facit.
1013 2217 1167 2275 Unde
1214 2228 1268 2275 et
1318 2219 1573 2287 magister
1591 2219 1697 2289 91
1729 2220 1966 2287 gentium
1996 2216 2142 2286 Apo-

539 2311 711 2366 stolus
739 2311 834 2376 ait,
867 2325 1065 2366 arcano
1095 2311 1289 2366 divina:
1316 2311 1531 2381 pietatis
1574 2314 1824 2379 consilio,
1865 2321 1920 2368 et
1947 2326 2142 2381 magno

541 2404 790 2460 humana:
817 2405 1004 2460 salutis
1023 2406 1391 2462 emolumento
1432 2408 1633 2478 opponi
1661 2407 1926 2477 quosdam
1955 2406 2141 2462 obices

541 2498 790 2554 cursibus
810 2498 1029 2563 nostris,
1057 2506 1114 2553 et
1135 2498 1375 2554 adversis
1403 2500 1638 2555 secunda
1667 2500 1883 2566 mutari,
1910 2507 1971 2554 ut
1999 2515 2144 2554 mor-

538 2589 659 2654 bos,
696 2589 912 2654 damna,
966 2589 1310 2671 discrimina;
1361 2591 1488 2661 quia
1538 2591 1812 2648 tribulatio
1868 2591 2145 2662 patientia:

539 2682 709 2738 robur
747 2689 1023 2752 operetur,
1056 2681 1380 2752 patientia"
1400 2683 1774 2753 probationem
1805 2682 1928 2738 fidei
1948 2684 2142 2755 pariat,

541 2784 598 2831 et
616 2775 893 2846 prmmium
921 2775 1106 2844 gloria:
1134 2774 1377 2831 conferat
1405 2786 1453 2834 θ.
1482 2775 1636 2844 Quod
1665 2785 1814 2833 certe
1851 2777 2021 2833 virtus
2055 2793 2146 2833 ca-

541 2881 673 2938 pere
711 2867 814 2923 uisi
866 2866 1060 2923 victrix
1111 2883 1220 2923 non
1249 2875 1450 2938 potest,
1489 2884 1598 2924 non
1628 2868 1876 2924 habitura
1907 2868 2146 2924 victoriae

545 2956 878 3029 facultatem,
905 2959 1008 3014 nisi
1056 2974 1178 3014 cum
1207 2958 1386 3029 aliqua
1428 2959 1578 3029 prius
1625 2957 1942 3016 difficultate
1978 2967 2150 3015 certa-

544 3052 701 3108 verit.

617 3145 668 3198 6.
711 3142 870 3210 Quou
910 3159 1035 3201 cum
1079 3143 1380 3215 prudentim
1407 3151 1544 3213 tute,
1573 3159 1733 3214 quam
1764 3153 1820 3200 et
1849 3143 2143 3212 ingenitam

2242 1946 2318 2002 sis
2358 1946 2455 2001 Dei
2501 1946 2876 2017 philosophus,
2905 1953 2961 2001 et
3006 1945 3103 2001 Dei
3146 1953 3491 2012 vates,-non
3531 1947 3852 2017 quaerendo,

2245 2037 2339 2093 sed
2352 2037 2614 2092 imitando
2634 2036 2824 2103 Deum,
2848 2036 3097 2108 sapiens;
3121 2045 3180 2091 ut
3201 2052 3310 2092 non
3340 2045 3450 2091 tam
3473 2037 3663 2106 lingua
3692 2052 3855 2108 quam

2243 2133 2357 2189 vita
2383 2131 2642 2198 eruditus,
2679 2139 2792 2185 tam
2821 2130 3055 2186 disseras
3081 2146 3273 2200 magna
3295 2145 3456 2201 quam
3487 2128 3680 2186 facias.
3911 2200 3924 2206 ψ

2315 2226 2369 2280 7.
2410 2225 2542 2281 Esto
2590 2223 2979 2295 Peripateticus
3024 2224 3157 2291 Deo,
3201 2223 3574 2295 Pythagoreus
3616 2223 3854 2290 mundo;

2245 2334 2387 2374 verae
2415 2318 2470 2372 in
2499 2316 2715 2372 Christo
2753 2315 3032 2386 sapientiae
3060 2314 3402 2385 praxlicator,
3435 2323 3490 2369 et
3514 2314 3743 2370 tandem
3775 2325 3857 2370 ta-

2245 2413 2383 2468 citus
2401 2409 2650 2478 vanitati,
2671 2408 3031 2479 perniciosam
3057 2407 3212 2463 istam
3243 2407 3482 2461 inanium
3507 2407 3858 2464 dulcedinem

2247 2507 2567 2570 litterarum,
2599 2503 2756 2575 quasi
2785 2502 2904 2558 illos
2932 2501 3118 2571 patri-.12
3145 2500 3550 2556 oblitteratores
3569 2499 3640 2555 de
3663 2499 3858 2556 bacca-

2247 2614 2368 2654 rum
2397 2596 2663 2652 suavitate
2686 2594 3030 2664 LotOphagos
3053 2592 3132 2664 (d)
3164 2599 3219 2648 et
3243 2590 3557 2647 Sirenarum
3587 2593 3856 2660 carmina,

2247 2690 2739 2747 blandimentorum
2770 2687 3078 2755 nocentium
3112 2692 3302 2741 cantus
3328 2684 3494 2739 evita.
3535 2683 3608 2738 Et
3635 2685 3766 2754 quia
3797 2684 3858 2738 li-

2249 2796 2338 2842 cet
2365 2784 2609 2857 quazdam
2656 2783 2974 2855 plerumque
3023 2780 3091 2836 de
3140 2779 3390 2835 inanibus
3443 2778 3664 2843 fabulis,
3697 2786 3758 2833 ut
3794 2779 3858 2836 de

2251 2875 2562 2946 vulgaribus
2613 2874 2793 2944 aliqua
2832 2871 3154 2944 proverbiis,
3189 2870 3242 2925 in
3284 2884 3440 2925 usum
3469 2868 3586 2923 veri
3630 2885 3696 2924 ac
3733 2868 3856 2924 scrii

2249 2969 2516 3026 sermonis
2563 2981 2860 3030 assumere,
2892 2964 3070 3020 dicam
3118 2979 3228 3018 non
3256 2962 3466 3016 litteras
3496 2969 3735 3026 tantum,
3768 2959 3856 3017 sed

2251 3073 2307 3118 et
2330 3079 2520 3119 omnes
2541 3077 2721 3117 rerum
2753 3059 3134 3129 temporalium
3170 3056 3381 3128 species
3409 3054 3568 3110 nobis
3598 3065 3724 3109 esse
3757 3054 3857 3110 Lo-

2254 3156 2516 3228 tophagos
2545 3153 2631 3208 vel
2660 3152 2879 3208 Sirenas
2901 3153 2967 3205 '7.
2993 3149 3126 3204 Nam
3157 3156 3214 3203 et
3239 3148 3578 3218 voluptatum
3599 3145 3857 3218 pestifera

544 3247 602 3293 et
629 3235 894 3292 eruditam
923 3235 1110 3303 habes.
1142 3235 1338 3292 litteris
1367 3251 1583 3306 quoque
1612 3236 1763 3306 ipsis.
1785 3250 1920 3307 quas
1941 3236 2147 3290 utinam
2173 3251 2218 3314 c
2253 3245 2503 3312 dulcedo,
2536 3245 2724 3316 patriae
2751 3244 2907 3299 nobis
2936 3242 3262 3298 oblivionem
3290 3240 3450 3303 facit,
3483 3252 3605 3296 cum
3651 3239 3858 3296 homini

546 3331 674 3402 iam,
705 3338 766 3386 ut
786 3329 1022 3400 judicio,
1064 3329 1138 3384 ita
1181 3337 1237 3384 et
1263 3329 1442 3384 studio
1471 3330 1640 3385 sacris
1679 3328 1898 3384 Litteris
1926 3329 2148 3398 postha-

545 3423 725 3490 beres,
763 3422 1003 3492 potuerit
1037 3421 1292 3487 intimari;
1325 3421 1519 3493 quibus
1547 3421 1761 3490 egregie
1799 3420 2064 3476 clarorum
2094 3421 2149 3476 in

547 3519 626 3589 (a)
658 3518 885 3573 ducibus
932 3525 1026 3570 aut
1063 3516 1400 3588 philosophis
1428 3516 1666 3570 virorum
1696 3514 1926 3570 virtutes
1955 3513 2021 3568 ad
2052 3528 2150 3568 no-

547 3609 708 3665 bilem
736 3606 950 3672 famam,
985 3623 1091 3663 non
1141 3607 1242 3663 nisi
1285 3623 1384 3678 per
1413 3606 1626 3662 labores
1655 3614 1711 3661 et
1749 3604 1988 3678 pericula
2017 3605 2153 3660 emi-

549 3702 723 3759 Cuisse
751 3704 1144 3768 memorantur,
1176 3699 1463 3756 admodum
1486 3701 1676 3769 miror,
1719 3715 1816 3754 cur
1843 3699 1897 3754 in
1926 3697 2152 3753 veritate

549 3792 832 3865 perspicua
858 3790 1025 3846 divini
1052 3792 1291 3848 muneris
1321 3791 1395 3846 ita
1417 3790 1653 3846 volueris
1673 3789 1931 3858 caligare,
1961 3799 2020 3843 ut
2048 3789 2149 3842 mi-

551 3883 777 3940 rabilem
819 3883 967 3938 illam
996 3883 1148 3937 navis
1190 3881 1407 3952 iactatae
1435 3881 1685 3947 salutem,
1731 3869 1787 3935 et
1816 3879 2153 3935 evidentibus

551 3977 721 4048 signis
739 3979 1085 4050 praeumtam
1111 3983 1310 4033 nostra:
1336 3976 1418 4031 rei
1451 3974 1708 4031 divinitus
1736 3981 1882 4029 terra
1910 3973 2155 4042 marique

552 4071 871 4136 custodiam,
921 4069 1157 4126 fortuitis
1212 4068 1495 4125 eventibus
1533 4066 1785 4136 dederis,
1836 4073 2154 4136 tantamque

553 4165 895 4223 Occasion
943 4162 1138 4218 divinae
1166 4160 1562 4234 praedicationis
1606 4158 1879 4218 effuderis.
1911 4157 2069 4227 Erige
2099 4157 2154 4213 in

553 4262 816 4314 summam
859 4255 1138 4328 sapientiae
1166 4261 1402 4309 mentem
1431 4260 1599 4317 tuam,
1633 4261 1688 4308 et
1713 4253 1887 4322 ipsum
1918 4251 2030 4306 veri
2073 4250 2155 4304 lu-

555 4350 715 4405 minis
740 4348 980 4403 fomitem
1021 4347 1293 4402 Christum
1323 4354 1477 4417 pete;
1508 4345 1600 4414 qui
1630 4345 1815 4399 fideles
1853 4344 2060 4397 animas
2089 4343 2156 4396 il-

557 4440 817 4505 luminat,
850 4445 906 4494 et
931 4447 1156 4509 pectora
1184 4447 1332 4493 casta
1357 4437 1672 4509 perlabitur.
1723 4436 1878 4502 Quod
1906 4445 1962 4491 et
1988 4445 2041 4490 te
2082 4435 2155 4489 ita

559 4530 762 4589 sentire
789 4531 834 4562 ιδ
861 4529 1110 4597 docuisti,
1146 4530 1277 4585 licet
1304 4545 1402 4600 pro
1443 4527 1789 4584 excusatione
1810 4526 2158 4596 praetenderis

561 4623 821 4694 imparem
849 4630 905 4677 te
925 4621 1120 4687 adhuc,
1146 4627 1202 4676 et
1229 4621 1352 4676 ideo
1377 4621 1452 4692 (b)
1485 4635 1593 4675 non
1615 4633 1869 4690 capacem
1897 4618 2012 4684 Dei,
2031 4619 2157 4688 quia

561 4714 791 4771 terrenis
819 4713 980 4769 rebus
1008 4721 1063 4769 et
1090 4714 1234 4770 curis
1263 4714 1534 4777 obsessus,
1574 4712 1642 4767 ab
1683 4711 1875 4766 altiore
1904 4719 2156 4781 suspectu

561 4807 861 4863 caelestium
885 4806 1040 4877 quasi
1087 4806 1317 4862 nubibus
1364 4805 1698 4876 interpositis
1745 4804 1993 4859 arcearis.
2053 4803 2158 4859 Sed

563 4900 768 4956 utinam
798 4901 901 4956 ista
931 4909 1039 4955 tam
1068 4914 1195 4956 vere
1214 4897 1720 4972 possisobtendere,
1745 4911 1907 4967 quam
1936 4895 2160 4952 facunde

563 4999 740 5064 potes.
785 4993 974 5061 Arguit
1021 4991 1164 5047 enim
1216 4993 1330 5063 ipsa
1376 4991 1638 5048 facundiae
1664 4998 1769 5045 tuae
1794 4989 2160 5058 doctrinaeque

563 5087 884 5155 fecunditas,
908 5087 1245 5142 voluntatem
1275 5087 1371 5142 tibi
1400 5087 1579 5158 potius
1607 5086 1660 5142 in
1690 5085 1857 5142 sacris
1874 5084 1916 5116 "
1944 5081 2161 5138 Litteris

564 5195 771 5253 parem,
797 5193 960 5251 quam
989 5187 1083 5234 aut
1111 5180 1446 5236 vacationem
1475 5187 1570 5234 aut
1605 5178 1917 5233 facultatem
1946 5176 2158 5232 abesse.

565 5273 684 5330 Non
705 5275 870 5340 enim,
900 5274 1112 5345 opinor,
1139 5273 1431 5340 dormiens,
1476 5279 1569 5327 aut
1595 5270 1740 5326 aliud
1767 5284 1934 5341 agens
1982 5278 2163 5324 tantas

645 5397 667 5425 ι
699 5387 856 5445 Rom.
882 5405 937 5457 v,
959 5385 1013 5441 5.
1092 5386 1119 5426 ι»
1143 5386 1163 5440 1
1191 5386 1316 5443 Cor.
1340 5403 1377 5450 ι,
1401 5385 1490 5440 24.

643 5500 720 5574 (a)
757 5501 847 5558 Sic
872 5500 1413 5574 emendamusexms.
1441 5499 1730 5574 Viennensi
1745 5507 1801 5554 et
1813 5496 1952 5574 edit._
1966 5497 2162 5574 Schot.

571 5568 720 5628 Alias
746 5581 880 5637 erat,
909 5572 1198 5636 indicibus;
1221 5571 1370 5625 nullo
1399 5585 1580 5623 sensu.
1613 5570 1749 5624 Vide
1779 5576 1892 5622 not.
1927 5568 2013 5622 48.

671 5643 723 5710 b)
760 5641 861 5710 Ms.
892 5641 1045 5698 Vien.
1079 5657 1202 5696 cum
1232 5641 1363 5696 edit.
1391 5640 1569 5704 Grin.,
1599 5640 1918 5710 incapacem.

668 5709 716 5782 ε)
755 5709 831 5764 lta
851 5727 952 5767 ms.
974 5712 1128 5768 Vien.
1161 5711 1340 5770 Ceteri
1375 5711 1616 5774 codices;
1646 5718 1696 5763 et
1749 5709 1992 5780 religione
2035 5727 2160 5766 con-

569 5792 714 5841 serta
735 5790 883 5835 utare
903 5784 1208 5850 sapientius.

2253 3336 2444 3402 Deum,
2476 3338 2568 3406 qui
2599 3343 2682 3390 est
2711 3334 2886 3404 patria
2916 3333 3156 3388 omnium
3197 3332 3500 3388 communis
3519 3373 3534 3397 ,
3563 3330 3857 3396 obliterat;

2253 3438 2311 3485 et
2360 3429 2628 3485 illecebra:
2657 3428 3010 3499 cupiditatum
3057 3427 3200 3482 illam
3253 3426 3568 3482 Sirenarum
3626 3425 3858 3482 fabulam

2253 3523 2480 3578 veritate
2509 3521 2677 3577 cladis
2697 3520 2994 3575 imitantur.
3027 3517 3160 3573 Nam
3189 3517 3334 3588 quod
3363 3517 3465 3572 illa:
3478 3515 3691 3572 Sirenzc
3706 3515 3859 3573 fuisse

2256 3614 2548 3684 tinguntur,
2597 3612 2822 3668 id'verae
2879 3617 3005 3666 sunt
3055 3608 3321 3664 illecebras
3375 3607 3759 3680 cupiditatum,
3807 3615 3857 3663 et

2253 3704 2623 3760 blandimenta
2654 3704 2905 3758 vitiorum
2935 3702 3006 3775 (ε)
3037 3701 3290 3756 habentia
3335 3702 3391 3755 in
3433 3697 3619 3771 specie
3655 3701 3857 3755 lenoci-

2256 3797 2424 3860 nium,
2458 3797 2512 3850 in
2560 3803 2720 3865 gustu
2744 3809 3046 3861 venenum;
3077 3808 3309 3864 quorum
3352 3806 3480 3848 usus
3527 3792 3581 3847 in
3615 3792 3858 3857 crimine,

2255 3889 2488 3961 pretium
2511 3887 2565 3942 in
2594 3896 2770 3943 morte
2800 3894 3133 3942 numeratur.
3160 3885 3268 3940 Has
3290 3891 3510 3955 oportet
3537 3883 3684 3938 ultra
3716 3883 3859 3955 Ulys-

2257 3983 2330 4038 sis
2359 3980 2608 4036 astutiam
2657 3978 2821 4044 cauti,
2874 3993 2981 4034 non
3030 3977 3250 4032 auribus
3305 3985 3534 4038 tantum,
3566 3975 3668 4030 sed
3698 3976 3860 4031 oculis

2259 4073 2527 4129 obseratis
2555 4079 2610 4128 et
2639 4071 2840 4135 animo,
2872 4057 3026 4140 quasi
3075 4069 3290 4138 navigio
3336 4067 3756 4140 przetervolante
3785 4066 3860 4121 fu-

2258 4168 2484 4238 giamus,
2540 4179 2607 4220 ne
2634 4162 2909 4220 sollicitati
2936 4161 3294 4218 delectatione
3321 4157 3530 4215 letifera
3550 4199 3564 4223 ,
3599 4159 3653 4212 iu
3683 4157 3862 4212 crimi-

2260 4276 2388 4314 num
2429 4273 2561 4314 saxa
2603 4257 2917 4328 rapiamur;
2951 4263 3007 4310 et
3033 4252 3258 4324 scopulo
3305 4252 3493 4307 mortis
3522 4251 3706 4318 adfixi,
3734 4266 3863 4305 nau-

2260 4348 2486 4418 fragium
2513 4348 2701 4404 salutis
2732 4347 3011 4402 obeamus.

2334 4440 2386 4493 8.
2430 4439 2606 4509 Atque
2634 4439 2839 4492 utinam
2887 4437 2971 4492 vel
3017 4435 3173 4491 nudis
3214 4436 3372 4491 nobis
3399 4451 3466 4490 ex
3496 4435 3654 4490 istius
3679 4434 3862 4490 mundi

2263 4533 2379 4587 salo
2401 4532 2561 4587 liceat
2587 4529 2838 4597 evadere,
2869 4530 2914 4585 si
2941 4530 2995 4583 in
3026 4536 3271 4599 tempore
3300 4528 3424 4593 isto,
3447 4542 3556 4596 quo
3585 4527 3642 4581 in
3665 4525 3866 4596 fragili-

2188 4644 2238 4706 ι)
2265 4632 2375 4679 tate
2405 4637 2694 4693 corporea,
2727 4629 2782 4677 et
2810 4621 3216 4693 possessionum
3246 4620 3479 4684 lubrico,
3512 4627 3789 4689 tamquam
3815 4619 3866 4678 in

2266 4713 2459 4783 navigii
2497 4712 2790 4768 fatiscentis
2817 4710 2981 4766 infida
3023 4725 3286 4781 compage
3326 4707 3622 4772 fluitamus,
3670 4724 3867 4766 exuere

2266 4823 2366 4861 nos
2393 4804 2460 4859 ad
2480 4805 2802 4860 enatandum
2823 4801 3222 4872 impedimentis
3243 4800 3560 4871 augentibus
3589 4801 3749 4870 quasi
3779 4819 3868 4857 ve-

2267 4898 2438 4953 stibus
2483 4895 2747 4960 madidis;
2780 4901 2836 4950 et
2885 4878 3042 4949 ﬁdem
3090 4894 3406 4961 salutarem,
3451 4907 3560 4962 qua
3588 4893 3646 4947 in
3670 4893 3869 4947 virtute

2266 4990 2465 5045 Christi
2489 4988 2584 5044 Dei
2611 4985 2808 5042 vexillo
2831 4987 3007 5041 crucis
3037 4985 3277 5052 nitimur,
3303 4984 3457 5054 quasi
3480 4983 3720 5038 tabulam
3754 5001 3868 5056 per-

2264 5084 2390 5153 f‘ugii
2429 5080 2832 5146 meminerimus
2873 5077 3161 5145 invadere;
3193 5086 3254 5133 ut
3279 5078 3347 5134 de
3378 5077 3541 5134 rebus
3570 5075 3868 5132 fluentibus

2264 5193 2413 5250 spem
2462 5174 2684 5232 solidam
2722 5187 3123 5245 comparemus,
3141 5180 3198 5227 et
3226 5171 3296 5228 de
3317 5171 3478 5227 noxia
3507 5169 3868 5240 cupiditatum

2265 5269 2491 5325 materia
2521 5265 2722 5338 aliquid
2769 5265 2838 5321 ad
2883 5263 3277 5320 innocentiam'
3303 5263 3641 5332 salutemque
3694 5261 3870 5333 rapia-

2341 5497 2420 5567 (d)
2462 5495 2554 5552 Sic
2575 5512 2677 5550 ms.
2717 5495 2888 5552 codex
2917 5494 3183 5564 Belgicus,
3218 5492 3350 5549 edit.
3379 5491 3567 5548 Schot.
3598 5500 3657 5547 et
3685 5490 3868 5546 Fabri-

2267 5567 2402 5623 cius.
2435 5568 2602 5632 Alias,
2634 5578 2709 5622 ut.

2271 5709 2289 5761 Ι
2340 5640 2412 5762 Σο)
2441 5639 2527 5762 lita
2557 5631 2656 5719 ms.
2691 5638 2980 5695 Vaticanus
3001 5679 3013 5702 ,
3038 5651 3160 5691 cum
3205 5635 3294 5692 alii
3333 5633 3549 5692 codices
3575 5631 3870 5706 praeferant

2287 5726 2335 5762 ta
2373 5726 2432 5762 en
2484 5725 2636 5762 enim.

2287 5725 2457 5762 tacent
2484 5725 2636 5764 enim.
