4078 6352
239 340 347 396 9.33

1589 343 1923 404 EPISTOLA
1961 349 2120 408 XVII.

3383 373 3494 434 254

238 471 375 510 mus.
409 455 486 527 (a)
517 456 634 525 Quo
662 458 914 515 videlicet
940 467 999 516 ut
1019 460 1130 518 Deo
1158 461 1471 526 servientes,
1497 463 1807 533 cupiditati-
1833 465 1889 526 Α
1910 464 2019 521 lata
2043 477 2090 534 °,
2111 470 2235 538 quia
2264 470 2430 530 divini
2459 475 2664 533 timoris
2689 491 2878 548 vacua,
2901 482 3176 554 sapientiae
3201 499 3363 560 caput
3381 455 3490 550 non

236 549 338 604 bus
363 549 711 619 imperantes,
738 554 1066 611 necessitatis
1093 555 1254 612 modo
1275 555 1536 612 desideria
1562 556 1817 612 termine-

235 657 373 706 mus,
405 648 460 696 et
490 643 819 698 necessarios
841 644 1099 701 habentes
1120 647 1350 713 habitus,
1384 662 1490 702 non
1518 661 1814 718 quaeramus

234 730 532 803 superﬂuos
585 742 909 802 apparatus;
964 736 1089 804 quia
1142 737 1412 792 recordari
1458 736 1814 794 admonemur

234 838 335 877 nos
363 821 497 876 nihil
523 821 763 877 intulisse
805 824 859 878 in
905 823 1046 880 hunc
1073 827 1326 882 mundum
1345 868 1360 892 ,
1394 843 1569 897 neque
1599 827 1814 886 auferre

232 925 392 981 posse
419 920 464 964 ο.
489 911 617 978 Quae
646 913 840 967 veritas
867 914 919 968 in
947 923 1153 970 tantum
1173 917 1335 982 valet,
1359 925 1418 971 ut
1441 918 1507 974 de
1527 918 1814 986 gentilibus

230 1016 448 1071 quoque
471 1002 928 1072 philosophorum,
959 1006 1050 1075 qui
1072 1006 1156 1061 vel
1178 1007 1253 1079 (ὁ)
1283 1016 1548 1064 extremas
1572 1011 1815 1068 veritatis

231 1093 406 1148 lineas
433 1093 746 1150 celsioribus
768 1095 992 1164 ingeniis
1011 1097 1118 1168 93
1147 1097 1454 1167 attigerunt,
1484 1099 1814 1170 inquirenda:

227 1192 460 1246 tantum,
485 1183 680 1239 nedum
708 1185 992 1254 sequendae
1017 1188 1290 1257 sapientiae
1317 1190 1494 1246 vacari
1515 1207 1625 1247 non
1653 1207 1813 1263 posse

227 1278 514 1340 senserint,
565 1277 664 1332 nisi
696 1278 1046 1347 pecuniarum
1074 1295 1261 1348 onera,
1301 1281 1454 1351 quasi
1493 1291 1810 1352 stercorum,

225 1366 394 1420 etiam
416 1367 469 1420 in
497 1381 644 1422 mare
671 1366 888 1437 quidam
914 1368 1258 1440 projicerent.

293 1458 354 1511 9.
393 1456 500 1512 Sed
527 1468 585 1512 tu
611 1457 926 1515 divisionem
947 1475 1068 1538 cum
1089 1461 1201 1517 Deo
1221 1461 1402 1526 facito,
1433 1471 1488 1519 et
1509 1464 1660 1533 quasi
1688 1480 1810 1520 mu-

226 1557 322 1605 tuo
371 1549 635 1606 beneficio
672 1549 833 1605 redde
870 1566 1079 1606 summo
1121 1551 1268 1607 Patri
1308 1553 1563 1621 gratiam;
1594 1554 1686 1623 qui
1726 1561 1809 1609 ta-

225 1655 356 1696 men
381 1641 448 1696 de
477 1641 541 1695 iis
567 1655 915 1711 quaecumque
939 1641 1034 1696 tibi
1063 1641 1283 1697 donavit
1311 1640 1565 1713 ingenita,
1593 1651 1684 1698 aut
1709 1645 1806 1699 ad-

225 1730 358 1798 jecit
398 1731 750 1798 extrinsecus,
783 1738 837 1785 te
881 1738 1086 1786 tantum
1131 1747 1161 1786 a
1208 1739 1260 1787 te
1294 1733 1546 1804 reposcit.
1596 1732 1806 1790 Habeas

223 1819 358 1876 licet
382 1819 478 1875 tibi
515 1829 572 1876 et
605 1820 712 1875 tuis
736 1827 926 1876 cuncta
955 1837 1074 1891 quae
1101 1821 1362 1892 possides,
1394 1830 1597 1877 tantum
1627 1823 1680 1878 id
1709 1839 1804 1879 cu—
1833 1829 1885 1891 Β

220 1924 376 1977 rans,
399 1918 460 1964 ut
483 1909 673 1965 horum
693 1924 910 1979 quoque
938 1911 1243 1980 largitorem
1280 1911 1446 1967 Deum
1488 1927 1606 1969 esse
1638 1913 1810 1970 fatea-

221 2003 319 2058 ris.
349 2001 491 2057 Nihil
519 2001 662 2056 enim
690 2001 948 2058 habemus
969 2001 1111 2073 quod
1139 2018 1248 2057 non
1270 2004 1631 2074 acceperimus
1655 2004 1700 2071 δ,
1718 2006 1808 2075 qui

222 2095 276 2149 in
306 2095 472 2160 hunc,
494 2100 554 2147 ut
571 2093 704 2161 dixi,
727 2093 985 2149 mundum
1015 2093 1141 2150 nudi
1162 2096 1406 2151 venimus
1430 2108 1473 2150 ε.
1490 2097 1690 2166 Ingenii
1717 2113 1812 2153 au-

221 2192 339 2240 tem
371 2184 450 2238 tui
493 2182 774 2240 facultates
817 2191 874 2240 et
910 2201 1098 2240 omnes
1128 2186 1324 2240 mentis
1351 2202 1416 2242 ac
1442 2187 1634 2256 linguze
1681 2205 1812 2259 opes

223 2271 342 2328 Deo
369 2271 577 2337 dedica,
599 2273 878 2329 immolans
898 2274 968 2342 ei,
993 2274 1132 2330 sicut
1155 2276 1411 2346 scriptum
1434 2285 1517 2332 est
1537 2275 1586 2345 α,
1605 2279 1808 2333 sacriti-

220 2361 376 2418 cium
402 2361 593 2428 laudis,
623 2377 720 2418 ore
759 2361 986 2419 facundo
1024 2374 1080 2418 et
1125 2363 1288 2420 corde
1329 2365 1545 2421 devoto.
1578 2367 1723 2422 Illico
1753 2379 1808 2423 ut

219 2454 292 2510 ad
319 2469 556 2526 superna
585 2456 878 2526 penetralia
905 2457 1076 2512 aciem
1104 2457 1296 2512 mentis
1335 2459 1646 2523 intenderis,
1679 2476 1809 2530 ape-

219 2546 336 2603 riet
362 2546 428 2600 ad
457 2553 510 2602 te
535 2545 724 2602 faciem
752 2561 902 2602 suam
925 2548 1145 2613 veritas,
1173 2557 1331 2620 teque
1356 2551 1528 2619 ipsum
1555 2553 1814 2607 reserabit

219 2641 348 2696 tibi.
377 2639 508 2694 Nam
547 2641 738 2696 divinae
774 2641 1011 2697 veritatis
1043 2642 1248 2709 agnitu,
1283 2642 1334 2696 id
1362 2657 1576 2712 quoque
1597 2651 1656 2696 ut
1685 2660 1812 2698 nos-

219 2733 491 2803 metipsos
536 2732 872 2796 noverimus,
910 2733 1263 2800 assequimur.
1296 2731 1448 2787 Unde
1488 2734 1630 2786 enim
1659 2742 1816 2800 putas

208 2831 442 2878 tantam
470 2822 682 2877 miseris
706 2821 1023 2877 mortalibus
1058 2821 1147 2876 vel
1188 2821 1451 2890 superbire
1478 2821 1565 2875 vel
1593 2821 1818 2888 ignaviae

220 2911 648 2984 perversitatem
671 2910 977 2975 inolevisse,
1005 2915 1068 2963 ut
1094 2923 1202 2962 non
1230 2910 1469 2964 colentes
1497 2908 1684 2974 Deum,
1708 2909 1817 2964 dte-

221 3002 437 3059 moniis
473 3011 568 3056 aut
605 3001 885 3057 elementis
921 3003 1147 3058 subditis
1187 3001 1289 3057 sibi
1326 3002 1584 3066 smiant,
1630 3017 1816 3071 aquas,

222 3095 442 3165 ignem,
468 3092 922 3160 sidera,arbores,
951 3102 1008 3149 et
1027 3095 1314 3197 simulacra
1331 3102 1668 3197 venerantes,
1693 3109 1814 3196 cum
1921 3115 2166 3179 Qum-tu,
2190 3120 2253 3172 de
2278 3119 2484 3187 εευενο,
2516 3125 2650 3194 quod
2670 3126 2739 3178 αα
2769 3126 2829 3180 δ,
2855 3126 3103 3197 Felicem,

1918 557 2098 626 habet,
2123 565 2278 631 quasi
2307 566 2380 635 (c)
2425 570 2624 626 truncis
2669 571 2914 628 sensibus
2934 614 2949 639 ,
2982 577 3122 632 unde
3156 557 3489 640 inteIlectutn

1916 661 2095 704 rerum
2124 653 2318 722 trahat,
2349 656 2436 711 ubi
2473 661 2797 716 sententiam
2819 671 3021 720 statuat
3043 668 3254 736 igmra;
3284 687 3404 727 cum
3428 689 3490 729 se

1915 736 2130 833 frustra,
2153 745 2404 802 omnibus
2423 749 2560 805 uelo
2581 758 2836 822 terraque
2853 757 3160 824 regionibus
3177 771 3488 833 pervagata,

1915 831 2240 900 cogitatione
2283 836 2610 910 distraxerit,
2645 841 2699 896 iu
2728 843 2838 916 θῇ
2863 849 3123 906 creaturis
3161 831 3486 924 conspicuis,

1914 926 1970 974 et
1996 920 2048 975 in
2077 923 2380 983 nominibus
2411 929 2596 985 vacuis
2625 945 2846 989 casuum
2883 943 3045 1006 atque
3084 920 3344 1008 fatorum,
3379 920 3488 998 vim

1914 1011 2237 1079 universam,
2257 1031 2361 1085 qua
2389 1019 2616 1078 mundus
2636 1023 2828 1092 agitur,
2846 1028 3138 1086 constituit.

1986 1123 2072 1179 11.
2114 1125 2226 1182 Tua
2253 1145 2382 1186 vero
2411 1147 2582 1202 mens,
2626 1151 2745 1205 quas
2773 1138 2936 1207 ignita
2956 1141 3024 1197 de
3052 1143 3260 1200 caelesti
3282 1147 3488 1204 semine

1912 1212 2152 1271 divinum
2175 1217 2287 1287 jam
2307 1221 2476 1290 spirat
2501 1223 2767 1291 ardorem,
2792 1228 2847 1284 in
2876 1229 3043 1298 ipsam
3065 1247 3241 1287 arcem
3271 1236 3486 1304 sapien-

1913 1305 2000 1395 tiae
2027 1304 2297 1366 Christum
2335 1311 2438 1369 ﬁde
2473 1316 2670 1385 praevia
2700 1317 2978 1388 dirigatur.
3010 1322 3191 1378 Patior
3225 1326 3243 1395 (
3284 1325 3344 1379 V.
3370 1335 3483 1382 not.

1913 1394 2001 1466 H)
2025 1412 2092 1452 ex
2119 1400 2273 1470 copia
2299 1402 2340 1434 “
2371 1403 2465 1460 tibi
2493 1405 2547 1460 in
2578 1409 2774 1464 nostris
2795 1425 3008 1481 quoque
3035 1394 3324 1486 studiis(d)
3356 1433 3484 1486 pos-

1910 1486 2184 1543 sidendam
2218 1492 2656 1564 philosophorum
2697 1501 3021 1571 facundiam,
3052 1503 3176 1558 dum
3205 1506 3485 1562 adversam

1908 1576 2050 1631 veris
2093 1577 2307 1635 desinas
2347 1597 2528 1639 amare
2556 1587 2894 1656 sapientiam.
2939 1591 3127 1650 Melius
3154 1605 3240 1650 est
3267 1597 3408 1653 enim
3437 1599 3482 1630 "

1908 1673 2093 1724 tenere
2130 1678 2182 1725 te
2223 1673 2402 1741 potius
2445 1675 2623 1732 divina
2661 1690 2986 1749 quaerentem
3007 1724 3022 1750 ,
3048 1701 3208 1755 quam
3245 1703 3487 1758 quaerere

1909 1755 2290 1827 disputantem.
2323 1762 2474 1820 Mitte
2495 1768 2540 1799 υ
2569 1768 2690 1825 illos
2725 1785 2939 1843 semper
2973 1775 3027 1830 in
3057 1755 3291 1834 tenebris
3332 1782 3478 1847 igno-

1910 1849 2096 1902 rantiae
2125 1851 2414 1922 volutatos,
2454 1857 2509 1910 in
2537 1861 2968 1917 contentionibus
2997 1865 3219 1920 erudita;
3251 1869 3488 1936 loquaci-

1910 1941 2035 1996 tatis
2083 1943 2357 2000 absumtos
2389 1947 2433 1978 "
2462 1956 2517 2003 et
2566 1950 2918 2008 altercatione
2965 1968 3162 2010 vesana
3207 1973 3329 2011 cum
3375 1958 3487 2013 suis

1910 2031 2295 2100 phantasmatis
2314 2037 2366 2084 “.
2385 2036 2687 2106 famulatos,
2710 2057 2921 2112 semper
2941 2053 3241 2114 quaerentes
3268 2063 3485 2118 sapien-

1909 2120 2070 2187 tiam,
2101 2131 2157 2177 ct
2192 2141 2478 2197 numquam
2529 2130 2858 2187 invenientes
2884 2131 2929 2200 ',
2959 2135 3082 2205 quia
3111 2151 3268 2206 quem
3299 2139 3492 2192 nolunt

1911 2213 2131 2267 credere
2172 2213 2371 2282 Deum,
2405 2219 2700 2288 intelligere
2741 2238 2847 2276 non
2886 2234 3178 2279 merentur.
3212 2226 3328 2281 Tibi
3359 2229 3492 2283 satis

1911 2300 1982 2354 sit
2009 2302 2076 2356 ab
2100 2301 2203 2359 illis
2231 2305 2420 2374 linguae
2448 2309 2657 2378 copiam
2681 2320 2735 2365 et
2755 2312 2862 2366 oris
2882 2322 3148 2380 ornatum,
3171 2317 3322 2384 quasi
3343 2332 3492 2387 quaa-

1910 2390 2032 2445 dan
2057 2392 2126 2448 de
2173 2393 2453 2452 hostilibus
2507 2402 2668 2456 armis
2709 2403 2877 2471 spolia
2919 2405 3161 2474 cepisse;
3201 2415 3260 2460 ut
3304 2423 3492 2463 eorum

1911 2482 2088 2537 nudus
2142 2488 2430 2550 erroribus,
2482 2497 2538 2543 et
2591 2491 2814 2545 vestitus
2840 2493 3084 2562 eloquiis,
3132 2495 3305 2572 fucum
3338 2497 3485 2550 illum

1915 2573 1986 2642 (ε)
2019 2575 2276 2630 facundim
2297 2617 2312 2640 ,
2368 2594 2476 2646 quo
2505 2581 2702 2648 decipit
2728 2584 2771 2612 ²⁶
2799 2599 2935 2637 vana
2979 2587 3263 2653 sapientia,
3320 2589 3494 2656 plenis

1919 2660 2080 2714 rebus
2109 2666 2512 2730 accommodes;
2572 2683 2639 2720 ne
2693 2685 2918 2724 vacuum
2968 2671 3370 2740 ﬁgmentorum,
3403 2678 3496 2731 sed

1923 2750 2274 2805 medullatum
2297 2755 2537 2808 veritatis
2559 2772 2751 2825 corpus
2780 2774 3066 2826 exornans,
3091 2778 3198 2817 non
3225 2765 3353 2820 solis
3379 2767 3496 2834 pla-

1919 2838 2089 2891 citura
2113 2842 2346 2907 auribus,
2380 2844 2492 2907 sed,
2529 2854 2582 2899 et
2609 2849 2874 2904 mentibus
2902 2850 3178 2908 hominum
3219 2855 3496 2924 profutura

1922 2927 1989 2998 (0
2021 2928 2308 2985 mediteris.

2415 3022 2741 3080 EPISTOLA
2783 3029 2798 3046 '
2838 3026 2992 3083 XVII.

3132 3134 3262 3186 sicut
3289 3139 3494 3204 pollici-

223 3185 554 3257 inpiissima
592 3183 786 3240 divinae
823 3186 1116 3254 majestatis
1161 3185 1394 3253 injuria?
1420 3184 1584 3253 Cujus
1613 3185 1826 3240 nomine
1850 3190 1896 3249 ο
2000 3198 2078 3240 tus
2125 3191 2445 3275 fueratauon
2472 3183 2678 3275 'vénerit
2707 3212 2725 3248 :
2752 3206 2803 3275 et
2837 3183 3497 3275 adnt_onet'et"iité'ri§}e}n

225 3281 353 3337 sive
379 3277 650 3333 dzemones
681 3279 746 3342 ⁸⁸,
769 3277 881 3332 sive
907 3285 1181 3332 creaturas
1204 3277 1402 3341 colant,
1433 3291 1618 3332 servos
1645 3277 1820 3331 hono-

229 3376 363 3425 rant
392 3386 406 3421 :
437 3381 536 3437 pro
568 3380 678 3435 quo
708 3365 775 3420 iis
801 3365 1038 3421 tenebris
1072 3366 1259 3421 necari
1287 3373 1579 3430 merentur,
1612 3374 1671 3420 ut
1696 3366 1821 3436 quia

233 3461 411 3516 Deum
435 3473 622 3514 verum
645 3457 943 3526 intelligere
971 3458 1181 3523 nolunt,
1197 3458 1360 3513 etiam
1381 3459 1464 3514 sui
1483 3459 1821 3528 ignoratione

233 3552 500 3609 feriantur
535 3545 555 3604 ἐ
597 3565 702 3621 qua
750 3549 1000 3604 liberatur
1032 3548 1198 3604 homo
1239 3548 1566 3605 illuminatus
1607 3547 1730 3612 (ide,
1762 3555 1823 3602 ut

235 3641 486 3700 ordinem
514 3646 674 3710 atque
701 3652 1006 3695 mensuram
1025 3637 1109 3693 sui
1127 3637 1338 3710 generis
1357 3637 1679 3706 intelligens,
1707 3636 1820 3692 Deo

239 3737 473 3796 tantum,
499 3728 651 3798 cujus
675 3728 852 3783 unitas
894 3725 1148 3782 ineli‘abili
1176 3725 1438 3781 Trinitate
1465 3734 1731 3792 censetur,
1761 3739 1821 3781 se

164 3795 174 3805 ’
240 3834 364 3877 esse
405 3795 743 3887 subjectum;
775 3816 968 3873 ceteris
1006 3829 1135 3871 vero
1175 3815 1422 3870 omnibus
1461 3815 1743 3880 creaturis,
1774 3815 1820 3870 si

243 3908 590 3966 rationabiles
609 3914 755 3974 sunt,
784 3921 1003 3976 parem;
1033 3905 1117 3960 sin
1155 3919 1286 3960 vero
1322 3919 1596 3975 corporeze
1623 3907 1684 3972 ‘9,
1723 3918 1818 3961 su-

249 3999 510 4071 periorem
542 4011 662 4054 esse
687 4003 994 4065 cognoscat.

321 4089 407 4144 £0.
447 4089 558 4158 Qua
600 4087 970 4144 mediocritate
1003 4087 1166 4142 homo
1194 4093 1553 4156 temperatus,
1586 4100 1759 4156 neque
1786 4101 1820 4141 a

244 4181 431 4239 salutis
453 4188 599 4237 sorte
619 4179 902 4243 delabitur,
927 4191 1103 4246 neque
1129 4190 1161 4230 a
1187 4176 1448 4244 dignitate
1472 4185 1712 4241 naturae;
1736 4175 1823 4230 ﬁt-

246 4286 350 4341 que
385 4271 636 4328 conscius
662 4268 924 4333 veritatis,
952 4281 1174 4336 compos
1197 4266 1490 4337 sapientize,
1522 4281 1708 4322 servus
1729 4266 1820 4335 ju-

245 4363 420 4427 stitite,
470 4361 606 4416 liber
649 4359 868 4424 erroris,
896 4357 1251 4427 dominusque
1294 4355 1587 4422 vitiorum;
1628 4356 1822 4426 quibus

247 4453 422 4508 anima
460 4466 568 4506 non
607 4449 718 4504 Deo
759 4446 998 4504 serviens
1061 4446 1263 4501 servire
1308 4445 1590 4500 damnatur
1643 4463 1656 4498 :
1703 4461 1822 4516 quae

1995 3257 2186 3348 quanto
2214 3257 2792 3348 benigniorlestatanto
2830 3270 2992 3348 magis
3023 3270 3210 3348 hedera
3235 3257 3495 3340 vereatur-"7,;

1993 3336 2164 3396 itaque
2183 3343 2295 3381 eum
2324 3336 2560 3384 hortatur
2586 3342 2640 3385 ut
2669 3336 3043 3404 quampriinum
3069 3341 3256 3394 veniat.

1994 3439 2259 3496 PAULINUS
2287 3442 2498 3497 Ssvnno
2521 3445 2559 3497 ⁸.

1996 3553 2047 3607 I.
2087 3553 2156 3608 Et
2197 3553 2470 3609 invitando
2509 3563 2564 3610 te
2593 3565 2648 3610 et
2676 3559 3036 3627 exspectando
3075 3560 3267 3617 defessi
3293 3578 3498 3634 sumus,

1923 3658 2098 3714 neque
2137 3645 2292 3702 nobis
2320 3655 2414 3701 aut
2440 3655 2564 3701 vota
2599 3648 2708 3716 jam
2739 3657 2830 3703 aut
2848 3652 3012 3706 verba
3040 3665 3354 3724 supersunt,
3381 3671 3498 3726 qum

1920 3739 2083 3793 toties
2105 3740 2355 3808 precibus
2382 3756 2447 3796 ac
2485 3741 2676 3797 litteris
2719 3743 2912 3799 frustra
2943 3745 3123 3804 effusis
3165 3750 3496 3819 adjiciamus.

1920 3827 2074 3895 Quod
2101 3845 2265 3884 unum
2291 3831 2538 3887 amicitia:
2565 3836 2884 3904 communis,
2915 3853 3009 3907 spe
3037 3842 3333 3908 przescntize
3365 3843 3498 3898 invi-

1921 3935 2041 3975 cem
2072 3927 2269 3974 nostrze
2291 3930 2582 3990 amputata,
2606 3923 2884 3994 neliquisti,
2916 3928 3080 3982 verba
3108 3931 3286 3985 verbis
3307 3946 3498 4000 repcn«

1920 4007 2127 4073 dimus;
2160 4015 2214 4062 et
2253 4009 2336 4063 his
2380 4011 2570 4065 saltem
2610 4013 2832 4078 solatiis,
2859 4028 2977 4081 qua:
3006 4016 3236 4072 fructum
3266 4035 3372 4072 non
3399 4020 3498 4072 has

1921 4100 2088 4162 bent,
2129 4099 2363 4154 refoveri
2391 4110 2636 4169 optamus
2669 4121 2682 4156 :
2715 4119 3038 4172 quamquam
3079 4108 3133 4160 in
3175 4109 3257 4160 his
3285 4123 3500 4176 quoque

1920 4204 2115 4260 parcus
2141 4204 2260 4246 esse
2284 4190 2530 4259 coeperis,
2537 4191 2650 4258 jam
2679 4193 3051 4248 occasionibus
3077 4211 3176 4250 nos
3200 4199 3500 4265 requirens,

1923 4285 2227 4358 totoAprope
2248 4292 2346 4332 nos
2374 4278 2590 4334 biennio
2619 4295 2905 4350 suspensos
2932 4284 3240 4352 quotidiana
3269 4303 3500 4358 conspe-

1921 4353 2141 4425 ctus‘tui
2180 4370 2583 4440 exspectatione
2610 4362 2877 4428 cruciast'i.
2908 4375 3042 4431 Nam
3083 4386 3137 4433 et
3164 4380 3306 4436 illam
3335 4353 3495 4438 ais-ta-

1922 4467 2030 4514 tem
2052 4498 2067 4525 ,
2099 4474 2217 4528 qua:
2255 4473 2544 4528 puerorum
2574 4469 2879 4518 nostrorum
2914 4464 2981 4518 ad
3025 4473 3080 4521 te
3113 4467 3343 4524 reditum
3371 4486 3500 4528 con-

247 4540 460 4606 deinde,
490 4546 552 4594 ut
568 4537 773 4608 proprii
792 4543 962 4592 status
989 4535 1158 4602 exsul,
1189 4549 1286 4604 per
1313 4549 1500 4588 omnes
1534 4534 1817 4603 cogitatio-
1847 4533 1900 4596 D
1921 4556 2107 4603 secuta
2134 4554 2235 4613 est,
2269 4547 2341 4601 ita
2369 4546 2675 4614 clausimus,
2701 4549 2871 4608 donec
2899 4554 3069 4612 hiems
3094 4557 3495 4629 intercluderet,

248 4646 370 4687 num
409 4645 648 4693 suarum,
684 4636 777 4684 aut
819 4628 1114 4683 alienarum
1151 4627 1462 4697 opinionum
1497 4626 1680 4682 devias
1708 4628 1821 4685 vias

249 4721 534 4791 spargitur,
559 4733 656 4790 per
675 4717 1024 4789 philosophos
1037 4731 1192 4785 vaga,
1216 4732 1283 4773 ac
1310 4733 1408 4787 per
1428 4719 1471 4750 ⁸ο
1493 4719 1694 4775 ariolus
1721 4735 1817 4776 cu-

249 4811 408 4880 riosa,
439 4810 804 4882 superstitioni
843 4809 1111 4878 religiosa,
1134 4809 1377 4877 religioni
1401 4811 1644 4878 profana,
1667 4826 1819 4881 spem

251 4902 386 4960 inter
413 4919 480 4960 ac
499 4899 721 4959 ‘metum
746 4915 960 4972 semper
990 4900 1251 4970 ambiguis
1296 4900 1664 4960 affectionibus
1689 4919 1822 4974 pen-

251 4993 400 5051 dens.
435 4993 576 5049 Hinc
611 4991 759 5049 omni
785 4998 947 5047 vento
984 4990 1270 5061 cujuslibet
1306 4989 1564 5047 doctrinae
1589 4995 1820 5050 circum-

319 5125 384 5180 ιι
411 5125 552 5180 Tim.
574 5141 646 5191 v1,
669 5124 724 5179 7.
798 5121 826 5163 δ
845 5121 868 5176 I
887 5120 1013 5179 Cor.
1034 5138 1105 5190 tv,
1128 5123 1182 5177 7.
1261 5132 1284 5161 ο
1307 5122 1428 5178 Job.
1453 5141 1488 5189 ι,
1513 5125 1601 5180 SI.

321 5260 348 5296 ν
375 5257 524 5334 A_li_as
553 5257 653 5323 IS;
682 5271 800 5328 quae
843 5263 1020 5312 autem
1047 5256 1111 5311 l7
1142 5262 1280 5322 erat,
1308 5272 1451 5312 nunc
1488 5258 1574 5314 I9.
1606 5260 1818 5334 Scripta

253 5343 390 5385 anno
409 5327 516 5382 559
545 5327 796 5382 exeunte.

321 5400 403 5469 (a),
435 5397 526 5452 Sic
569 5411 670 5452 ms.
725 5396 879 5452 Vien.
935 5404 990 5452 et
1030 5396 1286 5458 Sacchin.
1341 5395 1531 5454 Crateri
1583 5399 1818 5469 codices,

257 5466 515 5661 ρᾝέοιια
543 5535 671 5591 edit.
694 5533 879 5592 Schol.
910 5541 964 5592 et
989 5534 1067 5591 sic
1093 5534 1371 5604 legendum
1391 5538 1660 5596 existimat
1683 5541 1820 5598 Ros-

257 5620 352 5661 vev
389 5621 454 5661 us
473 5606 527 5660 in
555 5612 667 5658 not.
700 5604 786 5658 49.
812 5605 975 5661 Alias.
1005 5612 1265 5658 extremm.

254 5604 527 5678 veydusin
548 5612 667 5678 not.
700 5604 786 5658 49.
812 5605 976 5678 rgias,
1005 5612 1265 5678 extremm.

324 5673 410 5746 (ε),
423 5675 525 5729 Ms.
548 5674 718 5746 _Vatic.
749 5681 804 5727 et
818 5674 1238 5746 fabriciuscum
1274 5673 1400 5731 edit.
1433 5675 1619 5743 Rosv.,
1641 5696 1822 5735 carens

258 5742 506 5804 sensibus.
535 5743 604 5798 At
646 5758 774 5799 mss.
818 5742 951 5812 Reg.
988 5751 1048 5808 et
1069 5742 1222 5799 Vien.
1263 5758 1388 5800 cum
1423 5742 1611 5803 tribus
1638 5749 1821 5818 editis,

533 5836 804 5897 ΡΑτιοι.
850 5833 1010 5897 LXI.

1683 5127 1711 5166 ἀ
1734 5129 1872 5188 Psal.
1899 5149 2044 5200 xux,
2070 5133 2156 5187 M.
2237 5141 2260 5170 ε
2278 5130 2412 5202 Eph.
2436 5146 2509 5193 ιν,
2534 5130 2621 5184 14.

1923 4646 1982 4694 ut
2000 4653 2213 4693 omnem
2243 4636 2383 4692 diem
2418 4638 2485 4694 ad
2513 4638 2803 4695 adventum
2828 4643 2982 4699 nobis
3012 4653 3157 4701 tuum
3190 4648 3500 4710 illucescere

1925 4735 2237 4798 putaremus
2269 4743 2282 4779 :
2315 4725 2408 4781 sed
2447 4726 2702 4795 quoniam
2730 4741 2829 4783 nec
2858 4729 3060 4808 indices
3087 4741 3191 4789 tua:
3228 4737 3498 4796 dilationis

1925 4818 2272 4882 advenerant,
2294 4831 2358 4872 ea
2378 4817 2716 4887 reputatione
2741 4818 2847 4888 95
2870 4835 2969 4876 nos
2991 4824 3420 4894 consolabamur,
3439 4841 3500 4887 ut

1925 4917 1980 4965 te
2005 4909 2272 4964 neminem
2313 4906 2511 4963 idcirco
2537 4907 2764 4969 misisse,
2789 4909 2912 4976 quia
2943 4911 3056 4979 ipse
3087 4914 3172 4967 vel
3201 4931 3323 4971 sero
3347 4919 3500 4974 adfu-

1926 5009 2077 5058 turus
2103 5014 2267 5066 esses,
2292 4996 2746 5054 confirmaremus.
2778 4998 2985 5056 Interea
3014 5011 3069 5057 et
3094 5004 3194 5061 hac
3217 5016 3401 5064 aestate
3421 5011 3499 5064 Ia-

2723 5129 2744 5170 ΐ
2775 5130 2818 5187 II
2844 5131 2984 5189 Tim.
3015 5152 3090 5204 III,
3119 5138 3172 5192 7.

1926 5269 2120 5337 truncis
2138 5264 2405 5321 sensibus:
2427 5263 2571 5334 quod
2598 5263 2796 5330 verius,
2827 5264 2950 5334 quia
2977 5273 3126 5322 canet
3151 5269 3344 5337 capite.
3367 5270 3498 5327 Vide

1924 5335 2190 5475 nozdgic
2216 5419 2317 5460 ms.
2345 5404 2663 5460 Viennensis
2688 5404 2878 5460 codex.
2904 5405 3023 5469 Alii,
3047 5405 3367 5475 possidenda:
3384 5408 3497 5473 phj.

1925 5475 2552 5554 losopltopmvfacumtiw.
2615 5543 2644 5554 η
2842 5543 2853 5554 _
2932 5543 2962 5554 Α,

1997 5542 2069 5612 (e)
2102 5542 2197 5598 Ms.
2226 5542 2403 5608 Vien.,
2435 5543 2709 5613 facundite,
2738 5543 2994 5612 sapientia
3017 5542 3215 5610 plenus,
3247 5542 3391 5599 rebus
3412 5562 3494 5603 uc-

1921 5613 2228 5668 commodes.

1997 5682 2065 5754 (ι’)
2093 5682 2191 5738 Ms.
2216 5681 2385 5738 codex
2412 5679 2742 5744 Viennensis,
2773 5677 3013 5732 edideris.
