4078 6352
1699 363 1756 421 s.
1795 362 2071 420 meum
2108 362 2360 422 meum
2394 341 2702 425 eriscori

3759 374 3874 438 256

555 484 742 552 beam,
766 496 869 555 ape
892 476 1074 537 tam“
1100 493 1167 537 ea
1195 492 1298 568 nos
1315 477 1408 535 vel
1433 477 1692 551 opinione
1717 477 2007 550 palpante,
2035 476 2152 535 Ro-
2180 482 2234 542 Δ
2260 479 2392 537 deas
2433 495 2503 537 ne
2532 489 2685 538 tanto
2733 481 3068 555 confessori,
3102 491 3212 555 tam
3245 454 3484 557 potentis
3504 456 3697 562 gratia:
3718 494 3873 568 apud

556 592 702 633 manu
743 572 814 631 ad
852 570 1220 629 venerabilem
1262 564 1610 627 seiciuntatis
1649 570 1961 642 apostolicae
2010 568 2156 627 diem

554 666 791 741 profecti
830 678 1038 733 sumus,
1067 678 1389 720 concursum
1433 665 1588 720 nobis
1620 664 1731 720 illic
1773 674 1929 720 tuum
1971 663 2156 721 debita

557 762 799 834 quidem,
820 759 917 817 sed
942 766 1126 814 tamen
1150 756 1343 814 festiva
1365 756 1720 813 meditatione
1739 757 2155 830 promittentes;

561 870 684 912 cum
722 854 945 911 decocta
975 858 1278 923 praesumto:
1314 850 1431 921 spei
1473 849 1666 921 gratia,
1697 849 1843 920 quod
1882 850 2000 920 ipse
2049 865 2159 906 non

559 947 771 1011 aderas,
794 960 903 1001 non
925 952 1108 1000 tamen
1126 943 1349 998 omnino
1376 941 1522 997 nulla
1542 940 1926 1012 compotimur,
1950 955 2162 1007 sumen-

562 1046 645 1094 tes
689 1038 898 1093 litteras
944 1045 1065 1092 tuas
1102 1049 1202 1106 per
1225 1033 1506 1090 hominem
1550 1030 1816 1089 carissimi
1844 1031 2000 1087 nobis
2025 1031 2159 1100 viri,

558 1129 741 1187 fratris
777 1128 953 1187 nostri
989 1126 1178 1185 Sabini
1208 1145 1223 1181 :
1264 1141 1426 1198 quem
1465 1124 1683 1196 quidem
1718 1125 1896 1196 primo
1940 1123 2163 1179 minime

560 1221 873 1279 mouaebali
898 1221 1069 1294 caliga
1099 1229 1156 1277 et
1179 1228 1332 1276 veste
1359 1219 1561 1284 mirati,
1584 1233 1707 1274 cum
1730 1225 1995 1289 pmterea
2023 1216 2164 1274 facie

559 1329 674 1369 non
692 1313 872 1368 minus
898 1326 1064 1383 quam
1089 1311 1375 1373 armilausa
1400 1310 1419 1382 (
1434 1309 1497 1365 V.
1522 1317 1643 1369 not.
1672 1308 1767 1380 67)
1796 1308 2042 1377 nuberet,
2063 1322 2164 1379 pa-

561 1421 683 1461 rum
717 1403 1048 1475 spiritalibus
1092 1403 1279 1463 buccis
1302 1445 1317 1471 ,
1346 1410 1479 1457 tunc
1517 1401 1735 1457 demum
1764 1415 1882 1456 esse
1919 1415 2029 1456 non
2058 1415 2161 1456 no-

560 1505 732 1554 strum
760 1495 1016 1551 scivimus
1040 1537 1054 1562 ,
1086 1510 1208 1550 cum
1246 1509 1346 1564 per
1382 1494 1560 1564 ipsum
1589 1491 1853 1549 tabellarii
1882 1492 2163 1547 dominum

560 1587 771 1643 litteras
797 1602 830 1642 a
850 1587 1013 1642 nobis
1032 1585 1437 1658 reposcentem,
1483 1583 1878 1642 necessitudine
1904 1598 2004 1641 vos
2032 1599 2163 1655 pro-

558 1681 704 1733 xima
725 1678 1009 1749 copulatos
1028 1692 1151 1735 esse
1188 1677 1572 1747 comperimus.
1603 1674 1756 1731 Unde
1783 1683 1840 1731 et
1863 1676 2013 1731 illum
2038 1684 2166 1730 ante

559 1771 797 1835 amicum
824 1770 1102 1827 mutato
1129 1784 1275 1827 nunc
1290 1783 1483 1825 amore
1508 1767 1944 1839 complectimur.

2262 568 2536 625 Christum
2557 578 2769 635 sancto,
2804 572 2911 628 isse
2934 573 3168 629 videaris
3194 575 3403 633 inlicias

2278 754 2281 755 ν
2334 681 2388 737 li.
2428 681 2654 739 Causari
2680 683 3048 751 inﬁrmitatem
3077 687 3248 758 magis
3275 702 3437 768 quam
3461 690 3765 765 pigritiam.
3787 697 3873 755 vel

2263 777 2641 849 exceptionem
2668 794 3026 851 personarum
3047 782 3140 857 qui
3165 783 3361 857 possis,
3393 787 3601 856 nescio,
3628 804 3757 851 eum
3787 792 3870 847 in-

2266 876 2348 933 tra
2373 884 2571 937 annum
2603 868 2793 935 eadem
2823 860 2990 943 opera
3016 854 3086 929 ad
3100 889 3207 937 nos
3229 854 3468 945 pollici-is
3492 854 3788 948 pervenire
3810 898 3872 941 ac

2264 978 2566 1030 recurrere.
2599 978 2707 1034 qua
2734 962 3040 1029 Gallicanas
3077 967 3539 1039 peregrinationes
3586 982 3672 1031 tot
3718 978 3870 1033 armis

2262 1051 2597 1131 frequentas,
2626 1066 2681 1119 et
2709 1057 2916 1121 iteratis
2963 1073 3107 1129 sepe
3145 1060 3286 1125 intra
3309 1077 3471 1125 uuam
3496 1072 3750 1125 gestatem
3776 1084 3870 1127 ει..

2266 1148 2508 1206 cursibus
2534 1147 2781 1213 Turonos
2797 1157 2852 1205 et
2871 1150 3167 1213 remotiora
3197 1152 3400 1215 visitas.
3432 1153 3553 1212 Non
3584 1156 3713 1227 (Ex
3755 1158 3871 1215 δ’ἐν-

2268 1238 2433 1310 gilio)
2464 1238 2703 1309 invideo,
2754 1238 2989 1315 praedico
3037 1244 3208 1312 magis
3242 1243 3592 1305 devotionem
3638 1260 3790 1306 tuam
3820 1252 3870 1308 in

2268 1329 2497 1386 Domino
2522 1369 2536 1394 ,
2564 1345 2724 1399 quam
2757 1329 2809 1386 in
2839 1331 3011 1389 servis
3040 1333 3164 1407 suis~
3195 1333 3481 1397 admiraris
3508 1348 3565 1399 ct
3610 1340 3868 1399 houoms.

2267 1422 2417 1491 Justc
2462 1424 2640 1485 lateor
2687 1432 2743 1483 et
2784 1424 2981 1491 merito
3024 1424 3314 1491 Martinam
3369 1429 3741 1502 frequemari;
3780 1438 3869 1491 sed

2268 1515 2409 1579 dico.
2455 1515 2653 1586 injuste
2694 1516 3112 1596 perniciosoque
3157 1518 3393 1585 Felicem
3434 1522 3503 1580 ab
3533 1525 3755 1593 eodem
3780 1528 3869 1597 qui

2268 1607 2419 1667 illum
2465 1606 2727 1678 honoret,
2757 1608 3039 1681 promissis
3086 1609 3335 1669 inanibus
3370 1611 3517 1685 ludi},
3548 1616 3634 1671 vel
3683 1631 3870 1679 secura

2267 1696 2522 1769 promissi
2542 1696 2655 1771 jam
2686 1706 2745 1757 ut
2772 1698 2961 1755 aboliti
2986 1699 3413 1769 dissimulatione
3439 1707 3869 1775 contcmni.Qua

2270 1786 2375 1843 ﬁde
2401 1802 2590 1863 speras
2618 1788 2818 1855 Christi
2841 1790 3070 1863 gratiam
3102 1791 3155 1855 in
3185 1792 3392 1853 laetiore
3418 1795 3656 1867 Martini,
3676 1802 3870 1865 eadm

630 1889 687 1953 2.
729 1888 1079 1946 Rescribendi
1110 1899 1288 1945 tamen
1329 1902 1397 1943 ex
1430 1885 1575 1943 Urbe
1616 1886 1859 1954 facultas:
1885 1900 1993 1941 non
2037 1882 2153 1950 fuit,
2188 1861 2238 1925 Β
2265 1861 2464 1945 Christi
2481 1881 2744 1947 oll‘ensam
2768 1861 2902 1951 time
2922 1884 2980 1945 in
3000 1882 3299 1949 diuisione
3318 1885 3512 1949 Felicis
3535 1861 3664 1962 τιό)
3694 1862 3870 1953 ρίωά

522 2056 525 2059 _
560 1997 724 2055 quam
751 1981 842 2037 vix
867 1980 1053 2036 decem
1090 1979 1206 2037 dies
1251 1978 1483 2036 vidimus
1529 1995 1638 2037 non
1664 1978 1941 2059 videntes,
1973 1984 2029 2033 et
2075 1976 2161 2048 ip-

559 2096 680 2139 sum
703 2078 779 2152 (a)
808 2078 1068 2153 temporis
1089 2085 1216 2137 ante
1243 2074 1522 2133 meridiem
1543 2076 1598 2131 in
1623 2056 1764 2131 votis
1784 2073 2007 2141 nostris,
2033 2086 2163 2149 quo-

557 2192 683 2233 rum
710 2191 837 2232 cura
866 2189 1215 2242 veneramus,
1259 2188 1360 2251 per
1382 2172 1753 2245 apostolorum
1781 2178 1838 2227 et
1864 2178 2163 2241 martyrum

557 2283 744 2344 sacras
782 2267 1073 2325 memorias
1099 2273 1502 2329 constituentes.
1546 2262 1751 2323 Deinde
1779 2270 1840 2325 ut
1867 2262 1935 2323 ad
1978 2260 2164 2332 hospi-

557 2362 697 2421 tium
738 2358 1087 2426 redissemus,
1123 2345 1422 2417 innumeris
1450 2354 1975 2426 frequentationibus
1999 2365 2165 2415 occu-

556 2452 692 2525 pati,
723 2465 957 2523 quorum
988 2449 1185 2519 partim
1212 2448 1469 2519 amicitia,
1498 2446 1694 2518 partim
1721 2444 1911 2514 religio
1940 2451 2162 2509 contra-

553 2541 740 2611 hebat,
765 2543 856 2597 vix
886 2549 945 2598 ut
982 2555 1208 2613 vespera
1243 2539 1481 2605 solveret
1509 2545 1684 2595 castus
1706 2575 1722 2605 ,
1754 2549 1964 2605 nosque
2009 2534 2166 2589 laxa-

554 2644 670 2705 ret;
706 2628 1014 2693 necessario
1040 2633 1344 2699 distulimus
1366 2631 1603 2689 ofﬁcium
1630 2630 1809 2701 inopia
1841 2628 2159 2685 vacationis.

554 2726 762 2791 Deinde
788 2725 1051 2794 regressis
1079 2724 1320 2789 domum,
1350 2722 1513 2779 aliam
1545 2735 1757 2776 moram
1794 2717 2015 2777 accidua
2041 2733 2163 2775 car-

555 2819 753 2875 naliter
778 2817 1044 2889 aigritudo
1086 2815 1300 2881 obtulit,
1335 2829 1435 2869 nec
1460 2813 1645 2885 paucis
1673 2812 1862 2871 diebus
1904 2810 2052 2867 haud
2081 2810 2162 2881 let

553 2909 701 2964 viter
731 2924 832 2965 nos
874 2907 1221 2963 examinavit.
1254 2904 1380 2972 Sed,
1417 2905 1510 2975 qui
1535 2904 1648 2958 vita
1678 2910 1865 2961 nostra
1894 2910 1952 2958 et
1978 2916 2161 2961 resur-

553 3001 728 3057 rectio
755 3007 841 3056 est
874 3010 917 3066 5,
953 2998 1187 3061 visitavit
1213 2998 1271 3063 in
1292 2998 1442 3057 bono
1476 2996 1839 3053 humilitatem
1867 3000 2110 3050 nostram
2141 3010 2155 3045 :

557 3104 756 3150 etcum
776 3094 1038 3167 castigans
1066 3092 1375 3167 castigasset
1396 3105 1511 3157 nos,
1545 3089 1699 3147 morti
1729 3104 1835 3149 non
1869 3085 2086 3143 tradidit
2105 3085 2155 3141 ιν.

556 3184 731 3241 Multa
757 3183 902 3239 enim
942 3181 1160 3254 ﬂagella
1201 3180 1511 3251 peccatoris,
1551 3178 1648 3234 sed
1691 3183 1961 3250 sperantes
1990 3176 2067 3249 (b)
2098 3177 2156 3230 in

557 3277 839 3333 Dominum
866 3274 1227 3330 misericordia
1253 3272 1594 3327 circumdabit
1610 3283 1657 3327 ε.
1685 3271 1861 3341 Atque
1886 3270 2009 3326 ideo
2035 3284 2155 3325 vcr-

555 3369 733 3426 berati
760 3385 948 3425 sumus
976 3376 1036 3424 ut
1062 3374 1402 3440 peccatores,
1449 3365 1662 3421 liberati
1703 3372 1765 3419 ut
1792 3371 2074 3436 sperantes
2103 3363 2159 3417 in

555 3459 928 3518 misericordia
954 3458 1091 3530 ejus,
1114 3458 1201 3531 qui
1228 3465 1385 3511 sanat
1414 3443 1661 3512 contritas
1688 3455 1864 3523 corde,
1893 3463 1943 3510 et
1971 3453 2157 3526 alligat

557 3555 897 3633 contritiones
925 3569 1102 3607 eorum
1134 3548 1182 3606 (ί.

626 3675 682 3731 5.
730 3674 857 3730 Ilaec
884 3674 1043 3742 igitur
1064 3668 1177 3749 jani
1206 3673 1260 3727 in
1288 3671 1492 3727 virtute
1531 3678 1588 3726 et
1626 3668 2000 3726 misericordia
2044 3667 2154 3724 Do-

557 3765 691 3823 mini
715 3764 1133 3829 revalescentes,
1177 3777 1276 3833 per
1313 3760 1651 3818 carissimum
1679 3759 1734 3814 in
1776 3759 2007 3814 Domino
2049 3758 2158 3813 fra-

556 3864 698 3913 trem
747 3852 1083 3919 Amachium,
1134 3852 1341 3908 domini
1384 3860 1440 3908 et
1478 3852 1649 3923 patris
1696 3850 1867 3907 nostri
1907 3849 2157 3921 Delphini

554 3947 966 4011 subdiaconum,
998 3943 1122 4015 quia
1161 3943 1328 4015 ipsius
1368 3943 1586 4000 occasio
1631 3952 1831 4015 praesto
1859 3949 1994 4008 erat,
2024 3941 2158 3996 scri-

555 4040 760 4113 psimus
792 4055 805 4091 :
836 4035 1033 4104 simul,
1064 4036 1189 4107 quia
1215 4049 1276 4093 se
1302 4035 1643 4092 notissimum
1670 4035 1768 4091 tibi
1796 4050 1915 4092 esse
1943 4049 2156 4091 assere-

554 4130 649 4185 bat
669 4172 685 4199 ,
717 4127 1235 4201 opportunissimum
1281 4125 1613 4183 credidimus
1640 4128 1728 4183 cui
1767 4127 1978 4183 litteras
2003 4124 2072 4182 ad
2100 4133 2155 4182 te

552 4228 769 4277 nostras
795 4219 1161 4276 crederemus.
1188 4216 1499 4274 Salutamus
1538 4226 1595 4275 te
1643 4225 1851 4274 tantum
1891 4225 2152 4289 quantum

552 4311 824 4381 diligimus
872 4310 928 4365 in
968 4309 1201 4365 Domino
1225 4348 1240 4375 ,
1269 4316 1326 4365 et
1354 4309 1533 4365 adhuc
1576 4310 1947 4366 desideramus
1981 4328 1992 4364 :
2026 4325 2153 4365 nam

554 4400 818 4457 revellere
839 4398 907 4454 de
935 4399 1130 4454 animis
1156 4399 1357 4454 nostris
1381 4413 1535 4470 spem
1574 4400 1734 4453 istam
1764 4399 1993 4454 necdum
2020 4414 2151 4470 pos-

554 4506 762 4557 sumus,
783 4504 890 4565 qua
912 4488 1290 4567 praisumimus
1309 4498 1365 4546 te
1383 4489 1674 4545 videndum
1698 4489 2153 4561 amplectendum-

556 4597 664 4679 que
681 4580 861 4651 nobis,
887 4579 1034 4679 dono
1059 4580 1293 4648 Domini,
1326 4581 1380 4679 in
1408 4579 1539 4679 sede
1574 4594 1638 4636 ac
1664 4579 1784 4636 sinu
1816 4579 1888 4655 (c)
1919 4580 2106 4638 domni
2127 4584 2148 4615 ²
2179 4617 2233 4679 D

556 4672 664 4729 mei
689 4714 704 4740 ,
734 4670 1033 4727 communis
1079 4671 1292 4742 patroni
1329 4669 1525 4726 Felicis
1555 4687 1567 4723 :
1602 4670 1689 4729 cui
1719 4678 1844 4727 vota
1870 4680 1962 4726 tua
1990 4671 2150 4729 toties

555 4769 894 4821 contestatus
920 4777 1058 4830 sum,
1084 4748 1146 4819 et
1172 4761 1439 4834 promissa
1465 4762 1710 4832 recitavi,
1742 4763 1953 4843 quoties
1977 4764 1999 4797 ³
2027 4779 2060 4819 a
2093 4772 2149 4825 te

556 4854 690 4910 mihi
716 4860 872 4910 cauta
898 4851 1282 4909 reminisceris.
1310 4854 1425 4937 96
1451 4851 1510 4911 Si
1538 4850 1825 4917 fefellimus
1852 4865 2149 4931 martyrem

556 4944 821 5013 veritatis,
854 4960 962 5001 non
989 4944 1183 5017 opiner
1210 4943 1233 4977 ⁴⁵
1260 4959 1350 5003 me
1388 4945 1564 5001 solum
1601 4946 1944 5009 statuendum
1989 4949 2151 5025 hujus

557 5034 732 5106 culpas
758 5048 911 5091 reum
931 5034 973 5103 ⁸,
996 5034 1089 5105 qui
1117 5033 1382 5107 spepondi
1403 5035 1550 5108 quod
1575 5036 1778 5095 credidi
1803 5056 1818 5095 :
1837 5046 1917 5104 tu,
1946 5056 2151 5112 quaeso.

556 5125 632 5181 mi
657 5125 824 5181 frater
835 5125 1089 5185 unanimo
1104 5132 1164 5183 et
1180 5125 1548 5198 dilectissime,
1565 5129 1693 5186 dun
1722 5138 1933 5205 tcuipus
1958 5142 2061 5202 est,
2076 5134 2161 5191 νὶε

2265 1971 2493 2033 forsitan
2520 1989 2675 2037 mens
2702 1973 2914 2041 fortior,
2945 1983 3003 2039 et
3026 1975 3205 2041 anima
3224 1978 3522 2047 rebustior.
3554 1991 3652 2045 aut
3677 1994 3869 2054 potens

2264 2065 2599 2123 conscientia
2646 2065 2900 2136 perfectas
2945 2067 3002 2135 in
3048 2066 3265 2135 θυήεις)
3308 2070 3616 2139 dilectionis
3660 2085 3868 2139 tantam

2264 2158 2537 2223 ministret
2564 2157 2835 2228 ﬁduciam.
2864 2166 2926 2225 lii
2962 2173 3282 2231 ωδεμοιωιι
3304 2163 3429 2235 ﬁdei
3453 2175 3511 2223 et
3532 2170 3869 2238 operationis

2267 2258 2372 2307 tuae
2423 2250 2743 2311 meritorum
2787 2253 3235 2323 eompeusmioae
3278 2255 3539 2317 deliaum
3582 2261 3718 2329 hoc,
3762 2279 3867 2335 quo

2266 2343 2553 2407 Dominum
2599 2359 2781 2407 meum
2827 2345 3083 2411 Folium.
3114 2349 3263 2419 quod
3302 2351 3463 2421 absit,
3513 2354 3748 2422 laseris,
3788 2360 3867 2414 di-

2266 2435 2520 2499 luendum
2549 2445 2738 2508 putes;
2777 2452 2940 2508 quam
2964 2447 3083 2499 tam
3108 2440 3178 2501 de
3205 2440 3374 2512 ipsius
3396 2444 3561 2501 etiam
3583 2448 3687 2504 tibi
3710 2450 3866 2507 tioni-

2266 2538 2398 2595 tate,
2430 2545 2594 2600 quam
2622 2532 2692 2588 de
2734 2532 2876 2603 ipso,
2913 2531 3067 2604 cujus
3098 2534 3323 2605 spiritus
3352 2546 3457 2604 est,
3488 2538 3605 2596 Deo
3649 2542 3868 2603 Christo

2265 2621 2620 2692 largissimam
2645 2623 2829 2691 habet,
2856 2624 3069 2685 veniam
3101 2626 3197 2685 tibi
3218 2627 3521 2697 polliceris;
3550 2641 3609 2686 et
3638 2631 3867 2692 “diter

2263 2712 2417 2770 facis.
2452 2713 2649 2775 Verum
2692 2728 2796 2784 ego
2834 2715 2922 2773 vel
2950 2724 3060 2787 tam
3089 2717 3337 2775 timidum
3362 2734 3453 2779 me
3476 2721 3616 2780 vitio
3643 2723 3865 2782 inﬁrmi-

2267 2807 2396 2863 tatis
2422 2821 2579 2874 ωδε,
2610 2808 2696 2863 vel
2718 2816 2830 2867 tam
2857 2809 3082 2866 nimium
3110 2812 3313 2869 amoris
3340 2812 3416 2868 tui
3444 2813 3642 2871 fateor.
3682 2827 3745 2872 ut
3770 2835 3865 2890 pro

2269 2908 2325 2955 te
2352 2899 2521 2957 etiam
2550 2907 2666 2956 tuta
2695 2900 2952 2972 timeam:
2983 2910 3042 2957 et
3062 2902 3196 2960 dum
3223 2903 3280 2959 in
3306 2905 3454 2960 omni
3479 2916 3675 2966 sancto
3698 2911 3863 2967 abuti-

2262 2991 2395 3053 dare
2416 2991 2513 3049 tibi
2532 2991 2761 3060 gratiam
2791 2991 2995 3049 Christi
3022 2993 3203 3063 cupio,
3234 2994 3402 3051 nolim
3432 3004 3487 3051 te
3515 2997 3569 3052 iu
3596 3012 3672 3055 eo
3700 3002 3864 3071 potis-

2264 3082 2479 3149 simum,
2510 3082 2568 3141 in
2588 3097 2698 3152 quo
2719 3083 2817 3140 Dei
2840 3084 3041 3144 caritas
3058 3093 3144 3142 est
3165 3085 3388 3159 insignis
3413 3096 3471 3145 et
3495 3090 3772 3157 emittm
3794 3095 3865 3151 la.

2262 3173 2444 3245 pidem
2474 3172 2788 3231 oll‘eusionis
2813 3176 3109 3233 incurrere.
3139 3175 3267 3236 Scio
3294 3179 3533 3249 quiderm
3562 3186 3865 3251 modum

2186 3235 2235 3302 C
2262 3235 2479 3325 divitias
2520 3267 2779 3325 bonitatis
2823 3268 2953 3337 Dei,
2978 3258 3040 3325 et
3064 3270 3122 3326 in
3418 3235 3543 3331 m3
3566 3235 3865 3335 Elige:

2262 3374 2419 3417 scera
2448 3358 2666 3430 pietatis
2685 3358 2910 3417 allluere
2941 3377 2954 3415 :
2984 3360 3085 3416 sed
3112 3369 3192 3429 tu,
3215 3377 3426 3433 quaeso,
3456 3364 3561 3421 hoc
3584 3381 3715 3423 eum
3744 3385 3865 3427 tua»

2260 3453 2344 3521 gis
2377 3451 2572 3522 diligas
2599 3460 2658 3509 et
2692 3453 2910 3522 “meas,
2936 3468 3047 3524 quo
3066 3455 3261 3517 melior
3281 3463 3366 3512 est
3388 3465 3449 3512 et
3474 3457 3860 3529 indulgentior.

2260 3543 2513 3615 Magnam
2540 3545 2638 3602 tibi
2665 3544 2790 3603 talis
2828 3544 3065 3604 formido
3090 3549 3397 3605 mercedem
3424 3552 3625 3621 pariet,
3654 3564 3717 3609 ut
3742 3556 3865 3613 hinc

2260 3638 2546 3696 sollicitior
2583 3639 2680 3708 sis,
2703 3639 2848 3696 unde
2892 3647 3051 3711 potos
3094 3656 3217 3698 esse
3254 3644 3500 3705 securior
3535 3663 3549 3698 :
3584 3645 3643 3701 id
3669 3656 3779 3715 est,
3810 3656 3863 3704 ut

2259 3738 2414 3788 tanto
2439 3733 2610 3804 magis
2632 3733 2969 3789 carissiinum
2990 3733 3087 3790 Dei
3107 3743 3317 3793 metuas
3336 3735 3635 3803 olendere,
3657 3752 3863 3811 quanto

2258 3823 2527 3895 promtius
2550 3822 2802 3894 dignatur
2826 3824 3107 3895 ignoscere
3138 3844 3151 3880 :
3183 3827 3310 3897 quia
3339 3827 3551 3899 majore
3576 3831 3863 3902 impietate

2258 3916 2471 3972 laeditur
2492 3958 2507 3984 ,
2538 3917 2632 3987 qui
2657 3918 2831 3974 nescit
2869 3916 3102 3987 offendi;
3133 3927 3190 3975 et
3230 3921 3447 3989 gravius
3484 3923 3799 3982 vindicatur
3830 3943 3860 3983 a

2257 4006 2507 4075 Domino,
2550 4008 2645 4079 qui
2693 4025 2804 4065 non
2850 4011 3055 4081 expetit
3081 4011 3359 4068 vindicari.
3392 4013 3638 4086 Confice,
3675 4034 3858 4088 quaeso

2258 4107 2331 4167 te,
2358 4116 2576 4158 causam
2602 4102 2759 4159 istam
2778 4111 2977 4161 mutuae
2999 4103 3195 4161 adectu
3214 4102 3356 4175 ﬁdei,
3375 4116 3431 4164 et
3446 4109 3572 4165 vide
3590 4111 3642 4167 si
3659 4113 3859 4172 debeas

2257 4204 2351 4252 aut
2376 4196 2583 4254 validus
2603 4212 2887 4265 excusare,
2919 4206 3014 4253 aut
3036 4197 3279 4255 inﬁrmus
3303 4199 3568 4258 diﬂidere.
3592 4202 3858 4263 Dominus

2256 4291 2401 4346 enim
2428 4299 2613 4348 noster
2637 4291 2918 4361 proximus
2943 4291 3145 4363 ubique
3174 4293 3329 4349 nobis
3354 4302 3437 4351 est
3471 4303 3518 4361 ',
3549 4296 3648 4369 qui
3676 4297 3809 4354 dicit
3840 4318 3853 4354 :

2258 4380 2329 4452 (ε)
2372 4379 2438 4435 In
2467 4384 2608 4437 omni
2635 4383 2770 4452 loco,
2794 4382 2918 4438 dum
2952 4383 3121 4438 adhuc
3149 4384 3392 4457 loqueris,
3421 4401 3538 4441 ecce
3566 4388 3759 4444 “sum
3790 4390 3810 4428 ί
3836 4407 3851 4457 ς

2256 4483 2311 4529 et
2338 4474 2456 4529 ait:
2491 4472 2681 4529 Omnia
2709 4477 2976 4543 possibilia
2996 4477 3223 4532 credenti
3246 4486 3293 4534 ε.

628 5308 654 5399 ς
679 5314 838 5399 τοδε.
863 5314 954 5399 ιιιζ
976 5297 1123 5399 ἔξω
1148 5299 1350 5399 {ima};
1393 5319 1555 5372 cxvu,
1598 5305 1684 5362 l8.
1767 5319 1789 5349 ο
1813 5308 1955 5369 Psal.
1980 5329 2127 5382 uti,
2153 5324 2159 5363 4

2318 5308 2344 5349 ἀ
2376 5309 2516 5367 Psal.
2546 5324 2723 5377 eam,
2755 5310 2809 5366 5.
2889 5322 2915 5353 ο
2954 5310 3083 5372 Luc.
3116 5332 3173 5386 x,
3202 5315 3293 5373 56.
3374 5316 3395 5359 ί
3435 5317 3560 5379 lsai.
3606 5339 3760 5395 arm,
3791 5328 3838 5399 Θ,

553 5385 662 5428 sec.
687 5369 849 5433 LXX.
929 5380 953 5419 Β
976 5369 1142 5429 Marc.
1173 5386 1249 5445 rx,
1279 5371 1368 5437 22.

621 5546 808 5629 (arti.
840 5562 944 5629 ms.
976 5545 1110 5618 Reg.
1140 5554 1196 5604 ot
1221 5547 1352 5607 edit.
1378 5546 1571 5607 δάιοι.
1627 5560 1689 5610 ta
1719 5562 1776 5611 et
1802 5555 1929 5613 alibi
1956 5556 2136 5614 Pauii~

556 5618 674 5678 nus.
701 5618 868 5682 Alias,
889 5627 1103 5689 tempus.

624 5705 700 5778 (b)
719 5704 1235 5786 §ic‘Tertullianus,
1279 5709 1481 5770 Bonum
1521 5723 1599 5771 est
1637 5732 1848 5786 sperare
1874 5720 1930 5775 in
1959 5720 2141 5778 Domi-

552 5774 697 5845 num,
719 5774 859 5837 Psal.
885 5792 1046 5845 cxvn,
1079 5778 1113 5834 9

2248 5811 2351 5868 opu

2410 5550 2489 5648 ita
2508 5567 2609 5648 ms.
2624 5551 2758 5625 Reg.
2781 5569 2905 5648 eum
2925 5556 3247 5635 quibusdam
3266 5560 3443 5628 editis.
3458 5562 3594 5648 Vide
3613 5575 3735 5633 not.
3756 5565 3813 5636 ᾗ
3843 5610 3863 5641 ,

2322 5639 2401 5715 (α)
2432 5638 2694 5725 Latinius,
2724 5644 2834 5709 sed.

2323 5728 2395 5854 Erl
3080 5739 3391 5810 πνείων
3420 5759 3525 5802 πιθα
3569 5749 3852 5820 κινδα-
