4078 6352
589 418 695 477 239

1713 413 1767 470 S.
1810 411 2080 470 PAULINI
2118 411 2365 469 NOLANI
2402 410 2701 469 EPISCOPI

3759 419 3865 477 240

591 540 725 594 timo
753 533 899 592 orbis
925 531 1127 599 eduxit,
1155 515 1210 587 et
1237 528 1440 586 clarum
1472 526 1647 601 fulgur
1686 530 1739 583 in
1781 530 2006 597 pluviam
2034 529 2168 584 ube-
2197 533 2247 590 Α
2275 536 2536 582 temerata
2565 527 2844 595 virginitas
2876 541 2928 581 .n
2955 528 3095 583 sacri
3134 529 3377 600 corporis
3404 531 3607 602 templo
3629 537 3783 587 tenet
3805 539 3871 587 ut

592 643 707 683 rem
735 626 872 697 fecit.
905 623 1052 679 Sicut
1076 631 1215 675 terra
1242 619 1476 673 Zabulon
1505 618 1772 687 quondam
1813 628 1861 672 et
1894 617 2166 688 Nep/tt/ta-

593 719 702 782 lim,
734 733 816 771 uta
841 715 1002 768 maris
1038 720 1182 768 trans
1221 709 1503 766 Jordanem
1543 708 1796 773 Galilww,
1835 718 1884 763 et
1905 711 1994 779 qui
2019 708 2169 763 sede-

591 807 719 859 bant
745 806 800 858 in
851 803 1056 871 regione
1099 801 1294 854 umbra:
1339 801 1540 865 mortis,
1572 798 1734 852 lucem
1771 798 2008 852 viderunt
2054 814 2170 851 ma-

591 903 789 969 gnam“
823 911 836 946 :
868 893 940 947 ita
969 900 1024 948 et
1043 903 1185 946 nunc
1215 891 1268 945 in
1295 899 1440 946 terra
1468 889 1796 946 Morinorum
1819 889 1914 958 (V.
1939 897 2052 945 not.
2075 887 2168 958 57)

588 987 698 1042 situ
725 985 871 1041 orbis
899 992 1138 1040 extrema
1162 1025 1177 1050 ,
1207 997 1369 1052 quam
1397 982 1637 1036 barbaris
1663 979 1910 1036 ﬂuctibus
1938 980 2173 1036 fremens

589 1077 770 1132 tundit
791 1075 1054 1143 Oceanus,
1087 1075 1325 1144 gentium
1365 1074 1548 1144 populi
1581 1080 1930 1140 remotarum,
1967 1072 2060 1141 qui
2087 1087 2172 1128 se-

589 1167 793 1224 debant
819 1167 873 1221 in
898 1167 1136 1232 latebris,
1156 1167 1239 1220 via
1263 1166 1425 1220 maris
1447 1179 1671 1220 arenosa
1693 1173 1842 1219 extra
1862 1161 2170 1228 Iordanem,

591 1266 880 1328 antequam
908 1258 1316 1326 pinguescerent
1346 1253 1476 1310 ﬁnes
1501 1257 1522 1288 ⁸
1550 1255 1746 1310 deserti
1785 1255 1839 1308 in
1879 1268 1943 1308 ea
1973 1252 2022 1319 ι),
2054 1260 2173 1307 orta

591 1349 694 1406 sibi
722 1363 818 1418 per
849 1355 992 1402 tuam
1022 1346 1358 1402 sanctitatem
1389 1360 1418 1399 a
1455 1345 1684 1400 Domino
1712 1345 1830 1399 luce
1858 1343 2170 1412 gaudentes,

591 1438 755 1496 corda
781 1452 971 1508 aspera
999 1440 1018 1470 ⁹
1044 1436 1257 1491 Christo
1286 1436 1518 1492 intrante
1555 1443 1851 1506 posuerunt
1877 1437 1951 1506 (id
1977 1443 2054 1489 est
2081 1435 2176 1490 de-

591 1529 951 1600 posuerunt).
983 1525 1082 1582 Ubi
1110 1527 1382 1595 quondam
1411 1526 1627 1582 deserta
1654 1526 1908 1581 silvarum
1936 1540 1999 1579 ac
2028 1525 2177 1580 litto-

589 1632 710 1674 rum
738 1617 939 1687 pariter
966 1616 1044 1687 (a)
1071 1617 1244 1670 intuta
1289 1615 1506 1670 advenae
1546 1616 1762 1670 barbari
1807 1624 1899 1669 aut
1939 1615 2178 1670 latrones

591 1708 783 1764 incolae
811 1707 1257 1777 frequentabant,
1287 1723 1431 1762 nunc
1471 1709 1805 1763 venerabiles
1852 1716 1908 1763 et
1952 1707 2178 1777 angelici

591 1806 900 1854 sanctorum
925 1797 1076 1852 chori
1105 1796 1286 1862 urbes,
1306 1796 1523 1867 oppida,
1555 1797 1773 1863 insulas,
1795 1797 1976 1863 silvas,
1999 1797 2176 1852 eccle-

2272 619 2326 672 in
2367 619 2662 673 visceribus
2691 618 2896 688 pudicis
2927 620 3281 688 requiescenti
3305 621 3578 678 "Christo
3619 623 3870 692 hospites

2273 706 2454 762 iaciat.
2474 707 2580 762 Nec
2608 707 2816 763 minore
2844 708 3063 764 eosdem
3087 709 3366 766 voluntate
3388 713 3431 744 ¹⁸
3461 712 3664 767 sanctis
3692 713 3869 782 operi-

2273 797 2374 853 bus
2397 805 2452 853 et
2481 798 2572 868 pio
2599 797 2902 852 ministratu
2933 798 3314 868 inexpugnata,
3345 810 3512 856 noctu
3553 801 3759 872 diuque
3785 804 3867 857 fa-

2274 890 2590 944 mulantium
2618 887 2900 944 viduarum
2928 891 3101 959 pascit
3125 890 3420 960 integritas,
3444 891 3531 946 vel
3560 890 3872 960 subjugato-

2275 997 2393 1036 rum
2423 981 2534 1036 Deo
2565 981 2852 1050 conjugum
2892 996 3088 1037 arcana
3117 984 3479 1052 germanitas;
3507 999 3630 1052 quas
3659 985 3866 1040 oratio-

2276 1074 2432 1129 nibus
2465 1073 2662 1129 sedulis
2709 1073 2886 1128 laetum
2924 1074 2976 1129 in
3025 1075 3276 1145 operibus
3322 1075 3434 1130 suis
3479 1076 3756 1131 Christum
3803 1077 3869 1130 ad

2275 1163 2635 1218 visitationem
2664 1179 2772 1218 non
2795 1163 2909 1232 jam
2949 1165 3209 1219 maritalis
3235 1167 3364 1233 tori,
3395 1148 3488 1222 sed
3516 1167 3745 1222 fraterni
3772 1182 3867 1222 cu-

2277 1255 2399 1310 bilis
2456 1255 2674 1320 invitat;
2727 1271 2850 1310 cum
2899 1257 3077 1325 ipso‘9
3108 1258 3419 1326 sanctisque
3465 1259 3583 1327 ejus
3633 1258 3871 1314 vicissim

2280 1347 2470 1412 mixta,
2492 1346 2776 1401 concubitu
2800 1346 2869 1416 (f)
2891 1347 3150 1403 castitatis
3178 1347 3452 1416 spiritibus
3480 1349 3800 1403 visitantum
3825 1349 3870 1379 ³⁸

2277 1435 2624 1490 immaculato
2652 1450 2837 1490 amore
2865 1436 3225 1491 contunditur.
3258 1437 3408 1492 Nunc
3434 1453 3564 1492 vero
3584 1453 3687 1508 per
3707 1439 3869 1493 inise-

2279 1529 2524 1584 ricordia:
2554 1529 2760 1583 viscera
2789 1528 3120 1592 reficiuntur,
3149 1538 3204 1582 et
3232 1530 3282 1583 in
3315 1529 3434 1583 ﬁliis
3463 1530 3684 1598 pictatis
3712 1537 3869 1598 atque

2275 1619 2496 1687 justitite
2527 1619 2917 1687 conquiescunt
2944 1637 2958 1684 ;
2986 1627 3039 1673 te
3066 1621 3121 1673 in
3149 1619 3398 1674 omnibus
3423 1619 3750 1674 eruditionis
3771 1630 3869 1676 tua:

2283 1709 2404 1764 ﬁliis
2445 1709 2725 1778 diligentes
2748 1751 2762 1776 ,
2792 1717 2848 1764 et
2875 1709 2928 1763 in
2961 1717 3015 1762 te
3041 1709 3315 1763 Christum
3352 1719 3636 1772 amantes,
3672 1725 3738 1765 ac
3776 1725 3870 1780 per

2280 1801 2385 1856 hoc
2407 1800 2630 1855 virtutes
2657 1799 2771 1863 Dei,
2805 1799 2858 1853 id
2885 1808 2968 1854 est
2988 1799 3285 1869 potentiam
3312 1798 3365 1854 in
3393 1797 3611 1854 Christo
3637 1815 3793 1854 suam
3818 1801 3869 1855 in

591 1889 689 1946 siis
716 1896 772 1944 et
798 1887 1136 1942 monasteriis
1163 1887 1322 1956 plebe
1351 1887 1654 1942 numerosis
1675 1928 1691 1954 ,
1724 1902 1857 1957 pace
1885 1887 1960 1958 (ὁ)
1992 1901 2180 1943 conso-
2210 1905 2260 1966 Β
2284 1901 2377 1946 tua
2416 1892 2754 1963 potissimum
2792 1892 3008 1947 civitate
3027 1933 3041 1957 ,
3074 1899 3132 1945 ut
3167 1899 3474 1946 consortem
3503 1900 3558 1947 te
3600 1907 3764 1947 suum
3792 1901 3872 1948 te—

596 1983 682 2039 nis
709 1982 1002 2038 celebrant.
1033 1981 1190 2048 Quod
1215 1995 1543 2050 quamquam
1583 1982 1636 2036 in
1666 1982 1830 2037 totius
1857 1981 2041 2037 Galliae
2080 1998 2182 2054 po-

591 2077 732 2148 pulis
751 2083 807 2131 et
826 2076 1022 2145 ubique
1035 2075 1074 2106 ιο
1097 2074 1333 2143 gentium
1353 2073 1595 2130 Christus
1614 2075 1986 2144 operetur,qui
2009 2083 2182 2130 totum

593 2169 781 2226 orbem
824 2169 1006 2222 circuit
1049 2184 1281 2239 quwrens
1327 2168 1509 2239 dignos
1541 2184 1614 2234 se,
1645 2178 1694 2222 et
1721 2185 1812 2238 per
1839 2171 2078 2224 nationes
2124 2171 2180 2222 in

596 2262 802 2316 animas
825 2270 1033 2316 sanctas
1056 2277 1112 2314 se
1133 2261 1379 2331 transfert
1413 2270 1456 2322 ο,
1488 2268 1536 2313 et
1563 2259 1736 2318 inviis
1770 2260 1840 2330 (ε)
1869 2260 2181 2315 directionis

591 2352 810 2409 ostendit
857 2368 912 2406 se
954 2351 1226 2415 hilariter,
1272 2358 1321 2403 et
1360 2350 1500 2404 omni
1533 2349 1854 2419 providentia
1902 2351 2124 2404 occurrit
2149 2348 2178 2387 ἀ

592 2440 923 2496 amatoribus
951 2439 1059 2494 suis
1093 2457 1106 2491 :
1139 2447 1320 2492 tamen
1360 2438 1415 2492 in
1451 2437 1811 2493 remotissimo
1836 2437 2047 2492 Nervuci
2077 2437 2176 2509 (V.

590 2539 706 2586 not.
737 2529 850 2599 58)
879 2529 1076 2584 littoris
1122 2536 1313 2595 tractu,
1343 2542 1502 2596 quem
1533 2529 1680 2583 tenui
1719 2528 1947 2584 antehac
1984 2529 2179 2598 spiritu

591 2621 723 2677 fides
749 2622 992 2677 veritatis
1019 2618 1314 2683 alllaverat,
1345 2628 1400 2674 et
1430 2617 1642 2691 (Latin.
1673 2621 1805 2690 forte
1835 2619 1926 2689 te)
1954 2619 2177 2688 potissi-

589 2729 735 2768 mum
766 2713 819 2767 in
841 2729 934 2767 vas
952 2715 989 2744 ¹¹
1015 2712 1294 2768 electionis
1324 2713 1612 2782 excerpsit,
1643 2713 1696 2766 in
1726 2720 1779 2767 te
1803 2711 1880 2782 (ά)
1910 2727 2080 2782 prima
2101 2727 2182 2768 re.

590 2803 737 2858 fulsit
765 2803 978 2869 clarius,
1011 2803 1233 2858 incaluit
1260 2803 1555 2871 ardentius,
1577 2812 1630 2858 et
1652 2804 1872 2873 propius
1892 2804 2173 2874 apparuit;

591 2902 646 2949 et
669 2893 721 2946 in
749 2907 856 2961 quo
885 2893 1242 2948 sanctilicaret
1271 2893 1379 2947 illic
1403 2907 1598 2947 nomen
1623 2908 1800 2961 suum,
1822 2902 1877 2949 et
1904 2909 2003 2963 per
2023 2896 2177 2964 cujus

589 2997 787 3039 nomen
808 2984 968 3038 etiam
993 2984 1122 3038 solis
1143 2983 1211 3037 ab
1241 2997 1438 3037 occasu
1461 2984 1514 3037 in
1541 2997 1756 3038 omnem
1785 2991 1984 3038 terram
2009 2999 2179 3042 sonus

591 3075 709 3145 ejus
729 3077 923 3140 exiret,
951 3077 1204 3130 assumsit
1227 3086 1268 3128 ε.

659 3167 711 3222 5.
754 3168 992 3236 Denique
1020 3183 1162 3221 nunc
1183 3166 1540 3236 Rotomagum
1571 3168 1611 3199 “
1642 3174 1696 3222 et
1723 3168 1912 3224 vicinis
1940 3177 2066 3226 ante
2088 3185 2177 3226 re-

2285 1990 2514 2047 stentur,
2537 1990 2841 2053 operantes.

2357 2072 2410 2126 6.
2452 2071 2633 2126 Gratia
2663 2071 2738 2126 illi
2767 2080 2822 2126 et
2845 2071 3034 2140 gloria,
3066 2072 3158 2140 qui
3173 2085 3335 2141 opera
3364 2085 3624 2126 manuum
3652 2087 3868 2128 suarum

2288 2181 2395 2218 non
2425 2165 2680 2219 omittens
2706 2179 2907 2218 omnem
2935 2165 3191 2218 hominem
3219 2163 3324 2217 vult
3346 2163 3542 2218 salvum
3572 2165 3713 2234 ﬁeri,
3745 2175 3793 2219 et
3817 2167 3867 2218 in

2285 2258 2600 2327 agnitionem
2620 2258 2846 2312 veritatis
2866 2258 3037 2311 venire
3059 2254 3108 2322 λς
3137 2265 3192 2312 et
3213 2257 3434 2327 pedibus
3453 2255 3736 2327 Evangelii
3761 2267 3865 2313 toto

2283 2347 2416 2402 orbe
2446 2347 2774 2414 discurrens,
2801 2354 2855 2402 te
2881 2361 3096 2416 quoque
3140 2347 3440 2416 speciosum
3469 2349 3622 2402 verbi
3655 2351 3741 2403 sui
3781 2365 3866 2420 pe-

2283 2438 2405 2492 dem
2437 2437 2633 2503 facere,
2663 2439 2716 2492 in
2743 2453 2850 2507 quo
2879 2438 3160 2493 exsultaret
3191 2447 3246 2491 ut
3281 2439 3424 2510 gigas
3463 2440 3533 2491 ad
3562 2441 3865 2494 currendum

2283 2531 2450 2596 viam,
2478 2538 2533 2584 et
2579 2530 2633 2583 in
2674 2529 3118 2599 przeparationem
3165 2529 3529 2598 evangelicam
3574 2531 3729 2599 pacis
3766 2546 3865 2586 suae

2283 2620 2510 2688 vestigio
2539 2620 2781 2674 calceare
2805 2619 3052 2686 dignatus
3080 2626 3161 2674 est
3187 2617 3230 2686 ί,
3261 2628 3321 2674 ιιι
3347 2634 3444 2689 per
3475 2628 3526 2675 te
3551 2635 3773 2690 quoque
3793 2638 3864 2674 su-

2281 2726 2374 2780 per
2413 2711 2643 2781 aspidem
2673 2719 2723 2764 et
2764 2708 3058 2764 basiliscum
3097 2709 3402 2774 ambularet,
3450 2719 3500 2763 et
3545 2712 3863 2764 conculcaret

2281 2801 2479 2855 leonem
2517 2811 2565 2855 et
2585 2803 2860 2855 draconem
2880 2801 2894 2851 i
2913 2841 2926 2855 .
2958 2802 3034 2856 Ac
3062 2815 3130 2856 ne
3160 2809 3267 2854 tam
3288 2801 3510 2855 illustris
3530 2801 3754 2856 lucerna
3774 2802 3863 2856 sub

2279 2892 2461 2946 modio
2490 2892 2865 2947 taciturnitatis
2888 2893 3114 2948 obscura
3143 2892 3375 2948 latitaret
3399 2892 3447 2956 κ,
3465 2894 3544 2948 sic
3575 2902 3630 2948 te
3655 2903 3862 2963 aposto-

2280 2983 2397 3038 lica:
2424 2984 2564 3038 sedis
2597 2983 2691 3053 (V.
2723 2999 2808 3053 ep.
2836 2983 2892 3052 5,
2924 3000 2979 3038 n.
3010 2984 3062 3055 l)
3085 2995 3270 3040 evectu
3299 2985 3450 3054 quasi
3483 2999 3651 3054 super
3672 2985 3860 3040 cande—

2280 3073 2489 3127 labrum
2536 3074 2762 3130 sublime
2789 3073 3083 3140 Constituit,
3132 3082 3190 3129 ut
3225 3082 3336 3129 tota
3365 3075 3528 3129 domo
3576 3075 3861 3130 multorum

2282 3164 2672 3222 illuminatione
2695 3169 2736 3199 “
2768 3168 2996 3222 luceres.

587 3257 834 3326 gionibus
873 3257 1017 3311 tenui
1061 3257 1278 3310 nomine
1323 3258 1725 3326 pervulgatum,
1778 3260 1831 3312 in
1872 3260 2178 3331 longinquis
2209 3257 2258 3324 C
2358 3257 2410 3309 7.
2453 3256 2558 3311 Sed
2599 3259 2793 3328 quibus
2821 3267 2874 3312 te
2903 3259 3181 3314 itineribus
3209 3259 3276 3314 ad
3302 3259 3444 3313 viam
3471 3275 3580 3314 sua:
3625 3261 3865 3316 veritatis

588 3349 749 3406 etiam
770 3348 1056 3419 provinciis
1080 3347 1344 3403 nominari
1367 3348 1743 3405 venerabiliter
1769 3350 2088 3422 audimus”,
2119 3362 2180 3410 et

588 3441 729 3496 inter
773 3442 933 3496 nrbes
969 3443 1192 3495 sacratis
1221 3440 1354 3497 locis
1391 3441 1598 3496 nobiles
1640 3457 1761 3496 cum
1801 3444 1983 3500 divina
2020 3446 2182 3503 laude

587 3531 874 3584 numerari.
909 3529 1124 3585 Haud“
1154 3530 1457 3586 immerito:
1484 3548 1605 3586 cum
1636 3541 1804 3588 totam
1844 3535 1968 3599 illic,
2000 3539 2180 3606 qualis

589 3619 645 3674 in
673 3619 893 3674 Oriente
941 3629 1290 3685 memoratur,
1324 3621 1628 3678 llierusales
1659 3625 1702 3656 ¹⁸
1730 3624 1919 3680 faciem
1950 3636 2177 3697 aposto-

589 3711 763 3764 lorum
787 3725 1000 3777 quoque
1018 3712 1086 3778 (ε)
1104 3712 1443 3780 prmsentiam
1473 3715 1721 3768 meritum
1742 3723 1844 3768 tum
1873 3717 2176 3772 sanctitatis

591 3799 874 3854 adduxerit
904 3817 916 3851 :
949 3801 1034 3853 cui
1059 3801 1393 3869 peregrinam
1423 3805 1696 3860 memoriis
1719 3807 1829 3862 suis
1858 3809 2064 3871 urbem,
2097 3809 2178 3862 af-

590 3887 732 3944 fectu
759 3896 1063 3943 sanctorum
1097 3889 1380 3959 Spiritunm
1404 3901 1459 3946 et
1487 3892 1679 3948 etl‘ectu
1705 3909 1927 3964 opermn
1959 3896 2174 3952 divino-

588 3997 725 4047 rum,
757 3980 970 4036 sedibus
1009 3982 1118 4036 suis
1147 3992 1485 4051 comparant,
1517 3985 1608 4053 qui
1638 3985 1690 4040 in
1721 3993 1775 4040 te
1795 3987 1979 4057 ipsum
2007 3988 2176 4058 aptis-

586 4072 780 4129 simum
820 4071 920 4126 sibi
964 4070 1316 4126 diversorium
1364 4084 1698 4144 repererunt.
1729 4075 1887 4132 Juvat
1928 4077 2176 4134 videlicet

585 4165 788 4220 amicos
813 4163 908 4218 Dei
939 4172 993 4219 et
1015 4165 1284 4234 principes
1318 4168 1501 4237 populi
1530 4168 1642 4223 veri
1673 4167 1855 4234 lsrael,
1889 4169 1940 4224 id
1965 4178 2046 4225 est
2072 4184 2175 4240 po-

585 4255 694 4324 puli
713 4255 1191 4325 appropinquantis
1206 4257 1305 4311 sibi
1325 4256 1366 4323 ί,
1391 4259 1442 4313 in
1460 4275 1522 4314 ca
1545 4260 1674 4315 urbe
1690 4262 1950 4315 remorari
1965 4262 2176 4332 “100

589 4353 645 4398 et
664 4344 945 4412 cooperari
966 4345 1081 4406 tibi,
1115 4346 1165 4398 in
1187 4361 1294 4414 qua
1316 4362 1435 4401 cum
1466 4351 1668 4416 angelis
1689 4351 1885 4404 sanctis
1915 4352 2173 4404 continua

588 4431 776 4486 diebus
802 4446 865 4485 ac
894 4433 1140 4488 noctibus
1166 4433 1362 4487 Christi
1391 4436 1602 4489 Domini
1623 4439 2000 4505 praedicatione
2027 4439 2172 4492 mul-

587 4529 797 4575 centur.
825 4519 882 4573 In
903 4537 1005 4590 qua
1027 4521 1130 4576 illis
1158 4538 1256 4591 per
1282 4523 1624 4577 devotissima
1647 4524 1880 4580 ﬁdelium
1907 4528 2068 4583 Corda
2091 4529 2166 4583 fa»

2289 3347 2606 3402 adduxit“?
2631 3349 2943 3404 Carnalibus
2971 3349 3166 3405 muniis
3185 3349 3230 3382 “
3251 3350 3316 3403 ad
3344 3350 3598 3420 spiritalia
3624 3366 3738 3405 sua:
3759 3351 3865 3405 vir-

2286 3437 2414 3490 tutis
2436 3436 2739 3503 instituens,
2769 3439 2972 3492 creavit
3000 3439 3464 3507 initio“militem,
3492 3456 3656 3510 quem
3679 3452 3861 3512 postea

2285 3528 2447 3597 elegit
2472 3529 2844 3594 antistitem";
2874 3539 2928 3584 et
2957 3545 3146 3600 passus
3185 3539 3267 3585 est
3292 3531 3522 3586 militare
3550 3541 3607 3586 te
3645 3533 3858 3597 Ctesari,

2284 3626 2342 3672 ut
2383 3618 2493 3673 Deo
2539 3618 2773 3674 disceres
2817 3621 3077 3687 militare;
3120 3630 3182 3676 ut
3220 3621 3345 3676 dum
3380 3623 3566 3678 labore
3607 3628 3862 3681 castrensi

2279 3715 2521 3784 corporis
2547 3715 2710 3770 robur
2728 3717 2775 3748 ’°
2792 3731 3030 3778 exerces,
3060 3717 3384 3787 spiritalibus
3397 3727 3447 3772 te
3472 3719 3676 3788 praeliis
3704 3722 3860 3774 robo-

2279 3809 2426 3861 rar'es
2447 3808 2513 3871 ³⁷,
2538 3804 2858 3862 confessioni
2890 3808 3134 3878 Spiritum
3148 3809 3384 3872 limans,
3409 3817 3461 3864 et
3489 3811 3734 3880 passioni
3757 3826 3863 3865 cor-

2280 3911 2380 3964 pus
2409 3895 2683 3952 indurans.
2709 3895 2862 3964 Quod
2881 3898 3074 3953 divin-.e
3087 3900 3434 3969 providentiae
3453 3901 3599 3956 circa
3621 3910 3677 3956 te
3706 3901 3862 3957 fuisse

2245 4061 2253 4072 '
2278 3987 2562 4041 consilium
2592 3989 2807 4057 ingens,
2839 3999 3025 4059 postea
3051 3991 3226 4046 exitus
3256 3999 3380 4047 tuus
3408 4007 3438 4046 a
3467 3993 3682 4057 militia,
3713 4002 3770 4049 et
3793 3997 3863 4048 in-

2278 4091 2494 4146 gresws
2533 4079 2602 4133 ad
2639 4078 2796 4134 ﬁdem
2837 4080 3037 4136 docuit.
3075 4080 3210 4137 Cum
3247 4085 3421 4153 primo
3449 4083 3650 4140 Christi
3679 4100 3862 4142 amore

2277 4183 2568 4224 succensus
2589 4209 2604 4235 ,
2636 4169 2917 4226 ordinante
2947 4173 3062 4241 ipso
3091 4172 3319 4229 Domino
3343 4213 3358 4238 ,
3390 4174 3684 4243 quamdam
3731 4191 3863 4246 ope-

2278 4259 2350 4313 ris
2375 4259 2450 4329 (g)
2482 4260 2590 4313 suis
2623 4261 2773 4331 ιοι
2803 4276 3071 4331 pompam,
3101 4277 3198 4332 per
3219 4264 3476 4332 insignem
3505 4266 3740 4321 concilio
3771 4267 3864 4320 mi-

2277 4349 2418 4402 litari
2440 4349 2581 4404 diem
2607 4365 2920 4420 progressus
2964 4353 3017 4406 in
3045 4368 3291 4424 campum
3321 4371 3399 4421 es,
3431 4364 3546 4410 toto
3575 4357 3669 4412 illo
3700 4374 3860 4428 quem

2273 4440 2386 4506 jam
2427 4448 2606 4496 mente
2633 4457 2914 4513 respueras
2937 4485 2952 4510 ,
2981 4447 3330 4501 muniminum
3359 4448 3679 4504 bellicorum
3721 4467 3860 4520 pne-

2279 4530 2483 4585 cinctus
2529 4542 2758 4599 ornatu;
2807 4537 3116 4608 cunctisque
3157 4541 3471 4595 mirantibus
3514 4545 3861 4599 accuratissi-

590 4609 881 4702 mulorum,
925 4611 1168 4678 plurimm
1212 4613 1434 4666 virtutes
1473 4614 1658 4667 amicae
1696 4624 1903 4682 gratam
1932 4620 2174 4688 requiem
2199 4609 2252 4670 D
2277 4637 2398 4678 mos
2426 4622 2479 4677 in
2505 4630 2560 4678 te
2589 4623 2798 4683 habitus
2819 4641 2880 4682 ac
2903 4629 3166 4684 terribiles
3188 4639 3494 4700 apparatus,
3512 4642 3743 4702 repente
3767 4636 3863 4688 ob-

589 4708 646 4756 et
673 4699 930 4754 familiare
958 4708 1228 4755 metantur
1252 4702 1562 4771 hospitium.
1598 4703 1697 4760 Ubi
1739 4708 2050 4777 quotidiano
2079 4727 2168 4767 sa-

588 4789 800 4859 pienter
825 4788 1166 4860 psallentium
1189 4799 1214 4836 8
1237 4805 1334 4858 per
1361 4789 1668 4859 frequentes
1694 4796 1946 4852 ecclesias
1973 4805 2027 4852 et
2052 4815 2169 4856 mo-

590 4879 821 4935 nasteria
861 4887 1068 4936 secreta
1096 4888 1378 4949 concentu,
1411 4883 1723 4941 castissimis
1749 4887 1928 4942 ovium
1959 4897 2168 4946 tuarum

589 4980 646 5026 et
673 4973 922 5028 cordibus
949 4972 1284 5028 delectantur
1309 4984 1363 5029 et
1391 4976 1632 5031 vocibus.
1665 4977 1732 5031 Et
1760 4995 1901 5035 nunc
1939 4981 2059 5036 illos
2087 4983 2168 5036 in-

663 5102 820 5177 ﬂlsgi.
845 5103 964 5177 tx,i
987 5102 1436 5177 ;Ma_tth._xtv,15.
1487 5105 1513 5143 ι)
1537 5105 1675 5163 Psal.
1698 5111 1932 5173 Lxrv,i3.

590 5172 677 5227 M.
703 5173 882 5228 8Psal.
915 5190 1059 5237 XLVI,
1090 5173 1141 5226 8.
1209 5172 1270 5228 hi
1298 5175 1433 5230 Tim.
1462 5192 1516 5243 η,
1541 5177 1593 5231 4.

658 5305 737 5376 (a)
768 5303 865 5376 Ms.
894 5305 1110 5376 Regaet
1133 5305 1260 5359 edit.
1293 5305 1424 5361 Bab.
1458 5316 1512 5362 et
1543 5308 1728 5373 Grav.,
1759 5313 1813 5364 in
1846 5319 1970 5365 tota.

659 5375 734 5452 _(_b)
766 5375 855 5430 Sic
882 5391 979 5430 ms.
1014 5375 1328 5430 Viennensis
1357 5376 1566 5434 favente
1611 5396 1712 5435 ms.
1745 5381 1928 5436 codice
1971 5381 2158 5452 Regio.

588 5444 722 5513 Alii,
740 5461 987 5500 consona.

660 5517 728 5584 (ε)
757 5514 812 5568 1η
838 5518 1153 5584 quibusdam
1184 5519 1364 5573 Bibliis
1394 5518 1585 5584 legitur
1614 5522 1736 5582 suis,
1759 5521 1810 5574 in
1842 5521 2038 5575 nostris
2069 5537 2160 5577 co-

589 5582 790 5638 dicibus
814 5582 1126 5642 directionis.

661 5654 738 5728 (tl)
756 5654 860 5728 _Ms.
892 5658 1066 5724 Vicn.,
1097 5659 1282 5728 primo.

655 5723 726 5804 (ε)
756 5723 829 5778 Ita
861 5743 955 5782 ms.
977 5723 1124 5782 Victi.
1150 5729 1320 5784 codex
1348 5734 1402 5782 et
1432 5726 1688 5781 Latinius.
1723 5727 1860 5783 Ante
1885 5738 1999 5784 erat
2020 5747 2152 5799 pra:-

590 5805 768 5849 δεηιια.

2018 5112 2381 5185 tsap.vn,27.
2458 5117 2482 5154 ἀ
2497 5119 2623 5185 Sap.
2651 5137 2717 5185 γι,
2753 5122 2838 5177 17,

1677 5177 1838 5234 ίιεειί.
1869 5197 1959 5246 ιιι,
1993 5183 2052 5248 7;
2085 5177 2174 5240 Ro]

2278 5202 2321 5251 ς,
2347 5185 2446 5254 is;
2479 5177 2618 5245 Psal.
2650 5177 2798 5260 κύω,
2821 5193 2873 5247 6.
2953 5195 2966 5245 i
2999 5177 3152 5250 iisan?
3170 5177 3270 5264 £6}
3289 5177 3374 5254 is.
3451 5177 3485 5238 ἱ
3500 5177 3863 5270 indixi

2278 4715 2577 4784 stupefacto
2622 4732 2911 4774 conversus
2941 4721 3018 4790 (h)
3047 4723 3286 4778 exercitu
3309 4765 3324 4790 ,
3355 4731 3482 4779 ante
3500 4724 3666 4793 pedes
3693 4727 3865 4782 sacri-

2279 4806 2384 4875 legi
2416 4808 2613 4863 tribuni
2642 4811 2844 4866 militiae
2871 4824 3200 4870 sacramenta
3233 4817 3294 4886 (i)
3325 4826 3656 4886 permutans,
3710 4836 3863 4875 arma

2275 4897 2548 4966 sanguinis
2571 4899 2833 4969 abjecisti,
2860 4911 2920 4958 ut
2939 4919 3086 4958 arma
3105 4908 3253 4974 pacis
3281 4907 3581 4973 induentes,
3613 4919 3864 4966 contem-

2274 5000 2409 5042 nens
2453 4989 2648 5044 armari
2693 4990 2873 5056 ferro,
2906 4993 2970 5063 (j)
3009 4995 3133 5060 quia
3162 4997 3454 5051 armabaris
3500 4996 3743 5054 Christo.
3801 5000 3864 5054 Et

2917 5123 3270 5202 (‘Psah‘xvnn
3292 5129 3351 5202 5ἐ
3427 5129 3604 5202 {Psal.
3631 5149 3864 5202 cxmn,

2342 5317 2412 5456 ff)
2452 5317 2549 5374 Ms.
2584 5319 2762 5387 Vien.,
2789 5325 3039 5403 castita...
3072 5329 3417 5399 conjungimr.

2366 5388 2419 5456 g)
2445 5387 2578 5442 Edd.
2612 5389 2664 5453 2,
2697 5407 2864 5456 operis
2892 5396 2991 5447 sui.
3020 5393 3256 5456 Utraque
3293 5399 3415 5455 lecti

2366 5388 2419 5466 _g)
2445 5387 2578 5466 Edd.
2612 5389 2664 5453 2,
2697 5394 2864 5460 operis
2892 5396 2991 5447 sui.
3020 5387 3451 5466 Utraquevlectio
3479 5401 3638 5457 bona.
3665 5405 3860 5461 Altera

2268 5459 2448 5511 verior
2484 5459 2595 5511 visa
2625 5469 2723 5514 est.

2454 5525 3120 5608 lilssxcathedr._ecclesi:c
3157 5537 3436 5608 Rotomag.
3469 5549 3524 5594 et
3549 5543 3861 5608 collegiate

2267 5594 2321 5673 ξ.
2357 5594 2539 5649 Mariae
2563 5597 2628 5651 de
2661 5598 2903 5673 Retanda
2945 5603 3225 5673 Rotntnag.
3273 5594 3479 5664 necabit
3510 5594 3858 5670 Breviaihriuit;

2267 5663 2553 5732 Rotomag.
2580 5681 2666 5720 an.
2693 5668 2819 5722 1491
2854 5673 3052 5728 habent
3080 5663 3343 5733 exercitui.

2339 5735 2403 5803 (i)
2443 5732 2608 5789 iidem
2639 5739 2869 5800 codices,
2901 5754 3124 5799 mutans.

2339 5805 2404 5874 (Ι)
2429 5805 2652 5860 Codices
2682 5809 2858 5872 iidem,
2892 5814 2995 5881 qui,
