  <div class='ocr_page' id='page_1' title='image "/cluster/home/n/w/nwhite01/storage/ocr_20150623/61/hvd.32044004824777/126.png"; bbox 0 0 4078 6352; ppageno 0'>
   <div class='ocr_carea' id='block_1_1' title="bbox 250 316 345 372">
    <p class='ocr_par' dir='ltr' id='par_1_1' title="bbox 250 316 345 372">
     <span class='ocr_line' id='line_1_1' title="bbox 250 316 345 372; baseline -0.042 0"><span class='ocrx_word' id='word_1_1' title='bbox 250 316 345 372; x_wconf 67' lang='grc'><strong>241</strong></span> 
     </span>
    </p>
   </div>
   <div class='ocr_carea' id='block_1_2' title="bbox 1641 309 2152 368">
    <p class='ocr_par' dir='ltr' id='par_1_2' title="bbox 1641 309 2152 368">
     <span class='ocr_line' id='line_1_2' title="bbox 1641 309 2152 368; baseline 0.004 -2"><span class='ocrx_word' id='word_1_2' title='bbox 1641 309 1979 368; x_wconf 80' lang='lat' dir='ltr'><strong>EPISTOLA</strong></span> <span class='ocrx_word' id='word_1_3' title='bbox 2023 310 2152 368; x_wconf 76' lang='lat' dir='ltr'><strong>XIX.</strong></span> 
     </span>
    </p>
   </div>
   <div class='ocr_carea' id='block_1_3' title="bbox 3423 323 3527 382">
    <p class='ocr_par' dir='ltr' id='par_1_3' title="bbox 3423 323 3527 382">
     <span class='ocr_line' id='line_1_3' title="bbox 3423 323 3527 382; baseline -0.019 0"><span class='ocrx_word' id='word_1_4' title='bbox 3423 323 3527 382; x_wconf 70' lang='grc'><strong>242</strong></span> 
     </span>
    </p>
   </div>
   <div class='ocr_carea' id='block_1_4' title="bbox 247 429 3525 504">
    <p class='ocr_par' dir='ltr' id='par_1_4' title="bbox 247 429 3525 504">
     <span class='ocr_line' id='line_1_4' title="bbox 247 429 3525 504; baseline 0.002 -13"><span class='ocrx_word' id='word_1_5' title='bbox 247 437 393 492; x_wconf 83' lang='lat' dir='ltr'><strong>illico</strong></span> <span class='ocrx_word' id='word_1_6' title='bbox 419 433 626 503; x_wconf 92' lang='lat' dir='ltr'><strong>antiqui</strong></span> <span class='ocrx_word' id='word_1_7' title='bbox 653 433 919 504; x_wconf 75' lang='lat' dir='ltr'><strong>serpentis</strong></span> <span class='ocrx_word' id='word_1_8' title='bbox 945 431 1041 503; x_wconf 85' lang='lat' dir='ltr'><strong>(V.</strong></span> <span class='ocrx_word' id='word_1_9' title='bbox 1065 440 1178 488; x_wconf 89' lang='lat' dir='ltr'><strong>not.</strong></span> <span class='ocrx_word' id='word_1_10' title='bbox 1198 429 1287 502; x_wconf 72' lang='lat'><strong>59)</strong></span> <span class='ocrx_word' id='word_1_11' title='bbox 1317 429 1513 486; x_wconf 84' lang='lat' dir='ltr'><strong>invidia</strong></span> <span class='ocrx_word' id='word_1_12' title='bbox 1555 429 1830 484; x_wconf 90' lang='lat' dir='ltr'><strong>concitato</strong></span> <span class='ocrx_word' id='word_1_13' title='bbox 1858 430 1910 490; x_wconf 83' lang='lat' dir='ltr'><strong>A</strong></span> <span class='ocrx_word' id='word_1_14' title='bbox 1934 445 2214 500; x_wconf 88' lang='lat' dir='ltr'><strong>respersus</strong></span> <span class='ocrx_word' id='word_1_15' title='bbox 2242 441 2414 502; x_wconf 81' lang='lat' dir='ltr'><strong>gratia</strong></span> <span class='ocrx_word' id='word_1_16' title='bbox 2455 433 2687 499; x_wconf 91' lang='lat' dir='ltr'><strong>Domini,</strong></span> <span class='ocrx_word' id='word_1_17' title='bbox 2719 450 2838 504; x_wconf 78' lang='lat' dir='ltr'><strong>qua:</strong></span> <span class='ocrx_word' id='word_1_18' title='bbox 2866 434 2933 492; x_wconf 91' lang='lat' dir='ltr'><strong>de</strong></span> <span class='ocrx_word' id='word_1_19' title='bbox 2962 435 3084 493; x_wconf 84' lang='lat' dir='ltr'><strong>fidei</strong></span> <span class='ocrx_word' id='word_1_20' title='bbox 3109 445 3213 494; x_wconf 79' lang='lat' dir='ltr'><strong>tuae</strong></span> <span class='ocrx_word' id='word_1_21' title='bbox 3241 437 3525 497; x_wconf 20' lang='lat' dir='ltr'><strong>abundant-</strong></span> 
     </span>
    </p>
   </div>
   <div class='ocr_carea' id='block_1_5' title="bbox 247 519 1831 589">
    <p class='ocr_par' dir='ltr' id='par_1_5' title="bbox 247 519 1831 589">
     <span class='ocr_line' id='line_1_5' title="bbox 247 519 1831 589; baseline -0.005 -7"><span class='ocrx_word' id='word_1_22' title='bbox 247 543 302 582; x_wconf 89' lang='grc' dir='ltr'><strong>ιιι</strong></span> <span class='ocrx_word' id='word_1_23' title='bbox 331 527 499 582; x_wconf 82' lang='lat' dir='ltr'><strong>furias</strong></span> <span class='ocrx_word' id='word_1_24' title='bbox 527 526 760 589; x_wconf 89' lang='lat' dir='ltr'><strong>tribuno,</strong></span> <span class='ocrx_word' id='word_1_25' title='bbox 815 524 1090 580; x_wconf 73' lang='lat' dir='ltr'><strong>districtus</strong></span> <span class='ocrx_word' id='word_1_26' title='bbox 1119 523 1172 577; x_wconf 91' lang='lat' dir='ltr'><strong>in</strong></span> <span class='ocrx_word' id='word_1_27' title='bbox 1200 523 1442 586; x_wconf 88' lang='lat' dir='ltr'><strong>verbera,</strong></span> <span class='ocrx_word' id='word_1_28' title='bbox 1475 528 1529 575; x_wconf 92' lang='lat' dir='ltr'><strong>et</strong></span> <span class='ocrx_word' id='word_1_29' title='bbox 1554 521 1722 575; x_wconf 89' lang='lat' dir='ltr'><strong>vastis</strong></span> <span class='ocrx_word' id='word_1_30' title='bbox 1746 519 1831 574; x_wconf 85' lang='lat' dir='ltr'><strong>l‘u-</strong></span> 
     </span>
    </p>
   </div>
   <div class='ocr_carea' id='block_1_6' title="bbox 245 612 1832 685">
    <p class='ocr_par' dir='ltr' id='par_1_6' title="bbox 245 612 1832 685">
     <span class='ocr_line' id='line_1_6' title="bbox 245 612 1832 685; baseline -0.005 -11"><span class='ocrx_word' id='word_1_31' title='bbox 245 619 420 675; x_wconf 86' lang='lat' dir='ltr'><strong>stibus</strong></span> <span class='ocrx_word' id='word_1_32' title='bbox 448 617 670 685; x_wconf 90' lang='lat' dir='ltr'><strong>fractus,</strong></span> <span class='ocrx_word' id='word_1_33' title='bbox 692 631 793 672; x_wconf 91' lang='lat' dir='ltr'><strong>nec</strong></span> <span class='ocrx_word' id='word_1_34' title='bbox 814 625 995 672; x_wconf 88' lang='lat' dir='ltr'><strong>tamen</strong></span> <span class='ocrx_word' id='word_1_35' title='bbox 1026 616 1196 671; x_wconf 91' lang='lat' dir='ltr'><strong>victus</strong></span> <span class='ocrx_word' id='word_1_36' title='bbox 1222 630 1301 679; x_wconf 89' lang='lat' dir='ltr'><strong>es,</strong></span> <span class='ocrx_word' id='word_1_37' title='bbox 1333 613 1459 684; x_wconf 88' lang='lat' dir='ltr'><strong>quia</strong></span> <span class='ocrx_word' id='word_1_38' title='bbox 1482 613 1658 669; x_wconf 89' lang='lat' dir='ltr'><strong>crucis</strong></span> <span class='ocrx_word' id='word_1_39' title='bbox 1685 612 1832 680; x_wconf 87' lang='lat' dir='ltr'><strong>ligno</strong></span> 
     </span>
    </p>
   </div>
   <div class='ocr_carea' id='block_1_7' title="bbox 243 707 1834 778">
    <p class='ocr_par' dir='ltr' id='par_1_7' title="bbox 243 707 1834 778">
     <span class='ocr_line' id='line_1_7' title="bbox 243 707 1834 778; baseline -0.006 -10"><span class='ocrx_word' id='word_1_40' title='bbox 243 709 586 768; x_wconf 80' lang='lat' dir='ltr'><strong>innitebaris.</strong></span> <span class='ocrx_word' id='word_1_41' title='bbox 617 707 1007 778; x_wconf 86' lang='lat' dir='ltr'><strong>Geminataque</strong></span> <span class='ocrx_word' id='word_1_42' title='bbox 1053 723 1180 763; x_wconf 90' lang='lat' dir='ltr'><strong>mox</strong></span> <span class='ocrx_word' id='word_1_43' title='bbox 1219 707 1435 776; x_wconf 82' lang='lat' dir='ltr'><strong>corpori</strong></span> <span class='ocrx_word' id='word_1_44' title='bbox 1463 719 1644 776; x_wconf 73' lang='lat' dir='ltr'><strong>pmna,</strong></span> <span class='ocrx_word' id='word_1_45' title='bbox 1674 711 1834 760; x_wconf 92' lang='lat' dir='ltr'><strong>acuto</strong></span> 
     </span>
    </p>
   </div>
   <div class='ocr_carea' id='block_1_8' title="bbox 245 799 1834 872">
    <p class='ocr_par' dir='ltr' id='par_1_8' title="bbox 245 799 1834 872">
     <span class='ocr_line' id='line_1_8' title="bbox 245 799 1834 872; baseline -0.004 -13"><span class='ocrx_word' id='word_1_46' title='bbox 245 811 510 860; x_wconf 84' lang='lat' dir='ltr'><strong>testarum</strong></span> <span class='ocrx_word' id='word_1_47' title='bbox 541 802 800 872; x_wconf 80' lang='lat' dir='ltr'><strong>fragmine</strong></span> <span class='ocrx_word' id='word_1_48' title='bbox 826 801 1026 856; x_wconf 90' lang='lat' dir='ltr'><strong>laniata</strong></span> <span class='ocrx_word' id='word_1_49' title='bbox 1052 800 1375 856; x_wconf 83' lang='lat' dir='ltr'><strong>immanibus</strong></span> <span class='ocrx_word' id='word_1_50' title='bbox 1399 801 1446 832; x_wconf 79' lang='grc'><strong>⁸⁸</strong></span> <span class='ocrx_word' id='word_1_51' title='bbox 1469 799 1642 870; x_wconf 82' lang='lat' dir='ltr'><strong>plagis</strong></span> <span class='ocrx_word' id='word_1_52' title='bbox 1661 813 1834 854; x_wconf 87' lang='lat' dir='ltr'><strong>mem—</strong></span> 
     </span>
    </p>
   </div>
   <div class='ocr_carea' id='block_1_9' title="bbox 245 890 1833 971">
    <p class='ocr_par' dir='ltr' id='par_1_9' title="bbox 245 890 1833 971">
     <span class='ocr_line' id='line_1_9' title="bbox 245 890 1833 971; baseline -0.005 -16"><span class='ocrx_word' id='word_1_53' title='bbox 245 899 342 955; x_wconf 86' lang='lat' dir='ltr'><strong>bra</strong></span> <span class='ocrx_word' id='word_1_54' title='bbox 374 897 456 971; x_wconf 90' lang='lat' dir='ltr'><strong>(a)</strong></span> <span class='ocrx_word' id='word_1_55' title='bbox 486 897 744 952; x_wconf 89' lang='lat' dir='ltr'><strong>subtritus</strong></span> <span class='ocrx_word' id='word_1_56' title='bbox 771 910 830 952; x_wconf 88' lang='lat' dir='ltr'><strong>es</strong></span> <span class='ocrx_word' id='word_1_57' title='bbox 851 936 867 963; x_wconf 96' lang='lat'><strong>,</strong></span> <span class='ocrx_word' id='word_1_58' title='bbox 901 904 1029 950; x_wconf 92' lang='lat' dir='ltr'><strong>tunc</strong></span> <span class='ocrx_word' id='word_1_59' title='bbox 1074 894 1290 951; x_wconf 92' lang='lat' dir='ltr'><strong>mollius</strong></span> <span class='ocrx_word' id='word_1_60' title='bbox 1320 893 1571 949; x_wconf 88' lang='lat' dir='ltr'><strong>fulciente</strong></span> <span class='ocrx_word' id='word_1_61' title='bbox 1599 890 1833 958; x_wconf 91' lang='lat' dir='ltr'><strong>Christo,</strong></span> 
     </span>
    </p>
   </div>
   <div class='ocr_carea' id='block_1_10' title="bbox 242 987 1837 1060">
    <p class='ocr_par' dir='ltr' id='par_1_10' title="bbox 242 987 1837 1060">
     <span class='ocr_line' id='line_1_10' title="bbox 242 987 1837 1060; baseline -0.003 -15"><span class='ocrx_word' id='word_1_62' title='bbox 242 990 403 1060; x_wconf 89' lang='lat' dir='ltr'><strong>cujus</strong></span> <span class='ocrx_word' id='word_1_63' title='bbox 426 990 522 1045; x_wconf 85' lang='lat' dir='ltr'><strong>tibi</strong></span> <span class='ocrx_word' id='word_1_64' title='bbox 547 989 807 1060; x_wconf 76' lang='lat' dir='ltr'><strong>gremium</strong></span> <span class='ocrx_word' id='word_1_65' title='bbox 837 989 1066 1044; x_wconf 84' lang='lat' dir='ltr'><strong>lectulus</strong></span> <span class='ocrx_word' id='word_1_66' title='bbox 1096 997 1232 1054; x_wconf 90' lang='lat' dir='ltr'><strong>erat,</strong></span> <span class='ocrx_word' id='word_1_67' title='bbox 1261 995 1318 1043; x_wconf 90' lang='lat' dir='ltr'><strong>et</strong></span> <span class='ocrx_word' id='word_1_68' title='bbox 1353 987 1542 1043; x_wconf 90' lang='lat' dir='ltr'><strong>dextra</strong></span> <span class='ocrx_word' id='word_1_69' title='bbox 1571 987 1837 1057; x_wconf 88' lang='lat' dir='ltr'><strong>pulvinar.</strong></span> 
     </span>
    </p>
   </div>
   <div class='ocr_carea' id='block_1_11' title="bbox 250 1078 1838 1150">
    <p class='ocr_par' dir='ltr' id='par_1_11' title="bbox 250 1078 1838 1150">
     <span class='ocr_line' id='line_1_11' title="bbox 250 1078 1838 1150; baseline -0.001 -14"><span class='ocrx_word' id='word_1_70' title='bbox 250 1079 406 1136; x_wconf 86' lang='lat' dir='ltr'><strong>Unde</strong></span> <span class='ocrx_word' id='word_1_71' title='bbox 435 1081 501 1135; x_wconf 93' lang='lat' dir='ltr'><strong>ad</strong></span> <span class='ocrx_word' id='word_1_72' title='bbox 535 1080 798 1150; x_wconf 87' lang='lat' dir='ltr'><strong>majorem</strong></span> <span class='ocrx_word' id='word_1_73' title='bbox 817 1081 1050 1144; x_wconf 87' lang='lat' dir='ltr'><strong>hostem,</strong></span> <span class='ocrx_word' id='word_1_74' title='bbox 1077 1079 1303 1136; x_wconf 89' lang='lat' dir='ltr'><strong>necdum</strong></span> <span class='ocrx_word' id='word_1_75' title='bbox 1329 1079 1642 1135; x_wconf 83' lang='lat' dir='ltr'><strong>vulneribus</strong></span> <span class='ocrx_word' id='word_1_76' title='bbox 1667 1078 1838 1135; x_wconf 90' lang='lat' dir='ltr'><strong>obdu-</strong></span> 
     </span>
    </p>
   </div>
   <div class='ocr_carea' id='block_1_12' title="bbox 246 1170 1842 1241">
    <p class='ocr_par' dir='ltr' id='par_1_12' title="bbox 246 1170 1842 1241">
     <span class='ocr_line' id='line_1_12' title="bbox 246 1170 1842 1241; baseline -0.001 -15"><span class='ocrx_word' id='word_1_77' title='bbox 246 1172 374 1236; x_wconf 91' lang='lat' dir='ltr'><strong>ctis,</strong></span> <span class='ocrx_word' id='word_1_78' title='bbox 408 1185 636 1226; x_wconf 90' lang='lat' dir='ltr'><strong>accensa</strong></span> <span class='ocrx_word' id='word_1_79' title='bbox 659 1173 703 1206; x_wconf 74' lang='grc'><strong>²³</strong></span> <span class='ocrx_word' id='word_1_80' title='bbox 729 1171 910 1241; x_wconf 89' lang='lat' dir='ltr'><strong>potius</strong></span> <span class='ocrx_word' id='word_1_81' title='bbox 929 1185 1118 1227; x_wconf 91' lang='lat' dir='ltr'><strong>eorum</strong></span> <span class='ocrx_word' id='word_1_82' title='bbox 1137 1171 1328 1227; x_wconf 88' lang='lat' dir='ltr'><strong>dolore</strong></span> <span class='ocrx_word' id='word_1_83' title='bbox 1355 1185 1516 1240; x_wconf 87' lang='lat' dir='ltr'><strong>quam</strong></span> <span class='ocrx_word' id='word_1_84' title='bbox 1537 1170 1706 1226; x_wconf 89' lang='lat' dir='ltr'><strong>fracta</strong></span> <span class='ocrx_word' id='word_1_85' title='bbox 1734 1170 1842 1225; x_wconf 91' lang='lat' dir='ltr'><strong>vir-</strong></span> 
     </span>
    </p>
   </div>
   <div class='ocr_carea' id='block_1_13' title="bbox 245 1263 1838 1334">
    <p class='ocr_par' dir='ltr' id='par_1_13' title="bbox 245 1263 1838 1334">
     <span class='ocr_line' id='line_1_13' title="bbox 245 1263 1838 1334; baseline 0.001 -17"><span class='ocrx_word' id='word_1_86' title='bbox 245 1271 367 1317; x_wconf 88' lang='lat' dir='ltr'><strong>tute</strong></span> <span class='ocrx_word' id='word_1_87' title='bbox 396 1271 698 1332; x_wconf 89' lang='lat' dir='ltr'><strong>reparatus,</strong></span> <span class='ocrx_word' id='word_1_88' title='bbox 731 1263 926 1318; x_wconf 77' lang='lat' dir='ltr'><strong>fortior</strong></span> <span class='ocrx_word' id='word_1_89' title='bbox 944 1263 1272 1332; x_wconf 88' lang='lat' dir='ltr'><strong>prosiluisti;</strong></span> <span class='ocrx_word' id='word_1_90' title='bbox 1295 1263 1612 1334; x_wconf 86' lang='lat' dir='ltr'><strong>oblatusque</strong></span> <span class='ocrx_word' id='word_1_91' title='bbox 1632 1263 1838 1327; x_wconf 90' lang='lat' dir='ltr'><strong>comiti,</strong></span> 
     </span>
    </p>
   </div>
   <div class='ocr_carea' id='block_1_14' title="bbox 244 1353 1843 1424">
    <p class='ocr_par' dir='ltr' id='par_1_14' title="bbox 244 1353 1843 1424">
     <span class='ocr_line' id='line_1_14' title="bbox 244 1353 1843 1424; baseline 0.002 -17"><span class='ocrx_word' id='word_1_92' title='bbox 244 1353 315 1407; x_wconf 90' lang='lat' dir='ltr'><strong>de</strong></span> <span class='ocrx_word' id='word_1_93' title='bbox 345 1353 650 1422; x_wconf 90' lang='lat' dir='ltr'><strong>potentiore</strong></span> <span class='ocrx_word' id='word_1_94' title='bbox 677 1353 896 1409; x_wconf 90' lang='lat' dir='ltr'><strong>inimico</strong></span> <span class='ocrx_word' id='word_1_95' title='bbox 926 1353 999 1423; x_wconf 70' lang='grc' dir='ltr'>(ὁ)</span> <span class='ocrx_word' id='word_1_96' title='bbox 1027 1354 1314 1422; x_wconf 81' lang='lat' dir='ltr'><strong>gloriosius</strong></span> <span class='ocrx_word' id='word_1_97' title='bbox 1340 1354 1699 1424; x_wconf 89' lang='lat' dir='ltr'><strong>triumphasti.</strong></span> <span class='ocrx_word' id='word_1_98' title='bbox 1732 1354 1843 1410; x_wconf 89' lang='lat' dir='ltr'><strong>Nec</strong></span> 
     </span>
    </p>
   </div>
   <div class='ocr_carea' id='block_1_15' title="bbox 246 1443 1843 1518">
    <p class='ocr_par' dir='ltr' id='par_1_15' title="bbox 246 1443 1843 1518">
     <span class='ocr_line' id='line_1_15' title="bbox 246 1443 1843 1518; baseline 0.004 -22"><span class='ocrx_word' id='word_1_99' title='bbox 246 1443 322 1513; x_wconf 79' lang='grc' dir='ltr'><strong>(ε)</strong></span> <span class='ocrx_word' id='word_1_100' title='bbox 356 1444 501 1500; x_wconf 87' lang='lat' dir='ltr'><strong>ausis</strong></span> <span class='ocrx_word' id='word_1_101' title='bbox 529 1445 670 1500; x_wconf 89' lang='lat' dir='ltr'><strong>ultra</strong></span> <span class='ocrx_word' id='word_1_102' title='bbox 713 1445 914 1500; x_wconf 90' lang='lat' dir='ltr'><strong>diaboli</strong></span> <span class='ocrx_word' id='word_1_103' title='bbox 956 1446 1275 1503; x_wconf 89' lang='lat' dir='ltr'><strong>satellitibus</strong></span> <span class='ocrx_word' id='word_1_104' title='bbox 1303 1455 1556 1518; x_wconf 88' lang='lat' dir='ltr'><strong>superata</strong></span> <span class='ocrx_word' id='word_1_105' title='bbox 1597 1448 1843 1516; x_wconf 84' lang='lat' dir='ltr'><strong>ingerere</strong></span> 
     </span>
    </p>
   </div>
   <div class='ocr_carea' id='block_1_16' title="bbox 246 1538 1842 1609">
    <p class='ocr_par' dir='ltr' id='par_1_16' title="bbox 246 1538 1842 1609">
     <span class='ocr_line' id='line_1_16' title="bbox 246 1538 1842 1609; baseline 0.004 -19"><span class='ocrx_word' id='word_1_106' title='bbox 246 1545 543 1603; x_wconf 91' lang='lat' dir='ltr'><strong>tormenta,</strong></span> <span class='ocrx_word' id='word_1_107' title='bbox 575 1538 970 1609; x_wconf 84' lang='lat' dir='ltr'><strong>capitalemque</strong></span> <span class='ocrx_word' id='word_1_108' title='bbox 1008 1541 1330 1596; x_wconf 90' lang='lat' dir='ltr'><strong>sententiam</strong></span> <span class='ocrx_word' id='word_1_109' title='bbox 1358 1540 1757 1605; x_wconf 90' lang='lat' dir='ltr'><strong>meditantibus,</strong></span> <span class='ocrx_word' id='word_1_110' title='bbox 1783 1551 1842 1596; x_wconf 87' lang='lat' dir='ltr'><strong>ut</strong></span> 
     </span>
    </p>
   </div>
   <div class='ocr_carea' id='block_1_17' title="bbox 242 1628 1839 1702">
    <p class='ocr_par' dir='ltr' id='par_1_17' title="bbox 242 1628 1839 1702">
     <span class='ocr_line' id='line_1_17' title="bbox 242 1628 1839 1702; baseline 0.004 -21"><span class='ocrx_word' id='word_1_111' title='bbox 242 1629 337 1682; x_wconf 86' lang='lat' dir='ltr'><strong>vel</strong></span> <span class='ocrx_word' id='word_1_112' title='bbox 367 1628 471 1684; x_wconf 86' lang='lat' dir='ltr'><strong>line</strong></span> <span class='ocrx_word' id='word_1_113' title='bbox 499 1629 730 1686; x_wconf 88' lang='lat' dir='ltr'><strong>carnalis</strong></span> <span class='ocrx_word' id='word_1_114' title='bbox 751 1631 796 1662; x_wconf 76' lang='grc' dir='ltr'><strong>⁸ο</strong></span> <span class='ocrx_word' id='word_1_115' title='bbox 818 1639 922 1686; x_wconf 80' lang='lat' dir='ltr'><strong>tuae</strong></span> <span class='ocrx_word' id='word_1_116' title='bbox 940 1631 1064 1687; x_wconf 64' lang='lat' dir='ltr'><strong>vitte</strong></span> <span class='ocrx_word' id='word_1_117' title='bbox 1089 1632 1230 1688; x_wconf 89' lang='lat' dir='ltr'><strong>vinci</strong></span> <span class='ocrx_word' id='word_1_118' title='bbox 1262 1632 1342 1702; x_wconf 79' lang='grc' dir='ltr'><strong>(ά)</strong></span> <span class='ocrx_word' id='word_1_119' title='bbox 1372 1632 1702 1698; x_wconf 88' lang='lat' dir='ltr'><strong>desinerent,</strong></span> <span class='ocrx_word' id='word_1_120' title='bbox 1730 1631 1839 1687; x_wconf 89' lang='lat' dir='ltr'><strong>Do-</strong></span> 
     </span>
    </p>
   </div>
   <div class='ocr_carea' id='block_1_18' title="bbox 240 1723 1836 1796">
    <p class='ocr_par' dir='ltr' id='par_1_18' title="bbox 240 1723 1836 1796">
     <span class='ocr_line' id='line_1_18' title="bbox 240 1723 1836 1796; baseline 0.003 -20"><span class='ocrx_word' id='word_1_121' title='bbox 240 1723 419 1776; x_wconf 82' lang='lat' dir='ltr'><strong>minus</strong></span> <span class='ocrx_word' id='word_1_122' title='bbox 458 1730 635 1777; x_wconf 88' lang='lat' dir='ltr'><strong>noster</strong></span> <span class='ocrx_word' id='word_1_123' title='bbox 663 1725 814 1794; x_wconf 78' lang='lat' dir='ltr'><strong>fortis</strong></span> <span class='ocrx_word' id='word_1_124' title='bbox 841 1733 892 1778; x_wconf 89' lang='lat' dir='ltr'><strong>et</strong></span> <span class='ocrx_word' id='word_1_125' title='bbox 919 1733 1119 1795; x_wconf 86' lang='lat' dir='ltr'><strong>potens,</strong></span> <span class='ocrx_word' id='word_1_126' title='bbox 1160 1733 1211 1780; x_wconf 88' lang='lat' dir='ltr'><strong>et</strong></span> <span class='ocrx_word' id='word_1_127' title='bbox 1236 1725 1455 1780; x_wconf 80' lang='lat' dir='ltr'><strong>invictus</strong></span> <span class='ocrx_word' id='word_1_128' title='bbox 1494 1727 1550 1779; x_wconf 87' lang='lat' dir='ltr'><strong>in</strong></span> <span class='ocrx_word' id='word_1_129' title='bbox 1578 1727 1759 1796; x_wconf 78' lang='lat' dir='ltr'><strong>prwlio</strong></span> <span class='ocrx_word' id='word_1_130' title='bbox 1789 1735 1836 1791; x_wconf 79' lang='grc'><em>³,</em></span> 
     </span>
    </p>
   </div>
   <div class='ocr_carea' id='block_1_19' title="bbox 1940 517 3526 598">
    <p class='ocr_par' dir='ltr' id='par_1_19' title="bbox 1940 517 3526 598">
     <span class='ocr_line' id='line_1_19' title="bbox 1940 517 3526 598; baseline 0.008 -22"><span class='ocrx_word' id='word_1_131' title='bbox 1940 522 2013 577; x_wconf 90' lang='lat' dir='ltr'><strong>tia</strong></span> <span class='ocrx_word' id='word_1_132' title='bbox 2043 517 2396 590; x_wconf 83' lang='lat' dir='ltr'><strong>redundabat,</strong></span> <span class='ocrx_word' id='word_1_133' title='bbox 2428 526 2518 595; x_wconf 86' lang='lat' dir='ltr'><strong>qui</strong></span> <span class='ocrx_word' id='word_1_134' title='bbox 2562 526 2630 581; x_wconf 91' lang='lat' dir='ltr'><strong>ad</strong></span> <span class='ocrx_word' id='word_1_135' title='bbox 2671 528 2999 598; x_wconf 89' lang='lat' dir='ltr'><strong>puniendum</strong></span> <span class='ocrx_word' id='word_1_136' title='bbox 3028 529 3389 587; x_wconf 77' lang='lat' dir='ltr'><strong>confessorem</strong></span> <span class='ocrx_word' id='word_1_137' title='bbox 3429 547 3526 589; x_wconf 88' lang='lat' dir='ltr'><strong>ve-</strong></span> 
     </span>
    </p>
   </div>
   <div class='ocr_carea' id='block_1_20' title="bbox 1940 616 3527 689">
    <p class='ocr_par' dir='ltr' id='par_1_20' title="bbox 1940 616 3527 689">
     <span class='ocr_line' id='line_1_20' title="bbox 1940 616 3527 689; baseline 0.006 -20"><span class='ocrx_word' id='word_1_138' title='bbox 1940 622 2093 671; x_wconf 87' lang='lat' dir='ltr'><strong>nerat</strong></span> <span class='ocrx_word' id='word_1_139' title='bbox 2117 657 2133 684; x_wconf 95' lang='lat'><strong>,</strong></span> <span class='ocrx_word' id='word_1_140' title='bbox 2182 622 2234 670; x_wconf 90' lang='lat' dir='ltr'><strong>et</strong></span> <span class='ocrx_word' id='word_1_141' title='bbox 2276 616 2391 687; x_wconf 90' lang='lat' dir='ltr'><strong>ipse</strong></span> <span class='ocrx_word' id='word_1_142' title='bbox 2448 618 2514 689; x_wconf 86' lang='lat' dir='ltr'><strong>(j)</strong></span> <span class='ocrx_word' id='word_1_143' title='bbox 2572 619 2846 677; x_wconf 88' lang='lat' dir='ltr'><strong>confessus</strong></span> <span class='ocrx_word' id='word_1_144' title='bbox 2909 622 3236 680; x_wconf 83' lang='lat' dir='ltr'><strong>abscederet.</strong></span> <span class='ocrx_word' id='word_1_145' title='bbox 3287 622 3527 679; x_wconf 85' lang='lat' dir='ltr'><strong>Credidit</strong></span> 
     </span>
    </p>
   </div>
   <div class='ocr_carea' id='block_1_21' title="bbox 1939 706 3527 782">
    <p class='ocr_par' dir='ltr' id='par_1_21' title="bbox 1939 706 3527 782">
     <span class='ocr_line' id='line_1_21' title="bbox 1939 706 3527 782; baseline 0.004 -20"><span class='ocrx_word' id='word_1_146' title='bbox 1939 706 2118 773; x_wconf 89' lang='lat' dir='ltr'><strong>enim;</strong></span> <span class='ocrx_word' id='word_1_147' title='bbox 2151 716 2205 762; x_wconf 92' lang='lat' dir='ltr'><strong>et</strong></span> <span class='ocrx_word' id='word_1_148' title='bbox 2251 721 2387 778; x_wconf 90' lang='lat' dir='ltr'><strong>quos</strong></span> <span class='ocrx_word' id='word_1_149' title='bbox 2433 709 2661 765; x_wconf 61' lang='lat' dir='ltr'><strong>saeviens</strong></span> <span class='ocrx_word' id='word_1_150' title='bbox 2703 711 3093 782; x_wconf 71' lang='lat' dir='ltr'><strong>prredanmarat</strong></span> <span class='ocrx_word' id='word_1_151' title='bbox 3136 721 3196 768; x_wconf 92' lang='lat' dir='ltr'><strong>ut</strong></span> <span class='ocrx_word' id='word_1_152' title='bbox 3235 728 3380 778; x_wconf 88' lang='lat' dir='ltr'><strong>reos,</strong></span> <span class='ocrx_word' id='word_1_153' title='bbox 3406 712 3527 769; x_wconf 86' lang='lat' dir='ltr'><strong>lau-</strong></span> 
     </span>
    </p>
   </div>
   <div class='ocr_carea' id='block_1_22' title="bbox 1941 800 3526 878">
    <p class='ocr_par' dir='ltr' id='par_1_22' title="bbox 1941 800 3526 878">
     <span class='ocr_line' id='line_1_22' title="bbox 1941 800 3526 878; baseline 0.006 -23"><span class='ocrx_word' id='word_1_154' title='bbox 1941 800 2076 856; x_wconf 90' lang='lat' dir='ltr'><strong>dans</strong></span> <span class='ocrx_word' id='word_1_155' title='bbox 2102 801 2282 856; x_wconf 89' lang='lat' dir='ltr'><strong>emisit</strong></span> <span class='ocrx_word' id='word_1_156' title='bbox 2310 810 2368 856; x_wconf 92' lang='lat' dir='ltr'><strong>ut</strong></span> <span class='ocrx_word' id='word_1_157' title='bbox 2392 812 2636 870; x_wconf 87' lang='lat' dir='ltr'><strong>sanctos;</strong></span> <span class='ocrx_word' id='word_1_158' title='bbox 2667 812 2722 860; x_wconf 93' lang='lat' dir='ltr'><strong>et</strong></span> <span class='ocrx_word' id='word_1_159' title='bbox 2749 806 3113 862; x_wconf 89' lang='lat' dir='ltr'><strong>testimonium</strong></span> <span class='ocrx_word' id='word_1_160' title='bbox 3137 807 3410 878; x_wconf 84' lang='lat' dir='ltr'><strong>perhibuit</strong></span> <span class='ocrx_word' id='word_1_161' title='bbox 3433 822 3526 864; x_wconf 83' lang='lat' dir='ltr'><strong>ve-</strong></span> 
     </span>
    </p>
   </div>
   <div class='ocr_carea' id='block_1_23' title="bbox 1941 896 3070 972">
    <p class='ocr_par' dir='ltr' id='par_1_23' title="bbox 1941 896 3070 972">
     <span class='ocr_line' id='line_1_23' title="bbox 1941 896 3070 972; baseline 0.004 -21"><span class='ocrx_word' id='word_1_162' title='bbox 1941 896 2106 964; x_wconf 91' lang='lat' dir='ltr'><strong>ritati,</strong></span> <span class='ocrx_word' id='word_1_163' title='bbox 2138 897 2230 967; x_wconf 90' lang='lat' dir='ltr'><strong>qui</strong></span> <span class='ocrx_word' id='word_1_164' title='bbox 2252 904 2417 954; x_wconf 90' lang='lat' dir='ltr'><strong>testes</strong></span> <span class='ocrx_word' id='word_1_165' title='bbox 2437 896 2558 954; x_wconf 84' lang='lat' dir='ltr'><strong>ﬁdei</strong></span> <span class='ocrx_word' id='word_1_166' title='bbox 2586 899 2776 969; x_wconf 88' lang='lat' dir='ltr'><strong>punire</strong></span> <span class='ocrx_word' id='word_1_167' title='bbox 2803 901 3070 972; x_wconf 89' lang='lat' dir='ltr'><strong>cupiebat.</strong></span> 
     </span>
    </p>
   </div>
   <div class='ocr_carea' id='block_1_24' title="bbox 2015 989 3622 1064">
    <p class='ocr_par' dir='ltr' id='par_1_24' title="bbox 2015 989 3622 1064">
     <span class='ocr_line' id='line_1_24' title="bbox 2015 989 3622 1064; baseline 0.005 -21"><span class='ocrx_word' id='word_1_168' title='bbox 2015 989 2069 1044; x_wconf 91' lang='lat'><strong>8.</strong></span> <span class='ocrx_word' id='word_1_169' title='bbox 2110 989 2250 1056; x_wconf 86' lang='lat' dir='ltr'><strong>Quid</strong></span> <span class='ocrx_word' id='word_1_170' title='bbox 2277 1005 2406 1061; x_wconf 92' lang='lat' dir='ltr'><strong>ergo</strong></span> <span class='ocrx_word' id='word_1_171' title='bbox 2433 991 2691 1047; x_wconf 88' lang='lat' dir='ltr'><strong>miremur</strong></span> <span class='ocrx_word' id='word_1_172' title='bbox 2718 998 2828 1047; x_wconf 91' lang='lat' dir='ltr'><strong>tam</strong></span> <span class='ocrx_word' id='word_1_173' title='bbox 2857 1001 3134 1064; x_wconf 90' lang='lat' dir='ltr'><strong>potentem</strong></span> <span class='ocrx_word' id='word_1_174' title='bbox 3175 1005 3231 1051; x_wconf 90' lang='lat' dir='ltr'><strong>te</strong></span> <span class='ocrx_word' id='word_1_175' title='bbox 3256 1011 3374 1052; x_wconf 89' lang='lat' dir='ltr'><strong>esse</strong></span> <span class='ocrx_word' id='word_1_176' title='bbox 3412 1009 3527 1051; x_wconf 89' lang='lat' dir='ltr'><strong>me-</strong></span> <span class='ocrx_word' id='word_1_177' title='bbox 3609 1027 3622 1040; x_wconf 75' lang='grc' dir='ltr'><strong>ι</strong></span> 
     </span>
    </p>
   </div>
   <div class='ocr_carea' id='block_1_25' title="bbox 1944 1067 3591 1154">
    <p class='ocr_par' dir='ltr' id='par_1_25' title="bbox 1944 1067 3591 1154">
     <span class='ocr_line' id='line_1_25' title="bbox 1944 1067 3591 1154; baseline 0.004 -18"><span class='ocrx_word' id='word_1_178' title='bbox 1944 1082 2194 1149; x_wconf 90' lang='lat' dir='ltr'><strong>ritorum,</strong></span> <span class='ocrx_word' id='word_1_179' title='bbox 2225 1089 2336 1136; x_wconf 89' lang='lat' dir='ltr'><strong>tam</strong></span> <span class='ocrx_word' id='word_1_180' title='bbox 2364 1081 2583 1138; x_wconf 83' lang='lat' dir='ltr'><strong>divitem</strong></span> <span class='ocrx_word' id='word_1_181' title='bbox 2616 1085 2930 1154; x_wconf 85' lang='lat' dir='ltr'><strong>gratiarum,</strong></span> <span class='ocrx_word' id='word_1_182' title='bbox 2961 1095 3082 1140; x_wconf 88' lang='lat' dir='ltr'><strong>cum</strong></span> <span class='ocrx_word' id='word_1_183' title='bbox 3111 1086 3216 1141; x_wconf 92' lang='lat' dir='ltr'><strong>hoc</strong></span> <span class='ocrx_word' id='word_1_184' title='bbox 3245 1087 3340 1142; x_wconf 88' lang='lat' dir='ltr'><strong>tibi</strong></span> <span class='ocrx_word' id='word_1_185' title='bbox 3367 1085 3526 1142; x_wconf 89' lang='lat' dir='ltr'><strong>fuerit</strong></span> <span class='ocrx_word' id='word_1_186' title='bbox 3588 1067 3591 1076; x_wconf 61' lang='grc'><em>’</em></span> 
     </span>
    </p>
   </div>
   <div class='ocr_carea' id='block_1_26' title="bbox 1946 1172 3529 1246">
    <p class='ocr_par' dir='ltr' id='par_1_26' title="bbox 1946 1172 3529 1246">
     <span class='ocr_line' id='line_1_26' title="bbox 1946 1172 3529 1246; baseline 0.003 -19"><span class='ocrx_word' id='word_1_187' title='bbox 1946 1173 2205 1228; x_wconf 86' lang='lat' dir='ltr'><strong>virtutum</strong></span> <span class='ocrx_word' id='word_1_188' title='bbox 2232 1173 2285 1228; x_wconf 91' lang='lat' dir='ltr'><strong>in</strong></span> <span class='ocrx_word' id='word_1_189' title='bbox 2313 1172 2528 1230; x_wconf 85' lang='lat' dir='ltr'><strong>Christo</strong></span> <span class='ocrx_word' id='word_1_190' title='bbox 2550 1174 2940 1243; x_wconf 88' lang='lat' dir='ltr'><strong>rudimentum,</strong></span> <span class='ocrx_word' id='word_1_191' title='bbox 2971 1175 3116 1245; x_wconf 85' lang='lat' dir='ltr'><strong>quod</strong></span> <span class='ocrx_word' id='word_1_192' title='bbox 3145 1176 3426 1246; x_wconf 89' lang='lat' dir='ltr'><strong>longorum</strong></span> <span class='ocrx_word' id='word_1_193' title='bbox 3455 1177 3529 1233; x_wconf 88' lang='lat' dir='ltr'><strong>la-</strong></span> 
     </span>
    </p>
   </div>
   <div class='ocr_carea' id='block_1_27' title="bbox 1947 1264 3529 1334">
    <p class='ocr_par' dir='ltr' id='par_1_27' title="bbox 1947 1264 3529 1334">
     <span class='ocr_line' id='line_1_27' title="bbox 1947 1264 3529 1334; baseline 0.001 -15"><span class='ocrx_word' id='word_1_194' title='bbox 1947 1264 2139 1319; x_wconf 91' lang='lat' dir='ltr'><strong>borum</strong></span> <span class='ocrx_word' id='word_1_195' title='bbox 2181 1265 2365 1334; x_wconf 89' lang='lat' dir='ltr'><strong>paucis</strong></span> <span class='ocrx_word' id='word_1_196' title='bbox 2408 1265 2804 1321; x_wconf 86' lang='lat' dir='ltr'><strong>consummatio</strong></span> <span class='ocrx_word' id='word_1_197' title='bbox 2845 1267 2966 1321; x_wconf 86' lang='lat' dir='ltr'><strong>est?</strong></span> <span class='ocrx_word' id='word_1_198' title='bbox 3011 1266 3326 1322; x_wconf 89' lang='lat' dir='ltr'><strong>Dubitemus</strong></span> <span class='ocrx_word' id='word_1_199' title='bbox 3365 1267 3529 1321; x_wconf 91' lang='lat' dir='ltr'><strong>etiam</strong></span> 
     </span>
    </p>
   </div>
   <div class='ocr_carea' id='block_1_28' title="bbox 1948 1353 3530 1426">
    <p class='ocr_par' dir='ltr' id='par_1_28' title="bbox 1948 1353 3530 1426">
     <span class='ocr_line' id='line_1_28' title="bbox 1948 1353 3530 1426; baseline 0.001 -18"><span class='ocrx_word' id='word_1_200' title='bbox 1948 1369 2090 1410; x_wconf 92' lang='lat' dir='ltr'><strong>nunc</strong></span> <span class='ocrx_word' id='word_1_201' title='bbox 2117 1369 2184 1408; x_wconf 90' lang='lat' dir='ltr'><strong>an</strong></span> <span class='ocrx_word' id='word_1_202' title='bbox 2212 1353 2482 1424; x_wconf 88' lang='lat' dir='ltr'><strong>perfectus</strong></span> <span class='ocrx_word' id='word_1_203' title='bbox 2516 1355 2608 1419; x_wconf 89' lang='lat' dir='ltr'><strong>sis,</strong></span> <span class='ocrx_word' id='word_1_204' title='bbox 2641 1355 2733 1425; x_wconf 90' lang='lat' dir='ltr'><strong>qui</strong></span> <span class='ocrx_word' id='word_1_205' title='bbox 2751 1355 2820 1411; x_wconf 91' lang='lat' dir='ltr'><strong>de</strong></span> <span class='ocrx_word' id='word_1_206' title='bbox 2845 1355 3177 1426; x_wconf 84' lang='lat' dir='ltr'><strong>perfectione</strong></span> <span class='ocrx_word' id='word_1_207' title='bbox 3205 1356 3249 1388; x_wconf 89' lang='grc'><strong>³⁷</strong></span> <span class='ocrx_word' id='word_1_208' title='bbox 3279 1355 3530 1426; x_wconf 69' lang='lat' dir='ltr'><strong>coepisti?</strong></span> 
     </span>
    </p>
   </div>
   <div class='ocr_carea' id='block_1_29' title="bbox 1946 1444 3531 1516">
    <p class='ocr_par' dir='ltr' id='par_1_29' title="bbox 1946 1444 3531 1516">
     <span class='ocr_line' id='line_1_29' title="bbox 1946 1444 3531 1516; baseline 0.001 -16"><span class='ocrx_word' id='word_1_209' title='bbox 1946 1444 2070 1500; x_wconf 90' lang='lat' dir='ltr'><strong>etsi</strong></span> <span class='ocrx_word' id='word_1_210' title='bbox 2117 1444 2355 1513; x_wconf 86' lang='lat' dir='ltr'><strong>legitime</strong></span> <span class='ocrx_word' id='word_1_211' title='bbox 2397 1445 2740 1502; x_wconf 86' lang='lat' dir='ltr'><strong>coronandus</strong></span> <span class='ocrx_word' id='word_1_212' title='bbox 2779 1447 2854 1503; x_wconf 88' lang='lat' dir='ltr'><strong>sis</strong></span> <span class='ocrx_word' id='word_1_213' title='bbox 2898 1460 3070 1516; x_wconf 85' lang='lat' dir='ltr'><strong>agone</strong></span> <span class='ocrx_word' id='word_1_214' title='bbox 3116 1446 3362 1516; x_wconf 88' lang='lat' dir='ltr'><strong>decurso,</strong></span> <span class='ocrx_word' id='word_1_215' title='bbox 3409 1461 3531 1502; x_wconf 91' lang='lat' dir='ltr'><strong>cum</strong></span> 
     </span>
    </p>
   </div>
   <div class='ocr_carea' id='block_1_30' title="bbox 1945 1538 3532 1610">
    <p class='ocr_par' dir='ltr' id='par_1_30' title="bbox 1945 1538 3532 1610">
     <span class='ocr_line' id='line_1_30' title="bbox 1945 1538 3532 1610; baseline 0 -16"><span class='ocrx_word' id='word_1_216' title='bbox 1945 1551 2167 1595; x_wconf 88' lang='lat' dir='ltr'><strong>currere</strong></span> <span class='ocrx_word' id='word_1_217' title='bbox 2203 1538 2434 1607; x_wconf 58' lang='lat' dir='ltr'><strong>caperis</strong></span> <span class='ocrx_word' id='word_1_218' title='bbox 2461 1553 2494 1593; x_wconf 86' lang='lat' dir='ltr'><strong>a</strong></span> <span class='ocrx_word' id='word_1_219' title='bbox 2522 1541 2764 1594; x_wconf 86' lang='lat' dir='ltr'><strong>corona?</strong></span> <span class='ocrx_word' id='word_1_220' title='bbox 2809 1541 2936 1608; x_wconf 83' lang='lat' dir='ltr'><strong>Quis</strong></span> <span class='ocrx_word' id='word_1_221' title='bbox 2975 1540 3124 1594; x_wconf 87' lang='lat' dir='ltr'><strong>daret</strong></span> <span class='ocrx_word' id='word_1_222' title='bbox 3161 1540 3308 1594; x_wconf 84' lang='lat' dir='ltr'><strong>nobis</strong></span> <span class='ocrx_word' id='word_1_223' title='bbox 3335 1555 3532 1610; x_wconf 81' lang='lat' dir='ltr'><strong>pennas</strong></span> 
     </span>
    </p>
   </div>
   <div class='ocr_carea' id='block_1_31' title="bbox 1945 1628 3533 1702">
    <p class='ocr_par' dir='ltr' id='par_1_31' title="bbox 1945 1628 3533 1702">
     <span class='ocr_line' id='line_1_31' title="bbox 1945 1628 3533 1702; baseline -0.003 -15"><span class='ocrx_word' id='word_1_224' title='bbox 1945 1632 2076 1687; x_wconf 86' lang='lat' dir='ltr'><strong>sicut</strong></span> <span class='ocrx_word' id='word_1_225' title='bbox 2097 1628 2364 1697; x_wconf 75' lang='lat' dir='ltr'><strong>columbw,</strong></span> <span class='ocrx_word' id='word_1_226' title='bbox 2411 1638 2462 1685; x_wconf 87' lang='lat' dir='ltr'><strong>et</strong></span> <span class='ocrx_word' id='word_1_227' title='bbox 2481 1630 2769 1685; x_wconf 76' lang='lat' dir='ltr'><strong>ualeremus</strong></span> <span class='ocrx_word' id='word_1_228' title='bbox 2791 1630 2858 1685; x_wconf 89' lang='lat' dir='ltr'><strong>ad</strong></span> <span class='ocrx_word' id='word_1_229' title='bbox 2880 1638 2954 1694; x_wconf 89' lang='lat' dir='ltr'><strong>te,</strong></span> <span class='ocrx_word' id='word_1_230' title='bbox 2983 1642 3033 1685; x_wconf 90' lang='lat' dir='ltr'><strong>et</strong></span> <span class='ocrx_word' id='word_1_231' title='bbox 3057 1631 3484 1702; x_wconf 84' lang='lat' dir='ltr'><strong>requiesceremus</strong></span> <span class='ocrx_word' id='word_1_232' title='bbox 3505 1628 3533 1666; x_wconf 72' lang='grc' dir='ltr'><strong>ά</strong></span> 
     </span>
    </p>
   </div>
   <div class='ocr_carea' id='block_1_32' title="bbox 1946 1719 3532 1792">
    <p class='ocr_par' dir='ltr' id='par_1_32' title="bbox 1946 1719 3532 1792">
     <span class='ocr_line' id='line_1_32' title="bbox 1946 1719 3532 1792; baseline -0.002 -15"><span class='ocrx_word' id='word_1_233' title='bbox 1946 1722 2001 1777; x_wconf 90' lang='lat' dir='ltr'><strong>in</strong></span> <span class='ocrx_word' id='word_1_234' title='bbox 2023 1729 2319 1792; x_wconf 87' lang='lat' dir='ltr'><strong>conspectu</strong></span> <span class='ocrx_word' id='word_1_235' title='bbox 2345 1721 2648 1778; x_wconf 88' lang='lat' dir='ltr'><strong>sanctitatis</strong></span> <span class='ocrx_word' id='word_1_236' title='bbox 2677 1730 2808 1789; x_wconf 70' lang='lat' dir='ltr'><strong>tum;</strong></span> <span class='ocrx_word' id='word_1_237' title='bbox 2841 1736 3026 1777; x_wconf 91' lang='lat' dir='ltr'><strong>coram</strong></span> <span class='ocrx_word' id='word_1_238' title='bbox 3051 1721 3107 1776; x_wconf 92' lang='lat' dir='ltr'><strong>in</strong></span> <span class='ocrx_word' id='word_1_239' title='bbox 3135 1737 3229 1777; x_wconf 92' lang='lat' dir='ltr'><strong>ore</strong></span> <span class='ocrx_word' id='word_1_240' title='bbox 3260 1729 3353 1776; x_wconf 92' lang='lat' dir='ltr'><strong>tuo</strong></span> <span class='ocrx_word' id='word_1_241' title='bbox 3373 1719 3532 1774; x_wconf 88' lang='lat' dir='ltr'><strong>Chri-</strong></span> 
     </span>
    </p>
   </div>
   <div class='ocr_carea' id='block_1_33' title="bbox 239 1806 3532 1888">
    <p class='ocr_par' dir='ltr' id='par_1_33' title="bbox 239 1806 3532 1888">
     <span class='ocr_line' id='line_1_33' title="bbox 239 1806 3532 1888; baseline 0 -23"><span class='ocrx_word' id='word_1_242' title='bbox 239 1812 555 1881; x_wconf 91' lang='lat' dir='ltr'><strong>conspicuis</strong></span> <span class='ocrx_word' id='word_1_243' title='bbox 599 1813 933 1871; x_wconf 82' lang='lat' dir='ltr'><strong>mirabilibus</strong></span> <span class='ocrx_word' id='word_1_244' title='bbox 972 1825 1194 1886; x_wconf 88' lang='lat' dir='ltr'><strong>pectora</strong></span> <span class='ocrx_word' id='word_1_245' title='bbox 1233 1817 1530 1888; x_wconf 89' lang='lat' dir='ltr'><strong>quamlibet</strong></span> <span class='ocrx_word' id='word_1_246' title='bbox 1574 1816 1836 1872; x_wconf 87' lang='lat' dir='ltr'><strong>obdurata</strong></span> <span class='ocrx_word' id='word_1_247' title='bbox 1868 1806 1915 1867; x_wconf 83' lang='grc' dir='ltr'><strong>Β</strong></span> <span class='ocrx_word' id='word_1_248' title='bbox 1941 1822 2088 1872; x_wconf 89' lang='lat' dir='ltr'><strong>stum</strong></span> <span class='ocrx_word' id='word_1_249' title='bbox 2115 1815 2285 1870; x_wconf 87' lang='lat' dir='ltr'><strong>Deum</strong></span> <span class='ocrx_word' id='word_1_250' title='bbox 2315 1814 2360 1845; x_wconf 78' lang='lat'>“</span> <span class='ocrx_word' id='word_1_251' title='bbox 2389 1813 2718 1870; x_wconf 88' lang='lat' dir='ltr'><strong>admirantes</strong></span> <span class='ocrx_word' id='word_1_252' title='bbox 2757 1822 2921 1882; x_wconf 89' lang='lat' dir='ltr'><strong>atque</strong></span> <span class='ocrx_word' id='word_1_253' title='bbox 2962 1819 3312 1878; x_wconf 82' lang='lat' dir='ltr'><strong>venerantes,</strong></span> <span class='ocrx_word' id='word_1_254' title='bbox 3357 1818 3532 1880; x_wconf 89' lang='lat' dir='ltr'><strong>terge-</strong></span> 
     </span>
    </p>
   </div>
   <div class='ocr_carea' id='block_1_34' title="bbox 237 1902 1848 1978">
    <p class='ocr_par' dir='ltr' id='par_1_34' title="bbox 237 1902 1848 1978">
     <span class='ocr_line' id='line_1_34' title="bbox 237 1902 1848 1978; baseline 0.004 -20"><span class='ocrx_word' id='word_1_255' title='bbox 237 1902 509 1959; x_wconf 90' lang='lat' dir='ltr'><strong>confudit.</strong></span> <span class='ocrx_word' id='word_1_256' title='bbox 540 1903 674 1958; x_wconf 82' lang='lat' dir='ltr'><strong>Nam</strong></span> <span class='ocrx_word' id='word_1_257' title='bbox 701 1905 960 1972; x_wconf 82' lang='lat' dir='ltr'><strong>carnifex,</strong></span> <span class='ocrx_word' id='word_1_258' title='bbox 985 1907 1076 1976; x_wconf 89' lang='lat' dir='ltr'><strong>qui</strong></span> <span class='ocrx_word' id='word_1_259' title='bbox 1101 1907 1156 1962; x_wconf 88' lang='lat' dir='ltr'><strong>in</strong></span> <span class='ocrx_word' id='word_1_260' title='bbox 1185 1906 1400 1974; x_wconf 90' lang='lat' dir='ltr'><strong>itinere,</strong></span> <span class='ocrx_word' id='word_1_261' title='bbox 1430 1922 1539 1977; x_wconf 92' lang='lat' dir='ltr'><strong>quo</strong></span> <span class='ocrx_word' id='word_1_262' title='bbox 1568 1922 1848 1978; x_wconf 86' lang='lat' dir='ltr'><strong>percusso-</strong></span> 
     </span>
    </p>
   </div>
   <div class='ocr_carea' id='block_1_35' title="bbox 239 1999 1845 2070">
    <p class='ocr_par' dir='ltr' id='par_1_35' title="bbox 239 1999 1845 2070">
     <span class='ocr_line' id='line_1_35' title="bbox 239 1999 1845 2070; baseline 0.003 -18"><span class='ocrx_word' id='word_1_263' title='bbox 239 2011 367 2052; x_wconf 86' lang='lat' dir='ltr'><strong>rem</strong></span> <span class='ocrx_word' id='word_1_264' title='bbox 397 2003 550 2054; x_wconf 91' lang='lat' dir='ltr'><strong>tuum</strong></span> <span class='ocrx_word' id='word_1_265' title='bbox 577 2013 732 2054; x_wconf 89' lang='lat' dir='ltr'><strong>sacra</strong></span> <span class='ocrx_word' id='word_1_266' title='bbox 771 1999 988 2055; x_wconf 85' lang='lat' dir='ltr'><strong>victima</strong></span> <span class='ocrx_word' id='word_1_267' title='bbox 1025 2001 1358 2070; x_wconf 89' lang='lat' dir='ltr'><strong>sequebaris,</strong></span> <span class='ocrx_word' id='word_1_268' title='bbox 1390 2001 1656 2058; x_wconf 89' lang='lat' dir='ltr'><strong>cervicem</strong></span> <span class='ocrx_word' id='word_1_269' title='bbox 1700 2010 1845 2057; x_wconf 88' lang='lat' dir='ltr'><strong>tuam</strong></span> 
     </span>
    </p>
   </div>
   <div class='ocr_carea' id='block_1_36' title="bbox 236 2086 1844 2160">
    <p class='ocr_par' dir='ltr' id='par_1_36' title="bbox 236 2086 1844 2160">
     <span class='ocr_line' id='line_1_36' title="bbox 236 2086 1844 2160; baseline 0.002 -17"><span class='ocrx_word' id='word_1_270' title='bbox 236 2086 512 2144; x_wconf 85' lang='lat' dir='ltr'><strong>insultans</strong></span> <span class='ocrx_word' id='word_1_271' title='bbox 531 2089 1118 2160; x_wconf 87' lang='lat' dir='ltr'><strong>minaciterattingendi</strong></span> <span class='ocrx_word' id='word_1_272' title='bbox 1141 2092 1445 2149; x_wconf 89' lang='lat' dir='ltr'><strong>temeritate</strong></span> <span class='ocrx_word' id='word_1_273' title='bbox 1463 2093 1761 2149; x_wconf 83' lang='lat' dir='ltr'><strong>violaverat</strong></span> <span class='ocrx_word' id='word_1_274' title='bbox 1776 2093 1844 2159; x_wconf 82' lang='grc'><strong>³¹,</strong></span> 
     </span>
    </p>
   </div>
   <div class='ocr_carea' id='block_1_37' title="bbox 236 2180 1847 2254">
    <p class='ocr_par' dir='ltr' id='par_1_37' title="bbox 236 2180 1847 2254">
     <span class='ocr_line' id='line_1_37' title="bbox 236 2180 1847 2254; baseline 0.003 -19"><span class='ocrx_word' id='word_1_275' title='bbox 236 2180 400 2248; x_wconf 86' lang='lat' dir='ltr'><strong>quasi</strong></span> <span class='ocrx_word' id='word_1_276' title='bbox 431 2181 570 2236; x_wconf 90' lang='lat' dir='ltr'><strong>ictus</strong></span> <span class='ocrx_word' id='word_1_277' title='bbox 598 2182 682 2237; x_wconf 90' lang='lat' dir='ltr'><strong>sui</strong></span> <span class='ocrx_word' id='word_1_278' title='bbox 711 2181 890 2237; x_wconf 91' lang='lat' dir='ltr'><strong>locum</strong></span> <span class='ocrx_word' id='word_1_279' title='bbox 920 2181 990 2254; x_wconf 89' lang='lat' dir='ltr'><strong>(e)</strong></span> <span class='ocrx_word' id='word_1_280' title='bbox 1017 2191 1385 2253; x_wconf 70' lang='lat' dir='ltr'><strong>prmcurrente</strong></span> <span class='ocrx_word' id='word_1_281' title='bbox 1417 2182 1651 2254; x_wconf 86' lang='lat' dir='ltr'><strong>gladium</strong></span> <span class='ocrx_word' id='word_1_282' title='bbox 1681 2198 1847 2240; x_wconf 85' lang='lat' dir='ltr'><strong>manu</strong></span> 
     </span>
    </p>
   </div>
   <div class='ocr_carea' id='block_1_38' title="bbox 235 2271 1842 2345">
    <p class='ocr_par' dir='ltr' id='par_1_38' title="bbox 235 2271 1842 2345">
     <span class='ocr_line' id='line_1_38' title="bbox 235 2271 1842 2345; baseline 0.004 -21"><span class='ocrx_word' id='word_1_283' title='bbox 235 2271 492 2340; x_wconf 87' lang='lat' dir='ltr'><strong>palpans,</strong></span> <span class='ocrx_word' id='word_1_284' title='bbox 525 2273 766 2328; x_wconf 81' lang='lat' dir='ltr'><strong>excussis</strong></span> <span class='ocrx_word' id='word_1_285' title='bbox 794 2273 938 2329; x_wconf 91' lang='lat' dir='ltr'><strong>illico</strong></span> <span class='ocrx_word' id='word_1_286' title='bbox 963 2274 1132 2330; x_wconf 89' lang='lat' dir='ltr'><strong>oculis</strong></span> <span class='ocrx_word' id='word_1_287' title='bbox 1161 2274 1403 2332; x_wconf 59' lang='lat' dir='ltr'><strong>excitate</strong></span> <span class='ocrx_word' id='word_1_288' title='bbox 1431 2291 1717 2345; x_wconf 89' lang='lat' dir='ltr'><strong>percussus</strong></span> <span class='ocrx_word' id='word_1_289' title='bbox 1739 2282 1842 2331; x_wconf 88' lang='lat' dir='ltr'><strong>est.</strong></span> 
     </span>
    </p>
   </div>
   <div class='ocr_carea' id='block_1_39' title="bbox 240 2361 1843 2436">
    <p class='ocr_par' dir='ltr' id='par_1_39' title="bbox 240 2361 1843 2436">
     <span class='ocr_line' id='line_1_39' title="bbox 240 2361 1843 2436; baseline 0.003 -20"><span class='ocrx_word' id='word_1_290' title='bbox 240 2361 288 2416; x_wconf 93' lang='grc' dir='ltr'>Ο</span> <span class='ocrx_word' id='word_1_291' title='bbox 318 2361 525 2418; x_wconf 90' lang='lat' dir='ltr'><strong>Christi</strong></span> <span class='ocrx_word' id='word_1_292' title='bbox 551 2363 834 2420; x_wconf 79' lang='lat' dir='ltr'><strong>ineffabilis</strong></span> <span class='ocrx_word' id='word_1_293' title='bbox 862 2365 1094 2434; x_wconf 88' lang='lat' dir='ltr'><strong>bonitas,</strong></span> <span class='ocrx_word' id='word_1_294' title='bbox 1123 2375 1383 2436; x_wconf 87' lang='lat' dir='ltr'><strong>quantum</strong></span> <span class='ocrx_word' id='word_1_295' title='bbox 1421 2367 1475 2422; x_wconf 92' lang='lat' dir='ltr'><strong>in</strong></span> <span class='ocrx_word' id='word_1_296' title='bbox 1502 2382 1629 2423; x_wconf 89' lang='lat' dir='ltr'><strong>suos</strong></span> <span class='ocrx_word' id='word_1_297' title='bbox 1657 2375 1843 2422; x_wconf 90' lang='lat' dir='ltr'><strong>osten-</strong></span> 
     </span>
    </p>
   </div>
   <div class='ocr_carea' id='block_1_40' title="bbox 233 2453 1845 2526">
    <p class='ocr_par' dir='ltr' id='par_1_40' title="bbox 233 2453 1845 2526">
     <span class='ocr_line' id='line_1_40' title="bbox 233 2453 1845 2526; baseline 0.004 -18"><span class='ocrx_word' id='word_1_298' title='bbox 233 2453 323 2508; x_wconf 89' lang='lat' dir='ltr'><strong>dit</strong></span> <span class='ocrx_word' id='word_1_299' title='bbox 355 2455 644 2510; x_wconf 84' lang='lat' dir='ltr'><strong>all’ectuml</strong></span> <span class='ocrx_word' id='word_1_300' title='bbox 676 2454 933 2526; x_wconf 86' lang='lat' dir='ltr'><strong>lnjuriam</strong></span> <span class='ocrx_word' id='word_1_301' title='bbox 971 2459 1298 2514; x_wconf 81' lang='lat' dir='ltr'><strong>confessoris</strong></span> <span class='ocrx_word' id='word_1_302' title='bbox 1343 2460 1425 2514; x_wconf 91' lang='lat' dir='ltr'><strong>sui</strong></span> <span class='ocrx_word' id='word_1_303' title='bbox 1454 2475 1562 2515; x_wconf 92' lang='lat' dir='ltr'><strong>non</strong></span> <span class='ocrx_word' id='word_1_304' title='bbox 1592 2460 1714 2514; x_wconf 90' lang='lat' dir='ltr'><strong>tulit</strong></span> <span class='ocrx_word' id='word_1_305' title='bbox 1745 2459 1845 2514; x_wconf 91' lang='lat' dir='ltr'><strong>im-</strong></span> 
     </span>
    </p>
   </div>
   <div class='ocr_carea' id='block_1_41' title="bbox 234 2545 1843 2619">
    <p class='ocr_par' dir='ltr' id='par_1_41' title="bbox 234 2545 1843 2619">
     <span class='ocr_line' id='line_1_41' title="bbox 234 2545 1843 2619; baseline 0.004 -22"><span class='ocrx_word' id='word_1_306' title='bbox 234 2545 514 2614; x_wconf 89' lang='lat' dir='ltr'><strong>punitam,</strong></span> <span class='ocrx_word' id='word_1_307' title='bbox 542 2547 633 2615; x_wconf 91' lang='lat' dir='ltr'><strong>qui</strong></span> <span class='ocrx_word' id='word_1_308' title='bbox 679 2547 790 2606; x_wconf 89' lang='lat' dir='ltr'><strong>suis</strong></span> <span class='ocrx_word' id='word_1_309' title='bbox 837 2547 1244 2604; x_wconf 81' lang='lat' dir='ltr'><strong>crucifixoribus</strong></span> <span class='ocrx_word' id='word_1_310' title='bbox 1284 2550 1492 2619; x_wconf 81' lang='lat' dir='ltr'><strong>rogavit</strong></span> <span class='ocrx_word' id='word_1_311' title='bbox 1541 2550 1746 2618; x_wconf 89' lang='lat' dir='ltr'><strong>ignosci</strong></span> <span class='ocrx_word' id='word_1_312' title='bbox 1774 2547 1843 2617; x_wconf 54' lang='lat' dir='ltr'><strong>lt;</strong></span> 
     </span>
    </p>
   </div>
   <div class='ocr_carea' id='block_1_42' title="bbox 233 2637 1846 2712">
    <p class='ocr_par' dir='ltr' id='par_1_42' title="bbox 233 2637 1846 2712">
     <span class='ocr_line' id='line_1_42' title="bbox 233 2637 1846 2712; baseline 0.005 -22"><span class='ocrx_word' id='word_1_313' title='bbox 233 2637 632 2693; x_wconf 90' lang='lat' dir='ltr'><strong>contumeliam</strong></span> <span class='ocrx_word' id='word_1_314' title='bbox 674 2641 928 2712; x_wconf 82' lang='lat' dir='ltr'><strong>martyris</strong></span> <span class='ocrx_word' id='word_1_315' title='bbox 966 2642 1148 2696; x_wconf 88' lang='lat' dir='ltr'><strong>statim</strong></span> <span class='ocrx_word' id='word_1_316' title='bbox 1177 2642 1320 2697; x_wconf 90' lang='lat' dir='ltr'><strong>ultus</strong></span> <span class='ocrx_word' id='word_1_317' title='bbox 1363 2651 1476 2708; x_wconf 91' lang='lat' dir='ltr'><strong>est,</strong></span> <span class='ocrx_word' id='word_1_318' title='bbox 1510 2643 1603 2711; x_wconf 93' lang='lat' dir='ltr'><strong>qui</strong></span> <span class='ocrx_word' id='word_1_319' title='bbox 1637 2643 1846 2711; x_wconf 88' lang='lat' dir='ltr'><strong>passio-</strong></span> 
     </span>
    </p>
   </div>
   <div class='ocr_carea' id='block_1_43' title="bbox 231 2731 1848 2803">
    <p class='ocr_par' dir='ltr' id='par_1_43' title="bbox 231 2731 1848 2803">
     <span class='ocr_line' id='line_1_43' title="bbox 231 2731 1848 2803; baseline 0.003 -20"><span class='ocrx_word' id='word_1_320' title='bbox 231 2744 374 2784; x_wconf 87' lang='lat' dir='ltr'><strong>nem</strong></span> <span class='ocrx_word' id='word_1_321' title='bbox 401 2745 554 2784; x_wconf 89' lang='lat' dir='ltr'><strong>suam</strong></span> <span class='ocrx_word' id='word_1_322' title='bbox 581 2731 755 2786; x_wconf 90' lang='lat' dir='ltr'><strong>noluit</strong></span> <span class='ocrx_word' id='word_1_323' title='bbox 773 2732 1052 2788; x_wconf 90' lang='lat' dir='ltr'><strong>vindicari.</strong></span> <span class='ocrx_word' id='word_1_324' title='bbox 1089 2731 1197 2789; x_wconf 89' lang='lat' dir='ltr'><strong>Sed</strong></span> <span class='ocrx_word' id='word_1_325' title='bbox 1230 2749 1294 2788; x_wconf 90' lang='lat' dir='ltr'><strong>ea</strong></span> <span class='ocrx_word' id='word_1_326' title='bbox 1325 2734 1440 2802; x_wconf 90' lang='lat' dir='ltr'><strong>ipsa</strong></span> <span class='ocrx_word' id='word_1_327' title='bbox 1468 2733 1547 2789; x_wconf 88' lang='lat' dir='ltr'><strong>ira</strong></span> <span class='ocrx_word' id='word_1_328' title='bbox 1578 2734 1646 2802; x_wconf 75' lang='lat' dir='ltr'><strong>(f)</strong></span> <span class='ocrx_word' id='word_1_329' title='bbox 1676 2734 1848 2803; x_wconf 92' lang='lat' dir='ltr'><strong>pieta-</strong></span> 
     </span>
    </p>
   </div>
   <div class='ocr_carea' id='block_1_44' title="bbox 232 2820 1849 2892">
    <p class='ocr_par' dir='ltr' id='par_1_44' title="bbox 232 2820 1849 2892">
     <span class='ocr_line' id='line_1_44' title="bbox 232 2820 1849 2892; baseline 0.001 -18"><span class='ocrx_word' id='word_1_330' title='bbox 232 2820 314 2876; x_wconf 90' lang='lat' dir='ltr'><strong>tis</strong></span> <span class='ocrx_word' id='word_1_331' title='bbox 337 2829 446 2875; x_wconf 89' lang='lat' dir='ltr'><strong>est.</strong></span> <span class='ocrx_word' id='word_1_332' title='bbox 475 2821 681 2877; x_wconf 87' lang='lat' dir='ltr'><strong>Idcirco</strong></span> <span class='ocrx_word' id='word_1_333' title='bbox 709 2823 853 2877; x_wconf 89' lang='lat' dir='ltr'><strong>enim</strong></span> <span class='ocrx_word' id='word_1_334' title='bbox 878 2839 1019 2880; x_wconf 91' lang='lat' dir='ltr'><strong>unus</strong></span> <span class='ocrx_word' id='word_1_335' title='bbox 1047 2831 1277 2878; x_wconf 67' lang='lat' dir='ltr'><strong>emeatus</strong></span> <span class='ocrx_word' id='word_1_336' title='bbox 1306 2831 1409 2885; x_wconf 90' lang='lat' dir='ltr'><strong>est,</strong></span> <span class='ocrx_word' id='word_1_337' title='bbox 1439 2831 1497 2876; x_wconf 89' lang='lat' dir='ltr'><strong>ut</strong></span> <span class='ocrx_word' id='word_1_338' title='bbox 1522 2822 1706 2892; x_wconf 88' lang='lat' dir='ltr'><strong>plures</strong></span> <span class='ocrx_word' id='word_1_339' title='bbox 1735 2821 1849 2876; x_wconf 90' lang='lat' dir='ltr'><strong>illu-</strong></span> 
     </span>
    </p>
   </div>
   <div class='ocr_carea' id='block_1_45' title="bbox 231 2911 1847 2982">
    <p class='ocr_par' dir='ltr' id='par_1_45' title="bbox 231 2911 1847 2982">
     <span class='ocr_line' id='line_1_45' title="bbox 231 2911 1847 2982; baseline 0.001 -16"><span class='ocrx_word' id='word_1_340' title='bbox 231 2911 632 2977; x_wconf 88' lang='lat' dir='ltr'><strong>minarentur;</strong></span> <span class='ocrx_word' id='word_1_341' title='bbox 655 2912 847 2981; x_wconf 90' lang='lat' dir='ltr'><strong>etipse</strong></span> <span class='ocrx_word' id='word_1_342' title='bbox 873 2911 1096 2967; x_wconf 78' lang='lat' dir='ltr'><strong>forsitan</strong></span> <span class='ocrx_word' id='word_1_343' title='bbox 1121 2913 1212 2982; x_wconf 88' lang='lat' dir='ltr'><strong>qui</strong></span> <span class='ocrx_word' id='word_1_344' title='bbox 1241 2913 1428 2967; x_wconf 89' lang='lat' dir='ltr'><strong>oculos</strong></span> <span class='ocrx_word' id='word_1_345' title='bbox 1447 2912 1624 2967; x_wconf 86' lang='lat' dir='ltr'><strong>carnis</strong></span> <span class='ocrx_word' id='word_1_346' title='bbox 1649 2911 1847 2968; x_wconf 90' lang='lat' dir='ltr'><strong>amise-</strong></span> 
     </span>
    </p>
   </div>
   <div class='ocr_carea' id='block_1_46' title="bbox 233 3000 1847 3076">
    <p class='ocr_par' dir='ltr' id='par_1_46' title="bbox 233 3000 1847 3076">
     <span class='ocr_line' id='line_1_46' title="bbox 233 3000 1847 3076; baseline 0.002 -20"><span class='ocrx_word' id='word_1_347' title='bbox 233 3007 362 3064; x_wconf 81' lang='lat' dir='ltr'><strong>rat,</strong></span> <span class='ocrx_word' id='word_1_348' title='bbox 418 3000 618 3056; x_wconf 90' lang='lat' dir='ltr'><strong>lumina</strong></span> <span class='ocrx_word' id='word_1_349' title='bbox 668 3004 864 3059; x_wconf 90' lang='lat' dir='ltr'><strong>mentis</strong></span> <span class='ocrx_word' id='word_1_350' title='bbox 911 3005 1196 3075; x_wconf 91' lang='lat' dir='ltr'><strong>acciperet.</strong></span> <span class='ocrx_word' id='word_1_351' title='bbox 1239 3003 1430 3060; x_wconf 91' lang='lat' dir='ltr'><strong>Statim</strong></span> <span class='ocrx_word' id='word_1_352' title='bbox 1485 3006 1562 3076; x_wconf 85' lang='lat' dir='ltr'><strong>(g)</strong></span> <span class='ocrx_word' id='word_1_353' title='bbox 1618 3005 1847 3074; x_wconf 88' lang='lat' dir='ltr'><strong>denique</strong></span> 
     </span>
    </p>
   </div>
   <div class='ocr_carea' id='block_1_47' title="bbox 232 3090 1844 3165">
    <p class='ocr_par' dir='ltr' id='par_1_47' title="bbox 232 3090 1844 3165">
     <span class='ocr_line' id='line_1_47' title="bbox 232 3090 1844 3165; baseline 0.004 -20"><span class='ocrx_word' id='word_1_354' title='bbox 232 3090 468 3158; x_wconf 85' lang='lat' dir='ltr'><strong>majore</strong></span> <span class='ocrx_word' id='word_1_355' title='bbox 495 3091 841 3161; x_wconf 90' lang='lat' dir='ltr'><strong>documento,</strong></span> <span class='ocrx_word' id='word_1_356' title='bbox 873 3095 964 3165; x_wconf 91' lang='lat' dir='ltr'><strong>qui</strong></span> <span class='ocrx_word' id='word_1_357' title='bbox 999 3095 1178 3151; x_wconf 89' lang='lat' dir='ltr'><strong>feralis</strong></span> <span class='ocrx_word' id='word_1_358' title='bbox 1205 3096 1461 3152; x_wconf 73' lang='lat' dir='ltr'><strong>custodite</strong></span> <span class='ocrx_word' id='word_1_359' title='bbox 1487 3096 1844 3151; x_wconf 87' lang='lat' dir='ltr'><strong>ministerium</strong></span> 
     </span>
    </p>
   </div>
   <div class='ocr_carea' id='block_1_48' title="bbox 1949 1901 3534 1977">
    <p class='ocr_par' dir='ltr' id='par_1_48' title="bbox 1949 1901 3534 1977">
     <span class='ocr_line' id='line_1_48' title="bbox 1949 1901 3534 1977; baseline -0.005 -14"><span class='ocrx_word' id='word_1_360' title='bbox 1949 1922 2131 1964; x_wconf 87' lang='lat' dir='ltr'><strong>remus</strong></span> <span class='ocrx_word' id='word_1_361' title='bbox 2149 1906 2356 1977; x_wconf 89' lang='lat' dir='ltr'><strong>capillis</strong></span> <span class='ocrx_word' id='word_1_362' title='bbox 2387 1905 2552 1977; x_wconf 87' lang='lat' dir='ltr'><strong>pedes</strong></span> <span class='ocrx_word' id='word_1_363' title='bbox 2579 1905 2721 1962; x_wconf 90' lang='lat' dir='ltr'><strong>illius</strong></span> <span class='ocrx_word' id='word_1_364' title='bbox 2750 1906 2803 1960; x_wconf 95' lang='lat' dir='ltr'><strong>in</strong></span> <span class='ocrx_word' id='word_1_365' title='bbox 2845 1905 2951 1960; x_wconf 91' lang='lat' dir='ltr'><strong>tuis</strong></span> <span class='ocrx_word' id='word_1_366' title='bbox 2978 1903 3220 1974; x_wconf 87' lang='lat' dir='ltr'><strong>pedibus,</strong></span> <span class='ocrx_word' id='word_1_367' title='bbox 3254 1911 3310 1958; x_wconf 89' lang='lat' dir='ltr'><strong>et</strong></span> <span class='ocrx_word' id='word_1_368' title='bbox 3356 1901 3534 1972; x_wconf 75' lang='lat' dir='ltr'><strong>lacry~</strong></span> 
     </span>
    </p>
   </div>
   <div class='ocr_carea' id='block_1_49' title="bbox 1947 1992 3532 2066">
    <p class='ocr_par' dir='ltr' id='par_1_49' title="bbox 1947 1992 3532 2066">
     <span class='ocr_line' id='line_1_49' title="bbox 1947 1992 3532 2066; baseline -0.004 -12"><span class='ocrx_word' id='word_1_369' title='bbox 1947 1999 2053 2054; x_wconf 90' lang='lat' dir='ltr'><strong>mis</strong></span> <span class='ocrx_word' id='word_1_370' title='bbox 2098 1999 2394 2066; x_wconf 89' lang='lat' dir='ltr'><strong>rigaremus</strong></span> <span class='ocrx_word' id='word_1_371' title='bbox 2425 2007 2472 2062; x_wconf 81' lang='grc' dir='ltr'><strong>θ,</strong></span> <span class='ocrx_word' id='word_1_372' title='bbox 2519 2005 2577 2053; x_wconf 90' lang='lat' dir='ltr'><strong>et</strong></span> <span class='ocrx_word' id='word_1_373' title='bbox 2619 1996 2674 2051; x_wconf 89' lang='lat' dir='ltr'><strong>in</strong></span> <span class='ocrx_word' id='word_1_374' title='bbox 2721 1995 2825 2051; x_wconf 92' lang='lat' dir='ltr'><strong>illis</strong></span> <span class='ocrx_word' id='word_1_375' title='bbox 2867 1994 3206 2051; x_wconf 88' lang='lat' dir='ltr'><strong>cicatricibus</strong></span> <span class='ocrx_word' id='word_1_376' title='bbox 3247 1993 3353 2048; x_wconf 88' lang='lat' dir='ltr'><strong>tuis</strong></span> <span class='ocrx_word' id='word_1_377' title='bbox 3379 1992 3532 2062; x_wconf 87' lang='lat' dir='ltr'><strong>quasi</strong></span> 
     </span>
    </p>
   </div>
   <div class='ocr_carea' id='block_1_50' title="bbox 1949 2085 3529 2160">
    <p class='ocr_par' dir='ltr' id='par_1_50' title="bbox 1949 2085 3529 2160">
     <span class='ocr_line' id='line_1_50' title="bbox 1949 2085 3529 2160; baseline -0.003 -15"><span class='ocrx_word' id='word_1_378' title='bbox 1949 2089 2231 2147; x_wconf 75' lang='lat' dir='ltr'><strong>dominica:</strong></span> <span class='ocrx_word' id='word_1_379' title='bbox 2278 2090 2546 2160; x_wconf 89' lang='lat' dir='ltr'><strong>passionis</strong></span> <span class='ocrx_word' id='word_1_380' title='bbox 2586 2089 2846 2159; x_wconf 88' lang='lat' dir='ltr'><strong>impressa</strong></span> <span class='ocrx_word' id='word_1_381' title='bbox 2875 2087 3100 2158; x_wconf 89' lang='lat' dir='ltr'><strong>vestigia</strong></span> <span class='ocrx_word' id='word_1_382' title='bbox 3150 2085 3529 2146; x_wconf 87' lang='lat' dir='ltr'><strong>lamberemus.</strong></span> 
     </span>
    </p>
   </div>
   <div class='ocr_carea' id='block_1_51' title="bbox 1949 2174 3531 2248">
    <p class='ocr_par' dir='ltr' id='par_1_51' title="bbox 1949 2174 3531 2248">
     <span class='ocr_line' id='line_1_51' title="bbox 1949 2174 3531 2248; baseline -0.006 -10"><span class='ocrx_word' id='word_1_383' title='bbox 1949 2182 2208 2239; x_wconf 87' lang='lat' dir='ltr'><strong>Suaviora</strong></span> <span class='ocrx_word' id='word_1_384' title='bbox 2236 2181 2375 2236; x_wconf 80' lang='lat' dir='ltr'><strong>enim</strong></span> <span class='ocrx_word' id='word_1_385' title='bbox 2423 2189 2542 2235; x_wconf 85' lang='lat' dir='ltr'><strong>sunt</strong></span> <span class='ocrx_word' id='word_1_386' title='bbox 2579 2180 2793 2234; x_wconf 77' lang='lat' dir='ltr'><strong>vulnera</strong></span> <span class='ocrx_word' id='word_1_387' title='bbox 2822 2180 2995 2245; x_wconf 86' lang='lat' dir='ltr'><strong>amici,</strong></span> <span class='ocrx_word' id='word_1_388' title='bbox 3043 2193 3196 2248; x_wconf 86' lang='lat' dir='ltr'><strong>quam</strong></span> <span class='ocrx_word' id='word_1_389' title='bbox 3224 2177 3400 2232; x_wconf 84' lang='lat' dir='ltr'><strong>oscula</strong></span> <span class='ocrx_word' id='word_1_390' title='bbox 3424 2174 3531 2230; x_wconf 85' lang='lat' dir='ltr'><strong>ini-</strong></span> 
     </span>
    </p>
   </div>
   <div class='ocr_carea' id='block_1_52' title="bbox 1947 2265 3533 2343">
    <p class='ocr_par' dir='ltr' id='par_1_52' title="bbox 1947 2265 3533 2343">
     <span class='ocr_line' id='line_1_52' title="bbox 1947 2265 3533 2343; baseline -0.008 -12"><span class='ocrx_word' id='word_1_391' title='bbox 1947 2275 2069 2331; x_wconf 86' lang='lat' dir='ltr'><strong>mici</strong></span> <span class='ocrx_word' id='word_1_392' title='bbox 2101 2273 2146 2329; x_wconf 72' lang='grc' dir='ltr'><strong>τ.</strong></span> <span class='ocrx_word' id='word_1_393' title='bbox 2182 2272 2276 2329; x_wconf 81' lang='lat' dir='ltr'><strong>Va:</strong></span> <span class='ocrx_word' id='word_1_394' title='bbox 2302 2273 2431 2328; x_wconf 78' lang='lat' dir='ltr'><strong>mihi</strong></span> <span class='ocrx_word' id='word_1_395' title='bbox 2469 2273 2656 2328; x_wconf 85' lang='lat' dir='ltr'><strong>misero</strong></span> <span class='ocrx_word' id='word_1_396' title='bbox 2677 2271 2933 2343; x_wconf 87' lang='lat' dir='ltr'><strong>peccatori</strong></span> <span class='ocrx_word' id='word_1_397' title='bbox 2962 2268 3228 2324; x_wconf 82' lang='lat' dir='ltr'><strong>immunda</strong></span> <span class='ocrx_word' id='word_1_398' title='bbox 3254 2267 3395 2323; x_wconf 81' lang='lat' dir='ltr'><strong>labia</strong></span> <span class='ocrx_word' id='word_1_399' title='bbox 3436 2265 3533 2319; x_wconf 79' lang='lat' dir='ltr'><strong>lut-</strong></span> 
     </span>
    </p>
   </div>
   <div class='ocr_carea' id='block_1_53' title="bbox 1947 2361 3531 2432">
    <p class='ocr_par' dir='ltr' id='par_1_53' title="bbox 1947 2361 3531 2432">
     <span class='ocr_line' id='line_1_53' title="bbox 1947 2361 3531 2432; baseline -0.005 -10"><span class='ocrx_word' id='word_1_400' title='bbox 1947 2368 2087 2424; x_wconf 80' lang='lat' dir='ltr'><strong>benti</strong></span> <span class='ocrx_word' id='word_1_401' title='bbox 2116 2377 2140 2415; x_wconf 79' lang='lat'>8</span> <span class='ocrx_word' id='word_1_402' title='bbox 2195 2366 2282 2423; x_wconf 93' lang='lat' dir='ltr'><strong>cui</strong></span> <span class='ocrx_word' id='word_1_403' title='bbox 2310 2365 2516 2424; x_wconf 90' lang='lat' dir='ltr'><strong>fructus</strong></span> <span class='ocrx_word' id='word_1_404' title='bbox 2540 2366 2642 2422; x_wconf 91' lang='lat' dir='ltr'><strong>iste</strong></span> <span class='ocrx_word' id='word_1_405' title='bbox 2669 2381 2780 2422; x_wconf 91' lang='lat' dir='ltr'><strong>non</strong></span> <span class='ocrx_word' id='word_1_406' title='bbox 2818 2363 3064 2432; x_wconf 87' lang='lat' dir='ltr'><strong>contigit,</strong></span> <span class='ocrx_word' id='word_1_407' title='bbox 3109 2377 3230 2418; x_wconf 91' lang='lat' dir='ltr'><strong>cum</strong></span> <span class='ocrx_word' id='word_1_408' title='bbox 3271 2361 3326 2416; x_wconf 91' lang='lat' dir='ltr'><strong>in</strong></span> <span class='ocrx_word' id='word_1_409' title='bbox 3367 2373 3531 2414; x_wconf 92' lang='lat' dir='ltr'><strong>manu</strong></span> 
     </span>
    </p>
   </div>
   <div class='ocr_carea' id='block_1_54' title="bbox 1943 2462 2125 2518">
    <p class='ocr_par' dir='ltr' id='par_1_54' title="bbox 1943 2462 2125 2518">
     <span class='ocr_line' id='line_1_54' title="bbox 1943 2462 2125 2518; baseline -0.005 -2"><span class='ocrx_word' id='word_1_410' title='bbox 1943 2462 2125 2518; x_wconf 87' lang='lat' dir='ltr'><strong>fuerit.</strong></span> 
     </span>
    </p>
   </div>
   <div class='ocr_carea' id='block_1_55' title="bbox 2019 2544 3532 2617">
    <p class='ocr_par' dir='ltr' id='par_1_55' title="bbox 2019 2544 3532 2617">
     <span class='ocr_line' id='line_1_55' title="bbox 2019 2544 3532 2617; baseline -0.007 -9"><span class='ocrx_word' id='word_1_411' title='bbox 2019 2554 2070 2608; x_wconf 88' lang='lat'><strong>9.</strong></span> <span class='ocrx_word' id='word_1_412' title='bbox 2114 2553 2420 2609; x_wconf 88' lang='lat' dir='ltr'><strong>Meminisse</strong></span> <span class='ocrx_word' id='word_1_413' title='bbox 2447 2553 2590 2608; x_wconf 91' lang='lat' dir='ltr'><strong>enim</strong></span> <span class='ocrx_word' id='word_1_414' title='bbox 2619 2549 2782 2607; x_wconf 88' lang='lat' dir='ltr'><strong>credo</strong></span> <span class='ocrx_word' id='word_1_415' title='bbox 2823 2548 3077 2617; x_wconf 88' lang='lat' dir='ltr'><strong>dignaris,</strong></span> <span class='ocrx_word' id='word_1_416' title='bbox 3126 2546 3248 2616; x_wconf 86' lang='lat' dir='ltr'><strong>quia</strong></span> <span class='ocrx_word' id='word_1_417' title='bbox 3274 2544 3532 2600; x_wconf 86' lang='lat' dir='ltr'><strong>sanctita-</strong></span> 
     </span>
    </p>
   </div>
   <div class='ocr_carea' id='block_1_56' title="bbox 1947 2639 3535 2710">
    <p class='ocr_par' dir='ltr' id='par_1_56' title="bbox 1947 2639 3535 2710">
     <span class='ocr_line' id='line_1_56' title="bbox 1947 2639 3535 2710; baseline -0.008 -8"><span class='ocrx_word' id='word_1_418' title='bbox 1947 2656 2060 2702; x_wconf 89' lang='lat' dir='ltr'><strong>tem</strong></span> <span class='ocrx_word' id='word_1_419' title='bbox 2108 2655 2256 2701; x_wconf 91' lang='lat' dir='ltr'><strong>tuam</strong></span> <span class='ocrx_word' id='word_1_420' title='bbox 2284 2644 2412 2700; x_wconf 91' lang='lat' dir='ltr'><strong>olim</strong></span> <span class='ocrx_word' id='word_1_421' title='bbox 2457 2642 2679 2697; x_wconf 84' lang='lat' dir='ltr'><strong>Viennae</strong></span> <span class='ocrx_word' id='word_1_422' title='bbox 2733 2639 2874 2710; x_wconf 87' lang='lat' dir='ltr'><strong>apud</strong></span> <span class='ocrx_word' id='word_1_423' title='bbox 2919 2639 3139 2692; x_wconf 90' lang='lat' dir='ltr'><strong>beatum</strong></span> <span class='ocrx_word' id='word_1_424' title='bbox 3183 2644 3392 2706; x_wconf 86' lang='lat' dir='ltr'><strong>patrem</strong></span> <span class='ocrx_word' id='word_1_425' title='bbox 3436 2649 3535 2690; x_wconf 90' lang='lat' dir='ltr'><strong>no-</strong></span> 
     </span>
    </p>
   </div>
   <div class='ocr_carea' id='block_1_57' title="bbox 1947 2726 3537 2795">
    <p class='ocr_par' dir='ltr' id='par_1_57' title="bbox 1947 2726 3537 2795">
     <span class='ocr_line' id='line_1_57' title="bbox 1947 2726 3537 2795; baseline -0.008 -2"><span class='ocrx_word' id='word_1_426' title='bbox 1947 2745 2122 2794; x_wconf 84' lang='lat' dir='ltr'><strong>strum</strong></span> <span class='ocrx_word' id='word_1_427' title='bbox 2148 2734 2436 2790; x_wconf 85' lang='lat' dir='ltr'><strong>Martinum</strong></span> <span class='ocrx_word' id='word_1_428' title='bbox 2469 2731 2730 2795; x_wconf 89' lang='lat' dir='ltr'><strong>viderim,</strong></span> <span class='ocrx_word' id='word_1_429' title='bbox 2779 2729 2865 2786; x_wconf 91' lang='lat' dir='ltr'><strong>cui</strong></span> <span class='ocrx_word' id='word_1_430' title='bbox 2906 2737 2960 2785; x_wconf 91' lang='lat' dir='ltr'><strong>te</strong></span> <span class='ocrx_word' id='word_1_431' title='bbox 2998 2727 3254 2784; x_wconf 89' lang='lat' dir='ltr'><strong>Dominus</strong></span> <span class='ocrx_word' id='word_1_432' title='bbox 3283 2726 3337 2780; x_wconf 89' lang='lat' dir='ltr'><strong>in</strong></span> <span class='ocrx_word' id='word_1_433' title='bbox 3375 2732 3537 2780; x_wconf 59' lang='lat' dir='ltr'><strong>aetate</strong></span> 
     </span>
    </p>
   </div>
   <div class='ocr_carea' id='block_1_58' title="bbox 1949 2813 3535 2899">
    <p class='ocr_par' dir='ltr' id='par_1_58' title="bbox 1949 2813 3535 2899">
     <span class='ocr_line' id='line_1_58' title="bbox 1949 2813 3535 2899; baseline -0.011 -14"><span class='ocrx_word' id='word_1_434' title='bbox 1949 2827 2143 2899; x_wconf 90' lang='lat' dir='ltr'><strong>impari</strong></span> <span class='ocrx_word' id='word_1_435' title='bbox 2171 2840 2358 2898; x_wconf 89' lang='lat' dir='ltr'><strong>parem</strong></span> <span class='ocrx_word' id='word_1_436' title='bbox 2384 2824 2530 2880; x_wconf 89' lang='lat' dir='ltr'><strong>fecit.</strong></span> <span class='ocrx_word' id='word_1_437' title='bbox 2563 2821 2640 2877; x_wconf 87' lang='lat' dir='ltr'><strong>Ex</strong></span> <span class='ocrx_word' id='word_1_438' title='bbox 2662 2821 2753 2877; x_wconf 90' lang='lat' dir='ltr'><strong>illo</strong></span> <span class='ocrx_word' id='word_1_439' title='bbox 2779 2821 2959 2889; x_wconf 90' lang='lat' dir='ltr'><strong>igitur,</strong></span> <span class='ocrx_word' id='word_1_440' title='bbox 3001 2818 3126 2874; x_wconf 90' lang='lat' dir='ltr'><strong>licet</strong></span> <span class='ocrx_word' id='word_1_441' title='bbox 3164 2816 3314 2873; x_wconf 90' lang='lat' dir='ltr'><strong>brevi</strong></span> <span class='ocrx_word' id='word_1_442' title='bbox 3341 2813 3535 2870; x_wconf 85' lang='lat' dir='ltr'><strong>notitia</strong></span> 
     </span>
    </p>
   </div>
   <div class='ocr_carea' id='block_1_59' title="bbox 1949 2905 3536 2986">
    <p class='ocr_par' dir='ltr' id='par_1_59' title="bbox 1949 2905 3536 2986">
     <span class='ocr_line' id='line_1_59' title="bbox 1949 2905 3536 2986; baseline -0.005 -12"><span class='ocrx_word' id='word_1_443' title='bbox 1949 2926 2006 2974; x_wconf 90' lang='lat' dir='ltr'><strong>te</strong></span> <span class='ocrx_word' id='word_1_444' title='bbox 2053 2917 2324 2986; x_wconf 87' lang='lat' dir='ltr'><strong>attigerim</strong></span> <span class='ocrx_word' id='word_1_445' title='bbox 2346 2956 2361 2982; x_wconf 95' lang='lat'><strong>,</strong></span> <span class='ocrx_word' id='word_1_446' title='bbox 2417 2922 2596 2968; x_wconf 88' lang='lat' dir='ltr'><strong>tamen</strong></span> <span class='ocrx_word' id='word_1_447' title='bbox 2646 2925 2839 2980; x_wconf 89' lang='lat' dir='ltr'><strong>magna</strong></span> <span class='ocrx_word' id='word_1_448' title='bbox 2885 2909 3176 2965; x_wconf 91' lang='lat' dir='ltr'><strong>dilectione</strong></span> <span class='ocrx_word' id='word_1_449' title='bbox 3221 2905 3536 2977; x_wconf 80' lang='lat' dir='ltr'><strong>complexus</strong></span> 
     </span>
    </p>
   </div>
   <div class='ocr_carea' id='block_1_60' title="bbox 1948 3001 3537 3078">
    <p class='ocr_par' dir='ltr' id='par_1_60' title="bbox 1948 3001 3537 3078">
     <span class='ocr_line' id='line_1_60' title="bbox 1948 3001 3537 3078; baseline -0.006 -14"><span class='ocrx_word' id='word_1_450' title='bbox 1948 3024 2092 3077; x_wconf 88' lang='lat' dir='ltr'><strong>sum,</strong></span> <span class='ocrx_word' id='word_1_451' title='bbox 2121 3013 2178 3062; x_wconf 91' lang='lat' dir='ltr'><strong>et</strong></span> <span class='ocrx_word' id='word_1_452' title='bbox 2205 3013 2405 3078; x_wconf 88' lang='lat' dir='ltr'><strong>quanta</strong></span> <span class='ocrx_word' id='word_1_453' title='bbox 2434 3013 2561 3060; x_wconf 91' lang='lat' dir='ltr'><strong>tunc</strong></span> <span class='ocrx_word' id='word_1_454' title='bbox 2581 3003 2731 3058; x_wconf 88' lang='lat' dir='ltr'><strong>licuit</strong></span> <span class='ocrx_word' id='word_1_455' title='bbox 2759 3001 2917 3072; x_wconf 90' lang='lat' dir='ltr'><strong>copia</strong></span> <span class='ocrx_word' id='word_1_456' title='bbox 2946 3007 3233 3056; x_wconf 87' lang='lat' dir='ltr'><strong>veneratus</strong></span> <span class='ocrx_word' id='word_1_457' title='bbox 3263 3014 3382 3055; x_wconf 88' lang='lat' dir='ltr'><strong>sum</strong></span> <span class='ocrx_word' id='word_1_458' title='bbox 3409 3012 3537 3055; x_wconf 85' lang='lat' dir='ltr'><strong>san-</strong></span> 
     </span>
    </p>
   </div>
   <div class='ocr_carea' id='block_1_61' title="bbox 1947 3091 3536 3162">
    <p class='ocr_par' dir='ltr' id='par_1_61' title="bbox 1947 3091 3536 3162">
     <span class='ocr_line' id='line_1_61' title="bbox 1947 3091 3536 3162; baseline -0.005 -8"><span class='ocrx_word' id='word_1_459' title='bbox 1947 3099 2189 3155; x_wconf 85' lang='lat' dir='ltr'><strong>ctitatem</strong></span> <span class='ocrx_word' id='word_1_460' title='bbox 2219 3105 2400 3162; x_wconf 88' lang='lat' dir='ltr'><strong>tuam;</strong></span> <span class='ocrx_word' id='word_1_461' title='bbox 2431 3104 2486 3150; x_wconf 91' lang='lat' dir='ltr'><strong>et</strong></span> <span class='ocrx_word' id='word_1_462' title='bbox 2527 3108 2615 3152; x_wconf 89' lang='lat' dir='ltr'><strong>me</strong></span> <span class='ocrx_word' id='word_1_463' title='bbox 2639 3108 2704 3150; x_wconf 89' lang='lat' dir='ltr'><strong>ac</strong></span> <span class='ocrx_word' id='word_1_464' title='bbox 2729 3107 2900 3158; x_wconf 91' lang='lat' dir='ltr'><strong>meos,</strong></span> <span class='ocrx_word' id='word_1_465' title='bbox 2940 3092 3032 3162; x_wconf 82' lang='lat' dir='ltr'><strong>qui</strong></span> <span class='ocrx_word' id='word_1_466' title='bbox 3060 3098 3116 3148; x_wconf 90' lang='lat' dir='ltr'><strong>te</strong></span> <span class='ocrx_word' id='word_1_467' title='bbox 3153 3091 3422 3158; x_wconf 88' lang='lat' dir='ltr'><strong>absentes,</strong></span> <span class='ocrx_word' id='word_1_468' title='bbox 3451 3097 3536 3146; x_wconf 85' lang='lat' dir='ltr'><strong>ta-</strong></span> 
     </span>
    </p>
   </div>
   <div class='ocr_carea' id='block_1_62' title="bbox 232 3179 3536 3262">
    <p class='ocr_par' dir='ltr' id='par_1_62' title="bbox 232 3179 3536 3262">
     <span class='ocr_line' id='line_1_62' title="bbox 232 3179 3536 3262; baseline 0.001 -25"><span class='ocrx_word' id='word_1_469' title='bbox 232 3182 408 3237; x_wconf 87' lang='lat' dir='ltr'><strong>triste</strong></span> <span class='ocrx_word' id='word_1_470' title='bbox 435 3183 714 3250; x_wconf 88' lang='lat' dir='ltr'><strong>curabant,</strong></span> <span class='ocrx_word' id='word_1_471' title='bbox 735 3199 869 3253; x_wconf 89' lang='lat' dir='ltr'><strong>quas</strong></span> <span class='ocrx_word' id='word_1_472' title='bbox 889 3186 988 3254; x_wconf 92' lang='lat' dir='ltr'><strong>ipsi</strong></span> <span class='ocrx_word' id='word_1_473' title='bbox 1004 3187 1256 3240; x_wconf 75' lang='lat' dir='ltr'><strong>arctius”</strong></span> <span class='ocrx_word' id='word_1_474' title='bbox 1273 3187 1551 3242; x_wconf 89' lang='lat' dir='ltr'><strong>innodatas</strong></span> <span class='ocrx_word' id='word_1_475' title='bbox 1571 3194 1625 3242; x_wconf 87' lang='lat' dir='ltr'><strong>et</strong></span> <span class='ocrx_word' id='word_1_476' title='bbox 1638 3187 1705 3242; x_wconf 87' lang='lat' dir='ltr'><strong>ad</strong></span> <span class='ocrx_word' id='word_1_477' title='bbox 1726 3201 1848 3243; x_wconf 85' lang='lat' dir='ltr'><strong>ossa</strong></span> <span class='ocrx_word' id='word_1_478' title='bbox 1873 3179 1919 3243; x_wconf 90' lang='lat' dir='ltr'><strong>C</strong></span> <span class='ocrx_word' id='word_1_479' title='bbox 1949 3207 2073 3248; x_wconf 89' lang='lat' dir='ltr'><strong>men</strong></span> <span class='ocrx_word' id='word_1_480' title='bbox 2101 3191 2230 3262; x_wconf 88' lang='lat' dir='ltr'><strong>quia</strong></span> <span class='ocrx_word' id='word_1_481' title='bbox 2252 3189 2510 3260; x_wconf 89' lang='lat' dir='ltr'><strong>jungente</strong></span> <span class='ocrx_word' id='word_1_482' title='bbox 2537 3187 2751 3244; x_wconf 86' lang='lat' dir='ltr'><strong>Christo</strong></span> <span class='ocrx_word' id='word_1_483' title='bbox 2777 3202 2942 3243; x_wconf 90' lang='lat' dir='ltr'><strong>unum</strong></span> <span class='ocrx_word' id='word_1_484' title='bbox 2965 3200 3148 3243; x_wconf 87' lang='lat' dir='ltr'><strong>sumus</strong></span> <span class='ocrx_word' id='word_1_485' title='bbox 3168 3223 3186 3252; x_wconf 90' lang='lat'><strong>,</strong></span> <span class='ocrx_word' id='word_1_486' title='bbox 3218 3199 3316 3256; x_wconf 88' lang='lat' dir='ltr'><strong>per</strong></span> <span class='ocrx_word' id='word_1_487' title='bbox 3339 3197 3428 3240; x_wconf 90' lang='lat' dir='ltr'><strong>me</strong></span> <span class='ocrx_word' id='word_1_488' title='bbox 3449 3183 3536 3239; x_wconf 85' lang='lat' dir='ltr'><strong>vi-</strong></span> 
     </span>
    </p>
   </div>
   <div class='ocr_carea' id='block_1_63' title="bbox 235 3274 1845 3344">
    <p class='ocr_par' dir='ltr' id='par_1_63' title="bbox 235 3274 1845 3344">
     <span class='ocr_line' id='line_1_63' title="bbox 235 3274 1845 3344; baseline 0.004 -15"><span class='ocrx_word' id='word_1_489' title='bbox 235 3274 562 3344; x_wconf 85' lang='lat' dir='ltr'><strong>deprcssas,</strong></span> <span class='ocrx_word' id='word_1_490' title='bbox 593 3274 682 3329; x_wconf 89' lang='lat' dir='ltr'><strong>vel</strong></span> <span class='ocrx_word' id='word_1_491' title='bbox 716 3275 910 3344; x_wconf 81' lang='lat' dir='ltr'><strong>exiguo</strong></span> <span class='ocrx_word' id='word_1_492' title='bbox 939 3277 1251 3344; x_wconf 88' lang='lat' dir='ltr'><strong>rogantibus</strong></span> <span class='ocrx_word' id='word_1_493' title='bbox 1285 3278 1438 3334; x_wconf 85' lang='lat' dir='ltr'><strong>vobis</strong></span> <span class='ocrx_word' id='word_1_494' title='bbox 1469 3277 1730 3334; x_wconf 84' lang='lat' dir='ltr'><strong>beneﬁcio</strong></span> <span class='ocrx_word' id='word_1_495' title='bbox 1757 3293 1845 3336; x_wconf 89' lang='lat' dir='ltr'><strong>re-</strong></span> 
     </span>
    </p>
   </div>
   <div class='ocr_carea' id='block_1_64' title="bbox 235 3364 1846 3443">
    <p class='ocr_par' dir='ltr' id='par_1_64' title="bbox 235 3364 1846 3443">
     <span class='ocr_line' id='line_1_64' title="bbox 235 3364 1846 3443; baseline 0.006 -23"><span class='ocrx_word' id='word_1_496' title='bbox 235 3364 439 3420; x_wconf 85' lang='lat' dir='ltr'><strong>laxare</strong></span> <span class='ocrx_word' id='word_1_497' title='bbox 493 3364 779 3421; x_wconf 90' lang='lat' dir='ltr'><strong>noluerant</strong></span> <span class='ocrx_word' id='word_1_498' title='bbox 825 3375 1046 3424; x_wconf 88' lang='lat' dir='ltr'><strong>catenas</strong></span> <span class='ocrx_word' id='word_1_499' title='bbox 1069 3409 1083 3434; x_wconf 94' lang='lat'><strong>,</strong></span> <span class='ocrx_word' id='word_1_500' title='bbox 1138 3385 1398 3426; x_wconf 83' lang='lat' dir='ltr'><strong>conversa</strong></span> <span class='ocrx_word' id='word_1_501' title='bbox 1451 3372 1504 3426; x_wconf 92' lang='lat' dir='ltr'><strong>in</strong></span> <span class='ocrx_word' id='word_1_502' title='bbox 1550 3379 1846 3443; x_wconf 88' lang='lat' dir='ltr'><strong>conspectu</strong></span> 
     </span>
    </p>
   </div>
   <div class='ocr_carea' id='block_1_65' title="bbox 237 3455 1846 3536">
    <p class='ocr_par' dir='ltr' id='par_1_65' title="bbox 237 3455 1846 3536">
     <span class='ocr_line' id='line_1_65' title="bbox 237 3455 1846 3536; baseline 0.007 -25"><span class='ocrx_word' id='word_1_503' title='bbox 237 3456 494 3527; x_wconf 87' lang='lat' dir='ltr'><strong>ipsorum</strong></span> <span class='ocrx_word' id='word_1_504' title='bbox 533 3471 696 3526; x_wconf 87' lang='lat' dir='ltr'><strong>prece</strong></span> <span class='ocrx_word' id='word_1_505' title='bbox 724 3466 901 3514; x_wconf 89' lang='lat' dir='ltr'><strong>vestra</strong></span> <span class='ocrx_word' id='word_1_506' title='bbox 947 3459 1018 3516; x_wconf 92' lang='lat' dir='ltr'><strong>ad</strong></span> <span class='ocrx_word' id='word_1_507' title='bbox 1060 3460 1228 3517; x_wconf 91' lang='lat' dir='ltr'><strong>Deum</strong></span> <span class='ocrx_word' id='word_1_508' title='bbox 1258 3462 1304 3495; x_wconf 89' lang='grc'><strong>³³</strong></span> <span class='ocrx_word' id='word_1_509' title='bbox 1331 3455 1623 3532; x_wconf 88' lang='lat' dir='ltr'><strong>Christum,</strong></span> <span class='ocrx_word' id='word_1_510' title='bbox 1652 3473 1846 3536; x_wconf 87' lang='lat' dir='ltr'><strong>sponte</strong></span> 
     </span>
    </p>
   </div>
   <div class='ocr_carea' id='block_1_66' title="bbox 239 3548 1845 3627">
    <p class='ocr_par' dir='ltr' id='par_1_66' title="bbox 239 3548 1845 3627">
     <span class='ocr_line' id='line_1_66' title="bbox 239 3548 1845 3627; baseline 0.007 -24"><span class='ocrx_word' id='word_1_511' title='bbox 239 3548 315 3604; x_wconf 85' lang='lat' dir='ltr'><strong>de</strong></span> <span class='ocrx_word' id='word_1_512' title='bbox 345 3550 597 3606; x_wconf 89' lang='lat' dir='ltr'><strong>manibus</strong></span> <span class='ocrx_word' id='word_1_513' title='bbox 625 3552 882 3608; x_wconf 88' lang='lat' dir='ltr'><strong>absolutis</strong></span> <span class='ocrx_word' id='word_1_514' title='bbox 905 3552 1072 3610; x_wconf 83' lang='lat' dir='ltr'><strong>fluere</strong></span> <span class='ocrx_word' id='word_1_515' title='bbox 1106 3557 1260 3627; x_wconf 73' lang='lat'><strong>102</strong></span> <span class='ocrx_word' id='word_1_516' title='bbox 1287 3556 1569 3624; x_wconf 88' lang='lat' dir='ltr'><strong>viderunt;</strong></span> <span class='ocrx_word' id='word_1_517' title='bbox 1602 3573 1703 3614; x_wconf 91' lang='lat' dir='ltr'><strong>nec</strong></span> <span class='ocrx_word' id='word_1_518' title='bbox 1729 3560 1845 3615; x_wconf 90' lang='lat' dir='ltr'><strong>ausi</strong></span> 
     </span>
    </p>
   </div>
   <div class='ocr_carea' id='block_1_67' title="bbox 241 3641 1845 3720">
    <p class='ocr_par' dir='ltr' id='par_1_67' title="bbox 241 3641 1845 3720">
     <span class='ocr_line' id='line_1_67' title="bbox 241 3641 1845 3720; baseline 0.008 -27"><span class='ocrx_word' id='word_1_519' title='bbox 241 3647 536 3695; x_wconf 88' lang='lat' dir='ltr'><strong>renectere</strong></span> <span class='ocrx_word' id='word_1_520' title='bbox 579 3641 726 3712; x_wconf 90' lang='lat' dir='ltr'><strong>quod</strong></span> <span class='ocrx_word' id='word_1_521' title='bbox 764 3642 905 3699; x_wconf 87' lang='lat' dir='ltr'><strong>Deus</strong></span> <span class='ocrx_word' id='word_1_522' title='bbox 942 3644 1203 3712; x_wconf 89' lang='lat' dir='ltr'><strong>solverat,</strong></span> <span class='ocrx_word' id='word_1_523' title='bbox 1252 3646 1317 3701; x_wconf 90' lang='lat' dir='ltr'><strong>ad</strong></span> <span class='ocrx_word' id='word_1_524' title='bbox 1365 3651 1617 3705; x_wconf 89' lang='lat' dir='ltr'><strong>comitem</strong></span> <span class='ocrx_word' id='word_1_525' title='bbox 1665 3650 1845 3720; x_wconf 90' lang='lat' dir='ltr'><strong>pavidi</strong></span> 
     </span>
    </p>
   </div>
   <div class='ocr_carea' id='block_1_68' title="bbox 246 3734 1843 3808">
    <p class='ocr_par' dir='ltr' id='par_1_68' title="bbox 246 3734 1843 3808">
     <span class='ocr_line' id='line_1_68' title="bbox 246 3734 1843 3808; baseline 0.006 -22"><span class='ocrx_word' id='word_1_526' title='bbox 246 3740 610 3788; x_wconf 82' lang='lat' dir='ltr'><strong>cucurrerunt</strong></span> <span class='ocrx_word' id='word_1_527' title='bbox 638 3775 654 3801; x_wconf 90' lang='lat'><strong>,</strong></span> <span class='ocrx_word' id='word_1_528' title='bbox 684 3734 967 3792; x_wconf 82' lang='lat' dir='ltr'><strong>veritatem</strong></span> <span class='ocrx_word' id='word_1_529' title='bbox 994 3736 1091 3793; x_wconf 89' lang='lat' dir='ltr'><strong>Dei</strong></span> <span class='ocrx_word' id='word_1_530' title='bbox 1115 3753 1214 3808; x_wconf 90' lang='lat' dir='ltr'><strong>pro</strong></span> <span class='ocrx_word' id='word_1_531' title='bbox 1243 3739 1640 3798; x_wconf 88' lang='lat' dir='ltr'><strong>confessorihus</strong></span> <span class='ocrx_word' id='word_1_532' title='bbox 1668 3743 1843 3800; x_wconf 85' lang='lat' dir='ltr'><strong>conti-</strong></span> 
     </span>
    </p>
   </div>
   <div class='ocr_carea' id='block_1_69' title="bbox 247 3822 1847 3900">
    <p class='ocr_par' dir='ltr' id='par_1_69' title="bbox 247 3822 1847 3900">
     <span class='ocr_line' id='line_1_69' title="bbox 247 3822 1847 3900; baseline 0.01 -24"><span class='ocrx_word' id='word_1_533' title='bbox 247 3828 452 3880; x_wconf 85' lang='lat' dir='ltr'><strong>tentes.</strong></span> <span class='ocrx_word' id='word_1_534' title='bbox 485 3822 642 3890; x_wconf 82' lang='lat' dir='ltr'><strong>Quod</strong></span> <span class='ocrx_word' id='word_1_535' title='bbox 687 3825 926 3882; x_wconf 91' lang='lat' dir='ltr'><strong>auditum</strong></span> <span class='ocrx_word' id='word_1_536' title='bbox 954 3828 1208 3898; x_wconf 87' lang='lat' dir='ltr'><strong>religiose</strong></span> <span class='ocrx_word' id='word_1_537' title='bbox 1245 3839 1301 3886; x_wconf 92' lang='lat' dir='ltr'><strong>et</strong></span> <span class='ocrx_word' id='word_1_538' title='bbox 1336 3833 1622 3900; x_wconf 89' lang='lat' dir='ltr'><strong>creditum,</strong></span> <span class='ocrx_word' id='word_1_539' title='bbox 1663 3850 1847 3892; x_wconf 90' lang='lat' dir='ltr'><strong>comes</strong></span> 
     </span>
    </p>
   </div>
   <div class='ocr_carea' id='block_1_70' title="bbox 248 3913 1848 3992">
    <p class='ocr_par' dir='ltr' id='par_1_70' title="bbox 248 3913 1848 3992">
     <span class='ocr_line' id='line_1_70' title="bbox 248 3913 1848 3992; baseline 0.009 -25"><span class='ocrx_word' id='word_1_540' title='bbox 248 3913 486 3985; x_wconf 86' lang='lat' dir='ltr'><strong>principi</strong></span> <span class='ocrx_word' id='word_1_541' title='bbox 508 3932 608 3973; x_wconf 87' lang='lat' dir='ltr'><strong>suo</strong></span> <span class='ocrx_word' id='word_1_542' title='bbox 637 3932 758 3973; x_wconf 91' lang='lat' dir='ltr'><strong>cum</strong></span> <span class='ocrx_word' id='word_1_543' title='bbox 781 3919 1092 3977; x_wconf 90' lang='lat' dir='ltr'><strong>testimonio</strong></span> <span class='ocrx_word' id='word_1_544' title='bbox 1114 3920 1161 3954; x_wconf 72' lang='lat'><strong>&quot;</strong></span> <span class='ocrx_word' id='word_1_545' title='bbox 1181 3922 1410 3978; x_wconf 90' lang='lat' dir='ltr'><strong>militum</strong></span> <span class='ocrx_word' id='word_1_546' title='bbox 1439 3925 1643 3979; x_wconf 88' lang='lat' dir='ltr'><strong>retulit.</strong></span> <span class='ocrx_word' id='word_1_547' title='bbox 1675 3924 1762 3992; x_wconf 87' lang='lat' dir='ltr'><strong>Et,</strong></span> <span class='ocrx_word' id='word_1_548' title='bbox 1786 3935 1848 3983; x_wconf 92' lang='lat' dir='ltr'><strong>ut</strong></span> 
     </span>
    </p>
   </div>
   <div class='ocr_carea' id='block_1_71' title="bbox 253 4004 1848 4083">
    <p class='ocr_par' dir='ltr' id='par_1_71' title="bbox 253 4004 1848 4083">
     <span class='ocr_line' id='line_1_71' title="bbox 253 4004 1848 4083; baseline 0.01 -26"><span class='ocrx_word' id='word_1_549' title='bbox 253 4004 430 4083; x_wconf 74' lang='lat' dir='ltr'><strong>ipsius</strong></span> <span class='ocrx_word' id='word_1_550' title='bbox 471 4023 686 4079; x_wconf 89' lang='lat' dir='ltr'><strong>quoque</strong></span> <span class='ocrx_word' id='word_1_551' title='bbox 723 4011 1008 4081; x_wconf 88' lang='lat' dir='ltr'><strong>repentina</strong></span> <span class='ocrx_word' id='word_1_552' title='bbox 1052 4011 1124 4067; x_wconf 89' lang='lat' dir='ltr'><strong>ad</strong></span> <span class='ocrx_word' id='word_1_553' title='bbox 1168 4013 1510 4069; x_wconf 89' lang='lat' dir='ltr'><strong>clementiam</strong></span> <span class='ocrx_word' id='word_1_554' title='bbox 1549 4015 1618 4070; x_wconf 90' lang='lat' dir='ltr'><strong>de</strong></span> <span class='ocrx_word' id='word_1_555' title='bbox 1665 4015 1848 4074; x_wconf 89' lang='lat' dir='ltr'><strong>furore</strong></span> 
     </span>
    </p>
   </div>
   <div class='ocr_carea' id='block_1_72' title="bbox 252 4099 1850 4170">
    <p class='ocr_par' dir='ltr' id='par_1_72' title="bbox 252 4099 1850 4170">
     <span class='ocr_line' id='line_1_72' title="bbox 252 4099 1850 4170; baseline 0.007 -18"><span class='ocrx_word' id='word_1_556' title='bbox 252 4099 542 4155; x_wconf 86' lang='lat' dir='ltr'><strong>conversio</strong></span> <span class='ocrx_word' id='word_1_557' title='bbox 570 4100 712 4157; x_wconf 90' lang='lat' dir='ltr'><strong>inter</strong></span> <span class='ocrx_word' id='word_1_558' title='bbox 732 4101 998 4157; x_wconf 87' lang='lat' dir='ltr'><strong>mirabilia</strong></span> <span class='ocrx_word' id='word_1_559' title='bbox 1026 4101 1123 4158; x_wconf 91' lang='lat' dir='ltr'><strong>Dei</strong></span> <span class='ocrx_word' id='word_1_560' title='bbox 1146 4115 1542 4170; x_wconf 88' lang='lat' dir='ltr'><strong>numeraretur,</strong></span> <span class='ocrx_word' id='word_1_561' title='bbox 1574 4109 1746 4162; x_wconf 87' lang='lat' dir='ltr'><strong>factus</strong></span> <span class='ocrx_word' id='word_1_562' title='bbox 1765 4117 1850 4164; x_wconf 90' lang='lat' dir='ltr'><strong>est</strong></span> 
     </span>
    </p>
   </div>
   <div class='ocr_carea' id='block_1_73' title="bbox 249 4186 1850 4264">
    <p class='ocr_par' dir='ltr' id='par_1_73' title="bbox 249 4186 1850 4264">
     <span class='ocr_line' id='line_1_73' title="bbox 249 4186 1850 4264; baseline 0.007 -23"><span class='ocrx_word' id='word_1_563' title='bbox 249 4186 308 4242; x_wconf 91' lang='lat' dir='ltr'><strong>in</strong></span> <span class='ocrx_word' id='word_1_564' title='bbox 339 4194 395 4244; x_wconf 91' lang='lat' dir='ltr'><strong>te</strong></span> <span class='ocrx_word' id='word_1_565' title='bbox 423 4190 746 4259; x_wconf 74' lang='lat' dir='ltr'><strong>prtedicator</strong></span> <span class='ocrx_word' id='word_1_566' title='bbox 770 4190 971 4248; x_wconf 89' lang='lat' dir='ltr'><strong>Christi</strong></span> <span class='ocrx_word' id='word_1_567' title='bbox 1020 4192 1098 4264; x_wconf 73' lang='lat' dir='ltr'><strong>(It)</strong></span> <span class='ocrx_word' id='word_1_568' title='bbox 1147 4193 1204 4249; x_wconf 91' lang='lat' dir='ltr'><strong>in</strong></span> <span class='ocrx_word' id='word_1_569' title='bbox 1242 4210 1351 4264; x_wconf 92' lang='lat' dir='ltr'><strong>quo</strong></span> <span class='ocrx_word' id='word_1_570' title='bbox 1397 4210 1517 4251; x_wconf 88' lang='lat' dir='ltr'><strong>esse</strong></span> <span class='ocrx_word' id='word_1_571' title='bbox 1555 4195 1850 4253; x_wconf 90' lang='lat' dir='ltr'><strong>devoverat</strong></span> 
     </span>
    </p>
   </div>
   <div class='ocr_carea' id='block_1_74' title="bbox 249 4281 1848 4356">
    <p class='ocr_par' dir='ltr' id='par_1_74' title="bbox 249 4281 1848 4356">
     <span class='ocr_line' id='line_1_74' title="bbox 249 4281 1848 4356; baseline 0.007 -23"><span class='ocrx_word' id='word_1_572' title='bbox 249 4289 593 4349; x_wconf 86' lang='lat' dir='ltr'><strong>persecutor.</strong></span> <span class='ocrx_word' id='word_1_573' title='bbox 639 4281 775 4338; x_wconf 86' lang='lat' dir='ltr'><strong>Puto</strong></span> <span class='ocrx_word' id='word_1_574' title='bbox 827 4291 883 4339; x_wconf 93' lang='lat' dir='ltr'><strong>et</strong></span> <span class='ocrx_word' id='word_1_575' title='bbox 931 4283 1104 4354; x_wconf 87' lang='lat' dir='ltr'><strong>ipsum</strong></span> <span class='ocrx_word' id='word_1_576' title='bbox 1157 4293 1427 4356; x_wconf 87' lang='lat' dir='ltr'><strong>tamquam</strong></span> <span class='ocrx_word' id='word_1_577' title='bbox 1483 4285 1700 4342; x_wconf 90' lang='lat' dir='ltr'><strong>Saulem</strong></span> <span class='ocrx_word' id='word_1_578' title='bbox 1747 4287 1848 4344; x_wconf 92' lang='lat' dir='ltr'><strong>ali-</strong></span> 
     </span>
    </p>
   </div>
   <div class='ocr_carea' id='block_1_75' title="bbox 249 4373 1845 4452">
    <p class='ocr_par' dir='ltr' id='par_1_75' title="bbox 249 4373 1845 4452">
     <span class='ocr_line' id='line_1_75' title="bbox 249 4373 1845 4452; baseline 0.005 -24"><span class='ocrx_word' id='word_1_579' title='bbox 249 4373 473 4442; x_wconf 89' lang='lat' dir='ltr'><strong>quando</strong></span> <span class='ocrx_word' id='word_1_580' title='bbox 499 4373 705 4445; x_wconf 88' lang='lat' dir='ltr'><strong>Spiritu</strong></span> <span class='ocrx_word' id='word_1_581' title='bbox 730 4385 918 4433; x_wconf 89' lang='lat' dir='ltr'><strong>sancto</strong></span> <span class='ocrx_word' id='word_1_582' title='bbox 947 4377 1204 4433; x_wconf 88' lang='lat' dir='ltr'><strong>Dominus</strong></span> <span class='ocrx_word' id='word_1_583' title='bbox 1227 4379 1544 4448; x_wconf 87' lang='lat' dir='ltr'><strong>impleverat</strong></span> <span class='ocrx_word' id='word_1_584' title='bbox 1574 4379 1620 4412; x_wconf 83' lang='grc'>³⁵</span> <span class='ocrx_word' id='word_1_585' title='bbox 1653 4390 1698 4446; x_wconf 79' lang='grc' dir='ltr'><strong>ο,</strong></span> <span class='ocrx_word' id='word_1_586' title='bbox 1722 4382 1845 4452; x_wconf 85' lang='lat' dir='ltr'><strong>quia</strong></span> 
     </span>
    </p>
   </div>
   <div class='ocr_carea' id='block_1_76' title="bbox 249 4454 1846 4540">
    <p class='ocr_par' dir='ltr' id='par_1_76' title="bbox 249 4454 1846 4540">
     <span class='ocr_line' id='line_1_76' title="bbox 249 4454 1846 4540; baseline 0.007 -21"><span class='ocrx_word' id='word_1_587' title='bbox 249 4471 305 4519; x_wconf 88' lang='lat' dir='ltr'><strong>et</strong></span> <span class='ocrx_word' id='word_1_588' title='bbox 334 4472 390 4520; x_wconf 87' lang='lat' dir='ltr'><strong>te</strong></span> <span class='ocrx_word' id='word_1_589' title='bbox 430 4465 573 4521; x_wconf 91' lang='lat' dir='ltr'><strong>sicut</strong></span> <span class='ocrx_word' id='word_1_590' title='bbox 601 4466 770 4522; x_wconf 91' lang='lat' dir='ltr'><strong>David</strong></span> <span class='ocrx_word' id='word_1_591' title='bbox 813 4469 875 4539; x_wconf 77' lang='grc' dir='ltr'><strong>(ί)</strong></span> <span class='ocrx_word' id='word_1_592' title='bbox 906 4483 1062 4524; x_wconf 89' lang='lat' dir='ltr'><strong>suum</strong></span> <span class='ocrx_word' id='word_1_593' title='bbox 1112 4470 1368 4540; x_wconf 89' lang='lat' dir='ltr'><strong>diligebat</strong></span> <span class='ocrx_word' id='word_1_594' title='bbox 1410 4489 1422 4524; x_wconf 89' lang='lat'><strong>:</strong></span> <span class='ocrx_word' id='word_1_595' title='bbox 1465 4479 1525 4526; x_wconf 92' lang='lat' dir='ltr'><strong>ut</strong></span> <span class='ocrx_word' id='word_1_596' title='bbox 1571 4474 1711 4529; x_wconf 88' lang='lat' dir='ltr'><strong>sicut</strong></span> <span class='ocrx_word' id='word_1_597' title='bbox 1755 4454 1846 4531; x_wconf 78' lang='lat' dir='ltr'><strong>ille</strong></span> 
     </span>
    </p>
   </div>
   <div class='ocr_carea' id='block_1_77' title="bbox 1946 3275 3538 3352">
    <p class='ocr_par' dir='ltr' id='par_1_77' title="bbox 1946 3275 3538 3352">
     <span class='ocr_line' id='line_1_77' title="bbox 1946 3275 3538 3352; baseline -0.005 -14"><span class='ocrx_word' id='word_1_598' title='bbox 1946 3281 2167 3348; x_wconf 90' lang='lat' dir='ltr'><strong>debant,</strong></span> <span class='ocrx_word' id='word_1_599' title='bbox 2217 3281 2372 3352; x_wconf 75' lang='lat'><strong>103</strong></span> <span class='ocrx_word' id='word_1_600' title='bbox 2421 3279 2796 3336; x_wconf 88' lang='lat' dir='ltr'><strong>commendavi</strong></span> <span class='ocrx_word' id='word_1_601' title='bbox 2824 3279 2880 3334; x_wconf 91' lang='lat' dir='ltr'><strong>in</strong></span> <span class='ocrx_word' id='word_1_602' title='bbox 2915 3286 3180 3333; x_wconf 67' lang='lat' dir='ltr'><strong>aeternum</strong></span> <span class='ocrx_word' id='word_1_603' title='bbox 3224 3275 3356 3342; x_wconf 90' lang='lat' dir='ltr'><strong>tibi;</strong></span> <span class='ocrx_word' id='word_1_604' title='bbox 3405 3288 3538 3344; x_wconf 85' lang='lat' dir='ltr'><strong>gau-</strong></span> 
     </span>
    </p>
   </div>
   <div class='ocr_carea' id='block_1_78' title="bbox 1946 3365 3536 3445">
    <p class='ocr_par' dir='ltr' id='par_1_78' title="bbox 1946 3365 3536 3445">
     <span class='ocr_line' id='line_1_78' title="bbox 1946 3365 3536 3445; baseline -0.008 -14"><span class='ocrx_word' id='word_1_605' title='bbox 1946 3375 2159 3445; x_wconf 89' lang='lat' dir='ltr'><strong>deoque</strong></span> <span class='ocrx_word' id='word_1_606' title='bbox 2203 3387 2368 3439; x_wconf 92' lang='lat' dir='ltr'><strong>nunc,</strong></span> <span class='ocrx_word' id='word_1_607' title='bbox 2411 3370 2556 3441; x_wconf 88' lang='lat' dir='ltr'><strong>quod</strong></span> <span class='ocrx_word' id='word_1_608' title='bbox 2583 3371 2689 3427; x_wconf 88' lang='lat' dir='ltr'><strong>hoc</strong></span> <span class='ocrx_word' id='word_1_609' title='bbox 2723 3369 2912 3425; x_wconf 90' lang='lat' dir='ltr'><strong>saltem</strong></span> <span class='ocrx_word' id='word_1_610' title='bbox 2960 3369 3092 3423; x_wconf 91' lang='lat' dir='ltr'><strong>mihi</strong></span> <span class='ocrx_word' id='word_1_611' title='bbox 3135 3365 3358 3436; x_wconf 89' lang='lat' dir='ltr'><strong>gloriari</strong></span> <span class='ocrx_word' id='word_1_612' title='bbox 3385 3365 3536 3432; x_wconf 89' lang='lat' dir='ltr'><strong>licet,</strong></span> 
     </span>
    </p>
   </div>
   <div class='ocr_carea' id='block_1_79' title="bbox 1946 3453 3538 3538">
    <p class='ocr_par' dir='ltr' id='par_1_79' title="bbox 1946 3453 3538 3538">
     <span class='ocr_line' id='line_1_79' title="bbox 1946 3453 3538 3538; baseline -0.008 -16"><span class='ocrx_word' id='word_1_613' title='bbox 1946 3466 2074 3538; x_wconf 92' lang='lat' dir='ltr'><strong>quia</strong></span> <span class='ocrx_word' id='word_1_614' title='bbox 2103 3465 2296 3521; x_wconf 90' lang='lat' dir='ltr'><strong>faciem</strong></span> <span class='ocrx_word' id='word_1_615' title='bbox 2327 3471 2473 3518; x_wconf 90' lang='lat' dir='ltr'><strong>tuam</strong></span> <span class='ocrx_word' id='word_1_616' title='bbox 2504 3463 2558 3518; x_wconf 92' lang='lat' dir='ltr'><strong>in</strong></span> <span class='ocrx_word' id='word_1_617' title='bbox 2585 3475 2749 3518; x_wconf 88' lang='lat' dir='ltr'><strong>carne</strong></span> <span class='ocrx_word' id='word_1_618' title='bbox 2761 3459 2987 3517; x_wconf 89' lang='lat' dir='ltr'><strong>viderim</strong></span> <span class='ocrx_word' id='word_1_619' title='bbox 3013 3476 3028 3512; x_wconf 88' lang='lat'><strong>:</strong></span> <span class='ocrx_word' id='word_1_620' title='bbox 3058 3457 3152 3514; x_wconf 90' lang='lat' dir='ltr'><strong>sed</strong></span> <span class='ocrx_word' id='word_1_621' title='bbox 3176 3457 3334 3526; x_wconf 85' lang='lat' dir='ltr'><strong>lugeo</strong></span> <span class='ocrx_word' id='word_1_622' title='bbox 3362 3453 3538 3524; x_wconf 88' lang='lat' dir='ltr'><strong>negli-</strong></span> 
     </span>
    </p>
   </div>
   <div class='ocr_carea' id='block_1_80' title="bbox 1947 3539 3538 3630">
    <p class='ocr_par' dir='ltr' id='par_1_80' title="bbox 1947 3539 3538 3630">
     <span class='ocr_line' id='line_1_80' title="bbox 1947 3539 3538 3630; baseline -0.006 -16"><span class='ocrx_word' id='word_1_623' title='bbox 1947 3559 2182 3630; x_wconf 84' lang='lat' dir='ltr'><strong>gentiam</strong></span> <span class='ocrx_word' id='word_1_624' title='bbox 2231 3539 2558 3613; x_wconf 79' lang='lat' dir='ltr'><strong>irifelicitatis</strong></span> <span class='ocrx_word' id='word_1_625' title='bbox 2603 3569 2738 3610; x_wconf 75' lang='lat' dir='ltr'><strong>meze</strong></span> <span class='ocrx_word' id='word_1_626' title='bbox 2757 3594 2773 3621; x_wconf 95' lang='lat'><strong>,</strong></span> <span class='ocrx_word' id='word_1_627' title='bbox 2822 3551 2966 3624; x_wconf 91' lang='lat' dir='ltr'><strong>quod</strong></span> <span class='ocrx_word' id='word_1_628' title='bbox 3005 3549 3347 3607; x_wconf 89' lang='lat' dir='ltr'><strong>occasionem</strong></span> <span class='ocrx_word' id='word_1_629' title='bbox 3403 3547 3538 3605; x_wconf 86' lang='lat' dir='ltr'><strong>tanti</strong></span> 
     </span>
    </p>
   </div>
   <div class='ocr_carea' id='block_1_81' title="bbox 1946 3638 3538 3719">
    <p class='ocr_par' dir='ltr' id='par_1_81' title="bbox 1946 3638 3538 3719">
     <span class='ocr_line' id='line_1_81' title="bbox 1946 3638 3538 3719; baseline -0.007 -12"><span class='ocrx_word' id='word_1_630' title='bbox 1946 3651 2076 3707; x_wconf 89' lang='lat' dir='ltr'><strong>boni</strong></span> <span class='ocrx_word' id='word_1_631' title='bbox 2104 3651 2322 3719; x_wconf 89' lang='lat' dir='ltr'><strong>ignarus</strong></span> <span class='ocrx_word' id='word_1_632' title='bbox 2350 3647 2655 3715; x_wconf 88' lang='lat' dir='ltr'><strong>amiserim;</strong></span> <span class='ocrx_word' id='word_1_633' title='bbox 2687 3654 2743 3702; x_wconf 89' lang='lat' dir='ltr'><strong>et</strong></span> <span class='ocrx_word' id='word_1_634' title='bbox 2788 3641 3300 3701; x_wconf 81' lang='lat' dir='ltr'><strong>contenebrantibus</strong></span> <span class='ocrx_word' id='word_1_635' title='bbox 3321 3651 3416 3696; x_wconf 87' lang='lat' dir='ltr'><strong>me</strong></span> <span class='ocrx_word' id='word_1_636' title='bbox 3442 3638 3538 3696; x_wconf 92' lang='lat' dir='ltr'><strong>illo</strong></span> 
     </span>
    </p>
   </div>
   <div class='ocr_carea' id='block_1_82' title="bbox 1949 3735 3539 3813">
    <p class='ocr_par' dir='ltr' id='par_1_82' title="bbox 1949 3735 3539 3813">
     <span class='ocr_line' id='line_1_82' title="bbox 1949 3735 3539 3813; baseline -0.005 -16"><span class='ocrx_word' id='word_1_637' title='bbox 1949 3751 2196 3813; x_wconf 87' lang='lat' dir='ltr'><strong>tempore</strong></span> <span class='ocrx_word' id='word_1_638' title='bbox 2221 3757 2332 3797; x_wconf 93' lang='lat' dir='ltr'><strong>non</strong></span> <span class='ocrx_word' id='word_1_639' title='bbox 2360 3739 2534 3796; x_wconf 90' lang='lat' dir='ltr'><strong>solum</strong></span> <span class='ocrx_word' id='word_1_640' title='bbox 2565 3737 2820 3810; x_wconf 90' lang='lat' dir='ltr'><strong>peccatis,</strong></span> <span class='ocrx_word' id='word_1_641' title='bbox 2847 3735 3042 3807; x_wconf 90' lang='lat' dir='ltr'><strong>quibus</strong></span> <span class='ocrx_word' id='word_1_642' title='bbox 3066 3735 3230 3793; x_wconf 89' lang='lat' dir='ltr'><strong>etiam</strong></span> <span class='ocrx_word' id='word_1_643' title='bbox 3250 3748 3394 3790; x_wconf 91' lang='lat' dir='ltr'><strong>nunc</strong></span> <span class='ocrx_word' id='word_1_644' title='bbox 3412 3745 3539 3804; x_wconf 88' lang='lat' dir='ltr'><strong>pre-</strong></span> 
     </span>
    </p>
   </div>
   <div class='ocr_carea' id='block_1_83' title="bbox 1949 3822 3540 3902">
    <p class='ocr_par' dir='ltr' id='par_1_83' title="bbox 1949 3822 3540 3902">
     <span class='ocr_line' id='line_1_83' title="bbox 1949 3822 3540 3902; baseline -0.006 -11"><span class='ocrx_word' id='word_1_645' title='bbox 1949 3850 2089 3902; x_wconf 91' lang='lat' dir='ltr'><strong>mor,</strong></span> <span class='ocrx_word' id='word_1_646' title='bbox 2119 3833 2215 3890; x_wconf 90' lang='lat' dir='ltr'><strong>sed</strong></span> <span class='ocrx_word' id='word_1_647' title='bbox 2243 3841 2300 3889; x_wconf 91' lang='lat' dir='ltr'><strong>et</strong></span> <span class='ocrx_word' id='word_1_648' title='bbox 2326 3833 2468 3889; x_wconf 86' lang='lat' dir='ltr'><strong>curis</strong></span> <span class='ocrx_word' id='word_1_649' title='bbox 2497 3829 2654 3900; x_wconf 88' lang='lat' dir='ltr'><strong>hujus</strong></span> <span class='ocrx_word' id='word_1_650' title='bbox 2680 3829 2880 3895; x_wconf 89' lang='lat' dir='ltr'><strong>seculi,</strong></span> <span class='ocrx_word' id='word_1_651' title='bbox 2911 3828 3108 3899; x_wconf 88' lang='lat' dir='ltr'><strong>quibus</strong></span> <span class='ocrx_word' id='word_1_652' title='bbox 3132 3841 3276 3882; x_wconf 91' lang='lat' dir='ltr'><strong>nunc</strong></span> <span class='ocrx_word' id='word_1_653' title='bbox 3300 3822 3540 3896; x_wconf 90' lang='lat' dir='ltr'><strong>propitio</strong></span> 
     </span>
    </p>
   </div>
   <div class='ocr_carea' id='block_1_84' title="bbox 1949 3911 3542 3991">
    <p class='ocr_par' dir='ltr' id='par_1_84' title="bbox 1949 3911 3542 3991">
     <span class='ocr_line' id='line_1_84' title="bbox 1949 3911 3542 3991; baseline -0.008 -11"><span class='ocrx_word' id='word_1_654' title='bbox 1949 3927 2063 3982; x_wconf 92' lang='lat' dir='ltr'><strong>Deo</strong></span> <span class='ocrx_word' id='word_1_655' title='bbox 2084 3926 2222 3980; x_wconf 88' lang='lat' dir='ltr'><strong>liber</strong></span> <span class='ocrx_word' id='word_1_656' title='bbox 2249 3939 2390 3991; x_wconf 89' lang='lat' dir='ltr'><strong>sum,</strong></span> <span class='ocrx_word' id='word_1_657' title='bbox 2420 3922 2756 3979; x_wconf 86' lang='lat' dir='ltr'><strong>sacerdotem</strong></span> <span class='ocrx_word' id='word_1_658' title='bbox 2778 3928 2830 3975; x_wconf 90' lang='lat' dir='ltr'><strong>te</strong></span> <span class='ocrx_word' id='word_1_659' title='bbox 2857 3925 3090 3984; x_wconf 89' lang='lat' dir='ltr'><strong>tantum,</strong></span> <span class='ocrx_word' id='word_1_660' title='bbox 3111 3914 3258 3984; x_wconf 90' lang='lat' dir='ltr'><strong>quod</strong></span> <span class='ocrx_word' id='word_1_661' title='bbox 3284 3914 3340 3970; x_wconf 91' lang='lat' dir='ltr'><strong>in</strong></span> <span class='ocrx_word' id='word_1_662' title='bbox 3358 3911 3542 3969; x_wconf 87' lang='lat' dir='ltr'><strong>medio</strong></span> 
     </span>
    </p>
   </div>
   <div class='ocr_carea' id='block_1_85' title="bbox 1950 4006 3542 4083">
    <p class='ocr_par' dir='ltr' id='par_1_85' title="bbox 1950 4006 3542 4083">
     <span class='ocr_line' id='line_1_85' title="bbox 1950 4006 3542 4083; baseline -0.011 -9"><span class='ocrx_word' id='word_1_663' title='bbox 1950 4025 2085 4083; x_wconf 88' lang='lat' dir='ltr'><strong>erat,</strong></span> <span class='ocrx_word' id='word_1_664' title='bbox 2108 4014 2366 4080; x_wconf 90' lang='lat' dir='ltr'><strong>viderim;</strong></span> <span class='ocrx_word' id='word_1_665' title='bbox 2406 4023 2461 4068; x_wconf 90' lang='lat' dir='ltr'><strong>et</strong></span> <span class='ocrx_word' id='word_1_666' title='bbox 2507 4011 2654 4083; x_wconf 89' lang='lat' dir='ltr'><strong>quod</strong></span> <span class='ocrx_word' id='word_1_667' title='bbox 2701 4011 2877 4066; x_wconf 89' lang='lat' dir='ltr'><strong>inerat</strong></span> <span class='ocrx_word' id='word_1_668' title='bbox 2920 4006 3200 4076; x_wconf 89' lang='lat' dir='ltr'><strong>insignius,</strong></span> <span class='ocrx_word' id='word_1_669' title='bbox 3247 4009 3542 4072; x_wconf 82' lang='lat' dir='ltr'><strong>martyrem</strong></span> 
     </span>
    </p>
   </div>
   <div class='ocr_carea' id='block_1_86' title="bbox 1951 4103 2678 4165">
    <p class='ocr_par' dir='ltr' id='par_1_86' title="bbox 1951 4103 2678 4165">
     <span class='ocr_line' id='line_1_86' title="bbox 1951 4103 2678 4165; baseline -0.014 0"><span class='ocrx_word' id='word_1_670' title='bbox 1951 4109 2132 4165; x_wconf 90' lang='lat' dir='ltr'><strong>vivum</strong></span> <span class='ocrx_word' id='word_1_671' title='bbox 2156 4105 2340 4161; x_wconf 89' lang='lat' dir='ltr'><strong>videre</strong></span> <span class='ocrx_word' id='word_1_672' title='bbox 2375 4103 2678 4160; x_wconf 89' lang='lat' dir='ltr'><strong>nescierim.</strong></span> 
     </span>
    </p>
   </div>
   <div class='ocr_carea' id='block_1_87' title="bbox 2024 4179 3542 4263">
    <p class='ocr_par' dir='ltr' id='par_1_87' title="bbox 2024 4179 3542 4263">
     <span class='ocr_line' id='line_1_87' title="bbox 2024 4179 3542 4263; baseline -0.008 -12"><span class='ocrx_word' id='word_1_673' title='bbox 2024 4198 2110 4252; x_wconf 84' lang='lat' dir='ltr'><strong>l0.</strong></span> <span class='ocrx_word' id='word_1_674' title='bbox 2155 4196 2486 4262; x_wconf 86' lang='lat' dir='ltr'><strong>Memineris,</strong></span> <span class='ocrx_word' id='word_1_675' title='bbox 2514 4207 2695 4263; x_wconf 61' lang='lat' dir='ltr'><strong>quaeso</strong></span> <span class='ocrx_word' id='word_1_676' title='bbox 2718 4199 2794 4259; x_wconf 91' lang='lat' dir='ltr'><strong>te,</strong></span> <span class='ocrx_word' id='word_1_677' title='bbox 2818 4188 2987 4246; x_wconf 90' lang='lat' dir='ltr'><strong>nostri</strong></span> <span class='ocrx_word' id='word_1_678' title='bbox 3017 4188 3073 4244; x_wconf 89' lang='lat' dir='ltr'><strong>in</strong></span> <span class='ocrx_word' id='word_1_679' title='bbox 3095 4186 3186 4242; x_wconf 91' lang='lat' dir='ltr'><strong>illa</strong></span> <span class='ocrx_word' id='word_1_680' title='bbox 3204 4184 3312 4252; x_wconf 90' lang='lat' dir='ltr'><strong>die,</strong></span> <span class='ocrx_word' id='word_1_681' title='bbox 3343 4195 3452 4252; x_wconf 82' lang='lat' dir='ltr'><strong>qua</strong></span> <span class='ocrx_word' id='word_1_682' title='bbox 3472 4179 3542 4239; x_wconf 85' lang='lat' dir='ltr'><strong>ad</strong></span> 
     </span>
    </p>
   </div>
   <div class='ocr_carea' id='block_1_88' title="bbox 1954 4274 3540 4346">
    <p class='ocr_par' dir='ltr' id='par_1_88' title="bbox 1954 4274 3540 4346">
     <span class='ocr_line' id='line_1_88' title="bbox 1954 4274 3540 4346; baseline -0.011 0"><span class='ocrx_word' id='word_1_683' title='bbox 1954 4297 2008 4346; x_wconf 92' lang='lat' dir='ltr'><strong>te</strong></span> <span class='ocrx_word' id='word_1_684' title='bbox 2030 4289 2313 4344; x_wconf 89' lang='lat' dir='ltr'><strong>innumera</strong></span> <span class='ocrx_word' id='word_1_685' title='bbox 2339 4285 2660 4341; x_wconf 90' lang='lat' dir='ltr'><strong>meritorum</strong></span> <span class='ocrx_word' id='word_1_686' title='bbox 2689 4291 2903 4338; x_wconf 88' lang='lat' dir='ltr'><strong>tuorum</strong></span> <span class='ocrx_word' id='word_1_687' title='bbox 2931 4279 3158 4336; x_wconf 89' lang='lat' dir='ltr'><strong>cohorte</strong></span> <span class='ocrx_word' id='word_1_688' title='bbox 3199 4274 3540 4342; x_wconf 87' lang='lat' dir='ltr'><strong>comitatum,</strong></span> 
     </span>
    </p>
   </div>
   <div class='ocr_carea' id='block_1_89' title="bbox 1953 4363 3544 4447">
    <p class='ocr_par' dir='ltr' id='par_1_89' title="bbox 1953 4363 3544 4447">
     <span class='ocr_line' id='line_1_89' title="bbox 1953 4363 3544 4447; baseline -0.011 -9"><span class='ocrx_word' id='word_1_689' title='bbox 1953 4378 2393 4447; x_wconf 88' lang='lat' dir='ltr'><strong>ornamentisque</strong></span> <span class='ocrx_word' id='word_1_690' title='bbox 2439 4375 2682 4432; x_wconf 85' lang='lat' dir='ltr'><strong>felicibus</strong></span> <span class='ocrx_word' id='word_1_691' title='bbox 2722 4379 2982 4438; x_wconf 90' lang='lat' dir='ltr'><strong>comtum,</strong></span> <span class='ocrx_word' id='word_1_692' title='bbox 3029 4379 3084 4426; x_wconf 93' lang='lat' dir='ltr'><strong>et</strong></span> <span class='ocrx_word' id='word_1_693' title='bbox 3111 4367 3293 4425; x_wconf 83' lang='lat' dir='ltr'><strong>infulis</strong></span> <span class='ocrx_word' id='word_1_694' title='bbox 3337 4363 3544 4438; x_wconf 87' lang='lat' dir='ltr'><strong>pariter</strong></span> 
     </span>
    </p>
   </div>
   <div class='ocr_carea' id='block_1_90' title="bbox 1947 4463 3541 4543">
    <p class='ocr_par' dir='ltr' id='par_1_90' title="bbox 1947 4463 3541 4543">
     <span class='ocr_line' id='line_1_90' title="bbox 1947 4463 3541 4543; baseline -0.011 -14"><span class='ocrx_word' id='word_1_695' title='bbox 1947 4480 2119 4543; x_wconf 62' lang='lat' dir='ltr'><strong>latque</strong></span> <span class='ocrx_word' id='word_1_696' title='bbox 2147 4469 2361 4527; x_wconf 89' lang='lat' dir='ltr'><strong>adoreis</strong></span> <span class='ocrx_word' id='word_1_697' title='bbox 2386 4473 2734 4532; x_wconf 90' lang='lat' dir='ltr'><strong>coronatum,</strong></span> <span class='ocrx_word' id='word_1_698' title='bbox 2767 4472 2824 4520; x_wconf 91' lang='lat' dir='ltr'><strong>et</strong></span> <span class='ocrx_word' id='word_1_699' title='bbox 2850 4463 3034 4520; x_wconf 88' lang='lat' dir='ltr'><strong>niveas</strong></span> <span class='ocrx_word' id='word_1_700' title='bbox 3079 4467 3414 4517; x_wconf 88' lang='lat' dir='ltr'><strong>sacratorum</strong></span> <span class='ocrx_word' id='word_1_701' title='bbox 3443 4471 3541 4512; x_wconf 85' lang='lat' dir='ltr'><strong>an-</strong></span> 
     </span>
    </p>
   </div>
   <div class='ocr_carea' id='block_1_91' title="bbox 249 4549 3538 4636">
    <p class='ocr_par' dir='ltr' id='par_1_91' title="bbox 249 4549 3538 4636">
     <span class='ocr_line' id='line_1_91' title="bbox 249 4549 3538 4636; baseline -0.002 -26"><span class='ocrx_word' id='word_1_702' title='bbox 249 4570 348 4610; x_wconf 88' lang='lat' dir='ltr'><strong>rex</strong></span> <span class='ocrx_word' id='word_1_703' title='bbox 376 4556 675 4626; x_wconf 90' lang='lat' dir='ltr'><strong>quondam,</strong></span> <span class='ocrx_word' id='word_1_704' title='bbox 723 4557 849 4613; x_wconf 92' lang='lat' dir='ltr'><strong>dum</strong></span> <span class='ocrx_word' id='word_1_705' title='bbox 877 4559 944 4616; x_wconf 93' lang='lat' dir='ltr'><strong>ad</strong></span> <span class='ocrx_word' id='word_1_706' title='bbox 969 4560 1262 4632; x_wconf 89' lang='lat' dir='ltr'><strong>prophetas</strong></span> <span class='ocrx_word' id='word_1_707' title='bbox 1289 4563 1690 4632; x_wconf 88' lang='lat' dir='ltr'><strong>persequendos</strong></span> <span class='ocrx_word' id='word_1_708' title='bbox 1717 4580 1848 4636; x_wconf 89' lang='lat' dir='ltr'><strong>pro-</strong></span> <span class='ocrx_word' id='word_1_709' title='bbox 1875 4557 1932 4619; x_wconf 87' lang='lat' dir='ltr'><strong>D</strong></span> <span class='ocrx_word' id='word_1_710' title='bbox 1957 4565 2186 4623; x_wconf 91' lang='lat' dir='ltr'><strong>tistitum</strong></span> <span class='ocrx_word' id='word_1_711' title='bbox 2231 4562 2276 4595; x_wconf 83' lang='grc'>³⁹</span> <span class='ocrx_word' id='word_1_712' title='bbox 2304 4561 2488 4626; x_wconf 89' lang='lat' dir='ltr'><strong>vittas,</strong></span> <span class='ocrx_word' id='word_1_713' title='bbox 2531 4566 2586 4615; x_wconf 91' lang='lat' dir='ltr'><strong>et</strong></span> <span class='ocrx_word' id='word_1_714' title='bbox 2614 4557 2832 4614; x_wconf 83' lang='lat' dir='ltr'><strong>ﬂoridas</strong></span> <span class='ocrx_word' id='word_1_715' title='bbox 2877 4555 3248 4612; x_wconf 89' lang='lat' dir='ltr'><strong>confessorum</strong></span> <span class='ocrx_word' id='word_1_716' title='bbox 3279 4549 3376 4623; x_wconf 86' lang='lat' dir='ltr'><strong>(V.</strong></span> <span class='ocrx_word' id='word_1_717' title='bbox 3421 4557 3538 4606; x_wconf 87' lang='lat' dir='ltr'><strong>not.</strong></span> 
     </span>
    </p>
   </div>
   <div class='ocr_carea' id='block_1_92' title="bbox 249 4644 1848 4721">
    <p class='ocr_par' dir='ltr' id='par_1_92' title="bbox 249 4644 1848 4721">
     <span class='ocr_line' id='line_1_92' title="bbox 249 4644 1848 4721; baseline 0.008 -18"><span class='ocrx_word' id='word_1_718' title='bbox 249 4644 531 4716; x_wconf 82' lang='lat' dir='ltr'><strong>ﬁciscitur,</strong></span> <span class='ocrx_word' id='word_1_719' title='bbox 563 4649 828 4720; x_wconf 88' lang='lat' dir='ltr'><strong>propheta</strong></span> <span class='ocrx_word' id='word_1_720' title='bbox 857 4650 903 4684; x_wconf 80' lang='grc'>³⁸</span> <span class='ocrx_word' id='word_1_721' title='bbox 930 4650 1152 4708; x_wconf 78' lang='lat' dir='ltr'><strong>eﬂ‘ectus</strong></span> <span class='ocrx_word' id='word_1_722' title='bbox 1191 4661 1291 4721; x_wconf 90' lang='lat' dir='ltr'><strong>est,</strong></span> <span class='ocrx_word' id='word_1_723' title='bbox 1316 4654 1392 4710; x_wconf 91' lang='lat' dir='ltr'><strong>ita</strong></span> <span class='ocrx_word' id='word_1_724' title='bbox 1428 4663 1485 4710; x_wconf 92' lang='lat' dir='ltr'><strong>et</strong></span> <span class='ocrx_word' id='word_1_725' title='bbox 1530 4671 1712 4714; x_wconf 90' lang='lat' dir='ltr'><strong>comes</strong></span> <span class='ocrx_word' id='word_1_726' title='bbox 1757 4659 1848 4716; x_wconf 93' lang='lat' dir='ltr'><strong>ille</strong></span> 
     </span>
    </p>
   </div>
   <div class='ocr_carea' id='block_1_93' title="bbox 321 4799 1352 4873">
    <p class='ocr_par' dir='ltr' id='par_1_93' title="bbox 321 4799 1352 4873">
     <span class='ocr_line' id='line_1_93' title="bbox 321 4799 1352 4873; baseline 0.006 -18"><span class='ocrx_word' id='word_1_727' title='bbox 321 4810 348 4839; x_wconf 74' lang='grc' dir='ltr'><strong>ι</strong></span> <span class='ocrx_word' id='word_1_728' title='bbox 379 4799 786 4873; x_wconf 55' lang='lat' dir='ltr'><strong>Dsgl_._xx1u,8.</strong></span> <span class='ocrx_word' id='word_1_729' title='bbox 861 4801 891 4842; x_wconf 72' lang='grc' dir='ltr'>δ</span> <span class='ocrx_word' id='word_1_730' title='bbox 921 4802 1051 4873; x_wconf 87' lang='lat' dir='ltr'><strong>Luc.</strong></span> <span class='ocrx_word' id='word_1_731' title='bbox 1082 4821 1231 4873; x_wconf 80' lang='lat' dir='ltr'><strong>mn,</strong></span> <span class='ocrx_word' id='word_1_732' title='bbox 1264 4805 1352 4860; x_wconf 68' lang='grc'><strong>54.</strong></span> 
     </span>
    </p>
   </div>
   <div class='ocr_carea' id='block_1_94' title="bbox 249 4871 1585 4942">
    <p class='ocr_par' dir='ltr' id='par_1_94' title="bbox 249 4871 1585 4942">
     <span class='ocr_line' id='line_1_94' title="bbox 249 4871 1585 4942; baseline 0.004 -14"><span class='ocrx_word' id='word_1_733' title='bbox 249 4884 362 4929; x_wconf 80' lang='lat' dir='ltr'><strong>sec.</strong></span> <span class='ocrx_word' id='word_1_734' title='bbox 398 4871 566 4928; x_wconf 84' lang='lat' dir='ltr'><strong>LXX.</strong></span> <span class='ocrx_word' id='word_1_735' title='bbox 650 4884 673 4922; x_wconf 77' lang='grc' dir='ltr'>ε</span> <span class='ocrx_word' id='word_1_736' title='bbox 704 4872 826 4930; x_wconf 88' lang='lat' dir='ltr'><strong>lsai.</strong></span> <span class='ocrx_word' id='word_1_737' title='bbox 857 4889 930 4941; x_wconf 79' lang='lat' dir='ltr'><strong>vi,</strong></span> <span class='ocrx_word' id='word_1_738' title='bbox 966 4872 1016 4942; x_wconf 84' lang='lat'><strong>5,</strong></span> <span class='ocrx_word' id='word_1_739' title='bbox 1049 4889 1117 4930; x_wconf 90' lang='lat' dir='ltr'><strong>ex</strong></span> <span class='ocrx_word' id='word_1_740' title='bbox 1146 4871 1397 4933; x_wconf 87' lang='lat' dir='ltr'><strong>versione</strong></span> <span class='ocrx_word' id='word_1_741' title='bbox 1425 4875 1585 4933; x_wconf 83' lang='lat' dir='ltr'><strong>LXX.</strong></span> 
     </span>
    </p>
   </div>
   <div class='ocr_carea' id='block_1_95' title="bbox 324 5052 1902 5178">
    <p class='ocr_par' dir='ltr' id='par_1_95' title="bbox 324 5052 1902 5178">
     <span class='ocr_line' id='line_1_95' title="bbox 324 5052 1902 5178; baseline 0.004 -71"><span class='ocrx_word' id='word_1_742' title='bbox 324 5053 410 5178; x_wconf 56' lang='lat' dir='ltr'><strong>g1)</strong></span> <span class='ocrx_word' id='word_1_743' title='bbox 439 5052 520 5108; x_wconf 91' lang='lat' dir='ltr'><strong>lta</strong></span> <span class='ocrx_word' id='word_1_744' title='bbox 555 5068 684 5109; x_wconf 89' lang='lat' dir='ltr'><strong>mss.</strong></span> <span class='ocrx_word' id='word_1_745' title='bbox 711 5054 909 5122; x_wconf 83' lang='lat' dir='ltr'><strong>Vatic.,</strong></span> <span class='ocrx_word' id='word_1_746' title='bbox 942 5054 1121 5123; x_wconf 85' lang='lat' dir='ltr'><strong>Vien.,</strong></span> <span class='ocrx_word' id='word_1_747' title='bbox 1155 5055 1197 5111; x_wconf 91' lang='lat' dir='ltr'><strong>C</strong></span> <span class='ocrx_word' id='word_1_748' title='bbox 1226 5055 1472 5120; x_wconf 87' lang='lat' dir='ltr'><strong>Rotom.,</strong></span> <span class='ocrx_word' id='word_1_749' title='bbox 1497 5055 1546 5110; x_wconf 79' lang='grc' dir='ltr'><strong><em>Μ</em></strong></span> <span class='ocrx_word' id='word_1_750' title='bbox 1577 5055 1841 5126; x_wconf 86' lang='lat' dir='ltr'><strong>Rotund.,</strong></span> <span class='ocrx_word' id='word_1_751' title='bbox 1899 5090 1902 5091; x_wconf 53' lang='grc' dir='ltr'><em>ν</em></span> 
     </span>
     <span class='ocr_line' id='line_1_96' title="bbox 377 5123 1840 5178; baseline 0 0"><span class='ocrx_word' id='word_1_752' title='bbox 377 5132 456 5178; x_wconf 88' lang='lat' dir='ltr'><strong>ot.</strong></span> <span class='ocrx_word' id='word_1_753' title='bbox 491 5123 755 5178; x_wconf 70' lang='lat' dir='ltr'><strong>Bittnaaus.</strong></span> <span class='ocrx_word' id='word_1_754' title='bbox 783 5126 868 5178; x_wconf 89' lang='lat' dir='ltr'><strong>ed.</strong></span> <span class='ocrx_word' id='word_1_755' title='bbox 901 5125 1065 5178; x_wconf 80' lang='lat' dir='ltr'><strong>Rosv.</strong></span> <span class='ocrx_word' id='word_1_756' title='bbox 1100 5135 1154 5178; x_wconf 88' lang='lat' dir='ltr'><strong>et</strong></span> <span class='ocrx_word' id='word_1_757' title='bbox 1173 5126 1324 5178; x_wconf 86' lang='lat' dir='ltr'><strong>Grin.</strong></span> <span class='ocrx_word' id='word_1_758' title='bbox 1359 5129 1415 5178; x_wconf 90' lang='lat' dir='ltr'><strong>in</strong></span> <span class='ocrx_word' id='word_1_759' title='bbox 1445 5141 1616 5178; x_wconf 76' lang='lat' dir='ltr'><strong>mam.</strong></span> <span class='ocrx_word' id='word_1_760' title='bbox 1650 5129 1719 5178; x_wconf 90' lang='lat' dir='ltr'><strong>At</strong></span> <span class='ocrx_word' id='word_1_761' title='bbox 1741 5145 1840 5178; x_wconf 83' lang='lat' dir='ltr'><strong>ms.</strong></span> 
     </span>
    </p>
   </div>
   <div class='ocr_carea' id='block_1_96' title="bbox 251 5121 1840 5197">
    <p class='ocr_par' dir='ltr' id='par_1_96' title="bbox 251 5121 1840 5197">
     <span class='ocr_line' id='line_1_97' title="bbox 251 5121 1840 5197; baseline 0.004 -19"><span class='ocrx_word' id='word_1_762' title='bbox 251 5121 295 5197; x_wconf 58' lang='grc' dir='ltr'>ξ</span> <span class='ocrx_word' id='word_1_763' title='bbox 324 5121 456 5180; x_wconf 75' lang='lat' dir='ltr'><strong>nm.</strong></span> <span class='ocrx_word' id='word_1_764' title='bbox 491 5123 868 5197; x_wconf 66' lang='lat' dir='ltr'><strong>Bigngeus,__ed.</strong></span> <span class='ocrx_word' id='word_1_765' title='bbox 901 5125 1065 5197; x_wconf 75' lang='lat' dir='ltr'><strong>Bosv.</strong></span> <span class='ocrx_word' id='word_1_766' title='bbox 1100 5121 1154 5182; x_wconf 85' lang='lat' dir='ltr'><strong>et</strong></span> <span class='ocrx_word' id='word_1_767' title='bbox 1173 5126 1324 5183; x_wconf 86' lang='lat' dir='ltr'><strong>Grin.</strong></span> <span class='ocrx_word' id='word_1_768' title='bbox 1359 5129 1415 5183; x_wconf 90' lang='lat' dir='ltr'><strong>in</strong></span> <span class='ocrx_word' id='word_1_769' title='bbox 1445 5141 1616 5197; x_wconf 86' lang='lat' dir='ltr'><strong>marg.</strong></span> <span class='ocrx_word' id='word_1_770' title='bbox 1650 5129 1719 5184; x_wconf 89' lang='lat' dir='ltr'><strong>At</strong></span> <span class='ocrx_word' id='word_1_771' title='bbox 1740 5121 1840 5185; x_wconf 70' lang='lat' dir='ltr'><strong>ms.</strong></span> 
     </span>
    </p>
   </div>
   <div class='ocr_carea' id='block_1_97' title="bbox 252 5192 1142 5265">
    <p class='ocr_par' dir='ltr' id='par_1_97' title="bbox 252 5192 1142 5265">
     <span class='ocr_line' id='line_1_98' title="bbox 252 5192 1142 5265; baseline 0.002 -16"><span class='ocrx_word' id='word_1_772' title='bbox 252 5192 391 5265; x_wconf 74' lang='lat' dir='ltr'><strong>Reg.</strong></span> <span class='ocrx_word' id='word_1_773' title='bbox 418 5209 545 5265; x_wconf 73' lang='lat' dir='ltr'><strong>cum</strong></span> <span class='ocrx_word' id='word_1_774' title='bbox 573 5195 728 5250; x_wconf 87' lang='lat' dir='ltr'><strong>editis</strong></span> <span class='ocrx_word' id='word_1_775' title='bbox 743 5192 802 5265; x_wconf 16' lang='lat'><strong>’5,</strong></span> <span class='ocrx_word' id='word_1_776' title='bbox 833 5195 1142 5251; x_wconf 79' lang='lat' dir='ltr'><strong>substratus.</strong></span> 
     </span>
    </p>
   </div>
   <div class='ocr_carea' id='block_1_98' title="bbox 351 5263 1772 5405">
    <p class='ocr_par' dir='ltr' id='par_1_98' title="bbox 351 5263 1772 5405">
     <span class='ocr_line' id='line_1_99' title="bbox 351 5263 1772 5405; baseline 0.005 -88"><span class='ocrx_word' id='word_1_777' title='bbox 351 5263 403 5405; x_wconf 43' lang='grc' dir='ltr'><strong>ὁὶ</strong></span> <span class='ocrx_word' id='word_1_778' title='bbox 427 5263 557 5321; x_wconf 85' lang='lat' dir='ltr'><strong>Mss.</strong></span> <span class='ocrx_word' id='word_1_779' title='bbox 586 5265 626 5319; x_wconf 87' lang='lat' dir='ltr'><strong>C</strong></span> <span class='ocrx_word' id='word_1_780' title='bbox 657 5263 805 5334; x_wconf 81' lang='lat' dir='ltr'><strong>Rot.,</strong></span> <span class='ocrx_word' id='word_1_781' title='bbox 837 5265 887 5320; x_wconf 87' lang='lat' dir='ltr'><strong>M</strong></span> <span class='ocrx_word' id='word_1_782' title='bbox 918 5267 1154 5322; x_wconf 80' lang='lat' dir='ltr'><strong>Rotund.</strong></span> <span class='ocrx_word' id='word_1_783' title='bbox 1183 5266 1297 5322; x_wconf 89' lang='lat' dir='ltr'><strong>etB</strong></span> <span class='ocrx_word' id='word_1_784' title='bbox 1321 5265 1470 5332; x_wconf 83' lang='lat' dir='ltr'><strong>Rot.,</strong></span> <span class='ocrx_word' id='word_1_785' title='bbox 1498 5269 1772 5340; x_wconf 86' lang='lat' dir='ltr'><strong>gloriosus.</strong></span> 
     </span>
     <span class='ocr_line' id='line_1_100' title="bbox 351 5334 1772 5405; baseline 0.004 -17"><span class='ocrx_word' id='word_1_786' title='bbox 351 5353 378 5388; x_wconf 88' lang='lat' dir='ltr'><strong>c</strong></span> <span class='ocrx_word' id='word_1_787' title='bbox 435 5334 562 5391; x_wconf 85' lang='lat' dir='ltr'><strong>Mss.</strong></span> <span class='ocrx_word' id='word_1_788' title='bbox 593 5335 633 5391; x_wconf 95' lang='lat' dir='ltr'><strong>C</strong></span> <span class='ocrx_word' id='word_1_789' title='bbox 668 5337 792 5393; x_wconf 66' lang='grc' dir='ltr'><strong>[ἰοί.</strong></span> <span class='ocrx_word' id='word_1_790' title='bbox 833 5335 988 5393; x_wconf 86' lang='lat' dir='ltr'><strong>etM.</strong></span> <span class='ocrx_word' id='word_1_791' title='bbox 1040 5337 1274 5394; x_wconf 84' lang='lat' dir='ltr'><strong>Rotund.</strong></span> <span class='ocrx_word' id='word_1_792' title='bbox 1305 5353 1425 5394; x_wconf 91' lang='lat' dir='ltr'><strong>cum</strong></span> <span class='ocrx_word' id='word_1_793' title='bbox 1456 5338 1496 5391; x_wconf 88' lang='grc' dir='ltr'><strong>Β</strong></span> <span class='ocrx_word' id='word_1_794' title='bbox 1529 5339 1679 5405; x_wconf 83' lang='lat' dir='ltr'><strong>Rot.,</strong></span> <span class='ocrx_word' id='word_1_795' title='bbox 1731 5339 1772 5393; x_wconf 82' lang='grc' dir='ltr'><em>Ν</em></span> 
     </span>
    </p>
   </div>
   <div class='ocr_carea' id='block_1_99' title="bbox 351 5334 1843 5407">
    <p class='ocr_par' dir='ltr' id='par_1_99' title="bbox 351 5334 1843 5407">
     <span class='ocr_line' id='line_1_101' title="bbox 351 5334 1843 5407; baseline 0.004 -19"><span class='ocrx_word' id='word_1_796' title='bbox 351 5334 402 5405; x_wconf 88' lang='lat' dir='ltr'><strong>c)</strong></span> <span class='ocrx_word' id='word_1_797' title='bbox 435 5334 562 5391; x_wconf 85' lang='lat' dir='ltr'><strong>Mss.</strong></span> <span class='ocrx_word' id='word_1_798' title='bbox 593 5335 633 5391; x_wconf 95' lang='lat' dir='ltr'><strong>C</strong></span> <span class='ocrx_word' id='word_1_799' title='bbox 668 5337 792 5393; x_wconf 66' lang='grc' dir='ltr'><strong>[ἰοί.</strong></span> <span class='ocrx_word' id='word_1_800' title='bbox 833 5345 889 5392; x_wconf 91' lang='lat' dir='ltr'><strong>et</strong></span> <span class='ocrx_word' id='word_1_801' title='bbox 916 5335 988 5393; x_wconf 86' lang='lat' dir='ltr'><strong>M.</strong></span> <span class='ocrx_word' id='word_1_802' title='bbox 1040 5337 1274 5394; x_wconf 84' lang='lat' dir='ltr'><strong>Rotund.</strong></span> <span class='ocrx_word' id='word_1_803' title='bbox 1305 5353 1425 5394; x_wconf 91' lang='lat' dir='ltr'><strong>cum</strong></span> <span class='ocrx_word' id='word_1_804' title='bbox 1456 5334 1679 5407; x_wconf 68' lang='lat' dir='ltr'><strong>B&#39;Rot.,</strong></span> <span class='ocrx_word' id='word_1_805' title='bbox 1731 5338 1843 5395; x_wconf 86' lang='lat' dir='ltr'><strong>Nec</strong></span> 
     </span>
    </p>
   </div>
   <div class='ocr_carea' id='block_1_100' title="bbox 251 5407 1844 5478">
    <p class='ocr_par' dir='ltr' id='par_1_100' title="bbox 251 5407 1844 5478">
     <span class='ocr_line' id='line_1_102' title="bbox 251 5407 1844 5478; baseline 0.004 -19"><span class='ocrx_word' id='word_1_806' title='bbox 251 5422 418 5478; x_wconf 76' lang='lat' dir='ltr'><strong>ausus</strong></span> <span class='ocrx_word' id='word_1_807' title='bbox 459 5407 599 5478; x_wconf 76' lang='lat' dir='ltr'><strong>ultra</strong></span> <span class='ocrx_word' id='word_1_808' title='bbox 645 5407 838 5463; x_wconf 82' lang='lat' dir='ltr'><strong>diaboli</strong></span> <span class='ocrx_word' id='word_1_809' title='bbox 884 5408 1182 5463; x_wconf 77' lang='lat' dir='ltr'><strong>satelles....</strong></span> <span class='ocrx_word' id='word_1_810' title='bbox 1221 5409 1498 5478; x_wconf 78' lang='lat' dir='ltr'><strong>capitalem</strong></span> <span class='ocrx_word' id='word_1_811' title='bbox 1536 5413 1844 5466; x_wconf 83' lang='lat' dir='ltr'><strong>sententiam</strong></span> 
     </span>
    </p>
   </div>
   <div class='ocr_carea' id='block_1_101' title="bbox 250 5475 1844 5547">
    <p class='ocr_par' dir='ltr' id='par_1_101' title="bbox 250 5475 1844 5547">
     <span class='ocr_line' id='line_1_103' title="bbox 250 5475 1844 5547; baseline 0.004 -18"><span class='ocrx_word' id='word_1_812' title='bbox 250 5476 468 5531; x_wconf 76' lang='lat' dir='ltr'><strong>indidit.</strong></span> <span class='ocrx_word' id='word_1_813' title='bbox 501 5475 630 5543; x_wconf 70' lang='lat' dir='ltr'><strong>Qua:</strong></span> <span class='ocrx_word' id='word_1_814' title='bbox 659 5479 818 5534; x_wconf 89' lang='lat' dir='ltr'><strong>lectio</strong></span> <span class='ocrx_word' id='word_1_815' title='bbox 852 5479 1165 5534; x_wconf 92' lang='lat' dir='ltr'><strong>concinnior</strong></span> <span class='ocrx_word' id='word_1_816' title='bbox 1191 5475 1420 5533; x_wconf 81' lang='lat' dir='ltr'><strong>videtur.</strong></span> <span class='ocrx_word' id='word_1_817' title='bbox 1450 5478 1731 5547; x_wconf 75' lang='lat' dir='ltr'><strong>Vulgatam</strong></span> <span class='ocrx_word' id='word_1_818' title='bbox 1763 5490 1844 5535; x_wconf 92' lang='lat' dir='ltr'><strong>ta-</strong></span> 
     </span>
    </p>
   </div>
   <div class='ocr_carea' id='block_1_102' title="bbox 249 5548 1841 5619">
    <p class='ocr_par' dir='ltr' id='par_1_102' title="bbox 249 5548 1841 5619">
     <span class='ocr_line' id='line_1_104' title="bbox 249 5548 1841 5619; baseline 0.003 -18"><span class='ocrx_word' id='word_1_819' title='bbox 249 5561 382 5602; x_wconf 87' lang='lat' dir='ltr'><strong>men</strong></span> <span class='ocrx_word' id='word_1_820' title='bbox 410 5548 746 5616; x_wconf 85' lang='lat' dir='ltr'><strong>retinuimus,</strong></span> <span class='ocrx_word' id='word_1_821' title='bbox 781 5558 966 5619; x_wconf 87' lang='lat' dir='ltr'><strong>utpote</strong></span> <span class='ocrx_word' id='word_1_822' title='bbox 994 5564 1113 5618; x_wconf 70' lang='lat' dir='ltr'><strong>qum</strong></span> <span class='ocrx_word' id='word_1_823' title='bbox 1155 5549 1343 5604; x_wconf 89' lang='lat' dir='ltr'><strong>nititur</strong></span> <span class='ocrx_word' id='word_1_824' title='bbox 1382 5549 1663 5604; x_wconf 88' lang='lat' dir='ltr'><strong>meliorum</strong></span> <span class='ocrx_word' id='word_1_825' title='bbox 1695 5551 1841 5608; x_wconf 85' lang='lat' dir='ltr'><strong>codi-</strong></span> 
     </span>
    </p>
   </div>
   <div class='ocr_carea' id='block_1_103' title="bbox 251 5619 1716 5672">
    <p class='ocr_par' dir='ltr' id='par_1_103' title="bbox 251 5619 1716 5672">
     <span class='ocr_line' id='line_1_105' title="bbox 251 5619 1716 5672; baseline 0.001 0"><span class='ocrx_word' id='word_1_826' title='bbox 251 5632 381 5672; x_wconf 89' lang='lat' dir='ltr'><strong>cum</strong></span> <span class='ocrx_word' id='word_1_827' title='bbox 412 5619 720 5672; x_wconf 84' lang='lat' dir='ltr'><strong>autoritate.</strong></span> <span class='ocrx_word' id='word_1_828' title='bbox 1705 5655 1716 5665; x_wconf 69' lang='grc' dir='ltr'><strong><em>ο</em></strong></span> 
     </span>
    </p>
   </div>
   <div class='ocr_carea' id='block_1_104' title="bbox 351 5682 1336 5829">
    <p class='ocr_par' dir='ltr' id='par_1_104' title="bbox 351 5682 1336 5829">
     <span class='ocr_line' id='line_1_106' title="bbox 351 5682 1336 5754; baseline 0.003 -14"><span class='ocrx_word' id='word_1_829' title='bbox 351 5687 389 5740; x_wconf 83' lang='lat' dir='ltr'><strong>d</strong></span> <span class='ocrx_word' id='word_1_830' title='bbox 443 5682 577 5743; x_wconf 84' lang='lat' dir='ltr'><strong>Tres</strong></span> <span class='ocrx_word' id='word_1_831' title='bbox 601 5689 760 5744; x_wconf 88' lang='lat' dir='ltr'><strong>iidem</strong></span> <span class='ocrx_word' id='word_1_832' title='bbox 785 5691 1018 5752; x_wconf 89' lang='lat' dir='ltr'><strong>codices,</strong></span> <span class='ocrx_word' id='word_1_833' title='bbox 1050 5689 1336 5754; x_wconf 78' lang='lat' dir='ltr'><strong>desineret;</strong></span> 
     </span>
     <span class='ocr_line' id='line_1_107' title="bbox 352 5689 1239 5829; baseline 0.008 -17"><span class='ocrx_word' id='word_1_834' title='bbox 352 5689 411 5829; x_wconf 53' lang='lat' dir='ltr'><strong>ei</strong></span> <span class='ocrx_word' id='word_1_835' title='bbox 437 5757 602 5815; x_wconf 85' lang='lat' dir='ltr'><strong>Iidem</strong></span> <span class='ocrx_word' id='word_1_836' title='bbox 628 5761 860 5829; x_wconf 85' lang='lat' dir='ltr'><strong>codices,</strong></span> <span class='ocrx_word' id='word_1_837' title='bbox 891 5775 1239 5829; x_wconf 79' lang='lat' dir='ltr'><strong>prrecurrens.</strong></span> 
     </span>
    </p>
   </div>
   <div class='ocr_carea' id='block_1_105' title="bbox 352 5757 1239 5832">
    <p class='ocr_par' dir='ltr' id='par_1_105' title="bbox 352 5757 1239 5832">
     <span class='ocr_line' id='line_1_108' title="bbox 352 5757 1239 5832; baseline 0.008 -20"><span class='ocrx_word' id='word_1_838' title='bbox 352 5757 406 5829; x_wconf 80' lang='grc' dir='ltr'><strong>ε)</strong></span> <span class='ocrx_word' id='word_1_839' title='bbox 437 5757 602 5815; x_wconf 85' lang='lat' dir='ltr'><strong>Iidem</strong></span> <span class='ocrx_word' id='word_1_840' title='bbox 628 5761 860 5829; x_wconf 85' lang='lat' dir='ltr'><strong>codices,</strong></span> <span class='ocrx_word' id='word_1_841' title='bbox 891 5775 1239 5832; x_wconf 79' lang='lat' dir='ltr'><strong>prrecurrens.</strong></span> 
     </span>
    </p>
   </div>
   <div class='ocr_carea' id='block_1_106' title="bbox 1483 5688 1636 5747">
    <p class='ocr_par' dir='ltr' id='par_1_106' title="bbox 1483 5688 1636 5747">
     <span class='ocr_line' id='line_1_109' title="bbox 1483 5688 1636 5747; baseline 0 -3"><span class='ocrx_word' id='word_1_842' title='bbox 1483 5688 1636 5747; x_wconf 83' lang='lat' dir='ltr'><strong>Deus.</strong></span> 
     </span>
    </p>
   </div>
   <div class='ocr_carea' id='block_1_107' title="bbox 1953 4640 3541 4730">
    <p class='ocr_par' dir='ltr' id='par_1_107' title="bbox 1953 4640 3541 4730">
     <span class='ocr_line' id='line_1_110' title="bbox 1953 4640 3541 4730; baseline -0.011 -16"><span class='ocrx_word' id='word_1_843' title='bbox 1953 4658 2043 4730; x_wconf 90' lang='lat'><strong>60)</strong></span> <span class='ocrx_word' id='word_1_844' title='bbox 2073 4668 2338 4728; x_wconf 89' lang='lat' dir='ltr'><strong>purpuras</strong></span> <span class='ocrx_word' id='word_1_845' title='bbox 2367 4650 2767 4709; x_wconf 89' lang='lat' dir='ltr'><strong>occurrentium</strong></span> <span class='ocrx_word' id='word_1_846' title='bbox 2805 4662 2996 4704; x_wconf 90' lang='lat' dir='ltr'><strong>manus</strong></span> <span class='ocrx_word' id='word_1_847' title='bbox 3044 4644 3272 4702; x_wconf 86' lang='lat' dir='ltr'><strong>afferent</strong></span> <span class='ocrx_word' id='word_1_848' title='bbox 3316 4640 3541 4714; x_wconf 87' lang='lat' dir='ltr'><strong>angelo-</strong></span> 
     </span>
    </p>
   </div>
   <div class='ocr_carea' id='block_1_108' title="bbox 1431 4797 3537 4880">
    <p class='ocr_par' dir='ltr' id='par_1_108' title="bbox 1431 4797 3537 4880">
     <span class='ocr_line' id='line_1_111' title="bbox 1431 4797 3537 4880; baseline -0.006 -14"><span class='ocrx_word' id='word_1_849' title='bbox 1431 4806 1660 4880; x_wconf 63' lang='lat' dir='ltr'><strong>fLBeg.</strong></span> <span class='ocrx_word' id='word_1_850' title='bbox 1697 4827 1806 4879; x_wconf 75' lang='lat' dir='ltr'><strong>xxx,</strong></span> <span class='ocrx_word' id='word_1_851' title='bbox 1839 4811 1928 4870; x_wconf 73' lang='lat'><strong>9.5.</strong></span> <span class='ocrx_word' id='word_1_852' title='bbox 2006 4809 2035 4850; x_wconf 71' lang='grc' dir='ltr'>ά</span> <span class='ocrx_word' id='word_1_853' title='bbox 2063 4809 2206 4867; x_wconf 88' lang='lat' dir='ltr'><strong>Psal.</strong></span> <span class='ocrx_word' id='word_1_854' title='bbox 2248 4822 2360 4874; x_wconf 80' lang='lat' dir='ltr'><strong>LIV,</strong></span> <span class='ocrx_word' id='word_1_855' title='bbox 2389 4804 2443 4860; x_wconf 88' lang='lat'><strong>7.</strong></span> <span class='ocrx_word' id='word_1_856' title='bbox 2524 4812 2549 4843; x_wconf 75' lang='grc' dir='ltr'>ε</span> <span class='ocrx_word' id='word_1_857' title='bbox 2579 4801 2710 4859; x_wconf 90' lang='lat' dir='ltr'><strong>Luc.</strong></span> <span class='ocrx_word' id='word_1_858' title='bbox 2743 4818 2835 4871; x_wconf 87' lang='lat' dir='ltr'><strong>vn,</strong></span> <span class='ocrx_word' id='word_1_859' title='bbox 2858 4797 2946 4856; x_wconf 77' lang='lat'><strong>&#39;58.</strong></span> <span class='ocrx_word' id='word_1_860' title='bbox 3029 4797 3049 4866; x_wconf 62' lang='grc' dir='ltr'>ζ</span> <span class='ocrx_word' id='word_1_861' title='bbox 3081 4797 3242 4856; x_wconf 87' lang='lat' dir='ltr'><strong>Prov.</strong></span> <span class='ocrx_word' id='word_1_862' title='bbox 3286 4813 3452 4868; x_wconf 84' lang='lat' dir='ltr'><strong>xxvn,</strong></span> <span class='ocrx_word' id='word_1_863' title='bbox 3484 4797 3537 4867; x_wconf 86' lang='lat'><strong>6,</strong></span> 
     </span>
    </p>
   </div>
   <div class='ocr_carea' id='block_1_109' title="bbox 2021 5016 3543 5128">
    <p class='ocr_par' dir='ltr' id='par_1_109' title="bbox 2021 5016 3543 5128">
     <span class='ocr_line' id='line_1_112' title="bbox 2021 5016 3543 5128; baseline -0.008 -18"><span class='ocrx_word' id='word_1_864' title='bbox 2021 5057 2090 5128; x_wconf 65' lang='grc' dir='ltr'><strong>(Γ)</strong></span> <span class='ocrx_word' id='word_1_865' title='bbox 2118 5055 2196 5111; x_wconf 89' lang='lat' dir='ltr'><strong>lta</strong></span> <span class='ocrx_word' id='word_1_866' title='bbox 2221 5016 2349 5112; x_wconf 44' lang='lat' dir='ltr'><strong>mss;</strong></span> <span class='ocrx_word' id='word_1_867' title='bbox 2375 5051 2594 5128; x_wconf 81' lang='lat' dir='ltr'><strong>Reg._et</strong></span> <span class='ocrx_word' id='word_1_868' title='bbox 2613 5050 2768 5128; x_wconf 50' lang='lat' dir='ltr'><strong>Victi.</strong></span> <span class='ocrx_word' id='word_1_869' title='bbox 2798 5063 2922 5128; x_wconf 69' lang='lat' dir='ltr'><strong>cum</strong></span> <span class='ocrx_word' id='word_1_870' title='bbox 2943 5047 3027 5103; x_wconf 90' lang='lat' dir='ltr'><strong>cd.</strong></span> <span class='ocrx_word' id='word_1_871' title='bbox 3052 5044 3543 5128; x_wconf 45' lang='lat' dir='ltr'><strong>Grin.nQu‘ae_lecti_o</strong></span> 
     </span>
    </p>
   </div>
   <div class='ocr_carea' id='block_1_110' title="bbox 1949 5112 3539 5192">
    <p class='ocr_par' dir='ltr' id='par_1_110' title="bbox 1949 5112 3539 5192">
     <span class='ocr_line' id='line_1_113' title="bbox 1949 5112 3539 5192; baseline -0.01 -8"><span class='ocrx_word' id='word_1_872' title='bbox 1949 5112 2302 5184; x_wconf 63' lang='lat' dir='ltr'><strong>confirmatur</strong></span> <span class='ocrx_word' id='word_1_873' title='bbox 2331 5139 2399 5180; x_wconf 88' lang='lat' dir='ltr'><strong>ex</strong></span> <span class='ocrx_word' id='word_1_874' title='bbox 2440 5112 2601 5192; x_wconf 62' lang='lat' dir='ltr'><strong>Epist.</strong></span> <span class='ocrx_word' id='word_1_875' title='bbox 2630 5119 2700 5192; x_wconf 75' lang='lat'><strong>29</strong></span> <span class='ocrx_word' id='word_1_876' title='bbox 2747 5118 2816 5174; x_wconf 90' lang='lat' dir='ltr'><strong>ad</strong></span> <span class='ocrx_word' id='word_1_877' title='bbox 2863 5120 3072 5186; x_wconf 90' lang='lat' dir='ltr'><strong>Sevcr.,</strong></span> <span class='ocrx_word' id='word_1_878' title='bbox 3122 5135 3177 5175; x_wconf 93' lang='lat' dir='ltr'><strong>n.</strong></span> <span class='ocrx_word' id='word_1_879' title='bbox 3209 5115 3264 5170; x_wconf 91' lang='lat'><strong>8.</strong></span> <span class='ocrx_word' id='word_1_880' title='bbox 3295 5114 3435 5170; x_wconf 84' lang='lat' dir='ltr'><strong>Editi</strong></span> <span class='ocrx_word' id='word_1_881' title='bbox 3481 5112 3539 5183; x_wconf 77' lang='grc'><strong>4,</strong></span> 
     </span>
    </p>
   </div>
   <div class='ocr_carea' id='block_1_111' title="bbox 1952 5191 3472 5270">
    <p class='ocr_par' dir='ltr' id='par_1_111' title="bbox 1952 5191 3472 5270">
     <span class='ocr_line' id='line_1_114' title="bbox 1952 5191 3472 5270; baseline 0 0"><span class='ocrx_word' id='word_1_882' title='bbox 1952 5199 2238 5270; x_wconf 55' lang='lat' dir='ltr'><strong>riemes.</strong></span> <span class='ocrx_word' id='word_1_883' title='bbox 2273 5191 2698 5270; x_wconf 50' lang='lat' dir='ltr'><strong>Utraquelecﬁ?</strong></span> <span class='ocrx_word' id='word_1_884' title='bbox 2728 5199 2972 5270; x_wconf 59' lang='lat' dir='ltr'><strong>receptas</strong></span> <span class='ocrx_word' id='word_1_885' title='bbox 3412 5253 3472 5270; x_wconf 93' lang='lat'><strong>..</strong></span> 
     </span>
    </p>
   </div>
   <div class='ocr_carea' id='block_1_112' title="bbox 2028 5253 3541 5340">
    <p class='ocr_par' dir='ltr' id='par_1_112' title="bbox 2028 5253 3541 5340">
     <span class='ocr_line' id='line_1_115' title="bbox 2028 5253 3541 5340; baseline -0.014 -14"><span class='ocrx_word' id='word_1_886' title='bbox 2028 5269 2106 5340; x_wconf 87' lang='lat' dir='ltr'><strong>(g)</strong></span> <span class='ocrx_word' id='word_1_887' title='bbox 2137 5268 2228 5323; x_wconf 90' lang='lat' dir='ltr'><strong>Sic</strong></span> <span class='ocrx_word' id='word_1_888' title='bbox 2253 5280 2384 5321; x_wconf 91' lang='lat' dir='ltr'><strong>mss.</strong></span> <span class='ocrx_word' id='word_1_889' title='bbox 2417 5253 2635 5319; x_wconf 74' lang='lat' dir='ltr'><strong>codices</strong></span> <span class='ocrx_word' id='word_1_890' title='bbox 2662 5259 2696 5315; x_wconf 69' lang='grc'><strong>4</strong></span> <span class='ocrx_word' id='word_1_891' title='bbox 2719 5268 2772 5316; x_wconf 90' lang='lat' dir='ltr'><strong>et</strong></span> <span class='ocrx_word' id='word_1_892' title='bbox 2800 5253 2930 5316; x_wconf 79' lang='lat' dir='ltr'><strong>editi</strong></span> <span class='ocrx_word' id='word_1_893' title='bbox 2961 5257 3205 5315; x_wconf 85' lang='lat' dir='ltr'><strong>totidem.</strong></span> <span class='ocrx_word' id='word_1_894' title='bbox 3235 5255 3362 5322; x_wconf 81' lang='lat' dir='ltr'><strong>Alii,</strong></span> <span class='ocrx_word' id='word_1_895' title='bbox 3389 5253 3541 5308; x_wconf 79' lang='lat' dir='ltr'><strong>dein-</strong></span> 
     </span>
    </p>
   </div>
   <div class='ocr_carea' id='block_1_113' title="bbox 1952 5357 3543 5481">
    <p class='ocr_par' dir='ltr' id='par_1_113' title="bbox 1952 5357 3543 5481">
     <span class='ocr_line' id='line_1_116' title="bbox 1952 5357 3543 5481; baseline -0.008 -19"><span class='ocrx_word' id='word_1_896' title='bbox 1952 5357 2104 5481; x_wconf 51' lang='lat'><strong>“&#39;22)</strong></span> <span class='ocrx_word' id='word_1_897' title='bbox 2131 5406 2255 5462; x_wconf 88' lang='lat' dir='ltr'><strong>Mss.</strong></span> <span class='ocrx_word' id='word_1_898' title='bbox 2289 5405 2330 5462; x_wconf 93' lang='lat' dir='ltr'><strong>C</strong></span> <span class='ocrx_word' id='word_1_899' title='bbox 2360 5404 2510 5470; x_wconf 83' lang='lat' dir='ltr'><strong>Rot.,</strong></span> <span class='ocrx_word' id='word_1_900' title='bbox 2558 5401 2608 5458; x_wconf 87' lang='lat' dir='ltr'><strong>M</strong></span> <span class='ocrx_word' id='word_1_901' title='bbox 2642 5400 2878 5457; x_wconf 79' lang='lat' dir='ltr'><strong>Rotund.</strong></span> <span class='ocrx_word' id='word_1_902' title='bbox 2911 5414 3033 5456; x_wconf 90' lang='lat' dir='ltr'><strong>cum</strong></span> <span class='ocrx_word' id='word_1_903' title='bbox 3060 5398 3102 5452; x_wconf 88' lang='grc' dir='ltr'><strong>Β</strong></span> <span class='ocrx_word' id='word_1_904' title='bbox 3139 5397 3289 5460; x_wconf 83' lang='lat' dir='ltr'><strong>Rot.,</strong></span> <span class='ocrx_word' id='word_1_905' title='bbox 3316 5393 3405 5464; x_wconf 85' lang='lat' dir='ltr'><strong>qui</strong></span> <span class='ocrx_word' id='word_1_906' title='bbox 3429 5408 3543 5450; x_wconf 74' lang='lat' dir='ltr'><strong>esse</strong></span> 
     </span>
    </p>
   </div>
   <div class='ocr_carea' id='block_1_114' title="bbox 1951 5481 3237 5620">
    <p class='ocr_par' dir='ltr' id='par_1_114' title="bbox 1951 5481 3237 5620">
     <span class='ocr_line' id='line_1_117' title="bbox 1951 5481 2243 5535; baseline -0.017 0"><span class='ocrx_word' id='word_1_907' title='bbox 1951 5481 2243 5535; x_wconf 81' lang='lat' dir='ltr'><strong>devenerat.</strong></span> 
     </span>
     <span class='ocr_line' id='line_1_118' title="bbox 2025 5538 3237 5620; baseline -0.011 -18"><span class='ocrx_word' id='word_1_908' title='bbox 2025 5551 2091 5620; x_wconf 78' lang='grc' dir='ltr'><strong>(ἰ)</strong></span> <span class='ocrx_word' id='word_1_909' title='bbox 2124 5549 2257 5604; x_wconf 89' lang='lat' dir='ltr'><strong>Tres</strong></span> <span class='ocrx_word' id='word_1_910' title='bbox 2288 5547 2448 5602; x_wconf 89' lang='lat' dir='ltr'><strong>iidem</strong></span> <span class='ocrx_word' id='word_1_911' title='bbox 2473 5544 2688 5601; x_wconf 90' lang='lat' dir='ltr'><strong>codices</strong></span> <span class='ocrx_word' id='word_1_912' title='bbox 2719 5541 2923 5620; x_wconf 65' lang='lat' dir='ltr'><strong>addunt</strong></span> <span class='ocrx_word' id='word_1_913' title='bbox 2943 5538 3140 5620; x_wconf 53' lang='lat' dir='ltr'><strong>litium.1</strong></span> 
     </span>
    </p>
   </div>
   <div class='ocr_carea' id='block_1_115' title="bbox 2030 5606 3558 5690">
    <p class='ocr_par' dir='ltr' id='par_1_115' title="bbox 2030 5606 3558 5690">
     <span class='ocr_line' id='line_1_119' title="bbox 2030 5606 3558 5690; baseline -0.009 -15"><span class='ocrx_word' id='word_1_914' title='bbox 2030 5606 2104 5690; x_wconf 59' lang='lat' dir='ltr'><strong>‘(j&#39;)</strong></span> <span class='ocrx_word' id='word_1_915' title='bbox 2150 5620 2241 5675; x_wconf 90' lang='lat' dir='ltr'><strong>Sic</strong></span> <span class='ocrx_word' id='word_1_916' title='bbox 2272 5633 2400 5676; x_wconf 88' lang='lat' dir='ltr'><strong>mss.</strong></span> <span class='ocrx_word' id='word_1_917' title='bbox 2433 5623 2666 5687; x_wconf 90' lang='lat' dir='ltr'><strong>quatuor</strong></span> <span class='ocrx_word' id='word_1_918' title='bbox 2691 5626 2818 5671; x_wconf 88' lang='lat' dir='ltr'><strong>cum</strong></span> <span class='ocrx_word' id='word_1_919' title='bbox 2858 5609 2902 5664; x_wconf 90' lang='lat' dir='ltr'><strong>B</strong></span> <span class='ocrx_word' id='word_1_920' title='bbox 2942 5606 3068 5665; x_wconf 79' lang='lat' dir='ltr'><strong>Rot.</strong></span> <span class='ocrx_word' id='word_1_921' title='bbox 3099 5606 3242 5666; x_wconf 83' lang='lat' dir='ltr'><strong>Editi</strong></span> <span class='ocrx_word' id='word_1_922' title='bbox 3283 5619 3498 5680; x_wconf 86' lang='lat' dir='ltr'><strong>quoque</strong></span> <span class='ocrx_word' id='word_1_923' title='bbox 3519 5617 3558 5674; x_wconf 75' lang='grc' dir='ltr'>,ι</span> 
     </span>
    </p>
   </div>
   <div class='ocr_carea' id='block_1_116' title="bbox 1951 5694 3038 5764">
    <p class='ocr_par' dir='ltr' id='par_1_116' title="bbox 1951 5694 3038 5764">
     <span class='ocr_line' id='line_1_120' title="bbox 1951 5694 3038 5764; baseline 0.001 -14"><span class='ocrx_word' id='word_1_924' title='bbox 1951 5694 2237 5764; x_wconf 73' lang='lat' dir='ltr'><strong>confessor.</strong></span> <span class='ocrx_word' id='word_1_925' title='bbox 2985 5722 3038 5751; x_wconf 53' lang='lat' dir='ltr'><strong>s-</strong></span> 
     </span>
    </p>
   </div>
   <div class='ocr_carea' id='block_1_117' title="bbox 2929 5819 3012 5853">
    <p class='ocr_par' dir='ltr' id='par_1_117' title="bbox 2929 5819 3012 5853">
     <span class='ocr_line' id='line_1_121' title="bbox 2929 5819 3012 5853; baseline -0.036 0"><span class='ocrx_word' id='word_1_926' title='bbox 2929 5819 3012 5853; x_wconf 46' lang='lat'><strong>542&#39;</strong></span> 
     </span>
    </p>
   </div>
   <div class='ocr_carea' id='block_1_118' title="bbox 2837 5859 3038 5886">
    <p class='ocr_par' dir='ltr' id='par_1_118' title="bbox 2837 5859 3038 5886">
     <span class='ocr_line' id='line_1_122' title="bbox 2837 5859 3038 5886; baseline 0 0"><span class='ocrx_word' id='word_1_927' title='bbox 2837 5878 2854 5886; x_wconf 57' lang='grc' dir='ltr'><strong>η</strong></span> <span class='ocrx_word' id='word_1_928' title='bbox 2935 5859 3038 5886; x_wconf 65' lang='lat'><strong>*.‘\</strong></span> 
     </span>
    </p>
   </div>
  </div>
