4078 6352
567 408 671 466 247

1678 398 1734 455 S.
1776 396 1863 454 PA
1871 389 2051 453 ULINI
2087 391 2340 453 NOLANI
2377 388 2677 451 EPISCOPl

3746 392 3855 455 ω

568 528 757 599 loquio
793 500 1164 586 demorantes“,
1209 516 1418 587 longius
1464 516 1625 572 verba
1664 516 1924 572 ducamus
1955 533 1968 569 :
2013 513 2155 571 unde
2181 514 2235 575 Α
2257 513 2422 569 etiam
2452 512 2519 569 ad
2547 501 2781 568 natalem
2808 511 2903 584 (V.
2933 520 3049 570 not.
3080 512 3173 586 63)
3201 528 3379 584 suum,
3396 513 3550 587 quod
3566 528 3853 574 consacer-

569 608 887 690 llagrantem
935 614 1319 673 desideriorum
1367 617 1677 667 nostrorum
1722 608 1890 677 sitim,
1920 608 2021 664 etsi
2048 622 2159 664 non

568 712 971 782 restinguimus,
1002 707 1126 778 quia
1155 719 1256 760 nec
1279 701 1495 774 expedit
1532 701 1690 757 nobis
1708 744 1723 768 ,
1745 709 1926 758 tamen
1953 714 2156 772 propo-

568 805 616 861 si
624 813 672 859 ta
697 800 1037 858 interioribus
1056 797 1227 854 oculis
1247 802 1572 868 conspectus
1600 800 1762 863 atque
1781 792 2038 863 colloquii
2077 792 2158 848 tui

566 896 801 965 imagine
849 892 1175 962 mitigamus.
1203 890 1339 946 Nam
1380 890 1482 946 etsi
1519 888 1857 961 prolongatus
1904 885 2155 944 videatur

564 987 820 1042 incolatus
868 994 1042 1041 noster
1071 994 1129 1051 α,
1161 999 1191 1038 a
1220 982 1355 1039 locis
1401 980 1748 1038 habitationis
1793 987 1930 1044 tute,
1972 987 2156 1033 tamen

563 1077 786 1148 spiritus
804 1091 914 1132 non
942 1083 1029 1132 est
1048 1082 1328 1145 separatus
1342 1088 1372 1127 a
1398 1070 1683 1142 complexu
1706 1068 2007 1125 dilectionis
2029 1075 2150 1123 tum.

566 1168 698 1236 Quis
726 1169 889 1234 enim,
936 1167 1129 1237 inquit,
1151 1183 1245 1221 nos
1271 1162 1529 1237 separabit
1549 1179 1583 1217 a
1606 1162 1824 1217 caritate
1848 1158 2077 1214 Christi?
2095 1157 2154 1213 Si

468 1276 479 1284 '
562 1266 591 1298 ³
637 1281 800 1338 neque
844 1278 1016 1327 mors,
1067 1277 1228 1332 neque
1280 1260 1416 1327 vita,
1459 1273 1619 1329 neque
1661 1255 1768 1310 alia
1809 1262 2050 1308 creatura
2098 1249 2150 1319 ιδ,

565 1364 772 1429 quanto
809 1356 984 1410 minus
1027 1352 1269 1408 absentia
1306 1349 1637 1421 corporalis,
1664 1361 1784 1417 quae
1831 1361 1941 1401 non
1969 1351 2154 1414 potest

563 1446 905 1517 praesentiam
931 1443 1227 1515 spiritalem
1256 1442 1503 1498 solvere?
1540 1438 1677 1506 Quia
1719 1444 1922 1507 quanto
1962 1433 2154 1491 fortior

562 1551 728 1593 carne
756 1543 841 1593 est
866 1535 1115 1607 spiritus,
1149 1540 1302 1589 tanto
1345 1534 1526 1602 potior
1571 1540 1656 1590 est
1694 1527 2002 1597 conjunctio
2030 1527 2150 1582 ani-

559 1642 774 1683 morum
826 1642 989 1697 quam
1042 1643 1359 1698 corporum,
1413 1635 1469 1680 et
1506 1624 1820 1680 interiorum
1873 1619 2150 1676 hominum

560 1719 849 1789 praesentia
877 1719 1071 1783 melior
1116 1718 1475 1775 exterioribus
1526 1713 1820 1793 separatis;
1862 1711 1957 1782 qui
2010 1723 2152 1780 szepe

559 1809 679 1866 sine
707 1825 869 1865 causa
893 1809 1191 1879 junguntur
1218 1808 1370 1876 locis,
1403 1808 1447 1866 si
1494 1807 1764 1863 mentibus
1807 1808 2145 1874 separentur.

2263 604 2478 661 dotibus
2508 604 2601 676 (id
2619 612 2695 660 est
2722 603 3103 677 sull‘raganeis)
3132 607 3245 663 suis
3281 613 3492 664 tantum
3517 606 3739 666 deferre
3762 623 3852 666 so—

2261 694 2358 762 let,
2388 696 2616 753 invitare
2646 696 2900 766 dignatus
2943 704 3029 753 est
3057 714 3072 751 :
3102 713 3206 755 nec
3241 696 3478 757 offensus
3503 707 3593 757 est
3615 714 3851 758 excusa-

2260 787 2410 843 tione
2438 797 2659 855 nostra;
2692 789 2790 846 sed
2832 787 3071 846 ofﬁcium
3097 790 3366 848 sermonis
3391 793 3587 860 nostri,
3616 792 3772 865 quod
3795 810 3850 851 ω

2260 878 2431 935 vicem
2461 879 2757 949 praesentixe
2783 878 3204 949 reddideramus,
3227 889 3520 953 acceptans
3538 884 3728 941 animo
3751 899 3854 942 nos

2258 979 2489 1044 paterno
2542 980 2599 1029 et
2651 972 2904 1030 absentes
2954 974 3177 1046 recepit.
3205 973 3451 1047 Denique
3495 976 3543 1033 si
3587 975 3852 1035 Dominus

2257 1071 2617 1120 commeatum
2646 1065 2667 1138 (
2692 1063 2752 1121 V.
2794 1072 2912 1122 not.
2945 1064 3052 1139 64)
3076 1065 3381 1135 donaverit,
3408 1075 3470 1124 ut
3493 1068 3565 1126 ad
3589 1084 3724 1127 eum
3749 1071 3852 1128 usi-

2255 1162 2371 1209 tato
2399 1154 2717 1212 solemniter
2735 1156 2894 1213 nobis
2917 1163 3162 1228 tempore
3189 1172 3548 1227 recurremus,
3571 1175 3740 1232 spero
3764 1177 3853 1221 me

2255 1243 2325 1298 ad
2369 1246 2712 1302 sanctitatem
2741 1254 2892 1303 tuam
2920 1248 2972 1304 ei
3022 1247 3231 1307 litteras
3256 1258 3602 1320 exacturum,
3651 1251 3851 1325 quibus

2254 1334 2420 1391 etiam
2443 1336 2542 1391 tibi
2568 1352 2670 1393 nos
2695 1337 2914 1410 incipiat
2940 1339 3347 1399 commendare.

2323 1426 2378 1482 '5.
2410 1426 2827 1487 Mediolanensis
2881 1445 3098 1502 quoque
3142 1431 3431 1505 episcopus
3476 1450 3677 1507 novus,
3708 1437 3848 1497 filius

2251 1526 2432 1575 vester
2455 1521 2748 1590 hucusque,
2780 1537 2924 1578 nunc
2942 1520 3109 1579 frater
3129 1522 3411 1594 Venerius,
3427 1524 3545 1597 jam
3557 1527 3846 1601 scripserat

2250 1612 2410 1670 nobis
2437 1621 2562 1684 post
2588 1613 2988 1671 ordinationem
3010 1630 3164 1672 suam
3195 1633 3209 1671 :
3236 1616 3334 1674 sed
3358 1618 3487 1690 quia
3507 1628 3566 1676 et
3590 1619 3845 1678 hocCar-

2250 1705 2438 1762 damas
2462 1705 2687 1776 jussisse
2715 1698 2787 1763 te'
2812 1707 3033 1773 retulit,
3056 1708 3371 1780 scripsimus
3400 1710 3477 1767 illi
3504 1726 3605 1784 per
3644 1713 3843 1784 ipsum,

2251 1804 2311 1851 ut
2338 1796 2503 1852 sciret
2529 1806 2775 1868 paratam
2798 1814 2923 1856 esse
2950 1801 3430 1871 opportunitatem,
3459 1803 3508 1861 si
3531 1804 3706 1861 vellet
3730 1804 3845 1862 offl-

561 1896 689 1955 Non
718 1901 874 1965 enim,
906 1900 1098 1970 inquit,
1128 1900 1214 1973 qui
1242 1901 1296 1955 in
1319 1909 1496 1971 aperto
1515 1898 1748 1963 Judteus,
1781 1912 1939 1967 neque
1956 1910 2070 1965 qua:
2096 1892 2150 1947 in
2182 1880 2228 1942 Β
2255 1887 2397 1944 cium
2448 1888 2640 1945 debitas
2662 1890 2879 1962 pietatis
2922 1905 3236 1962 agnoscere,
3278 1901 3340 1950 ut
3388 1895 3717 1954 beatitudini
3744 1906 3844 1956 tua

562 2007 722 2045 carne
742 2000 818 2046 est
838 1992 1189 2058 circumcisio;
1212 1994 1303 2046 sed
1315 1992 1403 2064 qui
1430 1994 1485 2046 in
1511 1992 1709 2046 occulto
1738 1991 1893 2061 108
1910 1988 2143 2053 Judwus,

560 2084 648 2154 qui
677 2084 862 2153 spiritu
890 2100 994 2139 non
1016 2086 1188 2140 littera
1218 2086 1570 2146 circumcisus,
1597 2085 1744 2155 cujus
1766 2083 1932 2154 gloria
1957 2098 2061 2136 non
2082 2098 2148 2137 ex

561 2172 874 2240 hominibus,
904 2176 996 2229 sed
1022 2192 1087 2230 ea".
1116 2174 1226 2230 Deo
1260 2185 1339 2231 est
1369 2186 1413 2230 ο.
1447 2175 1634 2245 Itaque
1660 2176 1762 2231 hac
1790 2174 1977 2231 eadem
2005 2173 2143 2244 lege,

561 2280 670 2334 qua
703 2267 882 2321 verior
901 2267 1239 2324 circumcisio
1260 2284 1377 2340 qum
1406 2269 1460 2323 in
1489 2269 1677 2338 corde,
1710 2284 1873 2338 quam
1900 2268 1955 2323 in
1985 2282 2147 2324 carne

564 2353 643 2424 (a)
670 2356 938 2417 concisio;
966 2365 1020 2411 et
1044 2359 1324 2427 praesentia
1370 2357 1575 2414 firmior
1597 2374 1715 2429 quae
1744 2358 1952 2429 spiritu,
1983 2371 2145 2427 quam

459 2512 466 2519 _
560 2458 683 2513 quae
711 2460 941 2516 corpore
962 2445 1200 2517 jungitur
1228 2455 1283 2503 et
1309 2448 1544 2504 cohaeret
1570 2448 1694 2515 sibi,
1724 2461 1938 2518 semper
1966 2456 2145 2502 tecum

557 2549 765 2601 sumus,
811 2544 975 2605 tuque
1020 2538 1319 2594 nobiscum.
1351 2539 1481 2602 Nam
1512 2539 1610 2595 etsi
1655 2538 1793 2595 facie
1838 2539 1905 2594 ad
1934 2548 2145 2611 tempus

558 2624 914 2682 discernimur
940 2616 1033 2700 (id
1054 2640 1131 2685 est
1168 2632 1501 2703 separamur,
1530 2632 1818 2698 distamus;
1848 2632 1952 2688 vid.
1981 2632 2141 2703 epist.

556 2712 645 2781 29,
675 2731 727 2770 n.
762 2716 846 2786 9),
888 2732 1102 2790 semper
1136 2706 1316 2777 tamen
1362 2723 1524 2779 corde
1553 2724 1787 2779 conserti
1814 2739 2093 2781 manemus
2122 2724 2145 2758 ³

556 2804 710 2871 inte,
735 2807 966 2863 vicissim
1012 2818 1065 2866 te
1109 2811 1389 2869 habitante
1417 2813 1472 2868 in
1496 2815 1792 2872 visceribus
1838 2815 2056 2882 nostris,
2087 2825 2145 2874 et

557 2898 628 2951 ad
649 2902 1101 2971 commoriendum,
1132 2914 1181 2960 et
1227 2906 1296 2959 ad
1334 2908 1698 2963 conrivendum
1725 2906 1775 2964 δ.
1802 2908 1963 2976 Sane,
2016 2909 2143 2981 quia

556 2991 624 3047 ad
652 2994 890 3051 caritatis
916 2996 1156 3066 ejusdem
1210 3017 1396 3058 curam
1425 3011 1481 3059 et
1520 3005 1942 3063 consolationem
1971 3009 2142 3079 perti-

555 3090 666 3149 net,
686 3092 744 3139 ut
770 3094 987 3142 actuum
1017 3101 1323 3147 nostrorum
1344 3094 1574 3150 invicem
1598 3096 2137 3169 conscii-efﬁciamur,

554 3189 663 3245 quo
686 3179 1018 3237 tolerabilius
1036 3182 1104 3237 de
1128 3185 1284 3242 nobis
1304 3187 1614 3247 absentibus
1637 3198 1943 3264 :estuemus,
1966 3195 2012 3251 si
2030 3210 2140 3252 non

2250 1979 2513 2035 scriberet
2538 1989 2595 2035 et
2631 1981 3040 2038 commendaret
3065 1984 3274 2054 pectori
3299 1992 3395 2041 tuo
3427 1987 3587 2059 109
3609 1988 3845 2059 primor-

2248 2067 2335 2125 dia
2362 2085 2478 2126 sua.
2510 2070 2619 2127 Nos
2641 2086 2769 2128 vero
2794 2071 3091 2141 gaudemus
3109 2083 3167 2132 et
3183 2074 3480 2146 gloriamur
3502 2077 3561 2133 in
3588 2078 3844 2151 Domino,

2248 2163 2376 2233 quia
2403 2172 2459 2220 et
2483 2164 2767 2222 visibiliter
2790 2175 2846 2223 et
2876 2166 3215 2227 invisibiliter
3237 2172 3481 2242 operaris
3508 2173 3589 2245 (b)
3611 2175 3843 2233 salutem

2249 2261 2493 2309 nostram
2514 2269 2642 2311 vere
2669 2264 2826 2327 pater
2844 2256 3019 2316 bonus
3045 2270 3103 2316 et
3127 2261 3381 2319 salutaris
3402 2271 3697 2336 patronus,
3717 2267 3845 2325 invi-

2248 2343 2477 2401 sibiliter
2505 2362 2604 2403 nos
2631 2345 2865 2408 aedificas
2892 2351 2947 2407 in
2975 2354 3310 2412 orationibus
3330 2356 3457 2425 tuis,
3480 2370 3686 2426 rogans
3705 2358 3843 2415 intra

2246 2439 2608 2510 nosmetipsos
2630 2439 2745 2497 ﬁeri
2766 2455 2990 2512 regnum
3012 2444 3139 2512 Dei;
3162 2446 3448 2503 visibiliter
3476 2456 3667 2504 autem
3687 2449 3843 2506 nobis

2248 2532 2490 2602 operaris
2518 2532 2572 2587 in
2601 2531 2820 2591 fabricis
2845 2537 3218 2609 ecclesiarum,
3249 2548 3309 2595 ut
3331 2548 3543 2612 partem
3574 2542 3738 2598 nobis
3759 2542 3841 2598 fa-

2247 2622 2360 2679 cias
2381 2638 2504 2679 cum
2532 2625 2646 2693 illo,
2677 2627 2831 2698 cujus
2869 2628 3060 2688 domus
3084 2646 3117 2687 a
3140 2631 3357 2690 Christo
3385 2636 3587 2692 meruit
3609 2636 3838 2694 visitari'

2246 2717 2372 2786 quia
2414 2716 2483 2774 de
2525 2718 2886 2778 aedificatione
2928 2731 3058 2780 tunc
3104 2724 3401 2798 Synagogte
3435 2727 3482 2796 τ,
3521 2730 3670 2800 quod
3698 2746 3838 2788 nunc

2246 2806 2490 2866 Ecclesia
2519 2820 2620 2879 est,
2644 2814 3011 2874 testimonium
3039 2819 3305 2890 religiosa:
3330 2821 3505 2892 plebis
3528 2835 3831 2895 acceperat.

2245 2896 2501 2957 Fatemur
2555 2905 2871 2961 venerandae
2916 2906 3107 2979 pietati
3154 2918 3276 2979 tuae,
3324 2911 3634 2982 legentibus
3681 2916 3831 2972 nobis

2245 2992 2391 3048 illam
2421 2993 2662 3063 epistola:
2689 3004 2921 3067 partem,
2951 3013 3059 3070 qua
3086 2998 3436 3072 Alingonensi
3471 3004 3571 3077 (V.
3598 3014 3720 3063 not.
3742 3005 3829 3079 65)

2244 3081 2501 3141 Ecclesiae
2544 3101 2742 3143 novam
2772 3088 2937 3144 tiliam
2965 3097 3019 3145 te
3045 3098 3239 3148 autore
3274 3093 3616 3164 progenitum
3636 3095 3753 3166 jam
3778 3097 3829 3153 in

2244 3178 2465 3236 nomine
2494 3178 2708 3236 Domini
2733 3197 2906 3252 usque
2951 3182 3024 3239 ad
3050 3182 3405 3243 dedicationis
3429 3187 3575 3244 diem
3596 3190 3832 3245 crevisse

553 3268 721 3327 simus
747 3272 966 3342 incerti;
996 3276 1290 3337 indicamus
1315 3282 1579 3342 affection.
1610 3302 1730 3352 tuac,
1754 3303 1914 3358 quam
1927 3259 2140 3350 scimus
2166 3259 2215 3324 c
2243 3270 2513 3341 δίεηίώθδι
2544 3273 2620 3329 ita
2640 3274 2938 3332 exsulasse
2966 3275 3215 3347 spiritum
3245 3287 3489 3337 "05m
3515 3280 3569 3336 ί¹¹
3595 3279 3717 3337 Deo
3743 3298 3833 3338 ⁸³³

552 3359 620 3417 de
646 3364 794 3419 omni
844 3374 969 3423 actu
1016 3378 1205 3427 nostro
1252 3373 1688 3433 sollicitissimam
1718 3393 1856 3447 esse,
1901 3384 2136 3453 propitio

551 3453 797 3522 Christo,
840 3458 914 3514 ita
939 3469 999 3516 ut
1035 3478 1179 3532 oras,
1211 3467 1391 3523 valere
1420 3484 1545 3530 nos;
1580 3487 1689 3527 non
1725 3474 1940 3543 quidem
1969 3476 2135 3533 robu-

550 3552 655 3609 sta,
689 3547 783 3602 sed
824 3557 1005 3608 tamen
1032 3569 1162 3611 sana
1190 3572 1481 3630 corporum
1508 3561 1818 3632 fragilitate.
1865 3566 2138 3638 Pauperes

549 3638 738 3708 spiritu
771 3651 816 3709 θ,
841 3658 950 3700 non
972 3656 1178 3717 nostro,
1204 3651 1298 3707 sed
1327 3651 1443 3721 Dei,
1469 3656 1620 3726 cujus
1641 3658 1885 3715 bonitate
1912 3675 2131 3729 egenus,

548 3729 753 3786 malitia
781 3744 964 3791 nostra
999 3738 1354 3797 abundantes.
1387 3743 1463 3801 De
1491 3760 1599 3815 quo
1632 3757 1812 3804 autem
1839 3749 2134 3811 Cardamas

550 3832 736 3877 uoster
762 3825 1060 3894 admonuit,
1087 3829 1313 3900 jussisse
1353 3842 1408 3890 te
1436 3850 1687 3895 asserens
1729 3850 1787 3897 ut
1812 3844 1975 3900 etiam
2006 3845 2133 3902 hinc

546 3926 666 3980 qua:
685 3915 826 3972 circa
850 3933 949 3974 nos
969 3929 1096 3976 sunt
1123 3922 1175 3981 in
1207 3922 1435 3983 Domino
1464 3933 1850 3993 nuntiaremus.

616 4001 668 4056 2.
701 4003 848 4106 Sciat
878 4012 1155 4068 veneratio
1202 4020 1291 4070 tua
1324 4025 1568 4074 sanctum
1597 4020 1814 4082 fratrem
1851 4038 2002 4087 tuum
2043 4050 2135 4106 pa-

543 4108 666 4163 pam
720 4093 877 4152 Urbis
907 4098 1246 4179 Anastasium
1277 4105 1372 4177 (V.
1424 4118 1536 4165 not.
1571 4109 1676 4184 62)
1707 4093 2129 4182 amantissimum

542 4199 663 4240 csse
692 4186 1005 4245 humilitatis
1024 4201 1252 4251 nostras:
1278 4213 1402 4254 nam
1429 4201 1521 4257 ubi
1549 4203 1779 4272 primum
1807 4219 2129 4280 potestatem

543 4276 781 4331 caritatis
809 4294 919 4334 suae
944 4284 1100 4340 nobis
1129 4286 1415 4346 offerendte
1444 4293 1643 4352 habere
1671 4276 1854 4371 coepit,
1887 4320 1995 4361 non
2034 4324 2128 4365 so-

544 4360 653 4462 ια’-[η
683 4366 956 4435 suscipere
974 4386 1134 4427 eama
1152 4377 1325 4444 nobis,
1339 4380 1433 4435 sed
1457 4383 1702 4452 ingerere
1713 4360 1866 4446 nobis
1889 4395 2129 4462 piissima

544 4450 829 4535 affeqtione
854 4455 875 4487 ‘
892 4466 1219 4530 properavit.
1248 4467 1382 4524 Nam
1403 4450 1556 4529 brevi
1583 4487 1707 4546 post
1734 4450 2128 4543 ordinationem

542 4556 695 4644 suam
723 4546 979 4614 epistolas
1006 4553 1074 4607 de
1102 4558 1319 4613 nomine
1347 4571 1559 4633 nostro,
1597 4567 1786 4637 plenas
1829 4580 1885 4627 et
1912 4574 2130 4645 religio-

544 4631 649 4701 nis,
680 4642 737 4688 et
762 4636 995 4706 pietatis,
1028 4650 1085 4697 et
1109 4646 1278 4715 pacis,
1300 4649 1368 4705 ad
1395 4627 1679 4725 episcopos
1702 4627 2131 4732 Campaiiiteumi-
2157 4627 2210 4688 Β

541 4724 638 4792 sit;
670 4728 865 4796 quibus
885 4740 941 4787 et
962 4749 1116 4789 suum
1137 4736 1439 4797 declararet
1466 4724 1733 4818 affectum,
1759 4761 1814 4807 et
1836 4724 1957 4812 aliis
1974 4758 2130 4815 beni-

540 4817 760 4926 gnitatis
805 4838 916 4880 sua:
954 4829 1220 4896 praeberet
1246 4838 1570 4908 exemplum.
1601 4842 1807 4903 Deinde
1833 4865 1935 4907 nos
1978 4854 2127 4926 ipsos

540 4909 746 5022 Romae,
770 4930 891 4985 cum
930 4921 1141 4980 solenni
1173 4932 1560 5021 consuetudine
1583 4938 1653 4992 ad
1680 4940 1961 5003 beatorum

535 5004 801 5062 stolorum
828 5014 1061 5070 natalem
1089 5020 1441 5094 venissemus,
1474 5003 1582 5084 tam
1610 5031 1803 5093 blande
1830 5053 1992 5109 quam
2020 5003 2124 5100 bo-

537 5096 761 5156 norilice
787 5106 1020 5187 excepit.
1050 5107 1243 5170 Postea
1281 5131 1497 5188 quoque
1524 5096 1864 5197 interposito‘
1876 5096 2122 5207 tempore

2238 3362 2400 3419 lutari
2419 3371 2607 3422 nostro
2637 3374 2687 3435 ε,
2714 3374 2774 3421 ut
2801 3374 3072 3437 tamquam
3101 3369 3155 3425 in
3179 3372 3434 3441 praesenti
3458 3371 3828 3431 dedicantium

2236 3458 2466 3515 cmtibus
2487 3459 2891 3526 interessemus,
2924 3461 3013 3517 illa
3041 3461 3109 3519 de
3129 3464 3351 3534 psalmis
3371 3466 3682 3537 prophetici
3707 3481 3833 3538 gau-

2234 3550 2311 3607 dii
2339 3552 2503 3609 verba
2525 3569 2841 3611 caneremus
2871 3573 2885 3610 :
2912 3553 3189 3612 Exsultate
3212 3556 3324 3614 Deo
3351 3559 3586 3631 adjutori
3615 3570 3828 3629 nostra;

2234 3646 2420 3700 sumite
2447 3647 2723 3717 psalmum,
2753 3657 2804 3704 et
2840 3650 2961 3704 date
2990 3660 3285 3723 tympanum
3305 3650 3354 3708 1'.
3395 3652 3586 3710 Tollite
3609 3657 3825 3727 hostias,

2232 3746 2284 3794 et
2302 3738 2511 3794 introite
2534 3741 2588 3805 in
2625 3741 2762 3796 atria
2782 3739 3029 3808 Domini;
3062 3743 3280 3799 adorata
3310 3744 3601 3801 Dominum
3621 3748 3679 3803 in
3706 3749 3826 3804 aula

2234 3840 2417 3885 sancta
2466 3831 2581 3903 ejus
2626 3830 2667 3886 ί.
2704 3831 2806 3888 Vel
2846 3832 2976 3888 illud
3003 3831 3244 3903 ejusdem
3271 3836 3553 3908 propheta:
3584 3856 3601 3892 :
3634 3837 3823 3911 Surge,

2231 3921 2474 3989 Domine,
2505 3925 2562 3979 in
2591 3927 2814 3997 requiem
2861 3933 3023 3993 tuam,
3054 3933 3110 3980 tu
3148 3935 3199 3981 et
3235 3942 3362 3983 arca
3386 3930 3823 4000 sanctiﬁcationis

2232 4022 2336 4070 tua:
2359 4012 2404 4069 i.
2431 4012 2741 4069 Sacerdotes
2781 4015 2855 4069 tui
2880 4015 3102 4071 induant
3124 4017 3423 4088 salutarem,
3453 4028 3507 4075 et
3551 4021 3731 4078 sancti
3750 4028 3825 4078 tui

2232 4106 2509 4162 exsultent.
2534 4103 2864 4163 Constituant
2891 4108 3030 4164 diem
3058 4109 3130 4180 (ε)
3158 4126 3308 4167 suum
3335 4110 3385 4169 ιι.

2303 4221 2359 4278 4.
2387 4220 2544 4290 Quod
2563 4236 2694 4277 vero
2722 4220 2959 4279 indicare
2979 4221 3229 4294 dignatus
3248 4241 3330 4296 es,
3354 4226 3564 4298 aliquos
3583 4231 3654 4287 de
3677 4240 3826 4303 parte

2228 4314 2393 4380 illius,
2415 4313 2564 4385 cujus
2584 4313 2779 4369 invidia
2800 4330 2939 4371 mors
2967 4316 3195 4371 introivit
3217 4318 3273 4371 in
3295 4316 3466 4374 orbem
3495 4327 3760 4379 terrarum
3778 4322 3819 4392 ι,

2233 4402 2471 4457 dentibus
2515 4404 2625 4458 suis
2666 4405 2887 4477 fremere
2912 4414 2963 4461 et
3009 4406 3270 4463 tabescere
3298 4417 3359 4477 ιιι,
3382 4425 3492 4467 non
3513 4413 3815 4483 miramur;

2233 4494 2359 4563 quia
2387 4501 2443 4549 et
2470 4494 2524 4549 in
2553 4493 2889 4552 Hierusalem
2926 4511 3049 4553 cum
3095 4499 3515 4560 resediliearetur
3560 4506 3820 4577 templmn

2235 4584 2352 4653 Dei,
2397 4587 2710 4644 invidebant
2736 4589 2942 4663 Assyrii
2971 4600 3033 4659 ης
3062 4600 3120 4649 et
3158 4592 3420 4652 fabricam
3447 4609 3819 4670 resurgentem

2236 4680 2571 4737 conabantur
2597 4682 2882 4741 hostilibus
2921 4699 3064 4757 stepe
3100 4686 3499 4747 incursionibus
3534 4692 3816 4764 impedire.

2234 4769 2346 4826 Sed
2374 4771 2500 4843 quia
2536 4774 2707 4845 potior
2732 4782 2810 4829 est
2837 4777 2926 4847 qui
2962 4777 3020 4831 in
3048 4777 3198 4833 nobis
3243 4789 3339 4848 est,
3360 4792 3516 4853 quam
3537 4784 3697 4852 quiin
3726 4785 3823 4839 hoc

2234 4866 2427 4921 mundo
2453 4874 2500 4932 ο,
2533 4866 2845 4923 desiderium
2882 4868 3091 4925 illorum
3112 4872 3302 4943 peribit
3327 4882 3385 4942 Ρ,
3415 4883 3661 4930 nostrum
3688 4891 3823 4933 vero

2232 4956 2638 5014 continuabitur
2666 4976 2680 5013 :
2725 4960 2853 5030 quia
2895 4977 3163 5033 speramus
3197 4964 3255 5019 in
3289 4964 3644 5023 misericordia
3683 4968 3819 5039 eius,

2230 5051 2318 5122 qui
2336 5067 2614 5122 numquam
2644 5052 2917 5125 confundit
2945 5063 3211 5126 sperantes
3230 5057 3287 5112 in
3321 5074 3378 5113 se
3406 5069 3455 5115 «1.
3478 5058 3708 5116 Tantum
3736 5061 3821 5132 (ά)

2231 5151 2353 5199 oret
2390 5144 2653 5201 sanctitas
2689 5152 2815 5215 tua,
2851 5146 2991 5204 sicut
3017 5147 3176 5218 facit,
3209 5159 3271 5207 ut
3313 5160 3369 5208 et
3393 5152 3449 5209 in
3487 5153 3644 5211 nobis
3689 5155 3824 5226 ipsis

662 5236 804 5295 Psal-
835 5257 982 5310 CXIX.
1012 5244 1066 5301 5-
1142 5247 1170 5288 ιτ
1191 5249 1475 5320 Rom.vm,
1501 5258 1589 5314 55.
1672 5274 1692 5301 ο
1718 5264 1875 5324 Rom.
1903 5286 1961 5338 ιι,
1987 5271 2079 5327 18.

662 5307 693 5352 l-
770 5307 799 5349 h
828 5310 948 5352 Dm]
1003 5330 1143 5352 πννν
1211 5321 1246 5352 ο
1350 5324 1360 5352 i
1400 5325 1521 5352 ιιηι
1579 5348 1679 5352 η---
1732 5335 1763 5352 n
1960 5343 1996 5352 ..
2066 5345 2078 5352 .

2243 5277 2599 5352 [σοι-,νηηᾶ
2680 5292 2705 5321 ε
2733 5282 2924 5339 Matth.
2955 5300 3007 5351 v,
3034 5283 3087 5340 5.
3169 5283 3191 5324 τ
3214 5285 3346 5343 Luc.
3370 5302 3471 5352 vn,
3503 5285 3554 5342 5.
3635 5298 3663 5337 ε
3683 5288 3819 5344 Luc.

533 5321 571 5400 ετ
604 5304 695 5400 42;
770 5307 799 5349 ιι
821 5304 1149 5400 Es'ali‘sxxx
1167 5362 1182 5388 ,
1211 5304 1698 5400 ῼῗνίδῖξδῖξον,

530 5377 1299 5460 ιι,24.-;ιιιΡεθι.οχιξ10.

532 5397 720 5442 11,24.
778 5397 1024 5441 .mPsal.
1054 5403 1178 5460 cn,
1211 5397 1299 5450 10.
1404 5405 1432 5435 ³³
1462 5397 1483 5452 Ι
1512 5397 1639 5458 Esd.
1682 5397 1836 5470 iv,‘

532 5462 712 5506 cnvr.
736 5451 824 5506 ll.

695 5489 712 5517 ’
741 5489 824 5509 ΙΙ.

1858 5412 2046 5480 ;v,5.

604 5579 684 5674 Sa.)
722 5580 831 5674 bis.
846 5587 1024 5674 codex
1042 5587 1383 5664 Viennensis,
1405 5599 1742 5663 circumcisio.
1768 5607 1867 5666 Ed.
1899 5612 2033 5670 Bad.
2067 5627 2123 5674 et

531 5643 718 5715 Gram,
741 5657 1013 5713 consertio.

602 5716 801 5815 (ligio
816 5727 1310 5815 ms1yien..ncodex.
1336 5737 1473 5799 Ante
1493 5752 1613 5801 erat
1630 5748 1879 5808 salutem:
1909 5756 2113 5815 dovmlm

529 5794 833 5848 nostram...
863 5810 956 5852 nos
983 5799 1233 5871 tediﬁcas.

1769 5376 1784 5403 ν
1811 5353 1933 5431 fec:
1960 5343 2190 5431 Psalter.
2210 5348 2382 5431 .Rpm.
2460 5352 2476 5404 Ξ
2502 5343 2659 5431 Ῥεξι.
2684 5369 2875 5431 cxxy,
2898 5352 2953 5431 _8.
2994 5343 3055 5393 ἰ
3086 5354 3227 5431 Psal.
3251 5372 3432 5431 cxvii,
3457 5343 3546 5412 97.
3614 5343 3817 5431 ‘1_Sap.

2154 5427 2179 5456 ο
2209 5418 2231 5474 l
2256 5418 2448 5477 Johan.
2482 5438 2556 5490 Iv,
2582 5422 2635 5479 4.

2737 5435 2765 5475 p
2793 5422 2938 5480 Psal.
2965 5441 3071 5494 cn,
3101 5426 3189 5483 10.
3263 5438 3291 5480 ει
3312 5422 3457 5485 Psal.
3495 5444 3566 5485 xu
3593 5472 3611 5498 ,
3660 5429 3716 5496 6,
3761 5422 3823 5487 et

2304 5621 2379 5701 (ς)
2419 5622 2603 5679 Suum.
2653 5624 2899 5701 Legerim
2953 5631 3158 5701 festum.
3206 5630 3340 5687 Nam
3399 5631 3591 5691 allusio
3637 5644 3725 5691 est
3751 5636 3825 5693 ad

2228 5690 2491 5782 psalmum
2535 5712 2698 5764 (τινα,
2732 5690 3053 5755 ’ϐοηδιὶιὶιὶιε
3098 5703 3234 5758 diem
3288 5690 3584 5758 solemnem.
3625 5690 3822 5764 Grmce

2229 5783 2424 5832 εορτγιν.

2300 5832 2380 5906 (τι)
2419 5832 2520 5891 Ms.
2561 5834 2759 5909 Regius
2778 5837 2973 5909 codex,
3006 5842 3150 5899 viret.
3180 5840 3279 5903 Ms.
3314 5842 3486 5915 Vien.,
3513 5845 3704 5921 vigilet.
