4078 6352
1584 257 1642 315 S.
1683 248 1965 312 PAULINI
1997 246 2251 308 suum
2288 247 2595 307 EPISCOPI

451 388 605 446 illum
658 379 882 442 fratrem
909 380 1097 439 ἰού
1146 378 1203 435 in
1243 386 1399 435 saera
1447 376 1760 448 Regnorum
1806 371 2036 429 admirer
2071 366 2129 428 Α
2150 373 2300 431 Patri
2348 374 2545 429 Filium
2591 369 2881 438 nuntiavit,
2908 368 2969 425 in
2993 365 3409 438 Spiritum
3441 361 3755 419 DeoDeum

451 488 576 536 mur
601 477 829 535 historia
857 480 903 530 ⁸.
931 472 1041 531 Nec
1067 476 1178 528 non
1201 470 1380 526 mura
1400 469 1553 525 illum
1578 470 1633 523 in
1661 465 1950 538 allophylis
1968 464 2049 534 gi-

452 574 671 642 gantem
696 572 973 640 stupemus
995 564 1235 636 legentes
1263 562 1313 631 δ,
1335 563 1428 634 qui
1449 561 1595 618 ultra
1611 560 1832 616 humani
1854 564 2050 628 corpor-3

453 666 529 720 ris
559 660 799 726 modum,
846 664 902 716 et
926 658 1007 730 (α)
1034 666 1345 712 mensuram
1381 657 1750 712 membrorum
1778 658 2047 718 creverat,

456 764 619 827 quem
644 754 791 810 senis"
817 754 1038 807 armatae
1056 746 1237 820 digitis
1261 762 1473 817 manus,
1509 757 1566 805 et
1592 748 1815 804 totidem
1839 745 2053 818 pollici-

457 851 560 905 bus
576 847 845 904 articulati
868 846 1039 918 pedes
1065 840 1351 902 fortiorem
1394 844 1590 900 ceteris
1616 842 2052 910 velocioremque

456 932 745 1008 iaciebant,
771 936 879 996 nisi
904 937 1054 1009 quod
1083 936 1273 995 contra
1293 930 1461 993 David
1486 944 1655 991 manu
1674 934 1769 990 Dei
1793 932 2054 990 dimicau-

458 1038 588 1094 tem,
617 1036 673 1084 et
699 1027 901 1085 Christi
947 1029 1182 1099 imagine
1206 1043 1421 1099 semper
1447 1028 1723 1093 invictum,
1758 1018 1903 1080 nulla
1930 1029 2050 1078 nias

424 1128 686 1186 .guorum
717 1112 845 1173 licet
891 1117 1127 1173 hostium
1175 1126 1365 1173 manus
1419 1116 1693 1186 virtusque
1748 1113 2050 1186 praevaluit,

458 1210 675 1281 (b)quia
700 1208 753 1265 in
783 1202 975 1267 alienis
996 1206 1287 1279 grandibus
1311 1202 1545 1280 superba
1570 1206 1771 1264 diaboli
1793 1202 2055 1263 exaltatio

461 1292 835 1371 dejiciebatur,
863 1308 918 1357 et
946 1296 1000 1357 in
1039 1302 1246 1373 pusillis
1295 1294 1495 1357 nostris
1524 1298 1546 1332 ‘
1575 1298 1876 1355 humilitate
1912 1308 2053 1369 prm-

459 1398 654 1464 pOtens
681 1395 934 1451 salutaris
962 1394 1059 1450 D'ei‘
1082 1394 1251 1451 forma
1278 1395 1549 1451 vincebat.

528 1474 581 1537 Ξ.
623 1478 735 1540 Sed
766 1494 1108 1541 recurremus
1135 1485 1203 1541 ad
1232 1480 1473 1556 epistola;
1501 1488 1681 1556 caput,
1720 1478 1879 1556 112
1909 1481 2056 1552 quod

461 1573 483 1605 ⁸
510 1578 541 1628 a
571 1568 796 1644 pedibus
851 1566 1242 1643 inchoavimus,
1296 1582 1355 1632 ut
1409 1584 1684 1633 cursorem
1726 1572 2055 1631 dominicum

458 1662 543 1735 (id
566 1666 647 1721 est
667 1678 882 1722 servum
909 1664 1150 1735 Domini;
1174 1662 1276 1723 vid.
1307 1680 1396 1739 ep.
1426 1658 1514 1733 40,
1533 1682 1587 1724 n.
1607 1665 2054 1738 5)Cardatuatem

2154 476 2412 532 cernens;
2449 458 2576 538 quia
2615 466 2670 521 in
2700 465 2823 535 ipso
2855 461 3095 518 Tritiitas
3132 456 3438 515 Divinitstis
3472 456 3753 527 impletur,

2155 566 2210 622 et
2237 581 2344 621 una
2386 562 2667 618 Trinitatis
2711 558 2972 615 Divinitas
3017 556 3273 611 cernitur.
3325 552 3561 624 Spiritus
3608 552 3755 605 enim

2154 659 2272 725 Dei,
2301 659 2440 715 sicut
2460 664 2515 713 et
2543 653 2778 710 Verbum
2802 650 2917 717 Dei,
2941 649 3084 705 Dens
3107 655 3335 718 uterque
3362 645 3421 699 in
3443 658 3554 699 uno
3577 644 3761 713 capite

2152 755 2541 822 permanente;
2572 752 2626 803 et
2657 760 2723 801 ex
2752 754 2862 800 uno
2889 741 3073 797 Patris
3107 738 3258 797 fonte
3303 743 3612 801 manantes,
3661 733 3757 788 sed

2154 843 2323 899 Filius
2354 840 2643 906 nascendo,
2690 837 2922 908 Spiritus
2948 830 3317 907 procedendo,
3347 829 3496 887 salva
3525 827 3758 897 quisque

2154 942 2509 1007 personarum
2525 944 2743 989 suarum
2762 929 3113 1001 proprietate,
3131 924 3369 982 distincti
3383 923 3573 1005 potius
3594 934 3755 991 quam

2155 1025 2311 1082 divisi
2340 1031 2501 1080 erunt
2529 1023 2685 1097 (forte
2707 1021 2807 1094 leg.
2837 1021 3007 1091 sunt).

2228 1118 2282 1175 4.
2317 1114 2594 1173 Johannes
2624 1117 2786 1184 igitur
2820 1116 3012 1170 beatus
3040 1110 3293 1169 dominici
3330 1106 3565 1178 pectoris
3587 1108 3758 1163 cuba-

2160 1211 2343 1279 ιστὶιθ,
2363 1204 2455 1283 qui
2476 1224 2665 1267 sensus
2690 1210 2732 1241 ¹⁹
2754 1208 3019 1264 creaturis
3038 1205 3289 1261 onmibus
3310 1202 3534 1257 altiores
3551 1215 3621 1256 ex
3643 1200 3757 1269 ipse

2156 1305 2439 1364 creatricis
2460 1303 2700 1359 omnium
2746 1310 2927 1356 rerum
2971 1297 3134 1354 corde
3186 1294 3470 1365 sapientire'
3505 1292 3753 1357 biberat,

2158 1397 2456 1454 inebriatus
2491 1394 2647 1466 113
2675 1391 2880 1460 Spiritu
2907 1399 3115 1455 sancto,
3148 1390 3241 1459 qui
3288 1394 3552 1442 scrutatur
3600 1388 3757 1441 etiam

2160 1491 2269 1547 alta
2311 1489 2405 1545 Dei
2439 1488 2485 1557 ί,
2518 1489 2586 1544 ab
2616 1489 2733 1558 ipso
2764 1486 2959 1541 intimo
2981 1494 3035 1540 et
3062 1482 3277 1539 inﬁnito
3312 1483 3554 1539 omnium
3600 1481 3756 1553 prin-

2160 1583 2424 1653 cipiorum
2450 1574 2727 1648 Evangelii
2774 1577 2901 1633 fecit
2931 1575 3246 1640 exordium;
3279 1580 3387 1644 quo
3434 1580 3547 1627 uno
3574 1575 3756 1628 omnia

2161 1668 2381 1740 diaboli,
2409 1686 2528 1743 quae
2559 1674 2611 1728 in
2635 1671 2903 1729 haereticis
2941 1671 3161 1733 latrant,
3193 1682 3289 1723 ora
3317 1662 3665 1723 clauduntur.
3692 1663 3756 1720 Et

458 1757 683 1825 signatis
712 1757 768 1812 in
818 1757 935 1826 lege
962 1758 1140 1814 divina
1171 1756 1515 1830 antiquorum
1558 1760 1824 1816 velocium
1868 1758 2053 1816 laude-
2082 1750 2133 1814 B
2157 1767 2329 1840 prima
2348 1764 2459 1820 Arii
2489 1765 2667 1833 lingua
2696 1760 3040 1834 praeciditur:
3072 1758 3169 1815 sed
3194 1767 3249 1812 et
3275 1755 3496 1812 Sabellii
3517 1754 3591 1823 (ε)
3616 1750 3757 1809 blas-

457 1854 578 1902 mus
604 1849 887 1919 esemp‘lis.
920 1842 1181 1905 Subvenit
1209 1851 1389 1922 itaque
1411 1850 1567 1907 nobis
1595 1858 1651 1906 et
1671 1850 1737 1906 de
1758 1849 2049 1919 Evangelio

458 1934 813 1997 adolescentis
842 1942 1071 2014 apostoli
1121 1944 1278 1999 beata
1300 1938 1563 2000 velocitas
1606 1936 1717 2011 illa,
1747 1960 1853 2015 qua
1901 1943 1922 1975 °
1951 1942 2053 1999 Pe-

360 2055 375 2065 -
459 2036 603 2085 trum
643 2020 835 2088 allecto
866 2032 1118 2090 currendi
1146 2042 1331 2105 parem
1352 2075 1367 2101 ,
1395 2035 1491 2090 sed
1517 2035 1739 2105 majoris
1765 2035 1865 2090 ιενί
1916 2046 2053 2105 pon-
2097 2036 2104 2044 '

462 2124 592 2179 dere
616 2120 930 2191 tardiorem,
961 2124 1028 2183 ad
1056 2126 1362 2198 sepulcrum
1382 2117 1595 2183 Domini
1625 2130 1973 2199 praecucurrit
2003 2130 2048 2195 6;

460 2220 522 2270 ut
547 2219 996 2273 resurrectionem
1016 2218 1260 2290 corporis
1284 2218 1432 2289 prior
1458 2216 1766 2290 inspiceret,
1788 2220 1880 2290 qui
1908 2220 2054 2275 solus

460 2305 517 2360 in
560 2315 784 2378 pectore
832 2306 1184 2366 recumbebat
1217 2307 1266 2364 δ.
1299 2300 1453 2367 Unde
1479 2312 1722 2381 geminos
1752 2302 1805 2366 in
1840 2311 2053 2369 alveum

460 2388 640 2454 cordis
664 2400 747 2454 sui
771 2400 1009 2456 traxerat
1036 2399 1229 2470 fontes,
1253 2410 1397 2473 quos‘
1412 2404 1467 2459 in
1495 2402 1683 2461 orbem
1703 2403 1845 2460 idem
1866 2413 2053 2475 postea

459 2482 825 2572 Revelationis
855 2483 934 2567 (id
955 2506 1031 2550 est
1058 2494 1437 2572 Apocalypsis)
1478 2506 1535 2554 et
1564 2492 1836 2568 Evangelii
1880 2514 2055 2570 praeco

459 2570 696 2650 ditludit;
720 2592 777 2639 et
797 2584 941 2640 illam
967 2586 1239 2643 carnalem
1269 2570 1605 2645 alacritatem
1625 2590 1841 2660 pedum,
1864 2597 2052 2661 postea

459 2664 718 2761 speciosis
738 2670 898 2763 verbi
919 2676 1143 2750 pedibus
1163 2676 1280 2736 toto
1299 2695 1399 2750 per
1425 2681 1654 2753 populos
1682 2682 1814 2738 orbe
1840 2681 2049 2763 dis‘cur-

459 2778 586 2821 rens
613 2760 841 2837 spiritali
854 2769 1145 2827 velocitate
1171 2770 1478 2843 complevit.
1906 2760 1915 2773 ’

530 2855 583 2911 5.
624 2850 771 2914 Idem
801 2856 938 2916 ultra
967 2860 1206 2918 omnium
1230 2871 1474 2936 tempora
1496 2864 1868 2936 apostolorum
1894 2876 2054 2924 aetate

459 2947 724 3018 producta
765 2957 1073 3022 postremus
1095 2946 1373 3026 Evangelii
1400 2958 1633 3028 scriptor
1660 2950 1822 3014 fuisse
1843 2975 2053 3015 memo-

462 3049 641 3108 ratur;
672 3051 753 3124 ut,
783 3044 921 3100 sicut
948 3036 1016 3101 de
1045 3038 1164 3118 ipso
1191 3040 1299 3105 Vas
1327 3040 1606 3107 electionis
1634 3043 1729 3120 ait,
1761 3053 1917 3124 quasi
1962 3069 2055 3110 co-

2154 1858 2373 1930 phemia
2404 1860 2685 1921 vacuatur,
2720 1868 2841 1909 cum
2873 1851 3061 1908 eadem
3093 1849 3383 1905 Piseatoris
3433 1848 3606 1904 nostri
3638 1862 3758 1901 sen-

2154 1950 2324 2005 tentia
2354 1956 2410 2004 et
2437 1948 2615 2003 unitas
2640 1944 2718 2015 (1!)
2745 1938 2973 1999 Deitatis
3003 1938 3057 1997 in
3086 1939 3245 1996 Patre
3266 1948 3321 1995 et
3348 1930 3506 2006 Filio,
3541 1942 3597 1993 et
3621 1937 3758 1992 divi-

2155 2043 2236 2098 sio
2256 2039 2655 2112 personalitatis
2675 2037 3013 2107 exprimitur.
3041 2032 3243 2089 Eodem
3274 2031 3508 2102 capitulo
3530 2036 3586 2087 et
3615 2029 3757 2085 Pho-

2156 2135 2326 2202 tinus,
2356 2130 2578 2187 humani
2607 2136 2817 2184 tantum
2846 2126 2899 2183 in
2929 2124 3143 2182 Christo
3166 2120 3374 2181 exordii
3403 2122 3631 2178 demens
3652 2136 3756 2177 πιθα

2158 2225 2348 2293 gister,
2399 2221 2749 2292 exploditur:
2786 2226 2841 2299 et
2869 2217 3141 2283 Marcion,
3171 2217 3262 2287 qui
3315 2208 3482 2271 Deum
3538 2215 3674 2284 legis
3703 2221 3757 2268 et

2156 2308 2725 2385 Evangeliidiscernit,
2755 2308 3112 2378 exstinguitur
3137 2327 3150 2362 :
3178 2314 3233 2363 et
3262 2302 3608 2371 Manichteus,
3645 2306 3755 2360 veri

2167 2402 2442 2463 Creatoris
2472 2412 2701 2475 negator
2746 2413 2801 2461 et
2847 2404 2967 2459 falsi
2999 2402 3278 2467 confictor,
3310 2401 3598 2468 obteritur,
3629 2400 3754 2455 sub-

2159 2506 2307 2552 texta
2363 2497 2508 2553 illico
2564 2492 2805 2568 ejusdem
2861 2492 3259 2565 super-caelestis
3308 2490 3585 2560 Evangelii
3623 2505 3753 2545 voce

2159 2590 2415 2647 confusus
2448 2610 2461 2645 :
2494 2587 2902 2661 (supercteleste
2930 2588 3035 2642 hoc
3081 2584 3433 2654 Evangelium
3465 2582 3599 2650 dixi,
3630 2585 3750 2653 quia

2159 2685 2440 2741 exordium
2470 2683 2587 2754 ejus
2616 2681 2684 2737 ab
2713 2686 2777 2737 ea
2804 2681 3011 2750 origine
3036 2695 3155 2749 quae
3179 2693 3340 2748 super
3367 2692 3560 2732 omnes
3589 2677 3749 2732 ctelos

2157 2778 2213 2832 et
2235 2778 2361 2832 ante
2389 2775 2570 2831 omnia
2598 2772 2780 2830 secula
2803 2779 2904 2838 est,
2936 2768 3270 2838 inchoatur,)
3300 2769 3422 2839 quia
3456 2766 3522 2822 de
3551 2768 3657 2823 hoc
3678 2769 3746 2835 (e)

2158 2868 2254 2924 Dei
2281 2864 2462 2924 Verbo
2491 2866 2605 2923 Deo
2644 2866 2792 2922 audii.
2825 2883 2839 2919 :
2891 2861 3083 2919 Omnia
3112 2880 3203 2937 per
3223 2863 3391 2936 ipsum
3421 2865 3565 2934 facta
3613 2868 3746 2925 siml,

2158 2969 2208 3015 et
2235 2961 2349 3015 sine
2376 2960 2490 3030 ipso
2514 2959 2708 3031 factum
2738 2958 2821 3012 est
2847 2954 2981 3010 nihil
3027 2958 3071 3008 ι.
3103 2952 3417 3008 Gnosticum
3445 2964 3579 3007 vero
3611 2948 3750 3009 falsae

2159 3046 2400 3109 scientiae
2450 3052 2669 3107 nomine
2722 3050 3082 3120 gloriantem,
3131 3052 3186 3104 et
3225 3060 3439 3103 omnem
3488 3061 3751 3119 perverse

461 3129 644 3188 lumna
674 3122 1067 3193 ﬁrmamentum
1097 3136 1360 3208 adiiceret
1389 3140 1751 3197 iundamentis
1776 3122 2049 3211 Ecclesize,
2081 3130 2133 3196 C
2158 3143 2355 3200 mentis
2376 3141 2708 3198 intellectum
2733 3141 2785 3195 in
2813 3132 2956 3195 aeria
2984 3139 3225 3211 quaedam
3242 3139 3619 3209 phantasmata
3638 3139 3748 3193 vel-

461 3223 672 3294 priores
700 3227 719 3257 ⁷
739 3214 1017 3295 Evangelii
1036 3231 1331 3301 scriptores
1350 3248 1591 3289 consona
1611 3236 1902 3291 autoritate
1924 3252 2053 3292 con-

461 3317 715 3383 ﬁrmans;
741 3321 962 3378 ultimus
988 3332 1147 3380 autor
1193 3324 1247 3380 in
1276 3325 1400 3382 libri
1428 3334 1693 3399 tempore,
1724 3320 1823 3385 sed
1848 3329 2054 3399 primus

462 3408 519 3464 in
545 3402 724 3481 capite
748 3415 1102 3482 sacramenti;
1124 3417 1326 3487 quippe
1354 3418 1447 3489 qui
1470 3418 1621 3476 solus
1648 3434 1679 3475 e
1699 3427 1933 3491 quatuor
1955 3420 2049 3476 llu-

460 3499 698 3556 mlnibus
717 3516 784 3557 ex
806 3502 925 3574 ipso
946 3520 1158 3564 summo
1178 3506 1343 3564 divini
1365 3509 1553 3579 capitis
1572 3508 1723 3566 fonte
1739 3511 2051 3582 decurrens,

461 3591 529 3647 de
558 3592 701 3649 nube
724 3595 939 3651 sublimi
969 3598 1125 3654 tonat
1153 3617 1165 3652 :
1202 3599 1269 3654 In
1298 3600 1555 3672 principio
1580 3612 1692 3656 erat
1734 3602 1976 3671 Verbum,
2004 3612 2055 3659 et

471 3677 697 3739 Veram
721 3686 845 3759 erat,
882 3683 1028 3756 apud
1067 3678 1251 3756 Deum,
1299 3696 1353 3744 et
1376 3689 1520 3746 Deus
1564 3698 1681 3746 erat
1730 3691 1957 3748 Verbum
2005 3704 2049 3749 ο.

460 3766 816 3832 Transcendit
862 3768 1110 3853 Moysen,
1138 3782 1231 3851 qui
1256 3792 1427 3852 usque
1470 3782 1537 3839 ad
1565 3788 1728 3854 caput
1764 3782 1949 3843 mundi
1998 3796 2056 3843 et

460 3865 754 3923 visibilium
779 3876 1153 3927 creaturarum
1181 3872 1404 3947 exordia
1429 3874 1671 3931 scientia:
1690 3877 1950 3934 terminos
1970 3880 2056 3935 vel

461 3958 580 4014 acie
607 3959 630 3991 ⁸
656 3960 852 4016 mentis
880 3962 1138 4018 extendit.
1172 3963 1277 4021 Iste
1297 3973 1351 4021 et
1370 3968 1713 4038 evangelistis
1730 3970 1944 4037 ceteris,
1968 3974 2063 4029 vel.

464 4051 535 4108 ab
575 4049 814 4109 humano
841 4053 1147 4113 Salvatoris
1168 4065 1290 4113 ortu
1317 4057 1362 4127 ί,
1392 4060 1478 4117 vel
1523 4076 1555 4116 a
1583 4063 1767 4132 typico
1798 4062 1931 4130 legis
1960 4080 2054 4121 sa-

461 4140 688 4225 criticio,
711 4143 796 4199 vel
811 4159 841 4200 a
855 4146 1177 4218 prophetico
1195 4150 1545 4220 praecursoris
1568 4146 1825 4223 Baptista!
1848 4171 2054 4226 praeco-

466 4231 557 4287 nio
581 4231 932 4303 Evangelium
952 4241 1362 4297 resurrectionis
1375 4244 1585 4299 exorsis
1607 4245 1766 4302 altius
1792 4248 1983 4304 volans
2005 4259 2053 4319 ιτ,

466 4325 773 4394 penetravit
825 4334 881 4382 et
930 4329 1103 4385 caelos
1134 4348 1147 4383 :
1182 4345 1357 4401 neque
1412 4333 1466 4390 in
1509 4336 1716 4404 angelis
1757 4340 1936 4405 stetit,
1959 4342 2057 4397 sed

464 4415 815 4484 arciangelos
856 4428 1096 4488 quoque,
1146 4428 1207 4477 et
1242 4436 1435 4479 omnes
1477 4424 1710 4497 desuper
1757 4438 2055 4500 creaturas,

2159 3244 2218 3292 ut
2239 3230 2469 3309 spiritali
2501 3232 2864 3308 corporalium
2898 3249 3079 3289 rerum
3109 3233 3492 3303 imaginatione
3527 3239 3744 3288 verten—

2160 3324 2288 3399 tem,
2307 3322 2377 3385 ad
2400 3320 2559 3385 fidem
2579 3327 2755 3386 carnis
2782 3327 2837 3411 in
2866 3318 3080 3382 Christo
3103 3325 3246 3411 cogit
3266 3322 3403 3379 idem
3426 3332 3602 3391 autor,
3630 3341 3779 3411 cun}.

2158 3423 2227 3479 de
2252 3419 2442 3477 eodem
2468 3416 2665 3487 Verbo,
2688 3410 2835 3490 quod
2858 3426 2976 3474 erat
3006 3417 3147 3489 apud
3184 3408 3351 3471 Deum
3382 3414 3544 3481 Deus,
3576 3416 3707 3471 dicit
3736 3436 3747 3469 :

2160 3511 2231 3566 Et
2266 3510 2491 3567 Verbum
2512 3527 2634 3565 caro
2668 3511 2861 3582 factum
2881 3517 2957 3563 est
2988 3500 3037 3563 ι.
3067 3506 3186 3562 Νοιι
3207 3514 3407 3572 tamen,
3441 3515 3499 3560 ut
3524 3506 3615 3561 alii
3636 3502 3753 3575 qui-

2158 3606 2284 3661 dam
2304 3605 2635 3674 serpentium
2665 3596 2883 3659 sibilare
2910 3600 3182 3665 dicuntur,
3212 3592 3287 3654 ita
3317 3614 3444 3675 caro
3474 3598 3667 3664 factus,
3700 3607 3755 3652 ιιι

2161 3712 2191 3751 a
2215 3712 2311 3753 sua
2340 3702 2532 3750 natura
2554 3695 2811 3764 migraret
2840 3693 2893 3748 in
2924 3700 3197 3758 nostram;
3238 3690 3356 3758 sed,
3387 3699 3445 3745 ut
3469 3691 3536 3763 (ι’)
3561 3708 3754 3746 secun-

2157 3788 2286 3843 dum
2327 3802 2387 3843 se
2432 3801 2721 3841 remanens
2748 3784 2893 3857 quod
2942 3792 3077 3852 erat,
3102 3786 3325 3854 prepter
3351 3790 3452 3839 nos
3494 3785 3753 3856 inciperet

2158 3894 2279 3936 esse
2307 3870 2455 3949 quod
2472 3892 2581 3934 non
2602 3884 2738 3932 erat.

2234 3962 2284 4028 5.
2326 3973 2560 4029 Nimium
2588 3973 2748 4042 longe
2776 3971 3068 4043 provehor,
3100 3966 3225 4026 dum
3257 3970 3630 4026 unanimitatis
3655 3980 3756 4027 tua:

2158 4066 2490 4135 indulgentia
2509 4066 2587 4122 sic
2607 4066 2826 4134 abutor,
2855 4071 2913 4119 ut
2939 4079 3037 4118 nec
3058 4062 3393 4133 multiloquio
3424 4060 3651 4133 fatigare
3681 4052 3771 4130 te,

2159 4173 2261 4214 nec
2306 4156 2612 4228 insipientia
2663 4169 2849 4211 errare
2896 4152 3035 4223 apud
3084 4159 3135 4207 te
3174 4167 3380 4207 verear.
3428 4148 3556 4208 Scio
3585 4154 3753 4219 enim,

2162 4252 2283 4320 quia
2304 4268 2418 4305 cum
2438 4252 2510 4305 sis
2535 4252 2766 4322 sapiens,
2791 4248 3006 4303 libenter
3027 4255 3203 4302 tamen
3222 4247 3550 4319 insipientiam
3570 4247 3585 4285 ¹
3606 4257 3755 4304 tuum

2160 4352 2360 4415 portas,
2384 4359 2483 4413 per
2502 4358 2622 4398 eam
2638 4342 2919 4399 caritatem
2942 4356 3062 4412 quae
3086 4343 3259 4397 omnia
3276 4345 3512 4407 sustinet,
3534 4352 3583 4397 et
3606 4361 3756 4397 ηιιηι-

2163 4452 2319 4505 quam
2346 4435 2540 4489 excidit
2568 4433 2828 4495 m.Dieam
2850 4442 3035 4489 tamn
3048 4433 3159 4503 jam
3189 4424 3341 4496 mihi.
3375 4443 3434 4489 ut
3460 4436 3757 4491 custodiam

368 4548 371 4555 .
465 4507 707 4573 virtutes,
734 4504 1088 4580 principatus,
1134 4510 1555 4583 dominationes,
1604 4518 1835 4573 thronos
1866 4532 2055 4589 super-
2080 4514 2136 4577 D
2157 4504 2269 4579 uias
2295 4522 2445 4580 verbi
2466 4526 2591 4592 mei,
2615 4542 2681 4581 ne
2708 4524 3009 4598 delinquat»
3031 4527 3087 4580 in
3106 4526 3286 4596 lingua
3311 4542 3423 4581 mea
3446 4537 3495 4596 η,
3511 4527 3606 4583 sed
3623 4544 3758 4598 pau-

464 4599 703 4677 gressus,
732 4602 783 4655 in
814 4602 986 4683 ipsum
1015 4610 1077 4658 se
1093 4603 1408 4664 Creatorem
1431 4608 1598 4663 ardua
1624 4617 1804 4665 mente
1823 4602 2047 4681 direxit;

466 4699 521 4743 et
560 4690 629 4745 ab
657 4690 746 4744 illa
776 4691 1029 4748 inell‘abili
1056 4697 1409 4762 generatione
1436 4686 1670 4767 ordiens,
1702 4688 2048 4772 coaaternum,

465 4792 520 4837 et
541 4783 1077 4855 consubstantialem,
1098 4790 1613 4861 coomnipotentem,
1645 4802 1701 4849 et
1738 4796 2055 4867 coopilicem

2156 4608 2234 4670 cis
2261 4615 2583 4703 descendam
2613 4617 2666 4672 in
2687 4614 3085 4682 Cardamatem,
3116 4616 3171 4672 id
3189 4625 3290 4683 est,
3317 4616 3563 4674 Asaelem
3589 4622 3630 4652 “
3659 4636 3757 4677 no-

2158 4713 2357 4790 strum,
2399 4705 2551 4777 cujus
2576 4708 2737 4779 pedes
2762 4715 3023 4780 tamquam
3051 4709 3187 4761 cervi
3212 4709 3501 4780 perferistis
3524 4719 3573 4776 ο,
3594 4727 3756 4766 reno-

2157 4799 2335 4855 vando
2351 4799 2490 4855 sicut
2508 4800 2699 4870 aquila:
2714 4800 3049 4871 iuventutem
3058 4799 3181 4882 ejus
3202 4809 3227 4848 ι’
3247 4814 3347 4869 per
3372 4801 3755 4856 abundantiam

540 4927 569 4999 ξ
592 4916 636 4974 ιι
656 4917 793 4999 ,Μά
821 4937 888 4990 ιι,
909 4923 999 4999 i8.
1160 4922 1293 4999 Reg.
1321 4941 1448 4993 xvn,
1477 4924 1528 4981 ι.
1556 4926 1603 4999 ll
1630 4926 1761 4999 Reg.
1798 4929 2015 4999 1:520.

2160 4927 2445 4999 loban.x_x,
2466 4929 2522 4989 4.
2598 4928 2624 4969 ἀ
2653 4929 2846 4988 Joban.
2871 4946 2985 4997 xm,
3012 4928 3104 4999 π,
3126 4938 3180 4984 et
3208 4946 3318 4996 xxx,
3341 4927 3431 4983 20.
3510 4939 3533 4968 ε
3555 4930 3752 4988 Johan.

464 5007 501 5069 ι,
530 4990 609 5069 _i_;
651 4988 788 5046 Gen.
817 4988 875 5069 μ
905 4993 958 5069 ιε
1009 4988 1271 5069 [Manli
1307 4988 1443 5069 51.7
1470 5058 1479 5069 λ
1504 4998 1686 5069 Hauc.
1712 4988 1752 5067 ἶ,
1794 4999 1868 5067 5°,
1895 4988 2052 5058 Marc.

2182 5002 2243 5069 2.-
2312 5000 2340 5040 ³
2364 4988 2557 5058 Iollan.
2590 5019 2685 5058 xm
2706 5044 2722 5069 ,
2764 5000 2862 5067 25;
2893 5008 2950 5057 et
2972 4988 3105 5067 'xxt,
3148 5000 3236 5056 20.

3321 5001 3345 5069 ίν
3370 5000 3389 5055 l
3418 4998 3546 5056 Cor.
3571 5017 3631 5069 ιι,
3666 5002 3749 5055 i0.

466 5060 480 5110 ι
521 5057 715 5142 ξοιιίιη.
739 5078 786 5130 ι,
817 5057 868 5142 Ξέ
946 5064 973 5103 κ
1000 5064 1195 5137 Johan.
1227 5083 1266 5137 ι,
1299 5057 1383 5122 ιι.
1467 5058 1484 5108 Ῐ
1516 5060 1562 5125 ΙΙ
1599 5057 1862 5138 Οοτ.’χι,’
1896 5072 1984 5128 19.
2025 5057 2034 5058 ί

2181 5057 2306 5129 Cor.
2343 5089 2472 5140 mi,
2495 5057 2548 5127 7.
2624 5082 2651 5109 ιι
2682 5057 2822 5127 1⁵8³1.
2849 5057 3165 5135 ὶχχνιιιξὲ.
3247 5083 3271 5106 υ
3302 5068 3347 5126 ll
3378 5068 3511 5142 Reg.
3550 5088 3587 5127 ιι
3600 5057 3630 5137 ,’
3662 5072 3749 5127 i8.

465 5142 490 5179 ι»
522 5122 664 5189 Psal.
695 5122 793 5198 cn',
820 5128 875 5189 δ.

534 5243 613 5385 in;
641 5243 721 5299 lta
751 5260 851 5301 ms.
885 5245 1041 5302 Vien.
1073 5255 1129 5302 et
1146 5246 1397 5304 Saechin.
1427 5249 1559 5318 Alii,
1581 5267 1847 5307 mensura.

560 5315 589 5366 b
644 5315 782 5371 Ante
804 5324 922 5372 erat
948 5316 1175 5385 qua.,Ex
1212 5334 1314 5374 ms.
1342 5318 1633 5378 Viennensi
1662 5323 1846 5379 codice

532 5315 613 5402 ib)
644 5315 782 5400 Ante
804 5324 922 5372 erat
948 5315 1633 5402 quaz‘Ex‘ms._Yiennensi
1662 5323 1846 5379 codice
1890 5330 2054 5395 repo—

464 5387 667 5460 suimus
688 5390 831 5459 quia,
855 5387 1125 5460 sententia
1154 5390 1425 5460 exigente.

532 5456 879 5581 ἓέὶὶιεὲΐιιιεῠ.
921 5458 1081 5516 Vica.
1108 5467 1169 5514 et
1189 5456 1321 5531 nég.
1360 5461 1425 5516 ια
1445 5463 1674 5531 ceteris,
1717 5464 2054 5536 nam

465 5541 769 5583 vacuantur.
1114 5570 1117 5573 .

472 5598 619 5722 ιὴςά)
657 5597 747 5655 Sic
772 5613 901 5657 INB-
925 5599 1059 5675 Reg.
1084 5610 1140 5661 et
1167 5602 1322 5679 Vica.
1363 5602 1470 5681 Alii
1508 5605 1721 5663 codices
1740 5649 1754 5675 ,
1792 5605 2055 5662 Divinita-

2239 5262 2311 5323 (e)
2348 5253 2430 5308 Ita
2460 5269 2796 5325 reposuimus
2829 5270 2894 5311 ex
2926 5270 3052 5310 mss.
3080 5253 3214 5323 Reg.
3240 5262 3302 5325 et
3328 5253 3481 5309 Vien.
3513 5262 3569 5310 et
3595 5257 3751 5313 editis

2200 5332 2393 5406 uatuor
2410 5323 2611 5406 ἰδίεις
2633 5323 2886 5406 Paulinus
2906 5326 3065 5406 epist:
3093 5325 3180 5406 ἦ
3185 5324 3250 5380 ad
3276 5324 3562 5406 Severum,
3587 5344 3659 5406 _n.
3693 5330 3745 5406 fi,

2158 5386 2447 5520 ῗὶῑέίίιᾶηθεί
2483 5386 2706 5449 Verbum
2753 5386 2957 5451 Deum:
2986 5395 3083 5452 Ed.
3139 5396 3329 5463 Rosv.,
3360 5398 3426 5451 de
3453 5386 3559 5451 hoc
3587 5386 3748 5452 Verbo

2233 5506 2654 5608 Ἤδᾷίάἱπιυϐ
2682 5538 2960 5599 secundum
2991 5556 3046 5594 se
3070 5554 3137 5595 ex
3168 5554 3295 5595 mss.
3345 5539 3478 5607 Reg.
3510 5545 3563 5593 et
3594 5537 3749 5593 Viro.

2161 5616 2216 5663 et
2239 5606 2399 5663 editis
2420 5606 2571 5663 Grin.
2596 5617 2653 5664 et
2678 5613 2870 5672 Schot.
2970 5680 2975 5687 .
