4078 6352
603 301 714 356 255

1719 317 1776 372 S.
1816 316 2088 376 PAULlNl
2127 317 2376 378 NOLANI
2417 324 2721 385 EPlSCOPl

3765 351 3869 412 255

602 415 798 470 ctantis
822 415 1035 486 effugio.
1066 418 1124 476 Si
1151 420 1252 476 illis
1279 420 1524 493 displicet
1549 427 1780 493 gutturis
1816 430 1986 484 nostri
2020 402 2177 502 116
2204 436 2254 492 Α
2282 435 2371 490 tibi
2405 455 2504 493 non
2534 443 2630 496 erit
2659 459 2676 496 :
2707 445 2849 497 obvia
2894 464 3103 520 quaeque
3123 453 3397 522 comburet,
3429 470 3604 525 metet,
3654 479 3747 518 nec
3770 469 3866 521 ttu-

602 503 835 571 siccitas,
865 515 920 561 et
938 509 1089 564 nobis
1117 510 1252 578 gulae
1280 526 1467 566 eorum
1495 515 1748 570 cruditas.
1781 516 1838 572 Si
1863 519 1985 575 illos
2006 520 2178 578 oll‘en-

601 593 679 648 dit
707 593 1020 665 frugalitatis
1058 602 1298 672 ariditas,
1327 613 1384 660 et
1424 621 1524 663 nos
1550 609 1819 666 vcntrium
1846 611 2066 669 otl'eudit
2093 615 2178 670 in-

597 682 821 752 gluvies.
856 688 1077 745 Videant
1116 706 1246 762 ergo
1272 710 1370 751 nos
1398 712 1506 752 non
1557 716 1717 756 mane
1755 703 1910 769 ebrii,
1957 705 2054 760 sed
2080 720 2176 762 ve-

595 788 751 843 Spere
771 777 940 846 jejuni
966 799 978 835 :
1013 799 1114 840 nec
1141 786 1395 844 hesterno
1420 789 1591 847 inﬂati
1619 794 1766 860 vino,
1797 796 1893 852 sed
1917 797 2178 856 hodierno

593 862 838 921 abstemii
869 869 964 940 (V.
988 887 1157 929 carm.
1190 876 1244 942 6,
1275 894 1328 933 v.
1356 878 1449 950 68)
1481 899 1494 934 :
1528 897 1628 939 nec
1656 884 1725 940 de
1753 888 1971 956 crapula
1999 888 2175 944 libidi-

590 952 674 1008 nis
699 954 979 1015 dementer
1005 963 1313 1036 instabiles,
1345 969 1442 1024 sed
1471 973 1666 1042 vigiliis
1693 952 1992 1033 honestatis
2033 981 2172 1036 inte-

586 1057 683 1111 gre
710 1050 900 1116 saucii,
933 1060 988 1107 et
1010 1057 1191 1112 sobrie
1235 1063 1513 1120 temulenti
1531 1106 1546 1131 ,
1575 1081 1712 1136 quos
1739 1072 2065 1140 parsimonia
2095 1075 2174 1131 fa-

590 1133 720 1202 ciat,
749 1155 858 1194 non
888 1159 1106 1213 vorago,
1140 1149 1390 1209 titubare.

658 1234 714 1289 3.
756 1235 938 1295 Talem
967 1259 1064 1300 nos
1111 1249 1349 1315 epistola:
1397 1262 1500 1309 tute
1545 1261 1862 1326 portitorem
1895 1268 2170 1338 excepisse

589 1322 870 1382 laetamur:
901 1347 1058 1400 quem
1088 1350 1218 1404 rogo
1243 1341 1320 1396 sic
1348 1343 1424 1412 (a)
1454 1348 1707 1419 excipias,
1733 1356 1884 1423 quasi
1905 1371 1935 1410 a
1956 1365 2010 1412 te
2038 1360 2168 1414 mis-

586 1427 678 1468 sus
700 1417 828 1472 mihi
857 1424 1081 1477 venerit.
1114 1425 1353 1498 Namque
1382 1433 1521 1490 inter
1548 1417 1642 1493 eos
1669 1441 1760 1510 qui
1782 1443 1900 1498 vice
1921 1443 2168 1502 fraterni-

584 1505 712 1559 tatis
742 1514 846 1561 tuae
885 1511 951 1564 ad
996 1527 1083 1568 me
1112 1529 1407 1590 venerunt,
1435 1524 1594 1581 debet
1633 1505 1703 1582 et-
1734 1531 1836 1586 iste
1875 1538 2164 1602 numerari,

581 1594 668 1647 cui
691 1595 950 1654 Dominus
972 1611 1030 1656 ut
1071 1604 1144 1661 ita
1183 1624 1214 1662 a
1259 1617 1314 1664 te
1343 1626 1743 1685 numeraretur,
1793 1622 1998 1678 litteras
2045 1634 2166 1684 tuas

579 1685 741 1740 etiam
771 1689 1052 1757 ignorante
1081 1704 1133 1751 te
1173 1701 1406 1757 tradidit.
1440 1703 1576 1762 Puto
1605 1719 1785 1766 autem
1829 1716 1973 1783 quod
2007 1727 2063 1771 et
2105 1727 2161 1773 tu

578 1773 770 1831 divinae
799 1780 956 1849 hujus
982 1788 1168 1854 gratiae
1221 1790 1539 1850 beneﬁcium
1592 1799 1715 1855 huic
1763 1773 2017 1873 deputes,
2064 1824 2162 1878 per
2191 1801 2238 1861 Β

575 1879 736 1934 quem
765 1877 822 1924 et
852 1873 945 1928 tibi
966 1878 1259 1945 praestitum
1289 1891 1388 1949 est,
1414 1901 1482 1942 ne
1509 1888 1714 1946 litteras
1741 1893 1896 1948 nobis
1916 1903 2033 1952 tuas
2053 1873 2161 1952 non

576 1956 654 2010 tui
683 1964 926 2030 corporis
954 1969 1194 2035 perlator
1213 1973 1447 2032 aﬂ'erret.
1491 1979 1597 2034 Sed
1626 1990 1802 2038 tamen
1835 1986 2000 2055 ipsius
2028 2004 2161 2058 pace

578 2044 851 2107 laudatum
881 2057 958 2128 (ὁ)
981 2057 1264 2118 Sorianum
1299 2068 1442 2134 volo,
1474 2084 1543 2125 ne
1562 2086 1648 2126 me
1677 2074 1753 2128 illi
1784 2092 1968 2132 rursus
1998 2095 2158 2135 aecu-

573 2148 680 2190 ses.
711 2137 1036 2203 Praedicasse
1077 2153 1219 2208 enim
1247 2171 1334 2211 me
1361 2157 1510 2214 illum
1538 2164 1708 2230 magis
1745 2180 1906 2234 quam
1948 2170 2158 2240 vitupe-

571 2239 722 2282 rasse
759 2234 1009 2294 existimo
1051 2257 1235 2299 eorum
1284 2255 1817 2321 commemoratione,
1869 2258 1922 2313 in
1963 2261 2155 2330 quibus

569 2330 794 2377 necesse
819 2335 901 2380 est
926 2329 1200 2401 glorietur,
1229 2340 1319 2407 qui
1362 2356 1480 2397 esse
1525 2353 1619 2398 aut
1664 2347 1833 2403 videri
1861 2352 2156 2407 monachus

570 2409 858 2468 erubescit.
889 2415 1444 2501 Deniquqmeministi
1471 2433 1522 2488 in
1551 2434 1770 2505 Virgilio
1801 2442 1820 2470 ⁷
1844 2439 2060 2498 Furiam
2088 2443 2154 2500 iis

564 2494 773 2556 laudari
797 2520 915 2575 quae
941 2494 1342 2586 solent-objici.
1374 2521 1505 2578 Vide
1547 2494 1726 2582 autem
1772 2545 1840 2584 ne
1885 2532 2015 2586 mihi
2057 2548 2151 2588 οδε

561 2587 838 2651 lumnieris
867 2604 1011 2668 quod
1035 2607 1232 2677 aliquid
1259 2612 1326 2666 de
1353 2625 1534 2684 poeta,
1569 2637 1675 2676 non
1707 2626 1873 2679 nostri
1896 2625 2007 2694 jam
2036 2636 2150 2682 stu-

561 2679 658 2748 dii.
686 2692 956 2758 tamquam
977 2703 1238 2770 propositi
1267 2705 1516 2776 violator,
1542 2717 1884 2770 assumserim
1921 2736 1932 2768 :
1959 2733 2144 2773 exem-

560 2771 635 2838 pli
665 2776 740 2829 tui
767 2785 1056 2842 autoritate
1096 2790 1200 2847 hoc
1247 2810 1334 2849 me
1383 2771 1568 2856 fecisse
1615 2814 1928 2873 contestor;
1983 2817 2143 2864 teneo

559 2861 702 2918 enim
733 2869 1013 2938 epistolam
1043 2885 1212 2950 tuam,
1241 2885 1326 2939 cui
1347 2886 1584 2943 clausula
1604 2900 1704 2957 est,

776 2989 934 3044 Vivite
952 2994 1138 3060 felices,
1165 3004 1342 3063 quibus
1365 3011 1440 3055 est
1465 3007 1650 3057 fortuna
1674 3018 1870 3071 peracta

1315 3075 1497 3126 Vincis.
1525 3081 1730 3142 linem"
1756 3097 1824 3132 nl.

628 3167 737 3225 Sed
764 3182 820 3227 et
848 3175 1013 3245 illam,
1053 3181 1103 3234 in
1125 3195 1228 3250 qua
1260 3201 1358 3255 pro
1387 3187 1678 3247 domestica
1707 3194 1833 3249 sede
1856 3195 2023 3252 larem
2053 3195 2137 3252 fa-

551 3257 836 3329 miliarem,
868 3263 1098 3326 Plautini
1117 3287 1326 3332 memor
1348 3277 1587 3352 Prologi,
1611 3286 1919 3368 nominasti.

554 3379 827 3445 ’Severns
881 3389 1104 3451 Paulino
1139 3399 1322 3480 ‘mittit
1368 3418 1597 3480 coquum
1646 3406 1713 3460 ad
1756 3412 2137 3480 praeparandos

944 3467 1333 3525 monachorum
1361 3467 1513 3529 cibos
1540 3484 1742 3545 aptum.

615 3550 898 3625 Postquam
941 3579 1116 3620 omnes
1141 3583 1330 3639 coquos
1360 3582 1470 3628 tuos
1514 3578 1744 3647 coquina:
1792 3588 1892 3634 tua:
1938 3598 2132 3636 renun-

544 3640 701 3696 tiasse
729 3653 956 3718 cognovi,
982 3658 1133 3712 credo
1158 3661 1289 3730 quia
1317 3663 1716 3736 dedignarentur
1749 3672 1968 3740 oﬁicium
2008 3675 2128 3728 vili-

543 3729 638 3784 bus
659 3735 885 3800 praebere
905 3729 1259 3810 pulmentariis
1281 3769 1300 3807 ,ο
1321 3729 1591 3824 puerulum
1620 3759 1709 3814 tibi
1823 3772 2002 3817 nostra
2029 3766 2129 3819 mi-

539 3820 699 3875 simus
728 3827 947 3894 ofﬁcina,
988 3833 1188 3891 doctum
1220 3820 1345 3897 satis
1372 3845 1646 3914 pallentem
1675 3867 1887 3923 coquere
1913 3855 2122 3925 fabam,

537 3916 588 3961 et
604 3910 854 3982 ignobiles
883 3917 1021 3976 betas
1044 3935 1188 3982 aceto
1216 3939 1265 3983 et
1283 3910 1404 4001 jure
1422 3937 1652 4005 condire,
1669 3910 2124 4014 vilemque'pultem

533 4003 862 4061 esurientium
888 4012 1122 4081 faucibus
1160 4018 1357 4091 inferre
1380 4028 1777 4095 monachorum;
1806 4033 1996 4102 piperis
2038 4051 2126 4088 ne-

531 4092 713 4158 scium,
746 4097 931 4156 laseris
949 4105 1210 4176 ignarum,
1228 4113 1539 4182 familiarem
1564 4123 1772 4191 cymini,
1801 4132 1850 4177 et
1884 4127 2119 4196 apprime

529 4181 773 4240 callidum
825 4191 997 4249 herbis
1028 4214 1182 4255 suave
1226 4181 1567 4262 redolentibus
1593 4181 1891 4268 vclamosum
1917 4181 2121 4288 Uurgere

529 4277 851 4332 mortarium.
881 4280 1050 4340 Unum
1079 4289 1229 4345 habet
1244 4296 1439 4362 vitium,
1455 4301 1591 4369 quod
1605 4302 1866 4357 hortorum
1888 4307 2117 4360 omnium

527 4372 633 4412 non
661 4373 738 4416 est
760 4367 919 4426 civilis
945 4376 1212 4449 inimicus;
1243 4386 1316 4440 ita
1333 4391 1378 4442 si
1400 4390 1654 4446 admissus
1674 4395 1846 4464 fuerit,
1875 4399 2116 4463 proxima

529 4463 738 4557 σαιξσυε
764 4468 916 4516 metet
939 4467 1134 4538 gladio,
1161 4490 1255 4529 nec
1293 4463 1681 4536 exsaturabitur
1712 4502 1952 4557 umquam
1974 4491 2114 4543 caule

2285 529 2467 588 bitabit
2494 536 2690 605 inferre
2722 541 2865 592 tectis
2893 558 3094 610 manus,
3126 556 3176 600 et
3199 551 3435 620 antiquos
3458 570 3661 608 asseres
3675 556 3866 615 laribus

2283 637 2534 678 amovere.
2560 624 2714 679 Hunc
2741 629 2900 698 igitur
2927 649 3043 686 cum
3066 635 3146 688 his
3172 639 3397 694 moribus
3424 652 3578 714 atque
3599 647 3864 703 virtutibus

2291 714 2444 783 117
2480 716 2725 771 donatum
2751 720 2861 785 tibi,
2893 738 2996 776 non
3023 741 3238 792 servum,
3279 732 3368 784 sed
3404 748 3498 800 pro
3527 751 3675 791 serto
3704 739 3865 807 ﬁlium

2283 806 2536 874 cupimus,
2581 810 2698 880 quia
2742 828 2844 866 non
2873 816 3126 870 erubescis
3170 820 3497 876 minimarum
3536 842 3653 880 esse
3699 838 3860 893 pater.

2280 891 2398 966 Ego
2423 897 2514 950 tibi
2537 917 2630 968 pro
2652 901 2746 955 hoc
2771 906 2958 958 servire
2976 907 3264 975 voluissem,
3286 913 3377 966 sed
3401 915 3449 968 si
3474 891 3714 973 voluntas
3747 922 3866 991 facti

2281 990 2448 1055 portio
2467 1000 2560 1055 est,
2587 1001 2639 1044 tu
2667 994 2818 1048 modo
2847 996 3004 1064 facito
3024 1007 3080 1050 ut
3097 999 3232 1054 inter
3247 1005 3473 1072 prandia
3501 990 3777 1081 amasque
3789 1015 3860 1082 {e-

2279 1081 2403 1136 lices
2445 1086 2544 1138 mei
2596 1088 2919 1152 memineris;
2975 1092 3094 1160 quia
3139 1097 3326 1150 rectius
3371 1108 3449 1153 est
3492 1112 3718 1156 vestrum
3758 1121 3863 1158 esse

2276 1175 2591 1243 mancipium
2609 1217 2625 1244 ,
2653 1193 2806 1247 quam
2833 1179 3098 1234 dominum
3127 1195 3430 1243 ceterorum.
3463 1189 3574 1245 Ora
3602 1209 3700 1260 pro
3727 1211 3825 1250 me.
3883 1211 3888 1216 ‘

2770 1309 3100 1369 EPISTOLA
3128 1319 3167 1336 “
3191 1317 3374 1376 XXIII.

2277 1395 2454 1452 Severi
2477 1401 2669 1480 caritas
2682 1403 2974 1480 _l_a_udatur_;_
2986 1409 3115 1480 item
3143 1413 3353 1467 missum
3383 1416 3479 1470 sibi
3504 1419 3568 1471 ab
3593 1438 3656 1475 eo
3689 1422 3850 1480 Victo-

2345 1485 2471 1533 rem,
2501 1478 2550 1550 et
2575 1472 2854 1540 exhibitum
2872 1493 2905 1528 α
2934 1476 3135 1550 Victore
3163 1484 3500 1540 ministerium
3527 1472 3854 1550 in

3054 1530 3088 1532 μ
3111 1530 3124 1532 ,
3164 1530 3500 1540 .-...
3611 1530 3740 1547 ...νη
3763 1530 3853 1550 ...ιι

2282 1530 2308 1546 "
2344 1530 2709 1631 mon'qchomrt‘m
2737 1548 3115 1631 pralrplarandis2
3147 1553 3407 1631 eleganter
3426 1567 3704 1631 sancteque
3722 1581 3853 1620 com-

2342 1610 2570 1689 mendat.
2621 1610 2704 1664 Ea:
2738 1610 2974 1689 adhibita
3017 1619 3113 1672 sibi
3151 1610 3430 1678 abveodem
3471 1610 3852 1689 νίτιᾶἷῖἀῖξῇ

2343 1681 2565 1733 tonsoris
2582 1686 2992 1770 0operanmulta
3031 1690 3278 1770 praclare
3308 1693 3372 1747 de
3396 1713 3546 1770 coma

2340 1749 2844 1829 totaque.Samson_i_s
2883 1765 2932 1808 et
2957 1749 3185 1829 mulieris
3213 1749 3539 1829 peccati-icier

2338 1818 2494 1898 pedes
2515 1820 2729 1898 historia
2749 1823 3022 1894 allegorice
3040 1818 3290 1897 exposita.
3315 1818 3850 1898 clausulam—de

2339 1889 2407 1940 sti
2435 1890 2650 1944 caritate
2669 1889 2879 1960 prorsus
2904 1889 3115 1951 auream
3137 1889 3363 1970 apponit.

2321 1996 2536 2056 Seveno
2567 2003 2637 2073 (c)
2667 2004 2818 2060 fratri
2848 2005 3132 2066 PAULINUS.

2337 2116 2390 2170 1.
2431 2116 2568 2183 Quid
2595 2129 2902 2191 extorques,
2935 2134 2993 2178 ut
3035 2135 3089 2182 te
3126 2129 3245 2199 plus
3284 2139 3564 2192 amemus?
3608 2155 3846 2200 crescere

2261 2221 2470 2262 summa
2493 2224 2597 2264 non
2621 2214 2829 2283 recipit.
2854 2216 2910 2270 Si
2931 2227 3109 2286 potest
3133 2237 3281 2279 mare
3307 2226 3642 2295 superﬂuere
3670 2234 3844 2290 obices

2259 2313 2387 2354 suos
2415 2309 2459 2364 ι,
2509 2309 2564 2354 et
2603 2319 2946 2376 quaecumque
2973 2313 3268 2368 naturalem
3307 2317 3706 2386 plenitudinem
3733 2342 3840 2380 ser-

2258 2399 2406 2456 vant,
2437 2392 2818 2452 incrementum
2847 2401 2926 2471 (d)
2959 2407 3250 2473 temporale
3295 2411 3514 2476 sentire,
3565 2426 3749 2484 potest
3789 2430 3841 2474 et

2257 2482 2451 2537 caritas
2472 2483 2526 2537 in
2553 2491 2606 2538 te
2633 2495 2815 2543 nostra
2837 2493 3096 2548 cumulari
3121 2513 3133 2548 :
3157 2506 3316 2566 quam
3343 2516 3443 2556 suo
3463 2502 3571 2559 line
3599 2509 3837 2578 comple-

2255 2587 2393 2638 mus,
2426 2589 2547 2629 cum
2579 2584 2631 2632 te
2657 2578 2798 2634 sicut
2826 2584 3181 2654 nosmetipsos
3208 2586 3505 2657 diligamus.
3559 2593 3746 2665 itaque
3781 2609 3836 2654 ut

2255 2662 2492 2717 cubitum
2519 2665 2588 2719 ad
2615 2675 2873 2724 staturam
2906 2682 3142 2730 nostram
3170 2677 3404 2745 adjicere
3435 2681 3481 2748 ι’,
3512 2686 3592 2740 sic
3638 2692 3835 2746 amoris

2254 2756 2330 2809 tui
2355 2759 2624 2814 cumulum
2651 2761 2846 2830 facere,
2877 2782 2980 2821 non
3010 2783 3318 2838 possumus;
3347 2774 3624 2838 desideriis
3652 2791 3831 2842 tamen

2250 2845 2470 2900 modum
2493 2849 2695 2905 nullum
2721 2855 2985 2921 ponimus.
3014 2858 3116 2925 Qui
3143 2862 3283 2916 enim
3313 2871 3586 2926 existimas
3610 2877 3825 2932 satisfa-

2249 2949 2375 2990 cere
2403 2945 2456 2991 te
2481 2939 2636 2995 nobis
2661 2943 2972 3003 assiduitate
2998 2950 3099 3006 ista
3127 2951 3552 3016 honoriﬁcentia:
3573 2979 3638 3020 ac
3661 2966 3830 3035 pieta-

2249 3023 2318 3077 tis
2345 3032 2464 3092 tuae,
2497 3041 2602 3097 qua
2630 3035 2964 3100 praesentiam
2989 3046 3132 3094 tuam
3155 3045 3310 3100 nonis
3330 3053 3440 3101 tam
3461 3023 3829 3120 frequentibus

2247 3117 2488 3186 epistolis
2514 3135 2864 3192 compensare
2892 3131 3123 3195 conaris,
3155 3134 3412 3192 sollicitas
3439 3117 3627 3208 potius
3653 3147 3822 3214 gulam

2165 3211 2213 3274 ο
2243 3210 2500 3278 caritatis,
2532 3221 2786 3286 tantoque
2813 3219 2988 3276 minus
3012 3224 3192 3293 exples
3211 3228 3280 3298 (ε)
3303 3232 3473 3297 gratia
3503 3210 3820 3309 litterimnu,

2239 3312 2442 3371 quanto
2469 3305 2727 3374 majorem
2751 3309 3034 3370 sedulitate
3052 3315 3166 3384 ipsa
3187 3328 3241 3373 et
3262 3320 3598 3382 humanitate

2237 3390 2321 3445 nis
2363 3393 2438 3447 tui
2473 3409 2689 3450 causam
2730 3402 2988 3469 suggeris,
3017 3410 3070 3459 te
3099 3406 3291 3475 ipsum,
3326 3419 3437 3468 tam
3468 3418 3644 3474 unice
3667 3393 3820 3480 nobis

2236 3485 2598 3542 unanimitatis
2618 3489 2671 3544 in
2684 3488 2915 3559 Christo,
2930 3495 3110 3562 frater,
3128 3499 3487 3562 desiderandi.
3511 3508 3656 3575 Quid
3677 3516 3815 3571 enim

2234 3572 2349 3630 ﬁeri
2377 3575 2678 3644 diligentius
2706 3581 2758 3634 in
2789 3581 2900 3638 Deo
2920 3595 2974 3639 et
2994 3590 3239 3655 proximo
3264 3601 3463 3663 potest,
3485 3572 3652 3667 quam
3675 3606 3816 3675 quod

2232 3661 2287 3716 in
2324 3664 2478 3719 nobis
2518 3669 2738 3724 exhibes
2765 3669 3017 3728 Christo?
3045 3675 3097 3731 in
3126 3692 3233 3746 quo
3263 3661 3331 3753 (f)
3358 3661 3456 3740 Dei
3481 3661 3814 3762 praeceptum

2230 3761 2516 3824 utrumque
2559 3761 2893 3830 completur:
2925 3767 3048 3834 quia
3097 3769 3236 3825 idem
3285 3775 3439 3832 nobis
3465 3788 3516 3833 et
3541 3761 3691 3838 Deus
3734 3797 3815 3843 est

2228 3844 2511 3914 majestate
2537 3860 2740 3906 natura
2768 3867 2897 3921 sum,
2929 3867 2984 3912 et
3021 3864 3345 3920 assumtione
3381 3879 3576 3926 nostra:
3617 3879 3810 3944 proxi-

2225 3950 2346 3990 mus
2366 3935 2534 3994 factus
2555 3948 2656 3996 est.
2681 3941 2793 3998 Hoc
2817 3945 2974 4014 igitur
3000 3948 3052 4002 in
3076 3959 3129 4006 te
3151 3953 3466 4022 proﬁciente
3492 3935 3655 4037 11d
3676 3981 3807 4035 oon-

2224 4038 2522 4086 summatur
2550 4033 2747 4089 caritas
2775 4044 2884 4102 tua,
2909 4054 3028 4108 quae
3045 4043 3114 4097 sit
3135 4044 3186 4100 in
3209 4047 3324 4116 ipso
3341 4051 3419 4122 (g)
3441 4033 3656 4114 inﬂa—ito
3680 4033 3804 4131 per-

2221 4118 2402 4188 lectio,
2433 4124 2558 4192 quia
2586 4125 2768 4182 ﬁnitur
2794 4127 2847 4183 iu
2877 4129 3090 4190 Christo
3123 4137 3267 4208 cujus
3296 4118 3800 4214 magnitudinis-non

2219 4221 2297 4266 est
2322 4214 2443 4283 ﬁnis
2469 4225 2490 4254 ο
2520 4234 2532 4268 z
2561 4216 2655 4272 sed
2684 4219 2838 4276 nobis
2868 4221 2920 4276 in
2949 4239 3015 4278 eo
3035 4223 3154 4282 ﬁnis
3175 4229 3262 4295 sit,
3290 4240 3348 4286 ut
3367 4249 3464 4304 per
3488 4237 3668 4308 ipsum
3687 4244 3800 4300 sine

2219 4307 2325 4360 tine
2371 4307 2646 4365 vivamus:
2678 4313 2870 4382 quibus
2913 4314 3154 4375 Christus
3198 4330 3252 4377 et
3297 4307 3550 4393 generale
3591 4334 3796 4392 initium

2217 4404 2320 4460 est,
2350 4398 2475 4465 quia
2508 4417 2613 4469 per
2655 4403 2824 4472 ipsum
2869 4406 3122 4476 omniad;
3150 4419 3204 4466 et
3232 4417 3465 4484 speciale
3506 4420 3792 4496 lastigiuin,

2214 4486 2340 4554 quia
2369 4494 2531 4555 caput
2557 4491 2817 4559 corporis,
2849 4493 3001 4562 cujus
3041 4500 3279 4557 membra
3324 4521 3508 4565 sumus
3535 4522 3582 4566 ο.
3620 4513 3793 4573 Dulcis

1978 4539 2104 4543 ν--ην
2231 4539 2246 4554 ι
2378 4539 2390 4540 ί
2435 4539 2451 4555 ι
2480 4539 2527 4541 -ί
2563 4539 2817 4559 “*“ιν----ν
2851 4539 3001 4562 «qua
3042 4539 3279 4557 ...ν-..νισι
3324 4539 3508 4565 auruua
3535 4539 3582 4566 ν.
3620 4539 3791 4573 usum

529 4539 830 4602 malueram.
859 4550 925 4607 In
952 4561 1240 4625 prwbendis
1253 4578 1433 4626 autem
1462 4575 1559 4630 sibi
1580 4575 1734 4647 lignis
1761 4539 2110 4636 calumniam;
2138 4573 2190 4634 D
2213 4585 2262 4633 et
2290 4586 2456 4633 rectus
2491 4587 2566 4632 est
2590 4579 2862 4651 Dominus,
2891 4585 3059 4644 dulcis
3084 4591 3136 4646 in
3165 4600 3215 4648 te
3242 4595 3370 4652 mihi
3402 4617 3414 4652 :
3447 4611 3502 4656 et
3531 4602 3614 4677 (Ii)
3641 4625 3791 4680 quam

527 4681 628 4794 is?
659 4673 818 4736 Prov.
849 4700 958 4756 vm,
989 4689 1094 4760 29;
1124 4695 1234 4753 Jer.
1271 4717 1321 4768 v,
1350 4702 1441 4760 22.
1515 4707 1542 4748 δ
1571 4709 1761 4768 Matth.
1792 4729 1865 4780 γι,
1897 4712 1985 4769 27.
2066 4725 2088 4753 ο
2123 4712 2152 4768 P

2250 4751 2265 4766 .
2296 4725 2473 4778 cxuv,
2505 4709 2560 4765 5.
2634 4708 2660 4748 ἀ
2692 4712 2847 4770 Rom.
2875 4733 2950 4786 ιι,
2979 4718 3069 4777 56.
3149 4734 3174 4763 ο
3196 4724 3336 4798 Eph.
3358 4713 3399 4798 ι’,
3424 4730 3520 4802 22;
3569 4737 3691 4795 Col.
3725 4759 3759 4810 ι,

604 4904 623 4923 ‘
650 4903 858 4979 Scripta
887 4929 1028 4973 anno
1041 4919 1145 4977 400
1168 4939 1415 4989 exeunte.

597 4993 808 5114 3313??
833 5005 1172 5114 arma
1193 5031 1370 5081 ειηθιη
1397 5025 1466 5083 εδ
1493 5043 1630 5103 erat,
1646 5050 1788 5094 nunc
1804 5037 1857 5093 ε.
1887 5039 2099 5114 Scripta

524 5079 670 5124 anno
699 5069 797 5126 401
831 5069 1067 5137 ineunte.

590 5159 680 5245 (α)¹
708 5160 799 5245 Sic
826 5169 1112 5244 ms.Vien.,
1132 5177 1208 5235 Ita
1229 5192 1284 5238 et
1307 5187 1433 5245 alibi

515 5225 585 5282 29
601 5225 681 5283 ad
709 5231 990 5310 Severum,
1010 5225 1084 5302 ἶιῖ
1096 5225 1343 5312 ’έῖῑνῖ

587 5331 662 5447 Lb)
685 5333 1636 5447 έῐξξίηιξὲξξιάιξῐξιηςηξξξΛ--εξμᾶὶεηάυε
1665 5369 1962 5447 saecliinus
2006 5381 2097 5447 qui

787 5408 798 5420 ,
879 5403 903 5409 -
1130 5403 1141 5414 ι
1195 5403 1287 5408 «vv
1344 5403 1636 5424 mnum-uua
1665 5403 1962 5431 υαυυιιιιιυδ
2006 5403 2088 5447 qu1

511 5410 639 5504 ΗΒΕ
670 5403 956 5504 ἑξςὲαξιίξι
972 5485 1022 5504 ΑΛ
1037 5424 1403 5504 reponendum
1455 5446 1647 5504 censet
1711 5441 2088 5504 Marrucinum.

600 5469 611 5480 .
741 5477 752 5488 .
908 5464 912 5465 ,
942 5464 950 5466 .
1037 5464 1051 5470 _
1069 5464 1403 5488 ..τω-...ιυυιω
1461 5464 1647 5493 ισιιδυι
1711 5464 2088 5504 marractnum.

510 5464 951 5574 “inzs‘fplmanon
963 5485 1150 5574 videat
1180 5509 1338 5574 voces
1363 5499 1528 5566 ipsius
1553 5516 1607 5558 et
1628 5510 1706 5562 illi
1737 5510 2088 5574 Marracinum

506 5546 771 5610 spectare,
801 5549 868 5604 de
881 5568 989 5622 quo
1014 5546 1338 5628 superius'lit
1624 5546 1773 5632 ’1⁸3

1453 5195 1650 5262 passim
1667 5196 1919 5258 Paulinus
1939 5205 2094 5275 epist.

577 5633 656 5709 (c)
680 5638 778 5702 Ms.
812 5646 961 5708 Vien.
991 5655 1244 5720 Paulinus
1272 5684 1446 5729 servus
1477 5633 1670 5734 Christi
1706 5679 1856 5752 Iesu,
1894 5689 2105 5760 Severo
2184 5703 2261 5759 Va

2205 4937 2682 5028 qqrissimonfratri
2718 4947 2995 5028 secundum
3029 4967 3344 5028 communem
3378 4959 3534 5028 [idem
3584 4965 3638 5020 in
3677 4965 3784 5024 Deo

2206 5004 2371 5091 Patre
2390 5017 2447 5091 εξ
2474 5004 2676 5091 Christo
2704 5012 2827 5067 Jesu
2853 5004 3074 5075 salutari
3093 5004 3565 5091 nostra:

2278 5077 2359 5215 (άζ
2390 5077 2487 5133 Ms.
2521 5078 2672 5149 Reg.,
2705 5091 2947 5153 tempore.

2279 5147 2333 5213 (ε
2385 5147 2484 5203 Ms.
2516 5151 2684 5205 codex
2715 5152 2931 5215 Regius.

2279 5147 2354 5228 (c)
2385 5147 2484 5228 bis.
2516 5147 2931 5228 codex_Begius,
2961 5164 3200 5228 gratiam.

2279 5217 2468 5340 (mlta
2497 5235 2625 5274 mss.
2657 5220 2778 5276 Vat.
2800 5217 2866 5280 ct
2892 5217 3043 5284 Vién.
3077 5233 3144 5287 At
3169 5217 3254 5291 ed.
3285 5237 3496 5310 Sehot.,
3534 5243 3779 5305 Domino.

2203 5285 2303 5342 Ed.
2387 5303 2525 5342 OSV..
2555 5292 2610 5342 in
2631 5309 2728 5342 auo
2751 5293 2972 5342 Domina
2999 5318 3303 5342 υνκνοων...
3337 5327 3476 5342 κρυ...
3512 5325 3779 5342 .......--__-__

2387 5292 2610 5389 o'sv.,li;n
2631 5309 2728 5389 qtéo
2751 5293 2972 5389 Domitio
2998 5292 3496 5389 prmeeptumsuuln,
3512 5325 3783 5389 utrumque

2203 5357 2505 5458 completur.
2532 5357 2796 5458 MsiReg.
2827 5375 2882 5420 et
2907 5357 3016 5423 tres
3040 5357 3321 5458 editireodd

2199 5435 2402 5511 ceptum
2428 5437 2568 5482 tuum
2587 5441 2872 5511 utrumque
2882 5441 3183 5511 completur,
3215 5435 3488 5506 mendose.

2233 5494 2348 5599 μ)
2377 5494 2454 5599 Ιιῇι
2483 5513 2583 5599 ms.
2617 5494 2785 5558 Vien.’
2810 5506 2912 5561 Alii
2943 5494 3068 5564 m'ss.
3101 5494 3607 5591 euin“aiii."h‘.;sv.,
3662 5529 3773 5599 inﬁ-

2189 5569 2308 5651 nita
2327 5569 2572 5651 perfecto.

2265 5635 2464 5734 {alio
2491 5641 2833 5734 massLVien:
2849 5656 2912 5734 et
2957 5647 3091 5714 Reg.
3120 5668 3240 5719 cum
3270 5657 3514 5734 Vulgata.
3573 5667 3642 5724 At
3668 5683 3765 5728 ms.

2269 5713 2307 5759 t.
2341 5721 2463 5762 cum
2493 5708 2669 5780 editis,
2701 5725 2915 5785 quanta.
