4078 6352
241 387 340 442 257

1583 374 1915 432 EPISTOLA
1955 371 2144 428 XXIII.

3408 367 3518 428 258

240 516 433 573 magna
451 495 722 552 multitudo
741 495 1026 550 dulcedinis
1050 492 1126 566 (a)
1150 501 1173 530 ἰ
1195 491 1310 563 ejus
1330 499 1386 545 tu
1408 488 1569 554 mihi;
1595 487 1671 557 (b)
1692 486 1825 541 Nam
1853 493 1899 549 Α
1930 485 2030 538 mis
2067 479 2388 550 religiosior,
2429 486 2485 534 et
2523 476 2777 534 fratribus
2820 474 3146 546 diligentior.
3192 476 3347 536 Nunc
3384 494 3517 538 vero

239 599 470 662 quantus
498 596 730 659 quantus
755 601 834 651 es,
856 601 960 654 qua
985 593 1186 651 mente,
1203 597 1307 652 qua
1328 581 1507 647 lingua
1528 593 1606 640 es,
1634 585 1780 630 totus
1803 578 1818 606 ί

241 681 566 738 desiderium
596 694 691 733 es:
726 686 780 731 et
807 676 936 732 mihi
964 675 1300 730 dulcedinem
1329 671 1524 727 Christi
1573 668 1718 737 sapis
1768 673 1828 719 ut

239 778 429 831 hortus
468 772 619 837 mihi,
662 781 719 824 ut
763 771 892 825 odor
938 769 1053 840 agri
1093 768 1226 838 pleni
1249 766 1302 833 δ,
1331 779 1490 834 quem
1519 762 1572 817 in
1601 759 1824 814 odorem

237 874 633 933 unguentorum
675 861 812 916 illius
841 859 1103 916 currendo
1132 857 1326 926 legisti.
1358 854 1491 908 Nam
1532 857 1587 906 et
1613 859 1739 919 ager
1767 855 1825 902 tu

238 955 313 1010 illi
343 969 424 1017 es,
455 953 547 1022 qui
574 951 807 1006 vicissim
834 963 960 1019 ager
986 947 1140 1004 nobis
1168 953 1249 1004 est
1267 947 1309 998 ⁸.
1342 943 1401 998 1η
1429 943 1545 1013 ipso
1574 939 1716 995 enim
1737 953 1827 993 se-

234 1047 428 1110 rimus,
458 1052 514 1098 et
543 1041 615 1112 (c)
645 1042 714 1096 ab
738 1042 856 1111 ipso
877 1039 1145 1095 metimus.
1179 1036 1320 1105 Ager
1345 1034 1568 1102 verojtu,
1601 1045 1710 1085 non
1739 1028 1828 1083 ille

235 1136 408 1206 spinis
429 1134 700 1200 horridus,
722 1139 816 1186 aut
835 1131 1013 1186 arenis
1033 1128 1237 1194 aridus,
1281 1134 1373 1180 aut
1393 1122 1657 1196 petrosis'
1673 1134 1830 1192 asper

234 1235 290 1284 et
321 1225 514 1288 nudus,
547 1224 600 1278 in
644 1237 752 1292 quo
799 1236 984 1276 semen
1033 1218 1218 1274 datum
1262 1224 1356 1271 aut
1394 1212 1706 1278 suﬁ‘ocatur,
1738 1218 1831 1265 aut

234 1316 565 1380 destituitur,
589 1323 682 1368 aut
701 1313 873 1367 uritur
898 1321 920 1348 ε
948 1325 963 1364 :
986 1309 1082 1365 sed
1105 1308 1214 1371 ille,
1237 1322 1383 1378 quem
1412 1303 1669 1360 benedixit
1690 1300 1832 1355 Deus

233 1425 265 1461 a
294 1423 419 1461 rore
447 1405 579 1467 caeli,
611 1412 658 1458 et
679 1402 909 1456 ubertate
932 1411 1082 1455 terra:
1101 1397 1152 1451 ά.
1179 1396 1335 1452 Unde
1355 1403 1410 1451 et
1431 1395 1610 1462 lingua
1632 1400 1723 1446 tua
1749 1391 1828 1460 (d)

234 1499 405 1552 verbo
453 1495 549 1550 Dei
593 1503 759 1556 rorat,
801 1501 857 1548 et
903 1507 999 1547 cor
1043 1499 1192 1545 tuum
1244 1488 1420 1542 fertile
1466 1486 1596 1552 Deo,
1647 1498 1831 1541 semen

235 1595 526 1657 exceptura
554 1583 782 1654 spiritali
811 1583 962 1652 fruge
989 1580 1337 1651 multiplicat;
1371 1587 1428 1632 ut
1456 1577 1524 1632 de
1568 1575 1833 1630 fructibus

235 1678 348 1732 tuis
375 1675 586 1747 impleat
618 1691 828 1728 manum
861 1689 1008 1727 suam
1045 1687 1260 1736 messor,
1291 1677 1342 1722 et
1368 1669 1539 1723 sinum
1568 1683 1716 1722 suum
1743 1666 1832 1736 qui

231 1768 533 1838 manipulos
561 1766 757 1837 colligit
777 1775 832 1830 0;
866 1764 970 1819 hoc
997 1771 1099 1829 est,
1131 1763 1245 1832 ipse
1287 1761 1446 1828 Deus,
1475 1759 1569 1829 qui
1595 1757 1746 1812 verbi
1775 1757 1831 1812 in

232 1860 396 1917 nobis
424 1859 506 1914 sui
533 1866 589 1913 et
617 1857 912 1913 seminator
939 1863 994 1910 et
1026 1868 1233 1909 messor
1258 1861 1359 1907 est.
1389 1851 1529 1921 Ipse,
1559 1858 1616 1904 et
1642 1864 1833 1903 manus

231 1951 331 2021 qui
378 1951 602 2005 dextera
647 1948 763 2013 Dei,
813 1961 975 2018 quam
1020 1945 1176 2000 bonis
1223 1943 1477 2014 operibus
1525 1941 1827 2012 implemus.

233 2044 387 2100 Idem
415 2050 470 2098 et
494 2042 583 2097 ille
612 2039 886 2095 Abraham
913 2039 1062 2093 sinus
1089 2045 1192 2102 est,
1226 2035 1278 2090 in
1306 2049 1415 2104 quo
1443 2047 1669 2104 operum
1690 2047 1833 2086 mer-

229 2135 375 2191 cede
403 2133 790 2203 requiescimus
817 2129 858 2185 τ.

305 2251 363 2302 2.
405 2249 494 2303 Sic
520 2247 608 2302 hic
638 2247 779 2301 Deus
803 2245 824 2276 ⁸
851 2245 906 2299 in
936 2251 1024 2298 tua
1063 2244 1286 2298 caritate
1325 2241 1478 2297 nobis
1518 2238 1830 2305 abundans;

154 2386 160 2392 .
230 2357 350 2398 non
377 2339 552 2395 solum
582 2338 774 2392 litteris
803 2337 908 2391 tuis
935 2351 1056 2400 nos,
1085 2334 1180 2390 sed
1207 2343 1264 2390 et
1290 2332 1583 2389 tabellariis
1608 2330 1832 2386 benedi-

229 2433 334 2498 cit,
365 2431 566 2497 visitat,
598 2429 791 2500 pascit,
823 2427 1118 2494 illuminat;
1147 2435 1378 2497 utroque
1423 2425 1578 2480 nobis
1606 2437 1833 2478 munere

229 2525 488 2595 aperiens
513 2523 825 2577 thesaurum
853 2520 1054 2574 bonum
1077 2517 1255 2574 cordis
1279 2517 1353 2572 tui
1379 2535 1390 2569 :
1416 2533 1480 2571 ea:
1510 2515 1832 2569 abundantia

231 2617 337 2690 (V.
390 2624 503 2671 not.
555 2613 644 2683 69)
693 2614 830 2668 enim
876 2613 1045 2668 cordis
1091 2629 1146 2666 os
1189 2612 1415 2682 loquitur
1450 2619 1474 2656 ε
1505 2627 1515 2660 :
1549 2615 1636 2670 et,
1683 2622 1836 2662 omne

228 2711 436 2769 enimh
465 2713 507 2780 ⁸,
541 2710 734 2780 inquit,
766 2707 963 2763 animal
1005 2707 1073 2760 ad
1120 2705 1286 2760 simile
1323 2702 1421 2757 sibi
1470 2707 1835 2772 congregatur.

230 2805 530 2875 Propterea
560 2800 819 2855 benedixit
860 2807 906 2852 te
955 2798 1116 2862 Deus,
1159 2796 1279 2865 quia
1307 2795 1606 2847 innocentes
1634 2797 1683 2842 et
1712 2787 1838 2840 recti

228 2895 579 2949 adlucserunt
615 2889 706 2943 tibi
727 2888 772 2953 ί,
811 2897 858 2941 et
889 2905 1005 2942 cum
1042 2887 1214 2955 impiis
1248 2900 1351 2938 non
1382 2881 1454 2952 (e)
1482 2880 1655 2943 sedes;
1685 2876 1842 2930 odisti

232 2986 594 3056 iniquitatem,
629 2981 807 3051 diligis
847 2981 1076 3033 animam
1119 2988 1258 3029 tuam
1283 2976 1329 3039 l,
1365 2988 1524 3042 quam
1568 2968 1842 3041 projecisti

230 3079 297 3134 in
338 3075 576 3142 Christo,
608 3082 668 3129 ut
707 3073 833 3129 huic
861 3073 983 3127 vitae
1011 3069 1223 3140 perdita
1258 3073 1565 3124 servaretur
1603 3072 1838 3127 aeternae,

229 3170 446 3227 damno
475 3168 557 3222 sui
585 3166 930 3236 semetipsam
959 3161 1313 3227 lucrifaciens,
1345 3159 1389 3213 si
1430 3173 1528 3228 per
1555 3156 1841 3212 caritatem

1928 576 2028 628 ista
2054 578 2252 625 nostrae
2275 567 2596 624 visitationis
2613 567 2752 631 vice,
2775 566 2937 621 etiam
2963 568 3305 638 temetipsum
3327 581 3517 639 super-

1928 676 2109 731 gressa
2138 658 2472 714 humanitate
2492 657 2776 729 superasti.
2801 657 2897 711 Sat
2925 657 3067 712 enim
3096 658 3248 714 nobis
3273 667 3389 714 erat
3412 673 3515 716 au-

1927 753 2048 808 nuis
2075 750 2468 808 commeatibus
2495 749 2725 806 emcreri
2753 748 2959 804 litteras
2989 756 3125 814 tuas,
3154 756 3211 803 et
3241 764 3273 804 ιι
3301 759 3356 806 te
3381 750 3515 808 mis-

1928 863 2019 904 sos
2037 847 2242 912 videre,
2268 846 2322 900 in
2342 844 2538 914 quibus
2556 857 2666 898 non
2685 841 2859 898 solum
2878 841 3052 896 vicem
3072 842 3368 910 praesentia
3388 851 3513 909 une,

1928 941 2026 998 sai
2045 948 2102 996 et
2129 937 2252 993 ﬁdei
2279 945 2587 992 teneremus
2619 931 2870 1003 efﬁgiem.
2903 931 3021 988 Tibi
3050 939 3230 987 tamen
3257 933 3386 987 satis
3408 947 3516 988 non

1931 1032 2030 1087 fuit
2049 1030 2344 1086 institutam
2368 1025 2764 1083 observantiam
2784 1023 3009 1079 solemni
3033 1021 3403 1093 perfunctione
3426 1037 3520 1078 ce-

1932 1121 2160 1177 lebrare.
2188 1118 2427 1188 Longum
2449 1117 2544 1172 tibi
2572 1115 2739 1170 multa
2766 1113 2980 1169 dilectio
3004 1112 3130 1168 fecit
3150 1127 3302 1168 mora
3329 1113 3520 1168 hiemis

1933 1229 1966 1269 a
1992 1213 2147 1268 nobis
2177 1212 2254 1282 (lt)
2285 1209 2463 1264 silere.
2509 1206 2780 1263 Concaluit
2810 1223 2898 1261 cor
2928 1215 3068 1259 tuum
3091 1206 3228 1259 intra
3261 1215 3308 1258 te
3331 1244 3346 1270 ,
3387 1212 3436 1258 et
3464 1206 3519 1259 in

1935 1305 2268 1361 meditatione
2306 1301 2524 1372 pietatis
2569 1308 2786 1357 sanctus
2835 1299 2933 1353 tibi
2972 1299 3128 1353 home
3169 1297 3518 1368 impatientia:

1935 1400 2071 1470 ignis
2093 1395 2290 1451 exarsit
2328 1393 2368 1446 ι.
2400 1392 2512 1447 Nec
2539 1391 2751 1447 suffecit
2775 1391 3075 1445 litterarum
3106 1387 3174 1443 ad
3203 1404 3302 1443 nos
3327 1386 3519 1443 editio~

1936 1507 2004 1546 ne
2028 1489 2229 1560 (Latin.
2255 1489 2388 1556 forte
2409 1486 2731 1550 editionem;
2755 1484 2858 1539 vid.
2883 1499 2972 1554 ep.
2997 1481 3050 1546 5,
3066 1499 3118 1537 n.
3145 1480 3200 1553 4)
3225 1489 3518 1548 maturare,

1935 1581 2039 1636 nisi
2067 1580 2292 1648 gratiam
2318 1577 2583 1632 sermonis
2611 1577 2708 1642 tui,
2736 1577 2899 1631 etiam
2925 1575 2992 1630 dc
3018 1574 3219 1630 sanctis
3237 1572 3520 1629 comitibus

1936 1672 2044 1727 tuis
2073 1671 2212 1726 lecto
2239 1669 2532 1741 perlatore,
2562 1667 2888 1723 cumulares.

2007 1784 2060 1838 5.
2099 1782 2401 1838 Benedictus
2427 1821 2442 1847 ,
2501 1798 2647 1853 quem
2693 1781 2747 1836 in
2777 1782 2880 1836 hoc
2910 1795 3105 1836 munus
3133 1779 3332 1851 elegisti
3361 1788 3408 1832 et
3433 1795 3520 1833 as-

1865 1877 2164 1955 Bsttmsisti
2212 1885 2251 1913 ω
2299 1891 2408 1944 quo
2454 1875 2625 1930 Deum
2673 1873 2884 1929 feneras
2915 1872 3010 1945 (V.
3043 1880 3156 1928 nol.
3209 1871 3336 1942 '70):
3395 1871 3522 1940 quia

1933 1971 2035 2027 etsi
2065 1977 2377 2042 peccatores
2424 1984 2524 2023 nos
2560 1983 2689 2023 vera
2715 1966 3063 2022 conscientia:
3093 1971 3291 2020 nostra:
3320 1963 3521 2034 profes-

1933 2065 2109 2131 sione,
2139 2070 2317 2116 tamen
2348 2070 2452 2116 tua:
2482 2060 2841 2131 simplicitatis
2868 2059 3125 2130 opinione
3149 2057 3278 2112 falsa
3303 2063 3518 2128 putans,

1934 2164 1994 2210 ut
2021 2156 2121 2218 ais,
2151 2162 2388 2217 sanctos,
2419 2169 2525 2207 non
2552 2152 2664 2222 jam
2687 2151 2940 2216 hominis,
2968 2150 3061 2205 sed
3082 2148 3278 2204 Christi
3299 2149 3524 2203 caritate

1934 2261 2035 2302 nos
2063 2244 2236 2314 diligis
2263 2263 2274 2297 :
2309 2252 2364 2299 et
2392 2243 2592 2298 idcirco
2623 2242 2903 2297 mercedem
2923 2242 3188 2311 prophetce
3217 2240 3440 2309 accipies
3470 2247 3523 2306 ιι,

1933 2341 2060 2412 quia
2091 2348 2312 2411 propter
2341 2353 2537 2393 nomen
2566 2335 2764 2392 CbriSti
2787 2336 3170 2407 prophetarum
3199 2333 3406 2387 honore
3434 2345 3525 2386 ac-

1934 2436 2068 2506 cipis
2099 2435 2261 2489 etiam
2289 2449 2397 2488 non
2427 2431 2740 2503 prophetas.
2783 2429 2946 2484 Nobis
2974 2442 3106 2482 vero
3134 2426 3323 2480 similis
3353 2423 3525 2492 gratia
3628 2488 3639 2506 ‘

1936 2543 2045 2582 non
2069 2527 2295 2580 debetur
2324 2524 2482 2593 hujus
2523 2519 2727 2584 ofﬁcii,
2779 2535 2886 2589 quo
2919 2507 3135 2572 fratrem
3170 2517 3445 2571 Victorem
3471 2514 3526 2568 in

1937 2617 2156 2672 nomine
2174 2615 2290 2677 Dei,
2315 2621 2513 2682 tuaque
2534 2626 2762 2681 persona
2784 2608 2853 2662 ad
2875 2624 2972 2662 nos
2993 2607 3316 2669 venientem,
3343 2604 3527 2658 intima

1939 2707 2222 2761 affectione
2244 2714 2299 2760 et
2324 2718 2516 2772 magna
2532 2701 2889 2773 gratulatione
2915 2699 3268 2768 suscepimus.
3301 2696 3356 2750 Id
3385 2695 3528 2752 enim

1945 2805 2156 2853 tantum
2187 2797 2400 2868 fecimus
2424 2793 2632 2849 inutiles
2651 2791 2800 2856 servi,
2833 2791 2968 2863 quod
2994 2792 3166 2863 facere
3187 2788 3449 2843 debuimus
3471 2795 3529 2853 ος

1940 2887 2198 2958 quoniam
2250 2884 2532 2956 perspicua
2579 2883 2776 2939 veritas
2823 2881 3053 2950 cogebat
3109 2895 3209 2935 nos
3237 2894 3392 2934 ovem
3421 2893 3524 2948 pu-

1945 2994 2059 3034 ram
2106 2979 2158 3033 in
2190 2993 2257 3032 eo
2284 2977 2556 3046 suscipere
2590 2983 2750 3044 atque
2783 2972 3025 3028 venerari
3053 2990 3066 3038 ;
3117 2986 3277 3042 quem
3306 2985 3414 3024 non
3441 2984 3530 3024 so-

1945 3070 2053 3124 lum
2081 3084 2236 3123 ovem
2266 3067 2437 3137 pelle,
2489 3069 2677 3120 verum
2716 3065 2932 3135 spiritus
2962 3064 3028 3136 (i)
3082 3060 3527 3125 mansuetudinis,

1943 3168 2000 3215 et
2027 3174 2278 3228 expressa
2313 3157 2363 3212 in
2395 3155 2560 3211 verbo
2589 3155 2706 3225 ejus
2741 3165 2903 3224 atque
2932 3154 3146 3210 silentio
3174 3152 3374 3208 Christi
3414 3167 3531 3206 mo-

234 3257 444 3314 Christi
468 3256 692 3311 vilescat
716 3255 836 3309 sibi.
865 3251 983 3320 Quo
1007 3249 1200 3306 affectu
1224 3250 1342 3304 vilis
1365 3247 1476 3311 tibi,
1507 3254 1562 3299 at
1586 3244 1835 3315 pretiosae
1862 3252 1910 3315 ο
1941 3250 2113 3306 destia
2149 3248 2442 3304 revelabat.
2504 3247 2643 3303 Vere
2681 3247 3094 3317 recognovimns
3137 3247 3188 3300 in
3220 3260 3287 3299 eo
3312 3253 3531 3299 sancio-

238 3349 358 3404 Deo
379 3346 572 3401 animae
601 3353 705 3399 tute
734 3343 1052 3399 suavitatem
1089 3340 1140 3395 in
1168 3339 1301 3394 favis
1324 3338 1435 3393 oris
1463 3337 1539 3391 tui
1566 3335 1836 3390 Christum

239 3439 574 3513 spirantibus
594 3423 881 3493 odorantes
930 3434 998 3504 (ι)
1023 3431 1388 3488 benedicimus
1409 3428 1716 3494 Dominum,
1742 3427 1837 3482 Dei

241 3534 483 3590 Verbum
511 3531 680 3586 Deum
707 3547 719 3582 :
751 3527 843 3598 qui
865 3527 1005 3583 sicut
1032 3525 1087 3580 in
1114 3523 1232 3596 ipso
1257 3523 1349 3578 illo
1371 3523 1393 3554 ⁸
1415 3521 1651 3586 homine,
1675 3535 1838 3589 quem

242 3625 433 3695 gessit,
470 3622 626 3694 119
653 3621 728 3674 ita
757 3619 811 3673 in
839 3615 1037 3673 nostris
1059 3614 1326 3670 mentibus
1353 3610 1550 3682 gradus
1577 3609 1841 3679 quosdam

245 3728 527 3787 corporeae
562 3713 734 3766 aetatis
766 3709 1106 3778 exsequitur;
1137 3705 1394 3770 nascitur,
1426 3702 1645 3769 crescit,
1675 3700 1841 3756 robo-

248 3815 418 3873 ratur,
448 3803 699 3861 senescit.
732 3801 838 3857 Sed
865 3799 1119 3866 orandus,
1153 3811 1221 3853 ne
1250 3796 1302 3851 in
1331 3795 1488 3852 nobis
1517 3793 1610 3849 diu
1638 3801 1731 3847 aut
1753 3791 1844 3861 ju-

253 3897 391 3966 giter
419 3893 692 3966 parvulus,
718 3899 772 3947 et
794 3889 1095 3953 inﬁrmus",
1119 3894 1173 3944 et
1200 3901 1406 3958 pauper
1434 3887 1523 3942 sit.
1546 3883 1607 3938 In
1637 3891 1690 3938 te
1720 3881 1843 3951 qui-

259 3987 400 4053 dem,
431 3995 490 4041 ut
528 3984 841 4055 gloriamur,
872 3981 998 4050 quia
1024 3979 1226 4034 bonum
1268 3986 1420 4032 tuum
1456 3975 1626 4046 gloria
1660 3981 1846 4028 nostra

258 4067 362 4145 est,
391 4076 662 4148 profectus
689 4074 806 4143 ejus
833 4072 1194 4142 experientes,
1221 4067 1560 4138 agnoscimus
1606 4064 1849 4118 bonitate

255 4168 534 4238 gandem,
580 4165 781 4221 malitia
824 4160 1128 4234 parvulum,
1176 4158 1438 4228 sapientia
1485 4169 1693 4221 senem,
1745 4151 1850 4206 ﬁde

257 4260 474 4322 fortem,
503 4265 560 4314 et
587 4259 639 4313 in
668 4256 860 4328 spiritu
888 4253 991 4324 piae
1019 4250 1335 4307 humilitatis
1369 4261 1682 4319 pauperem,
1711 4245 1853 4300 cari-

259 4359 369 4407 tate
408 4349 627 4404 divitem
656 4351 702 4402 κ.
747 4345 879 4402 Nam
910 4341 1179 4416 prioribus
1207 4354 1333 4410 erga
1362 4337 1717 4393 humilitatem
1747 4350 1850 4390 no-

259 4450 428 4496 stram
457 4439 649 4497 ofﬁciis
673 4438 808 4494 alios
831 4435 908 4508 (g)
931 4440 1322 4498 antevertens,
1351 4429 1602 4485 omnibus
1631 4426 1848 4492 nostris,

1941 3357 2060 3397 run
2110 3340 2395 3395 formulam
2441 3340 2722 3393 beatorum
2770 3337 2984 3392 Martini
3035 3347 3088 3392 et
3132 3335 3315 3402 Clari,
3372 3350 3532 3405 quem

1941 3432 2191 3504 proximo
2238 3429 2520 3485 intervallo
2572 3428 2794 3483 illustris
2848 3427 3087 3494 magistri
3139 3439 3424 3493 sequacem
3474 3433 3531 3476 te

1946 3533 2137 3580 autore
2161 3522 2531 3592 cognovimus.
2565 3518 2766 3573 [lorum
2791 3533 2850 3573 se
2871 3518 3026 3572 unius
3048 3518 3103 3571 in
3127 3514 3537 3584 regenerationis

1947 3632 2066 3673 esse
2095 3615 2430 3686 progeniem,
2461 3611 2682 3665 alterius
2720 3610 2772 3664 in
2802 3609 2889 3664 via
2919 3609 3172 3665 comitem
3200 3606 3364 3662 fuisse
3391 3605 3533 3676 ﬁlius

1948 3709 2090 3778 pacis
2121 3717 2166 3759 ρ.
2201 3705 2387 3761 Victor
2431 3703 2678 3758 asseruit.
2720 3700 2894 3757 llom‘o
2917 3715 3043 3757 vere
3068 3743 3084 3768 ,
3141 3708 3200 3754 ut
3245 3698 3530 3770 scripsisti,

1950 3799 2048 3854 Dei
2077 3797 2284 3851 humilis
2312 3794 2466 3850 corde
2496 3804 2543 3861 (ι,
2577 3809 2683 3848 ηοιι
2716 3791 2930 3847 humilis
2959 3791 3129 3860 gratia
3155 3807 3168 3844 :
3198 3806 3294 3845 vas
3326 3791 3539 3846 miseri-

1951 3889 2148 3945 cordia:
2179 3897 2233 3943 et
2264 3887 2474 3941 mansio
2504 3885 2761 3940 Altissimi
2786 3899 2948 3953 quem
2983 3883 3193 3952 recipit,
3224 3891 3278 3936 et
3300 3882 3542 3937 oblectat

1951 3979 2164 4050 placido
2197 3979 2355 4048 120
2376 3978 2568 4030 anima:
2584 3975 2864 4030 trementis
2889 3973 3147 4042 hospitio.
3180 3969 3230 4024 Is
3262 3972 3418 4026 nobis
3446 3970 3541 4024 be-

1955 4070 2312 4134 nedictiones,
2340 4076 2534 4139 praeter
2557 4067 2672 4120 illas
2705 4081 2838 4135 quas
2868 4080 2898 4118 a
2927 4064 3081 4118 vobis
3109 4062 3351 4130 geminas
3381 4063 3434 4116 in
3457 4062 3543 4115 lit-

1958 4157 2091 4212 teris
2119 4165 2173 4212 et
2200 4156 2378 4226 palliis
2419 4154 2718 4219 afferebat,
2769 4153 2952 4222 plures
2999 4149 3202 4204 addidit
3245 4148 3314 4203 de
3354 4149 3546 4218 opibus

1957 4248 2154 4304 mentis
2184 4263 2293 4302 sua:
2311 4289 2326 4316 ,
2373 4262 2483 4301 non
2512 4245 2686 4300 solum
2714 4241 3070 4298 contubernio
3097 4241 3323 4312 spiritali
3363 4239 3548 4310 gratis-

1960 4342 2130 4396 simus
2155 4339 2330 4408 nobis,
2361 4337 2454 4395 sed
2482 4345 2537 4393 et
2564 4350 2828 4406 corporeo
2857 4333 3116 4389 famulatu
3146 4333 3381 4389 sedulus.
3439 4333 3548 4387 Au-

1961 4431 2066 4486 deo
2096 4429 2240 4484 enim
2269 4445 2383 4484 rem
2410 4426 2592 4483 oneris
2621 4425 2790 4480 nostri
2819 4423 3002 4490 fateri,
3054 4423 3180 4479 dum
3207 4422 3302 4478 tibi
3329 4421 3462 4477 nihil
3483 4421 3550 4477 de

260 4543 317 4590 ut
339 4550 486 4606 smpe
513 4533 694 4590 testati
721 4545 925 4596 sumus,
950 4535 1006 4584 et
1032 4525 1222 4582 amicis
1245 4523 1560 4590 studiosior,
1587 4527 1643 4577 et
1670 4520 1860 4592 proxi-
1891 4517 1945 4578 D
1969 4521 2085 4590 ejus
2122 4521 2279 4576 bonis
2320 4528 2565 4586 taceam,
2611 4531 2732 4586 quae
2759 4515 3013 4586 gaudium
3051 4521 3202 4571 tuum
3237 4529 3357 4570 esse
3399 4521 3550 4570 certo

329 4673 513 4728 'Psal.
547 4688 688 4735 xxiv,
714 4671 766 4734 8,
799 4677 854 4724 et
881 4682 1008 4732 xxx,
1037 4665 1127 4735 20.

261 4761 365 4810 xvr,
386 4743 478 4798 22.
524 4752 548 4789 κ
570 4731 762 4795 Matth.
788 4755 880 4804 xu,
906 4731 1064 4810 δεῦτέ-ἰι
1077 4734 1240 4810 Ecc_li.
1269 4749 1380 4810 sui,
1403 4731 1491 4784 20.

1201 4663 1377 4735 PGen.
1409 4675 1578 4735 gvu,
1609 4657 1700 4735 2].
1721 4730 1733 4735 _
1782 4659 1837 4714 cl

1940 4671 2015 4735 tn.
2036 4677 2152 4729 xui,
2171 4659 2223 4713 4.
2301 4653 2773 4735 ξξίὶθιιριινςιιβᾷἱ
2844 4651 3029 4735 fI’sal.
3062 4648 3344 4735 cxxvinﬂ.‘
3361 4645 3369 4652 ’
3387 4647 3550 4735 :Euc.

1580 4740 1593 4766 ι
1617 4728 1753 4800 Psal.
1789 4747 1932 4798 xxxv,
1959 4732 2051 4800 21,
2073 4718 2280 4800 et'xxv,
2301 4729 2350 4783 5.
2433 4727 2446 4778 i
2486 4725 2628 4800 P_s_al.
2651 4718 2775 4800 Vx,_6
2798 4742 2813 4791 ;
2836 4721 3032 4800 Johan.
3064 4720 3308 4800 xu,_?5._
3335 4719 3356 4758 ¹ί
3386 4718 3548 4800 ιϐρε.

1103 4789 1142 4843 τά
1165 4803 1306 4859 Psal.
1331 4789 1476 4867 Littv,
1508 4800 1562 4855 5.
1642 4809 1668 4835 "
1694 4799 1837 4856 Mattl

1940 4844 1963 4870 .,
1997 4789 2084 4857 AI.
2165 4789 2592 4866 °Luc.xvu,IO.
2671 4789 2851 4860 “me.
2887 4812 2941 4863 χ,
2972 4795 3025 4848 6.
3104 4804 3132 4844 ιι
3163 4791 3349 4847 Matth.
3369 4789 3549 4859 x599.

333 4955 411 5079 SS)
443 4953 522 5007 Ita
562 4958 671 5007 tres
705 4963 836 5004 mss.
885 4943 1119 5001 codices.
1169 4941 1351 5009 Editi,
1398 4939 1557 5012 ejus?
1602 4936 1746 4992 Nam
1792 4946 1848 4992 tu

267 5043 410 5167 Μίῗῇ
438 5085 933 5167 Itamanuscriptus
948 5083 1127 5167 codex
1139 5082 1443 5167 ‘Vaticanus
1467 5099 1479 5134 :
1495 5079 1667 5167 "quod
1679 5095 1848 5134 venu-

267 5149 407 5221 stiirs’
450 5163 659 5218 videtur
686 5149 847 5229 quam
862 5156 1093 5229 vulgata
1119 5153 1335 5229 lectio;
1384 5149 1848 5229 conﬁrmaturque

269 5251 371 5362 ab
361 5220 524 5306 epist.
558 5231 625 5284 16
663 5220 730 5285 ad
756 5220 1004 5289 Jovium',
1037 5241 1090 5279 n.
1117 5224 1150 5278 5
1173 5263 1189 5292 ,
1211 5223 1365 5294 juxta
1395 5222 1683 5277 lectionem
1714 5220 1844 5275 edit.

375 5315 454 5362 οι.

375 5315 454 5362 οι.

340 5377 414 5447 (e)
442 5374 589 5447 [dem
614 5371 782 5428 codex
805 5384 905 5424 ms.
937 5367 1384 5447 V_atic.,ﬂin._ipso.

342 5429 422 5517 id)
451 5443 682 5517 Sietres
711 5457 840 5495 mss.
871 5438 1104 5495 codices.
1137 5429 1306 5498 Editi,
1329 5432 1522 5517 ferba;
1553 5445 1672 5502 qua:
1693 5429 1854 5517 lectio

274 5501 438 5572 etiam
464 5513 684 5571 retineri
714 5518 925 5582 poterat
947 5522 1185 5582 ;__eaque
1205 5501 1662 5582 ‘conﬁrmatur’ex
1692 5501 1850 5582 epist.

278 5585 344 5640 i9
373 5585 440 5640 ad
467 5574 743 5652 Delphin;
771 5599 826 5635 ιι.
858 5580 882 5632 ‘l
917 5598 929 5632 ε
961 5574 1168 5632 Modica
1198 5577 1333 5636 licet,
1364 5574 1662 5627 dulcissima
1683 5579 1856 5624 tamen

279 5657 383 5712 oris
413 5659 486 5710 tui
515 5654 783 5716 stillicidia
817 5663 1100 5705 roraveras.

375 5727 423 5797 e)
451 5725 532 5780 Ita
559 5739 688 5779 mss.
714 5710 836 5778 Vat.
869 5729 925 5777 et
947 5719 1098 5774 Vien.
1149 5716 1257 5774 Sed
1287 5731 1386 5770 ms.
1421 5713 1553 5780 Reg.
1603 5721 1660 5768 et
1701 5710 1855 5778 editi,

285 5798 466 5854 sedisti

2029 4937 2211 5010 (flSic
2241 4933 2600 5010 manuscripti
2632 4931 2867 5010 codices.
2896 4928 3036 5010 Editi
3057 4927 3552 5010 senatuethliosv”

1957 4998 2301 5131 gene'dicitgus
2332 4998 2533 5060 donum
2558 5002 2693 5068 Dei,
2741 4999 2948 5056 verbum
2975 4999 3209 5055 Domini.
3251 4998 3392 5054 Editi
3419 5007 3548 5059 tres.

1994 5095 2167 5134 omum
2247 5093 2318 5130 et.

2035 5170 2113 5240 (g)
2145 5165 2541 5236 Manuscriptus
2561 5164 2734 5218 codex
2754 5162 2935 5227 Vien.,
2965 5167 3086 5215 ante
3116 5160 3334 5214 viceras.

2041 5262 2120 5334 (It)
2150 5259 2230 5316 Ita
2251 5276 2380 5316 mss.
2407 5259 2539 5329 Reg.
2573 5265 2628 5313 et
2649 5243 2801 5311 Vien.
2835 5255 2904 5310 At
2923 5255 3075 5322 editi,
3103 5252 3266 5307 sileri.

2033 5355 2098 5424 (i)
2125 5352 2217 5408 Sic
2244 5360 2358 5406 tres
2386 5347 2761 5424 mss.‘codices
2784 5347 2940 5416 Reg,
2966 5345 3086 5400 Vat.
3119 5340 3360 5424 etHVien.
3392 5335 3553 5424 Editi,

1957 5407 2177 5498 spiritus
2198 5407 2623 5498 mansuetudine.
2638 5490 2650 5498 _
2666 5407 2910 5498 Δδίειμι-πᾷ.
2927 5407 3053 5498 mss.
3104 5411 3349 5498 codicuctli
3392 5407 3554 5498 lectio

1959 5477 2312 5552 ebulirmatur
2338 5509 2408 5549 ex
2435 5492 2595 5563 epist.
2630 5490 2698 5543 19
2721 5489 2796 5563 ad
2821 5485 3164 5563 Delphinum,
3197 5477 3334 5563 εικῆ,
3366 5478 3554 5563 spiritu

1957 5548 2366 5622 mansuetudinis
2410 5548 2587 5616 ἱηύἱα
2615 5560 2760 5630 pacis
2788 5548 3013 5630 r‘adicati
3036 5570 3054 5630 ξ
3103 5559 3159 5608 et
3188 5550 3347 5630 epist.
3377 5548 3447 5602 ‘27
3486 5548 3554 5603 ad

1959 5638 2248 5701 Severum,
2282 5653 2335 5690 ιι.
2367 5633 2399 5687 ὅ
2420 5673 2435 5696 ,
2464 5633 2555 5688 ubi
2583 5623 2774 5701 eadem
2800 5626 2911 5682 fere
2940 5623 3104 5679 verba
3131 5629 3389 5692 usurpat,
3417 5636 3550 5692 pauo

1960 5725 2050 5778 per
2075 5707 2130 5761 in
2151 5699 2338 5762 spiritu
2369 5699 2802 5760 mansuetudinis.
