4078 6352
226 376 327 443 ξω
1593 386 1926 455 ειηδτοω
1962 397 2149 458 χχιιι.
2360 388 2367 395 ’
3388 394 3514 464 ’Μ

224 508 338 557 tein
363 492 585 572 quoque
626 510 682 560 et
718 492 981 561 hordeum
1009 492 1284 565 et'viciam
1316 508 1621 567 miscuisset
1649 511 1703 566 in
1730 510 1814 583 (a)
1846 515 1895 576 Α
1920 511 2077 568 nobis
2127 512 2350 578 accidit,
2393 528 2519 570 cum
2562 514 2847 586 squalente
2888 529 3138 575 curarunt
3184 517 3512 575 saeuiat-ium

227 594 513 649 crumilum
540 603 566 633 ι
593 594 693 667 (ν.
716 604 831 652 not.
862 596 974 669 74),
1005 605 1059 654 ut
1082 601 1431 657 aistuantibus
1452 611 1605 657 extra
1633 602 1711 673 (ir)
1732 603 1814 658 sui
1923 605 2094 677 spinis
2139 606 2338 669 anima,
2380 607 2467 661 cui
2514 606 2727 663 cultura
2774 608 2871 664 Dei
2896 608 3119 665 verbum
3156 617 3241 666 est
3264 616 3318 678 ⁸,
3345 611 3512 665 vitam

226 685 377 740 labra
405 684 727 756 fervoribus,
757 688 1094 745 dissimilium
1115 692 1219 748 sibi
1247 691 1518 749 fructuum
1540 695 1696 764 quasi
1726 709 1816 751 re-

227 788 501 849 pugnante
550 789 793 850 coetura,
844 781 1098 840 fatiscens
1145 786 1297 842 rimis
1346 786 1453 844 olla
1501 789 1813 860 crepitaret.

224 871 588 929 Nihilominus
614 882 797 931 tamen
845 875 912 932 de
952 880 1298 949 paucioribus
1339 880 1579 953 frugibus
1626 891 1821 948 testam

226 981 482 1035 capacem
508 968 741 1039 replens,
788 970 966 1025 intulit
1006 972 1162 1028 nobis
1200 973 1370 1030 multo
1411 974 1601 1029 nidore
1640 974 1821 1030 catina

224 1060 298 1127 (τ)
328 1059 677 1128 infumantia;
702 1069 983 1132 totumque
1012 1079 1121 1119 non
1141 1065 1315 1120 solum
1338 1064 1594 1121 mensulae
1622 1073 1821 1121 nostra:

224 1151 512 1217 ambitum,
535 1153 631 1207 sed
655 1161 712 1209 et
735 1153 946 1210 cellula:
974 1156 1017 1186 “
1034 1164 1232 1211 nostra:
1260 1157 1494 1227 spatium
1521 1155 1663 1212 olida
1687 1157 1819 1213 cali-

223 1244 349 1310 gine
376 1245 664 1315 vaporavit
692 1262 705 1298 :
739 1253 917 1319 atque,
952 1255 1009 1302 ut
1037 1246 1424 1318 multiplicarct
1466 1248 1624 1304 nobis
1651 1249 1821 1304 bene-

225 1335 544 1406 dictionem,
575 1338 797 1395 alterius
825 1356 1063 1417 quoque_
1082 1342 1361 1413 propheta:
1400 1343 1682 1414 prandium
1710 1357 1822 1399 cm-

225 1432 367 1485 nulxe
394 1439 592 1487 nostra:
615 1432 863 1500 contulit,
884 1443 941 1488 ut
965 1432 1141 1489 Elisari
1159 1434 1314 1490 nobis
1330 1434 1491 1489 ollam
1520 1434 1781 1491 inferretb
1805 1454 1817 1489 :

223 1523 276 1585 in
308 1540 470 1595 quam
500 1525 644 1579 misit
674 1523 937 1591 farinam;
963 1540 1063 1582 nec
1092 1526 1316 1581 herbam
1340 1527 1556 1593 veneni,
1579 1527 1674 1582 sed
1690 1543 1822 1583 cou-

222 1616 526 1672 dimentum
555 1616 740 1673 salutis
768 1618 990 1685 incoxit,
1025 1619 1078 1672 in
1108 1618 1328 1675 nomine
1369 1616 1582 1674 Domini
1625 1634 1822 1690 gerens

222 1724 389 1773 omne
418 1708 562 1778 quod
592 1709 783 1779 agebat
809 1728 820 1762 :
854 1725 962 1779 quo
984 1711 1083 1764 tuti
1109 1719 1270 1782 atque
1291 1711 1469 1766 securi
1498 1727 1607 1767 non
1637 1711 1820 1767 excla-

221 1800 493 1856 mavitnus
522 1797 592 1854 ad
617 1816 773 1868 eum;
816 1800 987 1865 Homo
1015 1800 1133 1868 Dei,
1160 1819 1299 1857 mors
1340 1804 1393 1857 in
1438 1803 1545 1859 olla
1572 1815 1594 1844 ε
1631 1821 1645 1857 :
1688 1804 1816 1876 quia

1922 697 2063 753 hanc
2090 697 2190 752 aevi
2219 698 2436 753 brevem
2458 706 2512 752 et
2540 699 2667 754 boni
2705 701 2948 757 sterilem
2986 701 3342 773 suspinntes,
3373 703 3513 760 inter

1923 797 2077 845 actus
2105 804 2466 861 supervacuos
2492 799 2716 860 peccata
2740 792 2901 848 noxia
2928 793 3082 863 quasi
3102 793 3249 849 inter
3274 801 3512 864 agrestes

1918 878 2119 934 herbas
2143 879 2380 949 germina
2404 889 2671 935 venenata
2703 881 3031 951 colligimus,
3059 892 3116 940 et
3139 884 3219 940 sic
3257 885 3311 940 in
3348 885 3513 941 ollam

1924 973 2170 1042 corporis
2198 972 2283 1028 vel
2301 970 2483 1031 cordis
2512 973 2683 1028 nostri
2705 981 2937 1028 mortem
2956 974 3242 1030 mittimus.
3262 975 3373 1030 Sed
3394 987 3515 1044 gra-

1922 1065 2027 1120 tias
2056 1064 2189 1130 Deo,
2215 1065 2301 1136 qui
2330 1081 2425 1120 nos
2452 1065 2686 1120 liberavit
2715 1065 2778 1120 de
2798 1080 3014 1137 corpore
3034 1069 3219 1123 mortis
3244 1068 3398 1140 hujus
3427 1084 3515 1140 per

1926 1155 2189 1213 Christum
2216 1155 2395 1212 Jesum
2425 1156 2703 1213 Dominum
2733 1167 2966 1214 nostram
2988 1168 3014 1208 Ρ
3038 1176 3051 1212 :
3082 1174 3193 1230 quo
3220 1159 3516 1214 inﬁrmitati

1926 1260 2127 1307 nostra:
2156 1251 2237 1306 sui
2263 1250 2480 1322 spiritus
2506 1251 2762 1308 virtutem
2800 1252 3199 1321 permiscentes
3229 1260 3286 1307 et
3314 1250 3515 1308 amari-
3562 1272 3578 1287 ·

1926 1341 2059 1398 tudo
2084 1340 2302 1397 malitia:
2330 1349 2553 1411 nostrae,
2606 1349 2664 1397 et
2696 1341 2959 1398 sterilitas
2982 1341 3311 1407 inutilitatis,
3340 1341 3514 1397 infuso

1922 1434 2237 1507 praecordiis
2267 1434 2433 1491 verbo
2463 1434 2580 1502 Dei,
2610 1434 2761 1491 velut
2788 1443 3139 1492 convertente
3183 1437 3435 1492 salutaris
3460 1446 3515 1495 et

1921 1526 2087 1581 vividi
2112 1525 2296 1584 “salis
2315 1526 2619 1597 aspergine,
2651 1527 2719 1583 ad
2743 1527 3084 1585 dulcedinem
3110 1527 3514 1584 fecunditatem-

1919 1632 2028 1691 que
2057 1625 2263 1672 mutata
2293 1626 2394 1673 est.

1994 1709 2046 1763 8.
2090 1709 2453 1765 Recummus
2484 1711 2529 1744 ⁸⁸
2576 1708 2645 1765 ad
2666 1707 2888 1765 fratrem
2926 1709 3244 1779 Victorem,
3287 1712 3381 1782 qui
3422 1724 3515 1768 vas

1923 1803 2085 1858 etiam
2116 1801 2358 1856 farinulze
2386 1809 2584 1858 nostrae
2606 1814 2674 1857 ex
2696 1816 2795 1858 usu
2816 1801 3190 1872 usurpationis
3209 1816 3341 1868 suae,
3355 1816 3515 1872 quam

217 1892 336 1962 jam
360 1893 414 1947 in
444 1892 548 1949 olla
578 1901 764 1948 nostra
786 1893 896 1948 vita
917 1901 1023 1963 est,
1052 1903 1341 1967 postquam
1382 1894 1640 1952 Dominus
1666 1896 1823 1953 Jesus
1851 1894 1899 1957 Β
1926 1896 1979 1950 in
2012 1894 2231 1949 nomine
2269 1892 2365 1949 Dei
2407 1891 2661 1963 faciebat,
2700 1893 2981 1965 copiosum
3026 1893 3096 1949 de
3142 1892 3515 1949 benedictione

218 1983 319 2047 Dei
362 1984 586 2039 Verbum
608 2002 731 2041 caro
748 1988 916 2059 factus
952 1996 1048 2052 est,
1092 1997 1142 2043 et
1171 1986 1418 2043 habitavit
1457 1990 1510 2043 in
1546 1989 1693 2045 nobis
1725 1988 1751 2027 ά
1805 2008 1817 2042 :

219 2082 275 2129 et
325 2090 451 2130 vasa
502 2073 682 2130 ﬁctilia
734 2076 905 2132 nostri
965 2078 1246 2149 corporis;
1294 2078 1613 2135 voluntariae
1662 2080 1819 2135 nobis

221 2168 264 2198 "
310 2168 599 2241 pravitatis
629 2169 840 2226 lubrico
866 2170 935 2235 de
957 2172 1068 2227 suis
1089 2172 1335 2228 manibus
1375 2173 1583 2245 elapsa,
1613 2184 1670 2230 et
1697 2174 1820 2231 diu-

217 2258 398 2313 turnis
427 2260 660 2315 contrita
689 2262 945 2333 peccatis,
979 2271 1036 2318 ut
1058 2263 1112 2318 in
1135 2263 1416 2320 meliorem
1447 2282 1599 2321 usum
1630 2265 1822 2336 figulus

216 2346 342 2421 ipse
366 2360 656 2409 renovaret
681 2361 727 2423 ο,
756 2353 1008 2409 assumsit
1031 2353 1084 2408 in
1106 2355 1418 2426 semetipso,
1445 2358 1614 2429 factus
1634 2369 1685 2412 et
1704 2359 1821 2430 ipse

214 2443 285 2498 de
320 2443 490 2497 nostri
519 2445 766 2514 corporis
794 2444 923 2499 limo
954 2456 1214 2518 tamquam
1245 2447 1326 2519 (ά)
1358 2464 1469 2513 vas,
1498 2456 1559 2503 ut
1586 2449 1679 2515 ait,
1698 2467 1819 2521 per-

212 2537 386 2590 ditum
423 2532 467 2601 ί,
498 2534 551 2591 id
581 2544 693 2602 est,
724 2537 777 2590 in
803 2536 1194 2592 similitudinem
1217 2541 1393 2593 carnis
1414 2542 1637 2613 peccati,
1675 2551 1731 2594 ut
1754 2541 1819 2595 de

209 2637 429 2699 peccato
470 2629 745 2683 damnaret
783 2640 1050 2701 percalum
1093 2639 1139 2684 8.
1170 2628 1237 2685 Et
1278 2631 1401 2687 ideo
1430 2632 1563 2687 dicit
1609 2649 1621 2684 :
1661 2631 1819 2686 Moab

210 2719 324 2773 olla
344 2720 453 2790 spei
475 2735 604 2775 mea:
623 2717 672 2785 ιι,
698 2719 824 2791 quia
842 2736 951 2777 non
974 2720 1151 2777 solum
1165 2734 1231 2775 ex
1246 2718 1405 2786 Juda,
1421 2721 1518 2777 sed
1549 2737 1615 2777 ex
1637 2721 1819 2789 Moab,

209 2811 323 2867 hoc
346 2820 452 2880 est,
484 2828 596 2879 non
622 2812 796 2868 solum
824 2812 894 2868 de
932 2821 1260 2877 sanctorum,
1285 2812 1379 2867 sed
1409 2813 1573 2866 etiam
1600 2813 1667 2869 de
1696 2828 1823 2883 pec-

206 2912 468 2958 calorum
498 2902 710 2971 origine
739 2916 935 2972 corpus
964 2903 1217 2958 assumsit
1244 2920 1256 2954 :
1288 2902 1380 2973 qui
1407 2901 1631 2958 decocta
1668 2903 1822 2972 quasi

205 3009 317 3062 per
354 2991 517 3053 ollam
567 2991 747 3045 carnis
783 3000 982 3046 nostra:
1031 2991 1319 3060 cruditate,
1364 2992 1718 3048 sanctiﬁcavit
1764 2995 1820 3048 in

205 3095 484 3140 aeternum
515 3084 673 3151 nobis
702 3083 880 3141 cibum
908 3100 1127 3147 carnem
1157 3101 1329 3140 suam.
1359 3083 1497 3141 Caro
1521 3087 1655 3149 enim
1683 3087 1817 3157 ejus,

204 3186 267 3239 ut
297 3177 422 3248 ipse
454 3175 550 3241 ait,
582 3176 852 3230 ueracibus
887 3176 955 3251 (ε)
984 3176 1100 3230 vita:
1120 3185 1197 3229 est
1232 3176 1270 3230 ί.
1302 3175 1423 3248 Ipsa
1455 3185 1539 3232 est
1567 3186 1622 3231 et
1658 3178 1815 3257 123

1927 1985 2053 2042 fecit
2087 2004 2099 2039 :
2132 1994 2190 2040 ut
2218 1984 2419 2055 aliquid
2466 1986 2631 2041 etiam
2681 1984 2750 2041 de
2784 1984 2931 2041 beati
2967 1982 3097 2040 Elim
3124 1984 3314 2057 hydria
3364 1983 3514 2039 nobis

1926 2075 2100 2144 daret,
2128 2090 2231 2146 qua
2259 2075 2521 2147 propheta
2549 2075 2787 2133 caelestis
2808 2075 2871 2131 in
2897 2076 3066 2130 verbo
3088 2088 3246 2132 sacro
3275 2074 3342 2129 ad
3370 2071 3513 2129 suill-

1924 2166 2179 2223 cientiam
2208 2165 2608 2223 indellcientem
2639 2166 2843 2237 repleta
2868 2207 2883 2233 ,
2922 2166 3268 2224 benedictum
3298 2182 3421 2223 cmn
3450 2165 3523 2247 iis

1928 2259 2016 2314 liis
2054 2258 2295 2329 Sarepta:
2325 2259 2538 2315 viduam
2580 2274 2679 2330 per
2720 2259 2938 2315 triennii
2969 2258 3165 2316 famem
3199 2261 3353 2331 pavit
3379 2272 3428 2315 ις.
3458 2259 3516 2317 In

1923 2366 2028 2422 qua
2055 2351 2213 2406 vidua
2237 2350 2349 2421 jam
2391 2359 2504 2406 tum
2532 2365 2631 2423 per
2657 2351 2978 2423 prophetam
3004 2350 3251 2408 Christus
3268 2394 3282 2419 ,
3322 2361 3379 2408 nt
3405 2353 3516 2423 opi-

1924 2460 2042 2513 nor,
2075 2442 2369 2501 Ecclesiam
2409 2459 2562 2500 suam
2605 2460 2715 2499 non
2746 2444 3032 2513 frumenti,
3060 2444 3158 2501 sed
3196 2444 3347 2501 verbi
3379 2458 3516 2515 pane

1921 2538 2204 2608 pascebat;
2232 2537 2299 2592 de
2319 2551 2424 2608 qua
2448 2536 2578 2591 dicit
2610 2554 2623 2588 :
2654 2534 2886 2589 Viduam
2904 2535 3018 2605 ejus
3042 2536 3343 2591 benedicens
3365 2536 3515 2589 bene-

1924 2626 2096 2679 dicam
2121 2636 2141 2663 τ
2159 2608 2343 2699 {illam
2373 2626 2580 2682 scilicet
2600 2624 2815 2679 viduam
2863 2638 3027 2693 quam
3056 2625 3345 2696 Apostolus
3364 2633 3389 2661 ⁶
3421 2625 3517 2694 ait,

1924 2724 2140 2771 mortuo
2173 2716 2305 2782 viro,
2348 2716 2546 2784 quibus
2574 2715 2721 2771 volet
2771 2714 2972 2787 nuptiis
3018 2715 3242 2771 liberam
3280 2720 3340 2785 ις
3390 2718 3517 2787 quia

1922 2807 2203 2862 desinente
2226 2806 2363 2877 lege,
2409 2807 2496 2862 cui
2522 2807 2570 2839 ¹⁹
2610 2806 2732 2862 linis
2757 2814 2842 2862 est
2879 2805 3148 2874 Christus,
3182 2807 3259 2880 (g)
3290 2822 3319 2863 a
3343 2812 3515 2879 gratia

1923 2898 1992 2951 ad
2040 2897 2343 2954 libertatem
2385 2898 2671 2953 transitum
2722 2897 2927 2954 faciens
2974 2884 3255 2968 Ecclesia,
3295 2897 3515 2957 Christo

1923 2991 2075 3063 quasi
2104 2991 2262 3047 vidua
2292 2991 2427 3060 legis
2464 2991 2723 3069 innupsit.
2770 2988 2940 3062 Hujus
2980 3005 3125 3047 nunc
3163 2991 3306 3047 vasis
3333 2992 3512 3048 etcum

1916 3093 2105 3154 gratiae
2131 3092 2186 3139 et
2215 3084 2605 3149 benedictionis
2628 3082 2797 3139 farina
2824 3099 2933 3141 non
2964 3082 3162 3141 defecit
3189 3085 3244 3141 in
3272 3087 3513 3143 omnium

1918 3174 2049 3231 foris
2078 3176 2319 3246 gentium
2358 3175 2503 3239 fame
2531 3184 2580 3240 υ,
2614 3190 2844 3248 quarum
2874 3177 3127 3245 miseram
3170 3193 3200 3234 a
3239 3179 3362 3235 cibo
3389 3181 3512 3236 vitm

207 3270 305 3325 illa
335 3267 635 3326 secundum
661 3266 951 3323 Jeremiam
987 3270 1001 3318 i
1043 3268 1149 3323 olla
1176 3284 1334 3325 urens
1361 3278 1602 3341 peccata,
1628 3279 1684 3325 et
1722 3271 1815 3327 illo
1839 3274 1888 3338 c
1928 3267 2085 3351 124
2111 3276 2165 3324 et
2187 3268 2289 3325 iidc
2312 3265 2594 3333 Trinitatis
2622 3267 2856 3325 inediam
2885 3282 3124 3340 congrue
3153 3272 3511 3343 prmllguravit

208 3362 342 3431 igne
368 3376 715 3428 consumens,
744 3360 812 3416 de
840 3375 949 3435 quo
974 3361 1053 3417 ait
1092 3379 1104 3415 :
1151 3360 1335 3432 Ignem
1377 3363 1488 3417 veni
1517 3364 1720 3417 mittere
1758 3365 1812 3419 in

212 3466 413 3508 terram
444 3451 468 3489 δι
498 3469 512 3519 ;
540 3467 700 3525 quem
726 3461 782 3507 et
806 3452 861 3506 in
892 3451 1047 3513 nobis
1087 3462 1335 3531 optemus
1364 3453 1607 3525 accendi,
1654 3463 1712 3510 ut
1757 3455 1813 3511 in

210 3545 323 3599 olla
363 3542 629 3599 Dominici
673 3544 936 3625 corporis,
976 3542 1029 3597 id
1070 3552 1153 3598 est
1196 3542 1458 3612 Ecclesia,
1504 3559 1814 3615 concoqua-

212 3652 338 3691 mur
368 3655 380 3689 :
410 3634 750 3707 pernstisque
770 3635 914 3697 vitiis
933 3635 1196 3703 deiiecati,
1220 3635 1519 3693 eﬂiciamnr
1543 3647 1813 3721 argentum

213 3731 337 3801 igne
364 3728 740 3792 examinatum,
781 3727 1056 3798 probatum
1093 3738 1275 3796 teme,
1315 3738 1591 3803 purgatum
1625 3732 1695 3805 (f)
1726 3748 1810 3787 se-

215 3819 398 3889 ptapio
430 3817 486 3887 1;
515 3825 571 3873 ut
591 3818 703 3897 jam
745 3834 850 3873 non
879 3818 1083 3883 urenda
1113 3829 1405 3891 sarmenta,
1436 3819 1531 3889 sed
1561 3822 1809 3893 palmites

217 3908 477 3965 fructuosi
502 3909 554 3964 in
579 3907 770 3965 eodem
808 3907 1038 3971 Domino
1067 3908 1129 3977 ’⁸,
1156 3909 1211 3964 id
1236 3919 1341 3979 est,
1374 3926 1505 3967 vera
1536 3912 1643 3967 vite
1687 3927 1806 3967 ma-

218 4015 464 4071 neamus,
490 3999 687 4081 ﬁatque
710 3999 863 4056 nobis
886 3999 1029 4054 idem
1056 3999 1317 4057 Dominus
1339 4002 1403 4057 ad
1429 4018 1611 4057 escam
1636 4002 1809 4059 dulcis

218 4090 310 4147 ille
333 4090 522 4147 botrus
551 4100 598 4157 η,
629 4090 721 4165 qui
750 4090 980 4149 nobisin
1010 4091 1185 4145 crucis
1209 4098 1368 4147 vecte
1395 4107 1706 4162 suspensus,
1739 4093 1808 4148 de

216 4190 359 4237 terra
400 4181 836 4254 repromissionis
858 4188 914 4235 et
940 4179 1174 4236 fructum
1217 4181 1470 4248 ostendit,
1513 4190 1569 4237 et
1593 4190 1808 4252 gustum

217 4272 382 4341 dedit,
429 4279 487 4333 ut
517 4288 624 4331 non
670 4271 781 4343 jam
826 4279 1098 4333 sectemur
1122 4270 1248 4326 vilia
1285 4273 1427 4328 ruris
1466 4271 1657 4328 inculti
1697 4286 1814 4342 gra-

218 4364 359 4419 mina
391 4363 457 4429 ’°,
491 4363 631 4419 inter
660 4365 701 4395 ¹⁷
725 4378 845 4435 quae
864 4363 1029 4418 etiam
1057 4360 1344 4435 pestiferos
1369 4364 1708 4429 viticuiarum
1720 4364 1813 4419 sil-

1918 3360 2006 3415 illa
2036 3360 2309 3435 quondam
2357 3361 2575 3416 triennii
2607 3360 2794 3418 fames.
2840 3363 2968 3433 Sed,
3002 3374 3059 3423 ut
3082 3378 3250 3445 super
3276 3364 3380 3423 hoc
3426 3366 3511 3420 in-

1917 3454 2163 3515 stitutum
2184 3453 2521 3523 concludam,
2542 3454 2613 3509 ita
2642 3455 2853 3511 Domini
2868 3458 3102 3531 gratiam
3133 3457 3302 3519 farina
3326 3468 3510 3519 nostra

1917 3544 1970 3601 iu
2018 3546 2196 3602 fratris
2226 3545 2455 3603 Victoris
2485 3563 2648 3602 manu
2675 3548 2862 3614 sensit,
2909 3556 2968 3603 ut
2994 3563 3113 3619 qua:
3134 3548 3223 3603 vix
3256 3558 3382 3606 ante
3429 3548 3508 3627 (Ii)

1917 3636 2217 3694 suiliciebat
2241 3637 2489 3713 panibus,
2509 3654 2650 3694 nunc
2679 3638 2915 3696 abundet
2942 3649 2996 3695 et
3022 3641 3282 3721 pultibus,
3314 3640 3510 3699 frater-

1918 3730 2250 3801 nitatemque
2278 3729 2601 3787 monacham
2631 3724 2673 3762 "
2694 3732 2986 3807 vespertini
3014 3743 3137 3811 post
3175 3733 3379 3819 jejunia
3402 3732 3509 3797 cibi

1918 3822 2150 3888 avidam,
2180 3821 2383 3894 duplici
2408 3822 2738 3892 ministerio,
2772 3832 2863 3885 aut
2894 3826 2955 3898 (ἱ)
2990 3825 3326 3895 fermentatis
3356 3830 3507 3886 orbi-

1915 3914 2036 3979 hus,
2064 3921 2156 3969 aut
2177 3913 2356 3970 soluto
2386 3912 2527 3971 farre
2546 3915 2611 3989 (j)
2642 3916 2930 3973 distendat.

1986 4002 2040 4059 9.
2082 4004 2281 4059 Verum
2323 4004 2465 4061 idem
2509 4005 2695 4061 Victor
2721 4023 2875 4063 meus
2915 4010 3166 4077 quamvis
3196 4009 3511 4069 fortioribus

1915 4095 2052 4151 cibis
2091 4095 2347 4149 inducere
2375 4097 2712 4152 stomachum
2741 4106 2985 4155 nostrum
3033 4098 3293 4166 studeret,
3330 4110 3509 4156 tamen

1910 4186 1985 4260 (It)
2016 4195 2070 4240 ct
2095 4187 2199 4241 hoc
2228 4186 2523 4245 inlirmitati
2546 4195 2741 4242 nostra:
2766 4188 2931 4243 frater
2951 4189 3287 4255 necessarius
3315 4192 3360 4223 ”
3385 4207 3510 4247 cum

1911 4277 2143 4343 sulehat,
2180 4275 2327 4346 quod
2365 4275 2698 4333 defectiones
2727 4276 2850 4334 ﬁdei
2881 4289 3079 4336 nostrae
3122 4280 3176 4336 in
3209 4279 3314 4338 illis
3339 4281 3507 4363 pulti-

1913 4369 2012 4425 bus
2044 4370 2105 4441 (ι)
2152 4369 2501 4427 absumendis
2540 4369 2872 4443 adimplebat
2905 4390 2916 4425 :
2950 4381 3007 4429 et
3036 4388 3202 4449 opera
3247 4390 3506 4441 manuum

220 4453 473 4509 testrium
501 4470 746 4511 racemos
773 4470 999 4525 carpere
1048 4456 1431 4525 periclitemur.
1465 4457 1620 4526 Quod
1659 4465 1807 4516 certe
1837 4452 1891 4525 ι)
1916 4476 2135 4517 suarum
2162 4460 2575 4523 consummabat
2605 4477 2712 4517 uno
2740 4478 2839 4537 pro
2889 4464 3043 4523 nobis
3078 4463 3327 4547 adiutore
3352 4467 3509 4524 istius

303 4617 336 4689 ξ
364 4606 563 4673 Ezech.
595 4624 665 4689 η)
706 4606 769 4689 9.“
821 4605 862 4689 ’ξ
899 4605 968 4689 I_V
996 4609 1127 4679 Reg.
1161 4625 1257 4689 IY‘,‘
1271 4609 1377 4689 41..
1431 4622 1461 4689 f
1489 4611 1632 4689 ibid.
1658 4654 1676 4683 ,
1709 4612 1815 4689 40.“

1941 4613 2131 4689 Johan.
2156 4617 2335 4689 ),_H.
2415 4628 2439 4657 ο
2477 4618 2588 4676 Jer.
2632 4638 2796 4689 xvm,
2828 4624 2878 4680 6.
2964 4625 2983 4663 ι
3024 4625 3166 4682 Psal.
3211 4645 3355 4689 xu.
3399 4631 3467 4687 15

221 4688 268 4767 «ε
296 4663 467 4767 “imi
487 4668 597 4767 at
753 4675 790 4767 ὲ
820 4663 1381 4767 νεξιμηιςιὶεζὼιηί
1423 4663 1630 4767 {agni
1658 4663 1815 4767 ’νίςξι

1920 4663 2177 4767 τιξὶξῖἽ
2200 4663 2335 4767 ’δένζ
2350 4705 2413 4767 3,
2447 4663 2588 4767 ᾆξ’
2610 4663 2664 4730 ι’
2677 4663 2950 4767 ﬂigi",
2994 4663 3181 4753 4'97"}
3211 4663 3368 4763 ἳεέπῖ,
3401 4663 3487 4761 ἱῖῖ

236 4746 793 4837 ἵςξξοέιθιιξῐεὲ
849 4746 1361 4837 lium-3%,”-
1437 4746 1895 4837 °!;°e-!t':}1‘-,
1948 4746 2563 4837 ’κοπιρηνιιέειὲιέᾱ
2640 4746 3089 4837 «insidia;
3122 4746 3482 4835 me'iaBiI

232 4835 408 4883 ⁰¹¹¹¹ν
446 4816 530 4871 ’δ’
602 4824 628 4855 ³
664 4815 817 4875 ⁸9⁸³·
849 4834 939 4885 νκι
966 4817 1023 4872 δέ
1103 4819 1166 4873 ’ί
1194 4820 1320 4887 Cor.
1350 4837 1444 4891 ut,
1474 4822 1562 4879 59.
1638 4831 1666 4862 υ
1692 4815 1756 4879 Ill
1789 4824 1919 4899 RBE.
1953 4843 2061 4882 xvu
2125 4815 2228 4883 κζ’
2263 4815 2274 4829 ’
2481 4815 2494 4822 ’
2800 4815 2928 4835 TT
2963 4815 3089 4837 ””’⁷
3129 4815 3165 4835 ’τ

303 4999 379 5069 (a)
409 4996 503 5079 Sic
526 5010 652 5051 mss.
677 4994 821 5063 Belg.
845 5002 901 5048 et
921 4993 1074 5048 Vien.
1098 4994 1258 5051 Forte
1285 4995 1566 5078 legendum
1595 5016 1803 5071 grumu-

235 5070 354 5122 ium.
389 5065 527 5121 Vide
554 5073 665 5133 not.
697 5063 782 5118 74.
814 5062 908 5119 Ms.
959 5062 1113 5133 Reg.,
1155 5067 1422 5133 crudum.
1470 5066 1568 5133 Ed.
1608 5069 1799 5133 Βοῦν..

234 5113 525 5201 usus;
543 5113 726 5193 sane
742 5113 1801 5204 ”ξή⁷’ἱιῐὲι;ᾆζζ”εὶὶιιὶἐῆι⁷ἦὶῗῦἱ’εἴῐιὲωἷῖιῖὐὲῖ

304 5207 376 5278 (b)
406 5205 650 5278 namss.
673 5198 884 5278 codices
913 5198 1044 5278 Reg,
1082 5198 1328 5278 etyien.’
1353 5216 1407 5261 et
1435 5209 1558 5278 editi
1590 5198 1805 5271 Badfct

237 5271 420 5349 sum.
474 5274 544 5329 At
588 5274 674 5329 ed.
721 5271 870 5349 (irin.
918 5273 1280 5349 et_Sacchin..
1328 5293 1438 5330 sua.
1490 5277 1802 5349 Rosveydus

234 5346 614 5407 emendaverat
639 5345 775 5397 uasis
796 5357 865 5396 ex
890 5343 1215 5410 eorijectura.

305 5418 375 5487 (ε)
404 5415 496 5471 Sic
670 5411 865 5487 Regius
893 5410 1103 5487 ει.ῷὶιὶ
1144 5414 1361 5487 codices
1396 5424 1647 5485 quatuor.
1681 5417 1808 5475 les.

237 5480 495 5558 Vatic.‘et
522 5483 675 5558 Vien.
697 5480 921 5558 et‘edit._
937 5480 1201 5558 Sebot._et
1221 5484 1397 5551 Latin,
1415 5480 1696 5558 ’futttantia.

304 5553 799 5681 Winter-ictus
824 5551 993 5634 sodes
1021 5546 1327 5637 νριίιξθηυεε
1353 5546 1726 5636 vei-mm.
1752 5559 1810 5615 εκ

452 5626 641 5681 dm.
669 5637 789 5681 Sine
819 5623 1279 5681 Interteettombus
1312 5626 1433 5681 Illis.
1462 5643 1598 5681 uuas
1628 5636 1804 5681 tamen

819 5620 1279 5702 interiectionibus
1312 5626 1433 5702 illis,
1456 5620 1598 5696 'quas
1628 5620 1804 5689 tamen

239 5712 341 5753 non
362 5697 480 5752 sine
507 5701 787 5755 venustate
811 5691 977 5751 ceteri
1005 5691 1218 5748 codices
1238 5694 1456 5753 habent.

328 5768 376 5829 e)
408 5765 483 5819 ita
512 5773 612 5832 qs.
646 5761 800 5818 Vien.
822 5776 943 5817 cum
962 5760 1092 5815 edit.
1120 5760 1268 5817 Grin.
1292 5779 1460 5831 eaque
1487 5766 1646 5822 lectio
1672 5784 1801 5827 eon-

1912 5001 2168 5068 ilrmatur,
2201 5020 2253 5057 n.
2283 5003 2337 5070 8,
2362 5005 2447 5061 ubi
2477 5023 2510 5060 α
2536 5008 2669 5076 cibo,
2699 5012 2801 5064 vita
2826 5021 2919 5067 est.

1983 5071 2051 5101 In
2076 5071 2156 5101 In.
2204 5072 2454 5101 think...“
2486 5077 2535 5101 ε..
2562 5080 2703 5101 ᾼ-ε-ι
2758 5080 2827 5101 ΔΛ
2871 5098 2890 5101 -
2910 5082 2932 5101 j
2962 5083 3067 5101 an
3110 5086 3124 5101 ι
3150 5088 3165 5101 ι

2007 5072 2051 5142 f)
2076 5071 2158 5131 ita
2201 5072 2457 5155 Paulinus
2482 5077 2537 5135 in
2562 5071 2724 5147 epist.
2756 5080 2829 5139 αθ
2866 5082 2935 5143 ad
2962 5083 3312 5156 Delphinum.
3344 5107 3397 5153 It.
3425 5095 3479 5149 θ.

2004 5141 2057 5278 (ιζ
2090 5141 2184 5196 Ms.
2216 5143 2389 5226 vtem,
2416 5147 2485 5199 ad
2505 5148 2693 5229 .gratia:
2720 5150 3022 5211 libertatm.

2005 5211 2036 5262 h
2090 5210 2183 5267 Ms.
2220 5213 2369 5273 Vien.
2396 5216 2541 5275 addit
2565 5221 2761 5278 paucis.

1981 5210 2057 5293 (ξι)
2090 5210 2183 5267 Ms.
2220 5213 2369 5273 Vien.
2396 5210 2541 5275 addit
2565 5221 2761 5288 paucis.

1981 5282 2590 5380 $12.99.
2613 5290 2949 5380 fasciae":
2970 5304 3138 5380 ne;
3177 5298 3477 5380 ιεεκηςιιθςιτι

1910 5354 2415 5423 frumentationibus,
2444 5358 2567 5427 quia
2612 5359 2746 5416 iti'ra
2775 5354 3056 5423 subditi“
3090 5354 3483 5427 Fru’uientulia;

1916 5439 2031 5506 seru
2057 5424 2365 5506 niihinmisit.
2399 5425 2465 5506 βε
2489 5429 2923 5506 videtur_(it_tquit
2945 5432 3355 5506 Sacchinusisic
3382 5452 3480 5506 ap-

1914 5493 2285 5567 pellass_ei_lla§
2326 5497 2498 5567 pultes
2536 5515 2603 5554 ex
2643 5493 2903 5556 mixtione
2933 5493 3216 5567 multarum

1983 5563 2051 5637 (1').
2082 5562 2399 5637 βρόχων.
2420 5567 2572 5627 Grin.
2601 5577 2660 5625 et
2684 5570 2900 5637 Schem,
2924 5562 3239 5634 detestati.

1982 5632 2058 5702 (It)
2078 5632 2186 5703 iis.
2217 5632 2391 5703 Vien.,
2420 5647 2470 5693 et
2498 5639 2551 5693 iu
2574 5640 2687 5697 hoc.

3248 5503 3478 5575 unus».

2002 5704 2043 5777 ι)
2074 5702 2149 5761 Ita
2176 5720 2277 5777 tus.
2312 5706 2462 5765 Vien.
2491 5717 2545 5765 et
2579 5709 2744 5767 editio
2768 5707 2957 5767 Schot.
2983 5711 3109 5773 Alii.
3133 5717 3473 5777 assumtum.

1909 5771 2040 5835 Vide
2063 5780 2176 5835 not.
2212 5773 2279 5828 16
