4078 6352
1954 243 2047 255 ικι-σ-

608 369 714 426 265
1723 369 1779 426 S.
1819 367 2092 428 PAULINI
2129 367 2378 428 NOLANI
2413 365 2723 428 EPISCOPI
3775 369 3887 433 264

607 482 814 551 ferculi,
841 497 1001 555 quem
1028 497 1097 540 ex
1122 472 1408 538 rusticanis
1442 486 1721 549 receptum
1765 479 1915 536 domi
1945 481 2180 536 renutri-
2207 488 2261 547 Α
2284 481 2474 538 fraude
2493 480 2736 551 deceptis
2763 481 2978 551 generis
3005 481 3225 540 humani
3252 489 3414 555 caput
3439 482 3604 551 rasit,
3636 483 3694 539 in
3719 492 3886 556 caput

609 592 746 645 mus,
775 585 935 633 aetate
961 574 1200 646 corporis
1225 587 1440 638 senem,
1488 572 1685 627 mentis
1717 571 1972 627 infantem
2006 589 2020 626 :
2052 572 2178 640 quia

607 671 716 742 iam
736 675 1011 726 senectute
1036 664 1289 722 deﬁciens
1317 670 1540 721 renatus
1565 671 1648 719 est
1666 663 1871 733 gratim,
1913 671 1973 718 et
2000 661 2056 716 in
2084 676 2183 716 no-

606 763 825 818 vitatem
845 761 965 816 vitae
983 758 1051 815 de
1067 765 1333 815 vetustate
1351 756 1529 813 carnis
1549 754 1802 812 ellloruit.
1843 754 1978 810 Eum
1999 753 2182 810 fratris

605 852 834 908 Victoris
872 851 1125 922 coquina,
1155 857 1213 904 et
1241 855 1458 905 assueto
1483 848 1563 917 (a)
1599 846 1744 912 cibo,
1785 857 1847 901 ut
1873 861 1942 902 ex
1971 844 2184 902 rusticis

601 944 893 1008 hominem,
914 950 970 999 et
993 950 1140 1012 apto,
1172 948 1232 997 ut
1255 939 1568 997 edentulum
1589 939 1869 1008 saginavit.
1903 937 2012 994 Iste
2043 955 2180 1009 pau-

599 1053 690 1106 per
717 1035 978 1104 clamavit,
1008 1042 1057 1089 et
1085 1033 1338 1088 Dominus
1363 1031 1622 1087 exaudivit
1648 1047 1782 1085 eum.
1827 1029 2038 1100 Eripuit
2065 1046 2180 1085 eum

598 1126 662 1182 de
691 1125 912 1181 tenebris
941 1134 992 1180 et
1019 1123 1202 1179 umbra
1231 1125 1410 1178 mortis
1435 1131 1491 1188 ις
1524 1129 1580 1177 et
1605 1136 1747 1177 nunc
1775 1135 2024 1192 aspersus
2057 1121 2182 1192 bys-

597 1235 734 1290 sopo
761 1227 820 1275 et
847 1218 1186 1284 emundatus,
1217 1217 1270 1272 in
1297 1230 1432 1272 voce
1464 1215 1846 1270 exsultationis
1873 1221 1930 1269 et
1969 1213 2182 1270 confes-

598 1310 765 1367 sionis
791 1310 1057 1380 epulatur,
1087 1317 1142 1363 et
1167 1308 1364 1364 clamat
1388 1324 1400 1359 :
1434 1305 1624 1360 Erravi
1642 1307 1774 1360 sicut
1801 1307 1910 1361 ovis
1939 1321 2056 1377 qua:
2091 1322 2182 1376 pe-

600 1402 760 1455 rierat
806 1417 825 1455 .°
874 1398 1182 1454 Benedicam
1218 1397 1499 1453 Dominum
1537 1398 1592 1451 in
1621 1397 1762 1450 omni
1791 1403 2016 1467 tempore
2039 1438 2056 1464 ,
2094 1397 2183 1468 qui

598 1491 726 1546 milii
747 1489 921 1545 tribuit
947 1489 1280 1556 intellectum,
1322 1499 1372 1544 et
1392 1489 1579 1558 eripuit
1605 1503 1688 1542 me
1723 1486 1786 1542 de
1818 1487 1924 1542 luto
1946 1489 2108 1558 facis,
2133 1497 2182 1541 et

596 1582 807 1638 immisit
850 1585 905 1638 in
933 1599 990 1639 os
1016 1599 1184 1638 meum
1212 1583 1469 1636 canticum
1509 1597 1711 1636 novum.
1743 1580 1818 1650 (b)
1847 1579 2036 1635 Iunior
2083 1581 2180 1652 fui,

595 1685 647 1731 et
691 1677 836 1731 anui
883 1692 902 1731 :
949 1676 1046 1732 sed
1091 1691 1202 1731 non
1228 1675 1524 1747 defecerunt
1551 1675 1606 1729 in
1635 1676 1864 1730 vanitate
1907 1675 2016 1728 dies
2055 1675 2177 1728 mei.

599 1766 735 1832 Quia
761 1767 882 1838 fecit
903 1767 1030 1820 mihi
1065 1782 1275 1838 magna,
1317 1767 1404 1837 qui
1435 1773 1616 1834 potens
1645 1773 1741 1819 est.
1776 1763 2022 1819 Torrente
2045 1765 2181 1818 volu-

597 1857 754 1926 ptatis
782 1873 890 1912 sua:
917 1858 1111 1928 potavit
1139 1875 1238 1925 me,
1259 1865 1309 1912 et
1335 1857 1567 1924 refloruit
1593 1873 1716 1910 caro
1746 1871 1880 1910 mea.
1916 1853 2178 1910 Frumen-
2209 1875 2254 1937 Β

599 1949 845 2004 tationem
868 1948 965 2020 (V.
990 1957 1108 2005 not.
1141 1950 1227 2020 76)
1249 1950 1377 2004 mihi
1399 1950 1538 2003 misit
1565 1951 1621 2002 in
1643 1947 1986 2013 abundantia,
2017 1957 2067 2003 et
2085 1965 2176 2003 sa-

598 2040 789 2095 turavit
809 2041 1040 2096 animam
1078 2041 1287 2094 inanem
1329 2046 1384 2094 et
1412 2053 1556 2094 nunc
1582 2047 1815 2095 senectus
1854 2055 1967 2094 mea
2005 2041 2060 2093 in
2087 2039 2181 2092 mi-

600 2129 888 2185 sericordia
919 2129 995 2202 (c)
1031 2131 1229 2202 pingui,
1258 2129 1433 2185 donec
1469 2131 1524 2184 in
1543 2145 1670 2200 pace
1709 2127 1965 2184 dormiam
2003 2138 2053 2183 et
2095 2145 2178 2183 re-

596 2223 853 2293 quiescam
876 2221 953 2292 (d)
979 2220 1036 2275 in
1058 2221 1431 2292 longitudinem
1450 2220 1650 2274 dierum
1669 2218 1718 2273 ι’.

667 2312 756 2368 10.
795 2312 967 2368 Venio
989 2327 1133 2369 nunc
1151 2311 1198 2344 ’³
1228 2311 1298 2367 ad
1326 2310 1584 2380 majorem
1619 2310 1798 2366 fratris
1825 2325 1951 2380 erga
1989 2326 2077 2367 me
2099 2311 2178 2366 vi-

595 2403 763 2460 ctoris
791 2416 1034 2472 operam,
1061 2417 1170 2473 qua
1198 2416 1284 2458 me
1311 2401 1422 2456 suis
1458 2399 1706 2456 manibus
1732 2399 1958 2456 tondere
1995 2400 2178 2469 digna-

595 2501 683 2549 tus
709 2499 829 2549 est:
861 2492 1007 2564 quod
1045 2493 1218 2563 ipsum
1257 2499 1438 2548 tamen
1474 2490 1794 2547 beneﬁcium
1841 2491 1937 2547 tibi
1981 2490 2178 2548 debere

594 2598 684 2640 me
703 2583 894 2650 voluit,
922 2583 1179 2639 mandato
1205 2591 1299 2639 tuo
1338 2583 1521 2640 dicens
1562 2598 1622 2638 se
1650 2583 1782 2639 mihi
1821 2591 1995 2640 artem
2023 2599 2176 2640 suam

590 2672 840 2746 prodere.
870 2671 1162 2745 Propterea
1187 2673 1366 2744 rogavi
1389 2688 1509 2744 eum
1541 2682 1600 2729 ut
1623 2674 1766 2746 quod
1794 2674 1966 2746 perita
2011 2689 2178 2731 manu

590 2765 736 2834 fecit,
762 2765 816 2822 id
837 2766 1092 2838 impensis
1112 2766 1450 2823 orationibus
1469 2767 1634 2823 ambo
1655 2766 1897 2832 faciatis;
1923 2766 2177 2824 videlicet

591 2866 654 2913 ut
671 2864 894 2914 exorato
922 2857 1171 2928 precibus
1197 2857 1391 2914 vestris
1426 2857 1687 2924 Domino,
1719 2866 1931 2928 peccata
1959 2867 2172 2923 nostra,

592 2948 789 3020 quibus
835 2964 989 3017 super
1025 2949 1237 3020 capillos
1275 2950 1460 3020 capitis
1493 2959 1516 2988 ο
1553 2947 1921 3018 multiplicatis
1939 2947 2176 3002 animam

594 3039 878 3106 habemus,
907 3040 1178 3110 impexam
1204 3055 1311 3095 non
1335 3039 1405 3110 (ε)
1438 3040 1706 3094 accisione
1725 3037 1889 3094 medii
1913 3038 2177 3094 tondean-

589 3136 716 3196 tur,
763 3129 860 3186 sed
905 3130 973 3186 ad
1012 3131 1191 3186 vivum
1236 3129 1390 3201 quasi
1433 3129 1695 3185 novacula
1741 3127 1965 3184 radente
2017 3132 2174 3203 125

2290 583 2558 638 nostrum,
2590 579 2698 632 hoc
2723 583 2823 640 est,
2851 574 3009 630 fidem
3035 590 3142 646 qua
3169 577 3326 632 nobis
3344 585 3506 648 caput
3524 575 3776 632 Christus
3801 577 3882 633 ef.

2285 662 2481 729 ticitur,
2512 663 2798 731 ascendat;
2827 680 3038 737 nosque
3082 667 3256 736 gratia
3299 667 3549 737 spiritali,
3603 676 3880 739 tamquam

2283 753 2376 810 illo
2405 753 2661 812 Nazarteo
2688 755 2838 812 crine
2863 755 3116 827 dispoliet
3143 776 3156 810 :
3187 758 3280 827 qui
3307 771 3514 828 quanto
3535 760 3882 816 servantibus

2285 845 2431 903 bono
2478 853 2719 914 maneat,
2747 852 2804 902 et
2842 846 3010 902 exitio
3053 846 3375 916 decerpatur
3421 848 3675 914 incautis,
3709 848 3799 903 ille
3828 849 3882 906 in

2283 936 2532 994 Judicum
2557 938 2696 994 libro
2725 939 2794 994 ab
2818 939 3050 994 oraculis
3082 939 3157 1010 (g)
3179 951 3337 995 sacer
3363 939 3526 995 heros
3554 949 3878 1009 argumento

2284 1035 2386 1089 est,
2430 1027 2662 1086 invictus
2687 1028 2838 1083 crine
2882 1036 3115 1092 servato,
3145 1029 3390 1100 captivus
3435 1030 3514 1101 (h)
3564 1031 3802 1096 absciso,
3823 1038 3880 1087 et

2284 1118 2479 1173 iterum
2526 1118 2680 1174 fortis
2706 1125 2898 1174 renato
2934 1127 2981 1173 ι.
3019 1117 3340 1190 Utinamque
3385 1129 3497 1175 tam
3539 1121 3784 1191 prudens
3810 1121 3878 1177 ad

2283 1209 2578 1264 cavendam
2608 1209 2916 1275 mulierem,
2946 1223 3108 1278 quam
3157 1209 3311 1266 fortis
3334 1210 3402 1266 ad
3429 1212 3876 1282 strangulandum

2284 1298 2497 1355 leonem
2525 1297 2549 1336 ιι
2579 1317 2592 1351 :
2624 1299 2720 1355 sed
2743 1299 2946 1355 carnali
2966 1301 3139 1356 victus
3159 1300 3432 1367 illecebra,
3452 1303 3544 1372 qui
3565 1303 3742 1373 gratia
3766 1304 3876 1373 spi-

2283 1391 2426 1445 ritali
2473 1390 2693 1457 vicerat,
2732 1406 2855 1446 cum
2883 1391 3251 1461 praevaluisset
3277 1391 3424 1460 forti,
3456 1392 3524 1448 ab
3553 1393 3874 1450 inﬁrmitate

2283 1490 2568 1551 superatus
2605 1489 2707 1536 est.
2739 1480 2895 1548 Quod
2932 1481 3206 1552 patiantur
3234 1491 3454 1538 necesse
3473 1490 3578 1549 est,
3608 1483 3704 1554 qui
3724 1499 3872 1539 suam

2282 1573 2557 1639 feminam,
2589 1573 2643 1628 id
2671 1580 2756 1629 est
2775 1587 3016 1640 carnem,
3043 1573 3162 1628 viro
3189 1587 3307 1641 suo,
3339 1573 3446 1630 hoc
3464 1581 3550 1631 est
3574 1574 3792 1644 spiritui
3819 1574 3870 1630 in
3945 1611 3955 1630 ε

2284 1665 2379 1719 Dei
2427 1666 2574 1734 leges
2620 1680 2727 1721 non
2775 1663 3085 1735 subjugant,
3111 1673 3170 1720 et
3221 1673 3494 1735 tamquam
3547 1668 3869 1724 malesuada

2283 1757 2500 1827 eonjugi
2523 1755 2695 1812 moles
2723 1756 2904 1811 mariti
2925 1755 3213 1812 ﬂuentibus
3227 1757 3417 1813 animis
3436 1758 3864 1828 acquiescunt";

2281 1850 2574 1920 degeneres
2596 1852 2664 1906 ab
2687 1849 2780 1906 illo
2810 1849 3062 1920 Magistro
3088 1849 3310 1921 (Paulo;
3333 1851 3438 1906 vid.
3469 1866 3556 1922 ep.
3584 1850 3677 1916 ὅθ,
3710 1867 3765 1906 n.
3791 1849 3864 1920 5),

2280 1943 2372 2012 qui
2400 1957 2528 1996 mox
2556 1951 2615 1996 ut
2639 1942 2856 2010 agnovit
2877 1941 3146 1997 Christum
3164 1981 3180 2007 ,
3212 1942 3354 1998 inter
3377 1942 3493 2013 ipsa
3538 1942 3750 1998 militia:
3775 1958 3863 1998 m-

2278 2035 2536 2103 dimenta,
2565 2037 2744 2106 magni
2773 2035 3081 2092 certaminis
3107 2036 3282 2092 victor
3309 2051 3414 2091 non
3436 2037 3694 2108 acquievit
3725 2037 3864 2091 cani

2277 2138 2328 2182 et
2353 2129 2596 2200 sanguini
2628 2129 2640 2167 ί
2662 2167 2676 2182 .

2348 2219 2436 2274 12.
2469 2220 2758 2276 Videamus
2777 2221 2959 2290 itaque
2987 2219 3167 2275 omnia
3188 2219 3238 2252 "
3264 2231 3385 2289 quae
3412 2218 3646 2274 Samson
3678 2227 3861 2290 pertu-

2278 2311 2400 2366 ierit
2427 2312 2496 2367 ab
2525 2309 2686 2366 inﬁda
2707 2327 2879 2368 uxore
2899 2319 3184 2382 corruptus
3216 2310 3230 2361 i
3257 2351 3273 2377 ,
3302 2311 3429 2380 quia
3457 2309 3651 2367 eadem
3671 2325 3863 2382 pecca-

2279 2410 2427 2459 tores
2453 2403 2765 2473 spiritaliter
2791 2401 3046 2469 feremus,
3069 2417 3188 2473 qua:
3215 2402 3306 2458 ille
3339 2401 3636 2458 carnaliter
3657 2402 3728 2456 ad
3773 2416 3864 2457 no-

2279 2504 2446 2551 stram
2474 2495 2830 2552 eruditionem
2859 2509 3115 2565 expressa
3135 2493 3406 2549 sustinuit.
3436 2492 3516 2546 lta
3535 2493 3684 2548 enim
3716 2491 3864 2548 nobis

2279 2589 2480 2644 violata
2501 2587 2702 2642 Christi
2723 2587 2916 2656 gratia,
2950 2596 3009 2641 ut
3037 2585 3114 2640 illi
3142 2585 3308 2641 incisa
3333 2599 3488 2641 coma
3503 2625 3521 2652 ,
3545 2586 3724 2640 hostis
3751 2585 3865 2639 illu-

2279 2678 2398 2744 det;
2432 2677 2641 2732 auferet
2668 2677 2872 2742 oculos,
2901 2677 3081 2732 mittet
3109 2676 3164 2732 in
3191 2691 3487 2745 carcerem,
3509 2683 3569 2732 et
3594 2675 3866 2732 vertendis

2279 2769 2442 2827 molis
2465 2767 2614 2824 velut
2643 2767 2824 2825 asinos
2846 2767 3143 2840 deputabit.
3173 2765 3324 2823 Unde
3353 2781 3453 2823 nos
3481 2767 3768 2833 Dominus,
3799 2781 3863 2822 ne

2279 2862 2480 2920 collum
2527 2871 2768 2916 nostrum
2794 2876 2903 2916 non
2934 2859 3203 2915 subditum
3229 2859 3360 2931 jugo
3404 2857 3607 2916 Christi
3648 2859 3862 2930 dignum

2277 2954 2535 3011 faciamus
2562 2953 2792 3008 asinaria
2820 2951 2962 3008 mola
2990 2950 3017 2989 ιι
3035 2992 3052 3017 ,
3082 2951 3338 3007 admonet
3363 2965 3460 3022 per
3490 2949 3816 3021 prophetam
3845 2966 3859 3004 :

2280 3045 2460 3102 Nolite
2479 3047 2593 3112 ﬁeri
2608 3047 2739 3100 sicut
2759 3060 2914 3113 equus
2935 3052 2984 3096 et
3012 3045 3200 3108 mulus,
3223 3043 3402 3115 quibus
3430 3059 3533 3098 non
3563 3053 3642 3098 est
3663 3044 3862 3100 intelle-

2279 3147 2390 3192 ctus
2413 3135 2452 3191 ι.
2486 3137 2660 3192 Homo
2689 3136 2852 3200 enim,
2876 3143 2935 3190 ut
2962 3134 3089 3189 alibi
3111 3133 3238 3190 dicit
3265 3134 3405 3190 idem
3434 3134 3728 3205 propheta,
3758 3150 3858 3190 non

589 3221 951 3293 perimantur.
977 3221 1074 3279 Est
1111 3229 1292 3276 autem
1315 3220 1472 3276 nobis
1499 3219 1764 3276 novacula
1810 3233 1955 3275 nunc
1980 3220 2171 3276 saluti-
2197 3239 2245 3304 ρ
2275 3231 2578 3300 intelligens
2605 3230 2865 3285 honorem
2891 3244 3067 3292 suum,
3097 3229 3201 3283 hoc
3229 3235 3312 3282 est
3335 3234 3540 3281 natura;
3566 3241 3680 3282 sua:
3707 3227 3862 3299 126

587 3312 737 3378 ferte,
768 3327 910 3368 nunc
949 3310 1217 3384 pestifera:
1255 3310 1535 3376 sectionis.
1579 3310 1823 3367 Remedii
1867 3318 1923 3366 et
1948 3311 2164 3369 decoris

585 3403 848 3460 novacula
878 3403 1034 3459 nobis
1059 3401 1302 3458 Christus
1343 3402 1486 3458 Deus
1511 3409 1634 3471 est,
1680 3402 1770 3473 qui
1800 3417 1897 3458 cor
1919 3411 2163 3458 nostrum

583 3494 919 3552 circumcidit
943 3491 994 3562 ἀ,
1024 3493 1153 3548 vitia
1196 3493 1356 3560 radit,
1397 3492 1587 3548 animae
1615 3500 1776 3564 caput
1802 3492 1897 3563 (V.
1929 3508 2019 3566 ep.
2067 3493 2161 3564 41,

583 3603 641 3643 n.
663 3588 717 3652 5,
747 3595 803 3644 et
829 3601 995 3642 carm.
1028 3584 1120 3652 21,
1148 3601 1200 3640 v.
1234 3583 1362 3656 537)
1392 3584 1612 3655 levigat,
1643 3593 1700 3641 et
1738 3583 1932 3642 faciem
1963 3586 2163 3643 mentis

559 3686 798 3737 “accurat
829 3697 842 3733 :
874 3693 1102 3749 nosque,
1129 3686 1189 3734 ut
1216 3678 1360 3734 illam
1382 3679 1446 3733 in
1460 3679 1577 3748 lege
1600 3679 1868 3749 captivam
1893 3721 1908 3747 ,
1940 3687 2158 3751 purgat,

579 3778 638 3827 et
663 3769 855 3825 liberat
880 3767 1104 3824 horrido
1128 3768 1342 3824 misera:
1368 3768 1644 3823 servitutis
1673 3769 1868 3840 capillo
1897 3787 1911 3822 :
1943 3778 2003 3824 ut
2029 3783 2157 3827 con-

578 3861 833 3933 iungendi
861 3860 1112 3927 Domino,
1142 3859 1290 3914 velut
1318 3859 1407 3914 illa
1450 3861 1504 3916 in
1536 3858 1791 3916 Israelita:
1815 3860 1916 3916 viri
1943 3863 2161 3932 nuptias

578 3954 865 4010 transitura
895 3963 944 4019 ο,
968 3951 1282 4009 criminibus
1301 3952 1480 4008 carnis
1499 3960 1714 4019 nostrae,
1746 3952 1898 4023 quasi
1918 3953 2162 4011 barbaris

575 4043 812 4102 crinibus
838 4058 1121 4100 exuamur.
1148 4041 1353 4099 Deinde
1390 4042 1636 4099 sensibus
1663 4044 1736 4116 (ι’)
1767 4043 2066 4113 innovatis,
2095 4055 2156 4103 ut

573 4139 746 4197 comis
791 4137 1015 4194 rudibus
1067 4136 1427 4192 enitescamus
1472 4134 1514 4204 τ,
1562 4135 1838 4206 vitamque
1889 4146 2148 4206 nostram,

2271 3325 2605 3395 dignitatem,
2627 3335 2746 3390 quae
2773 3320 2968 3375 ceteris
2995 3319 3049 3374 in
3079 3327 3223 3373 terra
3251 3316 3606 3372 animantibus
3643 3317 3862 3372 ratione

2269 3417 2598 3480 dominatur,
2629 3413 2751 3468 ideo
2777 3411 3056 3466 rationalis
3085 3409 3257 3464 factus
3275 3448 3290 3474 ,
3322 3416 3382 3464 ut
3430 3417 3676 3464 antorem
3703 3423 3860 3464 suum

2271 3510 2334 3581 (i)
2365 3507 2662 3576 intelligere
2697 3511 2883 3560 nosset
2911 3511 2966 3559 et
2992 3503 3173 3558 colere
3195 3511 3234 3538 ω
3251 3542 3267 3568 ,
3298 3501 3526 3556 abutens
3552 3507 3712 3556 tanto
3741 3517 3858 3556 mu-

2269 3618 2402 3660 nere
2429 3600 2701 3658 Creatoris
2728 3599 2797 3654 ad
2825 3597 3096 3653 licentiam
3123 3597 3324 3652 erroris
3377 3595 3476 3662 sui,
3513 3602 3858 3666 comparatur

2270 3693 2550 3767 iumentis,
2571 3700 2628 3748 et
2654 3690 2843 3748 similis
2861 3687 3111 3744 elﬁcitur.
3142 3685 3298 3754 Quod
3326 3687 3380 3744 in
3407 3699 3534 3755 rege
3559 3685 3857 3758 Babylonio

2273 3786 2518 3842 videmus
2540 3792 2567 3821 ιι
2597 3782 2876 3839 evidenter
2903 3779 3198 3850 impletum,
3230 3779 3321 3849 qui
3344 3777 3657 3834 stoliditatis
3687 3777 3855 3850 impia:

2265 3884 2322 3932 et
2346 3873 2592 3930 vecordis
2611 3871 2875 3942 superbiae
2899 3884 3115 3942 pinnam
3137 3869 3186 3902 "
3200 3883 3360 3926 sensu
3379 3867 3618 3924 hominis
3640 3876 3855 3936 exutus,

2265 3966 2322 4022 in
2347 3964 2586 4020 belluino
2635 3964 2750 4018 haec
2803 3961 2969 4018 corde
2997 3960 3268 4018 sustinuit.
3318 3958 3533 4014 Etenim
3586 3959 3757 4014 homo
3803 3959 3851 4014 in

2264 4070 2452 4115 errore
2479 4054 2709 4128 positus,
2738 4059 2793 4110 et
2821 4068 2852 4107 a
2889 4052 3098 4123 iustitia
3125 4051 3386 4122 relapsus,
3415 4049 3584 4120 iuste,
3617 4057 3679 4104 ut
3705 4048 3850 4105 Samo

2257 4166 2379 4217 son,
2399 4147 2676 4219 sapientiae
2700 4146 2904 4218 pariter
2931 4152 2988 4201 et
3012 4143 3200 4214 gratias
3225 4143 3425 4198 virtute
3451 4141 3727 4208 desertus,
3754 4153 3849 4196 αε-
3925 4185 3930 4189 ,

570 4230 726 4301 quasi
753 4229 1062 4285 Nazarazum
1091 4227 1294 4285 crimen
1333 4235 1640 4298 pascentes,
1672 4227 1785 4284 Deo
1819 4228 1872 4285 in
1903 4231 2154 4290 castitate
2257 4243 2420 4300 οίιδιε
2447 4239 2668 4312 punitur
2695 4245 2752 4293 ει
2777 4236 2922 4291 mola
2953 4244 2977 4274 ο
3010 4253 3023 4288 ε
3056 4235 3184 4304 quia
3209 4233 3400 4304 dignus
3429 4240 3513 4288 est
3551 4246 3725 4303 opere
3768 4231 3848 4300 ju.

571 4331 627 4377 et
651 4323 974 4392 parsimonia
1002 4334 1402 4378 consecremus.

632 4411 731 4492 _ll.
761 4410 1067 4468 Cavendum
1104 4427 1266 4478 vero,
1300 4429 1368 4467 ne
1422 4412 1512 4469 illa
1567 4412 1781 4467 inimica
1824 4427 1892 4468 ex
1939 4413 2154 4471 diverso

2260 4333 2541 4397 mentario,
2564 4330 2656 4402 qui
2672 4327 3025 4398 semeptisum
3045 4325 3248 4382 lumine
3274 4325 3500 4381 rationis
3551 4322 3845 4385 orbaverit,

2258 4431 2314 4478 et
2342 4422 2398 4477 in’
2419 4418 2826 4478 similitudinem
2853 4417 3157 4473 belluarum
3202 4415 3448 4486 corporis
3480 4427 3672 4470 servus
3699 4414 3840 4484 abje-

571 4504 852 4572 novacula,
896 4519 1016 4577 quae
1063 4504 1117 4561 in
1146 4505 1494 4576 protoplastis
1550 4503 1646 4576 (V.
1696 4513 1810 4560 not.
1864 4505 1954 4576 78)
1993 4505 2415 4569 noxiaDcerit.

649 4675 674 4703 ι
701 4663 846 4738 _Psal.
872 4663 1248 4738 xx;311,_7,_et
1275 4678 1379 4726 ενι,
1405 4661 1490 4738 lg.
1567 4662 1594 4700 δ
1625 4658 1768 4716 Psal.
1791 4665 1954 4738 3.,9;
1984 4664 2126 4738 Psal.

2275 4687 2366 4738 τη,
2399 4669 2526 4736 176,
2557 4677 2614 4726 et
2638 4684 2826 4731 nam,
2851 4667 2917 4735 '2;
2948 4665 3109 4738 Psal.,
3134 4683 3321 4737 χχιιι,
3344 4668 3406 4734 5;
3447 4666 3590 4723 Psal.
3623 4685 3805 4726 utva
3826 4711 3842 4738 ,

571 4736 670 4808 33;
701 4733 832 4808 Luc.
862 4751 898 4801 ι,
931 4732 1028 4799 19;
1061 4731 1203 4808 Psal.
1243 4748 1406 4808 _xssv,
1439 4733 1496 4801 9,
1520 4732 2024 4808 et_.xxvn,_7;_‘Psal.
2055 4731 2364 4808 ιιινιι,25ζ
2395 4731 2767 4797 εθοίΡεδΙιθτ.
2792 4731 2948 4808 Rom.
3029 4750 3053 4778 ο
3086 4737 3228 4808 Psal.
3254 4731 3372 4808 us,
3393 4731 3492 4793 l3.
3570 4741 3596 4775 τί
3630 4740 3751 4795 Col.
3775 4731 3842 4808 u,

570 4800 675 4879 με
733 4800 1039 4879 0_Deut.‘u,
1073 4801 1158 4879 εξ.
1212 4801 1259 4879 ’ί
1285 4801 1441 4857 Num.
1469 4800 1540 4879 vi,
1573 4800 1660 4879 _5._
1703 4801 1926 4879 eludic.
1961 4823 2047 4879 av:
2069 4848 2085 4876 ,
2117 4809 2172 4866 ιε

2280 4809 2306 4848 ιι
2327 4800 2498 4867 ludio.
2533 4827 2639 4879 xw,
2672 4808 2724 4864 6.

567 4876 593 4918 Ι·
627 4875 814 4932 Matth.
842 4891 917 4942 xx,
945 4873 1047 4938 29;
1078 4871 1267 4928 Matth.
1304 4887 1454 4942 xvut,
1482 4873 1536 4930 6.
1573 4871 1590 4911 ι
1624 4871 1765 4932 Psal.
1794 4889 1941 4942 xxxi,
1975 4877 2027 4933 9.
2070 4871 2144 4919 ἰιι
2179 4880 2320 4937 Psal.
2351 4898 2531 4947 xsvm,
2557 4871 2642 4936 15.
2719 4889 2744 4917 υ
2779 4879 2907 4934 Dan.
2940 4895 3011 4946 tv,
3042 4871 3130 4935 30.

635 5084 841 5211 (quMs.
871 5082 1018 5150 Vat.,
1043 5081 1177 5147 cibo,
1206 5088 1255 5136 et
1286 5088 1430 5152 apto,
1459 5087 1515 5134 ut
1539 5096 1605 5135 ea:
1626 5079 1832 5134 rusticis
1860 5079 2138 5150 hominem,

641 5175 670 5211 ε
736 5154 934 5211 ntulum
961 5152 1236 5211 saginavit.

565 5169 616 5216 et
641 5169 934 5224 edentulum
961 5169 1236 5224 saginavit.

657 5226 712 5293 b)
740 5226 840 5281 Ms.
869 5220 1089 5293 Rega'et
1114 5221 1243 5278 edit.
1267 5220 1459 5293 ,Grav.,
1488 5220 1754 5293 Iuvenior.

657 5227 686 5279 b
740 5226 840 5281 Ms.
869 5226 1002 5293 Reg.
1033 5229 1089 5277 et
1114 5226 1243 5278 edit.
1275 5226 1459 5287 Grav.,
1488 5226 1754 5275 Juvenior.

634 5226 712 5372 $6;
727 5297 830 5372 _Sic
851 5309 957 5372 _ms.
986 5292 1165 5372 Vien.,
1193 5292 1279 5346 cui
1313 5291 1532 5372 lectioni
1557 5289 1738 5372 favent
1765 5305 1892 5372 mss.
1925 5290 2055 5372 Reg.
2089 5297 2145 5372 et

565 5359 702 5427 Va‘tf
727 5369 807 5425 lta
849 5367 904 5422 in
943 5364 1150 5433 psalmo
1193 5376 1298 5433 xei,
1346 5359 1934 5433 ad_rquem_alluditur,
1975 5369 2060 5414 est
2084 5364 2145 5433 iv

566 5445 711 5526 ἂχὲω,
736 5444 890 5526 «iovi.
923 5430 1058 5489 Vide
1095 5439 1206 5487 not.
1239 5432 1326 5487 76.
1351 5430 1491 5486 Editi
1510 5430 1688 5496 codd.,
1717 5433 1770 5486 in
1793 5431 2146 5487 misericordia

570 5511 915 5583 pinguedinis.

663 5581 718 5650 d)
750 5580 870 5636 Mss.
897 5577 1096 5648 Regius
1122 5582 1178 5629 et
1204 5575 1348 5640 νει,
1377 5577 1430 5628 in
1461 5573 1799 5644 tongitudine.

639 5582 712 5719 ie)
732 5649 828 5703 Ms.
850 5649 1018 5719 cedes
1040 5645 1376 5719 Viennensis,
1400 5644 1707 5719 abscisione.
1729 5642 1799 5696 Bo

639 5642 712 5719 (e)
732 5649 828 5703 Ms.
850 5642 1018 5704 code}
1040 5645 1376 5708 Viennensis,
1400 5642 1707 5698 abscisione.
1729 5642 1878 5696 Bona
1916 5648 2144 5710 utraque

568 5720 750 5776 lectio.
783 5719 879 5773 Ms.
918 5718 1117 5774 codicis
1153 5715 1300 5771 Vien.
1345 5715 1505 5771 lectio
1540 5713 1760 5768 inferius
1799 5708 2146 5766 conﬁrmatur

571 5807 631 5915 n5
681 5787 777 5871 11,
827 5789 1040 5842 inrictus
1091 5785 1390 5857 (Samson)
1445 5785 1587 5840 crine
1635 5791 1864 5848 servato,
1917 5782 2146 5837 captivus

571 5878 598 5914 α
638 5875 784 5915 imo.
2094 5903 2100 5910 .

569 5875 784 5915 αοσοιεο.

2807 4809 2823 4846 ί
2853 4807 2971 4864 Gal.
3003 4825 3057 4876 ι,
3088 4807 3177 4864 16.
3254 4809 3269 4859 i
3305 4807 3476 4864 Judic.
3506 4824 3620 4876 xxv,
3652 4811 3703 4874 1,
3738 4813 3842 4874 16..

2807 4884 2907 4934 han.
2940 4895 3011 4935 tv.
3042 4878 3130 4935 30.
3208 4888 3233 4915 ο
3259 4877 3432 4935 ludic.
3453 4895 3562 4935 n1.
3592 4879 3687 4934 21.

3417 4918 3432 4933 ο
3454 4917 3562 4944 ⁸11,
3597 4917 3687 4934 -.ο

2326 5084 2397 5157 (Ῑ)
2420 5082 2518 5140 Ms.
2550 5081 2730 5147 Vien.,
2760 5079 3038 5136 renovatis.

2325 5177 2402 5248 (g)
2452 5174 2680 5231 Samson
2729 5172 2966 5238 scilicet,
3017 5170 3112 5242 qui
3164 5185 3219 5225 n.
3267 5175 3334 5226 ..υ
3377 5169 3574 5227 dicitur
3625 5172 3842 5228 bellator

2253 5263 2421 5301 δασεῖ.

2326 5339 2404 5409 (Ii)
2429 5336 2514 5409 Ita
2534 5351 2663 5409 mss.
2693 5335 2826 5409 fteg.
2855 5333 3078 5409 etVieu.
3105 5347 3229 5390 cum
3257 5331 3388 5409 edit.
3411 5331 3566 5409 Bad.,
3589 5329 3760 5409 grav.
3785 5340 3840 5386 et

2255 5399 2449 5479 Bign'.,_
2463 5406 2682 5479 absciso.
2713 5399 2804 5479 Sic
2850 5402 3428 5479 vetu_stiore_s__codices
3477 5401 3564 5479 ad.
3598 5399 3844 5479 Pruden-

2257 5470 2390 5534 tium
2419 5477 2716 5547 Peristepb.
2734 5477 2939 5547 hymno
2967 5474 3100 5547 L,‘v.
3135 5471 3485 5547 125,_hab_ent
3512 5470 3722 5547 abscisa
3742 5489 3839 5543 pa-

2256 5549 2408 5619 pilla,
2437 5556 2495 5602 ut
2515 5542 2710 5603 ibidem
2731 5542 2793 5601 in'
2812 5545 2954 5601 notis
2982 5544 3239 5602 admonet
3265 5542 3327 5598 Ν.
3353 5542 3624 5599 Heinsius.

2330 5637 2516 5710 (i)_l_t‘a_
2539 5645 2812 5710 mss._tres
2837 5651 2960 5692 cum
2987 5633 3272 5710 Sacchino.
3303 5631 3634 5710 Ms._Yatic.,
3662 5652 3840 5710 nosce-

2252 5701 2348 5833 ;etl
2378 5701 2520 5764 Editi
2540 5707 2866 5777 intelligeret,
2894 5714 3087 5772 nosset,
3112 5713 3161 5761 et
3181 5706 3385 5762 coleret.
3411 5701 3657 5783 Utraque
3679 5707 3840 5769 lectio

2289 5793 2412 5834 ona.
