4078 6352
564 372 693 457 αις-ι

1707 368 1762 423 s.
1807 352 2076 425 PAULINI
2115 369 2360 423 NOLANI
2399 369 2702 427 EPISCOPI

3737 364 3841 417 263

568 552 571 555 _
597 483 773 567 valere
803 480 974 552 potuit
994 481 1251 536 adversus
1278 486 1596 534 sententiam
1613 479 1818 545 mortis,
1842 488 1897 534 et
1925 479 2166 535 aculeum
2193 484 2374 549 A'qua
2417 482 2598 551 posuit
2625 482 2671 536 ι.
2705 481 2800 537 Hic
2829 483 2988 538 leonis
3017 485 3246 549 catulus,
3277 486 3400 554 quia
3444 484 3611 539 Filius
3651 486 3764 552 Del,
3794 500 3849 546 et

574 574 821 649 peccati,
845 582 901 627 ut
925 572 1330 642 chirographum
1353 571 1542 626 mortis
1564 571 1805 626 aboleret
1835 580 1879 634 ο,
1912 579 1966 625 et
1994 572 2166 624 humi-

595 665 751 719 liaret
771 663 1212 718 caltuuniatorem
1244 662 1268 700 δ
1295 678 1308 716 :
1340 677 1446 716 non
1474 670 1650 716 tamen
1680 662 1730 715 ei
1759 660 2038 728 majestate
2068 676 2164 714 na-

596 757 728 811 tura".
755 773 883 820 sum,
909 756 1000 809 sed
1041 755 1224 809 habitu
1267 763 1461 809 nostrae
1483 754 1864 822 congrediens;
1895 764 1950 808 et
1978 755 2168 809 nihilei

578 857 919 914 extorquens
943 844 1174 899 violento
1202 844 1501 907 dominatu,
1524 842 1615 898 sed
1628 858 1888 912 superans
1908 859 2028 897 eum
2053 844 2167 910 lege

576 937 837 1010 :jllslillie;
891 943 953 1010 ut.
978 936 1261 1006 (quoniam
1290 934 1484 989 femina
1513 935 1737 1004 decepta
1763 945 1783 971 ο
1819 973 1835 997 ,
1876 943 1931 988 ct
1958 934 2167 1002 dejecto

593 1044 686 1098 per
715 1028 968 1083 feminam
988 1028 1119 1093 viro,
1143 1041 1354 1082 omnem
1376 1027 1581 1096 prolem
1607 1027 1761 1096 primi
1791 1027 2019 1081 hominis
2042 1034 2171 1079 tam-

591 1135 750 1189 quam
779 1119 1135 1189 peccatricem
1182 1118 1386 1186 legibus
1412 1118 1622 1185 mortis,
1652 1118 1915 1172 malitiosa
1952 1118 2168 1186 quidem

594 1212 824 1266 nocendi
854 1211 1163 1281 cupiditate,
1196 1210 1292 1265 sed
1338 1219 1515 1265 tamen
1544 1219 1601 1265 ut
1624 1210 1928 1279 aequissime
1952 1211 2072 1279 jure
2102 1210 2172 1265 vi-

592 1300 779 1355 ctorize
826 1301 1128 1355 vindicabat
1170 1301 1210 1332 ⁸¹
1243 1305 1259 1369 )
1291 1301 1489 1358 tamdiu
1522 1310 1760 1370 potestas
1802 1300 1916 1369 ejus
1948 1302 2168 1366 valeret,

595 1391 769 1447 donec
799 1392 1121 1447 interﬁceret
1140 1392 1364 1461 justum,
1394 1394 1447 1448 in
1467 1410 1575 1463 quo
1605 1393 1732 1446 nihil
1752 1393 1968 1461 dignum
1998 1400 2171 1447 morte

594 1491 775 1552 posset
820 1483 1143 1538 ostendere:
1178 1500 1284 1537 non
1328 1484 1504 1539 solum
1547 1484 1669 1551 quia
1721 1484 1835 1537 sine
1866 1482 1941 1553 (a)
1975 1482 2171 1537 delicto

594 1572 800 1626 occisus
838 1580 939 1645 est,
981 1572 1074 1626 sed
1102 1573 1263 1627 etiam
1293 1572 1419 1641 quia
1463 1572 1578 1626 sine
1606 1572 1823 1625 libidine
1873 1580 2027 1625 natus
2047 1614 2061 1638 ,
2086 1572 2168 1626 cui

593 1660 968 1729 subjugaverat
995 1662 1104 1726 ille,
1136 1677 1271 1732 quos
1304 1668 1568 1730 coeperat;
1600 1670 1659 1714 ut
1696 1660 1949 1731 quidquid
1979 1661 2171 1716 exinde

594 1759 906 1805 nasceretur
935 1760 1205 1821 tamquam
1237 1767 1346 1807 sua:
1375 1752 1583 1807 arboris
1614 1753 1830 1819 fructus,
1862 1768 2024 1822 prava
2047 1753 2168 1822 qui-

2269 574 2408 629 idem
2438 575 2539 642 leo,
2563 575 2686 644 quia
2714 576 2935 645 aequalis
2962 575 3123 630 Patri.
3157 577 3333 644 Quare
3375 586 3432 631 ut
3460 577 3592 631 mihi
3619 576 3845 637 videtur.

2269 665 2393 720 huic
2421 667 2596 734 aptius
2615 668 2703 720 est
2730 666 2872 720 leoni
2902 684 2914 719 :
2947 666 3027 720 De
3052 668 3232 721 edente
3256 670 3412 722 exivit
3435 685 3573 733 esca,
3596 677 3647 721 et
3672 668 3737 720 de
3755 685 3847 738 po-

2270 765 2406 810 tente
2433 758 2581 811 dulce
2616 757 2660 809 ι.
2691 757 2735 811 Α
2762 774 2869 827 quo
2897 759 3058 824 enim,
3103 760 3202 813 nisi
3243 775 3273 813 a
3316 759 3598 815 Salvatore
3643 769 3843 820 nostro.

2269 845 2424 915 cujus
2450 861 2628 902 sermo
2662 848 2768 901 vita
2796 856 2895 911 est,
2928 855 2983 900 et
3020 847 3112 915 qui
3141 848 3277 901 banc
3308 848 3459 902 nobis
3488 862 3669 902 escam
3695 847 3846 900 simul

2270 946 2326 991 et
2369 937 2655 991 ruminavit
2682 935 2881 989 docens
2932 941 2987 989 et
3026 936 3252 1004 prontsit
3300 936 3647 1004 impertiens;
3694 943 3773 999 at,
3804 936 3845 989 si

2270 1027 2445 1097 placet
2490 1027 2665 1091 aliter,
2696 1035 2754 1082 ut
2792 1028 2859 1083 de
2886 1029 3076 1083 edente
3105 1044 3229 1084 esca
3279 1030 3356 1085 sic
3383 1039 3575 1093 exeat,
3609 1029 3737 1098 quia
3765 1030 3845 1085 hic

2272 1117 2349 1172 leo
2377 1118 2440 1172 de
2475 1120 2607 1172 tribu
2634 1119 2773 1172 Juda
2803 1129 2839 1154 ιιι
2867 1135 2966 1190 pro
2995 1119 3149 1174 nobis
3178 1120 3348 1174 victor
3375 1135 3444 1174 ex
3473 1135 3571 1174 ore
3600 1135 3704 1174 nos
3750 1119 3843 1173 ad-

2271 1210 2408 1263 versi
2435 1209 2602 1264 leonis
2643 1210 2875 1278 eripiens
2904 1208 3023 1263 ideo
3050 1216 3301 1272 venatur,
3334 1217 3393 1262 ut
3431 1219 3641 1273 servet;
3687 1208 3844 1278 capit,

2272 1307 2332 1352 ut
2353 1299 2620 1361 absolvat;
2652 1298 2862 1366 frangit,
2895 1307 2953 1351 ut.
2997 1298 3217 1362 solidet;
3250 1298 3472 1362 mandit,
3504 1305 3565 1351 ut
3593 1298 3843 1364 integret;

2271 1392 2374 1447 hoc
2411 1392 2465 1445 in
2509 1392 2664 1446 nobis
2689 1392 2854 1446 edens
2895 1404 3003 1458 quo
3044 1390 3456 1458 corrumpimur.
3487 1388 3846 1454 Quamobrem

2271 1490 2519 1550 optemus
2547 1481 2701 1550 hujus
2744 1481 2915 1535 leonis
2958 1479 3135 1549 praeda
3175 1479 3321 1542 ﬁeri,
3355 1494 3423 1533 ne
3463 1479 3634 1533 simus
3675 1478 3846 1547 praeda

2272 1572 2443 1627 leonis
2463 1572 2681 1625 inimici.
2706 1569 3011 1624 Eﬂiciamur
3030 1584 3151 1624 esca
3173 1567 3289 1633 Dei,
3309 1585 3376 1624 ne
3398 1571 3567 1625 simus
3591 1584 3716 1623 esca
3741 1584 3847 1623 ser-

2252 1664 2462 1734 pentis.
2495 1663 2632 1717 Edat
2668 1677 2766 1717 nos
2791 1662 3032 1715 Christus
3056 1702 3069 1725 ,
3101 1675 3169 1715 ne
3197 1661 3418 1716 zabulus
3445 1669 3619 1714 voret.
3649 1658 3847 1714 Edente

2271 1755 2416 1809 enim
2443 1752 2677 1819 Christo,
2707 1760 2763 1805 ut
2792 1751 2922 1815 dixi,
2956 1750 3011 1805 in
3041 1750 3195 1804 nobis
3222 1750 3548 1815 absumitur,
3580 1765 3693 1817 quo
3718 1764 3846 1803 con-

596 1841 716 1897 dem
739 1843 965 1898 habendi
993 1843 1301 1913 cupiditate,
1325 1844 1419 1898 sed
1445 1852 1623 1899 tamen
1656 1860 1762 1899 non
1792 1845 1972 1913 iniquo
2001 1844 2173 1915 possi-
2208 1849 2246 1907 Β
2273 1845 2550 1900 sumimur.
2579 1842 2822 1896 Christus
2846 1842 3044 1895 etenim
3075 1840 3181 1894 vita
3211 1847 3293 1894 est
3319 1848 3343 1876 ι’
3380 1856 3393 1891 :
3424 1846 3479 1893 et
3505 1837 3732 1891 mortale
3753 1838 3848 1892 hoc

597 1934 757 1988 dendi
772 1933 891 2002 jure
917 1936 1191 1989 retineret.
1223 1935 1523 1990 Justissime
1552 1936 1731 2006 itaque
1759 1937 1970 2004 cogitur
1987 1936 2169 1990 dimit»

592 2033 713 2081 tere
733 2025 1011 2080 credentes
1034 2026 1085 2079 in
1113 2041 1256 2089 eum,
1287 2041 1445 2096 quem
1473 2026 1814 2096 injustissime
1844 2027 2066 2091 occidit;
2093 2035 2169 2091 ut,

599 2124 654 2169 et
678 2116 822 2185 quod
840 2118 1219 2187 temporaliter
1237 2118 1557 2182 moriuntur,
1589 2118 1825 2173 debitum
1855 2120 2169 2184 exsolvant;

602 2214 655 2261 et
677 2206 817 2274 quod
843 2223 1057 2277 semper
1084 2208 1285 2274 vivunt,
1334 2208 1387 2262 in
1434 2208 1524 2263 illo
1566 2209 1770 2277 vivant,
1815 2209 1909 2277 qui
1951 2224 2050 2280 pro
2094 2210 2173 2263 eis

603 2296 743 2364 quod
764 2313 870 2352 non
906 2296 1138 2352 debebat
1162 2298 1391 2353 exsolvit
1416 2294 1464 2353 δ.

672 2388 758 2443 16.
799 2388 1156 2455 Quamobrem
1185 2398 1316 2459 puto
1352 2398 1407 2445 et
1435 2391 1550 2461 ipse
1582 2391 1735 2446 nobis
1761 2391 1847 2447 leo
1876 2390 1966 2446 ille
2013 2400 2097 2446 est
2127 2400 2171 2456 ο,

602 2480 655 2532 in
686 2481 835 2548 cujus
880 2480 1075 2536 mortui
1122 2496 1215 2536 ore
1258 2480 1451 2535 cibum.
1480 2482 1652 2536 mellis
1692 2482 2007 2537 invenimus.
2039 2480 2174 2547 Quid

596 2571 741 2625 enim
768 2571 973 2627 dulcius
997 2572 1091 2626 Dei
1120 2572 1334 2627 Verbo?
1356 2580 1411 2626 et
1439 2572 1565 2641 quid
1591 2572 1782 2627 fortius
1808 2572 1899 2627 Det
1932 2572 2176 2628 dextera?

601 2659 706 2713 Aut
736 2660 787 2713 iu
817 2660 968 2728 cujus
996 2662 1191 2715 mortui
1217 2677 1311 2716 ore
1339 2659 1490 2715 favus
1527 2668 1581 2715 et
1627 2676 1782 2731 apes,
1811 2663 1915 2717 nisi
1943 2664 1997 2718 in
2025 2664 2177 2732 cujus

601 2749 765 2801 verbo
811 2749 997 2803 salutis
1041 2758 1238 2805 nostra:
1283 2750 1498 2815 bonum,
1555 2758 1610 2805 et
1656 2752 1998 2820 congregatio
2046 2766 2179 2821 gen-

604 2835 769 2888 tium?
800 2834 1033 2901 Quarum
1080 2839 1259 2908 potius
1303 2838 1520 2906 ﬁguram
1570 2840 1812 2909 plerique
1859 2841 1913 2895 in
1939 2841 2042 2896 hoc
2072 2842 2179 2896 leo.

604 2942 671 2980 ne
704 2937 1026 2997 posuerunt,
1074 2930 1200 2998 quia
1239 2932 1466 3000 populus
1510 2933 1747 3000 gentium
1793 2934 1884 3001 qui
1930 2934 2175 3002 credidit,

608 3010 767 3089 129
802 3033 994 3087 corpus
1032 3016 1256 3074 feritatis
1292 3028 1408 3073 erat
1435 3029 1591 3086 ante,
1646 3036 1787 3075 nunc
1815 3020 2009 3076 Christi
2047 3031 2130 3076 est
2160 3040 2174 3076 :

607 3107 659 3163 in
689 3124 793 3177 quo
837 3106 1076 3177 Apo:toli
1115 3110 1259 3163 velut
1297 3124 1423 3180 apes
1472 3126 1504 3164 a
1542 3126 1666 3166 rore
1714 3112 1857 3178 cmli,
1887 3121 1942 3167 et
1968 3113 2176 3168 divina»

2273 1952 2379 1992 non
2424 1936 2721 2006 poterimus
2763 1933 3069 2003 deponere,
3094 1932 3195 1987 nisi
3239 1930 3627 1986 absorbeamur
3651 1939 3698 1996 ο,
3729 1930 3848 1998 quia

2272 2037 2498 2083 mortem
2569 2036 2805 2081 nostram
2865 2024 3085 2078 devorat
3137 2021 3399 2077 Christus.
3453 2018 3620 2074 Cibus
3672 2028 3847 2073 autem

2271 2119 2466 2175 Christi
2495 2132 2611 2171 esse
2642 2132 2746 2171 non
2775 2128 3084 2185 possumus,
3106 2113 3204 2167 nisi
3235 2112 3489 2166 faciamus
3517 2110 3847 2164 voluntatem

2272 2209 2388 2279 ejus
2415 2219 2442 2258 ι)
2467 2226 2480 2261 :
2514 2215 2573 2262 ut
2597 2206 2829 2260 vicissim
2860 2212 2913 2259 et
2942 2205 3055 2274 ipse
3083 2203 3237 2258 nobis
3277 2202 3428 2256 cibus
3457 2199 3548 2254 ﬁat
3575 2210 3624 2263 ιι,
3665 2199 3719 2253 in
3747 2214 3849 2267 quo

2273 2315 2486 2370 semper
2512 2298 2757 2361 vivimus,
2781 2297 2824 2351 si
2849 2296 2914 2351 ad
2941 2295 3057 2365 ejus
3083 2302 3347 2364 prmcepta
3373 2294 3635 2347 vivamus.
3661 2289 3752 2345 Sic
3770 2305 3849 2344 er-

2273 2407 2342 2462 go
2370 2392 2435 2446 de
2463 2397 2680 2460 potente
2709 2389 2818 2443 exit
2858 2388 3041 2453 dulce,
3091 2404 3212 2443 eum
3241 2385 3595 2441 amaritudine
3640 2385 3849 2438 malitias

2275 2490 2473 2537 nostra:
2510 2495 2607 2549 per
2635 2480 2807 2549 ipsum
2835 2480 2888 2532 in
2932 2478 3267 2533 dulcedinem
3299 2476 3554 2531 bonitatis
3608 2490 3848 2529 commu-

2277 2580 2387 2626 tata
2405 2610 2422 2636 ,
2451 2570 2670 2625 duleisa
2702 2570 2864 2623 verbo
2893 2568 3009 2634 ejus
3029 2582 3147 2622 esca
3180 2565 3525 2635 procedimus
3549 2605 3564 2627 ,
3614 2564 3708 2632 qui
3757 2576 3850 2616 nos

2275 2661 2504 2725 edendo,
2537 2660 2831 2716 consumsit
2868 2665 3110 2727 peccato,
3153 2656 3424 2725 reparavit
3450 2654 3516 2707 ad
3539 2654 3726 2707 vitam.
3756 2650 3850 2705 So-

2276 2755 2357 2808 lus
2384 2753 2470 2808 hic
2507 2758 2701 2821 potens
2725 2794 2739 2819 ,
2772 2750 2998 2804 dulciter
3025 2755 3247 2818 potens,
3277 2747 3367 2814 qui
3397 2744 3631 2799 liberm-it
3661 2761 3851 2815 paupe-

2277 2863 2384 2902 rem
2427 2845 2492 2900 ab
2532 2859 2696 2901 avaro
2722 2852 2923 2915 potente
2953 2852 2999 2907 τ,
3029 2842 3122 2911 qui
3166 2839 3429 2894 feritatem
3469 2839 3577 2891 mei
3616 2837 3852 2908 corporis

2275 2953 2374 3010 per
2400 2936 2713 3009 mysterium
2739 2934 2956 3005 pietatis
2989 2933 3142 3003 130
3170 2945 3281 2987 sua:
3325 2931 3377 2985 in
3407 2936 3639 2986 mortem
3687 2929 3733 2959 “
3775 2927 3853 2981 sui

2277 3029 2520 3099 corporis
2545 3027 2831 3097 perimens,
2859 3024 2932 3079 ibi
2955 3023 3131 3078 cibum
3159 3024 3280 3077 vitm
3308 3021 3437 3087 edit,
3470 3019 3558 3073 ubi
3590 3019 3671 3088 (ἀ)
3703 3017 3854 3071 mise-

2278 3133 2351 3173 ra:
2378 3117 2544 3172 fames
2586 3115 2775 3170 mortis
2821 3113 3029 3167 arebat.
3057 3110 3159 3176 Qui
3200 3105 3330 3165 mihi
3358 3109 3712 3165 otleusionem
3741 3121 3854 3176 gra-

599 3214 723 3252 ωτι]
765 3197 983 3253 ﬁoribus
1021 3200 1311 3267 gratiarum
1357 3200 1515 3255 mella
1560 3201 1834 3270 sapientia:
1872 3202 1945 3273 (b)
1989 3203 2175 3258 condi-
2205 3217 2247 3278 ρ
2280 3210 2373 3274 ua,
2405 3214 2684 3277 peccatum
2706 3203 2935 3274 justitia,
2968 3202 3329 3257 infirmitatem
3368 3201 3587 3264 virtute,
3632 3206 3856 3254 mortem

600 3290 832 3354 derunt,
865 3306 929 3346 ac
954 3292 995 3346 si
1036 3292 1081 3323 ”
1125 3307 1248 3347 esea
1288 3293 1356 3347 ab
1401 3307 1497 3347 ore
1538 3291 1747 3348 edentis
1772 3294 2021 3349 ‘exierit:
2053 3295 2175 3364 quia

598 3382 752 3454 prius
778 3382 951 3437 eﬁ'ene
983 3382 1092 3438 Deo
1141 3384 1386 3438 nationes
1419 3391 1693 3453 receptum
1736 3384 1828 3438 Dei
1862 3385 2080 3440 verbum
2112 3384 2176 3437 ﬁ-

600 3472 710 3527 deli
754 3472 916 3527 corde
962 3481 1269 3542 sumentes,
1320 3472 1547 3529 fructum
1588 3474 1777 3530 salutis
1803 3474 2069 3530 ediderint
2109 3476 2175 3530 ⁸³.

602 3563 703 3630 Qui
731 3579 860 3619 vero
885 3563 1349 3633 Christum'magis
1376 3566 1430 3619 in
1455 3565 1645 3621 eodem
1671 3566 1770 3622 sibi
1800 3566 1956 3623 leone
1984 3582 2181 3638 propo-

604 3662 757 3720 nunt,
788 3653 1101 3708 Samsonem
1129 3653 1431 3709 Iudaeorum
1462 3656 1703 3725 ﬁguram,
1744 3657 1990 3713 videlicet
2015 3666 2074 3712 ut
2114 3658 2179 3712 il-

608 3746 715 3799 lum
738 3746 948 3800 leonem
981 3747 1132 3814 quasi
1160 3744 1430 3801 Christum
1461 3748 1531 3820 (c)
1563 3747 1773 3804 Judmus
1800 3750 2058 3805 occiderit
2085 3768 2097 3805 :
2125 3750 2179 3805 id

608 3853 823 3907 quoque
866 3838 1195 3906 assignantes
1242 3840 1478 3910 mysticae
1506 3841 1899 3909 pneparationi,
1932 3843 2074 3910 quod
2113 3858 2179 3903 eo

609 3928 939 3998 potissimum
970 3937 1212 3998 tempore
1250 3944 1358 3998 quo
1386 3928 1689 3998 conjugiqu
1732 3931 1979 3999 petebat,
2027 3940 2180 4001 opta-

608 4030 716 4075 tam
744 4020 976 4092 potentis
998 4019 1187 4073 bellum
1209 4019 1375 4087 egerit
1394 4018 1627 4084 ccedem;
1658 4021 1782 4089 quia
1806 4020 2051 4075 videlicet
2073 4038 2178 4074 nnn

602 4120 788 4184 posset
817 4110 1014 4165 ﬁrmari
1040 4109 1365 4178 conjugium,
1390 4108 1531 4177 quod
1555 4109 1607 4163 in
1632 4108 1842 4165 Christo
1867 4118 1923 4165 et
1944 4109 2177 4165 Ecclesia

598 4212 816 4274 pactum
838 4209 915 4256 est
949 4199 994 4268 τ,
1024 4200 1125 4255 nisi
1154 4200 1334 4255 occiso
1363 4201 1518 4255 leone
1547 4200 1609 4254 de
1638 4200 1770 4254 tribu
1795 4201 1938 4254 Iuda
1966 4213 2010 4255 ε.
2036 4202 2178 4257 Idem

606 4297 749 4349 enim
767 4295 1022 4350 Dominus
1042 4294 1138 4358 leo,
1160 4294 1267 4358 ille,
1283 4294 1373 4361 qui
1396 4295 1530 4357 vicit,
1552 4301 1607 4348 et
1627 4294 1824 4347 catulus
1842 4304 1924 4349 est
1943 4295 2105 4351 leonis
2130 4293 2179 4363 ¹·,

607 4400 701 4438 sua
731 4391 920 4454 sponte
963 4382 1201 4452 sopitus,
1242 4393 1296 4436 et
1339 4397 1368 4435 a
1408 4384 1696 4451 semetipso
1741 4385 2087 4439 resuscitatus
2114 4384 2181 4439 de

601 4490 715 4541 quo
740 4474 994 4542 scriptum
1023 4480 1103 4526 est
1135 4489 1147 4524 :
1183 4470 1308 4535 Qui:
1335 4471 1599 4526 suscitabit
1627 4489 1741 4526 eum
1771 4472 1782 4509 ί
1815 4475 1838 4527 ?
1870 4473 2180 4531 Voluntarie

2277 3300 2407 3363 vita,
2434 3296 2800 3352 confusionem
2825 3295 3012 3363 gloria,
3043 3307 3209 3362 regno
3234 3292 3459 3347 mutavit
3485 3291 3728 3345 exilium.
3760 3290 3856 3356 Qui

2279 3387 2661 3441 audiebamus:
2695 3384 2856 3439 Terra
2900 3402 2974 3452 es,
3040 3394 3091 3439 et
3137 3386 3192 3439 in
3235 3393 3426 3437 terram
3475 3383 3576 3437 ibi:
3625 3391 3681 3449 ⁸;
3723 3397 3859 3437 nunc

2273 3474 2385 3545 jam
2409 3475 2480 3545 (ε)
2503 3474 2748 3529 audimus
2774 3491 2789 3527 ε
2812 3473 3142 3530 Conversatio
3176 3482 3345 3528 uestra
3374 3474 3420 3504 ⁸⁸
3441 3474 3497 3527 iu
3542 3473 3686 3528 caelis
3713 3482 3791 3527 est
3814 3473 3856 3526 ‘.

2351 3561 2438 3620 l7.
2467 3564 2651 3633 Itaque
2679 3565 2821 3618 illam
2848 3565 3101 3634 speciem,
3133 3579 3251 3633 quze
3281 3564 3333 3618 in
3364 3562 3455 3617 illo
3483 3561 3753 3617 Samsoue
3776 3560 3858 3615 vel

2278 3656 2531 3713 recrinito
2558 3655 2643 3709 vel
2668 3657 2931 3711 moriente
2959 3656 3238 3717 retexitur,
3269 3661 3324 3708 et
3352 3655 3404 3707 in
3426 3668 3644 3708 omnem
3664 3650 3860 3707 Christi

2280 3748 2532 3806 famulum
2579 3746 2864 3805 convenire
2910 3744 3158 3799 arbitror.
3193 3743 3361 3797 Homo
3392 3743 3557 3803 enim,
3591 3741 3685 3811 qui
3730 3755 3851 3809 prie.

2278 3854 2455 3899 ventus
2484 3844 2636 3916 fuerit
2674 3844 2727 3895 in
2768 3840 2938 3909 aliqua
2968 3845 3176 3907 peccato
3204 3845 3253 3902 υ,
3285 3842 3342 3890 et
3366 3834 3657 3889 salubriter
3684 3832 3859 3902 paeni-

2282 3936 2441 3990 tendo
2469 3935 2536 3988 ad
2564 3930 3006 3988 instaurationem
3034 3929 3237 3997 gratim,
3267 3926 3418 3995 quasi
3445 3925 3658 3994 capillis
3703 3939 3860 3979 rena-

2278 4025 2548 4081 scentibus
2573 4021 2875 4085 revertitur,
2919 4034 3112 4089 ponens
3138 4027 3193 4070 ut
3223 4031 3400 4070 arcum
3428 4031 3621 4069 (ereum
3649 4013 3858 4067 brachia

2277 4134 2371 4170 sua
2402 4126 2448 4182 τ,
2483 4114 2534 4168 id
2561 4122 2641 4168 est
2670 4111 2829 4166 ﬁdem
2856 4110 2969 4180 spei
2995 4124 3152 4174 verte,
3185 4117 3240 4164 et
3264 4123 3415 4178 spem
3438 4105 3557 4161 ﬁdei
3582 4122 3694 4160 non
3728 4104 3859 4160 ﬁcta

2280 4208 2346 4274 ",
2376 4220 2634 4263 exercens
2678 4203 2818 4257 idem
2848 4202 2915 4256 ad
2961 4201 3199 4270 przelium
3228 4214 3416 4265 manus
3443 4211 3569 4251 suas
3607 4196 3860 4266 operibus

2278 4301 2493 4371 pietatis
2523 4309 2569 4364 ι,
2597 4296 2746 4367 cujus
2770 4294 3065 4349 exercitatio
3094 4292 3162 4345 ad
3188 4291 3362 4345 omnia
3384 4289 3529 4343 utilis
3548 4296 3627 4341 est
3648 4296 3675 4335 J'
3703 4305 3717 4339 :
3750 4295 3857 4341 tum

2278 4399 2338 4445 ut
2364 4387 2675 4461 quibusdam
2706 4387 2860 4441 bona:
2887 4382 3225 4440 conscientiae
3249 4387 3306 4437 et
3334 4378 3454 4434 ﬁdei
3486 4378 3655 4433 ﬁrmae
3685 4377 3855 4431 lacer-

2285 4483 2352 4536 tis
2379 4481 2564 4536 valeus
2590 4477 2807 4534 audebit
2833 4474 3104 4537 invadere,
3127 4480 3182 4526 et
3205 4471 3402 4541 poterit
3425 4469 3493 4541 (f)
3516 4476 3734 4523 vertere
3756 4466 3855 4521 ini-

606 4566 753 4618 enim
799 4562 1100 4618 sacriﬁcans
1140 4580 1240 4632 pro
1267 4562 1422 4618 nobis
1450 4560 1593 4617 Patri
1621 4562 1849 4617 hostiam
1874 4565 1956 4620 sui
1985 4580 2181 4636 eorpo-
2214 4576 2262 4635 ι)
2285 4574 2544 4630 micorum
2574 4572 2869 4627 columnas.
2902 4566 2996 4621 Hm
3033 4574 3213 4621 autem
3241 4565 3283 4595 ³⁷
3313 4574 3440 4618 sunt
3465 4562 3734 4618 columnae
3760 4559 3854 4613 ho-

609 4656 705 4722 ris,
727 4655 865 4708 idem
886 4669 1124 4710 summus
1142 4662 1201 4707 et
1226 4654 1278 4707 in
1306 4661 1564 4709 aeternum
1593 4653 1845 4708 sacerdos
1871 4666 1915 4721 ι,
1945 4656 2176 4712 animam

610 4764 761 4801 suam
791 4746 929 4801 sicut
970 4748 1083 4816 ipse
1112 4753 1366 4810 testatur,
1397 4746 1583 4800 eadem
1611 4747 1860 4800 resumsit
1887 4756 2172 4815 potestate,

672 4893 707 4920 Α
737 4881 852 4936 Col.
875 4897 932 4948 ll,
957 4879 1037 4933 l4.
1115 4878 1141 4917 ι’
1169 4879 1310 4934 Psal.
1335 4895 1478 4948 Lxxt,
1510 4878 1563 4932 4.

615 4972 666 5017 v,
693 4952 744 5006 5.
825 4951 848 4988 ι·
890 4950 1023 5017 Gen.
1058 4965 1206 5014 χιιι,
1239 4950 1292 5011 9,

1377 4895 1478 4955 xxi,
1642 4890 1665 4920 ε
1696 4878 1829 4955 Gen.
1865 4898 1897 4955 tl
1922 4884 2057 4955 ,_15.
2132 4886 2155 4924 ἀ

2274 4889 2321 4943 ι1.
2355 4906 2534 4954 vau-,
2556 4888 2609 4941 5.
2687 4897 2708 4923 ε
2739 4885 2907 4955 Judic.
2934 4900 3046 4955 xlv,
3066 4880 3118 4934 8.
3200 4879 3217 4917 τ
3251 4878 3293 4931 Ε

1374 4949 1386 4984 ί
1418 4947 1556 5003 Psa'.
1588 4966 1705 5015 ιιιι,
1739 4950 1791 5005 8.
1870 4954 1882 5001 t'
1915 4953 2050 5008 ileb.
2078 4972 2165 5019 vn,
2196 4959 2281 5011 17.
2358 4960 2377 4997 lt
2406 4947 2597 5014 Johan.
2630 4973 2684 5017 x,
2719 4955 2803 5009 l8.

2282 4665 2418 4720 stilis
2462 4664 2686 4728 domus,
2733 4660 2925 4730 quibus
2968 4658 3200 4713 nititur:
3232 4657 3288 4710 in
3334 4669 3443 4723 qua
3493 4654 3643 4708 velut
3690 4650 3863 4708 nostri

2284 4757 2458 4810 vietor
2502 4753 2747 4823 epulatur
2775 4749 3000 4804 illudens
3024 4747 3215 4817 captis,
3262 4745 3308 4800 si
3353 4743 3608 4798 membris
3633 4741 3857 4806 nostris,

3295 4879 3453 5000 plu,
3484 4875 3573 4930 '52.
3646 4875 3860 4945 SApoc.

3330 4948 3381 5000 4.
3456 4957 3494 4982 ω
3524 4945 3544 4999 l
3574 4946 3691 5000 Pet.
3724 4962 3775 5000 v.
3802 4945 3857 4998 8.

2888 4954 2900 4991 ι
2931 4952 3101 5006 .ludic.
3144 4966 3250 5014 xtv,
3295 4945 3381 5001 14.
3456 4945 3544 5014 ωᾼι
3574 4946 3691 5000 Pet.
3724 4962 3775 5009 v,
3802 4945 3857 4998 8.

612 5012 858 5077 n.Iohah.
889 5014 994 5083 xiv,
1028 5018 1109 5089 ιβ,
1131 5012 1210 5089 ωδ
1242 5017 1261 5070 ι
1289 5017 1423 5089 Cor.
1445 5034 1530 5083 xv,
1562 5019 1632 5089 54
1694 5012 1701 5015 ⁷
1731 5032 1755 5069 ρ
1783 5020 1953 5075 Johau
2002 5040 2072 5089 tv,
2096 5012 2174 5079 δέ.

2274 5012 2505 5083 tJolian.
2539 5044 2620 5089 vt,
2664 5012 2750 5079 $8.
2832 5036 2850 5061 τ
2885 5023 3024 5077 Psal.
3065 5012 3244 5082 Last,
3266 5017 3350 5089 l2.
3428 5012 3617 5089 “‘Gell.
3652 5030 3738 5081 ut,
3769 5014 3862 5081 i9,

613 5109 721 5149 see.
753 5089 912 5144 LXX.
995 5096 1011 5125 ι
1046 5087 1238 5157 Philip.
1266 5104 1340 5149 nl,
1369 5086 1457 5141 20.
1531 5098 1557 5125 υ
1586 5088 1704 5144 Gal.
1738 5106 1809 5155 vi,
1842 5092 1889 5144 l.

686 5222 762 5293 (a)
792 5220 865 5293 lu_
881 5218 1124 5293 omnibus
1165 5216 1461 5293 codicibus
1490 5218 1679 5293 legitur
1718 5223 1831 5277 sine
1863 5222 1986 5289 Deo,
2038 5228 2181 5282 nullo

613 5288 792 5352 sensu.
826 5288 1236 5344 Emendavimus
1288 5289 1399 5339 sine
1427 5289 1638 5353 delit'lo,
1679 5300 1826 5346 certa
1866 5304 1923 5348 ut
1976 5296 2182 5350 videtur

613 5366 917 5433 conjectura
966 5374 1033 5413 ex
1064 5356 1583 5436 pnecedentibuset
1628 5362 2102 5436 subsequentibus,
2127 5375 2182 5420 et

615 5427 735 5488 orto
769 5444 953 5485 errore
998 5443 1065 5483 ex
1107 5427 1423 5494 compendio
1462 5427 1754 5484 litterarum
1806 5427 1942 5485 Helo.
1977 5427 2176 5488 Eodem

614 5503 775 5556 modo
803 5499 1093 5571 Sacchinus
1122 5498 1289 5571 paulo
1309 5494 1527 5571 inferius
1555 5497 1831 5571 legendum
1864 5505 2178 5571 su3picatur

615 5571 816 5641 delicta,
837 5570 929 5641 ubi
949 5564 1293 5641 manuscripti
1310 5573 1373 5641 _et
1402 5565 1573 5641 editio
1595 5564 1756 5641 Rosv.
1787 5564 1988 5624 habent
2013 5574 2185 5641 effera:

617 5637 745 5691 Deo.
772 5636 915 5690 Editi
943 5635 976 5688 Δ
1004 5637 1234 5701 codices,
1265 5635 1437 5703 e/fera:
1461 5652 1494 5688 (ι
1530 5634 1656 5691 Dea.
1685 5637 1868 5705 itaque
1916 5634 2181 5695 indubita-

617 5716 728 5759 tutn
748 5706 866 5779 _vu|t
893 5705 1012 5779 legi,
1035 5706 1205 5774 eﬂ'erte
1232 5721 1261 5755 tl
1282 5706 1484 5772 delicto,
1514 5706 1563 5761 id
1585 5714 1664 5763 est
1677 5716 1885 5779 propter
1905 5710 2142 5764 delictum
2167 5727 2184 5763 :

617 5774 764 5844 quod
792 5790 897 5828 non
928 5776 1117 5843 placet.

1967 5100 1989 5128 ν
2023 5093 2157 5150 Psal.
2191 5113 2313 5164 xvu,
2356 5097 2444 5152 55.
2522 5108 2544 5134 ι
2572 5096 2714 5149 Psal.
2747 5110 2923 5158 cxuu,
2957 5092 3008 5145 1.

3081 5101 3108 5138 y
3138 5089 3157 5143 Ι
3181 5088 3319 5143 Tim.
3344 5103 3415 5154 tv,
3444 5084 3497 5138 8.

2378 5229 2429 5299 lt)
2459 5228 2555 5284 Ms.
2592 5229 2767 5299 Vieu.,_
2796 5226 3082 5299 edideltmt.

2378 5232 2429 5299 ll)
2459 5232 2555 5284 Ms.
2592 5232 2764 5289 Vieu.,
2796 5232 3082 5350 edideﬁtml.

2355 5232 2431 5369 ie)
2459 5300 2547 5354 Sic
2574 5314 2697 5353 mss.
2735 5297 2902 5369 Vien.,
2982 5311 3065 5365 eg.
3091 5306 3145 5349 et
3167 5295 3290 5350 edd.
3320 5296 3469 5369 Crin.
3498 5300 3556 5347 et
3577 5292 3765 5349 Sehot.
3797 5294 3869 5348 At

2282 5367 2382 5422 ms.
2411 5367 2544 5436 Reg.
2573 5374 2694 5423 cu’m
2723 5368 2880 5422 editis
2908 5376 3156 5436 quatuor,
3188 5367 3455 5419 occideret.

2350 5438 2428 5505 (ά)
2456 5433 2551 5491 Ms.
2586 5438 2758 5500 Vien.,
2784 5433 2985 5490 misera:
3010 5438 3163 5505 [amis
3193 5447 3354 5489 morte
3381 5433 3576 5488 arebat.

2381 5507 2431 5573 ε)
2462 5506 2558 5560 Ms.
2585 5506 2737 5559 Vien.
2761 5514 2815 5559 et
2842 5508 2969 5560 edit.
2997 5506 3173 5570 (irim,
3200 5506 3504 5558 audiuimus.

2359 5573 2426 5698 SB
2462 5574 2670 5628 Vertere
2696 5591 2793 5644 pro
2838 5585 3087 5642 evertere,
3127 5575 3351 5643 simplex
3389 5591 3486 5644 pro
3515 5573 3823 5644 composito
3853 5594 3867 5628 :

2453 5643 2675 5698 Paulino
2705 5645 2960 5698 familiare
2986 5652 3087 5698 est.
3116 5653 3172 5698 et
3197 5645 3447 5698 usitatum
3476 5643 3643 5698 semel
3674 5652 3732 5698 et
3760 5646 3867 5698 ite-

2286 5643 2426 5712 quud
2453 5643 2675 5699 Paulino
2700 5643 2960 5699 familiare
2986 5652 3087 5710 est,
3116 5653 3172 5699 ct
3197 5643 3447 5699 usitatum
3476 5643 3653 5698 semel
3674 5652 3732 5699 et
3760 5646 3872 5700 ite-

2288 5728 2403 5767 rum
2433 5714 2486 5769 in
2512 5728 2677 5769 carm.
2710 5712 2798 5766 '52.
2836 5766 2843 5775 τ
