4078 6352
1573 366 1900 422 EPISTOLA
1941 368 2103 422 XXIII
2117 409 2129 424 .

3385 365 3488 424 970

233 488 293 534 ut
333 477 498 534 annis
533 493 644 534 sua:
686 478 1003 548 iniquitatis,
1035 487 1232 536 utatur.
1283 478 1572 548 Dejicimus
1607 478 1652 512 ⁸⁸
1682 493 1810 546 ergo
1841 487 1883 542 Α
1915 496 1943 533 a
1976 481 2152 548 regnis
2175 480 2303 543 suis,
2335 480 2427 536 sed
2455 481 2615 535 etiam
2661 495 2690 535 a
2719 480 2962 536 sensibus
2989 487 3270 535 exsulabat
3297 477 3486 538 huma-

232 569 374 624 hnnc
401 567 673 622 inimicum
701 569 776 638 (a)
802 568 962 623 domo
988 584 1104 631 sua,
1137 568 1353 623 interitu
1381 569 1674 638 subjugatue
1693 582 1814 622 car-

232 660 348 725 nis;
376 674 482 729 qua
513 659 770 728 adiutrice
799 659 940 714 intus
982 660 1035 713 in
1075 660 1471 728 nobismetipsis
1516 658 1685 713 hostis
1725 659 1810 712 in-

229 751 432 815 clusus,
461 750 716 805 intestino
742 750 972 804 animam
1001 757 1240 804 nostram
1284 749 1426 804 bello
1455 749 1658 819 quatit;
1701 747 1808 802 cri-

229 841 374 895 mine
417 839 710 896 voluntatis
749 848 944 894 nostra:
971 848 1164 908 potens
1193 841 1361 894 nostri
1403 839 1592 900 factus,
1627 845 1812 892 nostra

229 929 489 984 adversus
537 944 637 983 nos
679 929 808 984 vitia
845 930 1103 984 satellites
1151 929 1342 991 habet,
1395 929 1811 997 interioremque

230 1027 474 1075 nostrum
503 1019 804 1074 ministerio
827 1019 1107 1074 exterioris
1126 1027 1420 1088 oppugnat.

303 1108 391 1162 18.
424 1108 530 1163 Sed
559 1110 958 1163 meminerimus
998 1109 1139 1178 pacti
1164 1147 1180 1174 ,
1209 1124 1318 1177 quo
1357 1123 1455 1177 per
1481 1108 1814 1178 baptismatis

227 1201 459 1268 gratiam
507 1200 805 1270 consepulti
852 1200 1068 1257 Christo
1114 1201 1167 1257 in
1207 1201 1378 1257 crucis
1407 1202 1450 1235 ”
1480 1209 1814 1256 sacramenta

227 1291 552 1360 iuravimus,
605 1305 671 1345 ne
709 1290 824 1359 jam
870 1291 1023 1359 quasi
1071 1291 1309 1346 viventes
1347 1303 1568 1359 agamus
1612 1291 1666 1347 in
1710 1291 1814 1345 hoc

228 1381 462 1446 mundo;
493 1381 837 1452 vivamusque
877 1381 987 1449 jam
1034 1397 1145 1436 non
1190 1396 1314 1447 nos,
1357 1381 1449 1437 sed
1477 1380 1720 1435 Christus
1759 1380 1812 1434 in

227 1471 387 1526 nobis
419 1480 464 1522 ι.
497 1469 614 1536 Quo
642 1471 796 1525 nobis
824 1471 876 1525 in
905 1471 1164 1525 honorem
1192 1471 1383 1540 capitis
1410 1471 1688 1535 restituto,
1718 1485 1812 1525 ca-

227 1562 324 1617 det
365 1562 538 1616 zahuli
581 1561 768 1616 domus
813 1568 870 1615 et
913 1569 1027 1615 tota
1071 1560 1404 1615 inimicorum
1448 1559 1646 1614 cohors
1691 1574 1812 1614 cum

226 1653 440 1723 peccati
484 1652 654 1707 nostri
680 1659 852 1706 morte
881 1651 1157 1706 morietur.
1191 1650 1551 1718 Quamobrem
1579 1665 1687 1706 non
1717 1665 1811 1706 so-

226 1744 343 1800 lum
372 1752 544 1798 morte
587 1743 860 1799 Samsonis
887 1744 1146 1800 commori
1173 1743 1322 1798 disco
1366 1743 1609 1798 hostibus
1651 1741 1806 1804 meis,

1913 573 2026 635 nis,
2067 587 2219 626 coma
2266 571 2401 625 tristi
2450 571 2694 637 leonem,
2726 571 2877 627 uncis
2905 571 3168 639 unguibus
3200 572 3491 639 vulturem,

1912 675 2071 714 sensu
2117 668 2172 715 et
2217 661 2414 730 pabulo
2455 661 2646 715 bovem
2692 660 2930 716 referens
2962 679 2975 715 :
3007 675 3074 715 ne
3101 661 3259 717 unius
3288 670 3492 718 tantum

1912 752 2100 806 belluas
2129 751 2527 807 similitudinem
2569 753 2733 807 ferret
2762 753 2812 806 in
2849 752 3040 823 pomis,
3084 752 3174 824 qui
3207 752 3491 807 multorum

1913 841 2099 895 similis
2129 841 2314 896 luisset
2342 842 2393 895 in
2416 843 2672 896 moribus.

1984 931 2071 986 20.
2105 932 2379 986 lntcllecto
2411 942 2586 989 tamen
2632 933 2848 987 tandem
2872 935 2916 963 ⁸³
2946 931 3079 1001 Deo,
3108 943 3164 989 et
3199 934 3378 989 sensui
3407 950 3495 989 rco

1914 1021 2172 1078 formatus
2193 1031 2247 1077 et
2275 1035 2461 1089 regno,
2494 1021 2662 1076 factus
2701 1030 2754 1075 et
2783 1022 2896 1094 ipse
2925 1022 3078 1076 nobis
3105 1031 3186 1077 est
3217 1023 3267 1076 in
3308 1038 3491 1077 exem-

1914 1111 2030 1182 plar
2059 1111 2198 1176 ﬁdei,
2243 1121 2299 1166 ut
2335 1126 2586 1180 regnum,
2618 1113 2760 1183 quod
2791 1113 2928 1166 intra
2952 1127 3050 1166 nos
3078 1119 3181 1179 est,
3215 1113 3497 1166 timeamus

1914 1202 2160 1256 amittere
2189 1201 2480 1273 peccando,
2512 1210 2567 1256 et
2607 1202 3002 1256 meminerimus
3045 1209 3289 1270 repetere
3319 1201 3494 1270 ι)ωηί-

1915 1290 2078 1345 tendo
2113 1289 2153 1344 ί.
2188 1291 2295 1346 Nec
2325 1292 2400 1361 (ά)
2434 1291 2745 1356 Abessalon,
2777 1291 3018 1359 quamvis
3045 1290 3242 1345 decoro
3285 1297 3339 1344 et
3377 1305 3489 1344 cor-

1915 1393 2048 1448 pore
2071 1380 2330 1449 superbus
2355 1387 2410 1434 et
2436 1380 2630 1450 capite,
2663 1387 2876 1449 poterat
2903 1379 3080 1434 dicere
3107 1379 3249 1448 quod
3271 1377 3498 1432 Samson

1920 1467 1969 1498 "
1997 1467 2133 1521 dixit
2166 1469 2181 1517 l
2214 1485 2227 1520 :
2264 1467 2324 1522 Si
2359 1479 2532 1521 tonsus
2562 1470 2725 1538 fuero,
2757 1467 2979 1520 discedet
3001 1484 3032 1520 a
3060 1484 3139 1520 me
3166 1469 3322 1521 virtus
3344 1482 3497 1531 mea;

1915 1557 2040 1628 quia
2069 1573 2176 1612 non
2205 1559 2438 1612 habebat
2484 1558 2628 1614 illam
2672 1559 2724 1611 in
2765 1559 3129 1627 pulcherrimo
3179 1558 3302 1617 licet
3352 1558 3501 1614 crine

1915 1649 2200 1714 virtutem,
2248 1663 2367 1719 qua:
2413 1666 2519 1705 non
2568 1651 2927 1720 corporalium
2979 1651 3294 1720 capillorum
3327 1650 3372 1717 ⁸,
3406 1651 3500 1707 sed

1913 1741 2095 1810 gratia:
2122 1741 2375 1811 spiritalis
2404 1749 2550 1809 erat,
2580 1757 2741 1811 quam
2774 1742 2964 1811 impius
2993 1742 3190 1796 habere
3219 1759 3324 1798 non
3354 1751 3503 1812 potco

229 1836 344 1892 hoc
373 1843 488 1900 est,
521 1833 892 1890 mortiﬁcando
919 1849 1137 1890 carnem
1185 1849 1360 1889 meam
1400 1834 1559 1890 simul
1595 1833 1800 1890 interiit
1843 1844 1888 1904 Β
1913 1839 2016 1886 rat.
2045 1831 2225 1886 Virtus
2250 1831 2394 1887 enim
2437 1840 2491 1886 et
2514 1832 2775 1902 sapientia
2814 1831 2907 1884 Dei
2935 1830 3176 1887 Christus
3203 1840 3286 1886 est
3323 1831 3337 1870 ¹
3364 1849 3378 1895 ;
3410 1833 3501 1902 qui

223 1942 360 1984 cere
380 1934 678 1997 peccatum,
736 1935 794 1981 ut
839 1927 1126 1996 superstite
1182 1927 1372 1996 spiritu
1408 1927 1584 1981 victor
1627 1925 1815 1980 salutis

226 2017 578 2087 triumphem.
621 2024 678 2071 et
703 2017 878 2072 dicam
906 2016 1094 2071 animat
1118 2031 1251 2071 mean
1281 2033 1296 2071 :
1328 2015 1628 2070 Convertere
1650 2015 1704 2068 in
1731 2031 1814 2068 re»-

223 2111 402 2180 quiem
431 2117 590 2174 tuam,
613 2109 857 2181 quoniam
876 2107 1128 2163 Dominus
1149 2107 1398 2180 benefecit
1416 2108 1541 2163 mihi
1566 2105 1594 2146 δ
1613 2125 1627 2160 :
1649 2106 1744 2163 sed
1763 2115 1818 2162 et

222 2199 474 2254 aecitate
500 2197 794 2262 Samsonis,
817 2213 922 2267 qua
950 2198 1226 2268 corporeis
1250 2205 1454 2253 tantum
1482 2205 1669 2266 captus
1687 2211 1811 2252 ocu-

223 2289 330 2357 lis,
377 2290 643 2360 spiritales
671 2305 779 2344 non
825 2290 1034 2357 amisit,
1063 2289 1334 2344 illuminor
1371 2288 1440 2344 ad
1486 2288 1815 2344 intellectum

223 2378 435 2436 bonum
469 2391 490 2418 ε
520 2389 578 2434 ιιι
605 2379 852 2450 exemplo
882 2379 1022 2434 illius
1045 2380 1212 2435 sciam
1240 2394 1376 2448 quos
1399 2379 1570 2447 magis
1591 2377 1816 2433 debeam

223 2471 421 2527 oculos
448 2471 668 2526 habere.
692 2470 809 2527 Non
826 2471 973 2526 enim
992 2471 1293 2526 invocasset
1321 2470 1409 2524 ille
1429 2471 1511 2523 vir
1531 2468 1817 2524 Dominum

223 2564 285 2619 in
315 2579 430 2619 suae
453 2564 664 2620 virtutis
691 2564 964 2627 auxilium,
995 2563 1098 2619 nisi
1119 2562 1312 2618 mentis
1337 2561 1523 2618 oculos
1547 2561 1821 2614 habuisset

223 2655 554 2722 incolumes,
575 2656 768 2724 quibus
789 2655 968 2710 lumen
995 2662 1080 2710 est
1103 2653 1362 2719 Christus,
1385 2653 1440 2706 in
1458 2652 1604 2721 cujus
1630 2651 1822 2704 lumine

222 2743 516 2799 uidebimus
544 2745 714 2799 lumen
741 2742 790 2799 ά.
823 2744 976 2811 Quod
1003 2745 1050 2799 si
1089 2758 1302 2813 semper
1329 2741 1481 2796 ardet
1509 2742 1563 2795 in
1606 2740 1822 2794 lucerna

227 2835 401 2905 131
424 2836 667 2905 corporis
691 2835 879 2900 nostri,
913 2843 1041 2890 tunc
1067 2849 1231 2903 Opera
1261 2833 1603 2888 tenebrarum
1631 2828 1706 2901 (ὁ)
1733 2844 1827 2884 oc-

219 2925 447 2988 cidunt,
477 2933 526 2978 et
564 2927 799 2995 princeps
831 2927 981 2996 hujus
1016 2926 1195 2978 mundi
1216 2925 1434 2979 mittitur
1456 2925 1598 2994 [oras
1624 2933 1648 2960 υ
1675 2939 1688 2974 :
1719 2936 1825 2976 non

223 3013 434 3080 utique
456 3021 608 3068 extra
637 3013 891 3070 mundum
919 3014 1085 3082 hunc,
1111 3030 1233 3069 cum
1255 3029 1381 3084 quo,
1406 3013 1543 3068 sicut
1570 3012 1825 3083 scriptum

219 3109 360 3172 est,
392 3102 446 3156 in
475 3101 822 3158 damnatione
849 3103 924 3174 (ο)
954 3102 1326 3173 conjudicatus
1365 3103 1534 3157 mixto
1580 3102 1687 3157 line
1728 3116 1824 3156 va-

1915 1925 1972 1978 in
1997 1924 2360 1995 parricidalem
2391 1927 2619 1978 animam
2649 1940 2750 1977 non
2781 1924 2978 1988 adibat,
3009 1924 3132 1994 quia
3163 1941 3266 1981 non
3295 1924 3500 1979 habita-

1917 2013 2003 2068 bat
2029 2014 2123 2085 (γ.
2155 2014 2372 2085 ηοῑ.;82)
2397 2017 2450 2068 in
2475 2031 2686 2085 corpore
2705 2013 2905 2068 subdito
2932 2015 3153 2084 peccatis
3179 2025 3237 2068 ιη.
3263 2015 3503 2085 Denique

1917 2106 2284 2176 capillaturam
2333 2105 2472 2162 illius
2516 2123 2616 2178 pro
2643 2107 2982 2176 iniquitatum
3020 2105 3162 2161 mole
3207 2107 3499 2173 desectam,

1917 2198 2078 2253 etiam
2095 2206 2329 2255 tonsura:
2349 2201 2638 2255 necessitas
2664 2200 2902 2260 indicata
2917 2198 2958 2229 ⁸⁷
2976 2199 2992 2268 (
3009 2198 3069 2250 γ.
3090 2210 3204 2256 ηοι.
3229 2199 3318 2268 85)
3334 2209 3503 2256 testa-

1917 2296 2025 2344 tlr.
2055 2289 2145 2346 Sic
2172 2291 2315 2345 enim
2345 2291 2511 2346 habes
2536 2309 2548 2345 :
2579 2292 2839 2352 Tondebat
2860 2306 3013 2367 caput
3040 2313 3207 2359 suum,
3233 2297 3353 2367 quia
3381 2310 3504 2364 gra-

1917 2390 2119 2436 varetur
2137 2395 2158 2435 :
2188 2397 2304 2434 cum
2325 2390 2492 2434 autem
2515 2382 2755 2438 detonsus
2774 2396 2926 2449 esset,
2949 2384 3268 2456 ponderabat
3289 2384 3503 2453 capillos

1917 2473 2104 2541 capitis
2147 2474 2254 2536 sui,
2285 2482 2336 2526 et
2363 2472 2515 2544 132
2565 2483 2715 2528 erant
2755 2486 2956 2530 centum
2995 2478 3236 2530 siclorum
3281 2477 3505 2545 pondere

1920 2563 2083 2632 regali
2118 2571 2160 2617 ".
2192 2563 2309 2628 Quo
2355 2563 2591 2632 apertius
2633 2565 2860 2633 exprimi
2908 2574 3087 2634 potest
3131 2581 3229 2634 pro
3258 2565 3509 2633 operibus

1922 2650 2192 2704 nusnerari
2221 2651 2443 2719 capillos
2462 2691 2479 2716 ,
2524 2667 2644 2706 cum
2673 2653 2726 2706 in
2757 2654 2905 2722 impii
2933 2654 3110 2722 capite
3139 2668 3244 2707 non
3273 2654 3507 2721 aliquam

1923 2739 2200 2806 virtutem,
2232 2741 2324 2796 sed
2349 2749 2552 2796 tantum
2583 2744 2845 2798 sarcinam
2885 2744 3201 2814 capillorum
3233 2744 3508 2815 Scriptura

1925 2830 2215 2897 signaverit
2257 2831 2338 2885 i'?
2360 2830 2717 2902 Ponderabat,
2741 2834 2931 2903 inquit,
2962 2835 3174 2903 capillos
3203 2837 3384 2906 capitis
3407 2836 3506 2894 sui.

1926 2917 2109 2974 Gloria
2154 2918 2294 2974 enim
2341 2920 2506 2989 impio
2550 2928 2634 2976 est
2679 2922 2930 2992 iniquitas
2958 2939 3074 2978 sua.
3120 2924 3304 2999 Neque
3333 2924 3505 2985 solum

1927 3012 2170 3082 operatio
2196 3027 2319 3070 eum
2366 3027 2595 3081 nequam
2620 3053 2636 3078 ,
2668 3013 2761 3068 sed
2791 3022 2846 3069 et
2883 3015 3132 3084 nequitia:
3157 3058 3172 3084 ,
3204 3025 3262 3070 ut
3288 3016 3506 3091 quidam

1927 3100 2035 3168 ait,
2079 3099 2215 3154 fama
2262 3099 2510 3156 delectat.
2546 3100 2698 3156 Unde
2743 3102 2872 3158 illud
2920 3106 2974 3158 in
3022 3103 3246 3163 Psalmis
3289 3106 3454 3162 habes
3490 3127 3503 3161 :

222 3192 491 3250 cuabitur
523 3210 536 3245 :
569 3193 662 3247 sed
693 3192 836 3248 foras
875 3209 906 3248 a
935 3193 1188 3249 cordibus
1228 3193 1443 3259 nostris,
1474 3207 1505 3246 a
1532 3191 1744 3262 quibus,
1776 3191 1820 3244 si
1846 3204 1894 3268 ρ
1925 3187 2064 3256 Quid
2087 3190 2330 3262 gloriaris
2359 3192 2411 3245 in
2436 3191 2655 3258 malitia,
2685 3195 2770 3265 qui
2796 3202 2978 3264 potens
2999 3213 3052 3253 es
3082 3198 3132 3250 iu
3157 3199 3425 3270 iniquitate
3447 3199 3508 3252 οἳ

224 3283 515 3340 Christum
545 3283 886 3352 recipiamus,
918 3283 1221 3352 expellitur.

307 3375 401 3430 19.
433 3374 598 3444 Ergo,
627 3375 753 3444 quia
783 3375 927 3429 illum
969 3375 1247 3431 imitantur
1269 3373 1361 3443 qui
1400 3381 1526 3428 sunt
1570 3387 1638 3428 ex
1667 3378 1822 3443 parte

229 3468 402 3532 illius,
435 3482 536 3522 nos
563 3467 832 3525 imitemur
867 3466 1150 3522 Dominum
1177 3465 1378 3530 Jesum,
1411 3465 1503 3534 qui
1531 3480 1630 3520 nos
1659 3480 1820 3520 voca-

231 3559 316 3612 vit
347 3556 401 3611 in
430 3564 633 3611 sortem
659 3555 965 3611 hereditatis
984 3570 1112 3620 suae,
1139 3563 1194 3610 et
1223 3555 1410 3611 tollere
1432 3571 1534 3610 nos
1557 3553 1715 3624 jussit
1736 3554 1823 3624 ju-

232 3662 369 3717 gum
396 3663 552 3702 suum
573 3662 757 3711 suave,
787 3654 843 3700 ut
864 3661 1026 3714 grave
1051 3645 1182 3701 illud
1210 3646 1342 3715 legis
1361 3654 1416 3701 et
1436 3646 1624 3701 mortis
1637 3644 1824 3713 jugum

235 3739 540 3794 discuteret
564 3753 593 3792 a
613 3738 770 3794 nobis
797 3736 837 3792 ί.
863 3737 959 3794 Est
972 3745 1157 3793 autem
1181 3745 1236 3792 et
1263 3737 1426 3793 crinis
1453 3746 1511 3792 ut
1534 3736 1719 3806 jugum
1749 3736 1826 3791 le-

238 3829 428 3884 vitatis
455 3828 537 3893 ‘0;
582 3844 728 3896 nam,
761 3837 816 3882 ut
843 3828 1115 3898 Scriptura
1156 3827 1334 3882 divina
1365 3843 1463 3883 nos
1487 3828 1664 3892 docet,
1695 3827 1826 3881 levis

242 3928 332 3975 est
383 3927 695 3974 sanctorum
739 3933 911 3983 coma,
955 3919 1240 3988 impiorum
1284 3919 1462 3985 gravis
1491 3926 1537 3970 ι.
1569 3916 1694 3971 Ηιυο
1735 3925 1829 3970 aut

247 4010 493 4078 virtutis,
524 4019 584 4065 ut
613 4011 666 4065 in
694 4010 983 4076 Samsone;
1029 4017 1122 4063 aut
1166 4009 1632 4072 sanctiﬁcationis,
1679 4015 1738 4062 ut
1775 4008 1827 4062 in

245 4101 503 4157 Samuele
533 4103 573 4134 "
602 4120 615 4155 :
645 4102 730 4156 illa
757 4110 938 4156 autem
982 4101 1024 4132 "
1072 4105 1164 4155 aut
1191 4099 1463 4168 ponderis,
1494 4106 1554 4151 ut
1583 4098 1634 4150 in
1659 4096 1829 4150 Abes-

247 4197 439 4252 salone
468 4197 545 4262 ";
593 4194 1029 4266 aut.squaloris,
1079 4202 1136 4247 ut
1173 4193 1226 4247 in
1265 4189 1757 4245 Nabuchodonosor
1780 4185 1828 4240 δ.

247 4286 366 4354 Qua
397 4287 674 4342 hominum
697 4297 1080 4352 comarumque
1099 4280 1364 4337 discordia
1390 4279 1648 4334 docemur
1670 4277 1722 4331 in
1743 4291 1834 4331 ca-

248 4381 392 4450 pillis
418 4395 586 4450 opera
615 4393 836 4434 censere
864 4376 942 4444 “;
972 4375 1236 4447 siquidem
1263 4373 1376 4442 regi
1402 4371 1622 4443 Assyrio
1663 4371 1716 4426 in
1745 4386 1834 4425 so-

1922 3279 2128 3337 Lumen
2174 3282 2374 3336 etenim
2423 3283 2709 3352 impiorum
2757 3286 3018 3350 tenebrm,
3069 3285 3246 3345 honor
3286 3288 3504 3354 umbra,

1919 3371 2182 3428 celsitudo
2229 3372 2502 3438 transitus,
2533 3381 2694 3443 caput
2741 3374 2962 3433 zabulus
2995 3386 3048 3439 P;
3081 3384 3134 3430 ct
3182 3375 3304 3430 ideo
3351 3389 3507 3435 coma

1922 3460 2134 3530 pondus
2177 3469 2260 3515 est
2291 3478 2304 3513 :
2336 3469 2558 3530 propter
2601 3461 2745 3531 quod
2775 3460 3048 3531 Scriptura
3097 3463 3258 3533 regali
3284 3462 3510 3531 pondere

1922 3565 2139 3620 gravem
2162 3551 2302 3605 illius
2330 3551 2606 3620 parricidae
2635 3565 2847 3611 comam
2876 3552 3036 3617 dicit,
3070 3552 3172 3608 hoc
3214 3561 3318 3619 est,
3347 3553 3510 3608 zabu-

1924 3645 2029 3701 lico
2055 3643 2291 3715 pondere
2321 3654 2368 3697 σι.
2403 3643 2586 3697 Zabuli
2616 3642 2659 3676 ⁸³
2689 3642 2887 3698 etenim
2932 3656 3154 3710 regnum
3201 3652 3286 3698 est
3333 3644 3511 3700 omnis

1925 3735 2156 3805 impius:
2189 3733 2266 3788 sic
2293 3740 2347 3788 et
2375 3733 2460 3804 qui
2503 3730 2743 3791 mollibus
2787 3732 3098 3798 vestiuntur,
3142 3734 3195 3786 in
3242 3733 3508 3803 domibus,

1927 3823 2127 3893 inquit,
2176 3839 2352 3893 regum
2388 3830 2506 3876 sunt
2539 3831 2594 3885 ';
2625 3821 2727 3875 hoc
2768 3827 2851 3876 est
2871 3863 2885 3888 ,
2914 3823 3203 3892 principum
3249 3825 3385 3877 aeris
3413 3824 3511 3876 ltu-

1981 3840 2127 3892 (ιυιι,
2176 3840 2352 3893 regum
2388 3840 2506 3876 sum
2539 3840 2594 3885 ','
2625 3840 2727 3875 HOC
2768 3840 2885 3888 εει,
2914 3840 3203 3892 prtuctpum
3249 3840 3385 3877 σει-ιο
3413 3840 3511 3876 IlI-

1921 3840 2010 3982 ﬁs
2041 3921 2085 3977 ',
2111 3919 2167 3966 et
2208 3910 2459 3979 nequitia:
2503 3909 2758 3978 spiritalis
2792 3909 2986 3963 ducum
3022 3926 3036 3966 :
3069 3911 3120 3963 in
3161 3925 3389 3978 quorum
3410 3911 3512 3970 do.

1929 4003 2103 4056 mibus
2127 4008 2182 4054 et
2209 3999 2388 4065 regnis
2415 4006 2605 4065 agunt,
2639 4005 2732 4050 aut
2760 3998 3034 4066 impietate
3061 3997 3199 4062 duri,
3233 4007 3325 4056 aut
3353 4000 3512 4056 ιπερὶ-

1930 4090 2015 4144 via
2042 4088 2270 4142 molles:
2300 4101 2528 4162 quorum
2563 4085 2759 4139 divitia:
2786 4093 3094 4152 peccatum,
3127 4086 3314 4143 itinera
3349 4087 3514 4142 labri-

1932 4196 2077 4240 cum,
2121 4178 2242 4246 ﬁnis
2289 4176 2524 4232 interitus
2560 4176 2603 4239 ι,
2632 4172 2804 4239 gloria
2850 4171 2906 4225 in
2954 4171 3190 4238 inferno,
3235 4173 3417 4232 domus
3456 4175 3512 4231 in

1934 4271 2166 4342 sepulcro
2190 4279 2216 4304 υ
2245 4276 2345 4323 est.
2378 4264 2584 4325 Talium
2613 4263 2788 4320 crines
2817 4264 3040 4325 crimina
3069 4272 3211 4329 sunt,
3236 4273 3291 4323 et
3316 4265 3514 4328 idcirco

1934 4363 2008 4418 illi
2037 4360 2212 4421 crines
2233 4371 2350 4416 esse
2380 4371 2486 4410 non
2512 4362 2757 4433 possunt,
2786 4353 2978 4430 quibus
3003 4353 3230 4415 bellator
3256 4370 3408 4416 sacer
3433 4345 3515 4410 tu;

250 4443 533 4524 iitudinem
561 4468 932 4538 feritatemque
959 4443 1240 4530 damnato,
1273 4465 1512 4518 luctuosa
1559 4462 1832 4518 concretio
1936 4471 2030 4510 nes
2058 4450 2322 4517 hostium,
2351 4455 2405 4502 et
2428 4451 2795 4538 novas-restes
2824 4443 3183 4538 quasimollia
3229 4444 3314 4505 ﬁla
3341 4445 3514 4538 sylve-

251 4559 447 4628 capitis
487 4559 686 4614 intonsi
725 4559 778 4612 in
821 4532 1004 4625 jubam
1034 4555 1204 4610 leonis
1247 4553 1515 4608 horruerit
1544 4570 1556 4605 :
1589 4561 1648 4606 ut
1669 4553 1829 4606 etiam
1861 4566 1909 4625 ι)
1933 4548 2029 4606 bat
2048 4556 2096 4600 ν.
2127 4541 2232 4598 Sed
2261 4540 2334 4594 illi
2363 4538 2558 4628 potius,
2591 4532 2659 4588 de
2687 4534 2880 4604 quibus
2899 4532 3154 4628 scriptum
3185 4543 3307 4628 est:
3340 4534 3521 4592 Funes

253 4622 499 4719 corporis
525 4649 704 4718 specie
743 4622 996 4703 transiret
1027 4646 1080 4700 in
1121 4645 1372 4707 belluam,
1403 4642 1493 4711 qui
1523 4658 1630 4696 non
1658 4641 1832 4696 solum
1865 4622 1891 4625 ᾖ
1938 4645 2281 4716 pacatorum,
2307 4627 2638 4700 εἰνεωπριελτί
2705 4634 2826 4684 tum
2882 4625 2952 4695 (ε)
2999 4625 3128 4684 mihi
3171 4634 3217 4678 ⁸-
3271 4622 3517 4681 Peccatis

331 4821 358 4850 ε
392 4810 548 4864 Rom.
580 4825 650 4872 vi,
677 4808 737 4873 4;
765 4807 882 4862 Col.
913 4823 968 4870 ιι,
998 4804 1092 4868 12;
1124 4803 1166 4857 ll
1187 4803 1313 4873 Cor.
1343 4819 1396 4866 v,
1427 4799 1671 4873 15;_Gal.
1704 4815 1758 4863 ιι,
1791 4797 1890 4873 ερη
1951 4793 2152 4873 ‘_'_P_sal.
2193 4789 2428 4873 CX_IV,‘?._
2490 4799 2512 4827 ο
2546 4783 2970 4873 ιξςξιιλςκρῂίολ-
3011 4779 3250 4873 “3.91180:
3268 4800 3412 4873 'Vl‘IloL
3431 4785 3517 4873 ξες

258 4851 603 4944 Ρδειιῖῖἔένξ
615 4851 708 4931 0-.
724 4851 737 4873 ’
766 4851 861 4929 :vi
869 4851 1226 4944 cli-tintix—xv:
1237 4851 1399 4944 vi
1423 4851 1452 4908 ί
1465 4851 1668 4944 dubia—ri.
1687 4851 1819 4944 il;

1920 4883 1925 4928 ;
1955 4864 2090 4944 Eph.
2121 4880 2171 4927 ι,
2203 4851 2462 4944 lli-“Col.
2486 4857 2654 4944 13.13;
2696 4851 3006 4944 Mattbhgl,
3046 4851 3135 4944 I'30..
3179 4863 3236 4944 λβ
3267 4853 3288 4907 ι
3315 4853 3514 4938 Ιοιιθρ.

259 4919 399 5013 iis}:
432 4919 565 5004 ’ῖῖ
581 4919 715 5016 illa;
751 4966 797 5014 ι,
833 4919 1169 5016 ﬁtting:
1184 4919 1432 5016 iii—[26;
1465 4919 1710 5016 ιῖέιῇἷῖὲζ
1723 4919 1819 4996 '36.

1920 4919 1925 4972 Ῐ
1960 4919 2087 4988 Luc.
2117 4919 2250 4995 κίνει,
2281 4919 2368 4984 2‘2.
2451 4928 2463 4978 i
2511 4919 2554 4987 il
2585 4919 2718 4993 Reg.
2750 4942 2857 4990 xiv,
2881 4922 2969 4976 25.
3046 4921 3071 4958 ¹ι
3105 4919 3278 4976 Judic.
3312 4939 3430 4986 xvi,
3463 4925 3514 4983 7,

2071 5002 2089 5016 ι
2113 5001 2204 5016 νυ
2310 5010 2331 5016 ,ι
2357 4997 2397 5016 τι
2431 4997 2473 5016 _l
2522 5015 2534 5016 γ
2555 5014 2567 5016 -
2613 4995 2643 5016 σι
2744 4993 2900 5016 -n-..l
2946 5007 3105 5016 ..υ-.--.
3165 4991 3196 5016 L'
3279 4992 3358 5016 nll
3382 4993 3492 5016 1).-..

258 4992 560 5077 ééc‘f'cxi.
875 4992 1022 5081 ἱζέῐ.
1035 4992 1167 5068 ἲὶιὲῐ
1175 4992 1248 5082 p—.—
1261 4992 1390 5082 ἐζ
1421 4992 1472 5046 ὐν
1483 4992 1819 5082 ΙΙΒεξέίκιν,

1920 4992 2244 5082 ηεθροὲέξξὲίέ
2308 5010 2332 5034 ⁰
2357 4997 2494 5082 Ῑῖ⁸ὶ¹¹ο
2520 4992 2710 5082 ’δ’ἒί.
2744 5006 2770 5044 ⁸³
2787 4993 2928 5082 Ρδ³¹ῖ
2946 5007 3124 5082 ιξὲν’
3146 4992 3226 5082 .6:
3251 4992 3359 5082 ,ΖΨ
3380 4993 3511 5082 "fi?

261 5060 368 5152 iit-1
397 5060 565 5145 se“:
590 5060 1400 5154 Μειῐιῐῖ·έι;ἰῑξίυῖεῑ
1478 5060 1819 5154 integit,

1988 5076 2004 5110 α
2033 5060 2234 5141 Philip.
2268 5084 2341 5135 ιιι,
2376 5067 2462 5124 i9.
2539 5075 2566 5102 υ
2594 5064 2734 5121 Psal.
2764 5068 2949 5128 xLVIn,
2982 5060 3068 5114 l2.
3146 5070 3171 5098 τ
3199 5061 3372 5124 indic.
3405 5077 3512 5114 xvi.

261 5160 314 5226 9,
359 5171 413 5214 ct
441 5176 536 5225 χιι,
570 5159 658 5212 l3.
732 5167 756 5193 ι
797 5154 940 5210 Psal.
982 5169 1162 5218 cxvnt,
1195 5151 1280 5205 6|.

333 5317 412 5386 (α)
442 5311 540 5368 Ms.
571 5306 724 5378 Reg,
756 5309 909 5362 domu
939 5321 1051 5359 sua.
1077 5303 1168 5358 Sic
1194 5301 1321 5356 olim
1349 5298 1552 5372 antiqui
1580 5297 1764 5355 dixere
1789 5295 1844 5350 in
1945 5294 2005 5386 tii
2027 5286 2969 5386 Hamartlg‘e‘nhve'rsémgnft
2982 5278 3346 5386 ἓξ

333 5351 411 5388 ψ,
442 5351 540 5368 μισ.
573 5351 724 5378 ..νου
756 5351 908 5362 ..νη--
939 5351 1050 5359 πω
1079 5351 1166 5358 η--
1200 5351 1321 5356 --πη
1352 5351 1551 5372 “er,
1590 5351 1607 5355 κγ

260 5396 418 5443 sexto
448 5392 596 5438 easu.
1527 5435 1586 5443 ___
1799 5433 1811 5443 _

1947 5373 2032 5443 tur
2075 5351 2418 5443 tamen'app‘d
2458 5356 2600 5443 ωςχ
2627 5351 2946 5429 interpretes
2982 5351 3338 5420 'AGneaicbp,
3370 5356 3425 5404 et
3461 5351 3515 5404 in

265 5428 417 5525 “Ib;
445 5428 731 5520 iét'keg.
756 5457 810 5504 et
829 5443 1285 5512 Vien.,occident;
1312 5447 1367 5495 et
1385 5453 1513 5494 mox
1527 5433 1844 5493 Viennensis
1947 5433 2115 5489 tribus
2143 5431 2297 5484 editis
2325 5428 2642 5510 Abessatom.
2771 5428 2778 5429 “
2825 5494 2838 5509 ⁸
2956 5491 2967 5503 ⁸
3211 5486 3223 5499 ο
3495 5491 3508 5504 0

265 5527 465 5586 codex.
493 5526 740 5578 minetur-
993 5583 1000 5586 Α
1115 5583 1123 5586 Α
2011 5501 2081 5586 (εἴ)
2112 5499 2300 5586 ιὲῐΨιπέ.
2312 5497 2722 5586 Ὄξξξῗῖίυέηέἓηὲ
2750 5489 3510 5586 (ιη’..ἱίέῗέΡθέἶῗίζέἴξἪΡΞῬ

772 5603 885 5664 cum
903 5583 1176 5664 ju-tlicatis‘.
1195 5648 1255 5664 ψ
1461 5659 1494 5664 Δ
1534 5645 1652 5664 Δ...
1711 5643 1750 5664 η
1803 5641 1817 5664 ³
1941 5554 2514 5664 ξιιξξζἮὶΕἱἏΡΞξιξξειὶα
2543 5567 2578 5622 5
2600 5576 2655 5623 et
2690 5567 2747 5622 S.
2768 5554 3010 5629 -August.
3041 5557 3093 5597 ει·
3123 5554 3378 5618 osah’nos'
3405 5560 3513 5619 cir-

339 5641 416 5732 δή
438 5641 924 5723 Ῑῖεἶὲοόὶεθέ
951 5653 1081 5720 Reg.
1113 5659 1169 5705 et
1195 5648 1350 5732 Victi.
1374 5659 1499 5732 cum
1527 5645 1684 5732 editis
1711 5641 1840 5732 l‘lad.
1944 5641 2197 5696 cumulari
2225 5648 2343 5696 sunt
2371 5655 2467 5696 me.

267 5747 321 5792 et
341 5713 528 5803 Elui};
553 5713 718 5790 e—t‘sic
747 5729 938 5798 legitur
963 5725 1015 5781 in
1031 5713 1184 5778 'mss.
1213 5715 1488 5773 codicibus
1517 5715 1582 5770 ad
1606 5713 1839 5773 Prudenp
