4078 6352
519 377 619 433 271

1644 368 1699 426 S.
1737 369 2021 425 PAULlNl'
2049 368 2296 426 NOLANI
2339 366 2646 429 EHSCOPI

3689 369 3807 425 272

518 489 663 544 enim
690 485 801 540 suis
827 484 1002 540 anima
1036 492 1090 537 et
1119 483 1299 552 implie
1318 491 1424 535 itur
1452 492 1504 535 et
1532 484 1810 551 premitur.
1838 481 1992 547 Quod
2023 483 2101 551 (α)
2133 491 2175 545 Λ
2204 496 2548 548 :eternorutn,
2567 492 2623 538 et
2646 484 2775 537 dicit
2800 501 2814 536 ε
2847 483 3024 538 Nolite
3038 499 3267 554 qua'rere
3284 500 3399 554 quae
3418 484 3467 538 in
3491 482 3585 537 hoc
3606 486 3809 538 mundo

517 578 658 635 bene
674 575 879 646 probat
908 572 1194 642 Propheta,
1218 571 1307 640 qui
1337 571 1464 626 dicit
1492 589 1503 622 :
1538 569 1986 639 Superposuerunt
2007 571 2107 623 ini-
2209 582 2355 637 sunt;
2386 575 2616 642 praeterit
2654 577 2789 627 enim
2825 574 2978 643 hujus
3006 574 3184 628 mundi
3228 575 3398 645 ﬁgura
3429 587 3474 627 ι.
3510 574 3575 627 Et
3606 575 3809 628 iterum

527 670 738 742 quitutes
771 666 846 740 (b)
876 682 1002 743 mea:
1024 662 1117 735 (ν.
1142 673 1255 717 ιιοι.
1290 661 1380 734 84)
1412 671 1566 732 caput
1593 678 1783 728 meum,
1811 663 1941 714 sicut
1978 676 2109 715 onus

526 776 678 832 graue
697 765 1221 832 gravalwsuntsuper
1234 770 1313 808 me
1334 766 1380 806 ’⁸.

598 850 686 903 21.
732 848 894 903 Vides
922 862 1082 916 quam
1127 861 1317 915 graves
1361 846 1559 900 habeat
1605 852 1858 914 peccator
1878 857 2103 898 ‘acomas.

526 942 616 1007 At,
647 941 733 996 cui
774 956 929 996 coma
973 940 1217 994 Christus
1245 946 1361 1003 est,
1406 938 1540 993 levis
1585 946 1641 992 et
1688 935 2112 993 volucer-exsul-

463 1018 474 1033 ’
524 1042 603 1086 tat
636 1042 682 1096 ",
714 1031 900 1087 dicens
932 1048 945 1083 :
976 1028 1138 1093 Deus,
1167 1030 1253 1100 qui
1277 1028 1551 1099 prtecinxit
1581 1043 1660 1081 me
1702 1028 1905 1092 virtute,
1940 1035 1991 1079 et
2016 1043 2113 1095 po-

527 1122 628 1174 suit
659 1120 1045 1174 immaculatum
1075 1120 1207 1171 viam
1234 1133 1399 1171 meant
1424 1133 1440 1169 :
1462 1116 1547 1187 qui
1569 1116 1783 1187 perfecit
1800 1114 1955 1182 pedes
1976 1129 2115 1167 meos

528 1220 792 1279 tamquam
824 1192 893 1280 (ἐ)
924 1210 1058 1263 cervi
1076 1248 1091 1273 ,
1136 1219 1184 1262 et
1210 1225 1362 1279 super
1389 1207 1591 1262 excelsa
1632 1207 1812 1259 statuit
1840 1222 1920 1258 me
1945 1203 1993 1258 δ.
2018 1202 2115 1258 Ju-

531 1313 657 1368 gum
688 1302 862 1365 enim,
898 1308 954 1353 ut
981 1299 1111 1366 dixi,
1143 1307 1198 1353 et
1226 1314 1378 1353 coma
1401 1297 1595 1352 Christi
1642 1295 1775 1350 levis
1802 1304 1884 1350 est
1914 1305 1962 1361 ε,
1991 1293 2115 1363 quia

530 1393 827 1447 servientes
856 1390 1073 1445 Christo
1097 1404 1383 1458 operamur
1407 1388 1571 1453 bona,
1601 1388 1795 1456 quibus
1822 1385 2043 1457 pennati
2065 1384 2118 1438 in

531 1484 635 1538 alta
680 1483 1041 1553 provehimur.
1078 1480 1229 1537 Unde
1257 1481 1420 1535 etiam
1450 1480 1501 1533 iu
1549 1494 1708 1533 carne
1739 1477 1926 1547 positis
1965 1474 2118 1529 Chri-

529 1575 717 1630 stianis
745 1574 1033 1645 Apostolus
1056 1573 1227 1629 dicit:
1262 1572 1365 1628 Vos
1396 1583 1564 1626 autem
1597 1573 1712 1642 jam
1752 1588 1855 1626 non
1895 1572 2019 1625 estis
2066 1572 2121 1623 in

530 1684 705 1733 carne,
737 1666 826 1721 sed
868 1668 924 1720 in
954 1666 1141 1735 spiritu
1170 1661 1218 1717 ἀ.
1251 1663 1504 1733 Subjecta
1553 1664 1695 1717 enim
1740 1662 1966 1725 subditae
2010 1660 2122 1716 Deo

535 1757 728 1817 tutimze
755 1770 882 1809 caro
912 1756 1104 1808 transit
1127 1754 1178 1807 in
1204 1754 1469 1822 spiritum,
1502 1768 1612 1807 non
1641 1751 1952 1807 substantia:
1974 1766 2122 1805 com-

2211 664 2350 718 idem
2386 679 2397 715 :
2431 663 2559 726 Quae
2602 680 2803 717 sursum
2841 673 2960 718 sunt
2987 666 3216 735 quwrite,
3248 665 3333 717 ubi
3360 664 3599 719 Christus
3628 677 3706 718 est
3733 666 3811 717 ad

2212 753 2475 807 dexteram
2501 753 2677 807 Patris
2695 752 2739 807 ιι.
2776 753 2967 807 Omnia
2994 756 3151 821 enim,
3177 764 3231 808 ut
3269 754 3621 811 Ecclesiastes
3654 754 3669 791 ¹
3706 758 3811 819 ais,-

2213 842 2305 897 sub
2339 844 2448 896 sole
2490 845 2709 897 vanitas.
2737 843 2969 898 Proinde
3006 860 3168 914 super
3194 845 3363 899 solem
3393 848 3614 899 veritas.
3646 845 3723 898 lta
3752 854 3815 899 et

2214 936 2306 1007 qui
2338 937 2390 990 in
2420 939 2648 991 veritate
2676 938 2991 999 consistunt,
3024 938 3124 991 etsi
3155 938 3292 991 intra
3324 939 3582 991 mundum
3622 939 3814 992 vivant

2217 1027 2550 1081 habitatione
2602 1042 2903 1096 corporea,
2956 1036 3134 1081 tamen
3175 1043 3336 1097 supra
3383 1028 3645 1082 mundum
3684 1036 3817 1082 sunt

2216 1118 2628 1171 conversatione
2655 1118 2879 1171 caelesti.
2927 1117 2993 1169 Et
3020 1128 3288 1172 astrorum
3316 1120 3544 1184 choros,
3576 1120 3665 1174 vel
3692 1137 3814 1176 οω-

2219 1205 2393 1261 lorum
2423 1208 2576 1276 polos
2608 1209 2676 1278 τί)
2707 1202 2982 1262 evolantes
3021 1209 3210 1276 spiritu
3247 1210 3515 1263 scandunt
3542 1218 3599 1263 et
3625 1226 3816 1280 super-

2221 1298 2438 1362 vadunt,
2466 1299 2827 1365 celsioresque
2849 1300 3129 1353 elementis
3158 1310 3341 1367 agunt,
3372 1315 3481 1354 non
3503 1301 3707 1355 subditi
3735 1317 3796 1356 re

2219 1389 2320 1443 bus
2341 1398 2396 1443 et
2436 1389 2617 1444 usibus
2642 1390 3051 1453 elementorum,
3083 1390 3177 1446 sed
3220 1388 3381 1445 allisa
3428 1393 3471 1424 '°
3500 1394 3555 1446 in
3594 1392 3815 1447 Christe

2225 1482 2329 1534 vita
2360 1481 2668 1550 superiores
2698 1481 2896 1537 mutulo
2924 1479 3075 1545 ﬁunt,
3108 1490 3391 1538 manentes
3420 1485 3472 1538 in
3514 1501 3587 1539 eo
3612 1487 3704 1553 qui
3733 1488 3820 1539 est

2223 1588 2385 1640 super
2412 1573 2591 1625 omnia
2624 1571 2764 1625 Deus
2786 1571 3099 1626 benedictus
3130 1574 3183 1627 in
3210 1575 3391 1628 secula
3409 1584 3469 1628 ⁸η.

2295 1662 2384 1715 25.
2445 1661 2604 1716 Vides
2653 1662 3108 1729 quemadmodum
3156 1678 3257 1717 nos
3301 1678 3332 1716 a
3381 1664 3699 1720 mortalibus
3750 1664 3819 1718 ad

2227 1754 2393 1809 Deum
2425 1752 2710 1807 transferat
2760 1752 2996 1807 imitator
3019 1752 3220 1808 Christi
3242 1763 3292 1821 ιι,
3335 1754 3581 1809 doctrina
3612 1756 3821 1825 pariter

539 1845 857 1908 mutatione,
883 1842 977 1897 sed
1017 1842 1155 1897 vitae.
1188 1841 1373 1910 Itaque
1400 1849 1457 1896 et
1484 1848 1713 1895 mortem
1742 1840 1872 1894 mihi
1900 1838 2121 1894 Samso-
2160 1858 2200 1916 η
2228 1845 2584 1914 exemploque
2624 1844 2870 1907 virtutis,
2901 1846 3149 1900 auferens
3192 1846 3552 1901 velamentum
3590 1862 3621 1900 a
3652 1846 3821 1901 corde

538 1936 622 1989 nis
645 1942 700 1989 et
721 1936 1018 1990 eeoitatem
1046 1933 1192 1998 volo,
1226 1941 1281 1987 ut
1309 1933 1481 1988 vivam
1509 1940 1564 1987 et
1591 1932 1799 1987 videam
1825 1930 1956 1995 Deo.
1992 1931 2125 1986 Nam

541 2023 767 2080 forsitan
803 2025 882 2098 (ἀ)
908 2024 1003 2089 ille
1031 2023 1263 2093 receptis
1291 2030 1512 2092 propter
1539 2022 1776 2077 futurum
1813 2021 2124 2091 mysterium

540 2116 592 2169 in
623 2129 775 2170 coma
804 2114 1037 2176 viribus,
1085 2112 1239 2183 133
1269 2112 1509 2180 recipere
1546 2110 1731 2175 simul,
1764 2117 1822 2163 ut
1849 2110 2125 2175 amiserat,

538 2207 727 2262 oculos
764 2206 884 2260 ideo
916 2220 1022 2259 non
1050 2202 1392 2269 desideravit,
1428 2203 1553 2271 quia
1581 2202 1752 2256 virtus
1781 2201 1867 2255 illa
1893 2201 2128 2256 ccelestis

539 2300 723 2367 gratia:
754 2297 976 2353 internis
1022 2311 1151 2351 sana
1180 2295 1469 2350 luminibus
1496 2307 1759 2363 corporeo
1799 2307 1907 2347 non
1935 2292 2130 2359 egebat

541 2392 751 2445 obtutu.
2120 2441 2127 2447 ,

586 2478 697 2532 »22.
738 2477 854 2533 Iloc
884 2477 1043 2548 igitur
1064 2475 1314 2547 exemplo
1334 2483 1389 2532 et
1414 2491 1515 2532 nos
1542 2474 1810 2532 contentis
1837 2472 1904 2529 ad
1943 2472 2130 2539 Domie

539 2585 668 2624 num
687 2569 955 2633 sensibus,
970 2568 1213 2623 carnales
1234 2567 1416 2622 oculos
1437 2565 1757 2621 secularium
1778 2579 1957 2635 rerum
1977 2579 2131 2618 aver-

538 2660 692 2715 sione
716 2674 998 2725 caecetnus,
1031 2659 1226 2727 quibus
1265 2657 1446 2712 orbari
1473 2656 1733 2727 propheta
1764 2652 2126 2719 desiderabat,

542 2769 663 2807 cum
678 2753 910 2813 ,diceret:
930 2752 1110 2805 Averte
1131 2750 1305 2804 oculos
1326 2766 1464 2804 meos
1489 2765 1553 2802 ne
1576 2747 1777 2802 videant
1792 2745 2125 2801 vanitatem'.

542 2842 613 2897 Et
638 2843 898 2898 Dominus
936 2843 1050 2913 ipse
1079 2842 1249 2896 oculis
1280 2840 1584 2896 Judmorum
1614 2841 1908 2895 caecitatem
1940 2834 2131 2907 praefe-

545 2948 688 2997 rens,
718 2933 846 2986 dicit
877 2949 889 2984 :
922 2932 995 3007 Si.
1013 2933 1131 2985 ca'ci
1159 2933 1354 2995 essetis,
1386 2943 1650 3001 peccatum
1679 2948 1782 2985 non
1811 2928 2124 2984 haberetis‘.

547 3022 973 3076 Remiuiscamur
998 3036 1102 3090 qua
1128 3022 1365 3090 pernicie
1391 3022 1494 3075 illis
1516 3021 1567 3074 in
1591 3020 1840 3091 paradiso
1861 3021 2001 3075 oculi
2021 3020 2130 3074 sint

547 3115 740 3186 aperti,
757 3130 894 3184 quos
910 3113 1112 3168 tamdiu
1127 3114 1430 3169 habuerunt
1462 3113 1793 3169 illuminatos
1806 3114 1937 3178 Deo,
1948 3127 2131 3183 quam-

2229 1942 2413 1989 nostro
2433 1976 2449 2000 ,
2475 1943 2532 1987 ut
2559 1934 2783 1987 retelata
2809 1935 2943 2004 [acie
2968 1936 3369 2006 contemplemur
3394 1937 3616 2009 gloriam
3644 1937 3743 1991 Dei
3769 1947 3818 2001 ⁰;

2227 2043 2348 2096 quze
2377 2027 2678 2080 inﬁdelibus
2705 2026 2970 2081 velamine
3007 2028 3137 2095 legis
3161 2028 3533 2093 absconditur,
3569 2027 3823 2084 fidelibus

2228 2117 2503 2186 Evangelii
2533 2116 2864 2171 revelatione
2890 2116 3177 2185 detegitur.
3213 2116 3331 2172 Jam
3361 2132 3491 2186 ergo
3522 2119 3679 2173 nobis
3725 2119 3820 2173 illa

2228 2211 2430 2266 carnali
2449 2226 2603 2264 coma
2616 2224 2751 2278 opus
2773 2224 2879 2265 non
2900 2218 2999 2267 est.
3030 2210 3215 2265 Vetera
3229 2210 3393 2270 enim,
3421 2209 3613 2279 inquit,
3640 2220 3820 2265 trans—

2228 2304 2397 2357 ie:unt
2421 2345 2435 2368 ,
2477 2312 2528 2357 et
2552 2318 2668 2359 ecce
2695 2322 2831 2360 nunc
2865 2303 3022 2377 135.
3055 2305 3231 2357 omnia
3251 2320 3381 2357 ποτα
3407 2305 3449 2335 ⁸⁸
3485 2314 3530 2368 ρ,
3558 2304 3823 2372 quoniam

2229 2401 2466 2448 exortum
2503 2405 2579 2449 est
2606 2396 2659 2448 in
2688 2394 2911 2450 tenebris
2939 2395 3110 2448 lumen
3139 2394 3291 2448 rectis
3319 2394 3491 2458 corde,
3525 2394 3823 2447 misericors

2228 2495 2279 2538 et
2306 2486 2596 2550 miseratur,
2629 2496 2680 2540 et
2696 2486 2869 2557 justus
2891 2484 3165 2540 Dominus.
3192 2483 3443 2537 Dominus
3465 2490 3635 2536 autem
3660 2483 3826 2553 spiri-

2232 2584 2312 2629 tus
2338 2576 2433 2630 est.
2471 2575 2569 2629 Ubi
2610 2593 2727 2630 vero
2755 2577 2967 2647 spiritus
3014 2574 3247 2639 Domini,
3295 2574 3368 2627 ibi
3414 2571 3708 2627 ιίὸθνιιηιιε
3766 2580 3825 2626 et

2231 2666 2352 2721 ideo
2397 2673 2527 2722 tunc
2567 2667 2759 2722 honori
2789 2667 2949 2721 fuerit
2976 2665 3279 2735 capillatio,
3311 2673 3432 2718 cum
3471 2662 3645 2717 adhuc
3686 2662 3825 2716 illud

2230 2757 2471 2826 spiritale
2498 2757 2743 2812 velamen
2789 2757 2921 2826 legis
2947 2755 3112 2811 etiam
3139 2754 3409 2824 corporin
3452 2754 3637 2807 habitu
3658 2768 3826 2823 prte-

2230 2849 2357 2903 ferri
2402 2849 2723 2920 oportebat;
2769 2864 2913 2904 nunc
2955 2848 3067 2918 jam
3097 2848 3251 2903 oneri
3278 2856 3382 2914 est,
3424 2855 3706 2918 postquam
3734 2845 3825 2901 sol

2230 2948 2444 2994 merere
2474 2939 2738 2994 libertatis
2771 2939 2946 2993 illuxit
2975 2940 3020 2971 "
3047 2978 3061 3004 ,
3085 2945 3145 2993 et
3166 2946 3328 3008 caput
3345 2937 3503 2992 nobis
3537 2937 3709 2991 factus
3734 2943 3827 2990 est

2230 3030 2478 3086 Christus
2500 3070 2515 3096 ,
2546 3030 2639 3099 qui
2680 3039 2780 3084 nos
2815 3038 2871 3086 ut
2906 3034 3050 3098 iugo,
3082 3029 3157 3083 ita
3186 3036 3244 3083 et
3269 3042 3435 3083 onere
3462 3027 3699 3097 capitum
3721 3024 3825 3079 de-

2231 3138 2539 3193 pressorum
2605 3122 2811 3177 levaret
2841 3132 2863 3160 ¹’
2892 3143 2919 3176 .·
2962 3120 3251 3191 Propterea
3294 3118 3405 3189 jam
3451 3118 3712 3173 audemus
3767 3116 3826 3173 in

539 3207 630 3262 diu
659 3207 869 3262 clausos
907 3206 1144 3261 habuere
1170 3213 1395 3276 peccato
1421 3216 1469 3261 κ.
1499 3204 1632 3259 Nam
1661 3214 1773 3259 tum
1797 3205 2015 3260 demum
2046 3206 2119 3278 (e)
2149 3219 2194 3281 (ς
2224 3228 2360 3269 voce
2384 3212 2762 3268 “saltationis
2787 3218 2843 3267 et
2869 3210 3228 3267 confessionis
3250 3220 3299 3278 ι,
3318 3217 3379 3265 ιιι
3406 3209 3583 3277 liberi,
3604 3207 3822 3279 proclao

540 3297 799 3353 nuditatis
844 3312 955 3351 sum
1000 3296 1294 3351 hauserunt
1332 3295 1627 3366 pudorem,
1657 3312 1778 3351 cum
1809 3296 1964 3351 bona:
1991 3311 2126 3351 cott-

536 3390 778 3447 scientiaa
800 3388 1122 3455 castitatem,
1151 3386 1306 3457 cujus
1347 3388 1546 3443 lumine
1572 3388 1959 3451 vestiebantur,
1990 3401 2128 3457 prae-

442 3540 449 3547 ,
538 3482 883 3538 varieationis
911 3482 1136 3538 crimine
1158 3481 1523 3553 perdiderunt.
1549 3480 1617 3534 Et
1641 3480 1763 3536 ideo
1779 3480 1892 3535 veri
1912 3479 2128 3535 luminis

539 3573 791 3629 dammam
817 3582 919 3639 est,
948 3572 1017 3627 ad
1046 3588 1201 3628 usum
1230 3572 1575 3628 tenebrarum
1604 3573 1681 3627 uti
1724 3572 2038 3637 luminibus;
2069 3579 2126 3627 et

540 3665 726 3720 oculos
766 3665 821 3719 in
851 3671 1062 3718 terrena
1086 3663 1293 3719 defixos
1318 3678 1519 3720 czecare
1546 3663 1873 3719 coelestibus.
1918 3662 2124 3718 lllumi-

542 3760 703 3808 natur
727 3762 908 3807 autem
937 3754 1114 3807 anima
1144 3754 1237 3807 tali
1267 3754 1528 3817 czecitate,
1560 3766 1667 3822 qua
1695 3753 1923 3822 despicit
1967 3769 2125 3807 mun-

544 3845 693 3910 dum,
720 3853 781 3901 ut
805 3846 1103 3915 conspiciat
1126 3846 1311 3901 Deum.
1337 3844 1471 3909 Quia
1498 3862 1665 3911 omne,
1693 3846 1882 3914 inquit,
1909 3848 2047 3917 quod
2070 3850 2126 3903 in

542 3935 734 4004 nutritio
752 3943 849 4001 est,
873 3937 1287 4006 concupiscentia
1311 3936 1573 3991 oculorum
1594 3945 1671 3989 est
1693 3934 1740 3988 ιι.
1764 3936 1843 3989 01)
1867 3936 1973 3999 hoc,
1990 3935 2129 4006 Apo-

541 4028 713 4085 stolus
738 4028 930 4085 obduci
960 4029 1129 4083 aciem
1158 4036 1396 4095 nostram
1427 4028 1553 4082 huic
1583 4027 1783 4082 mundo
1805 4068 1819 4092 ,
1854 4035 1909 4082 et
1936 4028 2127 4082 enubi-

541 4120 640 4176 lari
672 4119 769 4191 (V.
799 4135 965 4177 carm.
997 4118 1085 4185 2t,
1116 4135 1257 4175 vers.
1290 4118 1417 4191 667)
1457 4118 1674 4175 Christo
1701 4120 1921 4186 docens,
1952 4120 2003 4175 ei
2028 4121 2127 4175 sci-

539 4209 668 4265 licet
693 4211 781 4281 qui
806 4209 1067 4266 illuminat
1092 4226 1298 4266 omnem
1324 4210 1581 4265 hominem
1607 4211 1887 4264 uenientem
1913 4210 1967 4263 in
1989 4210 2126 4265 hunc

543 4301 793 4354 mundum
820 4301 861 4366 ί,
894 4300 947 4355 id
966 4302 1259 4367 est,omnis
1286 4301 1517 4356 hominis
1537 4308 1771 4356 mentem
1800 4300 2127 4365 venientem,

2230 3319 2407 3358 mare:
2437 3303 2835 3372 Disrumpamus
2858 3303 2903 3335 ⁵³
2930 3302 3134 3357 vincula
3160 3317 3336 3357 eorum
3360 3342 3375 3367 ,
3405 3310 3455 3354 et
3478 3301 3823 3371 proﬁciamus

2230 3412 2263 3448 a
2289 3394 2437 3449 nobis
2459 3395 2645 3465 jugum
2662 3396 2892 3465 ipsorum
2914 3393 2960 3447 ί.
2976 3390 3133 3447 Nunc
3152 3392 3294 3447 enim
3316 3402 3512 3462 tempus
3530 3399 3825 3459 acceptum,

2230 3501 2365 3539 nunc
2389 3486 2574 3539 salutis
2600 3484 2709 3539 dies
2731 3493 2779 3550 ιι,
2810 3499 2931 3539 cum
2956 3482 3067 3551 jam
3099 3497 3204 3537 non
3233 3482 3288 3535 in
3315 3481 3502 3535 umbra
3524 3480 3701 3543 nubis,
3721 3477 3828 3533 sed

2230 3576 2284 3630 in
2315 3575 2516 3631 lumine
2560 3574 2804 3645 corporis
2837 3574 2919 3630 sui
2950 3573 3162 3628 Veritas
3206 3573 3375 3627 adest.
3409 3569 3475 3624 Et
3498 3573 3552 3642 (ει
3612 3581 3823 3640 oppor-

2232 3673 2360 3720 tune
2380 3664 2448 3719 ad
2474 3664 2659 3733 gratia:
2689 3673 2898 3734 tempus
2917 3672 2973 3719 et
2999 3663 3233 3733 speciem
3266 3662 3524 3717 libertatis
3553 3669 3739 3715 tonsor
3766 3660 3827 3713 in

2229 3764 2481 3825 promptu
2511 3764 2612 3820 est,
2643 3756 2735 3825 qui
2766 3770 2866 3810 nos
2893 3764 2949 3808 et
2976 3753 3270 3825 prolixiore
3297 3753 3490 3822 capitis
3514 3752 3831 3807 velamento

2229 3849 2395 3913 levet,
2446 3854 2503 3900 ut
2543 3848 2730 3915 gratia:
2775 3846 3030 3915 spiritalis
3076 3843 3394 3900 beneﬁcium
3423 3843 3588 3897 etiam
3628 3856 3830 3911 corpo-

2231 3938 2359 3993 ralis
2398 3936 2568 3991 forma
2598 3944 2842 4001 testetur,
2873 3945 2930 3990 et
2958 3937 3012 3990 in
3040 3934 3301 3990 libertatis
3327 3935 3552 3988 interna:
3582 3932 3826 3987 lzetitiam

2232 4029 2497 4083 serenitas
2526 4028 2776 4083 revelata:
2799 4027 2988 4083 frontis
3015 4036 3269 4082 ostentet.

2303 4118 2395 4172 24.
2433 4118 2669 4172 Feminis
2698 4126 2903 4173 tantum
2933 4132 3143 4173 comam
3170 4115 3462 4187 apostolica
3494 4116 3574 4186 (It)
3604 4115 3829 4185 reliquit

2237 4209 2560 4274 auctoritas;
2592 4208 2716 4277 quia
2761 4209 2862 4263 etsi
2900 4208 3029 4278 ipsis
3065 4223 3171 4262 una
3205 4208 3482 4265 nobiscum
3512 4204 3646 4261 tiles
3669 4206 3827 4260 vela-

2241 4306 2483 4352 mentum
2513 4298 2693 4353 cordis
2722 4299 2784 4370 (i)
2817 4305 3067 4352 amoveat
3087 4338 3102 4363 ,
3133 4305 3309 4351 tamen
3341 4297 3689 4363 tegimentum
3725 4310 3827 4350 ca-

541 4392 800 4450 sollicitat
844 4407 945 4447 nos
989 4393 1057 4447 ab
1083 4401 1303 4463 aspectu
1344 4394 1686 4462 praesentium
1726 4392 1779 4445 in
1824 4398 2132 4460 suspectum
2162 4386 2213 4444 Ι)
2241 4392 2361 4461 pitis
2383 4431 2398 4454 ,
2428 4398 2483 4444 et
2521 4390 2712 4446 frontis
2738 4391 3137 4457 umbraculum,
3167 4388 3504 4445 verecundia:
3531 4388 3697 4443 decus
3723 4401 3825 4457 po-

621 4537 645 4563 α
677 4527 816 4585 Psal.
852 4543 1054 4588 xxxv".
1088 4527 1142 4581 5.
1216 4528 1243 4567 δ
1273 4528 1415 4583 Psal.
1449 4546 1578 4591 xvn,
1609 4528 1697 4582 ⁸55.
1774 4537 1796 4566 ε
1830 4526 2015 4581 Matth.
2049 4542 2138 4593 χι,
2168 4525 2252 4579 30.
2333 4523 2356 4562 δ
2392 4526 2546 4580 Rom.
2579 4544 2697 4595 vm,
2727 4529 2778 4582 9.
2860 4539 2882 4566 ⁸
2915 4526 3056 4582 Psal.
3085 4544 3275 4587 cxvtn.
3303 4527 3391 4581 57.

546 4597 632 4650 Μ.
711 4596 981 4660 εϐθιωιι,
1013 4598 1067 4649 7.
1144 4598 1167 4634 ιδ
1197 4597 1426 4651 lJohan.
1456 4615 1511 4656 ιι,
1543 4597 1628 4651 16.

1714 4595 1726 4633 ί
1754 4595 1947 4650 Johan.
1972 4612 2007 4659 ι,
2040 4595 2093 4650 9.
2174 4595 2188 4647 i
2228 4596 2453 4651 Noli-an.
2479 4615 2544 4662 ιι,
2567 4597 2653 4652 25.
2734 4600 2755 4635 ¹ί
2789 4599 2807 4652 l
2835 4598 2959 4652 Cor.
2987 4615 3078 4662 vn,
3110 4597 3170 4651 5!
3194 4616 3207 4663 ;
3230 4597 3346 4651 Col.
3372 4614 3424 4662 v,
3458 4596 3504 4651 l.

544 4683 581 4728 I,
614 4666 695 4719 υ.
775 4675 813 4702 πι
835 4664 1028 4721 Johan.
1069 4683 1163 4732 xv,
1193 4667 1255 4729 ις
1299 4667 1456 4721 Rom.
1492 4683 1527 4729 ι,
1560 4666 1648 4721 25.
1725 4675 1752 4703 ιι
1780 4665 1800 4719 l
1826 4666 1953 4719 Cor.
1982 4682 2058 4731 ιι,
2090 4666 2141 4719 1.

3473 4526 3493 4564 τ
3517 4525 3710 4582 Joh’an.
3743 4542 3825 4593 ix,

3592 4596 3603 4633 '
3638 4594 3822 4652 Eccle.

2221 4675 2244 4700 ο
2271 4667 2312 4720 ll
2348 4669 2474 4721 Cor.
2528 4685 2608 4725 nt.
2646 4669 2751 4725 .18.
2834 4668 2920 4722 PII
2949 4668 3073 4721 Cor.
3122 4684 3176 4735 v,
3228 4668 3313 4721 17.
3390 4679 3415 4717 ιι
3440 4667 3581 4722 Psal.
3619 4684 3730 4730 uxr,
3756 4668 3824 4731 4;

542 4735 735 4791 Jahan.
767 4752 840 4799 ιν,
862 4733 963 4801 24;
995 4735 1036 4788 ll
1064 4735 1190 4789 Cor.
1215 4753 1266 4802 v,
1294 4737 1378 4790 l7.
1438 4748 1458 4776 τ
1493 4738 1678 4791 Matth.
1711 4735 1889 4799 x139.
1969 4745 1990 4771 ⁸
2016 4735 2124 4791 Ρδει]

2228 4753 2295 4802 ιι,
2329 4734 2381 4791 5.
2464 4742 2477 4775 ⁸
2511 4737 2649 4797 Psal.
2682 4756 2734 4805 ιι,
2759 4740 2812 4794 5.
2888 4748 2914 4775 ιι
2946 4738 2985 4792 ll
3016 4738 3140 4792 Cor.
3165 4733 3245 4803 'vt,
3274 4737 3324 4790 ‘2.

578 4886 693 5010 ιω)
725 4886 821 4942 his.
856 4887 1053 4955 Regius
1081 4887 1248 4941 codex
1300 4903 1416 4941 cum
1449 4886 1603 4942 editis
1640 4886 1800 4941 Cm.
1833 4898 1888 4942 et
1915 4887 2126 4957 Schot.,

598 4973 711 5010 ene.

542 4973 711 5025 ptene.

615 5027 691 5099 (ὁ)
715 5026 939 5099 Codices
984 5043 1200 5099 omnes,
1241 5027 1846 5099 meas.7Emenoav1mus
1872 5045 1998 5084 mea:
2026 5046 2043 5094 ;
2076 5028 2128 5082 in

541 5098 772 5167 epistola
812 5100 955 5154 enim
1006 5098 1076 5152 12
1118 5099 1186 5154 ad
1232 5098 1529 5153 Amandum
1557 5142 1572 5165 ,
1618 5105 1671 5153 n‘.
1706 5099 1790 5165 10,
1839 5100 1890 5154 in
1937 5100 2127 5155 eodem

532 5167 836 5237 Scriptura:
882 5170 1001 5224 loco
1048 5183 1234 5224 omnes
1281 5178 1392 5224 tum
1422 5170 1549 5223 editi
1592 5178 1706 5223 tum
1752 5186 1879 5224 mss.
1912 5170 2127 5225 codices

536 5246 852 5301 constanter
895 5239 1095 5294 habent
1139 5241 1276 5295 sicut
1318 5247 1373 5294 et
1420 5238 1735 5292 Psalterium
1766 5237 2065 5293 Romanum
2107 5253 2121 5290 :

540 5307 989 5381 Superposuerunt
1016 5311 1307 5381 iniquitates
1336 5324 1463 5381 mete
1508 5316 1886 5381 caput_meur_n.
1919 5307 1976 5363 S.
2008 5308 2120 5367 Aue

539 5377 782 5446 guStin‘us
809 5394 930 5435 cum
957 5377 1125 5435 veteri
1150 5377 1416 5449 Psalteriq
1445 5377 1579 5444 tegit
1614 5397 1627 5431 :
1663 5377 1967 5449 Iniquitates
2001 5391 2125 5431 mea

541 5435 855 5510 sustulerunt
890 5458 1055 5518 caput
1082 5464 1265 5518 meum.
1298 5439 1355 5501 S.
1391 5435 1735 5512 Ambrosius,
1764 5435 2124 5518 'Supcrposue-

542 5527 759 5581 runt,et
784 5517 1044 5589 explicat:
1072 5517 1377 5589 Iniquitatgs
1404 5533 1529 5589 mete
1547 5517 2016 5589 supertransierunt
2039 5532 2127 5589 ca-

544 5584 873 5657 putmeumf
897 5586 987 5657 Et,
1013 5584 1270 5657 praeterea
1319 5584 1573 5657 Paulinus
1609 5584 1795 5641 noster
1841 5587 1998 5655 epist.
2031 5585 2123 5649 40,

546 5653 601 5708 h.
624 5653 683 5720 ι,
714 5658 926 5726 scribit,
960 5653 1405 5726 Stiperposuerunt
1432 5655 1726 5726 iniquitates
1756 5653 1946 5715 nostra:
1970 5662 2125 5725 caput

544 5732 793 5779 nostrum.
824 5725 957 5780 Vide
982 5725 1092 5780 net.
1119 5725 1206 5780 85.

610 5794 687 5871 ιε)
714 5793 792 5853 Ita
822 5794 945 5853 alibi
974 5792 1257 5866 Paulinus,
1281 5803 1337 5849 et
1357 5801 1433 5850 slc
1455 5811 1580 5851 mss.
1609 5795 1740 5865 Reg.
1769 5804 1823 5853 et
1846 5795 1996 5851 Vien.
2022 5794 2125 5850 Cea

2236 4890 2335 4945 teri
2366 4891 2598 4958 codices,
2624 4909 2905 4948 cervorum.

2305 4962 2383 5033 (ά)
2414 4962 2778 5033 Expunximus
2806 4964 2951 5033 nihil,
2982 4977 3100 5032 quae
3124 4977 3228 5016 vox
3257 4962 3441 5033 aberat
3473 4976 3503 5015 a
3534 4977 3638 5033 ms.
3668 4962 3827 5017 codi-

2232 5047 2294 5086 ce
2321 5032 2605 5088 Viennensi
2630 5044 2684 5089 et
2711 5033 2838 5087 edit.
2865 5032 3074 5096 Schot.,
3105 5048 3320 5087 sensum
3349 5032 3489 5085 enim
3521 5032 3763 5087 tollebat.

2302 5103 2377 5225 ἃς)
2417 5103 2492 5186 Ita
2523 5119 2649 5159 mss.
2685 5104 2854 5158 Vatic.
2876 5112 2943 5185 ,ct
2969 5102 3123 5157 Vieu.
3149 5102 3286 5157 Ante
3314 5110 3431 5156 erat
3457 5103 3742 5171 pubertatis
3772 5112 3828 5154 et

2340 5183 2499 5225 180118.
2806 5214 2810 5218 -
3272 5210 3279 5215 -

2230 5174 2499 5226 nuditatis.
2806 5214 2810 5218 .
2876 5175 2885 5185 '
3272 5210 3279 5215 -

2306 5244 2374 5314 (ι’)
2416 5243 2511 5314 Ms.
2560 5242 2715 5310 Reg.,
2759 5242 2989 5314 eratante
3029 5243 3255 5314 spiritu:
3286 5256 3404 5314 quae
3431 5240 3591 5295 lectio
3621 5240 3827 5314 contir-

2229 5312 2407 5383 matur
2437 5313 2655 5383 inferius
2684 5329 2737 5365 ιι.
2766 5312 2852 5376 Ἃ,
2877 5329 2940 5365 ne
2967 5312 3195 5365 exaltoto
3224 5313 3497 5383 spiritu....
3529 5320 3579 5365 et
3599 5312 3827 5364 scientia

2232 5382 2450 5450 inﬂante
2477 5382 2757 5435 dissiliant.

2307 5454 2386 5521 (g)
2416 5451 2513 5506 Ms.
2549 5451 2679 5518 Reg.
2711 5466 2830 5506 cum
2860 5452 3017 5506 editis
3039 5451 3195 5517 Batl.,
3225 5451 3385 5505 Grav.
3430 5458 3492 5521 et
3512 5449 3727 5515 Schot.,
3768 5462 3824 5504 et

2228 5519 2512 5590 opportune
2539 5521 2611 5573 ad
2639 5522 2882 5591 gratiam,
2908 5530 3122 5591 tempus,
3149 5530 3198 5574 et
3224 5522 3415 5590 species
3436 5519 3690 5575 libertatis
3711 5532 3826 5576 ton-

2226 5591 2334 5644 sori
2350 5591 2401 5661 in
2431 5601 2668 5661 promptu
2696 5601 2790 5644 est.
2816 5591 2913 5645 Ed.
2943 5591 3119 5654 Grin.,
3141 5592 3210 5643 ad
3238 5592 3522 5661 gratiarum
3546 5601 3744 5659 tempus
3769 5602 3823 5645 et

2225 5660 2455 5731 speciem
2469 5658 2716 5731 libq‘tatis
2738 5663 2937 5717 tonsori
2958 5664 3011 5717 in
3039 5658 3277 5731 promptu
3300 5668 3393 5713 est.

2299 5730 2376 5799 (Ιι)
2406 5728 2516 5801 _Ed.
2549 5728 2737 5793 Rosv.,
2768 5731 3030 5801 relinquit.

2300 5802 2359 5869 (ι)
2400 5798 2486 5855 Sic
2516 5801 2864 5871 manuscripti
2895 5798 3128 5863 codices,
3160 5807 3376 5856 antevet.
