4078 6352
321 373 389 429 73
873 363 890 374 '
1613 378 1891 435 EPISTOL

1986 377 2164 435 XXIII.

3439 365 3563 444 an

281 483 449 538 stulat
481 501 494 536 :
527 491 585 539 et
626 483 750 541 ideo
773 487 1040 557 perfectus
1069 488 1192 545 ﬁdei
1221 504 1282 544 ac
1309 489 1602 560 disciplinze
1625 489 1878 560 Magister
1907 504 1948 557 Α
1981 499 2116 552 ultra
2147 512 2344 553 vaseun
2389 516 2468 554 sui
2513 500 2644 557 lines
2673 509 2848 571 agenti
2879 514 3029 558 notus
3058 503 3228 559 hostis
3252 513 3306 558 et
3335 504 3558 576 laqueus

281 579 439 633 docet
472 577 786 634 indecorum
818 583 934 637 viro
957 585 1176 648 crinem,
1208 584 1332 654 quia
1365 583 1610 637 abscondi
1641 601 1743 638 non
1773 601 1868 653 po-

281 677 376 722 test
406 679 564 739 caput
591 673 687 725 uiri
708 672 959 739 Christus,
987 677 1128 746 quod
1159 685 1240 731 est
1267 686 1322 729 et
1349 677 1437 730 illa
1461 693 1617 746 supra
1649 686 1868 730 montem

280 761 544 828 redi/irata
571 764 769 829 civitas,
797 766 848 817 in
879 763 1133 831 Ecclesia,
1162 784 1274 838 qum
1295 785 1478 837 corpus
1507 776 1580 820 est
1611 765 1864 822 Christi'.

279 850 467 917 Itaque
497 850 614 905 viro
645 852 721 923 (a)
751 853 1042 920 dedecens,
1068 856 1275 911 femime
1304 857 1468 912 decus
1495 866 1577 911 est
1605 875 1616 909 :
1643 873 1759 926 qua:
1782 873 1871 912 ne-

277 939 409 992 mini
442 949 603 1009 caput
630 951 743 1008 est,
786 944 879 998 sed
910 945 1206 1002 honestatis
1231 949 1376 1002 cultu
1405 956 1562 1002 ornat
1591 934 1868 1014 virumfet

274 1032 524 1099 corporis
564 1033 780 1098 seriem,
825 1049 942 1103 qua:
985 1052 1015 1090 a
1057 1040 1235 1108 capite
1274 1038 1469 1094 Christi
1505 1039 1634 1103 Deo,
1666 1047 1722 1093 et
1767 1039 1867 1093 viri

271 1118 515 1187 Christo,
549 1130 602 1176 et
629 1123 869 1180 mulieris
899 1127 1014 1180 viro
1048 1129 1264 1192 texitur,
1294 1129 1444 1198 quasi
1479 1129 1529 1182 in
1562 1127 1869 1183 fundamen-

273 1221 390 1266 tum
421 1213 595 1268 locata
643 1224 924 1270 sustentat.
960 1218 1065 1273 Sed
1101 1234 1220 1274 eam
1251 1234 1464 1288 quoque
1505 1236 1602 1290 per
1639 1235 1864 1276 consor-

272 1303 410 1356 tium
433 1305 696 1374 corporis,
712 1308 1184 1378 membrorumque
1199 1317 1487 1376 texturam,
1501 1311 1865 1381 participem”

267 1402 328 1447 et
351 1395 547 1450 summi
567 1396 756 1465 capitis
787 1396 914 1452 facit
940 1397 1185 1454 Christus
1216 1418 1227 1452 :
1254 1401 1304 1453 in
1331 1415 1440 1469 quo
1469 1417 1561 1454 nec
1583 1403 1859 1470 masculus,

267 1502 369 1539 nec
407 1488 604 1556 femina
631 1487 658 1527 ι’
685 1506 887 1545 sumus.
933 1490 1175 1546 Habeant
1223 1495 1353 1548 s‘ane
1398 1493 1638 1562 capillos,
1669 1493 1864 1562 quibus

263 1574 425 1643 juxta
456 1577 598 1632 illam
625 1581 987 1649 evangelicum
1018 1584 1370 1653 peccatricem
1405 1585 1625 1652 vestigia
1662 1583 1862 1640 Christi

264 1666 350 1734 (ι)
383 1675 657 1738 tergeant,
697 1680 753 1725 ct
799 1673 1074 1742 sapientia:
1118 1674 1343 1744 pedibus
1388 1675 1726 1745 implicentur
1757 1694 1768 1729 :
1804 1686 1862 1732 ut

261 1757 416 1811 aliud
444 1759 545 1813 nisi
573 1761 891 1830 sapientiam
921 1779 1124 1831 amare,
1156 1764 1254 1819 nisi
1292 1765 1544 1819 virtutem
1582 1767 1854 1836 amplecti,

259 1846 374 1900 nisi
402 1848 714 1916 pudicitiam
753 1852 983 1907 osculari
1013 1855 1291 1920 nesciant;
1316 1864 1372 1909 et
1401 1864 1459 1910 ut
1483 1864 1728 1912 extremo
1755 1859 1862 1913 sal-

259 1945 380 1992 tem
427 1954 553 1994 rore
579 1941 730 1996 verbi
775 1943 1012 1999 caelestis
1054 1960 1285 2015 aspersa:
1317 1947 1534 2001 dicant:
1571 1947 1676 2003 Ras
1723 1951 1860 2003 enim

257 2033 277 2100 ί
308 2029 379 2084 ν.
403 2039 519 2086 not.
543 2031 614 2086 85
635 2036 675 2103 ),
705 2035 792 2106 qui
832 2036 923 2089 abs
955 2046 1001 2090 te
1026 2046 1120 2103 est,
1164 2040 1364 2092 sanitas
1388 2048 1464 2093 est
1493 2039 1639 2094 nobis
1667 2050 1712 2094 ε.
1745 2039 1864 2096 Sint

256 2122 585 2179 mulieribus
626 2126 826 2181 nostris
861 2143 1049 2192 comae,
1078 2128 1396 2198 spiritalium
1427 2137 1548 2185 acta
1582 2131 1860 2197 virtutum,

255 2211 476 2282 jejunia
499 2216 902 2284 misericordiae,
931 2220 1224 2277 orationes.
1250 2219 1406 2275 Tales
1434 2221 1578 2276 enim
1608 2230 1663 2277 et
1691 2223 1863 2278 virum

255 2307 462 2365 decent
487 2312 681 2367 crines.
705 2311 871 2368 Ornet
912 2328 1005 2369 eas
1045 2313 1242 2370 Christi
1282 2316 1472 2383 gratia,
1506 2332 1611 2370 non
1642 2317 1860 2386 capilli;

253 2400 530 2456 castitatis
594 2416 844 2472 gemma,
899 2419 1007 2459 non
1069 2404 1263 2474 lapidis
1290 2406 1356 2470 ⁸³;
1409 2413 1464 2460 et
1511 2422 1739 2476 operum
1803 2409 1860 2462 in

253 2491 369 2558 his,
403 2509 511 2548 non
539 2494 768 2550 odorum
803 2496 956 2570 135
989 2497 1188 2566 fragret
1218 2506 1568 2566 unguentum.
1601 2498 1860 2556 Memine-

253 2583 378 2638 rint
406 2599 530 2640 esse
554 2601 614 2642 se
643 2587 781 2642 ﬁlias
811 2587 952 2643 illius
978 2588 1105 2658 ﬁlia:
1132 2591 1288 2659 regis,
1319 2589 1470 2658 cujus
1500 2589 1667 2661 gloria
1696 2592 1866 2645 omnis

253 2673 329 2726 ab
354 2675 494 2730 intus
510 2673 538 2714 ἀ
559 2685 660 2732 est.
686 2677 990 2746 lntelligant
1013 2695 1111 2734 cur
1132 2680 1250 2734 illas
1273 2679 1564 2748 Apostolus
1582 2681 1866 2750 prolixiori

251 2768 463 2836 capitis
481 2770 788 2825 velamento
817 2772 924 2838 tegi
947 2771 1168 2840 jusserit
1198 2789 1211 2824 :
1238 2771 1460 2842 Propter
1481 2772 1693 2842 angelos
1714 2781 1761 2837 ο,
1786 2771 1868 2826 ιι-

251 2857 406 2924 quit,
439 2857 563 2912 illos
589 2859 834 2915 videlicet
864 2860 930 2914 ad
959 2861 1331 2916 seductionem
1371 2868 1610 2931 paratos,
1639 2860 1707 2915 de
1748 2861 1868 2931 qui-

251 2942 374 3000 bus
400 2947 928 3014 sanctijudicabunt.
961 2949 1025 3003 Hi
1049 2951 1196 3003 enim
1217 2950 1548 3019 petulantius
1575 2949 1867 3005 inﬁrmiora

258 3048 404 3088 vasa
435 3043 766 3104 pertentant,
799 3037 938 3092 sicut
965 3054 1074 3093 non
1106 3039 1298 3104 Adam,
1328 3039 1419 3094 sed
1459 3038 1628 3093 Evam
1649 3039 1868 3095 coluber

253 3139 559 3195 aggressus
586 3136 670 3182 est
689 3127 728 3182 ί.
759 3128 905 3184 Unde
931 3131 1094 3187 etiam
1115 3132 1310 3186 docere
1341 3132 1391 3187 in
1415 3131 1652 3188 Ecclesia
1680 3133 1864 3203 prohi-

253 3219 464 3274 bentur
491 3228 540 3285 ε,
571 3236 640 3274 ne
667 3221 906 3275 exaltato
924 3222 970 3254 ⁸⁸
999 3222 1189 3291 spiritu
1216 3223 1430 3278 decreta
1461 3224 1740 3292 sapientia:
1761 3240 1860 3279 au-
1889 3237 1933 3299 ί)

260 3309 430 3366 deant
458 3310 677 3376 intueri,
708 3318 764 3365 et
791 3312 864 3379 (c)
906 3313 1129 3368 scientia
1161 3311 1380 3368 inﬂante
1408 3313 1689 3368 dissiliant.
1724 3313 1860 3370 Pro-

258 3398 412 3454 fecto
436 3401 580 3454 enim
613 3402 756 3456 valet
784 3402 910 3456 "ad
939 3403 1311 3459 confusionem
1340 3405 1719 3476 malorum(V.
1744 3415 1855 3462 not.

254 3491 399 3557 86),
441 3492 485 3547 si
527 3493 752 3548 videant
801 3494 1077 3548 mulierem
1129 3510 1318 3550 sensus
1371 3511 1500 3550 suos
1545 3496 1860 3564 ignorantia:

258 3584 448 3653 specie
477 3599 574 3654 per
617 3585 886 3640 silentium
927 3591 1109 3653 tegere
1133 3625 1148 3648 ,
1180 3585 1517 3655 disciplinam
1557 3588 1860 3648 intellectus

259 3675 348 3730 sui
376 3675 688 3730 verecundo
717 3676 901 3730 habitu
941 3674 1205 3741 conﬁteri,
1248 3684 1308 3729 ut
1354 3692 1461 3730 non
1504 3677 1698 3732 audeat
1743 3692 1860 3733 ser-

260 3781 400 3835 pens
465 3768 778 3823 tentandam
824 3783 1010 3823 rursus
1065 3768 1283 3838 aggredi
1329 3769 1710 3839 desperatione
1762 3785 1857 3826 ca-

260 3857 494 3926 piendm.

335 3948 426 4003 ‘15.
467 3949 585 4004 Non
615 3950 810 4008 frustra
836 3961 1014 4008 autem
1041 3953 1146 4009 hoc
1169 3968 1235 4008 eo
1255 3953 1591 4024 potissimum
1615 3962 1860 4024 tempore

269 4038 383 4094 ﬁeri
422 4041 619 4097 debere
647 4044 937 4114 Apostolus
961 4045 1122 4100 docet
1142 4043 1192 4108 ιι,
1223 4060 1342 4099 cum
1371 4054 1464 4098 aut
1491 4053 1612 4099 oret
1639 4045 1855 4112 mulier,

264 4140 357 4186 aut
385 4131 694 4204 prophetet.
711 4135 861 4192 Tunc
884 4136 1028 4191 enim
1047 4135 1197 4189 venit
1226 4135 1280 4188 in
1309 4135 1528 4203 spiritus
1549 4135 1859 4204 conceptio-

265 4240 387 4280 nem
423 4244 436 4278 :
470 4235 524 4280 et
550 4225 670 4281 ideo
699 4235 826 4282 tunc
851 4228 1021 4294 magis
1043 4226 1245 4280 excitat
1271 4225 1554 4279 tentatoris
1578 4223 1854 4289 invidiam,

263 4330 385 4370 cum
429 4315 482 4370 in
512 4317 681 4371 virum
711 4317 1007 4388 perfectum
1037 4316 1248 4386 spirans
1283 4314 1395 4369 exit
1426 4313 1680 4367 terminos
1710 4312 1859 4366 infir-

262 4406 468 4461 mitatis
497 4423 627 4461 suae.
658 4405 812 4474 Quod
841 4414 1020 4461 autem
1051 4414 1106 4461 et
1125 4405 1192 4461 de
1219 4405 1464 4461 oratione
1490 4403 1676 4458 eadem
1709 4401 1855 4472 Apo-

263 4498 433 4554 stolus
464 4514 582 4570 qua:
610 4508 664 4554 et
694 4499 759 4554 de
798 4497 1083 4570 prophetia
1115 4498 1297 4562 sentit,
1328 4513 1434 4552 non
1465 4497 1658 4551 mirum
1685 4537 1699 4559 ,
1730 4510 1852 4551 cum

263 4598 316 4643 et
347 4591 458 4644 alio
488 4592 610 4645 loco
638 4589 782 4646 dicat
811 4591 954 4646 orari
982 4590 1170 4661 spiritu
1206 4607 1217 4643 :
1247 4605 1369 4643 nam
1399 4597 1453 4643 et
1479 4605 1593 4641 cum
1619 4604 1849 4655 oramus,

262 4681 458 4750 inquit,
489 4683 918 4752 quemadmodum
959 4683 1062 4753 peti
1105 4681 1285 4735 debeat
1322 4696 1417 4734 nos
1457 4682 1729 4741 nescimus,
1764 4681 1855 4734 sed

263 4774 370 4842 ipse
397 4791 494 4828 nos
526 4773 752 4844 Spiritus
783 4775 950 4828 docet.
991 4772 1158 4842 Igitur
1187 4771 1311 4842 quia
1343 4777 1397 4825 et
1427 4771 1479 4824 in
1511 4771 1754 4824 oratione
1797 4770 1855 4823 fit

264 4866 548 4936 conceptio
571 4865 843 4935 spiritalis,
877 4879 944 4919 ne
983 4863 1120 4932 quis,
1147 4867 1203 4916 ut
1226 4862 1482 4931 scriptum
1513 4868 1613 4924 est,
1643 4858 1853 4913 mulieri

335 5009 359 5036 λ
390 4999 584 5053 Matth.
612 5016 665 5064 v,
700 4998 796 5062 M;
830 4998 848 5051 l
878 4996 1004 5051 Cor.
1035 5013 1106 5061 χι,
1138 4997 1192 5061 ’5;
1213 4995 1346 5066 Eph.
1374 5013 1410 5060 ι,
1434 4995 1519 5066 22.

269 5070 352 5123 10.
437 5068 454 5106 τ
502 5070 639 5124 Gen.
672 5085 747 5132 ιιι,
776 5069 832 5120 ’1.

268 5139 287 5176 κ
326 5140 453 5195 an.
486 5157 588 5201 xu,
614 5140 676 5209 7.
733 5110 764 5176 ἰ
792 5137 948 5209 Cant.
981 5154 1033 5199 v,
1068 5137 1153 5209 ιι,
1184 5110 1486 5209 sec._l.XX.
1544 5146 1602 5209 ff
1633 5109 1855 5209 Gemit,

1967 5173 1978 5184 .
2005 5109 2023 5114 _
2044 5109 2086 5209 ﬁ
2117 5109 2494 5209 ᾼροοίΙιιὲιρὸ.
2528 5196 2551 5209 η
2574 5109 2942 5209 ἳὶὃίιρῒιιῖηξ.

265 5221 290 5259 ιι
323 5184 636 5272 ἰξὶἔέτιιῖ’ὶὲ,’
654 5184 710 5264 ὶι.
787 5184 831 5247 ἴ
837 5184 973 5262 iga.
993 5184 1091 5270 ’ἰνξ
1111 5184 1443 5266 5.71531}:
1449 5184 1500 5270 ἶ,
1533 5206 1620 5258 se.
1641 5184 1886 5260 νῖἱῖὲιὲἶι

267 5288 292 5318 ι
321 5281 457 5336 Gen.
492 5298 546 5335 ιιι
573 5321 585 5340 ,
614 5280 700 5334 20.
777 5289 805 5329 1
832 5279 987 5333 Cant.
1015 5295 1052 5340 ι,
1086 5277 1134 5340 1,
1167 5292 1274 5331 sec.
1302 5276 1461 5331 LXX.
1540 5286 1559 5312 ι
1594 5275 1636 5329 ll
1661 5273 1785 5330 Cor.
1817 5292 1891 5340 Ill;

1963 5219 2008 5268 ν,
2040 5199 2088 5262 l',
2111 5184 2263 5268 ju'xta
2293 5189 2449 5245 LXX.
2528 5196 2553 5223 υ
2579 5184 2738 5240 Prov.
2771 5195 2951 5246 xxvu,

267 5288 292 5318 ι
321 5281 457 5336 Gen.
492 5298 585 5345 ιιι,
614 5280 700 5334 20.
777 5289 805 5329 1
832 5279 987 5333 Cant.
1015 5295 1052 5345 ι,
1086 5277 1134 5342 1,
1167 5292 1274 5331 sec.
1302 5276 1461 5331 LXX.

341 5421 416 5491 (a)
456 5419 534 5474 lta
563 5435 690 5474 mss.
722 5418 877 5485 ch.,
906 5417 1059 5470 Vien.
1088 5423 1142 5468 et
1171 5413 1299 5468 edit.
1331 5411 1515 5465 Schol.
1542 5408 1683 5463 Editi
1723 5424 1850 5480 qna-

269 5500 414 5557 tuor,
439 5491 676 5543 dedecus.

340 5549 413 5629 (bi
457 5560 594 5614 Edit.
638 5560 825 5622 Rosv.,
853 5563 1072 5629 tergunt.
1115 5554 1184 5606 At
1211 5562 1438 5629 tergeant
1467 5549 1749 5629 verissima
1780 5550 1852 5629 le-

273 5619 409 5699 ctio,
433 5647 552 5700 qua:
594 5619 823 5700 inferius:
841 5619 1192 5682 conﬁrmatur
1231 5619 1378 5677 οἶδε)
1407 5629 1460 5674 et
1489 5635 1654 5674 carm.
1682 5619 1847 5674 32de

272 5697 430 5756 Obitu
453 5697 614 5766 Celsi,
643 5716 697 5754 v.
729 5697 854 5752 542.

346 5771 418 5827 lc)
455 5771 545 5827 Sic
573 5760 700 5827 mss.
748 5769 962 5826 codices
1005 5765 1158 5833 Reg,
1199 5762 1314 5817 Vat.
1361 5769 1414 5815 et
1443 5761 1597 5817 Vien.
1631 5760 1843 5818 et'odit.

1600 4994 1777 5060 b‘Luc,
1804 5012 1896 5062 vn,
1927 4991 2012 5046 58.
2064 4999 2120 5062 ,τ
2157 4991 2278 5040 lsai.
2315 4998 2456 5062 ιιίεγι,
2483 4991 2570 5062 tu;
2618 4991 2670 5062 nu
2702 4991 2841 5027 t'sal.
2875 4991 3017 5062 ηιξ,
3051 4991 3166 5062 ιςκί
3203 4991 3262 5062 ’ἑξ

910 5032 1272 5131 ιζ’ἱόἓῖο.”ιέιῖ,⁵
1291 5032 1360 5120 ξι
1376 5032 1410 5120 ζ’
1435 5032 1619 5119 iis".
1651 5032 1891 5129 11","ié'.”

1963 5032 2023 5114 imi
2053 5032 2288 5117 Curii-tui,
2554 5046 2584 5131 l‘
2617 5044 2741 5131 Eur.
2788 5059 2860 5104 ιιι,
2893 5040 3054 5131 Βιθμῂ
3436 5032 3548 5131 ,οξλ

1974 599 2239 654 occurrat,
2269 591 2382 645 vult
2405 594 2692 662 Apostolus
2728 594 2740 632 ί
2778 595 2829 648 in
2855 596 3035 649 habitu
3062 595 3178 664 ejus
3202 597 3410 651 ostendi
3439 614 3557 654 csse

1974 682 2046 735 illi
2085 699 2243 752 supra
2292 694 2453 754 caput
2499 694 2844 755 potestatem,
2875 703 2977 756 qua
3024 696 3237 755 regatur
3275 690 3474 758 pariter
3501 696 3556 744 et

1971 773 2330 828 defendatur:
2372 793 2433 830 ca
2479 777 2592 846 ipsa
2641 778 2937 832 humilitate
2977 779 3154 834 cordis
3196 782 3447 837 virtutem
3479 782 3555 837 illi

1971 865 2298 931 conferente,
2325 882 2426 936 qua
2451 868 2688 922 scientire
2709 871 3052 938 supercilium
3075 872 3270 941 premit
3291 873 3557 939 guberna-

1970 958 2092 1012 cqu
2133 957 2465 1028 disciplinm:
2498 961 2782 1013 et-mavult
2831 963 3036 1025 timere,
3067 978 3229 1032 quam
3268 964 3433 1018 altum
3464 981 3553 1019 sa-

1969 1066 2136 1121 pere;
2169 1053 2330 1107 tutius
2362 1054 2520 1107 tacita
2570 1069 2664 1123 per
2693 1053 2938 1108 timorem
2987 1053 3146 1120 ﬁdei,
3175 1071 3336 1124 quam
3387 1058 3557 1127 perita

1970 1159 2090 1198 cum
2123 1145 2322 1211 lingua,
2370 1145 2632 1200 incassum
2665 1160 2912 1215 pressura
2944 1146 3175 1201 frontem
3207 1148 3423 1219 capillo,
3457 1150 3556 1207 nisi
3643 1193 3651 1204 .

1963 1227 2131 1288 'etiam
2163 1235 2366 1304 pudore
2398 1237 2652 1291 velaverit
2685 1239 2730 1291 ι.

2039 1327 2128 1380 26.
2157 1328 2297 1397 Ergo
2327 1328 2378 1382 in
2401 1345 2687 1384 commune
2710 1331 2884 1385 omnis
2909 1331 3084 1385 anima
3111 1332 3424 1388 studeamus
3447 1333 3550 1388 illis

1967 1417 2218 1472 adornari
2247 1419 2475 1488 capillis,
2499 1434 2635 1487 quos
2660 1420 2797 1474 Deus
2819 1413 3178 1476 numerabiles
3199 1421 3393 1487 habet,
3418 1422 3559 1477 sicut

1966 1512 2080 1579 ipse
2109 1511 2238 1567 dicit
2265 1531 2274 1564 :
2308 1512 2413 1566 Sed
2436 1523 2484 1566 et
2504 1515 2679 1584 capilli
2710 1517 2894 1585 capitis
2924 1517 3075 1570 vestri
3097 1532 3272 1570 omnes
3300 1507 3558 1568 numerati
3638 1560 3644 1567 .

1965 1614 2083 1658 sunt
2115 1603 2160 1657 κ.
2193 1605 2357 1673 Cujus
2384 1621 2514 1661 vero
2544 1607 2631 1661 ille
2673 1608 2864 1677 capitis
2903 1608 3128 1677 capillos
3167 1607 3336 1676 magis
3365 1621 3557 1661 nume-

1963 1723 2084 1762 rare
2113 1706 2362 1775 dignetur
2383 1722 2543 1775 quam
2571 1706 2686 1775 ejus
2706 1707 2857 1776 cujus
2878 1708 2992 1778 ipse
3019 1707 3239 1762 verticis
3259 1687 3419 1777 caput
3439 1706 3558 1760 est?

1964 1799 2030 1853 de
2059 1815 2166 1869 quo
2195 1799 2391 1853 dicitur
2419 1817 2430 1851 :
2464 1797 2628 1868 Caput
2657 1798 2768 1868 ejus
2798 1807 2852 1850 ut
2881 1815 3064 1851 aurum
3085 1797 3274 1868 cephas
3307 1795 3400 1866 (V.
3435 1804 3552 1851 not.

1896 1875 1939 1935 Β
1967 1893 2058 1960 87)
2094 1912 2105 1945 :
2139 1907 2246 1961 quo
2271 1892 2488 1946 nomine
2527 1891 2857 1961 probabilius
2886 1889 3101 1958 aliquod
3137 1898 3193 1944 et
3232 1889 3418 1959 purius
3458 1904 3556 1942 au-

1966 2002 2082 2039 rum
2113 1983 2398 2054 signiﬁcari
2426 1993 2584 2054 puto,
2611 1985 2748 2038 sicut
2779 1983 2905 2037 illud
2934 1983 2999 2037 de
3023 1991 3165 2036 terra
3196 1981 3402 2036 Evilath
3429 1979 3442 2018 ι
3484 1982 3550 2034 δ’.

1968 2077 2082 2132 lloc
2110 2078 2254 2132 enim
2282 2093 2476 2132 aurum
2502 2076 2674 2130 forma
2700 2083 3009 2130 sanctorum
3055 2082 3140 2128 est
3165 2083 3225 2139 ιη,
3250 2073 3339 2143 qui
3381 2073 3433 2127 in
3463 2089 3555 2127 ca-

1966 2171 2077 2240 pite
2106 2169 2384 2239 corporis,
2405 2178 2461 2223 ut
2495 2169 2692 2222 lumina
2725 2167 2951 2234 micant,
2974 2175 3028 2222 et
3060 2174 3184 2220 sunt
3211 2182 3393 2219 aurum
3424 2165 3556 2235 igni-

1970 2270 2113 2314 tumn
2146 2259 2275 2315 Deo.
2301 2259 2434 2327 Quia
2461 2258 2714 2314 videlicet
2735 2275 2828 2314 eos
2850 2274 2948 2328 per
2967 2257 3215 2312 examina
3246 2255 3557 2325 passionum

1967 2351 2021 2405 in
2061 2351 2216 2419 hujus
2263 2350 2444 2406 mundi
2485 2349 2703 2406 fornace
2733 2349 3016 2417 conflatos,
3052 2348 3209 2419 136
3259 2348 3470 2411 inuenit,
3499 2353 3558 2400 ut

1966 2443 2223 2513 scriptum
2252 2451 2332 2498 est
2356 2452 2403 2511 ο,
2451 2444 2635 2515 dignos
2666 2459 2758 2496 se:
2783 2449 2838 2497 et
2867 2441 2919 2496 in
2949 2441 3032 2495 his
3062 2454 3271 2494 sacram
3313 2437 3559 2505 imaginis

1967 2550 2077 2590 sum
2100 2536 2362 2604 percussit
2391 2543 2658 2588 monetam
2682 2533 2994 2601 imprimens
3021 2531 3272 2585 cordibus
3293 2537 3347 2583 et
3368 2527 3558 2596 linguis

1967 2642 2157 2680 eorum
2186 2625 2427 2679 veritatis
2462 2639 2572 2678 suae
2600 2624 2824 2677 verbum
2858 2640 2870 2674 :
2903 2620 3230 2689 eosdemque
3277 2621 3422 2688 ipsos
3447 2627 3560 2671 sta-

1971 2728 2128 2774 tuens
2155 2717 2558 2781 nummularius,
2594 2727 2651 2770 ut
2679 2714 2975 2770 secundum
3003 2729 3154 2768 suam
3184 2713 3408 2766 formam
3430 2727 3559 2781 pro-

1969 2812 2178 2868 babiles
2207 2811 2434 2866 Domino
2461 2811 2722 2865 cuderent
2750 2824 3028 2873 nummos;
3057 2815 3113 2862 et
3140 2805 3338 2862 abolita
3367 2803 3435 2860 de
3463 2820 3561 2860 no-

1970 2907 2056 2963 bis
2084 2907 2249 2974 figura
2278 2904 2522 2970 Czesaris,
2564 2905 2739 2959 vivum
2772 2903 2932 2972 Regis
2975 2901 3161 2956 aeterni
3188 2901 3453 2954 numisma
3481 2897 3556 2953 si-

1969 3007 2200 3071 gnarent
2220 3009 2267 3064 r,
2301 3005 2359 3052 ut
2405 2997 2594 3068 spiritu
2641 2995 2990 3050 redemtionis
3042 2991 3305 3062 inscripti,
3349 2990 3558 3046 cervice

1965 3096 2076 3165 jam
2103 3092 2234 3162 jugo
2283 3090 2471 3154 libera,
2503 3097 2558 3144 et
2603 3087 2796 3142 salutis
2835 3087 2990 3156 titulo
3019 3083 3335 3156 prmmunita
3382 3082 3556 3137 fronte

1967 3199 2286 3242 caneremus
2314 3194 2340 3233 ιι
2372 3199 2385 3236 :
2420 3181 2694 3254 Signatum
2741 3188 2818 3234 est
2863 3194 3016 3247 super
3057 3193 3151 3231 nos
3180 3175 3350 3229 lumen
3391 3174 3556 3228 vultus

1969 3281 2064 3345 tui,
2097 3279 2318 3334 Domine
2344 3288 2391 3332 τ.

1943 3416 1947 3418 -
2035 3373 2125 3428 27.
2167 3372 2384 3427 Summa
2408 3369 2569 3439 igitur
2588 3383 2690 3438 ope
2716 3367 2984 3424 enitamur
3005 3365 3078 3419 ita
3098 3379 3197 3418 nos
3217 3374 3552 3431 comparare,

1963 3477 2024 3525 ut
2068 3468 2234 3524 divini
2262 3467 2454 3537 capitis
2473 3508 2488 3533 ,
2518 3465 2662 3534 quod
2704 3465 2859 3519 nobis
2887 3478 2986 3532 per
3012 3462 3237 3528 gratiam
3278 3458 3374 3512 Dei
3399 3457 3554 3511 Chri-

1961 3570 2078 3618 stus
2106 3570 2208 3628 est,
2252 3561 2429 3616 crines
2467 3568 2522 3613 et
2550 3571 2738 3612 aurum
2767 3570 2887 3610 esse
2918 3568 3221 3608 mereamur
3253 3561 3297 3604 '.
3329 3549 3407 3604 Ex
3437 3550 3558 3619 ipso

1962 3653 2105 3707 enim
2131 3651 2310 3720 capite
2339 3649 2566 3720 pullulat
2615 3647 2701 3702 illa
2741 3645 3022 3710 czesaries,
3053 3642 3121 3697 de
3147 3656 3253 3711 qua
3295 3641 3557 3710 scriptum

1961 3751 2046 3799 est
2075 3744 2090 3779 ί
2132 3761 2143 3796 :
2175 3741 2500 3813 Capillatura
2531 3737 2666 3808 ejus,
2697 3747 2752 3789 ut
2783 3751 2962 3808 greges
2991 3749 3284 3804 caprarum.
3321 3729 3386 3784 Et
3415 3730 3558 3784 bene

1963 3836 2173 3890 illorum
2223 3833 2558 3903 potissimum
2601 3827 2911 3882 animalium
2952 3825 3168 3879 nomine
3206 3822 3555 3894 designantur

1961 3941 2150 3996 greges
2177 3924 2398 3987 Christi,
2435 3936 2665 3990 quorum
2695 3919 2930 3973 maxime
2960 3932 3086 3969 usus
3114 3915 3165 3967 in
3205 3911 3343 3967 lacte
3371 3920 3454 3966 est
3475 3919 3499 3945 υ
3537 3928 3550 3963 :

1961 4018 2086 4089 quia
2112 4017 2289 4070 omnis
2316 4015 2406 4081 qui
2435 4014 2511 4081 (ά)
2535 4010 2705 4065 credit
2731 4009 2899 4062 Deum
2926 4006 3217 4064 Christum,
3245 4010 3409 4054 tutam
3438 3999 3552 4052 Tri-

1963 4107 2146 4164 nitatis
2175 4102 2564 4175 plenitudinem
2594 4101 2645 4152 in
2675 4114 2765 4163 eo,
2795 4111 2957 4164 quem
2989 4093 3148 4146 Pater
3174 4093 3321 4144 unxit
3351 4090 3554 4158 Spiritu

1962 4208 2141 4256 sancto
2169 4209 2216 4262 ν,
2251 4195 2352 4249 ﬁde
2378 4193 2591 4263 pietatis
2616 4190 2977 4258 amplectitur.
3010 4185 3074 4239 Et
3102 4184 3221 4238 ideo
3253 4183 3362 4250 ipsa
3393 4189 3553 4235 mater

1961 4292 2190 4348 omnium
2240 4287 2513 4341 viventium
2544 4293 2588 4347 ι,
2621 4280 2816 4334 Christi
2847 4293 3065 4346 corpus,
3099 4273 3360 4339 Ecclesia,
3391 4287 3553 4326 succo

1959 4384 2175 4459 pietatis
2203 4380 2462 4438 exuberat
2497 4397 2508 4431 :
2543 4385 2596 4432 et
2628 4375 2763 4429 bona
2791 4372 2947 4426 ubera
2976 4371 3087 4441 ejus
3128 4384 3280 4436 super
3307 4368 3480 4420 uinum
3499 4374 3548 4419 θ’.

1959 4481 2015 4535 1η
2056 4493 2164 4548 quo
2213 4475 2408 4546 opinor
2449 4468 2767 4539 signiﬁcari,
2799 4464 2944 4534 quod
2981 4462 3188 4517 dulcior
3233 4461 3302 4514 sit
3332 4459 3551 4513 libertas

1960 4574 2144 4643 gratiae
2175 4572 2226 4626 in
2268 4569 2407 4622 laete
2452 4559 2852 4623 miSericordite,
2881 4572 3041 4626 quam
3085 4556 3135 4609 in
3171 4554 3296 4610 vino
3328 4550 3551 4635 justitia:

1962 4641 2093 4735 legis
2117 4662 2419 4718 austeritas.
2458 4655 2654 4709 Littera
2691 4653 2828 4706 enim
2849 4692 2873 4716 ,_
2907 4647 3117 4716 inquit,
3148 4645 3370 4706 occidit,
3402 4641 3553 4696 vides

1962 4734 2202 4817 consume
2231 4767 2469 4815 merum;
2501 4749 2712 4818 spiritus
2735 4753 2905 4797 autent
2933 4741 3226 4809 viriﬁcut-l,
3245 4735 3392 4789 vides
3421 4734 3552 4787 ube-

1963 4868 2082 4909 rum
2131 4861 2343 4910 munus,
2375 4850 2430 4897 et
2469 4839 2623 4894 lactis
2669 4834 2937 4890 effectum.
2972 4829 3078 4884 Sed
3126 4829 3251 4892 hoc,
3283 4834 3340 4880 ut
3387 4833 3446 4878 tu
3477 4825 3551 4894 (θ)

2101 4999 2120 5026 τ
2157 4985 2278 5040 lsai.
2315 4998 2456 5044 xx-vl,
2483 4978 2568 5031 l9.
2647 4972 2670 5010 δ
2702 4973 2841 5027 Psal.
2875 4986 3017 5044 xciv,
3051 4967 3166 5044 H._
3203 4964 3289 5044 ει
3312 4963 3446 5020 Cor.
3472 4979 3547 5044 xl,

3029 5119 3054 5157 r
3081 5107 3272 5161 Matth.
3301 5118 3428 5165 χχιι,
3457 5099 3546 5152 2|.

2984 5179 3086 5236 27..
3148 5186 3176 5214 '
3207 5176 3330 5230 Act.
3360 5188 3422 5234 ι,
3457 5166 3544 5224 38.

1955 5404 2108 5458 Grin.
2136 5402 2187 5454 iu
2213 5410 2390 5465 marg.
2431 5391 2539 5449 Sed
2577 5391 2704 5447 editi
2729 5431 2744 5455 ,
2783 5385 2998 5442 scientia
3037 5380 3278 5446 inﬂatis:
3318 5381 3547 5440 utraque

1953 5475 2116 5531 lectio
2145 5477 2427 5542 recepta.___
2568 5533 2580 5542 A
2809 5530 2839 5542 ,,
2863 5527 2892 5542 ,,

2025 5545 2104 5616 (Δ)
2125 5541 2221 5616 .lta
2244 5528 2342 5616 ms.
2368 5535 2523 5616 Vien.
2554 5533 2673 5616 Alii,
2698 5528 3022 5616 credidit-3m

2025 5586 2103 5678 ὶὲς
2125 5586 2496 5678 timessi
2513 5586 2704 5678 sedes.
2735 5612 2856 5678 sum
2896 5591 3060 5678 εδειίὲ
3074 5586 3262 5678 Fida.
3273 5587 3449 5678 991'
3466 5594 3544 5678 .9‘

1953 5657 2243 5745 sciféi.',"ii
2273 5657 2789 5745 ιὶοῖίςίάίιὶεξιιιιειιίρξι
2805 5679 2973 5720 semen
3005 5659 3170 5715 detur.
3199 5657 3438 5732 Utraque
3466 5658 3542 5719 ls-

1953 5737 2060 5812 ea;
2076 5737 2403 5808 plausibilis.
2433 5744 2564 5800 Vide
2586 5747 2699 5795 not.
2712 5737 2812 5791 '37.
