4078 6352
543 349 612 412 75
1630 350 1686 414 ἑ.
1731 347 1999 412 ΡΑυιιΝι
2039 351 2115 412 ΝΟ

2223 350 2285 409 Νι
2328 352 2610 410 EPISCOP

3688 339 3806 394 ειη

509 467 1527 540 magisintelligis,entenoetur(V.not.
1555 466 2104 539 88),quoprimana-
2136 473 2178 528 Α
2211 470 2360 531 mini,
2416 469 2529 523 sive
2585 480 2810 527 navem,
2860 463 2963 518 hoc
3005 467 3107 524 est,
3159 457 3450 512 Ecclesiam
3473 471 3579 526 per
3632 451 3806 520 liuius

494 555 779 620 ,seentium
807 559 1034 614 mulctra
1053 561 1096 594 "
1111 559 1382 615 coalescit.
1401 558 1548 614 Bona
1561 561 1719 628 Igitur
1733 557 1891 612 ubera
1909 570 1958 627 ⁸,
1974 574 2096 628 qua:

505 660 687 718 pastor
711 650 992 720 bonus,qui
1003 667 1097 720 pro
1118 651 1291 706 ovibus
1313 654 1545 706 animam
1565 667 1713 706 suam
1732 651 1960 722 posuitb,
1993 652 2099 706 illis

507 740 771 794 immulsit
786 739 1098 805 infantibus,
1113 739 1184 796 de
1203 756 1431 812 quorum
1455 756 1550 797 ore
1573 741 1796 812 perfecit
1811 739 2022 795 laudem
2037 741 2105 794 si-

497 823 576 888 bi,
612 837 670 884 ut
693 829 991 884 destrueret
1013 830 1283 886 inimicum
1305 832 1452 894 boni,
1471 840 1526 886 et
1547 831 1882 887 defensorem
1903 831 2027 884 mali
2052 840 2099 884 ε.

585 919 672 974 88.
716 916 796 974 Ex
819 922 1006 976 harum
1029 933 1315 993 caprarum
1339 925 1589 993 gregibus
1617 932 1736 979 erat
1764 923 1854 978 ille
1878 924 1959 978 vir
1979 935 2102 994 gre-

506 1008 586 1076 gis
623 1011 714 1080 qui
751 1011 1006 1098 parvulos
1032 1008 1231 1068 Christi
1257 1014 1492 1068 nondum
1517 1022 1670 1084 aptos
1697 1013 1938 1068 solidiori
1961 1014 2100 1079 cibo,

513 1100 720 1155 teneris
749 1099 984 1156 iactabat
1014 1101 1300 1167 alimentis,
1331 1104 1523 1172 quibus
1550 1102 1762 1157 dicebat
1791 1121 1803 1154 :
1839 1101 1993 1154 Lacte
2018 1119 2105 1156 ros

516 1192 709 1260 potavi,
754 1207 857 1245 non
885 1202 1034 1246 esea:
1063 1189 1289 1247 nondum
1317 1197 1456 1248 enim
1481 1195 1748 1258 poteratis,
1771 1195 1862 1249 sed
1892 1210 1983 1247 nec
2009 1194 2106 1247 adL

519 1282 618 1336 huc
647 1284 858 1352 potestis
883 1280 931 1336 ει.
964 1281 1097 1338 Cum
1137 1293 1316 1340 autem
1346 1285 1502 1354 hujus
1529 1285 1680 1344 lactis
1709 1286 1960 1341 alimonia
1985 1300 2105 1339 cre-

519 1373 786 1442 verimus,
811 1374 1033 1429 ﬁrmatis
1062 1377 1291 1445 primum
1324 1376 1445 1432 ﬁdei
1474 1379 1826 1448 conceptidne
1847 1377 2108 1446 vestigiis,

523 1462 892 1519 adoleseemus
916 1467 959 1495 ⁶⁰
984 1467 1039 1520 in
1079 1467 1496 1538 roburjuventa:
1530 1487 1542 1522 :
1575 1478 1631 1524 et
1661 1468 1738 1539 (a)
1777 1468 1984 1524 ﬁrmata
2012 1485 2108 1539 per

523 1552 682 1636 tidem
713 1555 937 1612 caritate
978 1565 1139 1627 atque
1166 1559 1422 1628 patientia
1467 1561 1762 1616 levabimus
1798 1576 1986 1615 manus
2011 1577 2108 1616 no-

521 1650 664 1700 stras
693 1645 746 1700 in
776 1647 1042 1703 actionem
1087 1649 1486 1714 robustiorem;
1537 1652 1895 1722 aperibusque
1943 1653 2111 1706 virtu-

520 1745 640 1792 tum
666 1738 814 1792 velut
841 1739 963 1795 cibo
1002 1741 1224 1796 fortiore
1253 1741 1510 1808 vivemus,
1544 1750 1603 1797 ut
1632 1742 1926 1798 eﬁiciamur
1953 1752 2008 1796 ct
2036 1743 2108 1796 illi

2205 559 2390 614 mundi
2419 556 2616 612 diluvia
2647 554 3032 621 navigaturam,
3061 548 3288 605 edolatis
3312 547 3478 600 verbo
3505 545 3601 600 Dei
3625 541 3808 614 gi‘ltﬁ-

2205 651 2306 706 bus
2339 656 2644 710 texuerunt,
2668 658 2721 700 ct
2764 646 2817 698 in
2857 655 3170 712 compagem
3213 637 3451 695 caritatis
3491 634 3595 690 ﬁde
3633 631 3807 691 strin-

2206 751 2365 810 gente
2392 739 2732 808 conjunctam
2770 734 2960 790 ﬂuctus
2993 732 3180 788 mundi
3211 729 3362 786 istius
3395 725 3808 797 imputribiliter

2207 846 2391 888 secare
2418 829 2737 884 docuerunt.

2276 919 2364 977 ὅθ.
2397 920 2503 976 Sed
2555 927 2612 974 et
2663 933 2804 972 nunc
2848 915 3068 971 erudita:
3117 912 3184 968 ad
3227 910 3582 982 apostolicam
3637 907 3797 960 tidem

2207 1016 2396 1070 anima:
2419 1013 2620 1067 abietes
2648 1019 2773 1066 sunt
2812 1010 2994 1077 nigrae,
3025 1016 3080 1062 et
3108 1007 3294 1071 bonzn;
3326 1005 3489 1072 nigra:
3531 1016 3661 1056 vero
3684 1001 3799 1068 jam

2207 1123 2314 1162 non
2345 1105 2412 1161 de
2451 1112 2701 1174 peccato,
2724 1111 2781 1156 ut
2811 1109 2966 1171 puto,
2993 1100 3268 1167 magisque
3297 1097 3469 1152 adhuc
3495 1094 3581 1150 vel
3609 1093 3676 1148 de
3713 1095 3800 1147 iu-

2207 1197 2536 1254 habitatione
2565 1209 2859 1264 corporea,
2891 1193 2974 1247 vel
3021 1192 3088 1245 de
3129 1187 3530 1244 exercitationis
3569 1187 3803 1240 interna:

2209 1290 2360 1361 quasi
2406 1288 2599 1343 bellico
2645 1285 2898 1356 pulvere,
2929 1276 3014 1337 vel
3052 1279 3426 1350 pulverulenta
3466 1277 3666 1330 sudore
3717 1275 3803 1327 ni-

2209 1385 2451 1451 grantes;
2485 1380 2636 1433 bona:
2659 1386 2856 1439 tamen,
2881 1383 3102 1444 propter
3121 1371 3410 1441 spiritalem
3440 1370 3603 1423 etiam
3627 1369 3680 1422 in
3707 1383 3801 1420 no-

2210 1474 2384 1530 ctibus
2411 1479 2696 1540 corporum
2726 1468 3212 1523 conversationem.
3244 1458 3334 1518 Sic
3361 1471 3416 1517 et
3438 1477 3605 1516 naves
3629 1503 3645 1528 ,
3674 1474 3799 1528 qua:

2211 1562 2458 1617 ﬂuctibus
2507 1557 2689 1613 mundi
2745 1559 3096 1625 supernataut
3137 1563 3150 1605 :‘
3190 1561 3244 1607 et
3295 1551 3397 1606 ﬁde
3451 1551 3584 1611 veri.
3633 1559 3800 1619 atque

2213 1668 2374 1730 Opere
2398 1651 2526 1721 justi
2548 1668 2577 1704 a
2601 1649 2822 1710 dextris,
2848 1656 2908 1701 ut
2933 1646 3190 1714 scriptum
3219 1653 3322 1706 est.
3345 1651 3400 1696 et
3424 1641 3673 1706 sinistris,
3700 1654 3800 1694 ve-

2213 1744 2292 1799 lut
2321 1741 2482 1797 remis
2524 1749 2803 1794 armantur
2840 1755 2852 1791 :
2899 1736 2990 1807 qui
3030 1735 3194 1790 verbo
3221 1733 3318 1788 Dei
3347 1733 3499 1802 quasi
3529 1732 3800 1801 guberna-

523 1827 719 1893 erines,
749 1829 815 1884 de
853 1830 1049 1900 quibus
1074 1831 1330 1901 scriptum
1354 1840 1435 1886 est
1459 1843 1481 1868 ε
1513 1851 1525 1886 :
1557 1832 1738 1886 Crines
1773 1835 1886 1903 ejus
1918 1832 2106 1887 abietes
2143 1839 2184 1898 Β
2210 1836 2332 1891 culo
2358 1835 2678 1901 diriguntur,
2700 1841 2754 1886 et
2783 1831 2850 1885 ad
2878 1845 3061 1884 auram
3082 1827 3312 1897 Spiritus
3340 1825 3510 1881 sancti
3540 1839 3800 1878 sensuum

525 1918 730 1988 nigra:(
767 1917 826 1973 V.
851 1929 967 1974 not.
997 1920 1064 1974 88
1096 1921 1236 1992 bis),
1267 1924 1400 1976 sicut
1443 1939 1644 1977 corax:
1676 1922 1724 1977 id
1773 1931 1874 1985 est,
1911 1941 2108 1977 cortms.

527 2005 634 2062 Sed
663 2009 836 2063 bonus
875 2010 975 2065 iste
1002 2026 1219 2079 corvus,
1249 2027 1346 2067 nec
1376 2013 1463 2067 ille
1495 2013 1560 2068 ad
1589 2029 1768 2068 arcam
1809 2013 2111 2068 revertendi

528 2099 832 2165 immemor,
877 2101 972 2156 sed
1015 2100 1103 2157 ille
1135 2103 1386 2172 pascendi
1431 2105 1706 2175 prophetae
1752 2119 1996 2158 memor:
2027 2104 2111 2158 cui

525 2189 665 2246 bene
690 2204 1071 2262 comparantur
1099 2190 1307 2248 illarum
1341 2194 1576 2250 abietum
1605 2196 1782 2250 remuli
1813 2197 2009 2259 crines,
2047 2194 2114 2250 de

525 2284 719 2354 quibus
753 2285 906 2355 137
936 2283 1086 2353 dicit,
1111 2281 1302 2340 abietes
1333 2283 1480 2340 bona?
1502 2293 1549 2339 et
1573 2289 1734 2356 nigra:
1759 2323 1778 2351 ,
1803 2286 2113 2339 adducentes

526 2384 678 2427 nares
706 2371 916 2430 Thai-sis
947 2374 962 2412 τ
992 2393 1008 2442 ;
1039 2376 1181 2430 unde
1208 2393 1349 2432 nunc
1378 2378 1418 2409 “
1453 2393 1620 2433 corax
1652 2378 1753 2432 iste
1782 2393 1888 2432 non
1918 2376 2112 2440 noctis,

527 2463 622 2517 sed
653 2464 867 2519 luminis
887 2481 1080 2520 corvus
1108 2474 1218 2533 est;
1250 2467 1404 2537 cujus
1430 2467 1506 2539 (b)
1533 2467 1731 2523 coloris
1751 2466 1978 2537 speciosi
2007 2466 2113 2520 cri-

527 2571 624 2610 nes
666 2565 828 2611 sunt:
861 2555 983 2612 ideo
1011 2559 1197 2620 sancti,
1227 2576 1387 2630 genus
1416 2559 1588 2630 regale
1626 2568 1675 2613 et
1715 2556 2036 2612 sacerdotale
2064 2565 2114 2624 ε,

528 2643 724 2715 quibus
751 2647 989 2701 divinum
1013 2656 1174 2717 caput
1195 2656 1255 2702 ut
1282 2657 1430 2703 ostro
1459 2648 1640 2717 gloria:
1667 2663 1778 2702 sum
1806 2654 2067 2717 purpurat
2099 2664 2111 2698 :

529 2738 656 2806 quia
677 2746 731 2792 et
753 2737 1018 2806 juvenalis
1046 2740 1214 2806 gratia
1247 2739 1300 2793 in
1326 2739 1482 2808 hujus
1511 2740 1780 2810 praecipue
1807 2738 2002 2794 coloris
2024 2753 2119 2792 ca-

529 2828 658 2899 pillo
686 2828 966 2883 ﬂorentem
994 2830 1155 2883 vestit
1182 2838 1414 2884 (etatem.

603 2919 693 2973 29.
735 2919 855 2974 Non
885 2919 1325 2975 dissimulandum
1356 2929 1566 2987 tamen,
1595 2921 1739 2990 quod
1766 2921 1880 2975 avis
1905 2923 2004 2976 ista
2033 2920 2118 2975 in-

538 3009 746 3064 terdum
789 3007 966 3070 forma
1009 3012 1220 3080 peccati
1273 3012 1324 3065 in
1365 3011 1672 3080 Scripturis,
1703 3011 1968 3066 interdum
1993 3026 2118 3080 gra-

536 3101 624 3154 tia:
665 3101 872 3170 species
912 3101 1200 3156 invenitur.
1242 3102 1464 3157 Videtur
1492 3103 1633 3157 enim
1677 3117 1794 3158 esse
1821 3102 2118 3172 mortifera,

2215 1941 2432 1981 suorum
2460 1925 2609 1979 sinus
2631 1921 2906 1992 pandunt,
2950 1928 3005 1974 et
3044 1918 3221 1974 cordis
3249 1917 3332 1971 sui
3365 1916 3539 1970 velum
3571 1913 3801 1968 vinculis

2215 2017 2472 2078 caritatis,
2504 2023 2558 2069 ut
2599 2015 2809 2069 funibus
2834 2011 2899 2066 ad
2929 2018 3215 2066 antennam
3241 2009 3286 2041 “
3308 2009 3480 2062 crucis
3503 2007 3798 2075 stringunt.

2215 2109 2280 2164 Et
2310 2111 2471 2163 arbor
2501 2107 2604 2162 illis
2630 2115 2710 2161 est
2738 2107 2882 2176 virga
2911 2104 2974 2158 de
2998 2103 3173 2158 radice
3206 2101 3356 2156 Iesse
3391 2101 3433 2164 ι,
3476 2115 3594 2169 qua:
3625 2105 3800 2152 totam

2222 2201 2379 2272 138
2407 2199 2650 2269 corporis
2696 2197 2864 2252 nostri
2914 2195 3306 2266 quadriremem
3351 2193 3519 2260 regit;
3545 2198 3598 2246 et
3637 2191 3724 2244 cui
3754 2190 3801 2244 si

2211 2289 2364 2363 juxta
2399 2289 2542 2346 illam
2571 2290 2836 2360 poeticam
2867 2285 3120 2350 fabulam,
3147 2286 3198 2338 in
3229 2283 3541 2354 prophetica
3569 2282 3804 2336 veritate

2217 2393 2518 2447 nectamur,
2547 2380 2864 2436 voluntariis
2891 2376 3129 2432 adstricti
3151 2375 3398 2436 nexibus,
3427 2382 3482 2427 et
3508 2371 3804 2427 obstructis

2217 2489 2325 2530 non
2353 2488 2498 2536 cera,
2531 2471 2625 2526 sed
2655 2467 2783 2534 ﬁde;
2814 2483 2987 2537 neque
3015 2465 3280 2536 corporis,
3309 2463 3403 2518 sed
3433 2462 3611 2518 cordis
3649 2461 3805 2515 auri-

2218 2565 2340 2630 bus,
2369 2568 2555 2617 contra
2578 2556 2737 2628 hujus
2763 2558 2944 2612 mundi
2972 2557 3146 2611 varias
3178 2554 3244 2610 ad
3273 2554 3610 2624 capiendum,
3640 2565 3805 2621 pares

2219 2654 2287 2710 ad
2331 2652 2651 2717 nocendum,
2685 2650 2965 2705 illecebras
2995 2649 3040 2678 “
3071 2647 3171 2702 tuti
3211 2655 3288 2701 et.
3311 2644 3527 2700 innocui
3549 2640 3806 2711 scopulos

2218 2744 2574 2814 voluptatum,
2597 2740 2747 2812 quasi
2777 2754 2905 2793 saxa
2932 2740 3195 2803 sirenum,
3228 2739 3299 2803 lc)
3332 2732 3800 2804 praetervehimur.

2220 2836 2630 2904 Adstringamur
2674 2841 2854 2887 autem
2904 2829 3026 2885 huic
3074 2826 3253 2884 arbori
3281 2826 3407 2882 fune
3450 2825 3805 2891 validissimo,

2221 2929 2386 2985 vincti
2435 2928 2488 2982 in
2532 2940 2648 2996 spe,
2689 2923 2811 2990 ﬁde,
2844 2923 3094 2985 caritate,
3120 2919 3403 2976 credentes
3443 2917 3714 2979 cordibus,
3744 2923 3807 2969 et

2223 3021 2406 3076 oribus
2445 3016 2763 3073 conlitentes
2812 3009 3136 3067 individuam
3179 3005 3525 3071 Trinitatem,
3554 3020 3674 3076 qua:
3714 3013 3807 3059 est

2223 3117 2461 3182 spartum
2492 3105 2685 3176 triplex
2713 3146 2728 3169 ,
2759 3103 2903 3174 quod
2935 3117 3040 3157 non
3069 3100 3351 3169 rumpitur.
3386 3097 3500 3152 Hoc
3537 3104 3720 3167 sparto
3746 3101 3808 3150 et

533 3205 656 3246 cum
686 3189 754 3244 ad
775 3190 1093 3260 θυρρηοίωη
1118 3191 1430 3262 Primum“
1456 3192 1740 3261 impiorum
1766 3211 1780 3246 ³
1803 3193 1926 3261 quia
1956 3194 2118 3261 ηιαία,
2147 3203 2194 3266 C
2225 3218 2387 3274 opera
2431 3208 2612 3255 nostra
2644 3206 2934 3260 textantur,
2967 3209 3074 3262 quo
3104 3201 3156 3246 et
3185 3190 3413 3246 rudente
3456 3188 3576 3243 ﬁdei
3607 3193 3810 3242 nostra

530 3281 671 3336 sicut
697 3281 954 3351 scriptum
983 3288 1086 3347 est,
1115 3298 1206 3353 per
1233 3283 1397 3338 malos
1435 3283 1647 3354 angelos
1676 3285 1832 3338 mittit
1873 3284 2014 3339 Deus
2045 3282 2070 3320 ιι
2103 3301 2116 3338 :

532 3373 618 3426 vel
646 3387 769 3428 cum
797 3373 851 3428 in
874 3371 1078 3429 ultione
1120 3374 1390 3430 maledicti
1418 3374 1616 3429 dicitur
1647 3393 1659 3427 :
1695 3374 1912 3429 Oculum
1940 3375 2026 3446 qui
2055 3376 2121 3428 ir-

531 3463 704 3516 riserit
726 3462 771 3493 “
785 3472 984 3534 patrem
1005 3472 1054 3518 et
1075 3471 1309 3529 matrem,
1331 3465 1581 3534 eﬂ'odiant
1608 3481 1721 3520 eum
1749 3466 1886 3520 corvi
1917 3465 1980 3519 de
1999 3481 2121 3519 con-

531 3552 748 3607 callibus
788 3551 829 3606 ί.
863 3553 1166 3609 Laudabilis
1193 3562 1375 3610 autem
1405 3555 1592 3610 eadem
1614 3556 1727 3610 avis
1747 3556 1828 3610 vel
1859 3571 1979 3610 cum
2004 3570 2124 3625 pro-

533 3642 756 3711 phetam
786 3659 943 3699 mane
965 3646 1213 3714 panibus,
1246 3654 1300 3701 et
1322 3646 1388 3700 ad
1418 3661 1694 3716 vesperam
1715 3647 1966 3702 carnibus
1992 3645 2118 3710 alit;

534 3731 622 3786 vel
642 3748 764 3787 cum
795 3734 924 3803 pulli
945 3749 1228 3790 corvorum
1260 3736 1510 3792 invocant
1540 3752 1733 3791 nomen
1761 3735 1990 3791 Domini.
2015 3734 2121 3790 Sed

537 3827 594 3875 et
621 3821 774 3876 color
801 3819 916 3891 ejus
945 3820 1233 3908 aliquando
1274 3826 1326 3880 in
1355 3828 1588 3891 sanctis,
1618 3827 1908 3895 aliquando
1937 3826 1988 3880 in
2019 3826 2121 3880 im-

537 3910 641 3980 piis
661 3911 858 3967 dicitur
886 3914 950 3967 ⁸³.
986 3913 1194 3985 Sponsa
1217 3930 1447 3986 namque
1475 3917 1672 3972 Christi
1696 3917 1822 3970 dicit
1851 3915 2122 3972 sefuscam

536 4015 677 4064 esse,
709 4009 764 4056 et
783 4001 1035 4057 decoram
1061 4021 1074 4069 ;
1106 4011 1160 4059 el.
1187 4004 1442 4059 Dominus
1472 4005 1704 4060 tenebras
1732 4007 1904 4076 posuit
1930 4005 2122 4060 latibu-

534 4091 642 4148 lum
662 4108 829 4146 suum.
857 4091 926 4147 Et
954 4109 1138 4148 rursus
1160 4109 1190 4150 e
1211 4097 1486 4151 contrario
1509 4095 1554 4127 “
1581 4096 1648 4150 ab
1686 4096 1946 4166 Apostolo
1974 4111 2123 4151 como

535 4199 837 4250 monemur,
856 4203 921 4240 ne
942 4204 1034 4241 nos
1065 4188 1285 4244 tenebra:
1309 4189 1804 4259 comprehendant).
1825 4188 2023 4243 Verum
2045 4197 2125 4243 ta-

537 4291 660 4331 men
699 4277 803 4332 illa:
849 4277 1037 4334 abietes
1073 4281 1256 4351 nigra',
1306 4288 1355 4334 et
1402 4279 1576 4346 boum,
1621 4280 1930 4333 adducentes
1971 4296 2124 4333 nares

541 4365 755 4420 That-sis
779 4364 824 4430 ",
866 4368 1160 4423 secundum
1189 4369 1305 4435 ejus
1351 4369 1576 4424 formam
1615 4378 1778 4434 sunt,
1807 4385 1926 4438 qua:
1977 4369 2123 4423 fusca

538 4455 744 4524 pariter
766 4462 820 4510 et
848 4455 1044 4511 decora
1086 4466 1190 4512 est.
1221 4458 1390 4528 ipsius
1435 4459 1579 4512 enim
1621 4467 1678 4513 et
1717 4460 1955 4514 membra
2002 4465 2126 4512 sunt

2224 3295 2386 3350 arbor
2414 3291 2650 3359 erigatur
2676 3285 2914 3342 caritatis
2942 3293 3196 3347 antenna,
3228 3291 3282 3337 et
3309 3281 3430 3335 vita:
3458 3287 3650 3334 nostra:
3680 3277 3806 3331 vela

2221 3385 2532 3445 sinuentur;
2559 3387 2618 3433 ut
2645 3378 2812 3432 simus
2839 3383 2894 3430 et
2922 3375 3125 3430 abietes
3167 3373 3294 3436 illae,
3316 3384 3437 3441 qua:
3466 3370 3518 3424 in
3547 3367 3808 3421 fabricam

2223 3473 2407 3543 templi
2421 3469 2626 3537 magnis
2645 3466 2849 3522 ratibus
2872 3465 3090 3519 intexta:
3110 3459 3441 3517 ducebantur
3462 3475 3498 3513 a'
3515 3456 3805 3519 Tharsism;

2227 3565 2309 3620 vel
2336 3563 2415 3636 (ά)
2447 3561 2604 3616 iidem
2633 3573 2816 3622 naves,
2847 3557 2936 3626 qui
2968 3556 3112 3610 illam
3137 3553 3464 3613 aemulemur,
3496 3564 3616 3618 qua:
3643 3547 3808 3602 Solo-

2201 3655 2372 3712 .moni
2400 3654 2440 3686 ⁸⁷
2471 3650 2742 3720 quondam
2766 3647 2995 3703 electum
3024 3659 3232 3712 aurum,
3265 3650 3319 3697 et
3347 3656 3477 3712 opes
3512 3637 3698 3710 Tyrias
3724 3636 3810 3690 af-

2224 3745 2431 3801 ferebat
2447 3745 2490 3776 “
2504 3752 2528 3779 υ
2539 3781 2552 3795 .
2569 3741 2743 3796 Tanto
2756 3728 2933 3794 autem
2947 3736 3236 3792 studiosius
3255 3741 3308 3790 et
3323 3731 3679 3802 quaestuosius
3697 3744 3798 3782 uo-

2223 3844 2333 3890 stra
2357 3831 2650 3899 negotiatio
2671 3829 2831 3884 debet
2861 3827 3066 3896 agitari,
3093 3834 3295 3894 quanto
3316 3839 3410 3879 rex
3437 3830 3622 3877 noster
3648 3828 3811 3875 teter-

2225 3943 2326 3982 nus
2365 3922 2521 3978 Jesus
2558 3922 2650 3976 illo
2679 3920 2960 3990 temporali
3002 3917 3294 3973 Solomone
3334 3915 3676 3986 pnnstantior
3700 3922 3808 3971 est.

2228 4016 2380 4079 Ecce,
2413 4013 2586 4076 enim,
2619 4011 2811 4080 inquit,
2851 4010 3019 4080 major
3058 4009 3334 4063 Solomone
3375 4007 3455 4060 hic
3491 4014 3550 4058 οε
3579 4005 3668 4074 qui
3695 4019 3811 4058 non

2225 4112 2450 4161 conteret
2495 4117 2593 4157 nos
2620 4103 2804 4171 spiritu
2832 4099 3110 4154 vehementi
3139 4097 3278 4151 inter
3305 4112 3459 4150 nares
3509 4094 3723 4148 Tltarsis
3755 4103 3809 4158 ι),

2226 4195 2270 4250 si
2313 4195 2409 4260 illi,
2440 4193 2584 4248 bono
2607 4204 2728 4246 actu
2753 4192 2874 4246 vita:
2903 4197 3117 4252 nostrtn,
3148 4188 3373 4251 lucrum,
3405 4186 3547 4256 quod
3577 4193 3660 4240 est
3682 4200 3813 4254 pre-

2229 4285 2572 4341 tiosissimum
2627 4282 2736 4336 Deo
2793 4279 3219 4340 mercimonium,
3271 4277 3633 4332 convehamus
3684 4293 3697 4326 :
3748 4283 3814 4328 ut

2226 4392 2387 4434 suum
2413 4376 2525 4444 ipsc
2547 4372 2775 4444 pretium
2805 4371 3032 4442 accipiat
3053 4386 3084 4424 a
3116 4367 3303 4433 nobis;
3345 4368 3470 4436 quia
3502 4367 3614 4436 ipse
3642 4374 3723 4420 est
3750 4372 3814 4419 et

2229 4465 2533 4533 margarita,
2555 4479 2712 4534 quam
2735 4470 2847 4517 tota
2873 4460 3126 4532 spiritalis
3147 4459 3298 4513 istius
3336 4466 3655 4512 mercatum
3676 4471 3812 4510 con-

537 4544 758 4608 Sancti,
789 4547 880 4614 q'ui
909 4547 1048 4602 sicut
1073 4555 1128 4604 et
1155 4549 1344 4618 palmae
1372 4548 1645 4613 ﬂorentes,
1689 4557 1744 4603 et
1771 4549 1916 4604 cedri
1946 4548 2125 4603 multi-
2151 4573 2204 4634 Β
2231 4555 2460 4610 versatio
2492 4554 2591 4608 sibi
2623 4553 2809 4607 nititur
2836 4564 3171 4621 comparare.
3195 4548 3290 4603 Cui
3321 4546 3628 4602 coemenda:
3655 4546 3701 4600 si
3730 4547 3815 4602 fa—

536 4634 856 4704 plicabiles;
887 4636 957 4690 ita
999 4645 1062 4693 et.
1102 4638 1306 4692 abietes
1347 4638 1530 4705 nigrm,
1563 4647 1617 4692 et
1644 4637 1798 4694 home
1823 4647 1966 4704 sunt,
1997 4640 2123 4708 quia

538 4723 591 4776 in
629 4721 868 4779 Ecclesia
889 4766 908 4792 ,
937 4726 1040 4780 hoc
1067 4733 1182 4790 est,
1213 4725 1305 4782 Dei
1337 4736 1519 4781 monte
1541 4768 1557 4793 ,
1587 4729 1876 4784 verticibus
1905 4730 2126 4785 merito-

537 4829 656 4870 rum
710 4815 968 4883 eminent,
1002 4824 1061 4872 ut
1103 4817 1306 4872 abietes
1349 4819 1400 4872 in
1431 4817 1540 4872 suis
1575 4820 1862 4874 montibus.
1895 4817 1962 4874 Et
1989 4821 2127 4876 sicut

539 4904 642 4958 illa:
677 4913 812 4974 aptat
847 4906 1070 4962 navibus
1099 4907 1449 4962 contexendis
1473 4948 1486 4972 ,
1516 4907 1588 4963 ita
1619 4909 1691 4964 illi
1724 4910 1991 4981 principes
2019 4926 2122 4981 po-

533 4996 652 5054 nuli
685 4994 753 5054 de
781 5007 963 5054 monte
994 4998 1145 5069 legis,
1174 5005 1231 5054 ut
1267 5015 1297 5056 a
1337 4999 1544 5055 Libano
1577 5002 1779 5067 excisi,
1806 5017 1984 5056 arcam
2013 5001 2123 5058 Do-

618 5177 641 5204 δ
672 5167 864 5224 Johan.
892 5185 956 5234 ιι,
984 5168 1068 5226 10.
1117 5166 1355 5226 Hohan.
1389 5190 1438 5236 κ,
1469 5172 1552 5227 ll.

547 5253 617 5298 tv,
648 5237 738 5292 21.
836 5249 860 5286 ε
894 5239 910 5292 l
941 5239 1054 5292 Pet.
1089 5257 1142 5303 ιι,
1169 5241 1220 5293 9.

551 5306 636 5372 15.
721 5307 882 5363 llsai.
914 5325 987 5372 ιι,
1015 5309 1063 5361 l.

553 5370 679 5433 Luc.
712 5395 790 5446 xt,
818 5379 908 5434 81.
976 5370 1011 5430 ἰ’
1037 5377 1178 5435 Psal.
1211 5370 1500 5444 ιιινιιῖὸζ
1548 5393 1573 5432 (ι
1606 5382 1744 5437 Psal.
1771 5400 1857 5439 cm
1874 5370 2008 5448 :25.

1326 5243 1348 5278 ¹¹
1379 5241 1514 5296 Psal.
1547 5260 1746 5305 uxvn.
1775 5244 1860 5297 49.

598 5559 702 5621 πα)
741 5558 828 5612 Sic
877 5575 1004 5614 mss.
1041 5560 1210 5614 Vatie.
1262 5567 1315 5613 et
1358 5559 1512 5612 Vicn.
1571 5555 1747 5610 Ceteri
1791 5557 2030 5616 codices:
2079 5565 2128 5608 et

553 5625 857 5750 ἶὲἑιρνηὖαιη
898 5647 985 5698 per
1014 5629 1166 5698 ﬁdem
1198 5631 1562 5697 caritatemque
1590 5626 1856 5694 patientia.
1893 5625 2127 5694 l'traquc

665 5710 716 5749 I0
782 5711 903 5750 Ollﬂo

1633 5185 1652 5208 ο
1685 5171 1824 5228 Psal.
1859 5191 1970 5242 vni,
1993 5175 2048 5228 ὅ.
2121 5170 2147 5212 δ
2180 5172 2346 5230 lCor.
2369 5191 2450 5240 Ill,
2481 5174 2534 5228 ‘2.
2614 5185 2636 5212 ε
2661 5173 2816 5230 Cant.
2841 5191 2891 5238 ν,
2919 5173 3004 5228 ll.

2226 4645 2398 4700 cultas
2427 4651 2609 4698 nostra
2637 4639 2925 4704 suffecerit,
2963 4655 3068 4694 non
3097 4637 3485 4708 deprimentem
3517 4635 3812 4702 sarcinam,

2227 4735 2320 4790 sed
2348 4735 2614 4789 levantem
2647 4747 2744 4786 nos
2771 4747 2866 4802 per
2914 4733 3014 4785 hoc
3053 4743 3202 4783 mare
3231 4741 3480 4795 magnmn
3511 4733 3565 4781 et
3601 4725 3812 4796 spatio-

2228 4841 2344 4880 sum
2388 4823 2642 4877 vellemus
2667 4832 2693 4871 (ι
2721 4839 2732 4873 :
2766 4829 2820 4874 et
2859 4820 3211 4874 dormientem
3238 4818 3288 4870 in
3321 4816 3474 4870 nobis
3499 4830 3596 4884 pro
3627 4821 3811 4868 nostra

2227 4911 2451 4981 segnitia
2483 4910 2784 4973 Dominum,
2810 4909 2854 4963 si
2875 4907 2960 4962 vel
2983 4907 3334 4962 dormientem
3366 4914 3578 4959 vectare
3600 4918 3811 4958 merea-

2229 5017 2370 5069 mur,
2406 5000 2643 5054 excitare
2672 4997 3020 5060 audebimus,
3052 5005 3110 5050 ut
3133 4997 3413 5066 increpans
3440 5001 3632 5046 ventos
3652 4991 3815 5061 spiri-

3085 5173 3192 5228 ῐ111
3224 5174 3352 5242 Reg.
3385 5191 3438 5239 v,
3463 5172 3495 5226 8
3517 5190 3544 5242 ;_
3559 5169 3600 5226 11
3635 5172 3812 5227 Paral.

1946 5240 1962 5282 ³⁷
1988 5245 2123 5300 Psal.
2155 5261 2330 5310 cvm,
2363 5248 2414 5299 9.
2494 5245 2507 5294 i
2547 5244 2738 5298 Johan.
2773 5262 2864 5309 xu,
2887 5243 2980 5306 '55;
3010 5244 3071 5297 Ill
3101 5244 3232 5312 Reg.
3260 5240 3323 5307 v.—
3341 5245 3394 5298 8.
3470 5242 3492 5280 ¹ι
3529 5240 3668 5296 Psal.
3705 5258 3811 5304 scr.

1143 5323 1178 5383 ξι·
1201 5310 1264 5365 Ill
1290 5311 1428 5383 Reg.
1453 5329 1502 5372 ν,
1531 5314 1585 5367 8.
1613 5382 1620 5383 ί
1661 5323 1686 5349 ιι
1710 5314 1773 5368 Ill
1808 5313 1936 5383 Reg.
1963 5331 2034 5380 Ix,
2061 5314 2150 5373 29.
2182 5324 2236 5370 ct
2267 5332 2318 5380 x,
2343 5315 2434 5368 ‘22.
2510 5325 2534 5351 ο
2565 5313 2606 5368 ll
2637 5313 2759 5368 Par.
2786 5332 2903 5381 vm,
2942 5314 3032 5379 l8,
3056 5325 3109 5370 et
3139 5310 3211 5380 ιχ,
3250 5314 3340 5379 Ιθ;
3366 5313 3551 5368 Matth.
3580 5329 3673 5379 xu,
3710 5312 3813 5376 4‘3;

2303 5555 2380 5618 (lt)
2420 5554 2543 5611 Mss.
2571 5553 2701 5622 Reg.
2729 5564 2781 5608 et
2810 5555 2984 5621 Ἥβη..
3011 5557 3168 5612 color.

2300 5627 2372 5682 (cl
2416 5624 2488 5678 lta
2521 5626 2867 5692 manuscripti
2898 5627 3133 5682 codices.
3169 5626 3330 5692 Editi,
3361 5625 3809 5695 prccterreltemur.

2301 5697 2378 5763 (cf)
2422 5695 2520 5749 ιις..
2551 5695 2734 5758 γεω..
2758 5696 2878 5750 tum.
