4078 6352
288 347 390 400 277

1560 298 1571 311 ἱ
1626 344 1955 402 EPISTULA
1996 345 2172 400 XXI“.

3449 333 3563 393 9Ζί

292 469 443 515 tuum
492 456 869 524 inimicorum?
897 472 981 513 vet
1026 463 1187 512 etiam
1241 464 1548 512 nostrorum
1597 470 1870 518 sensuum,
1908 462 1946 513 Λ
1982 455 2233 510 Pharisaei
2279 457 2574 526 dapsilitas.
2605 459 2812 513 Etenim
2856 459 3146 528 dispositia
3172 459 3364 517 seculis
3385 462 3572 532 "‘(VL.

290 549 471 604 salvos
500 560 601 602 nos
630 545 791 602 faciat
829 561 860 600 a
898 545 1092 615 pusillo
1128 544 1336 609 animo,
1366 551 1422 597 et
1452 550 1771 612 tempestate
1807 552 1830 578 ι
1861 560 1875 605 ;

293 639 745 709 tendentibusque
772 639 927 692 nobis
953 636 1021 691 ad
1049 638 1486 706 tranquillitatem
1507 651 1679 701 suam,
1710 635 1877 690 maria

293 737 614 787 consternat
635 736 694 784 ut
714 730 865 798 quasi
894 744 1056 783 naves
1074 744 1290 782 suarum
1306 729 1583 783 onerarias
1603 738 1764 797 opum
1785 727 1878 783 de-

294 821 462 874 ducat
506 820 559 873 iu
607 828 820 889 portum
860 817 1047 873 salutis
1074 818 1123 885 ιδ,
1168 819 1582 888 victricibusque
1626 817 1880 874 ﬂuctuum

297 910 569 980 puppibus
596 910 791 964 virides
819 909 970 963 hctus
996 910 1239 979 imponat
1266 924 1515 964 coronas.

369 999 462 1054 3|.
502 999 680 1055 Simus
709 999 1001 1054 etdextera
1031 998 1272 1068 ejusdem
1299 1010 1346 1064 ε,
1376 999 1468 1068 qui
1493 1005 1636 1053 totus
1662 996 1881 1052 dextera

295 1104 408 1162 est,
438 1110 542 1148 non
571 1094 829 1148 habentes
858 1093 910 1147 in
932 1092 1138 1147 actibus
1167 1093 1365 1147 nostris
1390 1091 1661 1146 sinistram
1691 1108 1704 1144 :
1739 1097 1799 1144 ut
1817 1088 1885 1143 ad

295 1185 581 1240 dexteram
603 1181 804 1237 Judicis
815 1189 976 1247 stare,
1002 1181 1085 1236 vel
1110 1181 1288 1252 potius
1306 1180 1532 1236 dextera
1560 1179 1726 1249 ipsius
1736 1175 1886 1232 Judi-

294 1278 379 1332 cis
407 1290 527 1330 esse
546 1288 883 1340 mereamur;
914 1280 969 1326 et
989 1287 1153 1341 opera
1176 1279 1360 1325 nostra
1383 1271 1436 1325 in
1464 1269 1550 1324 die
1578 1267 1885 1324 retributio-

288 1366 385 1439 nis
430 1365 566 1420 sicut
594 1363 817 1433 capillos
860 1362 943 1418 sui
991 1362 1184 1431 capitis
1213 1362 1469 1415 Dominus
1514 1366 1887 1414 remuneratur

293 1454 618 1512 adnumeret
639 1451 689 1517 δ,
722 1461 779 1507 ιιι
809 1453 923 1523 ipse
944 1452 1055 1521 jam
1087 1449 1336 1522 pnefatus
1373 1458 1456 1507 est
1491 1449 1545 1503 in
1570 1446 1883 1515 Evangelia,

292 1548 375 1615 (αλ
410 1542 801 1615 pronuntianda
819 1542 1053 1611 judicio;
1081 1557 1199 1595 cum
1222 1540 1592 1596 benedictione
1612 1537 1812 1601 divina,
1828 1543 1885 1591 et

300 1634 382 1704 (b)
406 1631 811 1687 attributione"
832 1629 1046 1700 regitica
1077 1631 1148 1700 (c)
1177 1628 1539 1685 remunerabit
1566 1624 1883 1696 spiritalium

290 1722 493 1777 merita
520 1721 796 1785 virtutum,
819 1719 921 1773 hoc
949 1726 1031 1772 est
1048 1718 1443 1787 pulcherrimas
1463 1716 1544 1770 sui
1572 1713 1763 1784 capitis
1791 1727 1883 1768 co-

1984 553 2096 599 not.
2129 544 2198 599 89
2223 550 2239 612 )
2271 548 2588 602 sacramenti
2617 548 2752 603 ordo
2781 551 3050 618 poscebat,
3091 551 3243 621 juxta
3274 553 3416 607 illam
3446 553 3559 609 Noe

1984 638 2151 704 patris
2199 638 2568 707 pmpheticam
2614 640 3062 705 benedictionem,
3113 643 3163 697 in
3216 643 3557 699 tabernacula

1982 726 2108 780 Sem
2134 728 2360 784 transire
2391 729 2774 785 habitationem
2799 730 3047 801 Japheth,
3080 733 3179 789 hoc
3209 743 3291 788 est
3321 735 3372 789 in
3398 735 3557 790 domo

1984 817 2115 884 legis
2159 828 2215 872 et
2266 820 2671 889 prophetarum,
2723 819 3016 877 Ecclesium
3064 825 3241 893 potius
3281 824 3557 892 justiticari

1985 909 2246 975 (Ambros.
2261 910 2491 976 lib.vr,in
2510 909 2635 964 Lar.
2651 910 2765 974 vn‘,
2782 912 3044 966 minorem
3059 920 3359 982 temporum
3374 917 3560 975 urvo",

1983 1001 2076 1057 sed
2097 1003 2281 1070 gratia:
2309 1003 2425 1071 lege
2452 1002 2708 1071 majorem
2734 1019 2747 1068 ;
2781 1002 2919 1059 unde
2949 1004 3113 1073 ipsius
3140 1005 3192 1059 iu
3221 1004 3467 1060 Iohanne
3486 1008 3536 1077 (Ῑ
3550 1024 3561 1065 ι

1985 1090 2117 1158 legis
2145 1107 2372 1161 persona
2417 1090 2697 1161 proﬁtetur
2728 1110 2741 1146 :
2775 1090 2873 1157 Qui
2899 1102 3015 1157 post
3038 1110 3117 1148 me
3141 1096 3293 1160 venit,
3334 1106 3453 1149 ante
3484 1112 3565 1150 me

1987 1180 2156 1250 [actm
2178 1189 2273 1243 est,
2304 1180 2424 1251 quia
2453 1180 2592 1249 prior
2619 1196 2700 1234 me
2722 1189 2835 1234 erat
2864 1178 2911 1235 δ.

2058 1270 2145 1326 55.
2190 1270 2260 1326 Ut
2293 1279 2470 1327 autem
2514 1271 2675 1326 etiam
2715 1272 2768 1326 in
2808 1280 2937 1344 typo
2976 1282 3295 1341 congrueret
3326 1273 3563 1330 Ecclesia

1986 1360 2149 1430 capiti
2177 1376 2296 1425 suo,
2327 1360 2464 1415 bene
2494 1358 2720 1415 formam
2738 1361 3056 1431 peccatricis
3078 1364 3095 1431 (
3114 1362 3174 1414 ν.
3211 1370 3325 1416 not.
3348 1364 3437 1433 90)
3468 1379 3565 1417 ac-

1986 1458 2223 1520 ceperat,
2253 1451 2377 1520 quia
2405 1449 2646 1505 Christus
2668 1464 2882 1520 quoque
2911 1447 3134 1505 formam
3157 1452 3455 1521 peccatoris
3478 1468 3567 1506 ac-

1986 1539 2147 1608 cepit.
2185 1538 2290 1593 Sed
2318 1537 2534 1594 Judzeus
2563 1554 2738 1611 neque
2773 1548 2936 1610 caput
2962 1556 3135 1611 neque
3165 1541 3565 1597 fundamentum

1986 1628 2263 1682 habiturus
2297 1629 2349 1683 in
2379 1627 2593 1684 Christo
2616 1671 2634 1698 ,
2663 1645 2763 1686 nec
2788 1640 2952 1701 caput
2976 1629 3201 1697 Christi,
3244 1648 3343 1688 nec
3384 1631 3564 1703 pedes,

1988 1725 2253 1782 unxerat;
2296 1718 2440 1788 quod
2487 1727 2772 1789 utrumque
2814 1721 3065 1790 pretiosis
3100 1722 3382 1789 unguentis
3416 1721 3570 1793 ιω

282 1829 417 1871 mas
459 1810 708 1880 qualibus
736 1817 792 1863 et
835 1808 921 1863 illa
952 1808 1004 1862 in
1045 1806 1297 1862 Ecclesize
1321 1815 1450 1877 typo
1481 1804 1691 1869 mulier,
1728 1803 1885 1873 139
1921 1830 1960 1887 η
1986 1809 2498 1877 mulier-evangelica
2521 1809 2833 1878 irrigaverat
2854 1812 2918 1863 τ’.
2946 1809 3235 1880 Propterea
3250 1811 3565 1882 Synagogar,

289 1901 498 1957 Christi
535 1900 760 1968 vestigia
790 1906 1060 1969 unguento
1099 1907 1155 1952 et
1184 1897 1437 1968 lacrymis
1466 1896 1646 1964 rigans
1689 1894 1882 1949 tersit:

288 2007 419 2061 quae
448 2007 554 2045 non
587 1998 692 2044 tam
713 1989 887 2059 pretio
910 2003 1212 2052 munerum,
1236 2001 1395 2056 quam
1423 1984 1666 2053 obsequii
1691 1983 1890 2054 placuit

292 2082 514 2135 aﬂ'ectu.
536 2079 650 2134 Non
680 2080 822 2133 enim
851 2076 1248 2147 unguentumin
1266 2077 1354 2131 illa
1371 2076 1647 2141 Dominus,
1675 2073 1775 2130 sed
1798 2089 1890 2129 ca-

293 2174 518 2229 ritatem
566 2172 775 2239 dilexit,
813 2186 916 2240 qua
948 2170 1211 2241 pudenter
1252 2170 1551 2241 impudens,
1594 2177 1649 2225 et
1674 2169 1761 2240 pie
1786 2170 1888 2225 im-

291 2263 470 2334 proba
492 2262 609 2317 sine
639 2261 914 2331 opprobrii
935 2269 989 2315 et
1012 2261 1236 2330 repulsa:
1263 2269 1432 2326 metu,
1455 2268 1768 2315 extraneam
1790 2259 1888 2316 sibi

289 2352 521 2406 domum
549 2349 821 2416 Pharisaei,
854 2367 961 2405 non
985 2350 1229 2419 invitata,
1257 2351 1344 2405 illa
1367 2352 1417 2407 vi
1446 2350 1693 2421 petulans
1722 2367 1889 2422 pene-

295 2442 485 2507 travit,
537 2456 642 2510 qua
690 2440 894 2511 rapitur
926 2454 1147 2509 regnum
1186 2440 1443 2496 cmlorum
1477 2450 1500 2478 ο
1537 2458 1549 2494 :
1581 2448 1637 2496 et
1680 2448 1890 2496 tantum

292 2534 456 2589 verbi
483 2531 717 2588 caelestis
745 2532 987 2586 esuriens
1005 2572 1021 2598 ,
1051 2546 1157 2585 non
1187 2529 1257 2585 ad
1286 2530 1363 2599 (ά)
1394 2530 1559 2599 dapes
1588 2530 1758 2595 illius,
1798 2530 1891 2585 sed

293 2623 372 2678 ad
400 2608 565 2692 pedes
591 2620 787 2675 Christi
816 2621 1072 2684 cucurrit,
1097 2635 1262 2691 seque
1290 2620 1344 2674 in
1374 2620 1477 2675 illis
1520 2620 1710 2686 abluit,
1740 2627 1794 2674 et
1818 2621 1895 2674 ci-

294 2711 452 2765 bavit
483 2728 496 2763 :
529 2719 688 2779 atque
717 2710 863 2780 ipsos
891 2709 989 2764 sibi
1020 2708 1183 2779 pedes
1204 2708 1519 2770 sacrarium,
1552 2716 1609 2762 ut
1650 2708 1722 2762 ita
1746 2708 1897 2764 dixe-

297 2798 430 2862 rim,
464 2805 520 2852 et
547 2798 713 2852 altare
747 2797 1046 2853 constituit.
1071 2795 1129 2851 in
1158 2797 1353 2866 quibus
1381 2795 1565 2850 libavit
1594 2795 1741 2858 lletu,
1773 2795 1898 2850 lita-

296 2886 386 2938 Vit
415 2894 709 2953 unguento,
751 2883 1075 2940 sacrificavit
1116 2883 1331 2941 aﬂ'ectu.
1379 2885 1710 2955 Sacriﬁcium
1756 2886 1899 2941 enim

304 2972 425 3025 Deo
456 2974 663 3042 spiritus
685 2973 1057 3027 contribulatus
1094 2972 1109 3012 π
1146 2987 1306 3041 quem
1329 2973 1417 3027 illa
1452 2973 1737 3028 immolans
1766 2974 1899 3042 Deo,

306 3078 423 3116 non
462 3062 635 3117 solum
669 3062 1037 3117 remissionem
1085 3062 1402 3118 delictorum
1426 3103 1441 3128 ,
1475 3061 1569 3117 sed
1598 3076 1649 3117 et
1672 3063 1895 3132 gloriam

299 3154 633 3225 prmdicandi
664 3169 786 3209 cum
811 3153 1100 3221 Evangelio
1130 3154 1361 3209 nominis
1390 3155 1583 3209 meruit
1608 3164 1653 3209 ε.

381 3241 467 3295 52.
513 3240 578 3296 Et
606 3244 730 3314 quia
760 3243 1014 3298 vocandm
1042 3258 1109 3298 ex
1138 3244 1385 3312 gentibus
1427 3242 1679 3299 Ecclesia:
1708 3243 1895 3314 imagi-

299 3345 431 3386 nem
457 3331 793 3400 prcherehat,
826 3331 1006 3385 omnia
1034 3332 1088 3386 in
1117 3333 1403 3403 semetipsa
1426 3334 1667 3404 mysterii
1696 3335 1897 3391 saluta-

299 3422 384 3477 ris
413 3422 638 3490 insignia
666 3422 849 3490 gessit.
885 3421 1055 3478 Uncta
1076 3432 1158 3478 est
1178 3424 1474 3481 chrismate
1501 3426 1584 3480 sui
1612 3428 1848 3483 muneris
1874 3446 1890 3494 ;

300 3513 637 3584 paenitentia:
668 3514 928 3584 lacrymas
947 3513 1133 3568 habuit
1165 3514 1216 3568 in
1240 3514 1533 3581 lavacrum,
1565 3516 1769 3571 viscera
1798 3533 1891 3573 ca-

302 3600 487 3656 ritatis
527 3602 581 3655 in
609 3601 926 3657 sacrilicium
965 3620 977 3656 :
1012 3611 1067 3658 et
1092 3603 1263 3674 ipsum
1293 3605 1472 3660 vivum
1502 3604 1895 3662 viviﬁcantem-

302 3704 414 3759 qne
458 3706 651 3760 panem
700 3691 945 3746 manibus
972 3700 1026 3747 et
1055 3708 1150 3749 ore
1181 3695 1482 3764 praesumsit
1511 3695 1530 3765 (
1558 3695 1615 3750 td
1651 3706 1729 3751 est
1770 3706 1895 3754 ante

305 3783 520 3847 sumsit,
552 3790 598 3835 et
638 3784 712 3836 sic
752 3784 893 3855 infra
923 3785 1219 3854 praelibavit
1241 3785 1290 3856 );
1334 3787 1651 3856 sanguinem
1680 3803 1895 3859 quoque

306 3872 511 3935 'calicis,
544 3884 828 3942 antequam
875 3871 1024 3930 ﬁeret
1057 3875 1197 3931 calix
1236 3877 1533 3945 sanguinis,
1564 3878 1761 3934 osculis
1800 3895 1895 3934 su-

310 3962 557 4030 gentibus
578 3962 887 4033 prmlibavit.
916 3963 1079 4019 Beata
1104 3981 1222 4035 qua:
1243 3965 1512 4022 Christum
1542 3968 1595 4022 in
1619 3985 1781 4025 carne
1800 3984 1898 4039 gu—

313 4052 491 4117 stavit,
525 4060 580 4106 et
617 4051 669 4107 in
709 4052 824 4123 ipso
867 4069 1099 4124 corpore
1144 4053 1342 4111 Christi
1391 4073 1589 4127 corpus
1639 4059 1893 4129 accepit:

309 4141 506 4195 merito
541 4143 755 4212 prxlata
804 4141 1095 4209 Pharisaco,
1125 4146 1365 4214 pascenti
1410 4146 1539 4200 licet
1584 4147 1895 4213 Christum;

306 4248 431 4302 qua:
455 4232 638 4289 Iuda-.0
664 4235 916 4305 epulante
934 4234 1139 4304 jejuna,
1162 4251 1269 4289 non
1292 4235 1422 4303 cibi,
1451 4244 1510 4289 ut
1537 4235 1668 4301 dixi,
1692 4236 1787 4290 sed
1814 4253 1902 4291 sa-

307 4319 441 4377 lutis
467 4323 620 4375 avida
668 4326 737 4393 (ei
774 4323 1062 4378 sewiehat.
1097 4322 1283 4389 Beata,
1315 4338 1434 4393 quae
1472 4324 1672 4378 meruit
1700 4324 1753 4378 in
1800 4323 1901 4379 Ec-

310 4409 490 4464 clesiae
522 4418 701 4481 typum
732 4412 833 4466 hac
860 4427 1074 4481 quoque
1117 4413 1298 4483 specie
1352 4412 1565 4480 ligurari
1615 4419 1629 4480 (
1661 4412 1895 4469 Ambros.

312 4497 403 4553 lib.
422 4514 497 4561 vi,
528 4498 581 4553 in
614 4498 735 4553 Luc.
773 4517 837 4555 vn
866 4504 905 4568 ),
936 4509 995 4555 ut
1023 4500 1074 4555 in
1106 4501 1267 4557 domo
1288 4510 1342 4556 et
1370 4502 1620 4557 convivio
1648 4500 1898 4557 Phariszui

312 4604 424 4641 non
456 4589 569 4658 ipse
600 4587 915 4652 Phariszeus,
948 4588 1044 4644 sed
1067 4590 1338 4661 peccatrix
1369 4590 1434 4644 ad
1464 4591 1674 4645 veniam
1701 4589 1893 4659 justiti-

313 4690 549 4736 carctur.
582 4680 707 4737 Plus
734 4682 891 4752 hujus
938 4682 1314 4754 importunitas
1341 4682 1709 4753 consequitur,
1739 4698 1898 4753 quam

1986 1916 2160 1970 neque
2189 1901 2366 1957 oleum
2405 1901 2590 1968 gratia:
2608 1941 2623 1964 ,
2655 1915 2830 1970 neque
2858 1915 2995 1970 aqua
3023 1900 3333 1956 refectionis
3358 1916 3387 1954 a
3414 1899 3569 1957 Chri-

1986 1999 2071 2055 sto
2101 1999 2215 2056 est;
2271 1990 2422 2060 cujus
2473 2001 2656 2062 typum
2711 1990 2786 2045 illi
2830 1989 3101 2045 Pharismo
3154 1990 3382 2059 gerenti,
3428 1992 3568 2047 circa

1987 2081 2161 2150 ipsum
2205 2088 2260 2137 et
2297 2081 2403 2136 olei
2431 2090 2485 2135 et
2514 2095 2665 2150 aqua:
2706 2080 2958 2135 salutaris
3004 2079 3227 2145 fontem,
3271 2086 3326 2134 et
3353 2094 3489 2149 aqua
3515 2088 3570 2135 et

1987 2171 2164 2226 oleum
2193 2170 2434 2226 caritatis
2461 2170 2694 2226 exaruit.
2726 2169 2800 2225 De
2830 2170 2933 2224 hoc
2962 2169 3108 2224 fonte
3127 2168 3449 2239 pnedixerat
3476 2184 3572 2239 per

1990 2262 2305 2332 prophetam
2341 2259 2564 2315 :Oleunt
2611 2260 2897 2329 peccatoris
2944 2276 3048 2315 non
3093 2258 3373 2330 intpingttet
3421 2267 3576 2328 caput

1973 2370 2156 2412 meum
2183 2358 2196 2389 ί
2221 2369 2236 2418 ;
2268 2351 2407 2408 sicut
2434 2350 2501 2406 ad
2530 2349 2818 2405 Ecclesiam
2843 2364 2996 2405 suam
3019 2348 3201 2405 dicere
3223 2347 3399 2419 potuit
3426 2366 3439 2401 :
3465 2347 3574 2403 fm-

1989 2444 2249 2516 pinguasti
2278 2444 2333 2497 in
2361 2442 2473 2497 oleo
2497 2449 2648 2511 caput
2681 2443 2879 2495 meant
2918 2455 2932 2493 :
2963 2453 3083 2508 qua:
3109 2454 3218 2493 non
3242 2437 3415 2493 solum
3443 2452 3575 2493 con-

1989 2532 2243 2595 fectione,
2275 2531 2368 2593 sed
2389 2531 2552 2585 etiam
2572 2545 2700 2585 vase
2722 2530 3018 2599 pretiosum
3040 2529 3309 2583 detulerat
3336 2542 3576 2595 unguen-

1988 2631 2128 2687 tum,
2157 2621 2301 2690 quod
2330 2622 2629 2689 multorum
2657 2619 2959 2687 graminum
2979 2617 3026 2650 "
3055 2619 3170 2672 sive
3198 2616 3387 2670 ﬂorum
3409 2616 3574 2670 mixta

1996 2711 2049 2765 in
2080 2726 2242 2766 unum
2276 2710 2445 2776 gratia
2477 2715 2536 2762 et
2562 2708 2760 2762 virtute
2798 2706 3087 2774 fragrahat.
3118 2706 3251 2774 Quas
3274 2704 3450 2775 potuit
3476 2705 3577 2759 nisi

1996 2801 2235 2857 Ecclesia
2258 2800 2364 2854 tale
2384 2797 2687 2854 coniicere?
2715 2812 2834 2866 qua:
2853 2797 2919 2852 de
2950 2795 3113 2851 variis
3146 2793 3440 2850 caelestium
3466 2806 3580 2861 gra.

1999 2891 2194 2945 tiarum
2227 2887 2446 2942 ﬂoribus
2471 2894 2527 2941 et
2551 2886 2725 2941 succis
2753 2885 2941 2948 odora,
2971 2881 3313 2938 multimodas
3340 2882 3580 2937 suavita-

1998 2988 2080 3035 tes
2099 2995 2165 3034 ex
2193 2978 2419 3033 diversis
2441 2975 2690 3043 gentibus
2716 2975 2827 3030 Deo
2855 2974 3042 3045 spirat,
3066 2975 3443 3043 orationesque
3463 2987 3577 3028 san-

1996 3080 2224 3134 ctorum,
2265 3066 2410 3122 velut
2437 3073 2676 3121 aromata
2707 3065 2909 3136 pateris
2949 3064 3165 3120 incensa
3197 3061 3581 3130 ﬂagrantibus,

1920 3183 1964 3244 ς
1996 3160 2185 3230 spiritu
2216 3155 2459 3244 veritatis
2483 3154 2700 3244 exhalat
2725 3154 2981 3217 (Ambros.
3001 3151 3089 3244 lib.
3115 3168 3188 3220 vi,
3213 3154 3269 3206 in
3292 3149 3530 3244 Lumvu)
3560 3169 3573 3203 :

1998 3256 2056 3304 ut
2083 3248 2134 3303 ei
2161 3246 2345 3303 talium
2375 3241 2563 3299 ﬂorum
2609 3242 2884 3308 odoribus,
2916 3258 3015 3298 seu
3044 3241 3311 3311 liquorum
3343 3239 3575 3300 roribus.
3638 3250 3643 3257 '

1996 3336 2233 3391 afﬂuenti
2262 3335 2502 3405 Sponsus
2530 3333 2643 3403 ipse
2669 3340 2913 3400 gratetur
2941 3332 3029 3387 illa
3052 3347 3156 3401 qua
3178 3339 3237 3385 et
3261 3331 3314 3384 in
3342 3330 3578 3385 Canticis

1996 3426 2337 3481 Canticorum
2378 3437 2512 3478 voce
2539 3423 2810 3478 blanditur
2841 3440 2854 3473 :
2897 3420 3179 3486 Columba,
3211 3420 3412 3488 inquit,
3441 3434 3587 3486 mea,

1995 3520 2232 3589 perfecta
2260 3534 2394 3580 mea,
2419 3517 2660 3588 quoniam
2680 3523 3017 3586 caputmeum
3042 3514 3289 3583 repletum
3309 3518 3382 3566 est
3399 3527 3514 3565 rore
3527 3509 3581 3564 ιι

1996 3614 2159 3678 caput
2187 3606 2383 3662 Christi
2406 3605 2579 3673 Deus,
2608 3613 2665 3660 et
2691 3605 2869 3660 crines
2900 3603 3017 3672 ejus
3050 3602 3096 3635 "
3123 3601 3318 3657 electio
3349 3602 3580 3655 Sancto-

1995 3711 2139 3764 rum,
2167 3694 2364 3765 quibus
2413 3691 2572 3749 Pater
2607 3692 2805 3763 gaudet
2844 3692 2898 3747 in
2926 3689 3160 3755 Christo,
3192 3700 3242 3746 et
3275 3691 3444 3745 crines
3480 3691 3581 3744 nisi

1995 3785 2155 3856 guttis
2184 3785 2366 3839 noctis.
2401 3782 2531 3851 Ros,
2563 3791 2624 3839 ut
2663 3783 2883 3847 scimus,
2912 3796 3020 3835 non
3044 3789 3127 3836 est
3154 3781 3340 3836 imbris
3364 3779 3580 3847 humor,

1997 3871 2095 3927 sed
2120 3871 2381 3942 refrigerii
2407 3913 2423 3940 ,
2451 3886 2559 3942 quo
2588 3870 2899 3928 reﬁciuntur
2932 3870 3082 3926 arida
3112 3872 3179 3926 ab
3214 3878 3349 3926 aestu
3387 3869 3581 3925 diurno

1996 3960 2258 4028 gramina.
2286 3960 2455 4030 Hujus
2480 3961 2617 4017 roris
2657 3960 2849 4015 lucidis
2887 3959 3051 4026 guttis
3088 3973 3197 4013 non
3247 3956 3350 4012 nisi
3390 3969 3581 4010 serena

1999 4061 2158 4108 nocte
2196 4054 2462 4122 spargitur
2484 4053 2601 4124 (pro
2629 4050 2952 4120 aspergitur)
2985 4057 3146 4102 terra.
3181 4047 3333 4102 [inde
3362 4044 3584 4111 intelligi

1999 4142 2174 4208 datur,
2206 4157 2302 4197 eas
2330 4141 2505 4196 noctis
2527 4147 2724 4206 guttas,
2756 4137 2949 4205 quibus
2976 4143 3139 4202 caput
3166 4143 3221 4188 et
3256 4134 3432 4187 crines
3458 4146 3585 4186 suos

2001 4230 2264 4300 sapientia
2290 4226 2557 4283 maduisse
2586 4225 2832 4287 laetatur,
2857 4221 3083 4276 formam
3109 4234 3229 4275 esse
3255 4225 3585 4279 sanctorum,

2001 4335 2163 4390 quam
2185 4327 2243 4375 et
2266 4318 2319 4373 in
2341 4315 2511 4373 stellis
2525 4312 2814 4385 Apostolus
2840 4324 3126 4366 coruscare
3145 4308 3386 4376 designat
3411 4303 3451 4374 ι,
3469 4321 3587 4375 quin

2005 4425 2159 4482 teque
2187 4408 2390 4465 serenis
2421 4407 2668 4463 noctibus
2701 4404 2934 4467 micant,
2966 4401 3161 4473 quibus
3187 4415 3341 4457 rores
3367 4398 3586 4455 cadunt.

2010 4504 2141 4571 Qua:
2166 4512 2345 4559 autem
2368 4516 2473 4556 nox
2505 4500 2779 4556 intellectu
2801 4495 3027 4569 spiritali
3053 4493 3306 4566 putanda,
3337 4491 3436 4547 nisi
3464 4505 3589 4562 pas-

2007 4594 2089 4648 sio
2122 4591 2356 4654 Domini,
2387 4605 2507 4660 qua:
2537 4598 2593 4644 et
2630 4588 2747 4644 dies
2773 4584 3091 4645 illuminavit
3117 4585 3199 4638 "1'
3235 4582 3303 4638 de
3324 4595 3430 4652 qua
3457 4589 3587 4652 puto

2004 4681 2261 4749 scriptum
2288 4696 2300 4731 :
2336 4677 2401 4731 Et
2450 4694 2553 4732 nos:
2576 4678 2883 4732 illuminatio
2903 4690 3018 4729 mea
3045 4674 3100 4727 in
3145 4671 3341 4726 deliciis
3369 4671 3496 4724 meis
3521 4679 3588 4723 ω.

388 4826 414 4854 ι
446 4816 635 4872 Matth.
665 4833 784 4882 vm,
811 4817 907 4881 24;
933 4818 1093 4873 Marc.
1119 4836 1191 4886 iv,
1216 4817 1316 4881 58;
1342 4817 1471 4874 Luc.
1504 4835 1609 4877 \‘lll,
1642 4819 1743 4880 9.3;
1789 4817 1927 4871 Psal.
1958 4834 2065 4883 uv,
2090 4816 2144 4886 υ.
2218 4814 2245 4852 ὶι
2275 4814 2415 4869 Psal.
2451 4815 2674 4886 unﬁt).
2695 4826 2775 4886 με·
2802 4814 2988 4869 Matth.
3019 4828 3139 4886 xxv,
3337 4805 3364 4848 δ
3397 4808 3586 4886 Matth.

317 4905 382 4954 κ,
414 4889 516 4951 50;
565 4886 691 4943 Luc.
727 4901 825 4953 xtl,
859 4890 908 4941 7.

320 4956 344 4994 ⁵
366 4957 561 5012 Jtihan.
589 4975 623 5017 I,
648 4959 735 5012 50.

318 5044 577 5095 cxxxvm,
611 5028 696 5083 ιι.

392 5145 473 5209 (a)
510 5144 611 5216 Ms.
645 5145 815 5201 codex
845 5144 1180 5203 Viennensis.
1211 5141 1631 5216 prwnuittianda.

392 5217 468 5285 (ὁ)
509 5214 608 5285 Ms.
644 5216 836 5285 Yatic.,
866 5216 1210 5269 retributione.

396 5278 467 5353 (c)
508 5284 604 5341 Ms.
628 5284 828 5351 Vatic.,
862 5286 1285 5339 remnuerabitur.
1337 5283 1425 5336 Sic
1452 5281 1610 5353 ⁸τιιίὶιῇ
1645 5278 1911 5353 Paulinus

820 4959 832 4996 ί
862 4957 999 5012 Psal.
1023 4975 1145 5021 ch,
1307 4958 1320 5009 l
1361 4956 1498 5012 Psal.
1534 4975 1662 5021 χχιι,
1695 4959 1747 5011 5.
1828 4958 1848 4994 κ
1883 4965 1891 5005 4

1992 4965 2040 5010 ιι.
2072 4972 2130 5018 ιι,
2157 4954 2241 5018 10,
2273 4962 2327 5008 ct
2356 4971 2408 5022 v,
2437 4954 2614 5018 2,scc.
2644 4952 2799 5006 LXX.

991 4900 1013 4925 ο
1044 4875 1450 4950 Matth.xt,19.
1535 4875 1813 4947 Ipsam.
1869 4888 1948 4941 ιθ.
2029 4875 2064 4933 ε’
2102 4885 2288 4939 Matth.
2337 4902 2492 4944 xxvi,
2548 4883 2641 4947 13;
2694 4884 2857 4939 Marc.
2907 4900 3014 4940 xw.
3058 4880 3122 4945 9;
3162 4878 3364 4950 Johan.
3400 4896 3491 4950 xu.
3534 4875 3591 4950 3.

2883 4952 3111 5021 lPhilip.
3136 4965 3193 5013 ll,
3226 4948 3304 5003 I5.
3382 4957 3420 4986 ιη
3447 4947 3585 5001 Psal.

2017 5141 2150 5239 (gari,
2184 5155 2336 5239 qustu
2364 5140 2497 5239 inter
2528 5137 2683 5207 dapes
2711 5144 3006 5239 tuaéutecum
3029 5135 3182 5204 juxta
3205 5131 3461 5187 Christum
3482 5130 3593 5183 sine

2093 5210 2220 5239 ..ὅροι
2284 5210 2437 5239 ὅρκια-ι
2478 5222 2559 5239 Δια.
2580 5223 2591 5234 ο
2623 5214 2672 5239 ΔΙ
2705 5220 2737 5239 n

2014 5205 2220 5263 Christo
2246 5205 2604 5269 discumbere:
2623 5214 2676 5260 et
2704 5220 2758 5259 ιι.
2786 5205 2875 5259 59.

2088 5286 2159 5341 te)
2198 5276 2295 5331 Ms.
2330 5277 2501 5330 Vatic.
2535 5283 2590 5328 ct
2617 5274 2702 5328 ed.
2730 5272 2902 5335 Crin.,
2934 5270 3213 5327 esuriebat.
3248 5267 3485 5333 Utraque
3512 5263 3593 5319 le-

324 5342 429 5410 hoc
452 5342 624 5408 verbo
654 5342 828 5409 utitur
847 5356 1038 5409 active.
1075 5354 1205 5408 Vide
1251 5353 1410 5423 epist.
1444 5351 1512 5403 26
1542 5350 1610 5404 ad
1641 5350 1911 5405 Sebastia-
2013 5347 2305 5423 ctio‘hnna.
2335 5345 2728 5423 Veris_sima_i_lla
2751 5359 2910 5423 quam
2933 5342 3249 5423 ιτξιίιιριιιιις»ἱ
3264 5348 3601 5423 nempe

326 5440 476 5489 num,
505 5437 655 5477 num.
686 5424 739 5479 Ξ.

2015 5400 2360 5471 confirmatur
2387 5431 2439 5467 ιι.
2469 5414 2537 5467 40
2571 5433 2583 5467 :
2615 5414 2688 5466 Tu
2712 5400 2845 5467 enim
2875 5408 3166 5479 epulabaris
3194 5400 3249 5457 ut
3280 5400 3601 5474 superbircs,

395 5483 474 5563 td)
519 5494 658 5547 Ante
687 5503 801 5549 erat
824 5510 965 5565 opes.
994 5492 1126 5565 Cum
1155 5490 1420 5565 Sacchino
1448 5489 1799 5565 emendamus
1821 5488 1916 5541 da—
1998 5484 2399 5565 .illa‘jejunabat
2427 5494 2482 5537 ut
2502 5483 2729 5565 sentiret.

327 5581 435 5633 pes.
457 5559 614 5619 certa
644 5559 866 5632 quidem
900 5562 1207 5633 conjectura
1238 5563 1425 5633 petita,
1459 5569 1569 5633 tam
1606 5576 1673 5613 ex
1712 5559 1900 5633 subse-

327 5626 632 5703 quentibus,
663 5626 776 5688 tum
805 5626 1026 5689 inferius
1054 5647 1110 5703 np.
1143 5626 1734 5703 42‘,:ubi_l’a_ulinus_ad
1763 5626 1902 5703 Pha-

328 5697 540 5763 ﬁsazum
573 5722 584 5757 :
620 5703 762 5759 Malo
782 5705 917 5759 inter
943 5701 1153 5769 capillos
1181 5700 1318 5753 illius
1349 5698 1539 5753 Christi
1560 5697 1771 5769 pedibus
1796 5698 1902 5751 illi-

2080 5540 2148 5615 tfi
2165 5540 2324 5609 quta
2347 5568 2447 5608 ms.
2474 5553 2712 5609 codicem
2729 5551 2883 5605 Vien.
2908 5542 3272 5615 expunximus
3290 5541 3378 5615 illa
3405 5540 3589 5615 verba,

2005 5610 2142 5694 unde
2159 5626 2242 5679 lex
2264 5626 2395 5694 ipsa,
2420 5638 2536 5692 qua:
2557 5623 2609 5678 in
2638 5622 2753 5679 aliis
2774 5610 3045 5674 codicibus
3074 5611 3304 5669 librariis
3331 5610 3593 5669 inculcata

2008 5688 2174 5750 fuisse
2197 5688 2470 5749 \‘ichurL
