4078 6352
245 365 346 419 281

1604 353 1930 419 EPISTOIA
1973 302 2160 422 fiXlll.

3399 390 3504 447 282

242 467 499 548 quoniam
529 469 740 546 spiritus
768 475 856 529 ubi
877 477 980 530 vult
999 477 1179 547 spirat,
1206 485 1256 530 et
1278 476 1432 530 audio
1453 492 1621 530 vorem
1642 478 1752 548 ejus
1773 487 1822 531 et
1853 486 1897 541 Α
1927 487 2014 532 tur
2041 479 2250 544 ardore,
2283 489 2338 534 et
2364 482 2571 539 conlisa
2621 488 2798 557 ignitis
2826 490 3103 551 dominica:
3147 501 3384 558 caritatis
3413 522 3500 559 sa-

243 569 416 621 nescio
437 568 572 620 unde
592 567 755 620 veniat
775 575 820 619 ⁸.
839 567 1004 634 Igitur
1023 565 1340 636 ubicumque
1361 583 1546 620 auram
1567 560 1680 636 ejus
1701 583 1828 637 cap-

244 665 407 719 tabo:
435 661 804 728 undecumque
827 660 910 714 vel
953 666 1162 714 tenuem
1187 659 1411 713 halitum
1452 659 1642 728 legam.
1678 658 1814 725 Quo-

243 768 472 822 cumque
526 752 610 806 vel
656 746 709 805 in
755 750 970 804 domum
1031 749 1229 817 indigni
1276 748 1370 819 (V.
1413 757 1527 804 not.
1559 746 1690 819 98),
1742 750 1825 803 vel

241 846 299 900 in
329 845 546 899 domum
585 831 835 896 Pharismi
863 841 1075 896 audiam
1115 839 1317 911 justum
1347 842 1576 906 venisse,
1606 845 1830 895 conten-

241 937 683 1009 dampraaripere
713 937 936 1004 hospitis
974 935 1220 1004 gratiam,
1241 935 1527 1004 praeripere
1556 935 1599 988 si
1629 935 1827 1004 possim

240 1046 469 1100 regnum
485 1028 761 1083 cmlorum.
791 1025 1118 1096 Ubicumque
1137 1025 1265 1078 mihi
1287 1026 1618 1080 resonaverit
1633 1021 1829 1077 Christi

240 1135 464 1185 nomen,
483 1132 778 1180 accurram;
798 1117 865 1170 ad
880 1117 1259 1184 cujuscumque
1283 1111 1593 1170 interiorem
1611 1114 1829 1168 domum

237 1209 424 1265 Iesum
445 1209 644 1262 intrare
675 1221 1004 1275 cognovero,
1026 1215 1079 1260 et
1103 1206 1216 1276 ipse
1237 1206 1556 1276 properabo.
1585 1203 1719 1260 Cum
1747 1221 1832 1260 re-

237 1312 434 1368 perero
458 1295 792 1366 sapientiam,
819 1311 941 1349 cum
971 1310 1221 1365 reperere
1240 1289 1501 1364 justitiam
1530 1295 1581 1348 in
1611 1293 1834 1362 alicujus

237 1387 607 1457 penetralibus
628 1399 684 1440 re
695 1387 1045 1448 :umbcntem,
1065 1399 1272 1440 curram
1298 1385 1363 1439 ad
1388 1386 1550 1455 pedes
1570 1384 1765 1439 Christi
1783 1383 1830 1448 δ,

237 1488 298 1532 ut
322 1479 408 1532 vel
429 1486 672 1532 extremo
693 1477 967 1546 sapientite
982 1478 1207 1545 vestigio
1227 1478 1431 1545 signer;
1454 1492 1551 1531 nec
1568 1474 1830 1530 fastidiam

235 1571 430 1638 pedes,
450 1570 613 1623 immo
642 1568 860 1636 optabo,
893 1578 949 1622 ut
972 1569 1053 1623 vel
1084 1568 1306 1638 pedibus
1333 1569 1443 1622 suis
1471 1576 1652 1636 tangat
1673 1575 1833 1637 caput

234 1676 420 1714 meum
453 1659 716 1714 Christus.
756 1658 843 1712 llla
891 1660 1148 1714 fimbriam
1190 1659 1391 1728 tetigit,
1422 1667 1474 1714 et
1503 1663 1688 1713 curata
1718 1666 1829 1724 est;

233 1751 377 1805 alios
427 1758 482 1806 et
511 1751 736 1805 transitu
771 1751 815 1783 ⁸³
857 1749 1138 1820 apostolici
1184 1749 1424 1820 corporis
1476 1746 1834 1803 inumbrando

233 1843 454 1897 sanavit
487 1854 530 1897 ο.

313 1933 475 2004 143
506 1927 592 1989 ⁵57.
627 1932 1005 2004 Expandamus
1048 1930 1124 1986 illi
1166 1926 1388 2002 capillos
1435 1929 1530 1999 (V.
1563 1933 1678 1985 not.
1717 1923 1828 1999 99),

233 2023 292 2080 id
327 2033 440 2090 est,
465 2040 652 2078 omnes
691 2032 998 2078 nostrorum
1057 2023 1340 2089 insignium
1385 2017 1670 2090 dignitates
1707 2026 1832 2072 ante

234 2116 422 2185 ipsum
464 2125 798 2182 sternamus;
822 2124 875 2170 et
897 2107 1211 2184 deficiamur
1241 2129 1271 2167 a
1303 2111 1729 2181 nobismetipsis,
1773 2117 1834 2164 ut.

230 2207 636 2262 exaltemurab
666 2207 776 2273 illo,
806 2208 890 2277 qui
934 2207 987 2259 in
1019 2200 1139 2259 altis
1177 2203 1396 2271 habitat,
1424 2213 1471 2257 et
1501 2200 1714 2256 humilia
1749 2217 1833 2256 re-

228 2299 392 2366 spicit
421 2295 468 2351 ἀ.
497 2296 570 2368 (a)
603 2289 874 2367 Lacrymis
909 2294 1100 2349 delicta
1142 2302 1324 2349 nostra
1355 2293 1633 2358 fateamur,
1664 2299 1724 2346 ut
1763 2289 1832 2346 de

229 2368 398 2443 nobis
427 2402 642 2456 quoque
663 2378 811 2441 dicat
834 2376 1046 2438 Iustitia
1069 2384 1155 2438 illa
1177 2384 1412 2440 caelestis
1431 2401 1443 2435 :
1470 2381 1734 2453 Lacrymis
1756 2378 1830 2434 ri-

225 2479 378 2550 gavit
405 2479 560 2546 pedes
579 2487 800 2544 meos,et
819 2476 1020 2546 capillis
1050 2478 1154 2530 suis
1180 2477 1321 2531 tersit
1345 2485 1390 2529 ο.
1408 2467 1662 2530 Fortasse
1683 2471 1828 2527 enim

225 2567 362 2622 ideo
393 2566 488 2638 (V.
521 2576 634 2621 not.
689 2559 812 2637 {00)
840 2582 945 2620 non
977 2558 1052 2638 (ὁ)
1103 2567 1292 2620 laverit
1335 2565 1498 2636 pedes
1539 2575 1669 2619 suos
1705 2575 1828 2618 cum

223 2655 622 2727 discipulorum
653 2656 878 2720 lavarel,
912 2657 970 2711 ut
1015 2671 1110 2712 eos
1137 2655 1336 2710 nostris
1363 2654 1612 2724 lacrymis
1631 2667 1731 2708 nos
1755 2653 1827 2723 (c)

225 2745 503 2801 lavemus.
535 2745 650 2800 Non
672 2741 958 2801 mediocris
983 2747 1159 2800 anima
1187 2742 1275 2799 illa
1304 2743 1482 2798 meriti
1509 2751 1614 2806 est,
1635 2742 1703 2797 de
1721 2751 1828 2810 qua

219 2847 423 2908 potest
442 2839 622 2892 dicere
641 2836 912 2906 Sapientia
938 2856 949 2891 :
984 2836 1067 2891 Ex
1097 2854 1196 2908 quo
1217 2836 1452 2900 intrauit,
1482 2851 1585 2888 non
1614 2833 1832 2888 cessavit

218 2929 468 2983 osculari
495 2927 646 2996 pedes
672 2945 807 2982 meos
836 2927 879 2982 τ.
908 2928 985 2998 (d)
1017 2927 1154 2994 Quid
1181 2935 1264 2982 est
1305 2927 1412 2980 hoc
1437 2925 1697 2990 osculum,
1729 2923 1830 2979 nisi

219 3018 438 3088 pignus
464 3025 723 3070 teternum
746 3018 886 3072 illius
914 3019 1170 3082 caritatis,
1202 3032 1320 3087 qua:
1346 3017 1509 3086 aperit
1539 3015 1827 3069 multitudi-

218 3122 357 3160 nem
385 3115 681 3174 pecatorum
724 3119 768 3161 δ.
801 3107 923 3163 llaec
970 3108 1148 3162 oscula
1179 3107 1388 3177 Sponso
1426 3123 1524 3163 suo
1546 3106 1656 3176 jam
1699 3114 1825 3160 tunc

1928 571 2090 639 gittis,
2124 570 2315 638 quibus
2356 577 2527 631 omnis
2573 579 2674 632 alia
2708 581 3040 647 inimicarum
3086 587 3500 647 dclectationum

1927 662 2143 717 dilectio
2173 664 2213 694 ’τ
2244 665 2576 735 interﬁcitur,
2626 671 2769 726 dicat
2816 674 2866 727 in
2915 677 3077 733 corde
3122 679 3443 752 cdtnpuncto
3487 702 3500 736 :

1931 752 2185 816 Quoniam
2225 756 2490 810 vulnerata
2534 759 2598 830 (Γ)
2643 763 2876 817 caritatis
2926 765 3031 834 (ιν.
3079 779 3189 824 not.
3235 772 3368 843 101)
3410 791 3504 845 ego

1927 867 2040 902 sum
2080 850 2118 904 ί.
2150 851 2342 906 Beatus
2374 870 2500 907 vero
2531 856 2620 923 qui
2651 865 2826 924 potest
2867 867 2920 912 et
2967 863 3151 917 osculo
3181 865 3256 935 (g)
3291 875 3506 935 tangere

1929 935 2095 1012 pedes
2121 939 2316 999 Christi
2347 947 2388 1000 i.
2412 945 2540 1012 Quis
2571 950 2696 1002 mihi
2728 952 2925 1007 misero
2953 971 3016 1010 os
3039 955 3306 1024 adureret,
3331 966 3381 1012 et
3407 959 3503 1012 lin-

1931 1046 2084 1099 gnam
2109 1049 2278 1088 meam
2301 1036 2506 1115 caelesti
2536 1038 2626 1092 illo
2656 1040 2888 1095 carbone
2913 1054 3182 1110 purgaret,
3209 1056 3266 1100 ut
3292 1048 3375 1101 vel
3397 1049 3507 1102 cal-

1932 1139 2154 1179 caneum
2183 1126 2382 1182 Christi
2407 1145 2640 1185 mererer
2667 1148 2876 1186 summo
2907 1144 3059 1190 tenus
3089 1154 3184 1192 ore
3227 1141 3505 1209 continge-

1932 1229 2009 1276 re,
2040 1213 2332 1286 ct}ubdito
2361 1220 2532 1288 capite
2564 1223 2640 1290 (Io)
2671 1223 2784 1276 sola
2813 1226 2886 1292 (iul
2914 1236 2987 1278 est
3015 1229 3254 1296 vestigia.
3297 1229 3358 1284 V.
3391 1241 3509 1288 not.

1935 1305 2056 1370 10?.)
2090 1316 2272 1361 sancta
2305 1316 2546 1376 tergere,
2593 1320 2648 1364 ut
2678 1322 2840 1382 caput
2881 1331 3058 1370 meum
3097 1321 3272 1387 potius
3311 1321 3505 1377 Christi

1934 1397 2155 1466 pedibus
2185 1406 2511 1464 tergeretur;
2535 1401 2746 1468 et,dum
2769 1404 2932 1474 pedes
2954 1407 3128 1463 lambo
3143 1409 3368 1475 divinos,
3392 1412 3507 1481 pia-

1885 1533 1888 1538 .
1934 1505 2046 1542 rem
2091 1492 2253 1544 castis
2283 1491 2420 1545 labia
2455 1494 2721 1549 immunda
2765 1497 2998 1566 vestigiis
3047 1501 3123 1553 (id
3141 1512 3217 1555 est
3239 1502 3505 1575 pedibus).

2003 1579 2092 1633 59.
2143 1579 2504 1634 Exhortcmur
2549 1597 2676 1651 ergo
2725 1601 2823 1640 nos
2872 1587 3130 1653 invicem,
3162 1593 3511 1662 certatimque

1933 1668 2208 1724 dicamus:
2251 1669 2431 1724 Venite
2474 1672 2770 1737 adoremus,
2805 1684 2854 1727 et
2892 1675 3148 1745 ploremus
3185 1689 3303 1734 ante
3332 1680 3511 1735 Domi-

1935 1775 2075 1822 num,
2103 1761 2187 1828 qui
2217 1759 2336 1829 fecit
2347 1777 2457 1844 ‘10s
2482 1758 2528 1814 ι.
2560 1759 2635 1814 llli
2668 1760 2874 1827 ﬁentes,
2906 1773 3085 1819 nostra
3113 1768 3302 1835 gaudia
3335 1771 3395 1838 (i)
3424 1785 3510 1825 se-

1865 1837 1908 1896 B
1937 1846 2252 1902 minabimus
2283 1866 2295 1900 :
2330 1837 2468 1903 illius
2496 1851 2714 1919 vestigia
2765 1864 3124 1922 perungentes
3165 1859 3243 1922 ⁸⁸,
3290 1837 3509 1914 vulnera

1936 1946 2118 1991 nostra
2146 1939 2470 1992 sanabimus.
2513 1939 2777 2009 Quidquid
2824 1943 2966 1996 enim
3005 1942 3216 2000 Christo
3254 1947 3511 2018 impendi-

1935 2043 2082 2094 mus,
2135 2029 2287 2082 nobis
2338 2025 2494 2100 146
2533 2031 2711 2100 potius
2757 2032 3098 2088 conferimus.
3142 2035 3380 2105 Denique
3422 2037 3509 2091 illa

1934 2118 2300 2190 perfundendo
2339 2117 2607 2174 Christum
2637 2136 2694 2175 se
2724 2117 2920 2186 abluit;
2971 2123 3133 2192 pedes
3172 2125 3310 2181 illius
3333 2125 3511 2180 deter-

1934 2208 2128 2278 gendo,
2157 2224 2251 2263 sua
2283 2212 2502 2279 peccata
2533 2205 2808 2265 mandavit
2839 2229 2851 2264 :
2886 2212 3032 2267 illum
3061 2215 3306 2284 diligens,
3339 2233 3398 2273 se
3425 2217 3509 2273 di-

1930 2299 2080 2356 lexit.
2115 2296 2176 2352 Et
2209 2298 2327 2356 ideo
2362 2295 2557 2355 meruit
2583 2295 2798 2356 audire:
2833 2300 2997 2370 Filia,
3025 2305 3158 2373 fides
3202 2316 3288 2362 tua
3324 2317 3371 2361 te
3399 2307 3510 2362 sal—

1929 2406 2043 2445 vam
2073 2392 2194 2462 fecit
2227 2385 2244 2427 ι
2283 2409 2295 2444 :
2327 2389 2470 2460 quod
2500 2386 2620 2456 ille,
2664 2392 2756 2462 qui
2798 2401 2916 2446 erat
2943 2392 3010 2448 de
3040 2394 3158 2450 ﬁliis
3186 2396 3370 2466 regni,
3401 2412 3508 2454 non

1931 2479 2128 2536 meruit
2155 2477 2337 2536 audire
2355 2523 2370 2548 ,
2401 2479 2675 2551 magisque
2698 2481 2981 2552 justiﬁcata
3009 2493 3093 2539 est
3121 2486 3232 2541 haec
3260 2488 3510 2554 servitio,

1929 2581 2090 2640 quam
2120 2564 2208 2624 ille
2233 2571 2498 2625 convivio.
2530 2564 2831 2626 Pharismus
2858 2573 3000 2626 enim
3042 2590 3148 2628 non
3177 2577 3507 2643 crediderat,

1931 2656 2034 2714 ista
2060 2659 2329 2714 credebat.
2359 2659 2597 2730 Denique
2626 2660 2714 2714 ille
2742 2660 2956 2715 dicebat
2983 2681 2996 2715 :
3030 2651 3133 2716 llic
3154 2665 3198 2718 si
3225 2675 3355 2719 esset
3382 2683 3508 2736 pro-

1929 2746 2101 2817 pheta,
2123 2747 2274 2799 sciret
2297 2747 2341 2779 ⁸⁸
2370 2743 2544 2816 utique
2583 2753 2698 2817 quis
2731 2757 2862 2802 esset
2902 2750 3083 2803 mulier
3110 2768 3223 2822 qua
3249 2769 3363 2806 eum
3393 2764 3509 2809 tan-

1930 2837 2003 2908 git
2028 2843 2088 2902 llt1;
2120 2842 2176 2889 et
2200 2835 2318 2889 Ideo
2361 2847 2466 2890 non
2505 2834 2826 2904 justificatus
2865 2846 2948 2893 est
2975 2839 3240 2907 convivio,
3272 2841 3338 2896 ad
3365 2843 3508 2912 quod

1928 2927 2080 2998 quasi
2125 2932 2330 2983 tantam
2368 2923 2640 2984 hominem
2669 2929 2988 2986 invitaverat
3013 2930 3302 2999 Christum,
3333 2934 3507 3006 impn-

1931 3028 2054 3074 tans
2094 3019 2230 3074 forte
2258 3019 2332 3073 illi
2378 3015 2466 3090 (j),
2493 3021 2583 3088 qui
2628 3029 2849 3091 propter
2876 3038 2976 3078 nos
3019 3031 3073 3078 et
3113 3039 3316 3096 pauper
3353 3035 3512 3092 erat,

1927 3109 2069 3178 quod
2097 3110 2230 3163 tanti
2257 3109 2468 3164 fecisset
2495 3111 2548 3164 in
2580 3110 2746 3183 dapes
2768 3128 2908 3178 suas,
2937 3129 3226 3184 pauperem
3255 3116 3402 3173 dives
3422 3135 3506 3174 as—

219 3195 465 3266 parabat
494 3194 750 3261 Ecclesia,
781 3197 993 3265 quando
1024 3198 1309 3252 cantabat:
1346 3197 1614 3250 Osculetur
1645 3213 1724 3249 me
1752 3195 1821 3267 (ε)
1851 3199 1897 3261 C
1927 3214 2139 3254 sumere
2161 3199 2206 3233 "
2233 3209 2279 3252 ³.
2307 3199 2398 3253 llla
2441 3217 2568 3256 vero
2599 3218 2702 3256 non
2734 3211 2882 3258 tanto
2905 3206 3108 3260 ambitu
3138 3209 3426 3275 servitutis,
3451 3216 3506 3264 et

221 3291 292 3343 ab
325 3287 516 3342 osculis
537 3288 642 3342 oris
671 3291 750 3342 sui
776 3289 818 3343 ιι.
847 3291 996 3356 Quod
1026 3290 1354 3359 privilegium
1375 3289 1488 3342 sola
1517 3289 1617 3342 sibi
1639 3288 1820 3341 catho-

223 3376 335 3433 lica
368 3377 585 3432 dilectio
610 3380 728 3449 jure
760 3382 1006 3436 vendicat
1036 3377 1102 3445 τι,
1133 3397 1252 3450 qua:
1293 3380 1447 3433 unica
1488 3388 1649 3446 atque
1694 3393 1819 3448 per-

225 3465 372 3521 fecta
409 3467 497 3520 uni
527 3469 642 3522 viro
683 3469 749 3523 ab
780 3471 944 3539 ipsius
973 3485 1067 3524 ore
1097 3468 1256 3524 Verbi
1295 3469 1430 3539 petit
1459 3470 1640 3524 oscula
1672 3469 1815 3523 veri-

226 3555 379 3619 tatis,
415 3570 480 3609 ne
508 3556 705 3611 fraudis
733 3557 994 3614 han-cuca:
1041 3574 1267 3626 veneno,
1301 3568 1359 3613 ut
1389 3557 1605 3614 incestis
1633 3561 1678 3591 "
1708 3560 1817 3614 oris

227 3645 394 3699 alieni
426 3644 622 3700 osculis
645 3648 933 3717 polluatur.

297 3730 392 3788 38.
424 3732 654 3790 Pedibus
692 3753 819 3808 ergo
847 3738 1045 3795 Christi
1073 3741 1256 3796 oscula
1285 3749 1432 3796 casta
1475 3738 1725 3811 ﬁgamus,
1757 3750 1817 3797 ut

227 3839 542 3879 mereamur
565 3842 594 3880 a
618 3828 841 3896 pedibus
870 3831 922 3885 in
952 3840 1110 3902 caput
1137 3846 1382 3900 surgere;
1413 3840 1468 3886 et
1497 3833 1548 3887 in
1575 3833 1816 3903 superio-

231 3928 292 3965 ra
318 3915 563 3982 corpot'is
593 3914 828 3972 membra
856 3928 1178 3984 crescentes,
1205 3919 1313 3988 jam
1339 3921 1404 3975 de
1429 3923 1674 3990 proximo
1696 3922 1815 3976 vul-

236 4005 326 4054 tus
353 4002 643 4057 audeamus
681 4014 736 4060 et
763 4008 870 4061 oris
901 4007 1064 4076 ipsius
1090 4008 1271 4062 oscula
1318 4007 1368 4042 "
1403 4010 1692 4079 postulare.
1723 4009 1810 4075 Et,

231 4105 356 4144 cum
401 4092 494 4146 Dei
527 4095 745 4149 verbum
773 4113 910 4166 puro
955 4096 1118 4150 corde
1145 4096 1401 4162 libantes,
1444 4100 1813 4168 gustarerimus

231 4196 386 4248 quam
425 4185 593 4236 suavis
621 4193 696 4237 est
735 4185 1008 4250 Dominus,
1039 4194 1166 4241 tunc
1195 4188 1368 4240 anima
1398 4197 1580 4243 nostra
1608 4191 1733 4244 totis
1763 4192 1815 4245 in

1922 3289 2209 3358 impendii,
2266 3299 2321 3344 et
2378 3291 2768 3362 lacrymarum,
2814 3305 3081 3364 sperasset
3138 3299 3505 3354 remissionem

1920 3388 2296 3450 peccatorum,
2347 3381 2448 3434 nisi
2479 3381 2644 3436 Deum
2693 3386 3007 3441 credid'ssct
3039 3387 3089 3439 in
3134 3385 3407 3444 Christo:
3451 3402 3506 3444 et

1921 3471 2042 3527 ideo
2085 3473 2136 3527 in
2183 3483 2425 3530 extremo
2474 3476 2597 3530 licet
2636 3476 2930 3532 Salvatoris
2962 3479 3181 3547 vestigio
3210 3491 3368 3550 caput
3396 3499 3505 3536 sua:

1922 3564 2107 3617 salutis
2137 3565 2356 3618 invenit.

1993 3649 2080 3706 ιθ.
2114 3652 2230 3718 Quo
2262 3661 2334 3719 te,
2365 3654 2527 3708 miser
2554 3650 2752 3721 Judme,
2781 3655 3046 3726 jactabis?
3070 3659 3125 3712 In
3153 3660 3314 3718 domo
3338 3671 3427 3718 tua
3452 3673 3505 3720 te

1923 3745 2195 3813 peccatrix
2225 3757 2405 3801 nostra
2451 3749 2736 3816 praevenit,
2781 3749 3013 3818 ingressa
3045 3751 3095 3806 in
3126 3753 3336 3811 labores
3361 3764 3498 3812 tuos.

1923 3835 2003 3891 Tu
2031 3837 2173 3891 enim
2227 3839 2530 3908 epulabaris
2560 3849 2616 3894 ut
2642 3843 2946 3911 superbires
2967 3887 2980 3911 ,
3015 3843 3102 3898 illa
3125 3844 3398 3914 jejunabat
3433 3856 3492 3902 ut

1920 3928 2147 3982 serviret
2176 3937 2220 3982 ο.
2249 3928 2315 3983 Et
2351 3945 2511 3998 quam
2561 3930 2627 3985 de
2674 3934 2847 3987 urceis
2873 3935 2976 3989 tuis
3005 3936 3374 3992 eﬁ'undendam
3405 3955 3504 3993 ne.

1920 4029 2142 4082 gaveras
2171 4032 2384 4085 aquam,
2415 4019 2502 4073 illa
2547 4019 2612 4074 de
2651 4023 2760 4076 suis
2809 4025 2978 4078 oculis
3023 4026 3378 4082 ministrabat.
3424 4025 3503 4084 Tu

1921 4106 2085 4174 pedes
2113 4105 2308 4163 Christi
2354 4125 2453 4164 nec
2501 4111 2684 4173 llnteo,
2729 4113 2813 4166 illa
2855 4115 3249 4190 crine’dctersit
3282 4129 3325 4170 π’.
3359 4118 3504 4183 Quos

1925 4204 1981 4248 tu
2010 4195 2222 4264 indigne
2253 4214 2350 4252 nec
2372 4201 2615 4254 manibus
2635 4206 2946 4270 contingere
2973 4206 3205 4272 voluisti,
3239 4209 3325 4261 illa
3347 4224 3504 4262 oscu-

232 4285 418 4326 amore
451 4276 732 4344 sapientiae
761 4277 1056 4332 visceribus
1083 4293 1328 4344 accensa,
1359 4279 1500 4334 dulci
1538 4281 1819 4350 refrigere-
1851 4276 1896 4333 ι)
1926 4285 1989 4342 lis
2018 4287 2252 4342 mulcere
2284 4305 2388 4343 non
2415 4289 2639 4348 destitit.
2697 4295 2765 4347 At
2793 4305 2938 4350 certe
2983 4305 3036 4350 tu
3065 4298 3241 4367 potius
3267 4300 3370 4354 hoc
3399 4303 3502 4354 ml-

300 4452 551 4537 δι’..ῐοὶιιιιιΖ
585 4471 658 4520 ιιι,
683 4457 734 4512 8.
778 4529 790 4537 _
813 4459 839 4498 δ
867 4455 1159 4537 Μειῑιὶι-ηιδ,
1187 4459 1312 4537 10.-
1355 4470 1371 4498 ε
1401 4459 1516 4514 Act.
1537 4459 1698 4537 v45.
1773 4457 1797 4497 δ
1831 4459 1968 4537 P_sal.
1989 4480 2117 4537 exn,
2161 4463 2210 4520 5.
2293 4477 2315 4505 ε
2345 4464 2536 4525 Johan.
2567 4488 2675 4537 xm,
2697 4471 2746 4527 5.

231 4539 298 4592 tv,
329 4526 384 4580 8.
464 4534 488 4564 ο
511 4529 664 4582 Cant.
700 4546 735 4595 ι,
770 4529 820 4593 l,
851 4545 959 4583 sec.
985 4530 1143 4584 LXX.

234 4845 246 4856 .
299 4775 376 4844 (a)
409 4774 799 4847 Manusmiptus
825 4776 992 4830 codex
1023 4776 1308 4832 Vaticanus
1337 4776 1482 4830 addit
1518 4778 1571 4830 in
1611 4779 1736 4831 caelo
1765 4787 1812 4831 et

231 4855 282 4898 in
311 4855 488 4899 terra.
1579 4857 1582 4862 ’

300 4934 374 5007 (b)
403 4935 498 4990 Ms.
529 4935 709 5003 Vien.,
736 4936 964 4990 larerat.‘

300 5029 370 5098 (c)
403 5027 501 5082 Ms.
533 5027 701 5082 codex
732 5028 1018 5083 Vaticanus
1047 5038 1100 5084 et
1138 5030 1226 5085 ed.
1257 5031 1466 5094 Schot.,
1499 5031 1806 5096 lavaremus,

228 5107 372 5152 recte
403 5099 448 5151 si
478 5099 744 5152 cohmreat
772 5100 1030 5166 superiori
1061 5101 1276 5154 lectioni
1309 5101 1508 5155 codicis
1537 5101 1807 5156 Viennen-

227 5167 314 5220 sis.
351 5167 574 5236 Vulgata
608 5167 766 5222 lectio
796 5177 876 5221 est
906 5184 970 5223 ex
999 5169 1301 5224 Ambrosio.

299 5259 374 5327 (ά)
410 5257 536 5312 Mss.
570 5257 700 5324 Reg.
731 5267 786 5312 et
816 5258 965 5313 Vien.
998 5275 1118 5314 cum
1147 5259 1236 5314 ed.
1268 5261 1419 5324 Bad.,
1451 5258 1620 5324 Quod.

296 5348 367 5416 (e)
400 5348 477 5400 Ab
520 5348 736 5411 osculis,
779 5348 1079 5403 secundum
1123 5351 1427 5405 versionem
1454 5350 1594 5404 LXX
1632 5351 1799 5407 inter-

226 5427 458 5536 pretum.
492 5416 548 5470 In
577 5419 950 5486 explanatione
973 5419 1203 5472 homilim
1231 5419 1253 5470 l
1285 5419 1539 5488 Origenes
1566 5423 1802 5478 ostendit

246 5487 508 5536 eaendnm
550 5503 668 5536 esse
709 5488 761 5536 in
809 5503 1031 5536 numero
1073 5489 1260 5536 nlurali
1292 5490 1354 5536 ab
1384 5492 1598 5536 mculis:
1631 5500 1685 5536 et
1723 5495 1799 5536 ein

246 5487 508 5552 egendum
550 5503 668 5542 esse
709 5488 761 5540 in
809 5503 1031 5542 numero
1073 5489 1262 5557 plurali
1292 5490 1354 5541 ab
1384 5487 1598 5555 assulis;
1631 5500 1685 5548 et
1723 5495 1801 5548 sic

230 5559 384 5628 etiam
428 5557 740 5628 Ambrpsius
783 5557 834 5610 in
883 5558 1016 5627 psal.
1054 5574 1213 5612 cxvul
1260 5574 1420 5613 scrm.
1454 5561 1502 5628 el,
1535 5571 1588 5616 et
1615 5561 1708 5617 lib.
1734 5564 1801 5618 de

229 5623 395 5692 Isaac,
425 5642 545 5696 cap.
577 5625 629 5680 ὅ,

298 5717 373 5788 (f)
407 5717 545 5774 Ante
590 5727 704 5774 erat
747 5719 981 5773 caritate.
1030 5719 1273 5788 Legimus
1320 5738 1439 5777 cum
1485 5741 1580 5779 ms.
1616 5725 1798 5780 codice

1227 4532 1236 4611 ξ
1274 4530 1430 4611 cant.
1453 4548 1502 4611 _n
1526 4572 1540 4596 ,
1581 4529 1649 4593 5,
1680 4541 1828 4611 etnlv,
1863 4533 1946 4611 9._
1994 4535 2009 4584 i
2045 4529 2162 4590 lsai.
2195 4553 2275 4611 vr,
2310 4540 2359 4594 '7.
2439 4540 2458 4577 ¹ι
2509 4529 2674 4595 ΡδιιΙί
2703 4560 2840 4611 xcrv,
2875 4545 2926 4597 ϐ.

232 4596 428 4651 ικίιις.
454 4615 524 4667 vn
547 4639 562 4665 ,
595 4598 682 4654 59.
760 4609 783 4634 "
816 4599 858 4652 ll
906 4600 1028 4653 Cor.
1060 4617 1168 4662 vnl,
1202 4602 1254 4655 9.
1331 4610 1355 4635 ο
1382 4599 1576 4656 Johan.
1608 4619 1676 4663 tv.
1705 4602 1791 4656 38.
1869 4615 1895 4654 Ρ
1928 4603 2055 4661 Luc.
2079 4623 2171 4675 vn,
2201 4596 2288 4663 Η.

2833 4472 2848 4508 ¹
2885 4473 3007 4529 Luc.
3031 4493 3117 4540 vn,
3153 4477 3201 4530 ³⁵5.
3255 4489 3304 4532 ,ε
3336 4480 3353 4534 l
3385 4479 3498 4538 Pet.
3539 4521 3544 4526 -

3035 4547 3050 4584 ι
3087 4547 3212 4603 Luc.
3250 4563 3316 4604 vn
3341 4593 3355 4618 ,
3411 4551 3495 4608 50.

1914 4771 2086 4849 Regio
2112 4785 2376 4860 uulner_ata
2405 4788 2655 4860 caritatis,
2693 4789 2846 4860 juxta
2891 4794 3192 4850 versionem
3227 4793 3368 4850 LXX
3419 4799 3504 4853 in-

1919 4860 2231 4925 terpretum.
2263 4855 2580 4925 Caecismus
2619 4855 2710 4914 ille
2747 4862 2969 4917 Paulino
3001 4874 3186 4920 nostro
3223 4865 3504 4925 familiaris

1914 4917 2014 4984 est,
2048 4922 2311 5005 sic_epi_st.
2339 4917 2393 5005 fl
2427 4927 2805 5005 ad_Se}'erItni,
2839 4950 2892 4987 n.
2926 4917 3140 5005 8,7d‘ixit
3161 4917 3500 5005 'ré'riii'iﬁ;

1911 5006 1986 5076 sa:
2007 4999 2109 5072 ;_et
2138 4993 2188 5045 in
2206 4994 2455 5076 ,Μαίη-ρ
2573 4998 2761 5076 Fclic_.2
2781 4993 3072 5076 _carm.'18,
3106 5021 3156 5059 v.
3184 5004 3305 5071 125,
3332 4993 3499 5076 pieta-

1911 5061 1975 5113 tis
2005 5063 2359 5132 circumfusus.
2395 5064 2525 5121 Vide
2555 5078 2666 5122 not.
2703 5061 2822 5125 101.

1983 5141 2056 5224 (9.)
2094 5139 2200 5224 Pls:
2247 5145 2864 5224 cunnueditisquatuor,
2904 5167 3112 5222 ungere.
3151 5154 3276 5208 Oleo
3309 5167 3498 5224 ungere

1909 5211 2049 5278 apud
2079 5210 2325 5292 Ambros.
2361 5215 2451 5268 lib.
2485 5232 2534 5268 vn
2568 5210 2892 5292 _in'_Lucam,
2925 5210 3045 5291 θεῖν.
3091 5225 3143 5277 7.
3193 5225 3298 5292 Sed
3331 5210 3496 5279 lectio

1906 5293 2066 5346 quam
2096 5288 2388 5360 retinemus
2427 5288 2744 5360 concinnior
2788 5299 2899 5354 est,
2931 5288 3100 5360 caque
3143 5291 3494 5347 conﬁrmatur

1907 5365 1969 5401 ex
2001 5351 2423 5418 pnccedentibus
2448 5363 2502 5410 et
2529 5351 2974 5428 subsequentibus
3003 5351 3198 5415 verbis.

1907 5429 2185 5552 10ἕηΜε.
2215 5430 2369 5486 Vien.
2419 5435 2621 5503 codex,
2663 5439 2856 5493 soleam
2897 5449 3149 5492 sanctam.
3198 5440 3327 5495 Vide
3368 5453 3487 5501 not.

1979 5579 2039 5648 (i)
2062 5577 2199 5662 Edit.
2227 5581 2387 5662 Rosv.
2412 5585 2823 5662 geminabatur“,
2855 5585 3130 5648 mendose,
3165 5578 3483 5662 refraganti-

1906 5647 2004 5700 bus
2032 5653 2225 5706 ceteris
2255 5653 2545 5709 codicibus.
2578 5656 2709 5709 Vide
2735 5647 2885 5724 seqq.

1978 5727 2044 5795 tjl
2075 5728 2171 5783 Ms.
2202 5729 2519 5787 Viennensis
2548 5733 2738 5794 codex,
2774 5733 2984 5789 favente
3007 5754 3104 5790 ms.
3137 5737 3318 5808 Regio,
3345 5741 3488 5814 quia.
