4078 6352
575 382 685 455 ω

1707 397 1764 452 s.
1806 354 2074 451 animi
2116 390 2359 447 setas;
2401 392 2592 451 EPISC
2642 396 2691 449 Γ.

3746 391 3851 447 931

581 513 858 568 tristes-ium
902 512 955 566 in
997 511 1159 567 domo
1204 519 1292 564 tua
1322 519 1538 580 recepto
1569 511 1766 580 hospiti
1794 508 2086 574 debuisses,
2117 507 2162 561 si
2196 513 2239 566 Α
2269 506 2407 563 Malo
2452 491 2589 563 inter
2611 523 2833 579 capulos
2875 510 3013 564 illius
3058 508 3249 563 Christi
3281 507 3504 578 pedibus
3549 504 3738 573 illigari
3780 506 3846 571 “,

581 603 668 657 vel
695 601 941 687 exemplo
967 608 1175 671 patrum
1204 599 1281 655 fas
1307 600 1573 670 hospitale
1599 615 1889 656 servasses.
1922 598 2027 655 Sed
2052 597 2165 653 suf-

582 693 693 749 licit
721 694 870 748 vobis
899 692 967 746 ad
1004 692 1306 761 superbiam
1329 692 1538 761 jactare
1567 702 1775 762 patrem
1814 691 2083 745 Abraham
2108 701 2164 756 ll;

583 792 639 837 et
673 782 791 837 ideo
833 791 886 837 te
914 783 1004 835 illa
1041 784 1321 852 prasvenit,
1351 798 1470 852 qua:
1510 781 1703 838 alfectu
1741 781 1881 837 ﬁdeli
1904 798 1963 838 se
1989 782 2169 852 potius

583 874 748 943 patris
773 872 846 927 tui
892 872 1054 926 ﬁliam
1094 874 1497 942 comprobavit;
1530 890 1559 927 a
1598 889 1706 943 quo
1752 881 1804 927 te
1848 872 2167 941 degenerem

582 962 742 1016 etiam
774 961 874 1015 ista
901 961 1265 1018 inhumanitas
1304 964 1495 1032 arguit,
1521 979 1628 1034 qua
1656 963 1972 1031 dedignatus
1999 978 2058 1017 es
2093 963 2169 1016 la-

582 1069 708 1108 vare
738 1053 903 1123 pedes
932 1053 1142 1108 Domini
1186 1070 1308 1109 cum
1338 1063 1394 1109 et
1435 1054 1704 1108 Abraham
1755 1054 2083 1121 angelorum,
2115 1061 2169 1107 et

585 1146 698 1216 ipse
726 1144 982 1199 Dominus
1031 1146 1218 1201 laverit
1263 1147 1617 1201 servulorum.
1670 1144 2000 1215 Quamquam
2044 1153 2170 1200 tunc

574 1251 799 1315 quoque
826 1235 949 1292 ﬁdei
983 1246 1135 1307 pater
1162 1239 1322 1293 etiam
1353 1239 1552 1293 Christi
1582 1236 1744 1308 pedes
1773 1237 1982 1302 laverit,
2011 1252 2168 1305 quem

587 1343 750 1381 unum
778 1327 846 1382 de
876 1329 1045 1383 tribus
1073 1330 1399 1399 propheticis
1422 1330 1609 1384 videns
1630 1330 1799 1384 oculis
1820 1328 2092 1391 adoravit;
2115 1336 2171 1382 et

586 1415 710 1471 ideo
731 1432 825 1471 vos
852 1416 965 1486 ipse
992 1418 1070 1472 sic
1092 1419 1333 1487 increpat
1355 1434 1450 1474 ore
1478 1419 1727 1489 praesenti
1759 1436 1771 1472 :
1802 1419 1861 1473 Si
1881 1418 1978 1489 ﬁlii
2001 1418 2160 1471 Abra«

587 1505 704 1558 ham
734 1508 930 1573 esseIis,
954 1524 1109 1578 opera
1135 1509 1393 1563 Abraham
1442 1511 1678 1580 faceretis
1708 1508 1769 1573 δ,
1800 1518 1856 1564 et
1898 1509 2046 1563 addit
2071 1510 2113 1542 "
2150 1520 2195 1560 :'

591 1595 685 1651 Ille
707 1598 829 1651 cidit
857 1599 989 1653 diem
1016 1616 1203 1667 meum,
1225 1611 1272 1654 et
1296 1602 1498 1672 gavisus
1525 1612 1601 1655 est
1632 1602 1730 1672 (a).
1756 1600 1903 1656 Beati
1922 1606 2100 1660 autem
2121 1616 2168 1661 et

583 1687 670 1758 qui
698 1704 800 1742 non
830 1690 1094 1755 viderunt,
1126 1691 1219 1745 sed
1260 1707 1381 1745 cum
1420 1690 1722 1746 videntibus
1764 1693 2087 1749 crediderunt
2120 1710 2164 1750 ι’.

584 1780 661 1836 Ex
690 1798 796 1852 quo
840 1783 1176 1837 manifestum
1219 1792 1322 1851 est,
1373 1784 1527 1839 nobis
1569 1785 1882 1853 acquisitam
1911 1789 1957 1820 θ’
1988 1784 2165 1854 ﬁdem,

586 1873 680 1928 tibi
707 1875 928 1945 perfidia
960 1874 1034 1945 (b)
1077 1876 1279 1946 perisse
1307 1885 1576 1931 naturam.

568 1970 573 1973 ⁷
660 1962 812 2035 ιαε
824 1963 911 2018 41.
928 1963 1040 2019 Sibi
1052 1980 1179 2034 ergo
1193 1966 1423 2020 habeant
1434 1968 1812 2035 arrogantiam,
1827 1969 1925 2023 sibi
1937 1969 2164 2037 divitias,

583 2054 682 2110 sibi
716 2056 1047 2112 nobilitatem
1074 2066 1129 2112 et
1159 2057 1420 2127 justitiam
1449 2075 1621 2127 suam,
1653 2062 1746 2129 qui
1778 2061 2046 2117 Abraham
2076 2040 2170 2133 pa-

584 2153 720 2201 trem
750 2164 977 2218 corpore
1032 2151 1198 2218 magis
1242 2167 1401 2222 quam
1447 2153 1637 2221 spiritu
1667 2155 1980 2224 gloriantur,
2013 2158 2167 2213 incir-

583 2239 806 2294 cumcisi
833 2241 1016 2307 corde,
1046 2249 1102 2295 ct
1129 2242 1242 2296 sola
1267 2258 1428 2298 carne
1453 2241 1618 2299 Judmi
1642 2242 1690 2301 δ.
1718 2246 1883 2303 Nobis
1911 2257 1967 2303 et
1996 2248 2061 2303 ad
2087 2266 2173 2304 sa-

584 2326 751 2382 lutem
780 2337 837 2383 et
864 2329 927 2383 ad
957 2330 1178 2399 gloriam
1209 2333 1339 2388 satis
1367 2341 1451 2389 est
1477 2334 1739 2402 Christus,
1772 2346 1827 2390 et
1854 2336 1965 2406 ipse
1994 2339 2170 2394 cruci-

573 2416 724 2472 ‘llxus
748 2435 762 2485 ;
792 2420 881 2488 qui
911 2436 1008 2477 nos
1035 2422 1101 2477 de
1127 2422 1390 2493 lapidibus
1422 2425 1475 2479 in
1504 2424 1774 2481 Abraham
1803 2427 1939 2483 lilios
1966 2429 2171 2484 excita-

585 2509 685 2576 vit,
724 2510 828 2567 illis
865 2522 1049 2567 contra
1086 2513 1151 2570 de
1180 2514 1449 2572 Abraham
1480 2518 1601 2574 filiis
1631 2519 1685 2574 iu
1712 2519 1919 2588 fnostrze
1952 2522 2175 2591 originis

576 2602 790 2673 lapides
829 2605 1324 2673 obrigescentibus°
1356 2648 1371 2664 .
1403 2610 1569 2666 Nobis
1596 2609 1829 2683 Ephrem
1854 2615 2080 2671 sinister
2108 2616 2174 2671 ad

573 2689 884 2758 dexteram,
917 2695 1232 2753 benedictus
1260 2699 1488 2769 prolicit,
1520 2700 1641 2757 illos
1679 2702 1735 2757 in
1777 2703 2051 2773 Manasse,
2082 2709 2175 2775 qui

574 2778 1002 2854 ’praasumptione
1031 2787 1259 2843 senioris
1283 2805 1385 2844 avo
1413 2789 1602 2847 dexter
1628 2794 1894 2860 astiterat,
1919 2797 2172 2851 translata

587 2872 647 2927 in
675 2874 721 2908 ’⁸
757 2884 917 2945 caput
942 2878 1155 2933 sinistra
1189 2878 1231 2945 τ,
1272 2882 1447 2937 crucis
1471 2882 1540 2953 (c)
1574 2885 1831 2956 mysterio
1858 2885 2171 2942 denotavit:

586 2963 710 3035 quia
752 2982 883 3021 crux
926 2966 1125 3023 Judacis
1171 2970 1486 3026 soandalum
1531 2982 1580 3041 ε,
1627 2973 1945 3032 Christianis
1998 2977 2173 3032 futura

586 3054 774 3122 gloria,
815 3056 963 3111 illum
1005 3067 1147 3113 esset
1176 3060 1449 3115 sinistrum
1488 3060 1692 3117 factura
1729 3064 1796 3120 de
1830 3066 2079 3134 dextero,
2120 3078 2176 3123 ct

586 3159 674 3198 me
702 3144 981 3201 dexterum
1012 3147 1077 3202 de
1106 3149 1323 3203 sinistro
1350 3168 1362 3202 :
1391 3151 1514 3220 quia
1540 3150 1737 3207 Judzeis
1773 3154 1823 3207 in
1867 3164 2049 3210 nostra
2080 3156 2170 3211 de~

2268 616 2428 669 quam
2478 602 2617 655 inter
2642 600 2809 670 dapes
2856 610 2972 655 tuas
3002 609 3177 655 tecum
3223 600 3374 669 juxta
3417 596 3693 652 Christum
3735 598 3851 651 sine

2269 693 2482 747 Christo
2508 694 2551 726 ⁹⁷
2581 690 2933 747 discumbere.
2963 691 3019 745 Si
3045 691 3203 745 modo
3235 696 3560 758 unguentum
3589 687 3656 741 ad
3686 687 3851 757 pedes

2269 783 2468 837 Christi
2510 799 2617 837 non
2646 782 2893 847 habeam,
2924 782 2976 836 in
3006 781 3235 836 adventu
3278 779 3394 849 ejus
3423 778 3491 834 ad
3529 794 3680 832 meas
3711 778 3850 832 Iaces

2271 874 2448 928 oleum
2471 888 2578 927 non
2601 873 2809 927 habebo
2826 870 2872 925 κ.
2899 870 2966 925 Ει
2989 886 3067 925 va:
3090 870 3219 925 mihi
3250 869 3293 924 si
3316 875 3646 937 unguentum
3670 882 3847 922 meum

2273 962 2375 1034 (V.
2407 970 2520 1017 not.
2572 961 2707 1032 105)
2759 961 2860 1015 vile
2902 961 3008 1016 sit:
3040 961 3278 1031 pretioso
3308 959 3450 1013 enim
3480 972 3616 1027 opus
3646 964 3751 1021 est,
3791 966 3849 1011 ut

2271 1053 2591 1123 consepeliri
2620 1068 2827 1108 merear
2853 1051 3139 1122 sepultura:
3161 1049 3276 1119 ejus
3302 1068 3313 1102 :
3356 1048 3508 1117 cujus
3544 1048 3647 1102 nisi
3676 1056 3849 1102 morte

2271 1146 2627 1213 commoriar,
2654 1144 3047 1200 resurrectione
3077 1157 3185 1197 non
3218 1141 3393 1195 vivam
3440 1137 3483 1194 ι.
3526 1137 3672 1207 Ergo
3703 1138 3846 1192 illum

2271 1253 2530 1303 amemus,
2561 1251 2719 1304 quem
2741 1249 2922 1289 amare
2942 1233 3180 1289 debitum
3202 1238 3306 1287 est.
3345 1230 3497 1285 Illum
3519 1230 3845 1293 osculemur,

2271 1345 2430 1400 quem
2485 1327 2719 1384 osculari
2770 1325 2988 1380 castitas
3040 1332 3142 1379 est.
3215 1322 3295 1376 llli
3341 1320 3702 1390 copulemur,
3764 1320 3848 1374 cui

2272 1420 2514 1490 nupsisse
2541 1419 2821 1487 virginitas
2850 1424 2952 1472 est.
2992 1416 3072 1470 Illi
3095 1413 3473 1483 subjiciamur,
3503 1410 3603 1466 sub
3632 1425 3743 1478 quo
3765 1409 3847 1478 ja-

2272 1531 2416 1581 cere,
2444 1530 2604 1584 supra
2628 1511 2883 1566 mundum
2906 1518 3050 1565 stare
3071 1516 3170 1564 est.
3195 1506 3421 1576 Propter
3448 1506 3600 1560 illum
3625 1502 3848 1571 dejicia-

2273 1622 2423 1671 mur,
2475 1605 2560 1660 cui
2590 1603 2784 1659 cadere
2814 1600 3136 1658 resurrectio
3157 1606 3259 1655 est.
3299 1597 3379 1653 Illi
3409 1596 3847 1662 commoriamur,

2272 1696 2323 1751 in
2352 1712 2457 1765 quo
2480 1696 2589 1749 vita
2616 1701 2715 1749 est.

2344 1786 2431 1841 45.
2471 1785 2539 1840 Ει
2586 1801 2746 1854 quam
2787 1783 2945 1851 digne
2998 1783 3168 1837 vicem
3210 1781 3337 1836 huic
3377 1778 3609 1835 Domino
3649 1778 3848 1834 referre

2196 1877 2236 1936 Β
2267 1878 2597 1950 poterimus,
2648 1877 2701 1930 in
2743 1891 2851 1945 quo
2890 1882 2945 1928 et
2974 1872 3172 1928 mortui
3200 1871 3430 1926 vivimus
3464 1878 3501 1906 ω
3525 1871 3550 1923 ‘t
3576 1868 3734 1940 1&6
3761 1869 3849 1939 qui

2275 1968 2501 2023 vicissim
2533 1967 2685 2021 nobis
2712 1965 2816 2020 hoc
2840 1979 2957 2019 esse
2982 1961 3265 2031 dignatur,
3295 1959 3552 2029 quidquid
3581 1959 3655 2012 illi
3687 1958 3847 2012 fueri-

2276 2076 2395 2114 mus
2424 2057 2622 2113 servuli
2651 2056 2731 2112 sui
2764 2065 2812 2109 ".
2853 2054 2927 2108 Ita
2958 2052 3004 2087 "
3026 2051 3168 2107 enim
3196 2066 3254 2106 se
3284 2050 3549 2105 immiscet
3579 2049 3766 2113 nobis,
3790 2063 3848 2103 ac

2275 2166 2373 2205 nos
2398 2148 2497 2204 sibi
2524 2147 2796 2212 conserit,
2840 2152 2899 2200 ut
2927 2142 3070 2213 quod
3099 2143 3212 2212 ipse
3232 2141 3437 2210 accepit
3462 2182 3477 2208 ,
3507 2139 3666 2193 nobis
3694 2138 3849 2209 proli-

2250 2226 2400 2298 Icere
2422 2240 2618 2303 faciat;
2662 2238 2752 2306 qui
2782 2234 2925 2305 quod
2946 2234 3122 2299 nobis,
3149 2232 3201 2288 id
3230 2240 3333 2297 est,
3359 2231 3596 2286 minimis
3623 2230 3744 2300 ejus
3769 2230 3849 2284 tri-

2273 2331 2454 2387 buitur
2476 2339 2499 2366 ο
2527 2371 2541 2396 ,
2573 2329 2674 2383 sibi
2705 2333 2983 2397 acceptum
3013 2324 3168 2380 ferat.
3210 2322 3301 2379 Sic
3329 2330 3384 2377 et
3403 2322 3600 2377 honori
3628 2337 3729 2377 suo
3752 2321 3850 2375 im-

2274 2421 2483 2492 plieans
2511 2428 2669 2486 Suos,
2711 2432 2880 2488 prope
2908 2415 3087 2471 omnia
3123 2414 3279 2470 nobis
3316 2413 3477 2468 etiam
3504 2412 3728 2466 nomina
3760 2409 3848 2483 (V.

2274 2519 2389 2567 not.
2422 2508 2545 2579 104)
2588 2524 2683 2563 sua
2713 2505 3150 2563 communicavit.
3207 2502 3279 2559 Ut
3305 2505 3475 2559 virtus
3504 2502 3604 2557 Dei
3638 2503 3849 2564 dicitur,

2277 2606 2349 2660 ita
2379 2612 2433 2659 et
2459 2603 2612 2657 nobis
2635 2601 2801 2655 virtus
2824 2613 2943 2654 esse
2968 2598 3236 2667 dignatur.
3279 2594 3419 2650 Deus
3455 2596 3594 2649 enim
3622 2604 3850 2649 nostrum

2279 2697 2535 2768 refugium
2564 2705 2611 2748 et
2640 2695 2797 2749 virtus
2828 2702 2875 2746 P.
2918 2689 3199 2745 Hereditas
3226 2697 3284 2743 ut
3306 2687 3379 2741 illi
3408 2703 3526 2752 nos,
3559 2694 3617 2740 ct
3646 2686 3740 2740 ille
3762 2701 3851 2739 no-

2277 2788 2376 2844 bis.
2420 2786 2550 2840 Nam
2579 2784 2714 2839 sicut
2741 2782 2906 2837 babes
2928 2781 2980 2835 in
3011 2779 3230 2851 Moyse:
3264 2776 3430 2831 Facta
3460 2786 3536 2832 est
3560 2776 3659 2830 Dei
3689 2776 3852 2846 portio

2277 2879 2494 2951 populus
2520 2878 2630 2949 ejus
2655 2873 2818 2930 Jacob
2840 2885 2894 2940 tt;
2927 2873 3001 2927 ita
3029 2880 3084 2927 et
3112 2872 3165 2926 in
3196 2870 3415 2941 psalmis
3443 2867 3644 2922 habes:
3676 2865 3853 2920 Portio

2278 2987 2388 3024 mea
2418 2968 2673 3021 Dominus
2696 2977 2739 3019 ι’.
2780 2964 2847 3019 Et
2872 2966 3012 3020 sicut
3049 2963 3163 3034 ipse
3196 2962 3263 3017 de
3293 2976 3352 3016 se
3381 2960 3454 3014 ait
3476 2962 3521 2994 “
3546 2976 3562 3014 :
3599 2957 3715 3031 Ego
3744 2974 3852 3013 sum

2276 3063 2366 3117 luat
2396 3061 2547 3131 hujus
2571 3058 2746 3113 mundi
2771 3067 2793 3095 ⁸
2821 3077 2834 3124 ;
2860 3058 2931 3112 ita
2962 3066 3015 3111 et
3037 3056 3104 3111 ad
3133 3071 3259 3110 suos
3280 3053 3414 3108 dixit
3438 3070 3451 3107 :
3486 3051 3591 3106 Vos
3621 3053 3749 3106 estis
3769 3052 3852 3104 lu:

2278 3152 2431 3223 hujus
2460 3151 2637 3206 mundi
2675 3153 2718 3205 ί.
2760 3148 2872 3220 Ego
2902 3165 3032 3212 sum,
3065 3146 3255 3216 inquit,
3287 3145 3436 3215 panis
3468 3143 3607 3197 vivus
3628 3160 3647 3195 :
3684 3149 3740 3197 et
3765 3156 3854 3195 nos

583 3242 730 3290 serta
759 3235 1087 3300 labentibus,
1120 3247 1175 3292 ct
1211 3240 1364 3295 nobis
1398 3241 1451 3295 in
1483 3242 1694 3297 illorum
1724 3254 1837 3299 sata
1868 3246 2165 3303 invadenti-
2193 3240 2236 3301 C
2269 3259 2444 3298 omnes
2472 3258 2602 3295 unus
2632 3242 2784 3312 panis
2829 3256 3024 3294 sumus.
3068 3236 3180 3308 Ego
3227 3252 3358 3301 sum,
3422 3233 3516 3294 ait.
3548 3234 3664 3288 citis
3696 3248 3853 3295 vera;

587 3326 707 3395 bus,
736 3337 859 3382 sunt
882 3331 1122 3385 rmcitate
1148 3333 1292 3401 quod
1316 3332 1532 3403 fuimus,
1550 3342 1605 3389 et
1631 3351 1815 3392 sumus
1839 3339 2008 3407 gratia
2029 3340 2172 3410 quod

587 3416 801 3473 fuerunt
829 3418 873 3474 δ.
905 3419 1010 3476 Sed
1043 3438 1147 3476 non
1177 3424 1249 3477 ita
1278 3433 1459 3478 nostra
1491 3425 1663 3481 salute
1692 3427 1770 3498 (ά)
1801 3428 2169 3497 gaudebimus,

572 3500 647 3560 ut
673 3517 853 3564 vestro
894 3509 1136 3567 laetemur
1163 3514 1399 3569 interitu.
1448 3515 1596 3571 Docti
1624 3518 1764 3572 enim
1807 3535 1989 3574 sumus
2019 3536 2051 3576 a
2081 3538 2174 3579 ve-

587 3599 686 3652 stri
724 3602 966 3670 corporis
1010 3603 1220 3669 fratre,‘
1256 3606 1349 3660 sed
1398 3607 1617 3676 spiritus
1676 3612 1842 3666 nostri
1913 3612 2170 3683 Magistro

590 3693 609 3760 (
636 3691 699 3745 V.
730 3709 816 3764 ep.
850 3694 937 3760 50,
967 3714 1112 3753 num.
1146 3698 1227 3771 5),
1261 3717 1367 3754 non
1410 3701 1666 3758 insultare
1695 3705 1858 3760 ramis
1886 3705 2070 3762 fractis
2102 3709 2117 3745 ί
2154 3727 2168 3762 :

589 3784 714 3853 quia
746 3784 842 3854 ipsi
865 3803 971 3841 non
994 3804 1060 3843 ex
1091 3792 1362 3860 operibus,
1394 3792 1489 3847 sed
1519 3808 1584 3847 ex
1611 3797 1922 3853 muneribus
1947 3798 2174 3854 misers—

590 3875 797 3930 tionurn
844 3876 957 3945 Dei,
1006 3880 1057 3934 in
1098 3882 1343 3937 arborem
1386 3895 1574 3941 vestrae
1616 3887 1797 3957 stirpis
1835 3890 2168 3948 inolevimus.

574 3960 790 4024 ‘Poteus
818 3978 996 4026 autem
1034 3981 1118 4028 est
1146 3978 1444 4033 communis
1472 3978 1746 4047 Dominus,
1777 3982 1871 4037 sed
1912 3984 2173 4040 Christia-

587 4063 782 4119 norum
812 4075 982 4136 pater,
1015 4068 1119 4124 hoc
1146 4079 1244 4135 est,
1279 4069 1509 4128 ﬁdelium
1535 4074 1695 4138 Deus,
1728 4076 1855 4130 item
1885 4076 1932 4111 ⁸⁸
1960 4093 2057 4133 vos
2078 4092 2172 4145 ge-

572 4155 761 4241 :nuinis'
788 4160 1224 4217 corticisvcstra:
1253 4154 1456 4223 sinibus
1485 4166 1743 4235 inserere,
1774 4177 1829 4222 et
1850 4178 2031 4224 vestro
2055 4185 2177 4225 ces-

585 4246 682 4315 piti
711 4248 1039 4317 replantare;
1067 4252 1157 4321 qui
1190 4270 1286 4309 nos
1312 4263 1502 4311 vestrae
1528 4258 1865 4327 pinguedinis
1893 4276 2053 4316 succo
2075 4277 2173 4332 per

584 4336 890 4405 adoptionis
937 4340 1254 4397 beneficium
1309 4345 1658 4415 medullavit,
1707 4356 1766 4402 ut
1812 4358 2070 4419 utrosque
2119 4351 2170 4403 in

587 4438 750 4484 unum
780 4427 1005 4484 Domino
1036 4433 1081 4463 ’⁸
1110 4432 1490 4489 fructificantes
1517 4435 1668 4490 radix
1690 4453 1793 4491 una
1815 4439 2097 4493 sustineat.

578 4520 581 4525 '
657 4514 743 4568 42.
771 4516 990 4575 [nterim
1017 4523 1159 4587 malo
1181 4526 1497 4594 peecatricis
1524 4534 1577 4580 et
1600 4528 1852 4597 pauperis
1873 4539 2070 4585 nostra:
2091 4531 2171 4586 di-

2276 3342 2331 3390 et
2360 3333 2451 3387 tibi
2480 3332 2608 3387 dicit
2633 3350 2646 3384 :
2679 3330 2920 3385 Plautaui
2947 3339 2994 3383 te
3014 3330 3161 3383 vitem
3187 3329 3524 3399 fructuosam,
3553 3322 3623 3395 (e)
3647 3338 3855 3377 omnem

2274 3441 2464 3479 veram.
2504 3422 2658 3478 Mons
2698 3422 2795 3476 Dei
2830 3420 3074 3476 Christus
3097 3457 3113 3484 ,
3161 3420 3215 3474 in
3250 3434 3347 3491 quo
3376 3414 3752 3487 beneplacitum
3777 3420 3855 3467 est

2274 3515 2384 3571 Deo
2414 3516 2647 3570 habitare
2666 3514 2719 3568 in
2749 3531 2830 3575 eo,
2863 3521 2917 3567 et
2945 3512 3115 3566 sancti
3137 3510 3252 3581 ejus
3275 3518 3468 3563 montes
3502 3506 3597 3561 Dei
3615 3547 3631 3571 ,
3657 3514 3855 3561 montes

2275 3610 2474 3671 uberes,
2517 3608 2580 3661 de
2600 3606 2780 3680 quibus
2803 3622 2897 3660 uos
2926 3605 3185 3658 illuminat
3221 3602 3288 3674 (f)
3320 3598 3573 3655 mirabilis
3600 3615 3634 3651 a
3664 3597 3857 3652 monti-

2264 3700 2367 3755 ,bus
2402 3700 2629 3755 cateruis.
2690 3697 2861 3751 Petra.
2884 3703 2967 3750 est
3003 3693 3285 3750 Christus:
3341 3689 3588 3746 Bibebaut
3629 3689 3773 3743 enim
3799 3686 3857 3740 de

2273 3792 2493 3864 spiritali
2523 3799 2758 3862 sequente
2789 3804 2875 3844 eos
2902 3787 2965 3819 ¹⁰⁰
2986 3795 3150 3860 petra,
3192 3792 3339 3857 petra
3371 3792 3543 3837 autem
3576 3790 3693 3836 erat
3713 3778 3857 3834 Chri-

2276 3897 2383 3941 stus
2406 3895 2454 3940 η.
2500 3884 2672 3939 Etiam
2709 3880 2972 3952 discipulo
3013 3894 3112 3935 suo
3149 3876 3308 3947 hujus
3339 3873 3584 3931 vocabuli
3630 3872 3856 3942 gratiam

2275 3997 2383 4036 non
2414 3978 2663 4048 negavit,
2694 3976 2778 4032 cui
2801 3974 2961 4031 dicit:
2997 3972 3164 4044 Super
3194 3970 3327 4024 hanc
3355 3977 3555 4039 petram
3586 3962 3857 4035 wdificabo

2278 4075 2564 4130 Ecclesium
2596 4088 2783 4136 meum,
2812 4078 2861 4125 et
2881 4079 3046 4141 porta:
3072 4066 3229 4138 inferi
3257 4081 3358 4119 non
3383 4059 3738 4135 prwvalebunt
3763 4058 3857 4112 ad-

2276 4184 2449 4223 uersus
2470 4182 2585 4220 eam
2605 4174 2655 4218 ν.

2349 4257 2438 4311 44.
2487 4255 2593 4311 Sed
2614 4254 2742 4327 quid
2771 4254 3026 4307 miramur
3048 4265 3172 4306 eum
3198 4246 3406 4305 famulis
3434 4245 3545 4301 suis
3572 4242 3860 4298 indulsisse

2277 4366 2374 4406 sua
2407 4328 2621 4403 nomina
2644 4387 2659 4411 ,
2701 4345 2896 4414 quibus
2933 4350 2989 4397 et
3025 4350 3229 4413 patrem
3268 4353 3422 4395 suum
3463 4336 3756 4407 participat
3804 4340 3860 4385 et

2276 4456 2519 4510 regnum.
2562 4437 2717 4494 Dedit
2744 4437 2887 4492 enim
2915 4442 3215 4506 potestatem
3249 4426 3608 4502 recipientibus
3634 4444 3703 4507 se.
3720 4425 3862 4495 filios

2278 4533 2373 4587 Dei
2398 4534 2510 4599 ﬁeri
2536 4541 2558 4567 ι
2585 4548 2599 4596 ;
2631 4540 2714 4593 et,
2746 4537 3005 4598 quantum
3042 4526 3098 4579 in
3128 4526 3244 4594 ipso
3273 4531 3395 4587 est,
3426 4520 3680 4576 omnibus
3721 4518 3862 4575 dixit

585 4607 741 4664 vitias
769 4609 821 4663 in
847 4609 1097 4682 lacrymis
1134 4622 1187 4667 et
1218 4615 1431 4682 aﬂ'ectu,
1462 4632 1621 4685 quam
1664 4627 1782 4675 tuas
1810 4621 1863 4675 in
1895 4622 2167 4692 impietate
2201 4612 2246 4670 ί)
2271 4625 2610 4680 hominibus:
2637 4620 2725 4676 Dii
2747 4621 2887 4685 estis,
2908 4629 2957 4673 et
2978 4619 3075 4690 ﬁlii
3098 4616 3306 4670 Επειδὶ
3325 4631 3499 4670 omnes
3520 4623 3569 4668 γ.
3599 4612 3706 4667 Nos
3732 4627 3862 4665 vero

581 4704 639 4749 ct
668 4697 845 4783 littera
872 4717 883 4749 :
917 4701 1057 4755 illius
1078 4702 1377 4787 jejunium,
1410 4722 1570 4776 quam
1601 4717 1748 4764 tuum
1777 4713 2082 4769 convivium
2117 4716 2161 4772 i.

2272 4727 2579 4771 nostrarum
2606 4712 2830 4767 crimine
2858 4712 3217 4771 voluntatum,
3248 4708 3388 4762 sicut
3416 4704 3667 4760 homines
3691 4702 3863 4757 mori-

654 4844 682 4915 ξι
712 4833 847 4890 Gen.
868 4840 1100 4915 ξνιιιῤ,
1131 4849 1187 4915 et
1215 4858 1322 4902 xix.
1351 4843 1403 4915 ἓ,
1433 4853 1486 4915 et
1508 4862 1649 4911 xxrv,
1680 4846 1765 4900 51.
1846 4846 1872 4887 ι’
1900 4848 2094 4906 Julian.
2121 4870 2229 4915 vui,
2259 4853 2345 4908 39.
2428 4863 2446 4888 ο
2471 4849 2663 4905 Johan.
2689 4865 2781 4914 xx,
2802 4847 2891 4902 29.
2960 4844 2985 4883 δ
3009 4845 3338 4915 “han-Nl":
3362 4816 3463 4906 591
3496 4841 3614 4915 AS“:
3634 4838 3861 4915 “'15”

582 4902 600 4957 I
628 4903 841 4986 ρος-λιι,
866 4905 1217 4986 ᾔκ-ιεᾌιιιίιι.
1248 4929 1327 4986 ιιιὲ
1354 4902 1404 4967 9.
1437 4983 1444 4986 Δ
1471 4902 1712 4986 ‘Cenes.
1742 4935 1920 4983 xcvru,
1956 4902 2344 4979 tif};
2369 4940 2403 4986 ι,
2436 4902 2621 4974 wh
2651 4902 2843 4973 Julian.
2878 4933 2948 4981 IV,
2980 4915 3070 4969 38.
3092 4934 3129 4986 νς
3152 4913 3166 4951 ί
3205 4902 3360 4986 Boni.
3394 4902 3467 4986 xi,
3667 4916 3681 4960 5
3714 4902 3859 4986 pic.

583 4990 675 5037 vu,
872 4974 893 5013 ¹ί
918 4976 1106 5052 νρἰςιηὴ.
1142 4998 1265 5047 xxv,
1299 4983 1348 5037 5.
1436 4983 1446 5021 ¹
1488 4985 1641 5040 Rmn.
1674 5004 1745 5052 vr,
1773 4988 1823 5042 ιι.

1903 5004 1938 5025 ’ἰ
1969 4991 2147 5047 Colos.
2188 5011 2262 5058 Ill,
2304 4994 2356 5048 5.
2434 5002 2456 5027 ¹¹
2505 4991 2633 5045 Ιιιιῦσ
2678 5003 2771 5051 Χιιν
2829 4988 2919 5041 57-

3020 4995 3045 5021 °
3085 4982 3271 5038 Matth.
3319 4984 3461 5047 xxv,’
3488 4981 3576 5035 40.
3655 4991 3681 5029 Ρ
3714 4978 3860 5033 Ral.

585 5061 709 5125 xlv,
742 5044 793 5099 2.
845 5057 895 5125 _'_t
920 5046 1071 5125 Dent.
1107 5044 1269 5125 xxxii,
1321 5054 1372 5107 9.
1432 5067 1472 5125 κν
1508 5056 1650 5111 Psal.
1696 5044 1877 5123 csvur,
1940 5044 2150 5125 57,7771]

2273 5044 2436 5125 ω’ξδ.
2515 5044 3013 5123 ειυιιειη.’νιιι,η.
3095 5058 3112 5092 ι
3149 5053 3338 5107 Matth.
3382 5044 3554 5117 νηί.
3630 5048 3862 5103 υιεοτ.

585 5131 635 5177 x,
664 5115 716 5168 4.
796 5128 815 5153 ν
841 5116 1028 5173 Matth.
1060 5136 1166 5183 xw,
1202 5122 1283 5176 18.

611 5316 622 5327 _
653 5247 729 5315 (α)
763 5248 867 5329 Μδᾷ
886 5249 1245 5329 Βςυςξίβεαινὶι.
1278 5255 1354 5310 Ita
1385 5256 1638 5329 Paulinus
1667 5276 1756 5329 ep.
1784 5260 1849 5316 49
1879 5262 1945 5316 ad
1986 5262 2165 5318 Maca-

578 5319 722 5395 riuq'u
751 5319 888 5395 u;_5,
919 5321 1352 5395 beavitipauperes
1376 5328 1579 5395 spiritu.

656 5386 729 5458 (b)
770 5388 869 5465 _Sic_
906 5408 1034 5446 mss.
1086 5386 1253 5465 vatio.
1306 5404 1360 5449 et
1402 5386 1538 5465 'Reg.
1595 5398 1736 5453 Editi
1779 5401 1982 5456 addunt
2036 5419 2160 5456 non.

579 5454 992 5533 linicniavhnus
1021 5463 1262 5532 perﬁdia,
1300 5454 1689 5533 refragantibus
1719 5454 1975 5524 omnibus
2011 5454 2161 5526 (diu;

576 5528 751 5597 cibus,
786 5530 834 5582 in
856 5528 1342 5657 Ribusgﬁrﬁdiw,
1366 5528 1512 5590 nullo
1541 5552 1635 5592 seu
1682 5542 1863 5609 potius
1888 5537 2162 5596 contrario

580 5612 761 5650 sensu.
800 5598 858 5653 Vi
958 5618 1045 5657 en.
1078 5637 1091 5654 ι
1151 5643 1165 5657 .
1193 5619 1246 5657 n.
1283 5605 1332 5657 l.

580 5598 929 5673 sensu._Vide
958 5618 1045 5673 ep.
1078 5598 1246 5663 50.11.
1283 5598 1332 5658 l.

565 5667 843 5789 ’ᾡςὲήὶιει
884 5667 1011 5728 mss.
1045 5673 1215 5728 Vatic.
1246 5683 1300 5729 et
1328 5675 1479 5730 Vicn.
1521 5675 1658 5732 Eliti
1704 5679 1999 5742 mendose.
2050 5682 2150 5733 mi-

1366 5135 1386 5160 ι
1416 5124 1609 5181 Johan.
1644 5145 1691 5195 l,
1722 5128 1804 5184 l2.
1883 5141 1910 5180 γ
1941 5130 2081 5187 Psal.
2108 5150 2287 5200 Lxxxt,
2313 5124 2365 5187 6.

2343 5263 2420 5330 (di
2462 5261 2560 5315 Ms.
2592 5261 2767 5323 Vien.,
2800 5259 3100 5330 gaudemus.

2340 5326 2412 5399 te;
2452 5332 2544 5387 Sic
2572 5347 2701 5385 mss.
2733 5326 2863 5398 Reg.
2901 5338 2956 5383 et
2987 5328 3162 5384 Vatic.
3204 5336 3258 5382 et
3290 5328 3351 5389 ,S.
3386 5326 3702 5399 Ambrosius
3718 5327 3779 5399 _l._
3785 5342 3837 5399 ’ξ
3845 5344 3864 5399 i

2268 5404 2319 5457 in
2369 5394 2495 5457 huc.
2538 5418 2586 5456 c.
2632 5402 2682 5454 9.
2727 5394 2878 5465 Quod
2910 5400 3079 5467 magis
3122 5398 3414 5467 respondet
3456 5397 3681 5452 editioni
3716 5394 3864 5450 LXX

2272 5474 2660 5541 interpretum,
2711 5469 2952 5523 Plantaui
2982 5471 3269 5541 tequidem»
3313 5469 3623 5541 frugiferum
3654 5482 3868 5541 omnem

2267 5526 2468 5605 ueram,
2501 5526 2674 5595 πάσι-αέι
2706 5542 2954 5600 ἀληθινήν.
3006 5537 3105 5593 Ubi
3141 5526 3363 5605 vulgata
3392 5526 3421 5590 ἴ
3442 5526 3684 5591 malum
3715 5549 3760 5589 te
3784 5539 3868 5590 ri—

2267 5626 2419 5664 ueam
2470 5610 2723 5674 electam,
2786 5626 2937 5664 omne
2986 5625 3162 5663 semen
3198 5625 3399 5665 uerum.
3458 5605 3598 5661 Editi
3640 5608 3869 5663 codices

2273 5680 2458 5741 nostri,
2484 5681 2532 5733 vi
2546 5692 2635 5733 ‘em
2663 5696 2855 5733 rerum.
2898 5678 3035 5733 Vide
3065 5690 3178 5733 not.
3201 5677 3329 5731 ‘Itu‘i.
3386 5740 3393 5746 η

2343 5750 2410 5819 (f)
2452 5750 2610 5818 Legit
2643 5748 2917 5819 Paulinus,
2950 5752 3263 5821 θαυμαστὸς.
3296 5763 3394 5816 pro
3424 5749 3758 5811 Θανμαστῶς.
