4078 6352
227 408 328 466 185

1565 397 1900 459 EPISTOLA
1941 403 2125 487 xxiv.

228 540 375 590 mur,
403 528 458 576 et
495 516 636 576 sicut
665 527 800 574 unus
825 510 900 573 dc‘
923 515 1251 587 principibus
1283 515 1526 571 cadimus
1557 526 1604 570 ιι.
1651 515 1798 571 Unus
1829 523 1878 583 Α
1904 519 2127 572 remittit
2151 532 2360 585 usuras,
2383 526 2439 573 et
2461 516 2802 588 ouligationis
2825 517 3093 576 immensa:
3113 523 3507 592 compendium-

227 614 366 671 enim
415 610 716 680 principum
765 606 1077 677 angelorum
1128 605 1266 671 fuit,
1317 615 1607 676 antequam
1659 606 1801 674 deji-

227 704 418 763 ciendo
446 702 643 757 cadens
673 701 825 754 ﬁeret
861 699 1112 766 zabulus,
1144 700 1230 754 cui
1261 697 1488 753 dicitur:
1539 698 1805 763 Quomodo

228 797 405 852 recidit
434 793 660 864 Lucifer,
685 793 768 864 qui
800 807 950 844 mane
969 789 1231 845 oriebatur
1265 789 1288 828 δ
1313 791 1336 844 1'
1387 789 1495 844 Sed
1530 806 1640 845 non
1669 790 1810 845 sicut

229 888 316 942 ille
339 927 354 952 ,
389 886 442 938 in
463 892 724 938 aeternum
755 883 1027 936 interitum
1052 881 1289 936 damnati
1314 897 1499 937 sumus
1525 900 1536 933 ι
1564 882 1688 950 quia
1721 881 1810 936 ille

229 987 386 1032 autor
413 974 620 1045 peccati
661 973 778 1038 fuit,
830 973 1098 1040 simulque
1121 989 1220 1042 pro
1260 987 1320 1027 se
1357 981 1414 1027 et
1456 989 1552 1043 pro
1593 973 1811 1028 homine

229 1067 516 1137 punietur,
561 1063 651 1134 qui
699 1063 890 1118 eodem
933 1063 1091 1132 periit
1125 1063 1366 1126 scelere,
1420 1079 1527 1133 quo
1559 1063 1808 1133 perdidit.

229 1158 404 1213 llomo
433 1165 612 1210 autem
649 1171 754 1210 non
787 1154 840 1208 in
871 1152 1029 1208 ﬁnem
1059 1153 1253 1208 meruit
1279 1154 1626 1208 exterminari
1653 1170 1813 1224 para-

227 1250 366 1316 diso,
397 1257 451 1302 et
481 1257 622 1301 terra
651 1261 769 1301 esse
788 1288 803 1312 ,
828 1245 955 1314 quia
983 1244 1160 1300 divina
1181 1239 1396 1299 Iustitia
1428 1245 1596 1300 levius
1623 1246 1694 1279 ²υί
1722 1244 1812 1313 ju-

227 1339 456 1402 dicavit,
489 1338 662 1392 aliena
693 1343 875 1390 mente
903 1350 1191 1405 peccasse,
1221 1350 1383 1403 quam
1414 1336 1650 1406 prepria.
1691 1333 1812 1388 Cri-

227 1433 494 1488 minosius
521 1439 603 1485 est
623 1430 874 1499 decipere
905 1444 1067 1498 quam
1095 1428 1290 1498 decipi,
1322 1437 1378 1483 et
1407 1437 1687 1498 peccatum
1711 1443 1810 1481 ex-

228 1523 488 1590 cogitare,
531 1535 690 1590 quam
731 1521 930 1575 facere.
980 1518 1048 1572 Et
1077 1519 1202 1574 ideo
1241 1519 1610 1588 temporaliter
1655 1527 1710 1573 et
1748 1517 1814 1571 ad

224 1614 658 1670 emendationem
699 1613 916 1683 punitus
963 1619 1046 1666 est
1090 1610 1289 1666 fraudis
1328 1625 1581 1665 assensor
1607 1611 1671 1641 ¹⁰¹
1695 1651 1710 1676 ,
1760 1609 1814 1664 in

222 1715 486 1761 :eternuzn
517 1713 693 1759 autem
723 1704 1041 1774 supplicium
1083 1702 1380 1757 destinatus
1410 1704 1600 1758 mortis
1629 1703 1817 1756 inven-

226 1805 349 1864 tor,
400 1797 490 1863 cui
520 1812 809 1868 numquam
851 1794 1063 1850 deﬁciet
1091 1795 1156 1826 ‘°‘
1195 1809 1351 1864 paena
1393 1795 1640 1863 peccati,
1690 1793 1812 1863 quia

1912 618 2168 680 praestat,
2213 610 2381 665 solam
2426 627 2455 664 a
2503 611 2656 667 nobis
2704 612 3046 667 dilectionem
3084 613 3167 668 sui
3209 623 3498 684 repetens;

1909 717 2070 770 quam
2094 702 2234 755 inter
2252 711 2518 772 pnecepta
2545 719 2638 756 sua
2659 704 2936 773 principali
2961 704 3078 759 loco
3095 715 3506 774 ponens,oslen-

1910 794 2276 864 ditquomodo
2309 795 2381 848 illi
2408 795 2694 850 insolubile
2722 795 2959 850 debitum
2991 796 3153 850 etiam
3185 797 3370 866 inopes
3391 798 3502 852 sol-

1912 902 2179 942 veremus.
2211 887 2378 942 Nemo
2399 902 2456 942 se
2479 887 2638 956 igitur
2659 896 2882 941 excuset
2905 887 3217 942 difﬁcultate
3238 888 3500 952 solvendi,

1912 979 2035 1050 quia
2060 992 2218 1032 nemo
2247 993 2306 1032 se
2327 986 2504 1048 potest
2521 977 2702 1032 dicere
2730 977 2964 1030 animum
2996 993 3102 1030 non
3127 977 3345 1031 habere.
3388 976 3504 1030 Non

1915 1076 2208 1142 sacriﬁcia,
2239 1091 2345 1131 non
2379 1074 2449 1147 (ε)
2480 1089 2702 1128 munera
2743 1081 3047 1136 sumtuosa,
3082 1087 3188 1126 non
3219 1072 3338 1126 duri
3363 1073 3508 1126 labo-

1917 1184 2005 1224 res
2034 1169 2321 1236 exiguntur
2346 1182 2376 1220 a
2405 1167 2559 1222 nobis
2586 1185 2597 1218 :
2632 1167 2682 1220 in
2707 1165 2862 1219 nobis
2891 1172 3002 1228 est,
3036 1162 3178 1217 unde
3210 1162 3500 1216 solvamus.

1920 1261 2027 1316 Res
2046 1261 2189 1316 enim
2211 1259 2496 1331 potestatis
2527 1267 2721 1314 nostr-.e
2743 1266 2844 1323 est,
2869 1265 3052 1310 noster
3078 1255 3300 1309 allectus
3326 1273 3338 1306 :
3364 1255 3506 1309 hunc

1917 1349 2148 1406 Domino
2195 1349 2603 1420 impendamus,
2652 1357 2708 1403 et
2749 1348 3025 1402 solvimus.
3069 1345 3306 1415 Denique
3340 1345 3505 1400 David

1919 1443 2180 1498 liberatus
2219 1443 2289 1498 de
2333 1457 2498 1497 manu
2527 1442 2766 1496 omnium
2798 1441 3132 1494 inimicorum
3159 1455 3377 1493 suorum
3407 1454 3506 1508 pro

1917 1533 2104 1588 salutis
2141 1548 2252 1586 sua:
2294 1533 2452 1602 plena
2496 1531 2817 1593 securitate,
2866 1547 2971 1584 non
3014 1529 3164 1596 regni
3203 1530 3393 1598 opibus
3418 1529 3506 1595 "‘,

1915 1624 2014 1681 sed
2057 1625 2221 1679 animi
2267 1624 2524 1691 solvens,
2570 1622 2684 1676 ait:
2718 1620 2949 1691 Diligam
2999 1630 3063 1685 te,
3090 1618 3507 1685 Domine,virlus

1917 1733 2031 1773 mea
2062 1717 2104 1770 i.

1991 1809 2078 1863 47.
2113 1807 2272 1862 Addo
2293 1807 2454 1862 etiam
2479 1804 2710 1875 amplius
2736 1820 2878 1868 eum,
2910 1803 3000 1872 qui
3029 1802 3266 1856 creditor
3283 1810 3387 1869 est,
3414 1801 3508 1857 des

223 1902 518 1956 numquam
549 1885 765 1941 desinit.
807 1885 989 1954 Itaque
1020 1901 1126 1938 non
1161 1885 1412 1953 angelus,
1447 1899 1552 1938 non
1585 1884 1810 1952 legatus,

1922 1902 2152 1957 bitorem
2185 1901 2317 1965 fore,
2350 1900 2394 1955 si
2421 1900 2494 1954 illi
2521 1899 2752 1968 pretium
2782 1895 3035 1950 bonitatis
3060 1910 3191 1962 suze,
3221 1910 3381 1964 quam
3412 1911 3507 1949 ιιο‹

223 1987 280 2033 ιιι
300 1979 564 2048 scriptum
595 1986 697 2042 est,
729 1976 823 2032 sed
849 1977 960 2046 ipse
982 1977 1240 2031 Dominus
1275 1975 1426 2047 147
1455 1978 1590 2030 venit
1609 1977 1816 2044 erigere

220 2067 434 2133 allisos,
469 2054 689 2123 solvere
717 2065 1051 2136 compeditos
1083 2078 1104 2105 ε
1133 2108 1149 2134 ,
1180 2075 1229 2120 et
1256 2067 1457 2121 salvum
1485 2068 1654 2137 facere
1681 2065 1820 2138 quod

217 2162 448 2229 perierat
469 2156 519 2212 ι’.
572 2157 678 2213 Sed
710 2166 766 2213 ut
796 2158 945 2212 illum
978 2155 1327 2228 deceptorem
1354 2164 1598 2212 nostrum
1629 2164 1817 2211 mutua

219 2249 376 2318 quasi
411 2247 728 2318 deceptione
749 2248 1122 2312 confunderet,
1153 2263 1248 2318 per
1267 2248 1579 2317 mysterium
1603 2247 1819 2318 pietatis

217 2353 330 2394 suae
357 2339 609 2408 dignatus
643 2347 726 2394 est
761 2338 1066 2406 unigenitus
1094 2339 1190 2393 Dei
1227 2338 1394 2393 Filius
1422 2339 1590 2409 ipsam
1620 2347 1817 2394 nostra:

217 2426 524 2497 fragilitatis
553 2431 827 2500 suscipere
858 2438 1105 2483 naturam
1125 2469 1139 2494 ,
1173 2438 1231 2484 ut
1258 2429 1328 2484 de
1354 2429 1499 2498 ipsa,
1529 2443 1691 2498 quam
1718 2427 1816 2483 de-

216 2527 478 2589 ceperat,
510 2520 732 2574 zabulus
763 2520 1109 2586 vinceretur;
1156 2528 1211 2575 et
1235 2520 1328 2589 qui
1357 2534 1572 2589 semper
1600 2519 1700 2574 sub
1720 2517 1817 2574 Dei

215 2609 423 2667 virtute
467 2619 523 2665 et
547 2611 752 2678 legibus
783 2609 880 2665 fuit
904 2652 921 2677 ,
970 2618 1028 2665 ut
1055 2617 1137 2666 est
1162 2611 1229 2642 m
1253 2651 1268 2676 ,
1314 2609 1523 2666 homini
1563 2608 1819 2678 subjuga-

215 2709 392 2757 retur.

289 2792 381 2846 45.
426 2793 564 2858 Quid
584 2808 714 2862 ergo
744 2795 818 2850 illi
851 2795 1189 2848 retribuemus
1219 2810 1310 2864 pro
1332 2791 1570 2847 omnibus
1599 2807 1715 2864 qua:
1736 2807 1820 2845 re-

212 2885 401 2939 tribuit
432 2885 578 2939 nobis
609 2895 632 2923 ο
658 2887 680 2939 ?
721 2886 992 2941 Retribuit
1013 2886 1180 2950 enim,
1219 2883 1315 2939 sed
1342 2891 1403 2938 ut
1430 2883 1605 2939 bonus
1634 2882 1820 2938 Domi~

212 2991 331 3028 nus
357 2974 496 3027 bona
527 2990 625 3044 pro
655 2976 808 3030 malis
833 3017 848 3042 ,
893 2977 980 3030 cui
1018 2991 1118 3030 nos
1153 2975 1292 3028 mala
1332 2989 1432 3044 pro
1461 2973 1617 3028 bonis
1651 2973 1823 3041 inges-

211 3082 491 3122 seramus.
535 3065 920 3134 Bene-dicebat,
950 3075 1005 3122 et
1033 3065 1504 3122 maledicebamus.
1547 3061 1640 3119 Ille
1663 3079 1821 3120 sana-

210 3159 352 3222 bat,
405 3166 460 3212 ct
502 3175 601 3214 nos
651 3159 1194 3229 blasphemabamus:
1237 3156 1566 3227 justiﬁcabat
1601 3157 1814 3228 impios,

1919 1992 2001 2046 bis
2049 1990 2341 2046 indebitam
2384 1996 2622 2059 praestat,
2653 1986 2884 2055 gratuita
2913 1984 3195 2051 diligentes
3230 1984 3411 2038 animo
3441 1984 3507 2015 '°'

1921 2083 2182 2155 pensione
2209 2081 2500 2136 solvamus.
2534 2074 2778 2146 Diligitur
2805 2074 2962 2148 148
2985 2084 3163 2130 autem
3188 2083 3242 2129 et
3260 2075 3310 2128 iu
3335 2074 3508 2129 nobis.

1924 2173 2322 2246 metipsis,quia
2346 2171 2626 2242 ipse_dixit,
2644 2171 2745 2224 hoc
2766 2168 2975 2237 signum
2993 2166 3107 2220 fore
3124 2165 3507 2234 discipulorum

1920 2281 2143 2323 suorum
2192 2265 2238 2320 si
2265 2264 2549 2332 diligerent
2579 2261 2807 2315 inVicem
2835 2257 3124 2312 dilectione
3152 2270 3254 2324 qua
3287 2256 3400 2326 ipse
3423 2255 3506 2309 di-

1920 2359 2050 2416 lexit
2079 2372 2179 2413 nos
2208 2353 2231 2394 ι
2251 2398 2266 2422 ,
2298 2355 2351 2410 id
2397 2362 2500 2419 est,
2531 2359 2587 2406 ut
2625 2367 2722 2408 cor
2773 2364 2937 2404 unum
2991 2356 3046 2403 et
3075 2363 3233 2402 unam
3275 2346 3506 2400 animam

1919 2452 2215 2506 habeamus
2245 2449 2297 2502 in
2339 2446 2556 2502 Christo
2592 2444 2605 2481 ι
2646 2462 2658 2497 :
2691 2444 2747 2498 et
2777 2442 2827 2496 id
2863 2441 3088 2512 quisque
3134 2441 3382 2510 proximo
3409 2456 3508 2496 suo

1921 2543 2102 2604 faciat,
2133 2539 2277 2611 quod
2305 2539 2406 2593 sibi
2429 2537 2542 2591 ﬁeri
2581 2536 2726 2604 cupit
2748 2543 2806 2586 αι.
2831 2532 2949 2598 Quo
2978 2531 3146 2598 magis
3171 2540 3257 2583 tua
3285 2530 3512 2584 caritate

1922 2632 2215 2704 gloriamur
2235 2631 2288 2684 in
2318 2627 2567 2692 Domino,
2597 2639 2715 2693 qua:
2741 2622 2856 2677 sola
2886 2637 2984 2675 nos
3024 2621 3148 2676 facit
3177 2620 3512 2686 aliquatenus

1922 2703 2009 2778 vel
2039 2736 2202 2776 unum
2231 2719 2299 2774 dc
2328 2717 2536 2787 magnis
2587 2723 2642 2770 et
2684 2703 2980 2766 innumeris
3027 2709 3222 2766 debitis
3251 2708 3361 2764 Deo
3405 2709 3512 2763 sol-

1924 2828 2074 2869 vere.
2103 2811 2163 2866 ln
2184 2809 2434 2866 omnibus
2455 2807 2598 2862 enim
2633 2805 2751 2859 aliis
2777 2802 2932 2857 bonis
2951 2802 3040 2856 vix
3070 2816 3169 2855 nos
3195 2809 3400 2854 tantum
3429 2800 3512 2855 vel

1924 2909 1978 2964 in
2008 2905 2195 2978 paucis
2234 2903 2494 2965 initiatos,
2527 2900 2578 2954 in
2607 2907 2696 2953 tua
2723 2900 2930 2951 tantum
2976 2894 3261 2950 dilectione
3291 2891 3511 2962 proﬁte-

1923 3014 2045 3055 mur
2064 3011 2184 3052 esse
2209 2993 2504 3066 perlectos:

2419 3102 2746 3161 EPISTOLA
2784 3103 2801 3123 '
2830 3101 3012 3157 XXIV.

1923 3199 2141 3257 Severus
2173 3197 2450 3253 Paulinum
2480 3194 2817 3265 laudaverat,
2848 3193 2984 3265 quod
3014 3193 3291 3265 facultates
3321 3209 3441 3265 suas
3462 3194 3511 3246 in

295 3266 416 3342 cum
445 3251 637 3320 iniqu“
681 3250 1028 3342 d‘p‘f‘abam’:
1050 3248 1100 3342 _"
1142 3248 1279 3342 Quid
1307 3263 1437 3342 ergo
1465 3249 1540 3342 i_"i
1571 3263 1668 3318 pro
1697 3263 1815 3303 ma’
1845 3261 1890 3326 C
1923 3248 2580 3342 “pauperescoétulisset,
2605 3282 2701 3337 quo
2722 3248 2927 3319 Cltris'to
2952 3248 3233 3342 inipensius
3249 3263 3513 3342 militaret.

218 3340 286 3396 lis
313 3340 450 3394 meis
478 3355 598 3408 qua:
628 3339 849 3410 pertulit
873 3381 890 3407 ,
937 3340 1065 3408 quid
1101 3354 1199 3408 pro
1228 3339 1386 3392 bonis
1413 3338 1525 3394 suis
1549 3353 1669 3408 qua:
1696 3353 1822 3392 con-

219 3432 366 3496 tulit,
393 3431 619 3486 referam
638 3432 662 3485 ?
684 3430 810 3500 quid
832 3445 929 3500 pro
950 3437 1198 3501 suscepta
1220 3445 1383 3485 carne
1407 3429 1425 3498 (
1439 3428 1503 3483 V.
1523 3427 1820 3500 not.l06)?

220 3523 350 3592 quid
384 3539 482 3593 pro
514 3523 727 3591 alapis?
775 3512 915 3590 quid'
942 3537 1040 3592 pro
1078 3521 1392 3592 Opprobriis
1417 3521 1531 3575 ¹⁰⁵ἳ
1564 3519 1693 3590 quid
1718 3536 1818 3590 pro

224 3613 492 3675 ﬂagellis?
540 3629 639 3683 pro
673 3628 872 3678 cruce,
905 3614 1054 3668 obitu
1081 3656 1096 3680 ,
1131 3613 1408 3683 sepultura
1431 3655 1446 3681 ,
1480 3612 1819 3683 rependam?

225 3705 374 3769 Esto,
411 3703 696 3759 reddamus
719 3719 936 3759 crucem
965 3719 1064 3774 pro
1093 3719 1271 3768 cruce,
1295 3703 1452 3758 funus
1473 3719 1572 3774 pro
1593 3702 1815 3770 funere;

226 3796 486 3867 numquid
527 3795 824 3867 poterimus
872 3795 1096 3850 redlere
1149 3795 1294 3865 quod
1331 3811 1396 3849 ex
1434 3795 1582 3866 ipso,
1636 3805 1684 3849 et
1727 3811 1819 3864 per

226 3891 420 3960 ipsum,
459 3897 508 3942 et
541 3889 592 3942 in
622 3889 734 3959 ipso
765 3887 1021 3944 habemus
1042 3890 1218 3942 omnia
1244 3897 1267 3935 ε
1295 3904 1310 3953 ;
1342 3895 1397 3942 et
1429 3886 1558 3957 ipsi,
1603 3887 1694 3957 qui
1723 3886 1818 3940 ha-

230 3979 416 4034 bemus
439 4019 453 4043 ,
505 3981 580 4051 (a)
619 3979 687 4034 ab
720 3994 787 4034 eo
823 3980 1051 4033 sumus?
1098 3977 1218 4044 Ipse
1255 3978 1398 4032 enim
1425 3979 1548 4049 fecit
1578 3994 1673 4030 nos
1697 4017 1712 4040 ,
1768 3983 1817 4029 et

231 4087 328 4124 non
364 4072 464 4141 ipsi
493 4086 586 4124 nos
620 4068 643 4105 δ
669 4110 685 4135 ,
716 4077 772 4124 et
801 4069 978 4123 anima
1002 4076 1184 4122 nostra
1223 4082 1437 4137 semper
1478 4067 1532 4120 in
1571 4065 1819 4120 manibus

230 4161 356 4230 ejus.
390 4162 698 4217 Reddamus
727 4175 856 4230 ergo
887 4174 1128 4214 amorem
1161 4175 1259 4227 pro
1283 4157 1464 4212 debito
1489 4198 1504 4222 ,
1536 4158 1816 4211 caritatem

230 4271 321 4326 pro
345 4271 571 4310 munere
595 4296 612 4321 ,
649 4255 877 4322 gratiam
909 4266 1008 4322 pro
1038 4249 1288 4321 pecunia.
1331 4248 1424 4303 Va:
1464 4247 1608 4303 enim
1640 4246 1814 4310 nobis,

231 4348 323 4402 nisi
353 4347 725 4402 dilexerimus.

298 4439 386 4494 46.
432 4438 658 4505 Quando
687 4446 865 4492 autem
895 4452 1112 4507 sperem
1157 4449 1244 4489 me
1291 4433 1544 4489 miserum
1590 4439 1646 4486 et
1685 4444 1816 4498 ege-

229 4546 347 4587 sum
371 4531 501 4586 huic
530 4530 758 4584 Domino
788 4544 948 4598 posse
972 4527 1218 4592 reddere,
1253 4525 1339 4581 cui
1370 4539 1468 4579 nec
1498 4523 1728 4594 apostoli
1756 4537 1814 4576 se

1994 3335 2292 3410 Respondet
2320 3337 2576 3410 Paulinus
2605 3335 2723 3410 rem
2735 3352 2846 3410 esse
2868 3352 2970 3410 non
2996 3336 3171 3410 magni
3192 3335 3454 3410 momenti,
3473 3335 3515 3385 si

1991 3403 2112 3483 quis
2129 3411 2339 3483 divitias
2365 3408 2598 3483 adjiciat,
2623 3407 2724 3483 nisi
2745 3405 3047 3483 sibimetipsi
3077 3403 3362 3483 renuntiet;
3385 3419 3518 3455 eunt-

1993 3472 2089 3552 que
2109 3481 2255 3552 docet
2285 3480 2339 3552 in
2360 3472 2464 3552 quo
2496 3479 2597 3531 sita
2622 3477 2688 3528 sit
2717 3472 3027 3552 evangelica;
3052 3472 3374 3552 paupertatis
3401 3489 3517 3552 perf

1994 3545 2166 3622 lectio.
2193 3545 2398 3622 Deinde
2419 3556 2614 3622 quanta
2643 3545 2892 3622 pericula,
2921 3545 3130 3622 insidite
3151 3551 3380 3614 quantm,
3398 3549 3517 3622 quot

1946 3625 1952 3632 '
1991 3615 2197 3676 Christo
2227 3615 2572 3673 militantibus
2591 3615 2762 3669 hostes
2792 3615 3112 3675 immineant,
3146 3622 3434 3676 enumerat,
3459 3621 3516 3664 ut

1991 3691 2253 3752 ostendat,
2283 3698 2499 3743 externa
2528 3686 2815 3756 reliquisse,
2834 3701 3021 3756 pugna:
3037 3685 3240 3738 initium
3261 3697 3388 3747 esse,
3413 3699 3518 3739 non

1992 3763 2283 3818 uictoriam.

1993 3878 2046 3932 l.
2077 3876 2263 3931 llabeo
2296 3873 2390 3928 tibi
2414 3864 2590 3928 a'dhuc
2619 3870 2818 3940 aliquid
2834 3870 3050 3934 dicere;
3087 3869 3163 3937 (ά)
3194 3883 3517 3938 quamquam

1921 3980 1976 4026 tu
2002 3971 2057 4025 in
2085 3968 2290 4040 opertis
2317 3967 2619 4021 litterarum
2647 3963 3030 4034 promptuariis
3057 3961 3309 4028 accipias,
3343 3968 3398 4014 et
3424 3975 3519 4013 sn-

1920 4078 2018 4133 per
2045 4069 2207 4124 tecta,
2237 4067 2499 4127 quantum
2541 4057 2593 4110 in
2622 4062 2675 4109 te
2703 4063 2817 4116 est,
2843 4063 2900 4108 ut
2939 4054 3054 4122 ipse
3080 4049 3371 4120 proﬁteris,
3400 4057 3518 4103 stu-

1920 4151 2053 4206 deas
2083 4148 2397 4218 prtedicare.
2445 4145 2551 4199 Sed
2581 4144 2626 4198 si
2656 4143 2815 4204 hanc,
2846 4156 3008 4209 quam
3059 4140 3126 4193 de
3175 4147 3227 4191 te
3271 4137 3412 4206 apud
3461 4145 3516 4191 te

1922 4254 2069 4295 nunc
2096 4235 2395 4306 deposituri
2418 4249 2604 4291 sumus
2623 4230 3034 4300 querimoniam,
3067 4228 3208 4282 inter
3234 4233 3416 4281 cetera
3448 4225 3519 4280 lo-

1921 4329 2210 4402 quacitatis
2232 4335 2429 4383 nostrte
2459 4325 2639 4393 inepta
2667 4319 3048 4392 depromseris,
3073 4326 3219 4372 tuam
3249 4315 3409 4370 simul
3434 4322 3520 4370 te-

1925 4421 2229 4478 meritatem
2277 4415 2574 4485 divulgabis
2617 4430 2628 4468 :
2671 4413 2740 4469 de
2789 4428 2894 4483 qua
2941 4418 3334 4480 conquerentes
3381 4408 3520 4466 hanc

1923 4513 2208 4586 epistolam
2249 4510 2472 4565 facimus
2516 4511 2567 4574 ',
2592 4505 2886 4577 superioris
2933 4503 3036 4559 ﬁne
3064 4502 3422 4568 commoniti,
3448 4501 3518 4558 de

229 4622 522 4678 reddidisse
550 4595 891 4692 proﬁtentur.
936 4619 1073 4673 Audi
1111 4617 1344 4686 denique
1387 4631 1550 4671 unum
1590 4613 1657 4668 de
1686 4614 1738 4683 ip
1768 4613 1813 4668 is
1847 4649 1893 4708 ο
1921 4608 2164 4666 caritatis
2195 4604 2443 4660 videlicet
2470 4610 2525 4657 et
2555 4617 2639 4672 per
2653 4600 2904 4656 lectionis
2933 4598 3096 4708 verbp
3115 4638 3130 4663 ,
3156 4604 3214 4700 ut
3249 4595 3404 4654 istius
3444 4595 3524 4649 fa-

229 4713 576 4768 conlitentem
606 4727 665 4767 sc
696 4727 806 4766 non
839 4709 1161 4774 reddidisse,
1187 4708 1279 4777 qui
1309 4707 1433 4762 dicit
1465 4725 1477 4759 :
1513 4704 1640 4769 Quis
1667 4705 1809 4774 prior

229 4803 358 4857 dedit
411 4806 480 4868 ei,
527 4813 576 4858 et
626 4803 703 4871 (ὁ)
749 4803 1053 4856 retribuetur
1081 4801 1159 4854 illi
1196 4798 1208 4837 ί
1247 4799 1516 4871 (Ambros.
1553 4797 1644 4851 lib.
1679 4812 1728 4850 vt
1760 4795 1810 4848 in

233 4890 353 4948 Luc.
385 4910 437 4950 c.
471 4893 561 4962 7)?
591 4893 698 4948 Sed
730 4893 829 4961 ipsi
858 4893 1090 4961 gratias,
1145 4890 1238 4962 qui
1267 4889 1421 4945 nobis
1451 4887 1582 4942 tanti
1613 4886 1815 4941 fenoris

1919 4717 2166 4758 caremus
2207 4697 2510 4756 exordium.
2544 4695 2667 4750 Ha:c
2691 4694 2836 4749 enim
2865 4692 3021 4746 nobis
3049 4689 3117 4745 de
3164 4689 3332 4744 nimio
3361 4689 3380 4719 ²
3414 4695 3520 4742 tua:

1922 4791 2288 4849 unanimitatis
2312 4788 2509 4844 aﬁectu
2535 4785 2909 4858 expostulandi
2947 4798 3107 4839 causa
3137 4789 3248 4846 est,
3289 4778 3437 4851 quod
3471 4789 3524 4832 te

1923 4884 2091 4938 multa
2136 4881 2354 4936 dilectio
2384 4893 2554 4948 usque
2580 4875 2942 4932 admendacii
2993 4881 3278 4944 peccatum
3327 4869 3521 4924 trahit.

292 5061 314 5088 ⁸
341 5052 484 5107 Psal.
516 5067 700 5118 LXXXI,
733 5050 785 5106 7.
868 5048 892 5086 δ
916 5047 1035 5102 lsai.
1070 5064 1176 5112 xlv,
1212 5047 1262 5101 i.
1338 5057 1365 5118 _¢
1392 5045 1542 5118 APsal.
1585 5059 1744 5107 μιν,
1768 5041 1814 5118 _8

1925 5050 2032 5118 ista
2071 5037 2210 5093 Psal.
2238 5035 2394 5118 Β-(ιιιι.
2443 5032 2656 5118 ,ἀηιιια
2702 5047 2826 5095 xix,
2851 5029 2970 5118 κιο..
3035 5038 3058 5066 ο
3084 5025 3226 5118 Ps'aI.
3254 5039 3400 5118 ,ιινά
3434 5023 3518 5076 ιιι.

236 5120 250 5157 ¹
282 5121 400 5176 lsai.
443 5138 533 5177 un
560 5162 574 5182 ,
610 5112 698 5174 l9...
774 5131 797 5168 8
824 5119 978 5173 Rom.
1022 5136 1073 5172 xl
1102 5160 1116 5185 ,
1169 5120 1255 5174 36.
1337 5115 1360 5153 ιι
1389 5116 1528 5170 Psal.
1577 5131 1741 5185 xcrx_._
1768 5112 1822 5165 5.

231 5189 251 5227 ¹ι
280 5191 473 5248 Johan.
511 5208 621 5256 xm,
652 5191 741 5245 35.
803 5190 814 5227 ¹
853 5191 970 5245 Act.
1001 5206 1072 5255 tv,
1103 5182 1191 5244 3‘2.
1268 5199 1306 5224 ω
1337 5187 1527 5240 Matth.
1559 5201 1648 5243 vn,
1684 5182 1767 5235 1‘2.

1910 5110 1920 5148 ί
1967 5110 2121 5163 Rom.
2160 5124 2238 5170 xl,
2268 5105 2356 5159 55.
2438 5102 2450 5154 ι
2493 5103 2636 5158 Psal.
2692 5094 2819 5164 χιιι.
2851 5100 2914 5167 2,
2940 5101 3104 5178 .juxta
3147 5095 3312 5150 Psalt.
3358 5094 3518 5180 Dom.

296 5323 312 5342 '
351 5321 501 5376 Alias
527 5318 599 5385 ‘2;
649 5334 769 5390 quae
799 5327 976 5373 autem
1005 5327 1122 5372 erat
1153 5317 1220 5371 Ἡ
1245 5357 1260 5381 ,
1293 5332 1434 5370 nunc
1456 5312 1545 5366 2|.
1586 5312 1798 5382 Scripta
1838 5319 1890 5366 et
1917 5307 2077 5364 missa
2101 5322 2223 5362 cum
2244 5319 2522 5376 superiore
2541 5344 2556 5370 ,
2588 5318 2730 5358 anno
2760 5301 2882 5356 401.

298 5464 349 5529 (a
390 5463 491 5531 )Ex
522 5477 624 5516 ms.
655 5459 827 5514 Vatic.
860 5466 915 5531 et
941 5457 1027 5512 ed.
1049 5454 1208 5531 _Grin.
1233 5451 1632 5531 addidimus'ab
1660 5467 1740 5531 eo.

297 5522 346 5597 (ὁ
390 5522 476 5587 Ἰιιι
509 5549 609 5586 ms.
639 5531 793 5584 Vien.
817 5529 1010 5592 codex,
1041 5525 1256 5579 Griecus
1287 5533 1495 5597 textus,
1511 5522 1738 5597 Yulgata
1764 5529 1820 5574 et

233 5591 590 5658 Tertullianus
620 5601 882 5656 adversus
914 5591 1328 5663 Hermogenem.
1373 5611 1425 5645 ιι.
1477 5592 1540 5645 l7
1592 5601 1648 5646 et
1696 5591 1812 5644 Λιιι-

234 5673 434 5730 brosius
461 5675 552 5727 lib.
578 5690 648 5736 vt,
679 5688 796 5740 cap.
833 5670 862 5722 7
901 5670 960 5740 ιιι
981 5667 1120 5740 Luc.
1144 5665 1243 5717 Alii
1273 5663 1458 5740 codd,
1480 5663 1809 5740 _ietribu_itur.

296 5749 364 5806 (ε)
397 5746 491 5798 Ms.
523 5731 688 5797 V'atic.
725 5731 774 5795 εἰ
809 5739 897 5794 ed.
924 5738 1076 5792 Grin.
1114 5738 1162 5788 in
1197 5748 1360 5801 marg.
1387 5773 1400 5794 ,
1432 5734 1640 5806 itinera,
1670 5731 1815 5806 haud

233 5802 445 5871 omuiro
466 5817 582 5870 sine
607 5829 786 5876 causa,
820 5810 989 5880 inquit
1011 5806 1322 5868 Suet-binus,
1351 5803 1642 5870 antiquitus
1671 5802 1824 5855 enim

1929 5453 2088 5502 erant
2132 5446 2320 5499 itinera
2357 5443 2661 5498 necessaria
2697 5449 2756 5498 ut
2801 5439 3042 5495 adiretur
3079 5435 3411 5493 Hierusalem
3448 5435 3516 5495 ad

1928 5515 2263 5572 olferendum
2304 5514 2598 5570 sacriﬁcia.
2633 5511 2787 5580 Quod
2819 5526 2926 5565 non
2955 5510 3148 5580 placet.
3189 5507 3329 5580 Quid
3370 5511 3515 5566 enim

1927 5587 2028 5641 sibi
2063 5586 2195 5652 vult,
2224 5586 2415 5640 itinera
2445 5577 2748 5640 sumtuosa?
2771 5581 2912 5652 Vera
2933 5577 3093 5646 igitur
3115 5577 3273 5633 lectio
3301 5595 3516 5636 munera

1922 5649 2216 5713 sumtuosa.
2245 5672 2364 5721 ante
2388 5672 2453 5711 ex
2486 5653 2754 5725 prtedictis
2779 5649 3149 5725 conﬁrmatur.

1993 5705 2760 5804 viié'ﬁ.',"qiihﬁian.
2793 5731 2841 5773 tu
2878 5720 2963 5792 qui
2994 5719 3043 5772 in
3072 5720 3284 5790 opertis,
3313 5720 3518 5779 littera.—
3619 5705 3622 5708 i

1925 5814 2033 5851 rum
2064 5797 2385 5868 promtumia
2414 5796 2631 5862 accipis.
