4078 6352
480 372 584 430 387
1611 369 1668 425 S.
1712 365 1981 425 PAULINI
2003 370 2092 438 ,ΝΕ

2196 364 2271 424 Nl
2307 364 2608 424 EPISCOPI
3655 362 3769 417 283

483 486 613 540 Sive
640 483 781 539 enim
808 496 872 538 ea
896 489 1136 553 repetem
1151 483 1272 550 qua:
1300 480 1367 535 de
1391 489 1465 547 te,
1490 482 1602 536 sive
1629 480 1717 536 illa
1740 496 1859 552 qua:
1882 481 1948 536 de
1977 495 2069 535 no-
2096 481 2145 541 Α
2173 477 2311 532 Vide
2341 489 2484 533 nunc
2510 484 2769 546 quantum
2801 474 2852 528 iu
2874 489 2937 529 ea
2974 474 3069 529 tibi
3097 470 3379 528 donaverit
3413 468 3559 527 Deus
3576 476 3597 506 ³
3629 491 3641 526 :
3673 473 3769 528 cui

484 575 567 647 bis
594 574 846 643 loqueris,
871 587 1037 627 onera
1065 579 1246 627 nostra
1269 572 1479 641 injustis
1496 572 1742 627 laudibus
1758 572 2061 640 cumulans,
2170 576 2225 623 et
2245 568 2297 622 in
2328 568 2540 622 illorum
2563 564 3257 634 sortetribuitportionem,
3287 563 3377 632 qui
3406 563 3461 616 in
3490 562 3609 631 lege
3634 577 3769 634 per-

485 672 579 717 tua
622 662 770 718 falsis
818 661 1298 730 vituperationibus
1351 662 1629 730 minuens,
1663 677 1881 731 arguam
1929 664 2066 717 tein
2170 659 2294 715 fecti
2316 660 2566 714 vixerunt
2590 658 2654 721 “,
2678 656 2751 710 ita
2772 655 3207 725 possidentes,ut
3223 669 3329 708 non
3357 652 3773 722 possiderentur

484 753 764 807 caritatem
808 752 875 805 de
912 750 1141 807 caritate
1184 766 1428 822 peccare.
1470 751 1673 807 Caritas
1706 754 1869 819 enim,
1902 753 2071 821 inquit
2173 767 2203 805 a
2231 747 2661 820 possessionibus
2705 746 2816 800 suis
2840 787 2855 812 ,
2888 759 3061 813 neque
3101 745 3263 798 ullam
3311 752 3405 796 aut
3442 757 3626 797 rerum
3676 750 3775 796 aut

485 843 704 913 benigna
729 851 807 895 est
834 859 852 894 :
885 843 1075 896 caritas
1115 844 1350 913 proximo
1389 842 1583 896 malum
1612 858 1713 896 non
1745 852 1985 912 operatur
2020 855 2067 897 “.‘

488 932 777 1001 Benignam
799 948 919 988 eam
945 934 1100 990 nobis
1130 934 1372 1000 exhibes,
1400 933 1546 1003 quod
1583 935 1921 1004 experimur;
1948 949 2072 988 nam

488 1036 544 1082 ct
569 1026 621 1081 in
644 1042 710 1081 eo
739 1027 1033 1094 gloriamur
1064 1046 1077 1081 :
1106 1026 1201 1083 sed
1231 1027 1350 1082 vide
1383 1042 1451 1082 ne
1478 1034 1668 1082 contra
1691 1025 1808 1095 ejus
1834 1027 2075 1096 regulam

488 1118 722 1173 videaris
760 1118 974 1187 operari
1016 1117 1217 1172 malum
1265 1116 1555 1187 proximis,
1584 1116 1781 1187 quibus
1808 1116 2074 1172 sarcinam

492 1218 836 1280 peccatorum
863 1209 1103 1280 pondere
1128 1209 1378 1264 indebita:
1420 1208 1595 1264 laudis
1624 1209 1699 1279 (a)
1731 1208 2075 1275 accumulas;

491 1307 549 1370 et
574 1302 727 1368 quasi
757 1316 864 1354 non
896 1300 1039 1355 idem
1066 1300 1253 1356 volens
1294 1300 1467 1369 nobis,
1499 1299 1647 1373 quod
1669 1300 1784 1367 tibi,
1816 1300 2078 1369 siquidem

492 1390 561 1444 de
590 1391 766 1456 nobis,
794 1391 867 1445 ita
896 1390 1043 1459 loqui
1065 1391 1268 1459 justum
1289 1391 1675 1454 existimes,-_ut
1701 1391 1768 1452 de
1797 1401 1849 1446 te
1893 1392 2081 1447 inutile

494 1480 594 1558 tibi
642 1479 882 1548 judicas,
912 1479 988 1551 (ὁ)
1008 1480 1129 1549 jure
1156 1479 1342 1544 audies
1367 1500 1378 1534 :
1408 1480 1470 1536 Si
1514 1491 1652 1540 recte
1704 1481 1879 1552 diligis
1902 1490 1951 1535 et
1978 1498 2082 1536 non

500 1571 658 1643 149
671 1583 807 1627 recte
832 1573 1054 1638 dividas,
1085 1573 1451 1644 peccastib(V.
1486 1582 1600 1629 nol.
1628 1573 1773 1643 107).
1806 1574 1917 1629 Nisi
1946 1574 2084 1630 forte

512 1660 549 1718 d
596 1679 812 1733 quoque
858 1665 1051 1720 altiore
1092 1666 1307 1735 pietatis
1355 1665 1583 1721 consilio
1624 1666 1826 1730 facias,
1873 1673 1930 1721 ιιι
1956 1665 2083 1720 dum

500 1754 676 1825 aliena
722 1755 879 1810 nobis
925 1756 1066 1810 bona
1099 1756 1274 1812 verbis
1304 1756 1580 1824 indulges,
1610 1757 1884 1811 stimulum
1915 1756 2086 1826 pudo-

2173 839 2626 897 necessitudinum
2656 839 2952 901 caritatem,
2984 844 3045 891 ut
3074 834 3256 889 in-Job
3285 833 3303 875 τ
3326 878 3340 903 ,
3383 842 3439 889 et
3470 835 3771 902 Abraham,

2176 940 2232 988 et
2275 931 2377 986 Lot
2405 929 2706 985 ostenditur
2737 939 2783 992 ις,
2815 927 3100 983 dominicae
3145 925 3357 980 caritati
3387 934 3442 978 et
3470 924 3773 994 disciplina:

2177 1032 2569 1093 anteponerent
2602 1040 2614 1075 :
2645 1023 2739 1077 sed
2788 1028 2845 1076 et
2886 1037 3073 1075 eorum
3123 1021 3163 1052 ¹¹
3190 1021 3263 1075 sis
3298 1020 3604 1090 particeps,
3636 1034 3777 1087 quos

2179 1118 2484 1185 evangelica
2522 1115 2797 1186 plenitudo
2827 1121 3166 1168 consummat
3197 1130 3211 1165 τ
3241 1111 3334 1180 qui
3380 1110 3606 1181 majoris
3634 1126 3778 1180 opu-

2179 1209 2356 1264 lentiae
2383 1215 2439 1261 et
2468 1206 2731 1260 illecebrae
2769 1204 2965 1274 praedia
2997 1202 3308 1258 vendidisti.

2252 1301 2306 1354 5.
2340 1299 2493 1354 Unde
2517 1297 2728 1354 conﬁdo
2759 1296 2835 1367 (d)
2867 1311 3050 1366 parem
3072 1296 3168 1350 tibi
3192 1295 3244 1349 in
3266 1294 3442 1349 medio
3472 1293 3781 1348 divinarum

2183 1393 2409 1447 sortium
2435 1390 2695 1459 requiem,
2730 1397 2787 1443 ut
2815 1388 3063 1447 dormias.
3096 1387 3235 1442 sicut
3263 1387 3522 1456 scriptum
3559 1393 3663 1448 est,
3696 1386 3781 1438 in-

2186 1496 2262 1538 ter
2282 1484 2480 1538 medios
2505 1482 2671 1536 cteros
2696 1479 2742 1546 δ,
2777 1481 2827 1534 id
2859 1488 2943 1535 est
2968 1488 3134 1534 sortes
3161 1478 3397 1544 Domini,
3420 1493 3544 1546 qua:
3574 1478 3627 1530 in
3655 1476 3787 1532 duo-

2184 1578 2285 1631 bus
2306 1574 2664 1630 Testamentis
2678 1573 3031 1642 accipiuntur,
3055 1571 3123 1626 de
3150 1571 3345 1641 quibus
3371 1569 3649 1625 hereditas
3680 1569 3787 1623 Do-

2187 1668 2337 1730 mini,
2376 1666 2532 1737 150
2553 1674 2608 1720 et
2635 1673 2947 1720 sanctorum
2978 1662 3257 1734 plenitudo
3286 1660 3586 1732 perﬁcitur.
3630 1659 3785 1715 Unde

2186 1765 2407 1829 paratus
2433 1772 2552 1811 sum
2577 1756 2849 1811 dominico
2871 1755 3152 1809 adversum
3183 1762 3237 1809 te
3264 1754 3431 1809 verbo
3451 1756 3492 1785 "
3520 1754 3573 1807 in
3600 1753 3785 1807 diver-

497 1845 571 1899 ris
596 1858 849 1912 suggeras
870 1885 886 1911 ,
937 1853 998 1899 ut
1043 1846 1282 1914 legentes
1322 1846 1467 1916 quod
1494 1856 1614 1901 esse
1639 1845 1928 1912 debemus,
1959 1846 2086 1901 boni
2120 1852 2163 1911 Β
2188 1866 2306 1903 sum
2334 1849 2431 1924 uti,
2462 1856 2522 1903 ut
2548 1849 2724 1903 dicam
2757 1848 2851 1903 tibi
2883 1865 2896 1900 :
2929 1846 2987 1901 In
3017 1846 3197 1901 fratris
3220 1846 3298 1900 tui
3336 1846 3496 1901 oculo
3521 1846 3785 1901 festucam

497 1946 619 1987 esse
641 1932 930 2000 discamus,
949 1935 1290 2005 nitamurque
1304 1950 1404 1990 nos
1424 1935 1579 2005 juxta
1603 1950 1907 1991 sermonem
1934 1945 2083 1991 tuum

496 2034 782 2092 promere;
826 2031 882 2078 et
913 2022 1139 2078 forsitan
1177 2026 1444 2097 possimus
1473 2023 1665 2089 'eﬂici
1695 2025 1767 2096 (c)
1796 2025 1942 2095 quod
1977 2041 2086 2082 non

500 2127 688 2169 sumus
711 2155 726 2182 ,
776 2113 902 2169 dum
950 2116 1318 2174 erubescimus
1366 2133 1474 2173 non
1517 2132 1638 2174 esse
1664 2118 1809 2188 quod
1835 2119 2084 2196 dicimur.

498 2201 717 2259 Interim
757 2212 936 2262 tamen
976 2206 1105 2262 dum
1144 2209 1476 2275 conscientia
1511 2224 1619 2266 non
1657 2211 1904 2279 agnoscit
1929 2209 2089 2268 ﬁdem

498 2296 762 2352 sermonis
790 2296 898 2363 tui,
937 2297 1358 2363 blandimentum
1402 2308 1720 2371 aspernatur
1742 2303 2085 2358 verecundia.

498 2382 631 2452 Quae
660 2393 712 2441 te
734 2386 877 2456 apud
902 2387 1165 2458 teipsum,
1195 2397 1256 2444 ut
1283 2389 1427 2455 dixi,
1457 2391 1750 2447 conveniat
1783 2392 1835 2458 ‘;
1864 2408 1963 2448 cur
1987 2408 2088 2449 au-

502 2473 636 2531 deas
658 2476 678 2507 ⁸
705 2476 892 2543 nobis,
922 2485 983 2534 ut
1021 2478 1300 2536 decertata
1328 2494 1502 2549 agone
1539 2481 1834 2539 victoribus
1857 2483 2091 2554 palmam

499 2564 848 2637 perfectionis
876 2568 1204 2638 adscribere,
1231 2572 1378 2641 quod
1405 2587 1625 2629 omnem
1656 2574 1677 2605 ⁸
1706 2582 1934 2630 terrente
1965 2590 2092 2645 pos-

503 2657 760 2714 sessionis
787 2660 1055 2716 sarcinam
1095 2663 1414 2734 exposuisse
1442 2664 1519 2736 (id
1545 2674 1622 2720 est
1647 2665 2006 2737 deposuisse.’
2023 2666 2089 2723 γ.

501 2760 671 2802 carm.
702 2747 792 2821 25,
833 2765 886 2804 v.
921 2748 1010 2821 66)
1058 2751 1342 2809 videamur
1373 2771 1387 2808 :
1420 2762 1474 2810 te
1502 2762 1692 2811 contra
1720 2756 1895 2813 adhuc
1919 2755 2094 2813 infeli-

500 2851 622 2894 cem
646 2880 664 2909 ,
709 2849 765 2896 et
812 2842 866 2896 in
895 2843 1012 2899 luto
1051 2845 1196 2902 faecis
1223 2846 1445 2902 infernae
1471 2848 1835 2906 adhaerentem
1862 2850 2092 2918 ingemi:

504 2942 657 2994 scas,
706 2930 850 3000 quod
886 2932 972 2986 vel
1012 2949 1207 3000 unum,
1240 2942 1300 2989 ut
1325 2936 1613 3007 scripsisti,
1644 2938 1961 3009 praediolum
1987 2954 2094 2995 non

505 3017 812 3074 vendidisse
864 3021 1131 3087 videaris;
1180 3039 1303 3079 cum
1348 3025 1524 3095 ipsum
1569 3018 1802 3098 quoque
1838 3044 1992 3099 mque
2037 3037 2098 3083 ut

507 3109 725 3164 vendita
770 3127 800 3165 a
832 3120 926 3166 tuo
949 3112 1071 3182 jure
1109 3116 1362 3185 praesenti
1399 3117 1754 3173 alienaveris:
1787 3128 1846 3174 ut
1874 3119 2095 3190 majori-

2189 1940 2372 2008 gratite
2401 1939 2570 2005 vides,
2588 1947 2645 1993 et
2666 1939 2718 1993 in
2740 1946 2834 1993 tuo
2859 1936 3099 2006 ejusdem
3120 1936 3245 1991 boni
3276 1951 3508 1991 massam
3530 1952 3642 1991 non
3661 1950 3787 1990 sen-

2187 2021 2259 2085 tis
2290 2030 2332 2096 ις
2357 2046 2479 2085 cum
2506 2034 2789 2100 utrasque,
2828 2038 2889 2083 ut
2934 2028 3066 2090 dixi.
3097 2036 3407 2084 sanctorum
3434 2029 3787 2099 occupaveris

2189 2127 2403 2190 partes:
2436 2134 2536 2174 nec
2560 2119 2614 2173 in
2644 2118 2932 2173 reservatis
2955 2117 3000 2150 ¹³
3023 2117 3235 2187 praediis
3259 2132 3559 2188 possessor,
3589 2125 3645 2172 et
3664 2132 3788 2187 per-

2188 2210 2361 2266 fectus
2389 2209 2442 2263 in
2473 2208 2720 2264 venditis.
2754 2202 2941 2277 Itaque
2969 2215 3025 2263 et
3044 2207 3096 2261 in
3126 2221 3235 2277 quo
3263 2222 3543 2278 possessor
3564 2206 3788 2273 videris,

2191 2302 2377 2357 soluta
2398 2317 2430 2356 a
2456 2300 2861 2371 possessionum
2910 2298 3139 2355 vinculis
3163 2307 3346 2356 mente
3377 2297 3652 2370 perfectus
3676 2315 3742 2355 es
3771 2316 3787 2353 :

2190 2396 2283 2465 qui
2310 2392 2524 2450 collecti
2546 2393 2806 2463 temporis
2824 2407 3036 2448 memor
3053 2391 3188 2447 illud
3209 2391 3454 2462 Apostoli
3481 2392 3495 2443 i
3521 2393 3791 2463 comples,

2191 2493 2251 2540 ut
2277 2484 2484 2539 habens
2504 2499 2612 2538 non
2640 2483 2874 2547 habeas;
2897 2481 3023 2551 quia
3054 2497 3163 2537 non
3191 2481 3312 2547 tibi,
3335 2482 3430 2536 sed
3451 2497 3560 2537 non
3590 2481 3793 2538 baben‘

2192 2576 2337 2632 tibus
2378 2576 2565 2631 babes.
2598 2574 2799 2630 Domus
2846 2582 2951 2629 ture
2975 2574 3177 2645 hospes
3202 2588 3281 2643 es,
3312 2580 3372 2628 ut
3413 2573 3488 2629 sis
3511 2572 3793 2645 hospitum

2193 2667 2428 2724 domus:
2461 2667 2649 2737 patriae
2691 2674 2798 2721 tute
2846 2665 3163 2736 peregrinus
3209 2680 3289 2731 es,
3337 2672 3394 2721 et
3446 2665 3600 2720 exsul
3634 2665 3793 2721 istius

2194 2756 2411 2823 mundi;
2436 2764 2496 2812 ut
2520 2756 2598 2811 sis
2614 2755 2790 2812 incola
2818 2754 3073 2827 paradisi,
3090 2762 3147 2811 et
3172 2755 3360 2827 patriae
3378 2755 3512 2811 civis
3532 2755 3792 2827 antiquae.

2194 2849 2313 2905 Non
2336 2838 2582 2906 tricliniis
2597 2856 2686 2902 tua
2708 2856 2851 2903 tecta
2876 2862 3130 2919 occupas,
3155 2862 3329 2917 neque
3344 2847 3419 2918 (e)
3440 2845 3793 2918 supellectilis

2195 2950 2289 2999 aut
2315 2943 2555 3014 pecunia:
2569 2941 2798 2998 molibus
2816 2943 3002 3012 stipas;
3032 2942 3126 2997 sed
3151 2943 3449 3012 peregrinis
3474 2942 3519 2975 "
3540 2950 3597 2997 et
3622 2956 3795 3010 egen-

2198 3036 2360 3102 tibus,
2395 3036 2556 3091 uuius
2595 3035 2709 3105 ipse
2738 3042 2970 3090 metator
3016 3034 3217 3103 anguli,
3253 3034 3512 3105 comples,
3542 3041 3795 3088 tuorum-

2199 3142 2304 3196 que
2339 3126 2673 3183 eonfamulus
2707 3127 3051 3181 vernularum
3093 3127 3390 3197 temporale
3427 3126 3796 3181 habitaculum

507 3203 608 3259 bus
638 3201 761 3259 ﬁdei
808 3204 1068 3263 fructibus
1115 3208 1197 3264 bis
1246 3210 1473 3266 devotus
1501 3211 1764 3267 existeres
1798 3212 1908 3268 Deo
1952 3230 1965 3265 :
2010 3212 2095 3267 di-
2126 3219 2171 3283 C
2201 3218 2277 3273 tui
2308 3217 2459 3285 tecti,
2510 3232 2619 3272 non
2649 3224 2706 3271 ut
2736 3216 3123 3287 paterfamilias
3151 3232 3397 3287 usurpas,
3429 3216 3519 3271 sed
3548 3225 3603 3270 ut
3634 3230 3797 3271 mer-

508 3310 667 3351 verso
715 3297 1052 3353 mercimonii
1099 3314 1265 3369 opere
1287 3339 1302 3364 ,
1350 3299 1446 3355 sed
1482 3317 1591 3356 uno
1619 3301 1742 3356 vitae
1770 3302 1922 3357 lucro
1959 3303 2098 3358 intra

507 3386 749 3455 ejusdem
779 3391 1034 3460 praecepti
1063 3390 1597 3457 terminosvenditor
1632 3392 1959 3467 largitorque
1982 3393 2099 3449 fun-

507 3477 699 3533 dorum
725 3522 741 3547 ,
793 3488 847 3535 et
893 3480 1014 3538 ideo
1060 3482 1177 3538 sine
1222 3483 1387 3538 animi
1434 3484 1748 3555 captivitate
1775 3502 2094 3557 possessor:

506 3572 633 3643 quia
677 3582 733 3628 et
769 3590 890 3644 quze
928 3578 1217 3631 reservasti
1245 3578 1288 3645 ⁷,
1318 3576 1560 3634 Ecclesia
1593 3586 1649 3634 te
1675 3580 1947 3637 serviente
1974 3596 2102 3651 pos-

508 3663 686 3717 sideat
711 3662 806 3731 (V.
840 3672 954 3719 not.
988 3664 1137 3736 108).

579 3754 634 3807 2.
669 3755 853 3823 Itaque
881 3755 948 3809 de
991 3757 1157 3826 ipsius
1197 3758 1408 3814 Domini
1438 3761 1617 3816 verbis
1654 3767 1870 3817 nostras
1898 3760 2103 3832 pariter

511 3864 576 3904 ac
603 3856 724 3903 tuas
750 3847 928 3918 pende
955 3850 1215 3918 rationes,
1248 3866 1315 3906 ne
1342 3852 1427 3906 vel
1455 3852 1553 3907 tibi
1593 3860 1653 3907 ut
1676 3852 1932 3924 impedito
1960 3852 2100 3907 difli-

511 3937 635 4004 das,
677 3939 763 3993 vel
803 3939 957 3994 nobis
996 3947 1054 3994 ut
1088 3939 1202 4009 jam
1249 3940 1429 3996 liberis
1464 3931 1870 4012 congratuleris.
1910 3932 2100 4014 Cogita

510 4028 804 4084 divisiones
831 4045 951 4086 esse
978 4032 1273 4098 gratiarum
1294 4071 1308 4096 ,
1334 4041 1391 4088 et
1415 4049 1696 4091 mensuras
1720 4036 2098 4103 donationum;

510 4120 644 4189 quas
672 4128 732 4175 ut
758 4120 811 4175 in
836 4122 1081 4192 Corporis
1107 4122 1191 4177 sui
1214 4122 1466 4179 membris
1482 4141 1620 4180 unus
1642 4134 1802 4195 atque
1831 4127 1972 4181 idem
1990 4127 2104 4183 dis-

511 4222 768 4282 pensator
785 4223 1041 4284 operatur
1069 4214 1210 4271 Deus
1238 4218 1282 4283 ⁸,
1304 4215 1515 4272 diversa
1547 4217 1600 4272 in
1631 4230 1733 4273 suo
1761 4234 1990 4289 corpore
2016 4219 2100 4275 di-

512 4298 789 4372 stinguens
813 4306 1022 4375 placitis
1043 4307 1288 4362 membra
1323 4309 1633 4364 muneribus
1662 4321 1721 4376 c;
1766 4311 1860 4365 sed
1905 4328 2102 4382 corpus

514 4409 680 4449 unum
720 4411 787 4451 ex
839 4398 1149 4453 diversitate
1194 4400 1557 4455 membrorum
1606 4409 1840 4464 struens,
1874 4412 1932 4456 ut
1974 4403 2101 4457 hinc
2138 4428 2151 4439 -

514 4482 731 4559 quoque
759 4490 927 4555 gratia
949 4490 1098 4544 sacri-
1117 4480 1362 4560 corporis
1384 4497 1646 4560 augeatur
1672 4489 1721 4553 ά,
1752 4491 1797 4545 si
1825 4492 2100 4562 multiplex

2202 3311 2461 3366 'cenarius
2486 3311 2574 3365 vel
2605 3309 2894 3379 inquilinus
2925 3310 2995 3381 (Γ)
3028 3310 3223 3378 inanis,
3246 3309 3595 3380 stipendium,
3625 3309 3795 3378 quasi

2201 3398 2458 3474 precariae
2478 3400 2770 3456 mansionis
2781 3400 3011 3456 Domino
3034 3400 3116 3473 (g)
3140 3401 3400 3465 altissimo
3427 3400 3697 3472 pensitans
3720 3397 3798 3455 de

2202 3494 2346 3549 socia
2377 3501 2433 3546 et
2458 3491 2704 3559 corporis
2733 3490 2809 3544 tui
2838 3498 2894 3544 et
2921 3490 3083 3544 animi
3113 3491 3389 3546 servitute.

2272 3584 2325 3637 4.
2356 3583 2510 3651 Quod
2538 3584 2583 3639 si
2608 3583 2763 3651 juxta
2790 3582 2970 3651 operis
3000 3583 3215 3637 modum
3252 3580 3570 3652 porrigenda
3591 3586 3674 3635 est
3699 3568 3797 3635 vel

2203 3676 2567 3730 contrahenda
2619 3688 2854 3739 merces,
2886 3681 2942 3728 et
2969 3674 3338 3743 compensatio
3384 3673 3626 3742 qumdam
3665 3671 3798 3727 facti

2204 3765 2494 3836 infectique
2523 3764 2765 3819 facienda
2815 3773 2915 3830 est,
2971 3764 3047 3836 (Ιι)
3089 3779 3243 3834 atque
3281 3764 3419 3819 ratio
3447 3762 3800 3834 perfectionis

2204 3857 2368 3912 animi
2399 3856 2475 3911 tui
2503 3872 2625 3911 cum
2657 3871 2841 3910 eorum
2873 3870 3038 3925 opere
3066 3854 3306 3920 ducetur,
3338 3855 3426 3926 qui
3457 3855 3636 3909 omnia
3657 3868 3798 3909 ven-

2204 3950 2457 4005 diderunt
2484 3967 2497 4003 :
2523 3951 2648 4020 quia
2681 3950 2724 3982 ”‘
2753 3965 2852 4005 nec
2881 3958 2938 4004 tu
2967 3949 3061 4005 tibi
3105 3951 3309 4020 aliquid
3341 3951 3424 4005 vel
3451 3949 3504 4004 in
3531 3949 3675 4018 jure,
3703 3950 3796 4003 vel

2202 4041 2346 4111 quod
2375 4047 2459 4095 est
2488 4040 2736 4110 amplius,
2769 4040 2821 4094 in
2853 4041 3033 4095 animo
3062 4040 3323 4110 reliquisti
3357 4058 3369 4092 :
3402 4039 3492 4109 qui
3519 4040 3601 4093 sic
3625 4039 3800 4094 uteris

2202 4136 2423 4200 mundo,
2456 4135 2609 4203 quasi
2638 4150 2745 4189 non
2771 4135 2939 4190 utaris
2959 4128 3012 4189 ι.
3036 4133 3211 4203 Atque
3231 4133 3375 4188 haud
3412 4134 3548 4196 scio,
3582 4148 3648 4187 an
3683 4131 3803 4187 for-

2205 4228 2356 4282 tioris
2385 4226 2506 4281 ﬁdei
2532 4223 2818 4294 judicanda
2849 4225 3041 4280 sitista
3066 4224 3368 4279 constantia
3391 4231 3447 4278 et
3469 4221 3693 4276 ﬁrmitas
3715 4225 3801 4277 tui

2203 4317 2399 4381 cordis,
2424 4331 2529 4385 qua
2562 4316 2700 4393 inter
2721 4315 2871 4383 ignes
2900 4332 3005 4371 non
3025 4314 3221 4370 urerisl
3246 4332 3259 4368 :
3288 4312 3663 4381 interlaqueos
3685 4296 3803 4363 noli

2203 4409 2449 4478 caperis;
2483 4408 2652 4477 picem
2682 4407 2878 4475 tangis,
2911 4423 3009 4462 nec
3037 4406 3336 4476 inquinaris
3372 4415 3409 4441 π’
3438 4422 3453 4469 ;
3503 4418 3666 4472 quam
3695 4415 3799 4455 eo-

2204 4515 2342 4563 rum,
2374 4513 2512 4568 quos
2541 4507 2597 4552 tu
2624 4496 2793 4555 fortes
2817 4505 3006 4568 putas;
3035 4513 3136 4567 ego
3166 4505 3345 4552 autem
3369 4495 3692 4551 inﬁrmiores
3715 4506 3804 4545 ar-

515 4580 690 4633 virtus
705 4574 779 4632 in‘
806 4595 911 4634 una
958 4595 1219 4651 compage
1248 4589 1562 4635 numeretur
1592 4599 1605 4634 :
1636 4591 1696 4635 ut
1729 4572 1831 4635 stet
1858 4583 2039 4651 regina
2067 4601 2099 4637 a
2133 4592 2178 4650 Ι)
2204 4588 2698 4658 bitrorjudicandos
2724 4606 2737 4640 :
2765 4589 2888 4656 quia
2912 4605 3018 4642 non
3041 4587 3321 4642 credentes
3343 4583 3636 4640 inﬁrmitati
3661 4596 3796 4643 sum,

514 4674 715 4727 dextris
727 4664 838 4746 ejus
865 4678 920 4729 in
946 4663 1167 4745 fimbriis
1181 4677 1370 4744 aureis,
1389 4664 1771 4732 cireumamicta
1791 4681 2034 4735 varietate
2053 4690 2096 4736 ⁸.

588 4865 613 4894 ι
635 4856 657 4909 1
679 4855 803 4921 σοι’.
826 4869 952 4919 χιιι,
985 4854 1054 4914 ις
1096 4852 1255 4908 Rom.
1288 4868 1399 4912 xm.
1432 4852 1520 4908 10.
1562 4906 1563 4909 η
1591 4853 1777 4924 ι’(ἱθιι.
1810 4871 1880 4919 ιν,
1914 4855 1966 4920 7,
1994 4853 2143 4924 juxta
2177 4854 2336 4909 LXX.

517 4927 584 4980 10
614 4932 669 4978 et
700 4918 793 4987 15,
818 4918 971 4991 juxta
1019 4924 1335 4979 Psalterium
1378 4924 1532 4978 Rom.
1617 4923 1635 4962 ί
1666 4924 1785 4979 Jub.
1822 4943 1855 4986 ι,
1889 4918 1979 4980 2t.

514 5012 588 5063 Vt,
616 4994 735 5049 41..
783 4998 797 5047 ι
837 4995 1002 5052 lCor.
1033 4995 1242 5062 “1,30.
1319 4996 1342 5031 κ
1374 4994 1543 5050 lCor.
1569 5012 1659 5062 vn,
1683 4996 1773 5050 51.

591 5151 669 5221 (a)
700 5151 797 5207 Ms.
830 5151 1050 5220 Regius,
1082 5152 1436 5207 accumulans.

591 5220 666 5295 (ὁ)
686 5223 929 5295 _ltamss.
960 5222 1092 5295 Reg.
1126 5221 1279 5295 Vien.
1306 5220 1586 5295 crediti}.
1619 5221 2105 5295 Edit.‘Rosv.,_au-

520 5291 656 5351 dias.
684 5293 816 5350 lbid.
847 5294 967 5350 loco
996 5294 1173 5363 diligis
1196 5291 1337 5363 apud
1362 5292 1501 5347 LXX
1522 5291 1577 5349 et
1596 5292 1738 5363 apud
1761 5292 2101 5347 Ambrosium

521 5310 651 5351 atas.
685 5310 816 5350 tota.
848 5310 967 5350 loco
996 5310 1089 5348 aut
1149 5310 1173 5347 s
1196 5310 1337 5363 apuu
1362 5310 1501 5347 mu
1522 5310 1577 5349 et
1596 5310 1738 5363 apuu
1761 5310 1917 5346 amur

521 5367 794 5421 multoties
822 5366 1019 5433 legitur
1045 5310 1257 5434 oﬁras.
1292 5364 1547 5434 Vulgzhsi
1578 5363 1704 5418 bene
1731 5365 1917 5434 egeris.

594 5437 664 5506 (c)
696 5435 819 5490 Haec
863 5432 1197 5506 restituimus
1220 5448 1287 5488 ex
1317 5447 1416 5486 ms.
1448 5433 1629 5506 Vien.‘_
1654 5432 1792 5488 Ante
1823 5432 2103 5506 legebatur

525 5503 771 5560 noscimus
792 5506 970 5575 efﬁci:
1035 5503 1139 5559 uad
1165 5511 1341 5558 nostra
1372 5509 1543 5555 tamen
1595 5504 1716 5556 dum
1760 5504 2113 5569 conscientia,

525 5584 630 5629 etc.
661 5573 756 5629 Ms.
776 5574 942 5643 ‘Reg.,
966 5522 1117 5644 eZici,
1132 5572 1290 5644 quod,
1312 5588 1413 5625 non
1439 5579 1639 5644 tamen,
1663 5580 1765 5627 etc.
1784 5572 2096 5644 Exscriptor

525 5584 630 5629 etc.
661 5573 756 5629 Ms.
776 5572 942 5643 Rogq
966 5572 1117 5644 efﬁci,
1132 5572 1290 5644 quod,
1312 5588 1413 5625 non
1439 5579 1639 5644 tamen,
1663 5580 1765 5627 etc.
1784 5572 2096 5644 Exscriptor

524 5643 733 5698 videtur
761 5640 1255 5701 vriliiiSse"scribere
1286 5644 1417 5699 utin
1446 5658 1547 5699 ms.
1580 5640 1734 5698 Vien.
1765 5659 1884 5699 cum
1916 5640 2102 5697 eadem

544 5716 976 5783 nterpunctic’me.
1128 5722 1132 5729 '
1149 5756 1155 5763 .

597 5784 675 5858 (ά)
709 5783 807 5841 Ms.
834 5785 1013 5852 Vieu.,
1046 5795 1306 5859 paratam.

2056 4939 2076 4971 κ
2110 4927 2187 4981 Ge
2212 4946 2244 4978 ι.
2290 4942 2381 4984 xu.
2424 4924 2476 4978 4.
2557 4925 2578 4960 ιι
2613 4924 2749 4978 Psal.
2800 4942 2962 4990 vau,
3005 4926 3081 4983 ,4.

1857 4996 1871 5034 ι
1901 4995 2059 5053 Prov.
2093 5014 2168 5065 vt,
2191 4995 2279 5049 27.
2357 5006 2394 5032 ιη
2418 4995 2582 5050 Eccli.
2616 5010 2726 5058 xui,
2758 4995 2808 5050 1.

2206 4680 2590 4737 festinaverunt
2618 4680 2853 4736 alienare
2873 4682 3075 4749 omnia,
3099 4681 3291 4750 quibus
3312 4680 3571 4735 inhaerere
3599 4675 3800 4732 timue-

2417 4866 2437 4891 ι’
2465 4854 2622 4909 Rom.
2655 4871 2744 4918 xu,
2779 4856 2830 4909 4.
2908 4853 3124 4910 HCor.
3151 4872 3241 4916 xu,
3272 4855 3324 4909 4.
3405 4864 3428 4893 ε
3458 4854 3601 4909 Psal.
3645 4872 3794 4919 xuv,

3112 4998 3117 5003 ἡ
3165 4925 3179 4964 ί
3218 4926 3405 4980 Matth.
3438 4942 3527 4988 vu,
3551 4925 3614 4991 3;
3660 4925 3797 4981 Luc.

2290 5149 2491 5225 (el_Ms.
2516 5151 2696 5225 Ἥρῃ..
2732 5153 3149 5225 supellectilibus.
3192 5222 3212 5225 _
3314 5194 3320 5225 ί

2289 5220 2355 5292 (f)
2376 5220 2457 5294 Ita
2481 5220 2971 5294 ms.‘Vatic.'eted.
3004 5223 3152 5277 Grin.
3179 5222 3330 5294 Quod
3361 5222 3640 5294 pulchrum
3669 5237 3802 5278 sen-

2211 5290 2329 5346 sum
2375 5290 2537 5346 eﬁicit
2586 5310 2600 5346 :
2651 5293 2845 5355 inanis,
2874 5292 2925 5347 id
2958 5300 3040 5346 est
3085 5290 3476 5364 pauperrimus.
3506 5294 3629 5359 Alii,
3673 5310 3795 5347 ma-

2209 5378 2317 5416 nes.

2206 5408 2759 5557 ;;E?23J:ltcf¥0ccn5
2774 5408 3068 5489 addidimus
3092 5450 3157 5490 ex
3182 5450 3281 5489 ms.
3311 5435 3466 5489 Vien.
3489 5431 3643 5500 Quod
3672 5410 3802 5488 eon-

2330 5538 2342 5553 .
2482 5519 2535 5556 ιιι
2564 5519 2617 5557 ra
2642 5520 2695 5557 n.
2766 5544 2779 5557 .

2330 5519 2452 5555 Rllll'
2482 5519 2617 5557 Inll'a
2642 5520 2695 5557 n.
2725 5519 2779 5557 υ.

2234 5571 2357 5653 λ’(Ιι)
2383 5571 2471 5627 Sic
2485 5587 2600 5653 .ms.
2628 5574 2784 5653 Vie_u_.
2984 5574 3183 5653 codd.,_
3216 5591 3365 5653 (aqua
3399 5574 3601 5653 ratione
3624 5574 3802 5653 perfe-

2207 5643 2428 5767 ἕξεί.
2461 5642 2684 5699 ducitur.
2722 5644 2815 5698 Ms.
2874 5643 3030 5714 “03.,
3062 5642 3413 5717 perfectionis,
3464 5652 3600 5710 etc...
3624 5642 3802 5698 'ut'in

2280 5728 2292 5766 l
2323 5728 2380 5767 IS.

2280 5728 2380 5770 ηιξ.
