4078 6352
241 315 334 380 189

1568 312 1902 371 EPISTOLA
1940 312 2126 369 XXIV.

3389 286 3599 364 290‘

238 444 353 492 runt
384 452 397 487 ε
425 429 504 487 Tu
530 430 688 501 igitur
715 434 847 487 inter
875 440 1098 487 mortuos
1121 432 1254 487 liber
1277 439 1327 499 ι,
1354 430 1445 499 qni
1494 430 1546 482 in
1596 442 1801 496 posses-
1840 440 1883 491 Α
1918 435 2044 481 tunc
2091 438 2235 490 vere,
2287 432 2344 479 ut
2373 424 2440 478 ab
2465 422 2657 478 exsilio
2689 423 2740 477 iu
2789 422 3015 492 patriam
3044 419 3298 487 restituti,
3348 419 3433 473 vel
3462 435 3494 474 a

237 526 381 581 sione
411 532 625 578 terrena
666 532 809 578 terra
834 523 946 591 jam
990 538 1093 577 non
1123 537 1201 587 es,
1224 529 1279 577 et
1297 522 1373 590 (a)
1401 519 1558 575 terris
1585 518 1812 581 emines,

1918 514 2348 585 peregrinatione
2378 513 2667 583 longinqua
2698 513 2749 568 in
2775 512 3059 581 genitalem
3090 511 3308 566 domum
3335 509 3495 564 redu-

238 628 331 670 nec
352 614 767 668 morticinorum
808 614 1128 681 contagione
1173 613 1448 682 pollueris,
1481 624 1581 664 nec
1608 608 1817 663 habitas
1915 619 2026 671 ces,
2064 604 2363 675 poterimus
2390 602 2569 658 dicere
2598 621 2610 655 :
2644 602 2827 657 Portio
2849 610 3026 656 nostra
3069 600 3326 656 Dominus
3363 600 3405 630 ²¹
3437 600 3493 651 in

240 705 287 759 in
306 703 690 759 dormientium
719 705 1082 773 projectorum
1096 704 1354 774 sepulcris
1376 702 1427 774 1ιι(
1442 702 1502 755 ι’.
1526 709 1639 755 not.
1666 696 1812 767 109),

238 795 352 864 quia
383 794 438 849 in
465 793 607 850 cmlo
634 795 872 864 sepelisti
909 795 1074 848 vitam
1105 797 1281 857 tuain',
1304 808 1465 861 quam
1506 792 1560 845 in
1601 788 1817 844 Christo

239 884 561 940 abscondisti
592 897 637 938 τ.
669 885 778 940 Nos
805 894 983 940 autem
1008 901 1113 939 non
1143 885 1410 955 patiamur
1430 883 1681 937 invidiam
1705 895 1820 950 per-

240 975 513 1037 fectionis;
539 974 633 1028 sed
663 976 840 1044 potius
860 974 1182 1045 accipiamus
1213 973 1422 1028 veniam
1445 970 1771 1026 infirmitatis
1803 987 1816 1021 :

238 1069 355 1143 quia
382 1082 581 1135 negare
598 1082 703 1121 non
727 1076 900 1136 potes,
926 1067 1115 1121 fortius
1136 1082 1254 1122 esse
1283 1064 1644 1130 manentibus,
1660 1076 1819 1131 quam

238 1157 482 1212 alienatis
528 1155 691 1211 rebus
742 1170 974 1211 carere:
1008 1168 1062 1209 et
1107 1169 1366 1226 spernere
1401 1152 1544 1223 quod
1598 1152 1818 1215 habeas,

238 1262 393 1316 quam
423 1261 532 1300 non
562 1244 765 1299 habere
788 1246 935 1314 quod
964 1260 1209 1313 spernas.

299 1360 354 1414 5.
394 1358 539 1414 Sane
585 1359 873 1415 considera
924 1360 1057 1430 ipsa,
1091 1360 1156 1414 de
1185 1359 1378 1429 quibus
1417 1357 1573 1412 nobis
1602 1370 1823 1425 arrogas

237 1460 644 1532 perfectionem,
678 1460 843 1515 verba
873 1460 1111 1525 Domini,
1143 1469 1197 1515 et
1227 1459 1430 1514 videbis
1472 1466 1524 1512 te
1559 1455 1822 1527 principia

236 1578 327 1632 pro
380 1560 487 1616 line
541 1560 803 1631 posuisse.
837 1561 898 1616 Si
928 1562 1020 1626 vis,
1060 1562 1210 1633 151
1242 1562 1335 1626 ait,
1383 1563 1642 1632 perfectus
1689 1576 1821 1624 esse,

238 1664 357 1737 unde
392 1673 441 1718 et
466 1664 623 1718 vende
643 1665 815 1718 omnia
847 1672 951 1730 tua,
981 1672 1031 1718 et
1052 1663 1120 1717 da
1148 1662 1455 1734 pauperibus
1478 1662 1526 1716 ἀ.
1558 1661 1615 1717 Si
1637 1662 1691 1718 in
1720 1663 1824 1719 hoc

1917 702 2057 748 terra
2085 696 2355 749 virentium
2383 703 2433 748 η.

1988 785 2041 838 7.
2074 784 2434 852 Quamobrem
2465 786 2860 855 temporalium,
2892 800 3012 854 qua:
3061 800 3117 838 ιιι
3163 784 3269 838 hoc
3311 797 3498 837 secuto

1918 876 2215 939 habentur,
2252 875 2758 931 bonorum'relictio
2787 877 2901 930 sive
2927 876 3232 940 distractio,
3265 890 3371 929 non
3401 873 3501 927 de-

1920 984 2107 1022 cursus
2134 968 2310 1032 stadii,
2336 968 2429 1023 sed
2453 968 2743 1037 ingressus;
2770 984 2871 1022 nec
2885 976 2943 1022 ut
2963 977 3105 1022 meta
3134 970 3198 1034 ",
3229 967 3323 1022 sed
3339 967 3502 1036 jawa

1922 1068 2025 1113 est.
2052 1059 2168 1115 Non
2197 1061 2339 1114 enim
2391 1060 2589 1114 athleta
2641 1068 2753 1116 tum
2784 1061 2951 1115 vincit
2997 1061 3065 1124 ⁸³,
3095 1076 3214 1115 cum
3244 1061 3461 1115 exuitur
3488 1077 3502 1111 :

1921 1150 2014 1218 qui
2042 1150 2166 1205 ideo
2195 1150 2444 1214 nudatur,
2472 1158 2532 1204 ut
2574 1152 2792 1220 incipiat
2820 1151 3096 1217 dimicare,
3124 1166 3245 1205 cum
3268 1150 3509 1217 legitime

1923 1242 2215 1297 certaverit
2241 1242 2583 1296 coronandus
2621 1253 2667 1297 υ.
2700 1242 2767 1296 Ει
2793 1251 3007 1297 natator
3035 1258 3247 1297 amnem
3280 1242 3511 1311 interpo-

1924 1332 2087 1388 situm
2116 1340 2464 1401 superaturus
2490 1334 2742 1387 exuitur:
2776 1348 2875 1388 nec
2904 1342 3081 1388 tamen
3110 1334 3212 1387 hoc
3241 1341 3391 1387 tanto
3412 1347 3512 1401 ap-

1927 1432 2142 1493 paratu,
2168 1424 2311 1492 quod
2366 1441 2424 1480 se
2451 1426 2840 1495 dispoliaverit,
2897 1426 3255 1481 transnatabit
3300 1425 3365 1490 “,
3413 1425 3513 1479 nisi

1927 1514 2092 1568 totius
2112 1515 2358 1584 corporis
2384 1516 2538 1587 152
2559 1517 2697 1581 nisu,
2724 1525 2778 1571 et
2798 1517 3036 1571 omnium
3059 1517 3193 1572 scita
3219 1515 3517 1571 mobilitate

1926 1602 2313 1670 membrorum,
2345 1611 2401 1657 et
2422 1605 2678 1675 propulsu
2707 1606 2923 1674 pedum,
2943 1614 2994 1661 et
3027 1607 3251 1675 remigio
3278 1607 3519 1662 brachio-

1931 1709 2073 1761 rum,
2095 1703 2150 1748 et
2178 1693 2360 1749 lateris
2381 1694 2595 1764 illapsu,
2626 1696 2888 1750 torrentis
2918 1696 3176 1766 impetum
3203 1696 3436 1763 scindat,
3463 1704 3520 1753 et

234 1764 554 1841 sententiam
586 1765 927 1819 terminasset
950 1765 1012 1831 “,
1045 1773 1098 1820 te
1126 1763 1261 1818 falso
1289 1771 1662 1833 arguerem;et
1683 1764 1825 1818 ultro
1859 1798 1904 1856 Β
1932 1786 2175 1842 laborem
2207 1763 2501 1842 na“,qu
2529 1787 2828 1842 exhauriat.

236 1881 615 1936 exposcerem,
638 1875 699 1922 ut
724 1866 855 1922 mihi
882 1876 1154 1936 tamquam
1185 1867 1357 1922 vicina
1389 1866 1455 1921 de
1479 1865 1828 1921 similitudine

235 1960 477 2029 ejusdem
523 1960 688 2015 studii
734 1960 912 2014 anima
965 1958 1435 2029 congratulareris,
1488 1958 1612 2027 quia
1642 1959 1830 2027 agonis

238 2050 446 2120 impleti
495 2049 726 2120 palmam
770 2049 926 2119 quasi
975 2050 1241 2104 decimam
1297 2048 1442 2103 illam
1497 2047 1826 2115 drachmam,

234 2153 399 2209 quam
428 2142 483 2196 in
510 2141 686 2211 primo
707 2142 886 2197 carnis
911 2149 1138 2211 parente
1164 2140 1424 2210 perditam
1471 2149 1517 2205 ο,
1550 2140 1689 2193 intra
1728 2138 1843 2194 do-‘

235 2247 381 2288 num
405 2240 606 2299 tamen,
636 2232 857 2287 tandem
899 2247 1130 2287 accenso
1168 2231 1318 2286 verbi
1353 2230 1602 2285 salutaris
1631 2229 1832 2285 lumine

234 2325 531 2392 inventam,
564 2325 616 2379 in
641 2324 891 2380 manibus
904 2322 1017 2394 jam
1048 2332 1354 2379 teneremus
1396 2340 1409 2374 :
1459 2321 1564 2379 sed
1594 2336 1718 2377 eum
1747 2321 1830 2376 vi-

234 2414 366 2483 deas
390 2423 611 2484 quantm
639 2415 798 2488 molis
822 2414 1043 2469 verbum
1068 2413 1322 2487 supersit,
1353 2427 1473 2468 cum
1505 2412 1619 2481 ipse
1648 2410 1832 2467 Domi-

233 2523 338 2562 nus
366 2507 669 2578 majestatis
696 2505 915 2576 adjiciat
946 2523 959 2558 :
993 2504 1063 2559 Et
1092 2506 1206 2560 veni
1230 2522 1441 2577 sequere
1476 2521 1557 2558 me
1589 2501 1643 2569 ῖς
1673 2504 1832 2558 istam

233 2598 421 2667 potius
444 2595 816 2669 difficultatem
846 2594 1151 2660 considera,
1183 2602 1239 2649 et
1268 2593 1495 2648 dilatato
1522 2591 1687 2647 corde
1714 2605 1833 2646 me-

233 2684 370 2754 tire,
391 2694 519 2741 tunc
539 2685 807 2755 intelliges
836 2684 1073 2753 majores
1092 2683 1190 2738 tibi
1216 2696 1407 2738 causas
1433 2695 1535 2750 pro
1560 2678 1716 2734 nobis
1741 2692 1836 2734 su-

232 2790 463 2845 peresse
483 2775 877 2840 sollicitudinis,
902 2788 1064 2843 quam
1096 2787 1217 2829 esse
1244 2769 1638 2839 gratulationis.
1660 2768 1841 2825 Facile

231 2867 395 2931 enim
438 2866 594 2921 nobis
621 2866 764 2921 bona
791 2866 880 2921 vel
923 2880 1090 2920 onera
1118 2861 1365 2932 apposita
1403 2860 1624 2931 pallium
1651 2858 1841 2915 remit—

236 2956 494 3011 tentibus
518 2955 836 3021 exciderunt
864 2972 880 3007 :
920 2963 977 3010 et
1002 2968 1123 3023 qua:
1151 2951 1431 3007 nobiscum
1457 2964 1565 3006 non
1587 2949 1844 3006 intulera-

234 3062 379 3113 mus
421 3048 465 3079 "
492 3048 547 3103 in
575 3047 719 3102 hunc
743 3046 1021 3114 mundum,
1065 3059 1167 3100 uec
1192 3052 1502 3115 poteramus
1547 3042 1621 3115 (b)
1650 3042 1843 3099 etl'erre

2001 1878 2054 1933 8.
2088 1879 2256 1935 Video
2281 1888 2460 1935 tamen
2483 1879 2640 1935 nobis
2667 1888 2724 1934 et
2752 1880 2804 1933 in
2833 1879 2995 1936 beato
3022 1879 3327 1949 patriarcha
3352 1876 3520 1934 Iacob

1931 1969 2089 2039 hujus
2116 1970 2474 2040 expeditionis
2522 1970 2766 2025 ordinem
2812 1969 3102 2040 prolusisse
3133 1980 3190 2033 P;
3220 1984 3341 2023 cum
3371 1969 3522 2023 illum

1932 2061 2071 2128 lego,
2104 2070 2451 2132 posteaquam
2475 2069 2716 2118 torrente
2739 2062 3077 2129 transmisso,
3109 2062 3397 2132 prtemissis
3424 2077 3522 2116 cu-

1938 2167 2123 2207 rarum
2158 2168 2373 2208 suarum
2395 2146 2671 2222 oneribus,
2702 2154 2755 2209 id
2783 2162 2894 2217 est,
2927 2153 3242 2209 facultatum
3270 2168 3522 2223 corpora-

1932 2242 2062 2297 lium
2088 2250 2144 2298 et
2164 2244 2618 2299 necessitudinum
2647 2244 3067 2315 impedimentis,
3094 2244 3241 2300 solus
3271 2244 3323 2297 in
3342 2243 3525 2298 taber-

1933 2334 2108 2390 naculi
2139 2334 2259 2390 loco
2286 2344 2640 2402 remanserat,
2670 2335 2782 2391 Deo
2806 2336 3173 2401 colluctatum,
3200 2351 3320 2391 cum
3345 2343 3526 2390 estor-

1932 2422 2145 2492 quenda
2175 2422 2552 2479 benedictione
2576 2426 2858 2494 praevaluit
2889 2442 2903 2478 :
2934 2433 2989 2479 et
3011 2425 3140 2479 illud
3164 2425 3304 2479 cmlo
3334 2425 3525 2479 terris-

1934 2528 2041 2583 que
2060 2522 2332 2568 sacratum
2352 2517 2398 2546 "
2421 2514 2585 2569 lsrael
2609 2530 2804 2569 nomen
2828 2517 3054 2585 accepit.
3079 2516 3139 2570 ln
3162 2530 3291 2583 quo,
3319 2514 3530 2569 tametsi

1936 2604 2308 2673 principaliter
2357 2604 2683 2661 sacramenti
2735 2604 2987 2659 salutaris
3028 2605 3387 2674 praefiguratio
3414 2619 3532 2660 esse

1938 2694 2205 2759 videatur,
2232 2693 2380 2764 quod
2404 2694 2654 2750 videlicet
2683 2693 2737 2749 in
2769 2694 3079 2750 Judteorum
3106 2705 3267 2768 typo,
3297 2696 3400 2752 hoc
3426 2704 3534 2765 est,

1940 2785 2187 2854 corporis
2212 2785 2297 2841 sui
2325 2785 2516 2843 sobole
2534 2826 2550 2851 ,
2582 2783 2752 2842 Iacob
2797 2786 3141 2857 prmvaluerit
3167 2786 3430 2854 Domino;
3456 2787 3536 2843 si-

1942 2883 2038 2931 cut
2056 2874 2145 2930 ille
2166 2876 2395 2946 populus
2416 2876 2469 2931 in
2489 2875 2608 2946 ejus
2630 2876 2706 2947 (c)
2717 2877 2969 2949 passione
2980 2876 3536 2949 Pilatoestorquenda

1942 2965 2242 3037 praevaluit,
2262 2966 2401 3024 sicut
2419 2966 2675 3037 scriptum
2696 2975 2799 3034 est,
2816 2983 2940 3025 cum
2958 2966 3200 3025 dicerent
3218 2988 3233 3025 :
3255 2969 3532 3044 Cruciﬁge,

1944 3057 2206 3130 παι-ἔβας,
2236 3066 2288 3112 et
2314 3057 2708 3127 invalescebant,
2736 3060 2932 3131 inquit,
2979 3072 3124 3119 voces
3145 3080 3321 3120 eorum
3349 3076 3377 3117 ιι
3409 3082 3424 3118 :
3452 3072 3537 3121 at-

235 3137 558 3203 nohiscum,
609 3139 765 3209 quasi
791 3145 1032 3194 mutuata
1060 3134 1423 3200 reddidimus;
1453 3149 1555 3191 nec
1577 3142 1638 3188 ut
1663 3140 1843 3189 cutem

1951 3154 2136 3203 tamen
2165 3147 2218 3202 in
2248 3148 2406 3218 hujus
2428 3148 2599 3206 nostri
2624 3149 2672 3183 "
2699 3165 2844 3208 nunc
2868 3152 3080 3210 ratione
3092 3156 3360 3211 sermonis
3384 3164 3538 3211 eate-

240 3246 274 3288 a
301 3245 478 3288 carne
492 3228 863 3292 distraximus,
890 3227 986 3284 sed
1012 3235 1074 3282 ut
1117 3234 1324 3282 vestem
1351 3241 1382 3281 a
1410 3226 1636 3297 corpore
1669 3223 1841 3296 depo-

240 3321 460 3379 suimus
489 3331 537 3375 ιι.

319 3429 381 3485 6.
409 3427 562 3484 Nunc
588 3442 727 3498 opus
749 3435 852 3493 est,
879 3435 941 3482 ut
959 3441 1083 3497 quin
1103 3441 1231 3483 vere
1260 3435 1442 3483 nostra
1481 3436 1604 3484 sunt
1634 3429 1842 3500 depen-

244 3522 447 3578 damus
490 3519 622 3585 Deo,
654 3519 764 3575 hoc
782 3527 884 3583 est,
916 3534 1029 3584 cor,
1054 3527 1110 3574 et
1137 3520 1390 3587 animam,
1429 3529 1479 3574 et
1506 3538 1727 3594 corpora
1753 3540 1847 3578 no-

246 3621 362 3668 stra
404 3608 705 3665 exhibentes
732 3610 789 3664 in
834 3609 1057 3664 hostium
1097 3612 1259 3665 eiram
1289 3608 1336 3674 ιι,
1370 3619 1429 3666 ut
1455 3613 1715 3683 scriptum
1743 3620 1845 3679 est,

249 3703 734 3772 Domino,nosque
758 3702 903 3771 ipsos
927 3699 1254 3756 :edilicantes
1282 3702 1331 3757 ei
1356 3704 1406 3757 in
1439 3704 1697 3774 templum
1732 3720 1853 3760 san-

255 3802 411 3849 ctum
452 3790 465 3830 ί
499 3835 514 3860 ,
546 3792 597 3845 in
627 3792 744 3862 ipso
770 3791 945 3861 lapide
961 3792 1223 3861 angulari,
1249 3793 1341 3863 qui
1368 3793 1523 3849 nobis
1543 3794 1848 3851 sanctifica-

256 3885 431 3940 tionis
460 3891 659 3938 uostrre
690 3881 970 3937 famulam
1002 3882 1053 3936 in
1097 3884 1388 3953 semetipso
1420 3882 1601 3947 dedit,
1634 3892 1690 3939 et
1734 3886 1847 3939 ait:

259 3976 451 4031 Sancti
490 3984 670 4042 estote,
693 3977 934 4047 quoniam
963 3991 1055 4046 ego
1084 3985 1295 4029 sanctus
1321 3992 1434 4029 sum
1468 3975 1511 4028 i.
1545 3975 1673 4042 Quae
1697 3978 1855 4044 igitur

257 4066 419 4121 nobis
441 4068 633 4136 gratia,
657 4067 702 4122 si
733 4068 785 4121 in
818 4065 996 4120 alieno
1021 4073 1226 4119 tantum
1251 4064 1434 4120 fideles
1455 4066 1730 4133 fuerimus,
1754 4068 1856 4121 nisi

257 4156 325 4213 de
372 4159 602 4229 proprio
653 4157 985 4215 serviamus?
1013 4156 1064 4211 id
1109 4163 1223 4220 est,
1254 4156 1322 4211 de
1368 4156 1540 4212 libero
1566 4158 1857 4213 voluntatis

261 4256 515 4323 arbitrio,
543 4272 612 4312 ex
638 4264 754 4311 tuto
783 4255 948 4312 corde
977 4263 1199 4321 nostro,
1223 4261 1277 4309 et
1297 4268 1363 4309 ex
1386 4253 1512 4308 totis
1537 4254 1729 4307 anima:
1754 4268 1855 4308 no-

260 4354 411 4413 strm,
449 4355 508 4402 ut
555 4347 813 4418 scriptum
832 4355 916 4402 est
955 4345 1005 4414 ιτ,
1034 4345 1237 4400 viribus
1270 4347 1312 4378 ¹⁸
1338 4344 1621 4413 diligentes
1652 4343 1856 4400 Deum?

259 4437 316 4492 ln
346 4453 520 4507 quem
552 4454 650 4493 nos
680 4437 931 4493 allectum
963 4438 1175 4493 lacessit
1199 4440 1238 4471 ’θ
1261 4438 1542 4509 propheta,
1575 4438 1665 4507 qui
1686 4437 1850 4493 dicit:

1946 3252 2047 3293 nus
2073 3237 2378 3310 usurpanda
2427 3238 2640 3297 videtur
2665 3239 2891 3299 historia
2907 3283 2923 3310 ,
2954 3252 3221 3314 quatenus
3248 3245 3538 3315 imaginem

1945 3324 2280 3398 Evangeliczn
2309 3330 2685 3401 praeceptionis
2711 3340 2936 3403 operata
2962 3341 3076 3401 est,
3106 3344 3167 3390 ut
3193 3335 3289 3390 illo
3310 3336 3355 3367 "
3385 3336 3538 3392 vide-

1945 3420 2074 3477 licet
2101 3422 2351 3493 esemplo
2392 3421 2774 3492 intelligamus.
2806 3440 2918 3480 non
2946 3440 3107 3497 posse
3144 3442 3246 3484 nos
3272 3441 3393 3482 esse
3422 3427 3540 3483 ldo.

1948 3526 2081 3567 neos
2108 3512 2176 3567 ad
2203 3511 2661 3583 congrediendum
2697 3511 2849 3569 Deo:
2896 3516 2985 3572 cui
3022 3517 3208 3588 utique
3253 3518 3541 3587 congredi-

1949 3620 2089 3669 mur,
2112 3620 2233 3660 cum
2263 3606 2486 3661 verbum
2507 3604 2625 3675 ejus
2649 3602 2872 3680 isnplere
2889 3608 3130 3675 nitimur,
3153 3617 3212 3665 et
3233 3610 3288 3665 in
3315 3609 3544 3667 virtutes

1949 3693 2158 3753 divinas
2180 3697 2480 3757 imitatione
2506 3703 2675 3773 ipsius
2701 3703 2999 3776 prmvalere
3018 3718 3298 3759 conamur.
3330 3702 3540 3773 Itaque,

1952 3788 2020 3844 ad
2051 3792 2445 3862 corripiendam
2475 3796 2597 3853 vita:
2634 3798 2797 3865 viam,
2841 3797 3268 3869 capiendumque
3296 3796 3392 3852 Dei
3413 3813 3541 3853 ver-

1954 3887 2078 3944 hum
2109 3896 2164 3944 et
2193 3892 2587 3959 prmvalendum
2631 3905 2652 3933 τ
2685 3894 2740 3949 in
2762 3910 2999 3965 _regmnn
3027 3895 3291 3960 emtorum,
3335 3892 3480 3961 quod
3508 3908 3542 3945 α

1956 3977 2131 4033 diebus
2157 3978 2413 4037 Johannis
2442 3984 2542 4037 vim
2567 3986 2760 4053 patitur
2779 3992 2836 4039 et
2863 4000 2895 4036 a
2923 3983 3280 4053 diripientibus
3312 3991 3333 4017 ³
3353 3982 3547 4052 (d)ob-

1958 4071 2389 4138 tinetur,.idonei
2427 4089 2549 4128 esse
2586 4089 2694 4128 non
2724 4088 3037 4142 possumus,
3089 4073 3190 4126 nisi
3217 4072 3398 4126 omnia
3425 4084 3546 4139 quae

1958 4162 2041 4215 vel
2072 4176 2258 4216 amore
2286 4164 2381 4239 vel
2401 4179 2550 4229 cura,
2582 4164 2631 4219 si
2678 4165 2732 4219 iu
2762 4164 2955 4219 itinere
3001 4163 3156 4220 istius
3198 4162 3365 4218 seculi
3391 4163 3547 4217 nobis

1958 4252 2287 4317 adhmreant,
2320 4253 2623 4324 impediunt
2648 4263 2704 4311 et
2745 4254 3044 4321 retardant,
3086 4263 3213 4311 ante
3238 4255 3418 4311 obitus
3447 4269 3547 4310 no-

1958 4344 2054 4399 stri
2083 4359 2362 4414 vesperam
2393 4348 2779 4416 praemittamus
2803 4364 2817 4401 :
2842 4354 2898 4402 et
2917 4346 3043 4402 inde
3071 4349 3116 4379 ⁸³
3137 4361 3235 4418 per
3262 4354 3428 4401 totam
3456 4346 3549 4402 hu-

1953 4436 2041 4505 jus
2068 4438 2236 4493 seculi
2265 4446 2480 4501 noctem
2510 4437 2916 4510 apprehendere
2965 4448 3021 4494 et
3058 4447 3246 4494 tenere
3273 4436 3549 4493 Christum

272 4506 587 4583 Voluntarie
631 4528 934 4600 sacriﬁcabo
965 4528 1055 4583 tibi
1087 4528 1125 4584 '.
1158 4506 1276 4585 lloe
1304 4506 1449 4584 enim
1492 4506 1772 4601 acceptum
1800 4538 1855 4585 et
1885 4506 1933 4573 Ῐ)
1959 4529 2189 4591 sollicita
2207 4529 2528 4600 spiritalium
2544 4506 2769 4600 operum
2789 4545 2856 4586 ac
2876 4528 3177 4585 studiorum
3202 4529 3550 4585 contentione

261 4618 529 4688 placitum
561 4635 743 4675 coram
768 4620 897 4684 Deo,
931 4630 991 4674 ut
1019 4620 1206 4675 bonum
1234 4632 1463 4675 nostrum
1507 4625 1574 4676 sit
1620 4622 1852 4677 volunta-

264 4711 398 4765 rium
417 4720 463 4748 τυ
487 4728 499 4763 :
529 4720 793 4780 quatenus
813 4712 857 4744 ‘°
877 4712 1197 4782 recipiamus
1222 4727 1339 4782 qum
1368 4721 1550 4768 nostra
1580 4722 1722 4779 sunt,
1757 4728 1853 4785 pa-

263 4805 430 4859 radisi
467 4804 673 4859 scilicet
708 4804 925 4859 domum
947 4846 961 4871 ,
991 4813 1045 4858 et
1072 4805 1235 4857 vitam
1263 4813 1517 4858 aeternam
1538 4845 1552 4870 ,
1585 4806 1637 4859 in
1665 4805 1858 4873 quibus

264 4898 441 4954 creati
473 4912 657 4953 sumus
681 4915 693 4949 :
719 4912 879 4967 quam
907 4898 952 4952 si
979 4897 1046 4951 ab
1068 4896 1224 4967 hujus
1248 4903 1424 4962 terrm,
1448 4896 1500 4951 in
1522 4912 1683 4966 quam
1714 4897 1862 4954 dam-

264 4991 500 5047 natione
527 4990 859 5057 devenimus,
883 4990 1223 5060 possessione
1243 4989 1452 5059 purgati
1479 4992 1860 5060 receperimus,

340 5157 365 5182 ·
399 5146 551 5201 Psal.
593 5163 836 5211 Lxxxvn,
882 5144 935 5200 6.
1009 5144 1038 5185 δ
1076 5145 1216 5200 Psal.
1247 5161 1410 5208 um,
1460 5147 1512 5210 7,
1539 5157 1592 5202 ct
1618 5164 1831 5203 Lxxxvn
1855 5188 1870 5214 ,
1902 5147 1954 5202 6.

273 5217 290 5254 ί
321 5217 513 5271 Matth.
546 5233 657 5278 xu,
688 5215 777 5269 2|.

273 5217 290 5254 ί
321 5217 513 5271 Matth.
546 5233 657 5278 xu,
688 5215 777 5269 2|.
856 5228 879 5262 κ
910 5216 1088 5270 lTim.
1114 5233 1186 5281 vl,
1212 5216 1263 5269 7.
1339 5214 1365 5252 ⁸³
1398 5214 1554 5271 Rom.
1578 5234 1682 5283 xu,
1714 5219 1767 5272 l.

268 5285 358 5339 5'1.
455 5288 467 5323 ¹
505 5286 649 5339 Psal.
684 5303 794 5339 LIII.
828 5286 881 5339 8.
941 5297 978 5324 ιιι
1009 5286 1234 5339 Philem.
1269 5285 1354 5338 14.
1432 5295 1457 5322 ³⁸
1490 5286 1623 5339 Psal.
1651 5304 1767 5339 cxu

1847 5219 1861 5256 ί
1902 5217 2038 5287 Eph.
2069 5234 2126 5283 ll,
2148 5216 2240 5270 21.

455 5288 467 5323 ¹
505 5286 649 5341 Psal.
684 5303 794 5347 un,
828 5286 881 5341 8.
941 5297 978 5324 ιιι
1009 5286 1234 5340 Philem.
1269 5285 1354 5338 14.
1432 5295 1457 5322 ³⁸
1490 5286 1623 5342 Psal.
1651 5304 1791 5349 cxu,
1819 5288 1873 5342 6.

1963 4613 2265 4687 laetemur;
2315 4636 2417 4676 nec
2461 4620 2781 4677 divellamur
2826 4635 2859 4675 a
2887 4621 3115 4676 caritate
3164 4618 3384 4686 Christi,
3413 4620 3553 4674 sicut

1962 4711 2130 4767 Jacob
2171 4711 2240 4766 ab
2270 4711 2387 4781 ejus
2413 4711 2693 4781 amplexu,
2748 4712 2852 4767 nisi
2882 4721 3296 4782 extorqueamus
3334 4712 3555 4768 benedi-

1965 4807 2263 4862 ctionem‘.
2306 4798 2491 4875 Atque‘
2510 4806 2709 4860 utinam
2754 4804 2822 4860 ad
2859 4806 3112 4864 salutaris
3153 4807 3359 4877 insigne
3386 4805 3557 4864 lucta—

1966 4903 2146 4967 minis,
2176 4917 2401 4958 nervum
2438 4901 2659 4958 femoris
2690 4901 2858 4955 nostri
2887 4898 3187 4968 majestatis
3221 4912 3329 4953 sua:
3363 4897 3557 4951 timore

1971 4995 2263 5067 percutiat;
2294 5010 2402 5065 quo
2428 4996 2843 5065 obstupescente
2873 4990 3229 5047 infirmabitur
3251 4988 3419 5041 virtus
3447 5000 3559 5039 car.

2037 5160 2058 5187 ε
2091 5147 2270 5201 Colos.
2300 5164 2393 5211 ιιι,
2420 5147 2474 5201 5.
2550 5143 2574 5183 δ
2616 5144 2804 5201 Matth.
2844 5160 2959 5210 xu,
2987 5142 3078 5196 21.
3158 5151 3181 5178 ε
3211 5139 3356 5211 Cum
3384 5153 3470 5198 xv,
3502 5134 3556 5189 8.

2323 5220 2335 5266 l
2377 5208 2503 5270 Lev.
2537 5232 2610 5275 χι,
2635 5214 2723 5268 44.
2803 5212 2824 5251 ιε
2858 5208 3011 5267 Dent.
3039 5229 3107 5273 γι,
3132 5208 3375 5274 5;Matth
3427 5221 3555 5275 xsn,

1952 5274 1975 5325 ἶ)
2005 5288 2046 5341 ll
2077 5274 2214 5341 'l'ini.
2241 5304 2313 5344 ιι.
2340 5286 2395 5341 5.
2474 5298 2499 5337 ι)
2527 5274 2664 5342 Gen.
2700 5300 2863 5349 xxx",
2905 5282 2991 5338 24.
3070 5292 3095 5330 ει
3121 5280 3252 5332 an.
3285 5292 3438 5341 χχιιι,
3469 5274 3559 5332 21.

277 5367 295 5394 τ
334 5357 535 5411 Matth.
568 5372 639 5411 xu
663 5396 678 5423 ,
714 5357 799 5412 15.
880 5367 901 5395 ι
924 5356 1076 5428 ’LLuc.
1126 5372 1233 5420 xvi,
1267 5355 1352 5410 16.
1437 5360 1452 5393 ι
1486 5356 1624 5412 Gen.
1656 5374 1822 5421 χχχιι.
1864 5358 1954 5413 26.

346 5518 439 5590 (a)
450 5501 553 5590 ssc
571 5514 860 5590 mss.__Reg_.
890 5523 946 5590 et
964 5513 1119 5567 Vien.
1151 5511 1290 5590 Editi
1466 5523 1615 5569 terra:
1636 5516 1866 5569 seminis.

274 5584 380 5643 ms'.
413 5584 545 5642 'Vat.
573 5596 631 5642 et
655 5584 785 5641 edit.
812 5584 987 5647 Grin.,
1028 5584 1214 5637 terreni
1241 5584 1470 5636 seminis.

278 5728 307 5799 Ι
351 5660 434 5723 (b)
461 5656 537 5713 lta
585 5672 716 5712 mss.
753 5655 987 5711 codices
1035 5653 1165 5724 Reg.
1198 5663 1253 5707 et
1296 5652 1449 5709 Vien.
1485 5653 1540 5710 ln
1572 5654 1722 5723 aliis,
1771 5670 1867 5708 au-

300 5743 443 5782 srre.
1002 5780 1005 5783 ,

2047 5515 2116 5583 (c)
2142 5511 2217 5567 [ta
2249 5511 2509 5583 ms.Vien.
2536 5510 2593 5568 et
2620 5512 2704 5568 ed.
2734 5507 3041 5583 CrineAlii,
3070 5503 3434 5576 passionem...
3467 5518 3563 5558 03-.

1976 5580 2336 5653 torquendam.
2369 5582 2506 5637 Vide
2537 5584 2696 5653 paulo
2726 5580 2991 5650 superius.

2044 5643 2132 5726 (ἂι
2151 5652 2266 5708 Hoc
2281 5654 2501 5726 verbum
2524 5643 2821 5726 addidimus
2842 5663 2908 5726 ex
2932 5661 3037 5726 ms.
3066 5643 3216 5726 Vica.
3247 5644 3313 5726 ᾼι
3340 5660 3437 5699 ms.
3467 5658 3564 5701 co—

2013 5715 2076 5778 eit
2102 5715 2258 5794 Reg.,
2282 5739 2330 5776 rt
2355 5724 2545 5779 uetitur
2567 5731 2616 5777 et
2638 5738 2669 5774 α
2699 5715 3075 5791 diripientibus,
3101 5715 3294 5774 idonei.
