4078 6352
256 346 357 402 295

1612 335 1945 394 ειδιετοιΑ
1982 334 2158 391 XXIV.

3414 340 3517 396 295

264 455 401 520 1iin,
442 452 559 506 sine
600 465 665 505 eo
708 448 882 504 facere
926 462 1235 518 possumus;
1274 447 1399 518 quia
1445 450 1558 518 ipse
1594 456 1676 503 cst
1716 448 1830 502 ritis
1861 450 1908 509 Λ
1936 446 2021 499 tiae
2051 445 2075 481 ιι
2111 463 2124 498 :
2158 447 2376 502 mutatis
2420 445 2668 512 dominis,
2706 455 2762 502 et
2797 446 2971 502 studia
3011 440 3307 508 mutemus.-
3332 452 3517 524 Neque

258 560 368 599 sera
395 555 440 608 η,
470 549 525 595 et
573 555 670 595 nos
715 546 983 594 sarmenta
1025 538 1158 608 ejus.
1200 538 1258 594 Si
1298 539 1351 592 in
1391 538 1506 608 eius
1545 538 1830 595 dilectione

258 638 597 695 maneamus,
642 645 748 684 non
790 643 1127 693 arescemus,
1165 629 1406 683 viventes
1436 644 1596 684 succo
1641 630 1834 684 radicis

258 732 497 785 merum;
528 735 627 774 nec
655 719 723 773 ad
751 719 924 787 ignem
957 720 1352 789 amputabimur
1379 720 1475 784 ira,
1507 719 1600 774 sed
1626 720 1693 774 ad
1726 718 1834 773 fru-

257 818 394 865 ctum
423 807 733 878 putabimur
758 808 1061 879 disciplina,
1095 800 1357 878 purgante
1387 823 1486 862 nos
1514 809 1834 878 evangelica:

258 899 401 954 falcis
429 898 546 952 acie
578 914 591 950 :
625 905 683 951 ut
709 897 965 967 castigata
992 897 1203 953 luxurie
1241 899 1474 969 palmitis
1515 899 1683 953 nostri
1720 896 1833 951 fru-

259 994 492 1050 ctuosius
516 992 861 1062 pullulemus.

328 1083 485 1156 155
518 1082 601 1135 il.
633 1081 771 1151 Ergo
812 1083 1161 1139 inchoaturus
1188 1083 1564 1152 agriculturam
1594 1082 1646 1136 in
1684 1080 1839 1136 nobis

258 1188 406 1228 suam
434 1171 563 1225 dicit
587 1188 599 1223 :
626 1169 810 1242 Ignem
838 1173 949 1225 veni
977 1173 1175 1226 mittere
1193 1175 1247 1226 in
1270 1182 1459 1227 (errant
1491 1175 1516 1210 υ
1534 1187 1663 1241 ,quo
1693 1172 1841 1227 vide-

259 1266 378 1321 licet
399 1279 495 1319 cor
514 1271 757 1317 nostrum
788 1262 1023 1332 peccatis
1063 1262 1317 1326 obsitum,
1347 1262 1501 1331 quasi
1529 1276 1713 1329 agrum
1734 1261 1845 1331 spi-

258 1354 335 1407 iis
360 1352 664 1419 horridum,
688 1359 899 1421 purget,
924 1366 1086 1405 urens
1116 1366 1213 1406 nos
1247 1351 1300 1405 in
1331 1351 1489 1416 vitiis,
1529 1358 1585 1406 et
1631 1350 1684 1404 in
1716 1365 1843 1404 sen-

259 1444 402 1499 sibus
430 1443 712 1496 luminans.
740 1441 1102 1511 Veterumque
1134 1442 1186 1495 in
1228 1441 1381 1496 nobis
1406 1448 1618 1495 actuum
1649 1440 1844 1508 stirpes

259 1531 474 1586 salutari
504 1529 583 1603 (a)
615 1530 748 1585 falce
788 1531 907 1600 pius
932 1530 1109 1585 cultor
1130 1533 1445 1600 insequitur,
1480 1538 1537 1583 ut
1575 1529 1844 1583 residuam

258 1622 451 1676 messis
477 1628 702 1675 vetusta:
739 1621 988 1691 stipulam
1031 1636 1208 1676 sermo
1248 1621 1445 1687 ignitus
1473 1618 1732 1674 accendat
1761 1618 1841 1676 ³³»

259 1724 308 1767 et
329 1712 567 1765 animam
595 1719 834 1795 nostram
860 1712 1012 1781 quasi
1033 1727 1275 1781 campum
1307 1724 1459 1765 novae
1487 1709 1682 1763 sationi
1712 1722 1849 1778 prae-

1936 535 2077 590 enim
2126 543 2218 589 aut
2259 537 2571 592 servitutem
2630 540 2674 573 ³³
2715 549 2807 594 aut
2855 540 3158 596 libertatem
3198 542 3518 612 deponimus

1934 625 2353 680 commutatione
2389 627 2758 695 dominorum;
2810 629 2907 684 sed
2959 641 3160 686 tantum
3209 633 3515 690 felicitatem

1935 712 2278 781 acquirimus,
2310 722 2365 769 et
2404 716 2661 772 servitute
2696 718 2750 772 in
2795 720 2985 774 melius
3026 728 3080 773 et
3116 721 3359 777 libertate
3401 739 3518 778 mu-

1937 810 2068 868 tata,
2099 805 2314 873 quando
2358 806 2627 861 vinculum
2667 808 2959 880 iniquitatis
3001 811 3157 883 156
3181 816 3515 884 rumpimus;

1937 903 1993 950 et
2029 895 2249 964 iustitia:
2270 896 2400 968 jugo
2443 899 2741 968 subdimur,
2789 916 2853 957 ac
2897 902 3080 958 divino
3109 905 3303 960 timore
3343 906 3520 962 frena-

1939 998 2075 1049 mur,
2108 985 2422 1055 incipientes
2464 1001 2617 1041 versa
2664 988 2718 1042 in
2764 988 3025 1045 directum
3073 992 3155 1046 via
3206 995 3357 1050 liberi
3403 1010 3522 1051 esse

1939 1084 2184 1147 peccato,
2215 1078 2301 1132 cui
2329 1079 2691 1135 serviebamus
2716 1080 2767 1134 in
2789 1080 3036 1136 libertate
3064 1082 3279 1149 misera,
3305 1084 3523 1152 justiti-.e

1941 1169 2284 1225 rebellantes.

2015 1258 2103 1313 i3.
2155 1258 2305 1314 Nunc
2350 1259 2513 1329 igitur
2548 1260 2778 1316 vicissim
2833 1260 2946 1316 Deo
2990 1262 3130 1316 servi
3173 1261 3249 1328 “,
3295 1271 3351 1317 et
3398 1264 3525 1319 huic

1944 1348 2145 1403 mundo
2174 1348 2420 1412 rebelles,
2453 1350 2780 1418 ingredimur
2807 1364 3030 1419 agonem
3056 1370 3070 1416 ;
3117 1358 3169 1405 et
3201 1351 3404 1425 ipsum,
3438 1351 3525 1407 cui

1944 1437 2329 1504 serviebamus,
2356 1435 2565 1492 hostem
2596 1437 2717 1493 freti
2743 1438 2970 1495 Domino
3008 1455 3383 1511 provocamus.
3417 1443 3521 1499 Re-

1944 1529 2223 1596 cognoscis
2251 1528 2520 1600 profecto,
2562 1531 2635 1585 mi
2666 1532 2847 1598 irater,
2874 1548 2997 1586 nam
3030 1534 3101 1602 (ε)
3132 1543 3351 1604 experta
3381 1552 3530 1591 com-

1947 1619 2180 1674 muniter
2202 1628 2257 1673 ut
2279 1620 2627 1675 commilitoni
2668 1621 2877 1690 loquor,
2920 1629 3117 1690 quanta
3147 1624 3301 1678 nobis
3328 1623 3532 1680 discor-

1946 1709 2056 1775 dia,
2098 1718 2153 1764 et
2192 1718 2423 1778 quantus
2452 1718 2536 1764 est
2562 1710 2733 1764 hostis
2779 1711 2830 1764 in
2873 1712 3027 1765 nobis
3053 1753 3067 1778 ,
3116 1729 3220 1765 non
3267 1714 3443 1767 carnis
3476 1721 3532 1768 et

258 1809 451 1870 paret;
495 1801 586 1870 qui
623 1801 797 1854 laetam
837 1803 1093 1857 virtutum
1143 1810 1400 1871 segetem,
1433 1802 1717 1858 eradicatis
1746 1803 1850 1857 im-
1879 1813 1929 1874 Β
1952 1801 2243 1869 sanguinis,
2276 1800 2370 1854 sed
2401 1799 2737 1855 invisibilium
2773 1808 3116 1870 potestatum,
3150 1809 3206 1855 et
3242 1802 3308 1873 (f)
3340 1803 3530 1870 nequi-

258 1904 445 1961 presso
483 1890 648 1944 divini
689 1891 840 1945 verbi
883 1905 1101 1947 vomere
1146 1891 1342 1961 spinis,
1391 1891 1527 1945 liber
1568 1889 1837 1958 effundat,

258 1979 554 2048 dignasque
600 1979 647 2011 ³³
691 1980 1001 2035 caelestibus
1047 1981 1255 2035 horreis
1299 1980 1477 2048 fruges
1506 2022 1521 2047 ,
1562 1990 1841 2053 perempta

259 2072 561 2142 graminum
585 2073 868 2128 noxiorum
893 2074 1082 2145 stirpe,
1104 2073 1437 2146 multiplicet.
1463 2072 1567 2129 Sed
1586 2074 1710 2144 quia
1733 2089 1841 2130 non

259 2163 585 2235 agricultura
620 2166 826 2221 tantum
849 2207 864 2232 ,
913 2166 1007 2221 sed
1044 2165 1324 2221 tediiicatio
1354 2166 1447 2220 Dei
1485 2181 1670 2220 smnus
1693 2207 1709 2233 ,
1749 2165 1843 2236 qui

259 2258 432 2325 gratia
461 2258 506 2289 ³⁸
535 2264 590 2312 et
634 2256 828 2327 spiritu
865 2254 982 2325 ejus
1020 2270 1084 2310 ac
1116 2257 1280 2311 verbo
1323 2256 1553 2311 colimur
1589 2263 1645 2311 et
1671 2256 1843 2311 strui-

260 2362 386 2403 ιιιιιι⁵
417 2359 474 2415 ε;
502 2346 867 2402 aaditicaturus
894 2360 993 2402 nos
1029 2360 1096 2400 eo
1123 2345 1335 2410 itinere,
1375 2361 1483 2416 quo
1510 2352 1632 2416 post
1657 2359 1715 2401 se
1741 2359 1843 2400 vo-

262 2444 372 2502 cat,
405 2436 507 2491 isto
534 2450 698 2506 opere
736 2442 1022 2505 praeparat,
1051 2449 1160 2505 quo
1192 2434 1422 2490 venditis
1448 2435 1609 2491 rebus
1638 2434 1844 2491 absolvi

261 2526 416 2595 prius
433 2526 658 2581 suadet:
688 2539 915 2594 quarum
936 2539 1066 2579 cura
1092 2524 1177 2579 vel
1198 2538 1350 2578 amor
1369 2526 1622 2593 quoniam
1649 2525 1847 2579 mentis

262 2615 434 2684 ipsius
461 2614 535 2688 (lt)
565 2613 888 2685 praestringit
915 2612 1106 2679 aciem,
1147 2621 1204 2668 et
1242 2613 1475 2667 animam
1521 2614 1590 2667 ab
1627 2614 1849 2668 interio-

262 2702 418 2758 ribus
469 2703 579 2758 suis
627 2701 915 2758 abduetam
954 2701 1022 2756 ad
1066 2701 1340 2757 exteriora
1385 2701 1665 2766 sollicitat,
1721 2701 1854 2755 dicit

261 2793 433 2849 etiam
460 2793 616 2847 nobis
644 2806 741 2862 per
785 2791 1142 2862 prophetam:
1182 2790 1379 2844 Vaeate
1421 2799 1470 2843 et
1509 2789 1692 2853 videte,
1723 2806 1854 2861 quo.

269 2885 424 2938 niam
448 2900 542 2954 ego
561 2900 673 2938 sum
706 2883 958 2938 Dominus
987 2883 1031 2916 "
1054 2885 1101 2937 ά.
1127 2882 1318 2941 Nonne
1346 2891 1401 2938 et
1419 2882 1505 2937 hic
1529 2883 1741 2938 videtur
1767 2883 1853 2939 di-

263 2989 400 3030 cere
432 2992 445 3026 :
475 2974 597 3029 Non
647 2978 858 3048 potestis
904 2975 1099 3031 duobus
1147 2976 1368 3030 dominis
1412 2976 1602 3031 servire
1647 2977 1853 3033 °iN0n

263 3064 417 3120 enim
450 3065 623 3119 otium
668 3066 824 3121 nobis
868 3064 1060 3121 suadet
1096 3066 1201 3121 hoc
1241 3066 1425 3132 verbo,
1457 3066 1549 3135 qui
1594 3067 1855 3121 instanter

1945 1891 2048 1953 tim,
2092 1898 2151 1944 ut
2198 1889 2486 1960 Apostolus
2523 1890 2598 1943 ait
2630 1889 2673 1957 ί,
2702 1890 2976 1959 spiritalis,
3017 1890 3208 1958 quibus
3237 1891 3531 1944 carnalium

1942 1978 2191 2034 vitiorum
2234 1977 2528 2034 ministeria
2561 1978 2639 2051 (g)
2670 1977 2973 2048 coniurant.
3011 1976 3163 2032 Unde
3191 1985 3246 2031 et
3274 1979 3532 2048 principes

1942 2069 2313 2127 tenebrarumi
2354 2070 2642 2136 dicuntur,
2685 2070 2811 2139 quia
2866 2067 3160 2125 secundum
3216 2068 3532 2138 Apostolum

1941 2165 2177 2220 tenebrat
2206 2163 2543 2234 appellantur
2568 2171 2903 2233 peccatores,
2932 2160 3144 2231 quibus,
3178 2167 3236 2215 ut
3268 2160 3349 2215 sui
3378 2161 3532 2216 simi-

1940 2253 2098 2319 libus,
2128 2252 2388 2308 dtcmonia
2410 2252 2796 2324 principantur.
2830 2252 2935 2306 Sed
2957 2260 3012 2306 et
3042 2259 3153 2306 tota
3179 2252 3328 2322 hujus
3353 2250 3534 2309 mandi

1941 2345 2132 2416 figura,
2163 2357 2283 2413 qua:
2310 2344 2539 2414 prwterit
2569 2342 2615 2410 ι,
2642 2351 2697 2399 et
2717 2358 2816 2414 per
2841 2343 3029 2398 oculos
3056 2341 3218 2398 corda
3248 2343 3533 2413 prolectat,

1942 2435 2195 2493 zabulicis
2223 2444 2482 2511 prattenta
2512 2434 2732 2499 retibus,
2774 2433 2829 2488 in
2872 2432 3110 2503 qualibet
3130 2432 3212 2487 sui
3243 2434 3422 2503 specie
3450 2433 3535 2487 la-

1944 2542 2112 2598 queus
2140 2527 2334 2582 mentis
2389 2534 2445 2581 et
2486 2525 2694 2594 gladius
2740 2530 2841 2578 est.
2869 2521 3186 2577 ~Credamns
3233 2521 3535 2591 prophetae,

1946 2615 2071 2685 quia
2107 2615 2161 2669 in
2212 2613 2389 2668 medio
2432 2612 2851 2682 muscipularum
2900 2610 3255 2673 ambulamus,
3296 2617 3351 2663 et
3398 2610 3559 2663 inter-

1950 2710 2170 2773 opertos
2197 2702 2445 2757 letalibus
2474 2701 2613 2756 dolis
2640 2699 2846 2768 gladios
2871 2699 2980 2753 vita
3022 2698 3335 2766 transigitur
3362 2697 3403 2751 ι.
3430 2698 3539 2753 Ex—

1951 2791 2082 2861 cipit
2111 2804 2211 2845 nos
2237 2788 2465 2843 mundus
2501 2788 2603 2843 iste
2643 2788 2807 2842 variis
2848 2786 3210 2857 voluptatibus
3237 2785 3452 2854 florens,
3483 2798 3538 2844 et

1954 2878 2257 2935 fallentibus
2284 2883 2576 2931 venenatus
2606 2875 2895 2931 illecebris.
2926 2875 3135 2945 Excipit
3164 2892 3263 2930 nos
3291 2877 3534 2933 innume-

1954 2975 2028 3030 ris
2054 2972 2242 3041 anguis
2281 2971 2503 3037 insidiis,
2556 2972 2639 3025 cui
2682 2972 2893 3026 nomina
2931 2969 3087 3033 mille,
3134 2967 3277 3021 mille
3320 2969 3537 3023 nocendi

1953 3078 2092 3123 artes
2122 3083 2141 3121 :
2172 3082 2234 3122 ac
2260 3081 2401 3138 saepe
2440 3074 2627 3137 aperto
2657 3065 2952 3121 certamine
2988 3063 3253 3117 violentus
3291 3060 3537 3128 aggredi-

260 3167 430 3208 orare
449 3162 505 3208 et
528 3154 751 3222 vigilare
769 3170 868 3210 nos
893 3162 1098 3220 monet,
1132 3169 1202 3209 ne
1229 3155 1491 3209 intremus
1511 3155 1565 3209 in
1597 3155 1851 3211 tentatio-
1877 3166 1921 3228 (ζ
1954 3165 2056 3223 tur,
2086 3164 2142 3212 et
2169 3155 2517 3211 candentibus
2540 3155 2675 3225 petit
2700 3154 2838 3218 telis,
2868 3152 2910 3208 si
2941 3152 3227 3207 latentibus
3256 3166 3361 3204 non
3392 3150 3534 3219 capit

261 3258 394 3298 nem
430 3244 448 3281 τ
473 3259 488 3308 ;
518 3242 613 3298 sed
658 3258 854 3298 vacare
901 3258 934 3297 a
984 3243 1184 3308 seculo,
1241 3250 1300 3297 ut
1348 3258 1676 3313 occupemur
1717 3244 1847 3310 sibi;

262 3347 462 3389 vacare
511 3332 579 3387 ab
622 3332 707 3386 his
752 3332 981 3400 negotiis
1002 3369 1018 3396 ,
1068 3333 1263 3401 quibus
1314 3332 1570 3403 implicati
1616 3335 1852 3390 otiamur

263 3422 382 3478 Deo
418 3431 465 3476 ε.

337 3510 427 3566 12.
473 3508 659 3579 Itaque
697 3509 985 3565 novitatem
1036 3510 1157 3566 vitm
1194 3511 1249 3566 in
1291 3511 1446 3569 nobis
1484 3514 1845 3585 aediﬁcantes,

264 3616 486 3659 necesse
513 3609 595 3657 est
632 3609 692 3657 ut
729 3608 1051 3657 vetustatem
1089 3601 1444 3672 destruamus,
1476 3614 1532 3661 et
1574 3606 1699 3676 quia
1725 3610 1849 3663 nul-

264 3691 377 3748 lum
406 3692 643 3748 tenebris
660 3708 782 3748 cum
814 3692 1032 3759 lumine,
1064 3700 1120 3749 et
1144 3709 1465 3752 mammonae
1492 3711 1612 3752 cum
1635 3698 1849 3755 Christo

264 3789 448 3852 potest
474 3796 592 3837 esse
617 3784 1016 3848 commercium,
1051 3784 1123 3855 (c)
1157 3790 1374 3855 oportet
1403 3795 1460 3841 ut
1483 3788 1635 3843 novis
1661 3799 1846 3847 vetera

268 3877 564 3936 mutemus;
591 3879 648 3925 et
690 3872 1058 3941 occupationis
1096 3874 1299 3943 pariter
1336 3890 1400 3930 ac
1433 3878 1731 3934 vacationis
1757 3894 1853 3950 ge-

271 3972 398 4012 nere
434 3973 714 4023 converso,
765 3960 1116 4030 implicemur,
1166 3963 1359 4030 quibus
1413 3967 1752 4034 vacavimus;
1795 3978 1853 4024 et

273 4053 504 4109 vicissim
535 4054 579 4087 ⁸³
618 4070 901 4119 vacemus,
934 4056 1129 4126 quibus
1171 4055 1366 4111 fuimus
1400 4057 1657 4128 implicati
1686 4079 1698 4113 :
1732 4077 1849 4117 mo-

270 4144 490 4208 riamur,
518 4145 708 4213 quibus
739 4144 995 4211 viximus;
1025 4152 1080 4199 et
1103 4144 1339 4200 vivamus
1358 4147 1591 4201 vicissim
1613 4149 1697 4204 his
1722 4166 1853 4219 ope-

271 4235 418 4290 ribus
459 4250 523 4291 ac
558 4235 747 4291 studiis
775 4277 790 4302 ,
820 4235 1015 4303 quibus
1060 4234 1258 4288 mortui
1305 4232 1499 4290 fuimus
1533 4253 1545 4289 :
1594 4253 1716 4291 cum
1770 4239 1849 4309 (ά)

272 4324 401 4390 vivi,
443 4338 683 4379 essemus
710 4323 947 4387 mortui;
975 4330 1032 4378 et
1057 4323 1434 4380 mortiiicantia
1483 4334 1748 4394 gerentes,
1798 4329 1852 4384 in

272 4413 500 4468 mortuis
534 4415 854 4468 viveremus.
898 4410 1048 4468 Unde
1087 4422 1304 4470 sanctus
1344 4414 1594 4485 Magister
1622 4418 1715 4489 (V.
1760 4435 1847 4492 ep.

1952 3245 2176 3315 laqueis.
2229 3246 2447 3317 Sagitta
2484 3244 2626 3300 enim
2657 3244 2734 3315 (It)
2779 3245 3000 3313 potentis
3041 3249 3206 3303 uentre
3252 3254 3374 3294 eam
3413 3257 3534 3293 cor-

1950 3333 2162 3389 bonibus
2181 3334 2556 3389 desolatoriisIn
2590 3351 2603 3386 :
2635 3346 2755 3403 quso
2782 3331 3029 3387 videlicet
3073 3331 3249 3385 noxiis
3276 3330 3536 3399 cupidita-

1949 3433 2061 3480 tum
2090 3422 2300 3493 ignibus
2326 3424 2559 3479 animam
2586 3431 2824 3477 nostram
2853 3429 3130 3491 perorant,
3172 3428 3226 3475 et
3250 3435 3281 3473 ιι
3303 3419 3535 3489 Spiritus

1948 3521 2117 3575 sancti
2144 3520 2478 3574 habitatione
2522 3517 2785 3572 desolent.
2837 3514 2990 3580 Quod
3036 3530 3156 3570 cum
3208 3514 3420 3580 accidit,
3451 3515 3535 3570 di-

1950 3611 2089 3666 versi
2119 3625 2218 3666 uos
2246 3610 2489 3680 hospites
2525 3608 2773 3669 subeunt,
2819 3615 2873 3660 et
2921 3603 3053 3659 fiunt
3084 3605 3284 3658 inimici
3313 3603 3535 3661 hominis
3570 3610 3571 3613 ‘

1949 3700 2215 3755 domestici
2244 3701 2357 3771 ejus
2392 3707 2420 3735 ιι
2448 3697 2579 3767 :qui
2625 3711 2766 3774 nunc
2794 3694 3102 3749 ambitionis
3139 3705 3300 3749 vento
3327 3694 3529 3774 inﬂant,

1950 3807 2092 3846 nunc
2113 3791 2390 3846 libidinum
2423 3787 2567 3844 faces
2595 3773 2900 3851 admovent,
2946 3802 3086 3842 nunc
3123 3786 3361 3841 avaritizc
3388 3773 3533 3841 cate-

1951 3883 2034 3937 nis
2054 3882 2289 3949 alligant.
2315 3880 2444 3947 Quae
2469 3894 2574 3934 una
2594 3878 2842 3934 omnibus
2863 3885 3065 3931 armata
3089 3876 3418 3939 criminibus,
3447 3875 3533 3929 vel

1950 3973 1995 4026 si
2016 3971 2130 4026 sola
2158 3985 2258 4025 nos
2282 3969 2478 4040 capiat,
2509 3974 2567 4023 et
2593 3967 2784 4022 zabulo
2825 3966 2890 4019 ad
2930 3965 3206 4027 malitiam,
3250 3972 3305 4017 et
3332 3963 3534 4017 homini

1952 4058 2019 4112 ad
2045 4066 2272 4112 mortem
2297 4058 2493 4112 suilicit

2025 4145 2111 4201 i4.
2142 4146 2279 4212 Quid
2304 4160 2434 4213 ergo
2462 4144 2574 4212 agis
2619 4142 2804 4196 infelix
2831 4141 3017 4205 homo,
3037 4141 3176 4193 inter
3200 4146 3379 4192 tantos
3408 4138 3534 4192 mis-

1953 4257 2044 4297 sus
2066 4242 2221 4313 (forte
2247 4240 2458 4310 mistus)
2488 4239 2672 4292 hostes
2691 4236 2715 4289 ξ
2734 4232 3007 4303 quomodo
3036 4231 3355 4302 repugnabis
3384 4229 3534 4285 inlir-

1953 4346 2073 4387 mus
2117 4328 2362 4395 fortibus,
2400 4324 2619 4381 armatis
2665 4321 2920 4377 inermis?
2960 4320 3166 4377 Clamat
3210 4320 3398 4375 beatus
3434 4320 3538 4374 Jab

1954 4423 2135 4479 multis
2155 4420 2327 4477 zabuli
2351 4418 2470 4474 telis
2498 4416 2615 4472 sine
2632 4413 2810 4471 cordis
2837 4414 3055 4470 vulnere
3081 4414 3349 4471 sauciatus
3375 4431 3390 4467 :
3420 4410 3537 4465 Nn-

272 4501 357 4570 23,
391 4520 446 4558 ιι.
484 4502 569 4569 ii,
600 4512 654 4558 et
682 4503 770 4568 57,
813 4518 868 4557 ιι.
898 4502 954 4573 5)
995 4503 1285 4558 humanum
1326 4511 1381 4559 et
1421 4519 1632 4575 aequum
1662 4519 1850 4578 postu-
1880 4528 1930 4589 ι)
1954 4514 2050 4568 dus
2070 4512 2203 4567 exivi
2234 4510 2296 4564 de
2314 4519 2459 4564 utero
2486 4508 2669 4561 matris
2693 4520 2820 4559 mea!
2845 4514 2869 4541 ο
2897 4523 2909 4557 :
2943 4503 3070 4571 Quis
3092 4518 3219 4573 ergo
3249 4519 3334 4558 me
3361 4516 3536 4558 arma-

274 4593 365 4659 lat,
392 4602 451 4648 ut
473 4594 611 4649 sicut
638 4592 977 4648 exhibuimus
1022 4595 1264 4649 membra
1303 4604 1484 4651 nostra
1517 4599 1718 4656 servire
1746 4603 1846 4659 ini-

274 4684 487 4753 quitati,
518 4684 591 4737 ita
636 4699 781 4738 nunc
821 4682 1165 4739 exhibeamus
1204 4683 1392 4740 eadem
1428 4687 1851 4763 ministrajusu-

1952 4606 2031 4663 bit
2057 4608 2247 4661 co..tra
2274 4608 2356 4656 tot
2392 4598 2601 4668 agmina
2633 4598 2693 4668 (i)
2719 4595 2889 4651 hostis
2941 4595 3095 4664 aerii,
3143 4610 3210 4650 ne
3258 4595 3445 4656 nudus,
3478 4600 3537 4649 ut

1950 4698 2093 4763 veni,
2132 4700 2357 4750 reuertar
2396 4692 2450 4745 in
2501 4687 2736 4742 terram?
2778 4686 2915 4743 Ecce
2961 4687 3187 4757 respiro,
3237 4683 3534 4746 confertur,

343 4827 368 4856 ι
386 4819 630 4900 Joh.“xv,
655 4817 709 4872 5.
786 4816 956 4900 'tnLuel.
981 4817 1176 4900 1531,49.
1256 4830 1277 4859 ο
1295 4817 1474 4900 _I_Cor.
1501 4840 1573 4900 t_t_t,
1593 4824 1651 4900 _7;
1684 4826 1822 4900 Eph.

1948 4831 2023 4886 ιι.
2098 4829 2125 4867 ά
2148 4826 2290 4900 Psal_.
2322 4823 2564 4900 “vuig.
2643 4831 2667 4860 α
2697 4819 2885 4900 Matth.
2917 4835 2994 4900 vi,
3023 4816 3108 4900 23.
3148 4889 3159 4900 _
3191 4816 3209 4855 τ
3245 4815 3372 4873 Luc.
3405 4832 3534 4900 xxii,

277 4887 359 4943 40.
435 4898 463 4963 ε
506 4890 661 4963 lium.
704 4904 774 4953 γι,
929 4887 1143 4963 bunum.
1174 4906 1249 4958 vt,
1289 4889 1375 4963 15.
1461 4896 1476 4930 ι
1508 4887 1647 4963 Eph.
1677 4887 1748 4961 νιξ
1779 4902 1846 4956 i2

1948 4905 1960 4953 i
2000 4901 2136 4963 Epit.
2168 4915 2220 4963 v,
2262 4894 2316 4949 8.
2391 4887 2474 4947 llVl
2514 4893 2639 4963 Cpr.
2671 4889 2902 4963 vu_,_3|.

2981 4888 2998 4927 ι
3042 4889 3180 4943 Psal.
3230 4903 3358 4953 χιιι,
3397 4885 3449 4951 4,
3482 4894 3538 4941 et

278 4975 402 5025 xxx,
433 4957 496 5028 5,
525 4959 651 5029 Sap.
684 4975 793 5023 xw,
822 4958 881 5012 ii
910 4976 925 5024 ;
955 4956 1122 5014 Eccli.
1167 4956 1255 5025 Ix,
1285 4959 1372 5014 20.
1450 4973 1488 4999 ω
1518 4956 1656 5019 Psal.
1689 4956 1833 5038 cxtx,

1987 4982 2014 5008 ιι
2043 4956 2231 5024 Matth.
2258 4982 2310 5030 x,
2335 4963 2422 5019 36.
2501 4973 2525 4999 ι·
2546 4961 2647 5018 Job
2670 4978 2706 5024 ι,
2738 4960 2826 5015 2i.

368 5122 424 5194 α)
461 5120 541 5204 ita
567 5120 831 5204 ms;'li_eg.
862 5128 918 5177 et
943 5120 1069 5204 editi
1095 5118 1245 5204 (irin.
1275 5128 1331 5177 et
1369 5122 1553 5181 Schot.
1586 5126 1688 5183 Alii
1717 5130 1851 5201 face,

280 5191 787 5263 minusbene._Vide
815 5191 1166 5262 prtecedentia
1194 5201 1247 5247 et
1273 5208 1422 5263 seqq.

372 5262 426 5332 ὁ)
464 5261 567 5333 Ms.-
605 5261 775 5333 Vienji,
808 5261 1121 5333 perstringit.

372 5266 426 5332 ὁ)
464 5266 567 5315 Ms.-
605 5266 775 5326 Vien.,
808 5266 1121 5333 perstringit.

347 5266 420 5406 Σο)
458 5331 552 5387 Sic
577 5347 676 5386 ms.
702 5331 853 5386 Vien.
884 5338 1090 5386 mutato
1114 5330 1142 5383 b
1168 5332 1221 5385 in
1249 5347 1298 5386 u.
1332 5331 1494 5402 Editi,
1524 5336 1729 5407 expedit
1753 5354 1850 5393 no-

315 5406 356 5459 is
401 5411 458 5455 nt
497 5410 666 5456 cetera
710 5402 940 5456 vitemus.
984 5400 1081 5454 Ms.
1126 5400 1279 5461 Rem.
1305 5413 1523 5461 oportet.
1546 5415 1677 5461 εις..
1710 5409 1849 5461 utin

281 5404 365 5459 bis
401 5411 458 5455 at
497 5410 666 5456 cetera
710 5404 940 5456 vitemus.
984 5404 1081 5454 Ms.
1126 5404 1279 5470 Reg.,
1305 5413 1523 5474 oportet,
1546 5404 1677 5472 etc.,
1710 5416 1769 5461 ut
1795 5409 1849 5463 in

280 5473 474 5554 editis._
502 5470 754 5525 Paulinus
796 5471 1026 5554 videtur.
1058 5473 1329 5554 scripsisse
1392 5475 1534 5554 quod
1554 5544 1567 5554 .
1587 5476 1656 5554 _in
1707 5486 1854 5554 te§tu

282 5542 600 5599 inseruimus
647 5560 660 5594 :
711 5542 1064 5612 praecedentia
1115 5549 1170 5595 et
1221 5545 1497 5612 sequentia
1552 5544 1604 5600 id
1657 5547 1854 5604 contir-

283 5622 546 5755 ωῗᾶξίω
571 5697 668 5737 ms.
697 5681 844 5737 Vien.
876 5681 980 5755 Alii
999 5680 1235 5755 codices,
1263 5682 1506 5741 vivorum.

354 5751 424 5825 (c)
459 5752 549 5809 Sic
569 5767 693 5807 mss.
720 5760 847 5808 tres.
875 5751 1033 5818 Editi,
1060 5758 1287 5823 experto.

2031 5127 2097 5201 (f)
2136 5125 2213 5182 ita
2243 5142 2368 5183 mss.
2402 5124 2631 5182 codices.
2672 5120 2835 5187 Editi,
2875 5123 3284 5194 ttequitiarum...
3325 5118 3535 5189 spirita-

1955 5199 2099 5254 lium.

2027 5270 2102 5340 (g)
2142 5266 2240 5340 Ms.
2272 5265 2794 5340 Vien.,£ont_ingant.
2915 5331 2930 5340 _
2983 5329 3022 5340 _
3073 5329 3089 5340 _
3241 5334 3252 5340 _
3325 5332 3338 5340 _
3384 5339 3389 5340 γ
3446 5322 3501 5340 Ν

2047 5271 2102 5340 g)
2142 5271 2240 5323 Ms.
2274 5271 2450 5334 Vien.,
2478 5271 2794 5335 contingant.
3490 5324 3501 5335 .

2026 5271 2104 5411 ili)
2143 5334 2240 5411 Ms.
2272 5334 2439 5411 codex
2470 5334 2667 5411 Regius
2705 5349 2826 5389 cum
2860 5331 2957 5411 ed.
2983 5329 3134 5411 Bad.,
3166 5332 3416 5411 potentes.
3442 5322 3561 5411 Sic,

1954 5396 2279 5488 Augustinus
2316 5406 2384 5488 ad
2427 5396 2730 5488 psalgxmv,
2764 5420 2816 5456 v.
2856 5400 2908 5466 6,
2935 5400 3086 5488 juxta
3130 5396 3536 5488 tricliniisﬁofc

1951 5473 2079 5531 mss.
2110 5475 2320 5531 codices
2348 5473 2495 5541 legit,
2529 5474 2747 5544 Sagitta:
2766 5482 2875 5544 tua;
2919 5477 3103 5544 acutis,
3126 5473 3533 5544 potentissimae;

1949 5548 2135 5630 sicque
2379 5534 2727 5614 Augustinum
2758 5540 2910 5595 facile
2940 5552 3020 5592 ex
3070 5534 3181 5605 ipsa
3217 5534 3535 5604 interpreta-

1950 5616 2098 5673 tione
2122 5616 2404 5684 intelligas.
3406 5673 3419 5686 .

2022 5688 2084 5757 (i)
2122 5685 2292 5757 idest
2317 5683 2531 5740 diaboli.
2576 5681 2710 5738 Vide
2749 5677 2946 5749 Ephes.
2978 5692 3037 5742 ιι,
3067 5691 3119 5730 v.
3153 5672 3211 5743 2,
3234 5673 3558 5747 sprinapenr

1952 5755 2087 5811 aeris
2110 5755 2258 5829 hujus
