4078 6352
528 307 637 362 295

1652 296 1716 355 S.
1752 294 2033 351 I’AL'LN
2075 293 2326 350 NGLANI
2367 294 2668 359 EPISCOPI

3708 305 3815 361 296

528 420 785 488 adsurgo.
818 418 894 488 (α)
927 414 1178 471 Dominus
1216 410 1526 467 illuminatio
1562 427 1711 473 mea,
1745 409 2011 469 .Dominus
2036 409 2122 462 'le-
2155 408 2207 466 A
2231 407 2481 472 scissura,
2507 417 2565 462 ut
2593 408 2731 497 idem
2767 410 2925 487 158
2960 412 3057 477 ait,
3083 412 3135 466 in
3175 428 3403 484 corpore
3432 428 3553 471 esse
3579 431 3817 497 nonpo-

403 540 418 553 ι
530 512 708 583 [ensor
733 508 853 562 vita.
876 521 1003 559 mere
1024 521 1041 558 :
1063 506 1109 558 si
1136 503 1418 556 consistant
1453 503 1605 573 157
1636 501 1878 557 adversus
1908 518 1988 555 me
2024 517 2116 554 ca-

527 607 660 664 stra,
685 614 786 651 non
817 592 1009 649 timebit
1032 608 1120 646 cor
1146 606 1313 644 meum
1336 599 1384 644 ει.
1424 588 1532 646 Nec
1563 592 1605 645 si
1636 591 1865 660 propria:
1886 591 2004 660 opis
2027 607 2117 645 ar-

526 689 631 745 mis
668 688 711 721 “
741 701 896 755 egeo,
926 681 1181 738 diﬂidam.
1216 680 1401 735 Habeo
1442 681 1914 736 armamentarium
1944 680 2112 734 Chri-

524 779 616 842 sti,
657 777 723 831 de
761 791 868 845 quo
918 787 1064 826 arma
1117 770 1250 825 lucis
1296 785 1569 839 usurpem,
1616 770 1810 839 quibus
1846 770 2115 840 principes

523 866 885 927 tenebrarum,
923 869 978 915 et
1005 858 1216 928 agmina
1253 859 1424 914 noctis
1452 874 1755 928 expugnem
1799 861 1851 915 in
1880 859 2112 915 coelesti-

522 956 624 1011 bus
662 952 795 1007 mibi
837 948 1174 1004 adversantia
1205 946 1232 985 δ
1266 964 1278 1000 :
1319 947 1566 1003 videlicet
1614 949 1665 1001 in
1707 951 2117 1006 conversatione

521 1049 770 1121 spiritali,
799 1061 958 1118 quam
989 1043 1217 1099 terrenis
1244 1041 1513 1097 debellare
1559 1042 1799 1099 nituntur
1827 1042 2111 1097 illecebris.

522 1142 630 1198 Sed
659 1141 944 1196 adversum
965 1138 1066 1192 hos
1093 1137 1223 1190 mihi
1246 1137 1333 1190 ille
1355 1136 1601 1203 armiger,
1628 1135 1716 1189 ille
1745 1135 1962 1205 signifer
1990 1134 2112 1196 erit,

521 1231 617 1302 qui
664 1245 761 1285 vas
807 1226 1085 1283 electionis
1121 1224 1251 1279 Dee.
1306 1223 1400 1278 Ille
1446 1223 1658 1279 lumbos
1704 1239 1854 1278 meos
1898 1222 2115 1290 cingulo

522 1321 788 1377 castitatis
817 1319 1131 1385 adstringet,
1159 1316 1320 1385 capiti
1348 1330 1471 1370 meo
1496 1315 1703 1384 galeam
1742 1314 1928 1371 salutis
1957 1322 2114 1383 apta-

520 1412 620 1479 bit,
663 1391 826 1466 loriea
868 1408 1085 1478 iustitiae
1114 1422 1291 1461 meum
1319 1414 1508 1476 pectus
1550 1405 1785 1460 includet
1817 1416 1861 1457 ο.
1905 1403 2000 1458 Ille
2027 1419 2115 1458 me

519 1508 692 1556 totum
721 1505 962 1568 proteget
988 1504 1142 1550 scuto
1173 1492 1315 1557 ﬁdei,
1341 1502 1395 1548 et
1418 1493 1697 1549 dexteram
1725 1509 1920 1560 meam,
1948 1493 2113 1548 immo

519 1602 608 1642 me
631 1596 800 1641 totum
831 1586 885 1639 in
913 1584 1189 1639 dexteram
1218 1582 1415 1639 Christi
1446 1583 1663 1647 factum,
1695 1582 1873 1653 gladio
1896 1582 2114 1654 spiritus

519 1682 576 1729 et
612 1675 777 1730 verbo
818 1674 1058 1729 veritatis
1103 1674 1373 1729 armabit:
1407 1683 1466 1729 ut
1503 1674 1694 1728 cadant
1731 1692 1763 1728 a
1804 1674 1963 1728 latere
2001 1689 2112 1743 meo

2223 503 2350 563 test,
2371 497 2455 552 cui
2487 505 2648 566 caput
2674 495 2918 552 Christus
2947 509 3055 567 est;
3086 516 3247 571 quem
3293 514 3353 557 ut
3378 495 3724 558 communem
3768 504 3816 539 ’δ

2221 589 2321 643 sibi
2343 590 2547 659 apicem
2577 605 2680 644 una
2708 592 3070 646 membrorum
3108 597 3328 659 suorum
3356 609 3622 666 compago
3655 597 3818 669 comis

2223 688 2385 735 tatur.
2425 682 2553 747 Quae
2600 682 2853 750 quoniam
2904 684 3006 738 sibi
3047 684 3354 756 discrepare
3398 703 3507 742 non
3559 696 3815 757 possunt,

2220 788 2502 828 curramus
2534 774 2743 843 pariter
2771 783 2818 840 τ’,
2862 784 2920 829 ut
2946 777 3418 849 apprehendatuus
3446 794 3657 845 omnes,
3700 780 3816 839 sine

2219 863 2560 919 aemulatione
2587 864 2819 933 invidiae,
2861 881 2983 919 cum
3020 868 3328 937 mqualitate
3355 870 3631 925 victorias:
3666 877 3726 924 ut
3744 871 3818 926 si-

2219 962 2309 1009 cut
2339 955 2391 1009 in
2420 957 2768 1011 contentione
2805 957 3055 1012 currendi
3095 959 3140 990 “
3180 959 3332 1031 labor
3364 960 3566 1016 Christi
3602 979 3812 1031 sumus,

2220 1047 2294 1102 ita
2327 1048 2379 1101 in
2427 1049 2771 1118 perveniendi
2812 1048 2917 1105 line
2956 1048 3159 1107 Christi
3190 1052 3497 1122 triumphus
3529 1069 3650 1109 esse
3684 1070 3813 1124 pos-

2219 1138 2416 1206 simus,
2458 1147 2509 1194 et
2554 1139 2833 1195 benedieat
2861 1156 2961 1197 nos
2994 1141 3048 1198 in
3076 1157 3275 1197 corona
3299 1144 3433 1200 anni
3466 1144 3812 1215 benignitatis

2218 1245 2328 1287 suae
2365 1231 2407 1284 θ.
2990 1246 2993 1251 ’

2294 1321 2378 1376 16.
2407 1320 2575 1376 Video
2596 1329 2773 1376 autem
2801 1321 2944 1392 quod
2968 1323 3021 1378 in
3049 1322 3153 1379 hoc
3179 1324 3474 1383 certamine
3497 1340 3611 1382 non
3641 1325 3809 1394 magis

2219 1412 2434 1469 vincere
2463 1414 2618 1468 nobis
2644 1430 2802 1484 quam
2840 1416 2982 1471 vinei
3028 1416 3279 1486 expedit:
3309 1417 3437 1487 quia
3470 1420 3524 1473 iu
3575 1418 3729 1473 nobis
3755 1427 3809 1474 et

2219 1500 2391 1556 hostis
2420 1510 2476 1556 et
2504 1504 2707 1559 amicus
2734 1504 2998 1560 habitant.
3040 1504 3170 1572 Quis
3212 1500 3405 1561 autem
3425 1507 3562 1563 mihi
3586 1509 3807 1564 amicior

2220 1591 2265 1622 “
2310 1606 2469 1660 quam
2500 1593 2718 1663 spiritus
2754 1594 2844 1662 qui
2874 1594 3194 1650 adversatur
3242 1597 3390 1651 carni
3420 1612 3489 1651 ue
3518 1612 3605 1652 me
3635 1599 3807 1652 trahat

2219 1683 2273 1737 in
2298 1684 2468 1752 legem
2500 1688 2705 1757 peccati
2750 1689 2831 1742 ‘7?
2860 1689 2966 1742 Aut
2994 1690 3113 1758 quis
3161 1690 3427 1746 inimicior
3462 1692 3618 1748 nobis
3648 1709 3804 1763 quam

517 1765 657 1821 mille
685 1775 734 1818 et
761 1764 839 1836 (iv)
867 1764 1001 1817 dena
1047 1764 1213 1818 millia
1263 1780 1295 1816 a
1344 1763 1539 1817 dextris
1583 1765 1709 1818 meis
1731 1762 1775 1817 ‘l.
1819 1764 1913 1818 llle
1948 1762 2104 1833 pedes

2214 1791 2373 1842 caro,
2416 1792 2536 1844 quae
2587 1777 2869 1833 adversum
2915 1780 3160 1849 spiritum
3213 1774 3313 1850 pro
3361 1782 3581 1839 interitu
3610 1762 3805 1847 concu-

518 1870 671 1910 meos
697 1855 752 1909 in
782 1853 1055 1921 Evangelii
1086 1853 1532 1923 praeparationem
1561 1854 1825 1910 calceabit
1856 1854 1900 1886 ⁸³
1945 1864 1969 1892 ο
1992 1894 2007 1919 ,
2051 1860 2111 1907 ut

517 1962 708 2018 presso
737 1948 955 2016 impune
983 1945 1207 2012 vestigio
1234 1962 1397 2016 super
1423 1947 1603 2016 spinas
1627 1956 1682 2002 et
1707 1948 1931 2003 tribulos
1962 1947 2111 2002 istius

517 2042 677 2093 terra:
696 2035 989 2103 ambulem,
1019 2043 1075 2089 et
1103 2049 1201 2105 per
1228 2050 1419 2104 aspera
1443 2037 1649 2091 itineris
1674 2039 1880 2104 angusti
1904 2037 2111 2092 munito

515 2122 823 2194 pedetutus
842 2123 1126 2194 ingrediar.
1153 2123 1263 2178 Nec
1282 2138 1314 2177 a
1342 2139 1525 2179 morsu
1546 2135 1808 2203 metuens,
1839 2126 2109 2181 subditum

515 2219 783 2289 serpentis
812 2218 1012 2273 inimici
1042 2226 1205 2289 caput
1253 2218 1297 2286 ί,
1328 2219 1465 2288 ipso,
1507 2220 1652 2290 quod
1690 2220 1976 2276 insidiosus
2013 2221 2111 2277 οδ·-

514 2317 714 2374 servat,
744 2309 998 2365 calcaneo
1026 2320 1321 2366 conteram.
1346 2309 1500 2377 Quod
1518 2310 1734 2381 quidem
1758 2327 1864 2367 non
1886 2312 1953 2367 de
1975 2328 2109 2368 mea:

515 2395 842 2453 inﬁrmitatis
867 2398 1091 2454 audacia
1124 2414 1382 2469 arrogans
1402 2401 1534 2457 mihi
1563 2401 1806 2468 vindico;
1837 2402 1933 2458 sed
1961 2407 2108 2462 omni

514 2485 660 2542 ﬁdeli
685 2486 754 2542 de
790 2486 985 2543 virtute
1012 2486 1210 2545 Christi
1255 2489 1529 2560 promitto.
1564 2488 1664 2558 Qui
1697 2481 1848 2548 sicut'
1876 2502 2020 2549 vocat
2045 2510 2108 2547 ea

511 2594 627 2647 qua
654 2596 759 2634 non
787 2587 929 2646 sunt,
958 2589 1221 2652 tamquam
1248 2597 1363 2653 qua
1387 2581 1494 2638 sint
1522 2582 1567 2614 ’⁵³
1610 2592 1657 2651 κ,
1691 2582 1764 2640 ita
1793 2593 1993 2654 potens
2021 2593 2107 2640 est

510 2676 567 2726 et
592 2669 661 2725 de
702 2667 928 2726 inﬁrmis
972 2678 1029 2726 et
1067 2671 1356 2729 humilibus
1393 2658 1522 2741 suis,
1570 2682 1631 2730 ut
1657 2690 1876 2747 semper
1900 2674 2026 2733 fecit
2052 2688 2108 2733 et

510 2759 659 2826 facit,
682 2760 842 2816 fortia
868 2762 1052 2818 mundi
1075 2763 1229 2819 istius
1250 2773 1307 2821 et
1332 2765 1448 2823 alta
1469 2765 1750 2823 destruere
1773 2764 1821 2823 δ.
1851 2767 1979 2825 Ideo
2007 2784 2105 2825 uo-

509 2849 594 2906 bis
614 2848 925 2919 Magistrum
952 2851 1116 2920 dedit,
1157 2867 1317 2923 quem
1358 2854 1681 2912 imitatorem
1710 2855 1965 2925 habebat,
2006 2874 2105 2930 per

509 2953 669 3010 quem
685 2939 761 2996 .ad
788 2940 955 3011 ipsius
988 2940 1201 3001 Domini
1230 2943 1586 3001 imitationem
1613 2947 1896 3017 pervenire
1923 2949 2102 3019 possi-

508 3045 647 3087 mus.
673 3029 808 3105 'Nam
832 3030 953 3105 ipse
982 3048 1070 3089 me
1096 3032 1349 3104 Magister
1375 3034 1431 3092 in
1459 3035 1576 3092 acie
1617 3044 1783 3104 stare,
1822 3038 1878 3094 in
1923 3040 2101 3098 stadio

2214 1866 2411 1937 piscit?
2441 1867 2625 1939 Itaque
2642 1870 2864 1927 meliora
2896 1871 3023 1924 mihi
3053 1872 3207 1926 σηιὶοί
3244 1872 3475 1937 vulnera,
3498 1888 3627 1943 qua:
3653 1873 3805 1929 Chri-

2214 1965 2329 2010 stus
2351 1957 2423 2027 (e)
2454 1959 2661 2027 accepit
2691 1966 2747 2013 ut
2782 1969 3001 2017 sanaret
3028 1976 3116 2015 me
3130 2000 3149 2025 _,
3186 1979 3342 2033 quam
3379 1963 3674 2017 uoluntaria
3707 1965 3804 2019 ini-

2212 2047 2331 2103 mici
2359 2049 2536 2104 oscula
2568 2060 2592 2096 ιτ
2619 2050 2812 2118 quibus
2857 2050 2987 2104 mihi
3030 2066 3132 2120 per
3178 2050 3457 2107 illecebras
3485 2052 3804 2109 delectatio-

2212 2155 2340 2197 num
2367 2155 2582 2206 suarum
2600 2157 2731 2205 caro
2759 2142 3064 2197 malesuada
3093 2143 3388 2211 blanditur,
3422 2154 3481 2200 ut
3514 2162 3623 2211 me,
3655 2149 3805 2216 quasi

2212 2228 2303 2282 illo
2329 2230 2633 2297 parricidali
2654 2228 2810 2286 .Judte
2838 2232 3024 2286 osculo
3046 2242 3094 2298 ει,
3123 2235 3324 2303 paratis
3353 2235 3406 2290 in
3433 2237 3802 2306 captivitatem

2210 2336 2386 2379 meam
2416 2322 2607 2392 prodat
2653 2323 2883 2385 inimicis
2912 2341 2925 2377 :
2951 2325 3096 2394 quod
3134 2333 3311 2381 tamen
3348 2328 3593 2383 osculum
3624 2328 3803 2385 Domi-

2211 2428 2314 2470 nus
2341 2429 2446 2469 non
2469 2413 2590 2469 ideo
2617 2416 2871 2485 suscepit,
2906 2422 2963 2470 ut
2984 2431 3168 2485 pacem
3197 2417 3489 2487 proditoris
3508 2420 3798 2490 acciperet,

2209 2503 2306 2560 sed
2336 2512 2394 2559 ut
2418 2519 2573 2559 suam
2622 2506 2690 2560 ab
2735 2507 2970 2562 alienato
3009 2508 3292 2579 reciperet.
3352 2508 3693 2581 Quamquam
3742 2522 3797 2569 et

2212 2595 2345 2651 illud
2375 2595 2441 2651 ad
2465 2596 2778 2652 intuendum
2814 2598 3067 2668 perfecta:
3090 2599 3345 2656 bonitatis
3389 2604 3703 2674 exemplum
3731 2604 3799 2675 (ί)

2209 2686 2377 2742 teneri
2403 2686 2618 2743 salubre
2641 2688 2739 2753 sit.
2770 2696 2831 2743 ut
2865 2704 2934 2745 eo
2962 2688 3187 2757 aﬁectu,
3216 2706 3326 2760 quo
3345 2699 3409 2748 et
3442 2693 3697 2751 inimicos
3720 2695 3799 2751 di-

2205 2777 2297 2846 ligi
2316 2776 2469 2847 jubet
2501 2788 2548 2845 τ,
2576 2778 2808 2834 amicum
2844 2780 3087 2836 osadum
3121 2780 3330 2847 dederit
3366 2783 3518 2854 pacis
3559 2784 3797 2853 inimico,

2204 2869 2547 2927 dilectionem
2577 2864 2811 2927 reddens
2831 2887 2936 2942 pro
2963 2872 3108 2941 odio,
3131 2875 3231 2946 qui
3261 2890 3361 2947 pro
3383 2891 3481 2932 sua
3509 2877 3797 2936 dilectione

2204 2961 2389 3020 odium
2423 2963 2719 3034 recipiebat
2749 2973 2796 3019 ⁸.
3488 2991 3495 2997 ν
3644 2992 3651 2997 ο

2273 3052 2362 3109 l7.
2391 3052 2452 3110 In
2477 3064 2732 3125 promptu
2769 3062 2855 3110 est
2899 3070 3030 3127 ergo
3068 3056 3388 3127 dignoscere
3419 3077 3432 3113 :
3464 3059 3547 3130 (ς)
3574 3060 3797 3118 zabulus

508 3123 830 3224 currere-in
852 3137 1032 3193 agone
1071 3126 1258 3183 luctari
1299 3126 1479 3193 docet.
1511 3127 1584 3200 (ο)
1614 3128 1835 3188 liVidum
1857 3131 2097 3224 (Y._not.
2131 3130 2174 3192 C
2206 3144 2254 3182 ⁸³
2308 3162 2433 3201 cum
2477 3123 2650 3202 carne
2676 3123 3009 3203 contendunt
3032 3166 3054 3203 ς
3084 3123 3304 3219 praestat
3347 3123 3684 3208 enimmvinci
3715 3151 3795 3224 (Ii)

508 3211 635 3283 ιη)
666 3212 868 3271 faciens
902 3231 1106 3286 corpus
1133 3228 1289 3272 suum
1312 3258 1328 3285 ,
1358 3225 1416 3273 et
1449 3235 1571 3290 qua
1603 3230 1741 3278 retro
1771 3230 1890 3277 situt
1915 3222 2100 3281 abiici-

507 3319 675 3370 scens,
697 3314 749 3359 et
771 3304 826 3360 iu
848 3306 1025 3376 priora
1044 3322 1100 3361 se
1131 3308 1412 3363 extendens
1458 3306 1500 3363 ί.

578 3393 669 3450 15..
695 3395 871 3465 Atque
899 3397 972 3452 ita
995 3394 1251 3455 fundatus
1288 3400 1342 3455 in
1371 3409 1545 3472 petra,
1593 3403 1837 3459 utetiam
1866 3404 1921 3460 in
1950 3405 2100 3465 inﬁr-

505 3486 785 3544 mitatibus
811 3487 1086 3556 glorietur,
1132 3496 1188 3545 et
1222 3505 1350 3547 cum
1400 3492 1717 3562 inﬁrmatur,
1757 3503 1885 3553 tunc
1906 3505 2099 3569 potens

505 3576 593 3644 ιιι,
624 3578 804 3633 omnia
831 3586 1023 3650 potens
1049 3579 1095 3644 ἰ,
1122 3588 1179 3637 ut
1205 3581 1319 3652 ipse
1339 3582 1621 3653 proﬁtetur
1645 3584 1693 3653 ι,
1726 3585 1779 3642 in
1807 3604 1873 3644 eo
1900 3590 1992 3659 qui
2014 3591 2094 3662 (ά)

506 3669 793 3725 conﬁrmat
818 3686 966 3740 suos,
986 3670 1200 3730 Christo
1219 3676 1442 3743 scilicet,
1464 3680 1554 3746 qui
1579 3696 1676 3750 pro
1698 3681 1854 3755 nobis
1876 3693 2095 3755 pugnat,

507 3758 569 3817 et
591 3761 757 3817 vincit
784 3762 838 3816 in
864 3764 1020 3819 nobis
1039 3780 1210 3835 aquae
1246 3781 1406 3822 causa
1435 3768 1646 3826 dicendi
1681 3754 1940 3842 Apostolo
1962 3754 2095 3841 fuit;

506 3853 599 3909 Sic
635 3855 846 3920 currite,
882 3864 939 3909 ut
982 3857 1381 3928 apprehendatis
1412 3860 1506 3931 (γ.
1538 3872 1649 3919 not.
1688 3866 1808 3937 “5)
1831 3883 2017 3925 omnes
2049 3868 2113 3925 ¹.ν

506 3944 660 4010 Quod
698 3944 752 3999 in
799 3959 974 4013 agone
1023 3955 1239 4004 terreno
1267 3957 1456 4005 contra
1493 3961 1593 4019 est,
1621 3954 1736 4011 'ubi
1782 3973 1889 4013 non
1919 3968 2098 4030 potest

508 4034 650 4089 lucta
679 4035 779 4090 nisi
825 4037 1023 4108 dispari
1065 4037 1382 4095 luctantium
1425 4052 1571 4099 sorte
1618 4045 1778 4115 ﬁniri,
1829 4056 1888 4105 ut
1940 4052 2097 4108 unius

504 4128 693 4196 gloria,
723 4130 943 4187 alterius
971 4132 1262 4201 ignominia
1285 4134 1386 4202 sit;
1419 4135 1474 4190 in
1503 4136 1708 4195 Christo
1737 4150 1939 4214 autem,
1969 4146 2093 4215 quia

502 4220 651 4273 multi
693 4237 849 4275 unum
893 4238 1070 4277 sumus
1092 4233 1152 4289 ω.
1197 4240 1385 4281 omnes
1413 4235 1472 4282 ut
1518 4245 1653 4286 unus
1695 4234 1961 4291 currimus
1993 4253 2006 4291 :
2039 4244 2096 4293 et

504 4304 748 4365 omnium
776 4326 1000 4395 consors
1028 4313 1097 4367 ad
1126 4331 1287 4370 unum
1315 4318 1517 4374 bonum
1537 4337 1723 4379 cursus
1741 4334 1824 4380 est
1851 4344 1865 4379 :
1896 4336 1951 4382 et
1972 4329 2095 4386 ideo

2203 3234 2349 3291 bono
2376 3250 2538 3306 quam
2563 3236 2780 3292 vincere
2800 3236 2963 3294 malo.
2992 3237 3179 3308 Itaque
3207 3240 3346 3296 vinei
3371 3240 3589 3296 videtur
3606 3242 3658 3296 in
3685 3242 3793 3298 Inoa

2204 3328 2407 3391 seculo,
2453 3327 2539 3383 cui
2569 3328 2800 3383 tunicam
2855 3344 3008 3384 suam
3054 3330 3194 3387 alter
3230 3332 3518 3393 abstulerit
3548 3336 3564 3372 ι
3602 3351 3617 3386 :
3648 3341 3707 3388 at
3733 3333 3790 3389 in

2203 3416 2417 3473 Christo
2458 3418 2769 3488 triumphat,
2802 3420 2893 3489 qui
2935 3420 3172 3477 tunicam
3197 3422 3463 3479 auferenti
3489 3425 3716 3480 remittit
3739 3432 3794 3481 et

2201 3508 2443 3577 pallium.
2475 3508 2661 3565 Vicem
2691 3509 2898 3579 injuria:
2923 3511 3152 3567 reddere
3181 3512 3413 3568 humana
3440 3514 3580 3570 ultio
3607 3524 3693 3571 est
3717 3525 3747 3554 ι
3774 3533 3788 3572 :

2203 3608 2260 3653 at
2307 3585 2579 3656 inimicum
2625 3601 2786 3656 etiam
2840 3601 3080 3670 diligere,
3138 3604 3369 3660 vindicta
3406 3607 3650 3663 cmlestis
3688 3615 3788 3663 est.

2206 3689 2451 3755 Vendere
2472 3691 2813 3760 patrimonia,
2845 3694 2986 3763 (ΜΞ)
3012 3693 3214 3749 donare
3238 3697 3565 3765 pauperibus
3585 3708 3637 3762 ν,
3659 3698 3792 3753 stul-

2206 3782 2323 3837 titia
2351 3784 2476 3838 huic
2495 3785 2700 3855 seculo,
2723 3786 2817 3839 sed
2838 3786 3100 3855 sapientia
3127 3786 3238 3842 Deo
3262 3795 3346 3842 est
3364 3807 3383 3840 τ
3411 3797 3464 3842 at
3491 3799 3685 3845 contra
3725 3790 3789 3855 ⁸⁸,

2199 3874 2397 3931 divitiis
2423 3854 2676 3931 indlibare
2699 3917 2714 3942 ,
2762 3878 3047 3947 pecuniam
3095 3878 3279 3935 tenore
3317 3895 3534 3949 augere,
3574 3888 3789 3952 posses-

2198 3966 2380 4022 siones
2420 3967 2774 4036 anctionibus,
2811 3969 3068 4025 terminos
3119 3969 3345 4027 dilatare
3390 3972 3670 4039 violentia,
3720 3975 3793 4028 in-

2199 4055 2403 4112 dustria
2422 4065 2479 4112 et
2513 4066 2748 4127 quaestus
2768 4058 2908 4129 apud
2930 4058 3035 4115 hoc
3055 4061 3314 4128 seculum,
3337 4062 3430 4117 sed
3458 4063 3602 4133 apud
3623 4064 3791 4121 Deum

2200 4148 2402 4203 crimen
2431 4155 2487 4203 et
2514 4162 2672 4217 paena
2694 4156 2795 4203 est.
2824 4148 2903 4204 Ita
2934 4150 2980 4204 si
3015 4151 3157 4205 malo
3182 4152 3386 4218 vincas,
3416 4153 3596 4208 victor
3623 4155 3793 4210 victus

2199 4255 2278 4306 es,
2319 4241 2389 4311 (j)
2418 4240 2542 4310 quia
2564 4255 2684 4295 eum
2714 4241 2915 4296 scelere
2954 4242 3148 4297 viceris
3172 4283 3187 4307 ,
3233 4243 3525 4313 cupiditate
3571 4260 3794 4316 supera-

2200 4339 2288 4386 tus
2310 4330 2578 4387 es.Victus
2607 4346 2736 4386 vero
2756 4332 2840 4403 (k)
2871 4332 3054 4388 vinces
3077 4373 3092 4398 ,
3126 4334 3167 4389 si
3201 4334 3353 4402 justo
3385 4335 3565 4401 cedas,
3609 4345 3666 4392 et
3699 4346 3792 4391 tua:

504 4399 698 4453 dicitur
725 4401 879 4456 nobis
900 4419 912 4455 :
936 4402 1028 4457 Sic
1047 4407 1253 4472 currite,
1284 4418 1339 4461 ut
1366 4413 1701 4481 apprendatis
1725 4431 1934 4475 omnes.
1961 4420 2095 4487 Quia
2131 4419 2183 4480 Ι)
2213 4424 2475 4480 voluntati
2540 4399 2787 4479 voluntas
2839 4423 3014 4478 divina
3082 4399 3387 4496 prmvaleat.
3449 4399 3790 4483 Evaeuemur

579 4531 812 4631 gagsal.“
843 4534 1262 4631 quvt,-Il,hjpxl_a
1295 4539 1457 4631 LEX.
1494 4541 1747 4631 (bnRom.
1792 4566 1906 4631 xiii,
1942 4553 2008 4607 12
2034 4556 2104 4631 LE

2210 4599 2217 4612 .
2249 4557 2501 4631 vt,__12._
2541 4568 2562 4631 ξ
2596 4558 2713 4631 get.
2748 4558 3123 4631 IX,LI5;_E[_)II.
3154 4577 3227 4627 γι,
3262 4560 3345 4625 Η,
3384 4561 3506 4619 ISai.
3548 4579 3661 4625 ιιι.
3706 4562 3787 4617 17.

503 4600 530 4639 οι
570 4599 713 4656 Psal.
747 4618 833 4666 xc,
866 4603 919 4656 7.

1000 4616 1021 4701 ς
1050 4605 1413 4701 Ιξ.ξ›ὴ;ἐνι,¹έξ.
1494 4611 1513 4650 ί
1544 4612 1682 4701 (ign.
1714 4605 1908 4701 131L152
1978 4605 2013 4672 2

2210 4605 2462 4701 1547‘."
2489 4625 2514 4664 ιι
2544 4627 2564 4681 ι
2591 4605 2715 4701 ξςῖὲζ
2743 4605 2925 4701 Esi;
2944 4605 2962 4628 '
2982 4605 3238 4701 Γῖἥὶίιὲίὶ.
3261 4605 3345 4695 in?
3378 4605 3506 4685 1'33"
3542 4605 3769 4687 ἴὶῑέὀὲ

506 4672 716 4767 Pali}
755 4671 1037 4767 ,ἷέἔιίηὲ-
1069 4671 1260 4767 ¹Ῠε.¹⁵ξ
1281 4677 1427 4767 ἓεδ»
1460 4684 1691 4767 πειέδτ..
1731 4671 1934 4754 lim"-
1975 4671 2104 4761 ηπῖὲ

2243 4671 2293 4735 ω’
2313 4697 2469 4753 Rom.
2498 4714 2593 4762 Ill,
2617 4696 2668 4751 5.
2746 4671 2821 4753 ⁸ιί
2859 4699 2983 4754 Cor.
3018 4671 3220 4763 1324.?
3276 4711 3300 4738 ο
3320 4674 3480 4757 Ῥείη.
3511 4718 3656 4767 utr,
3700 4701 3782 4755 I2.

506 4753 530 4791 ιι
564 4740 720 4797 Prov.
755 4758 897 4798 xxvii
912 4783 926 4806 ,

520 4820 546 4848 ιι
576 4813 736 4880 Ibid.,
791 4812 880 4866 44.
957 4824 982 4853 τ
1013 4812 1203 4870 Matth.
1262 4834 1391 4885 XIX,
1439 4822 1526 4879 21.

576 4923 652 4997 (ᾳ)
691 4922 780 4997 _Sic
814 4922 1128 4997 msslcodd.
1159 4923 1324 4997 Editi,
1356 4928 1513 4988 Deus.

576 4992 651 5083 (ὁ)
670 4993 907 5083 altatus.
919 4992 1058 5083 _Reg.
1075 5003 1146 5083 fet
1165 4998 1293 5083 editi
1308 4992 1467 5083 codd.
1495 5004 1545 5071 4,
1574 5005 1890 5069 Psalterium
1911 5025 2087 5083 vetus,

504 5073 574 5149 et.
615 5065 941 5149 Augustinus
978 5066 1046 5149 .in
1068 5065 1462 5149 _CommentaEL
1499 5065 1662 5149 super
1698 5065 2090 5149 psalmos-.vgic

503 5135 951 5224 adgrauit-inus
964 5135 1106 5224 tegi.
1134 5137 1186 5220 in
1214 5139 1369 5209 epist.
1395 5135 2085 5224 §z_aa'Vict'ricidF-i,"n7i2

501 5214 557 5261 et
584 5221 751 5276 eam).
780 5204 844 5259 21
875 5207 942 5261 ad
962 5204 1290 5276 Cytherium,
1322 5213 1516 5274 “627.
1659 5204 1669 5205 ί
1733 5204 1915 5224 ““““·⁷

571 5277 644 5360 (_c)
686 5273 873 5360 Grtcce
899 5273 1239 5360 agr.i;ia_:m._
1263 5273 1352 5340 Sic
1381 5283 1532 5360 juxta
1570 5292 1676 5347 vim
1707 5300 1882 5350 textus
1916 5294 2091 5353 Graeci

503 5347 694 5431 eodem
723 5347 909 5431 modo
934 5348 1057 5431 legit
1093 5347 1444 5431 Paulinus_'in
1473 5362 1629 5431 epist.
1674 5347 2083 5421 isi—561615};

504 5416 831 5541 23:11:37,
861 5427 916 5475 et
961 5416 1115 5490 epist.
1151 5425 1220 5480 50
1248 5426 1313 5480 ad
1343 5416 1717 5498 Augustinum.
1750 5416 2086 5493 nT‘IEWVide

505 5500 620 5541 ιιοῑ.
654 5500 774 5542 112.

509 5556 671 5695 ω
696 5555 793 5613 Ms.
823 5559 977 5617 Vien.
1002 5564 1130 5619 edit.
1162 5565 1310 5621 Grin.
1345 5568 1398 5622 in
1426 5584 1592 5638 marg.
1622 5581 1677 5626 et
1702 5571 1949 5642 Vulgata,
1976 5592 2093 5632 con-

581 5693 652 5766 (e)
690 5694 789 5755 Ms.
818 5699 998 5773 Yien.,
1027 5708 1242 5779 excepit,
1262 5716 1321 5763 ut
1358 5718 1568 5766 sanaret
1598 5727 1709 5767 mea
1743 5728 1759 5767 :
1791 5728 1900 5771 non
1929 5714 2086 5774 male.

1030 4760 1204 4846 hastae.
1439 4764 1501 4846 at:
1543 4756 1731 4813 Matth.
1764 4746 1918 4833 im,
1952 4746 2054 4821 46]
2081 4746 2476 4835 ‘é'uauiif'i
2501 4746 2707 4846 finit"
2741 4746 3092 4836 Ps-aITVc-vtii;
3286 4775 3301 4808 ι

2266 4951 2337 5022 (f)
2371 4948 2473 5013 Sic.
2487 4964 2615 5009 mss.
2651 4948 2782 5018 Reg,
2811 4958 2867 5007 ct
2894 4950 3046 5007 Vien.
3078 4968 3199 5013 cum
3229 4953 3363 5011 edit.
3391 4952 3519 5009 Bad.
3551 4963 3609 5009 et
3631 4954 3779 5009 Grm.

2158 5014 2166 5020 ’
2194 5014 2302 5075 Alii
2305 5014 2329 5087 ,’
2345 5029 2535 5074 tenere.

2265 5091 2340 5162 (g)
2370 5090 2494 5162 Mss.
2529 5090 2661 5158 Reg.
2690 5099 2748 5162 et
2790 5089 2908 5145 Vat.
2938 5099 2994 5145 et
3021 5091 3148 5145 editi
3195 5091 3343 5147 Grin.
3376 5099 3429 5148 cl
3452 5091 3668 5161 Schot.,
3698 5112 3783 5148 za-

2195 5159 2358 5215 bulus.
2391 5159 2521 5214 Vide
2547 5169 2661 5215 not.
2687 5159 2739 5212 ἓ.

2371 5230 2481 5313 _Ms.
2507 5230 2977 5313 ‘Yien'.,.bonum...
3011 5232 3201 5285 malum

2266 5299 2332 5370 (ἱ)
2369 5300 2469 5355 Ms.
2507 5300 2649 5360 Vat...
2681 5299 2823 5353 dare.

2226 5370 2233 5373 ’
2372 5371 2449 5455 I_t_a
2477 5377 2583 5455 ms':
2612 5369 2890 5455 Ilien..Al.ii
2916 5368 3280 5455 codices,_qui.
3330 5441 3342 5455 Ι
3474 5440 3547 5455 __
3608 5440 3645 5455 Α
3684 5445 3696 5455 _
3764 5436 3773 5440 η

2267 5440 2339 5510 (Ἰςὶ
2381 5440 2479 5495 Ms.
2532 5440 2674 5502 Vat.,
2724 5441 2883 5493 vincis
2921 5441 2965 5493 si
3010 5440 3202 5511 injuste
3248 5441 3421 5496 cedas.
3470 5440 3570 5497 Ed.
3604 5440 3774 5504 Grin..

2194 5511 2393 5591 vincis,
2414 5513 2457 5564 si
2478 5510 2622 5593 justo
2661 5509 2812 5595 cedas
2834 5527 2853 5575 ;
2892 5510 3034 5579 quod
3065 5510 3285 5595 perinde
3314 5519 3399 5595 est
3443 5528 3507 5595 ac
3549 5513 3594 5568 si
3620 5515 3775 5595 _bnno

2194 5581 2444 5703 \S'incaris,
2478 5579 2879 5650 opponiturque
2920 5579 3260 5650 pratcedenti,
3307 5583 3352 5637 si
3397 5581 3537 5637 malo
3583 5584 3773 5638 uincas.

2238 5666 2441 5703 aecum.

2238 5666 2441 5706 ACCIIIN.
