4078 6352
231 367 328 423 297

1589 365 1924 424 EPISTOLA
1964 369 2127 427 XXIX

3403 391 3504 447 298

236 481 392 569 1159
428 493 559 549 ergo
599 478 796 536 nostris
843 481 1062 546 viribus,
1121 489 1178 536 ut
1224 480 1416 536 divinis
1473 480 1809 552 impleamur.
1843 483 1891 541 A
1990 481 2079 538 20.
2111 484 2179 539 Et
2208 487 2294 542 hic
2336 497 2417 542 est
2469 488 2554 544 illc
2613 492 2892 547 thesaurus
2938 510 3069 564 agri,
3100 513 3198 568 pro
3226 514 3332 569 quo
3362 502 3504 557 υιιιί-

229 564 516 626 Vilicamur
543 586 791 641 corpore,
815 579 871 627 ut
899 573 1174 627 vincamus
1202 573 1393 627 salute.
1419 571 1816 628 Meminerimus

227 663 344 731 ejus
372 678 491 717 esse
519 679 618 717 nos
643 663 900 728 membra,
933 664 1023 732 qui
1071 662 1198 719 vicit
1247 678 1367 718 cum
1410 663 1677 733 judicatus
1711 671 1811 727 est,

226 758 320 830 qui
348 758 588 813 cedendo
618 758 924 826 superavit;
967 767 1021 813 et
1063 757 1309 813 cadendo
1358 758 1410 812 in
1441 767 1691 823 mortem,
1725 772 1814 812 re-

224 849 459 905 surrexit
480 848 534 902 in
568 848 816 916 gloriam,
864 848 930 903 de
967 864 1074 903 suae
1119 849 1384 918 passionis
1413 864 1608 904 occasu
1637 855 1824 902 ortum

225 949 421 996 nostra:
451 941 861 995 resurrectionis
890 941 1172 995 instituens
1202 938 1220 960 ‘

297 1031 382 1085 18.
416 1029 569 1085 Hunc
600 1031 882 1085 Dominum
929 1041 1210 1086 vocantem
1255 1046 1559 1100 sequamur,
1599 1031 1689 1100 qui
1717 1044 1816 1085 nos

223 1123 422 1178 doceat
465 1121 706 1176 cedendo
750 1121 979 1188 vincere,
1029 1130 1083 1176 et
1130 1120 1408 1176 moriendo
1463 1121 1733 1176 vivescere
1771 1121 1816 1152 “

223 1212 322 1283 (V.
354 1228 442 1282 ep.
472 1210 558 1278 M,
587 1228 732 1266 num.
760 1212 833 1280 7),
877 1213 1199 1268 interﬁciens
1227 1214 1280 1268 in
1308 1213 1462 1268 nobis
1489 1227 1596 1282 quo
1630 1214 1817 1269 morti-

223 1305 465 1367 ﬁcamur,
506 1311 560 1358 et
589 1303 862 1358 viviﬁcans
889 1320 997 1374 quo
1025 1305 1284 1359 vivamus.
1335 1304 1436 1357 Hic
1466 1302 1607 1358 nobis
1651 1303 1814 1372 Deus,

221 1411 326 1449 non
356 1393 692 1448 azstimabitur
716 1395 852 1448 alius
878 1395 946 1447 ad
984 1412 1097 1449 eum
1129 1412 1145 1448 :
1177 1396 1268 1464 qui
1296 1397 1350 1448 in
1380 1396 1526 1448 terris
1556 1396 1690 1448 visus
1717 1405 1812 1459 est,

221 1496 268 1540 et
297 1489 435 1541 inter
463 1487 691 1540 homines
731 1495 1057 1540 conversatus
1087 1497 1180 1540 est.
1214 1486 1365 1553 Quod
1394 1486 1516 1556 quia
1566 1502 1672 1540 non
1718 1501 1816 1556 po-

230 1587 337 1638 test
370 1579 524 1632 nobis
564 1593 691 1632 caro
718 1587 772 1632 et
795 1579 1008 1646 sanguis
1054 1579 1313 1641 revelare,
1344 1578 1466 1632 ideo
1495 1577 1622 1632 dicit
1655 1595 1666 1626 :
1710 1575 1817 1629 Vu-

219 1680 357 1735 cate,
391 1680 440 1722 et
478 1669 659 1737 videte,
690 1671 932 1741 quoniam
971 1687 1062 1740 ego
1103 1687 1216 1724 sum
1250 1669 1389 1735 Deus
1421 1668 1469 1721 δ.
1526 1667 1742 1724 Excitor
1770 1669 1811 1700 ³¹

220 1762 327 1818 hoc
353 1763 474 1817 loco
505 1762 556 1815 in
583 1761 857 1817 audaciam
885 1762 1256 1832 percontandi,
1277 1771 1336 1816 ut
1353 1762 1527 1816 dicam
1554 1802 1566 1813 .
1588 1759 1813 1824 Quinam

1920 574 2098 629 nendo
2120 577 2282 631 etiam
2313 591 2442 645 ager
2469 582 2861 652 comparandus
2898 594 2980 639 est
3013 583 3029 622 ι
3060 603 3072 650 ;
3104 588 3229 658 quia
3259 589 3507 650 videlicet

1917 665 2103 721 salutis
2124 662 2325 722 nostrae
2346 669 2577 738 pretium
2603 672 2656 726 in
2677 673 2780 727 hoc
2799 681 2900 738 est,
2924 683 2981 727 ut
3004 675 3167 730 Deum
3191 677 3282 732 Dei
3311 679 3506 738 Filium

1917 753 1987 807 ad
2016 771 2232 810 carnem
2259 757 2569 812 salvandam
2601 760 2654 814 in
2691 776 2854 816 carne
2892 763 3103 818 venisse
3137 764 3417 834 fateamur,
3450 778 3506 824 et
3554 768 3566 808 1"

1916 842 2030 898 haec
2057 853 2139 899 est
2159 845 2243 899 illa
2267 846 2560 916 proﬂigatis
2579 850 2804 905 emenda
2833 853 3169 921 patrimoniis
3195 859 3501 924 margarita;

1917 934 2010 988 sed
2037 951 2144 990 non
2172 938 2352 991 statim
2373 938 2586 1003 emitur,
2620 955 2740 994 cum
2763 939 2878 1008 ejus
2897 943 3127 1011 pretium
3148 954 3504 1015 prteparatur,
3562 949 3573 1010 ζ

1917 1025 2041 1093 quia
2081 1025 2319 1094 plurima:
2351 1027 2712 1084 interveniunt
2749 1031 2848 1101 ipsi
2902 1035 3226 1088 commercio
3272 1033 3505 1092 diﬁicul-
3563 1019 3582 1093 ξ

1919 1126 2058 1175 tates
2086 1130 2144 1173 ω.
2177 1122 2282 1176 Aut
2311 1124 2456 1178 enim
2481 1142 2629 1181 mare
2664 1125 2965 1195 interjacet,
2992 1139 3086 1183 aut
3124 1131 3306 1199 praedo
3338 1135 3505 1189 inter-
3566 1129 3571 1134 ’

1919 1213 2067 1282 cipit,
2101 1223 2194 1268 aut
2239 1216 2483 1284 cupidior
2528 1219 2805 1287 praevenit,
2838 1229 2929 1273 aut
2958 1220 3236 1290 praefertur
3275 1225 3502 1293 opulen-

1921 1301 2044 1356 tior.
2077 1301 2202 1357 [deo
2230 1319 2299 1358 ne
2323 1305 2598 1362 existimes
2633 1307 2740 1376 jam
2769 1316 2822 1362 et
2850 1325 3191 1380 comparasse
3227 1328 3327 1367 nos
3357 1329 3504 1382 gem-

1917 1408 2081 1460 mam,
2113 1395 2235 1465 quia
2267 1395 2412 1450 vides
2450 1398 2678 1466 pretium
2728 1415 3076 1469 praeparasse,
3129 1417 3302 1472 neque
3338 1404 3499 1457 aedili-

1917 1497 2069 1537 casse
2101 1483 2212 1551 jam
2259 1485 2497 1552 domum,
2549 1489 2634 1542 cui
2684 1487 3008 1544 mdiﬁcandm
3045 1492 3221 1546 locum
3260 1481 3501 1558 fecimus,
3597 1475 3610 1484 ’

1918 1586 2037 1625 cum
2071 1573 2304 1629 visibiles
2333 1575 2564 1641 divitias,
2595 1580 2972 1648 supellectiles,
3009 1583 3314 1651 pecuniam,
3344 1584 3504 1654 patri-

1916 1663 2115 1726 monia,
2149 1664 2296 1716 velut
2323 1665 2568 1721 sordidos
2589 1682 2810 1736 aggeres
2839 1679 2892 1724 et
2920 1671 3285 1740 importunum
3315 1673 3500 1737 rudus,

1918 1751 2228 1818 egessimus,
2266 1760 2325 1804 ut
2355 1754 2407 1806 in
2438 1754 2599 1808 corde
2643 1766 2892 1825 purgato,
2924 1759 3077 1826 quasi
3107 1761 3158 1814 in
3191 1767 3331 1815 terra
3361 1763 3500 1827 viva,

220 1862 274 1906 tu
301 1855 372 1918 θ’,
405 1836 562 1918 Deus,
601 1855 684 1925 qui
717 1828 1098 1924 fecisti—caelum
1135 1863 1184 1905 et
1213 1864 1419 1917 terram,
1451 1861 1501 1905 et
1529 1853 1809 1922 apparuisti

1921 1836 2121 1893 ﬁrmius
2145 1840 2433 1896 stabilioris
2461 1841 2667 1899 aediﬁcii
2686 1843 3026 1901 fundamenta
3049 1828 3380 1916 jaceremus:
3396 1850 3503 1909 Sed

219 1947 271 1998 in
301 1945 467 2010 rubo;
497 1945 583 2016 qui
613 1945 781 2013 fecisti
807 1943 1071 2013 magnalia
1094 1946 1148 1997 in
1178 1943 1432 2014 Afgypto,
1472 1941 1730 1997 mirabilia
1756 1944 1812 1998 in

221 2048 364 2092 terra
395 2039 471 2109 (a)
507 2035 687 2103 Citam,
721 2036 969 2091 terribilia
998 2035 1041 2066 ⁵⁸
1071 2037 1124 2089 in
1177 2037 1308 2088 mari
1340 2033 1513 2088 Rubro
1543 2036 1600 2088 εἳ
1630 2034 1816 2090 Adhuc

219 2135 272 2183 te
301 2127 379 2198 (ὁ)
404 2127 570 2183 Deum
600 2144 758 2183 nemo
789 2143 895 2183 non
931 2127 1138 2182 credit:
1171 2142 1346 2196 neque
1378 2133 1582 2180 tantum
1622 2125 1813 2194 Judaei,

216 2221 519 2289 quamlibet
546 2221 699 2274 labiis
743 2220 1041 2289 diligentes,
1090 2227 1146 2273 et
1192 2217 1354 2272 corde
1380 2218 1654 2286 longinqui
1675 2216 1723 2283 ά,
1755 2225 1816 2272 ut

215 2311 455 2382 populus
481 2312 533 2366 in
562 2312 677 2380 lege
705 2311 964 2368 formatus
993 2328 1005 2362 :
1038 2309 1131 2364 sed
1157 2317 1346 2378 gentes
1373 2309 1532 2363 etiam
1562 2311 1678 2363 sine
1698 2309 1815 2377 lege

214 2403 467 2459 viventes
497 2404 726 2458 naturali
774 2418 934 2459 sensu
990 2403 1206 2457 unicum
1260 2417 1479 2456 summa:
1532 2401 1813 2470 potestatis

211 2493 506 2548 Dominum
535 2495 857 2550 conﬁtentur
889 2503 935 2546 °.
964 2493 1094 2560 Qua:
1124 2493 1284 2561 igitur
1309 2491 1594 2546 difﬁcultas
1622 2501 1703 2548 est
1731 2492 1812 2546 vi-

209 2583 351 2639 dere
376 2585 520 2654 quod
543 2585 680 2640 Deus
709 2585 803 2652 sis,
835 2599 953 2638 cum
989 2591 1045 2637 et
1083 2583 1202 2638 cceli
1232 2589 1484 2636 enarrent
1514 2581 1558 2612 ⁵³
1588 2583 1813 2650 gloriam

208 2683 372 2730 tuam
406 2673 450 2742 ί,
478 2684 533 2731 et
560 2677 837 2730 invisibilia
869 2684 954 2728 tua
989 2692 1079 2745 per
1100 2691 1162 2726 ea
1191 2691 1302 2742 qua:
1327 2675 1465 2745 facta
1495 2683 1631 2737 sunt,
1662 2673 1817 2726 intel-

207 2766 356 2820 lecta
383 2769 767 2838 conspiciantur
789 2767 860 2820 εἳ
903 2765 1041 2832 Quid
1089 2764 1309 2834 impedit
1343 2763 1654 2832 possidere?
1688 2761 1814 2831 quid

205 2856 379 2910 obest
422 2865 476 2910 et
516 2857 618 2910 alia
647 2871 856 2918 curare,
888 2871 1010 2909 cum
1039 2863 1094 2909 et
1121 2852 1398 2921 occupatis
1425 2851 1730 2904 hominibus
1760 2851 1816 2905 in

201 2954 479 3016 promptu
523 2945 592 2998 sit
630 2945 972 3012 conspicuam
1018 2943 1115 2997 Dei
1168 2943 1448 2996 veritatem
1487 2956 1728 3006 cernere,
1761 2949 1818 2996 et

201 3031 566 3088 manifestum
597 3048 819 3087 summa:
847 3031 1198 3102 providentiae
1240 3032 1417 3085 lumen
1447 3031 1662 3086 videre?
1690 3031 1813 3087 Dies

202 3125 323 3179 diei
350 3135 552 3178 eructat
581 3125 806 3190 verbum,
838 3135 887 3178 et
927 3143 1034 3179 nox
1072 3127 1207 3179 nocti
1234 3125 1425 3177 indicat
1454 3125 1718 3178 scientiam
1740 3123 1766 3162 ⁸³
1793 3143 1806 3179 :

1919 1927 2055 1982 sicut
2093 1931 2442 1986 exhaustione
2497 1933 2749 1989 ruderum
2793 1936 2988 1990 nudata
3031 1938 3225 2004 humo,
3274 1940 3372 1994 sub
3404 1942 3502 1994 ἰηι-

1917 2019 2128 2074 mundis
2165 2022 2393 2077 molibus
2440 2024 2606 2079 multa
2653 2033 2744 2080 aut
2800 2027 3119 2082 nodamenta
3169 2037 3498 2094 truncorum,

1918 2121 2009 2164 aut
2064 2112 2272 2166 residua
2322 2115 2616 2182 ruinarum,
2666 2127 2758 2172 aut
2796 2118 3050 2189 pleraque
3098 2121 3243 2174 noxii
3289 2121 3501 2189 generis

1917 2201 2186 2264 animalia,
2215 2212 2270 2258 et
2299 2207 2564 2276 pnecipue
2589 2209 2657 2276 (ε)
2687 2209 2826 2263 fetus
2864 2218 2958 2263 aut
2977 2211 3172 2264 cubilia
3195 2211 3500 2280 viperarum

1917 2289 2415 2362 deprehenduntur,
2448 2297 2524 2351 sic
2553 2308 2759 2353 remota
2782 2316 2811 2353 a
2835 2308 3020 2355 nostro
3044 2311 3263 2370 pectore
3293 2311 3500 2374 tempo-

1915 2383 2107 2438 ralium
2147 2401 2327 2442 rerum
2375 2391 2713 2457 possessione
2742 2399 2796 2444 et
2824 2407 2971 2455 cura,
2997 2391 3108 2461 jam
3139 2393 3292 2447 nobis
3323 2395 3388 2464 (ι’)
3416 2395 3499 2447 iu-

1915 2474 2192 2542 spectione
2219 2477 2398 2532 cordis
2422 2480 2587 2532 nostri
2622 2490 2874 2535 vacantes
2903 2483 2970 2535 ab
2993 2481 3074 2536 his
3100 2496 3219 2550 qua:
3239 2500 3337 2537 nos
3359 2482 3500 2537 foras

1915 2563 2286 2629 extrahebant,
2319 2567 2736 2621 inveteratorum
2765 2571 3045 2624 criminum
3086 2572 3273 2635 nodos,
3308 2581 3362 2624 et
3396 2573 3498 2626 ini—

1916 2654 2177 2707 micorum
2205 2655 2524 2724 spiritalium
2555 2657 2790 2711 latebras
2833 2659 2885 2712 in
2915 2661 3112 2713 nostris
3148 2663 3390 2716 sensibus
3421 2664 3501 2716 in-

1916 2741 2177 2797 venimus.
2202 2742 2353 2798 Nunc
2376 2745 2528 2799 nobis
2548 2761 2807 2815 apparere
2836 2748 3022 2818 incipit
3049 2750 3271 2805 interior
3291 2752 3499 2817 domus,

1916 2845 1965 2888 et
1984 2835 2092 2889 illic
2117 2836 2193 2906 (g)
2218 2839 2468 2905 repentia,
2493 2856 2706 2909 quorum
2734 2857 2836 2894 non
2883 2852 2960 2895 est
3004 2858 3243 2896 numerus
3274 2853 3320 2898 π’.
3353 2843 3500 2899 Nunc

1916 2934 2031 2982 tota
2061 2925 2384 2982 infelicitatis
2413 2935 2610 2984 nostra:
2639 2932 2865 2999 patescit
2890 2931 3206 2988 obscuritas.
3237 2922 3386 2987 Nunc
3407 2937 3499 2988 de-

1915 3032 2062 3070 mum
2087 3031 2243 3084 quam
2277 3017 2549 3086 longinqui
2578 3034 2608 3072 a
2644 3018 2754 3073 Deo
2782 3021 2968 3088 simus,
3007 3029 3062 3075 et
3089 3036 3249 3090 quam
3298 3023 3496 3077 mortui

1915 3107 1967 3161 in
1995 3095 2393 3178 comparatione
2421 3108 2684 3174 vivorum,
2717 3106 2958 3165 videmus
2987 3107 3052 3166 "’.

205 3224 266 3272 et
292 3231 487 3271 vacare
510 3215 727 3284 jubeor,
758 3225 816 3270 ut
844 3224 897 3270 te
922 3214 1088 3269 Deum
1115 3230 1231 3270 esse
1259 3215 1487 3280 videam,
1520 3231 1640 3270 cum
1672 3216 1808 3271 hanc

1983 3197 2070 3251 2i.
2113 3198 2350 3267 lntellige
2399 3199 2531 3264 haec,
2586 3208 2642 3255 ct
2663 3200 2738 3270 (It)
2763 3217 2890 3256 cura
2937 3204 3106 3258 nostri
3146 3204 3306 3258 anxio
3334 3204 3496 3260 cordo

208 3307 390 3362 lucem
435 3305 600 3361 etiam
649 3313 836 3361 noctes
888 3305 1097 3360 sciant:
1131 3304 1183 3358 id
1211 3313 1314 3371 est,
1345 3306 1505 3359 etiam
1539 3306 1808 3376 principes

206 3396 296 3451 vel
331 3395 562 3466 Operarii
594 3396 935 3449 tenebrarum
977 3393 1016 3446 ί.

278 3483 373 3538 19.
405 3484 511 3539 Sed
538 3501 646 3540 non
677 3484 871 3540 frustra
899 3493 980 3538 est
1008 3483 1151 3553 quod
1177 3498 1236 3540 se
1266 3484 1396 3554 ipsa,
1429 3500 1550 3554 quae
1578 3485 1632 3539 in
1660 3487 1800 3540 mul-

205 3577 274 3631 tis
297 3591 446 3645 sazpe
473 3575 766 3630 divinitatis
816 3575 1109 3642 insignibus
1130 3576 1174 3605 ⁸⁵
1203 3574 1561 3628 manifestavit
1589 3575 1802 3641 veritas,

205 3682 317 3721 non
343 3665 448 3719 nisi
473 3665 752 3719 vacatione
794 3672 1076 3734 procurata
1103 3664 1333 3734 perspici
1362 3679 1522 3734 posse
1554 3672 1796 3719 testatur.

210 3757 386 3811 Deum
417 3757 558 3810 enim
592 3764 796 3809 tantum
844 3755 896 3808 in
951 3764 1201 3824 promptu
1237 3762 1319 3808 est
1357 3755 1556 3821 videre,
1587 3754 1730 3823 quod
1759 3757 1804 3787 "

212 3849 362 3904 Deus
391 3856 494 3902 est.
528 3846 659 3912 Hoc,
712 3855 768 3901 ut
808 3847 936 3911 dixi,
984 3847 1157 3900 omnis
1186 3846 1361 3899 anima
1384 3847 1526 3900 videt
1559 3865 1570 3899 :
1605 3847 1670 3900 ad
1700 3847 1806 3903 hoc

207 3954 362 3993 mens
387 3938 534 3991 nulla
562 3937 754 4006 caligat
779 3955 790 3989 :
819 3937 922 3991 hoc
943 3937 1107 3990 etiam
1129 3935 1420 3990 inﬁdelium
1451 3935 1662 4005 fides(c)
1680 3951 1804 4005 per-

207 4028 375 4098 cipit;
408 4027 503 4082 sed
551 4027 716 4082 Deum
766 4026 819 4079 in
867 4025 1102 4091 Christo,
1141 4025 1228 4078 vel
1268 4023 1539 4077 Christum
1587 4025 1640 4078 in
1689 4024 1802 4080 Deo

207 4132 349 4185 esse,
383 4134 492 4172 non
515 4117 660 4172 videt
681 4117 759 4187 (ά)
783 4127 1094 4185 occupatus,
1120 4122 1176 4168 et
1200 4129 1446 4168 curarum
1471 4116 1803 4170 terrestrium

209 4209 350 4264 nube
378 4209 756 4264 circumdatus.
799 4207 1023 4262 Verbum
1061 4206 1204 4260 enim
1232 4222 1437 4259 carnem
1477 4208 1688 4276 factum,
1725 4226 1804 4262 sa-

209 4303 416 4370 pientia:
447 4303 599 4374 hujus
621 4302 799 4356 mundi
821 4302 1038 4355 stultitia
1061 4309 1137 4353 est
1163 4299 1176 4349 t'
1213 4317 1224 4352 :
1255 4308 1310 4354 et
1334 4299 1454 4355 ideo
1479 4302 1672 4370 placuit
1693 4302 1802 4360 Deo

211 4390 272 4443 ad
301 4391 675 4446 confusionem
697 4390 996 4460 sapientia},
1028 4387 1179 4456 cujus
1209 4389 1458 4458 superbia
1489 4407 1591 4444 non
1613 4408 1802 4463 cogno-

209 4481 275 4535 rit
302 4482 388 4535 hic
427 4481 645 4536 mundus
692 4481 1000 4549 sapientiam
1041 4475 1178 4541 Dei,”
1216 4479 1372 4549 160
1395 4495 1487 4547 per
1530 4481 1801 4537 stultitiam

211 4579 594 4645 prtedicationis
623 4580 791 4630 salvos
812 4577 982 4647 facere
997 4571 1267 4627 credentes
1289 4570 1335 4624 ιε.

1910 3295 2140 3365 suspira,
2171 3294 2476 3364 providens,
2509 3295 2632 3365 quia
2658 3295 2773 3349 laus
2801 3297 2862 3366 (i)
2889 3297 2941 3350 in
2963 3298 3108 3352 exitu
3136 3299 3346 3352 canitur
3364 3297 3406 3362 °,
3439 3306 3495 3354 ut

1908 3388 2101 3457 spiritu
2128 3402 2236 3456 quo
2285 3388 2350 3456 (j)
2379 3389 2656 3457 aepimus,
2686 3387 2922 3456 ejusdem
2955 3388 3162 3442 Domini
3182 3389 3349 3454 gratia
3373 3404 3494 3458 pcr-

1909 3478 2154 3533 ﬁciamur
2179 3521 2192 3544 ,
2224 3486 2279 3532 et
2306 3492 2474 3545 usque
2505 3477 2571 3530 ad
2609 3475 2768 3530 finem
2799 3478 3050 3546 praecepti
3080 3492 3384 3546 pareamus,
3409 3476 3493 3531 cui

1910 3568 2154 3623 videmur
2179 3568 2233 3621 in
2273 3567 2447 3636 capite
2487 3567 2695 3621 consilii
2730 3567 2989 3636 paruisse.
3019 3565 3313 3620 Consilium
3352 3566 3492 3619 enim

1906 3659 2018 3723 dat,
2047 3673 2154 3712 non
2183 3665 2527 3726 przeceptum,
2559 3657 2650 3724 qui
2681 3672 2788 3710 non
2817 3656 2945 3711 dicit
2977 3674 2988 3708 :
3021 3655 3150 3710 Esto
3176 3655 3442 3726 perfectus
3476 3674 3490 3708 :

1905 3759 2017 3823 sed,
2049 3758 2112 3814 Si
2139 3759 2214 3811 vis
2242 3773 2352 3811 esse
2377 3758 2632 3828 perfectus
2663 3766 2687 3805 ιι
2718 3774 2730 3808 :
2763 3757 2887 3825 quia
2928 3756 3147 3811 libertas
3178 3758 3491 3824 voluntatis,

1905 3876 2023 3930 quae
2053 3860 2192 3913 bona
2222 3873 2344 3912 cum
2370 3866 2453 3910 est
2481 3871 2640 3926 supra
2670 3857 2839 3924 legem
2869 3864 2971 3921 est,
3003 3873 3110 3911 non
3139 3858 3366 3925 cogitur,
3399 3855 3490 3910 sed

1905 3960 2177 4024 suadetur,
2209 3966 2263 4012 et
2303 3959 2415 4027 ipsa
2467 3957 2568 4013 sibi
2622 3958 2707 4010 lex
2754 3966 2854 4012 est.
2903 3957 3170 4023 Quantum
3214 3966 3390 4009 autem
3422 3957 3491 4008 sit

1904 4061 2176 4116 Christum
2204 4058 2376 4127 sequi,
2400 4065 2554 4126 potes
2577 4057 2644 4110 de
2669 4057 2907 4125 Apostoli
2931 4056 3194 4110 sententia
3216 4057 3490 4124 colligere,

1905 4177 2010 4232 qua
2038 4161 2114 4213 ait
2145 4177 2156 4211 :
2189 4157 2287 4222 Qui
2310 4159 2434 4210 dicit
2462 4173 2515 4209 se
2554 4155 2813 4208 Christum
2850 4156 3011 4225 sequi,
3049 4153 3212 4216 debet,
3245 4156 3375 4206 sicut
3405 4155 3491 4206 ille

1907 4261 2205 4324 ambulavit,
2237 4268 2285 4312 et
2313 4260 2424 4328 ipse
2450 4255 2713 4309 ambulare
2742 4265 2787 4308 (ι.
2819 4256 2969 4326 161
3001 4252 3282 4319 Quomodo
3312 4261 3491 4306 autem

1905 4361 2260 4420 ambulaverit
2286 4357 2545 4420 Christus,
2578 4355 2734 4410 docet
2762 4355 2898 4409 alius
2921 4353 3175 4422 magister
3207 4371 3218 4406 :
3250 4349 3348 4416 Qui
3374 4368 3491 4420 pec-

1905 4477 2108 4530 catum,
2157 4461 2345 4531 inquit,
2389 4475 2494 4512 non
2542 4457 2680 4528 fecit,
2729 4471 2820 4509 nec
2859 4454 3006 4508 dolus
3047 4454 3278 4506 inventus
3315 4461 3388 4506 est
3432 4454 3488 4506 in

1819 4572 1875 4634 D
1899 4587 1984 4628 ore
2026 4569 2136 4640 ejus
2171 4575 2189 4603 ι’
2229 4582 2240 4618 :
2293 4562 2377 4634 qui
2425 4574 2538 4612 cum
2567 4556 2974 4620 malediceretur,
3025 4570 3128 4608 non
3160 4553 3234 4626 (k)
3266 4555 3485 4608 remale-

276 4725 300 4752 ι
326 4715 488 4769 Rom.
519 4729 591 4777 vr,
623 4713 672 4766 4.
751 4709 780 4749 ιν
807 4710 946 4765 Psal.
981 4726 1106 4773 va,
1132 4709 1217 4762 Η.
1245 4778 1256 4779 7
1299 4719 1320 4747 ο
1351 4708 1486 4764 Gen.
1519 4726 1556 4775 ι,
1585 4711 1635 4777 7;
1661 4712 1809 4769 Exod

1910 4729 1948 4779 ι,
1975 4709 2038 4776 ’2;
2062 4707 2180 4779 Act.
2207 4699 2390 4779 15.350;
2419 4696 2560 4750 Psal.
2590 4711 2675 4779 sv,
2701 4693 2763 4779 ξι
2790 4702 2845 4749 ει
3038 4690 3370 4779 ἀξεὲί,.χχιΧ’

211 4763 605 4848 Μιιιίῑίίῖἣὲ.
634 4763 708 4819 ’τε
736 4763 905 4834 ιιοηίζ
926 4797 962 4834 ιι
983 4819 996 4843 ,
1024 4763 1117 4833 η’.
1199 4779 1215 4818 ί
1243 4778 1382 4848 Psal.
1410 4763 1582 4846 ixvut’,
1613 4763 1809 4837 éf'ﬁ

1910 4763 1950 4836 5,.
1987 4763 2038 4842 1,
2065 4777 2152 4830 20.
2230 4763 2262 4809 ιί
2409 4782 2570 4848 xvm',‘
2589 4765 2647 4848 δι
2672 4773 2727 4818 et
2754 4763 2997 4848 καλλι.

3083 4761 3256 4832 iiEph.
3292 4781 3360 4825 vi,
3397 4764 3481 4821 12.

213 4831 688 4916 ἷνῖιῖιῖιῖηῖῖξ-Μ.
730 4831 995 4918 fili—Cor:
1027 4865 1066 4916 ι,
1094 4831 1181 4902 Ἥ.
1245 4831 1768 4918 Πιέιὶιίῗὲιὶιῇἰιζ
1797 4831 2107 4904 Ἷῖῗίίιιίιὶι.
2142 4859 2255 4907 xm,
2283 4838 2370 4893 46.
2449 4846 2474 4873 ιι
2531 4835 2670 4892 Psal.
2704 4850 2792 4889 cut
2817 4873 2831 4898 ,
2872 4831 2960 4886 26.
3041 4840 3065 4868 ο
3105 4831 3272 4887 Exod.
3307 4851 3394 4900 xv,
3429 4837 3480 4890 t.

212 4932 237 4971 ι)
262 4923 453 4977 Matth.
485 4914 594 4987 xix,
617 4921 704 4975 2|.
730 4914 738 4922 ’
784 4920 851 4974 (ιι
878 4919 998 4974 Joh.
1029 4914 1088 4984 ll,
1117 4919 1169 4971 6.
1248 4929 1270 4956 τ
1302 4918 1424 4973 lsai.
1455 4935 1564 4984 Llll,
1597 4914 1648 4975 9.

279 5056 353 5125 (a)
396 5053 547 5110 lianc
571 5067 758 5125 vocem
782 5049 1204 5125 Aemendavimus
1242 5049 1296 5104 in
1332 5056 1503 5125 textu,
1553 5050 1789 5125 licet__ta-

211 5118 409 5180 men'in
433 5141 560 5180 mss.
585 5132 640 5178 et
667 5121 824 5178 editis
844 5120 1116 5176 codicibus
1135 5120 1341 5189 legatur
1359 5118 1627 5174 Chanaan.
1657 5121 1793 5176 Vide

211 5206 320 5250 not.
355 5195 480 5249 114.

281 5266 354 5335 (b)
396 5265 472 5319 ita
498 5281 598 5320 ms.
630 5263 784 5335 Yiien.
818 5260 1183 5335 Alii_codices,
1210 5259 1446 5335 Domine.
1469 5258 1560 5315 Sic
1577 5275 1795 5335 quoque

211 5350 273 5389 ex
289 5329 497 5390 eodem
520 5349 618 5388 ms.
639 5333 793 5388 Vien.
819 5332 979 5399 paulo
993 5331 1213 5390 inferius
1227 5330 1582 5400 reposuimus,
1602 5329 1791 5395 Deum,

214 5406 296 5460 ubi
327 5405 508 5460 caeteri
538 5403 692 5459 codd.
726 5402 1023 5457 Dominum.

307 5477 356 5545 c)
397 5476 487 5545 Sic
515 5475 629 5545 ms.‘
646 5472 815 5527 codex
844 5471 997 5525 Vien.
1025 5470 1159 5545 Alii,
1180 5470 1378 5545 recipit.

307 5477 356 5545 c)
397 5476 487 5528 Sic
515 5476 629 5527 ms.‘
646 5476 815 5527 codex
845 5476 997 5525 Vien.
1025 5476 1146 5535 Alii,
1180 5476 1378 5540 recipit.

283 5476 363 5613 ξεί)
404 5543 501 5598 Ms.
532 5543 712 5613 Vien.,
756 5550 1070 5613 occupata...
1116 5540 1451 5613 circumdata,
1500 5553 1606 5613 non
1631 5538 1788 5594 male.

217 5609 552 5668 Retinuimus
603 5609 888 5680 vulgatam
925 5610 1242 5680 lectionem,
1293 5609 1416 5680 quia
1466 5609 1625 5678 paulo
1671 5615 1796 5680 ante

217 5685 506 5753 pmcessit,
526 5700 640 5737 cum
667 5678 715 5735 et
744 5681 1004 5750 occupatis
1024 5679 1309 5734 hominibus
1331 5679 1383 5730 in
1408 5688 1640 5734 oromutu
1661 5678 1792 5731 sit...

219 5756 388 5809 lumen
417 5755 604 5810 videre.

293 5825 361 5895 (ε)
400 5825 498 5880 Ms.
529 5823 673 5886 νει,
708 5823 844 5891 ferus
873 5821 1073 5893 anguis.

499 5916 768 5976 ΡΑτιιοι..
819 5911 980 5971 LXI.

1993 5050 2036 5121 f)
2073 5045 2151 5100 Ita
2178 5041 2448 5121 msy‘ie‘n.
2475 5037 2686 5121 Caneri,
2716 5037 2787 5090 ad
2811 5038 3170 5121 inspectionem
3195 5039 3367 5093 cordis
3391 5057 3483 5094 no-

1897 5106 2267 5174 stri'vacantis.
2301 5111 2445 5164 Edit.
2476 5108 2686 5173 Schot.,
2716 5106 3030 5161 vacantibus.

1970 5187 2045 5270 (9)
2086 5186 2162 5239 Ita
2517 5186 2691 5244 vetus,
2713 5185 2770 5232 et
2788 5176 3115 5245 Augustinus
3144 5177 3196 5230 in
3217 5192 3483 5232 commen-

1897 5251 2036 5313 tario
2064 5269 2227 5323 super
2245 5251 2506 5323 psalmos.
2658 5316 2670 5321 _

1970 5315 2176 5398 (It)‘Sic
2211 5315 2309 5398 Hs.
2359 5319 2513 5374 Vien.
2555 5326 2611 5372 et
2651 5315 2941 5373 Sacchinus
2986 5315 3271 5384 legendum
3295 5328 3484 5368 cense-

1899 5391 2648 5465 ΙιιιὶζΑιὶἱ(ιοιιίρςξιῑ,ειιιίιηιε⁸
2727 5457 2764 5465 _
2817 5457 2832 5465 _
2941 5463 2946 5465 Α
3005 5454 3037 5465 η
3077 5454 3089 5465 ,
3186 5453 3199 5465 ,
3319 5451 3330 5462 .

1973 5467 2034 5592 φ
2074 5465 2154 5519 Ita
2173 5477 2273 5517 ms.
2299 5453 2453 5514 Vien.
2485 5467 2542 5513 et
2565 5458 2693 5538 edit.
2726 5457 2856 5512 Bad.
2899 5463 2954 5510 et
2977 5454 3148 5537 .Grin.
3186 5453 3399 5532 brevius
3427 5467 3480 5508 et

1973 5537 2093 5592 tius
2113 5547 2276 5592 quam
2322 5530 2374 5584 in
2419 5529 2538 5584 aliis
2577 5528 2869 5592 codicibus,
2899 5541 2990 5592 qui
3027 5523 3226 5578 addunt
3251 5522 3479 5590 ejusdem

1900 5522 2093 5592 melius
2113 5547 2276 5604 quam
2322 5530 2374 5584 in
2419 5529 2538 5610 aliis
2577 5527 2869 5593 codicibus,
3027 5523 3226 5578 addunt
3251 5522 3479 5590 ejusdem

1910 5605 2131 5646 "nmini,
2167 5603 2257 5646 Sin
2284 5608 2339 5646 et
2361 5600 2412 5646 in
2442 5606 2593 5646 emst.
2628 5597 2716 5646 29-
2746 5611 2893 5646 num.
2955 5612 3005 5646 ο.

1902 5597 2149 5662 Domini:
2167 5603 2257 5658 Sic
2284 5608 2339 5656 et
2360 5600 2414 5654 in
2442 5599 2593 5670 epist.
2628 5597 2717 5664 29,
2746 5611 2893 5650 num.
2922 5597 3005 5646 15.
3094 5662 3104 5672 .

1976 5677 2042 5748 (j)
2080 5674 2170 5748 S_ic
2196 5687 2323 5728 mss.
2349 5670 2473 5748 fat.
2503 5676 2567 5748 et
2586 5666 2738 5748 Vien.
2771 5663 2930 5748 _Ed_iti,
2958 5670 3105 5748 Ἥρη
3129 5679 3323 5717 sumus.

1909 5806 1940 5816 _
1979 5730 2057 5816 (Ιέ)
2089 5744 2179 5816 [ιιι
2202 5759 2304 5816 ms.
2349 5739 2480 5808 Reg.
2521 5743 2576 5792 et
2603 5735 2731 5816 editi
2842 5731 2942 5816 bis.
2977 5730 3129 5787 Vien.
3152 5774 3166 5801 ,
3193 5750 3295 5788 non
3318 5732 3475 5786 male~

1909 5799 2059 5872 dicit:
2089 5812 2228 5869 Edit.
2257 5799 2456 5876 Rosv.,'
2477 5821 2580 5862 non
2603 5799 2960 5859 maledicebet.

3123 5897 3199 5955 10
