4078 6352
254 415 347 471 301

1623 411 1952 470 EPISTOLA
1987 413 2148 470 XXV.

3395 386 3502 473 3’02

257 528 324 584 hil
345 528 492 583 enim
532 538 609 583 est
638 568 653 592 ,
682 528 963 585 benedicte
991 528 1063 584 liii
1082 570 1098 597 ,
1140 529 1284 600 quod
1312 534 1483 599 possut
1511 535 1602 582 aut
1630 526 1824 583 debeat
1849 528 1902 587 Α
1926 542 2030 593 que
2057 528 2200 582 enim
2246 529 2569 600 quicumque
2615 539 2857 587 terrenus
2885 545 2980 586 rex
3021 537 3184 587 totius
3205 541 3362 587 terrze
3401 530 3501 589 do-

255 616 483 691 przeferri
532 620 582 673 ei
625 620 714 688 qui
744 627 825 673 est
854 635 1012 676 verus
1048 620 1306 674 Dominus
1328 661 1345 686 ,
1375 626 1430 674 et
1460 633 1617 673 verus
1645 630 1821 688 pater,

253 715 304 766 et
332 710 635 780 imperator
659 723 906 767 aeternus.
958 712 1057 767 Cui
1084 713 1226 766 enim
1249 714 1270 743 ³
1300 711 1498 767 rectius
1519 712 1682 765 vitam
1721 726 1823 765 no-

250 808 412 855 stram
444 799 800 870 impendimus
820 841 835 867 ,
884 818 1046 871 quam
1071 801 1173 871 ipsi
1202 802 1222 832 ³
1253 817 1283 855 a
1304 817 1412 872 quo
1436 816 1555 856 eam
1574 800 1594 831 ⁸
1616 799 1824 870 accepi-

249 909 396 959 mus,
452 900 508 947 et
548 893 636 947 cui
679 908 798 947 eam
845 908 1010 963 usque
1058 894 1111 948 in
1144 893 1301 948 linem
1346 893 1670 958 debemus“;
1697 894 1825 961 quia

248 983 408 1052 ipsius
432 981 693 1036 benelicio
722 983 986 1038 vivimus?
1024 982 1079 1037 Si
1113 992 1290 1038 tamen
1319 983 1372 1037 in
1400 983 1506 1039 hoc
1542 983 1724 1038 seculo
1746 983 1825 1038 illi

246 1072 648 1127 militaverimus
674 1114 689 1138 ,
738 1080 862 1126 tunc
901 1071 968 1126 ad
1016 1074 1190 1142 ipsum
1221 1071 1448 1127 transire
1475 1071 1819 1126 merebimur.

245 1163 397 1231 Quod
418 1163 463 1219 si
493 1164 663 1231 magis
688 1162 1038 1218 dilexerimus
1064 1163 1168 1218 hoc
1194 1163 1455 1228 seculnm,
1485 1169 1540 1217 et
1565 1160 1821 1216 malueri-

245 1270 362 1311 mus
390 1252 589 1308 Caesari
636 1253 866 1308 militare
913 1269 1072 1325 quam
1106 1253 1355 1320 Christo,
1402 1261 1589 1324 postea
1616 1267 1725 1307 non
1751 1252 1823 1306 ad

178 1420 183 1425 Δ
242 1344 539 1412 Christum,
569 1345 664 1401 sed
694 1346 760 1400 ad
783 1346 1085 1415 gehennam
1117 1344 1521 1412 transferemur,
1551 1344 1641 1401 ubi
1670 1344 1821 1414 prin-

242 1439 417 1507 cipum
448 1436 605 1505 hujus
633 1436 796 1490 seculi
827 1437 847 1467 ⁸
876 1436 1102 1491 vertitur
1128 1450 1307 1503 causa.

305 1527 359 1580 Ξ.
402 1526 530 1580 Ideo
558 1542 657 1581 nec
685 1525 935 1580 allectum
963 1567 977 1594 ,
1007 1541 1109 1581 nec
1136 1526 1363 1596 patriam
1384 1565 1399 1590 ,
1430 1540 1531 1581 nec
1564 1526 1820 1593 honores,

240 1634 335 1674 nec
384 1618 601 1673 divitias
648 1617 760 1672 Deo
805 1617 1060 1687 priet‘erre
1088 1617 1376 1683 debemus,
1408 1618 1534 1686 quia
1562 1617 1820 1687 scriptum

239 1721 318 1767 est
346 1730 359 1764 :
398 1711 640 1765 Prwterit
663 1710 819 1780 hujus
839 1710 1017 1765 mundi
1037 1711 1210 1782 figura
1225 1719 1271 1763 α.
1299 1708 1366 1763 Et
1392 1710 1483 1779 qui
1511 1710 1655 1765 hunc
1672 1724 1824 1765 mun-

240 1800 364 1855 dum
395 1799 703 1863 dilexerint,
734 1816 857 1855 cum
882 1800 1001 1871 ipso
1030 1809 1085 1854 et
1110 1800 1380 1871 peribunt.
1412 1799 1538 1855 Ideo
1565 1801 1682 1870 ipse
1709 1800 1818 1856 Do-

1928 617 2102 671 minus
2128 618 2507 679 est.,Christus
2535 627 2712 675 autem
2743 621 2904 676 totius
2936 620 3116 676 mundi
3145 621 3222 692 (ά)
3251 620 3501 683 dominus

1926 715 1981 759 et
2014 704 2125 760 Rex
2152 715 2234 761 est
2259 725 2271 759 :
2306 708 2433 776 quia
2467 710 2642 762 omnia
2661 726 2752 779 per
2777 711 2944 779 ipsum
2973 712 3113 781 facta
3139 719 3288 778 sunt,
3313 720 3363 766 et
3386 711 3501 767 sine

1924 797 2035 865 ipso
2064 799 2259 868 factum
2284 806 2360 852 est
2387 798 2517 853 nihil
2540 799 2593 865 h;
2625 809 2679 855 et
2706 801 2821 870 ipse
2851 812 2927 855 est
2951 800 3063 859 Rex
3096 819 3301 874 regum,
3332 802 3501 859 etDo-

1925 887 2095 940 minus
2123 886 2536 953 dominantium;
2567 897 2622 944 et
2660 892 2711 944 in
2744 892 2896 944 terris
2934 889 2973 956 ί,
2995 900 3046 945 et
3082 893 3135 947 in
3178 894 3337 961 mari,
3367 901 3415 948 et
3445 895 3502 949 in

1925 974 2127 1048 abyssis
2148 982 2321 1034 omnia
2344 998 2458 1052 quia
2479 982 2583 1035 vult
2608 983 2735 1053 facit
2763 982 2806 1035 i.
3034 1054 3037 1059 ⁴

1994 1070 2049 1122 4.
2091 1068 2242 1124 Hunc
2268 1070 2429 1138 igitur
2455 1086 2764 1140 sequamur,
2806 1072 2929 1128 huic
2968 1074 3290 1142 militemus;
3313 1075 3384 1146 (c)
3412 1075 3500 1133 cui

1924 1163 2133 1218 cinctus
2151 1177 2437 1231 numquam
2464 1164 2779 1232 discingitur
2805 1166 2958 1220 miles
2984 1183 2997 1219 :
3028 1167 3120 1235 qui
3148 1166 3501 1227 militantibus

1924 1252 2028 1309 sibi
2056 1254 2283 1322 gloriam
2326 1254 2451 1310 vitae
2478 1263 2719 1323 aeternis,
2762 1257 3022 1313 honorem
3052 1259 3204 1328 regni
3242 1259 3495 1324 caelestis,

1924 1352 1981 1399 et
2029 1343 2246 1400 divitias
2282 1345 2597 1401 hereditatis
2642 1361 2787 1413 suae,
2839 1356 2896 1402 et
2938 1347 3133 1404 divina:
3178 1350 3501 1419 cognitionis
3592 1384 3601 1393 -

1923 1435 2254 1490 consortium
2278 1450 2517 1505 perenne
2558 1436 2804 1505 largitur.
2842 1436 3111 1509 Scriptum
3156 1448 3241 1495 est
3276 1447 3494 1496 autem:

1926 1519 2027 1587 Qui
2045 1525 2315 1592 pecuniam
2351 1524 2556 1594 diligit,
2591 1541 2694 1579 non
2714 1526 3126 1595 justiﬁcabitur:
3153 1539 3203 1583 et
3229 1531 3317 1600 qui
3341 1538 3498 1583 terre-

1923 1629 2019 1666 nas
2045 1615 2397 1682 possessiones
2438 1616 2756 1685 concupiscit
2777 1658 2791 1683 ,
2823 1618 2879 1671 in
2905 1618 3044 1684 illis,
3074 1619 3213 1674 sicut
3239 1600 3497 1689 scriptum

1924 1714 2024 1770 est,
2055 1706 2124 1776 (f)
2153 1704 2518 1775 implanabitur
2546 1705 2591 1759 ιι.
2636 1706 2767 1761 Nam
2790 1708 2842 1762 in
2870 1706 3248 1766 Eeclesiastico
3271 1726 3368 1781 per
3396 1711 3495 1767 Sa-

1925 1796 2194 1850 lomonem
2241 1797 2478 1866 loquitur
2514 1796 2690 1851 divina
2732 1797 3004 1868 Sapientia
3032 1818 3044 1852 :
3079 1798 3213 1866 Quia
3241 1801 3387 1855 multi
3416 1802 3495 1874 (ο)

239 1891 416 1945 minus
444 1891 497 1944 in
519 1887 810 1959 Evangelio
840 1896 1176 1945 contestatur
1197 1890 1240 1953 ⁷,
1272 1898 1328 1943 et
1348 1888 1475 1944 dicit
1499 1907 1511 1941 :
1545 1888 1646 1953 Qui
1673 1897 1816 1944 amat
1845 1875 1892 1935 Β
1920 1886 2195 1955 periclitati
2226 1894 2345 1939 sunt
2372 1887 2488 1939 auri
2527 1904 2712 1954 causa,
2740 1896 2789 1942 et
2828 1890 2970 1961 facta
3006 1899 3084 1944 est
3112 1890 3166 1943 in
3195 1892 3330 1960 facie
3356 1892 3496 1946 illius

237 1991 437 2050 patrem
463 1990 553 2035 aut
579 1990 792 2034 matrem
814 1981 927 2051 plus
956 1996 1107 2051 quam
1128 1996 1210 2033 me
1231 2018 1245 2044 ,
1276 1995 1379 2033 non
1402 1989 1478 2033 est
1505 1996 1585 2033 me
1609 1980 1814 2051 dignus.

237 2066 302 2124 Et
322 2073 413 2143 qui
437 2088 539 2126 non
575 2071 763 2142 accipit
801 2087 998 2124 crucem
1028 2086 1203 2132 suam,
1235 2079 1283 2123 et
1315 2072 1540 2140 sequitur
1569 2086 1682 2135 me,
1714 2086 1819 2123 non

204 2226 207 2229 _
234 2170 401 2229 potest
434 2178 573 2215 meus
598 2177 709 2215 esse
737 2159 1016 2232 discipulus
1046 2159 1095 2213 ι).
1126 2157 1202 2213 De
1230 2159 1429 2216 divitiis
1455 2168 1634 2214 autem
1662 2158 1820 2228 hujus

234 2250 438 2314 seculi,
484 2264 618 2319 quas
660 2248 877 2317 quidam
908 2264 1006 2320 pro
1034 2264 1243 2315 summo
1268 2249 1410 2303 bono
1433 2257 1489 2303 et
1515 2249 1819 2303 necessario

233 2341 632 2411 amplectuntur
671 2348 726 2393 et
753 2338 1015 2409 diligunt,
1066 2340 1137 2394 ita
1168 2338 1335 2393 dicit:
1369 2337 1445 2409 (a)
1479 2335 1602 2391 Non
1635 2338 1821 2408 prode-

162 2482 165 2483 ,
232 2439 352 2484 runt
403 2431 628 2484 thesauri
656 2430 843 2500 iniquis
868 2472 882 2495 ,
908 2430 1115 2499 justitia
1139 2438 1305 2483 autem
1343 2428 1493 2498 eripit
1516 2445 1549 2481 a
1577 2436 1739 2482 morte
1770 2440 1813 2480 ε’.

230 2519 299 2574 Et
329 2521 526 2575 iterum
574 2536 671 2589 per
719 2520 1033 2589 prOphetam
1068 2517 1140 2589 (b)
1173 2520 1246 2572 ait
1282 2538 1294 2571 :
1331 2514 1678 2572 Exterminati
1700 2525 1821 2572 sunt

231 2610 247 2675 (
264 2608 329 2661 V.
358 2617 474 2663 not.
510 2608 634 2678 120)
666 2624 837 2662 omnes
883 2608 973 2677 qui
1022 2592 1237 2661 exa’ltati
1260 2608 1467 2678 fuerant
1494 2623 1627 2660 auro
1653 2615 1707 2660 et
1734 2623 1822 2659 ar-

227 2709 386 2768 gento
417 2697 465 2751 ά.
518 2698 574 2751 in
623 2697 913 2766 Evangelio
960 2712 1175 2765 quoque
1222 2696 1453 2760 clamat,
1506 2695 1822 2763 etiamque8

224 2792 570 2860 prmdamnat
598 2791 792 2844 divites
819 2789 984 2844 seculi
1012 2791 1195 2843 dicens
1224 2807 1236 2840 :
1276 2787 1369 2842 Va:
1397 2787 1533 2841 vobis
1565 2786 1821 2848 divitibus,

223 2883 357 2952 quia
380 2880 577 2933 habetis
606 2880 1007 2933 consolationem
1036 2887 1255 2932 vestram
1283 2895 1294 2906 '
1325 2895 1399 2931 me
1418 2877 1556 2931 vobis
1577 2879 1661 2947 qui
1683 2885 1826 2931 satu-

224 2969 345 3020 rati
374 2968 514 3031 estis,
538 2970 657 3039 quia
678 2968 942 3033 esurietis;
965 2982 1040 3021 va:
1068 2966 1203 3021 vobis
1222 2968 1308 3036 qui
1329 2967 1510 3037 ridetis
1531 2983 1682 3033 nunc,
1704 2968 1826 3035 quia

219 3056 476 3128 lugebitis
496 3065 546 3111 et
585 3058 772 3125 ﬂebitis
798 3066 819 3093 °
1028 3072 1041 3079 ‘
1668 3040 1673 3053 ’

246 3168 253 3173 ·
299 3148 363 3202 5.
405 3147 527 3203 Noli
556 3162 689 3216 ergo
718 3147 920 3201 diutius
946 3147 1169 3223 diligere
1197 3148 1338 3201 hunc
1363 3145 1615 3201 mundum
1645 3160 1820 3215 neque

1921 1976 2140 2055 perditio
2168 1976 2413 2045 ipsorum.
2465 1974 2707 2048 Lignum,
2741 1978 2932 2047 inquit,
2964 1979 3263 2048 ofensionis
3284 1980 3397 2051 ejus
3419 1988 3497 2035 est

1922 2083 2123 2132 aurum,
2150 2075 2197 2120 et
2221 2067 2394 2137 dejicit
2432 2085 2519 2122 eos
2560 2068 2664 2138 (Al.
2700 2086 2775 2123 vze
2805 2071 2929 2138 illis)
2951 2072 3036 2142 qui
3053 2080 3315 2126 sectantur
3340 2062 3491 2127 illud.

1920 2156 2026 2212 Sed
2044 2174 2149 2212 nun
2167 2160 2331 2212 omnis
2351 2158 2449 2213 nisi
2475 2160 2769 2228 imprudens
2786 2161 3027 2227 disperiet
3050 2163 3102 2216 in
3124 2162 3213 2217 illo
3234 2161 3278 2216 ι.
3292 2148 3495 2230 Quatu-

1922 2249 2108 2302 obrem
2140 2248 2263 2316 fuge
2313 2248 2380 2303 ab
2421 2248 2542 2314 illo,
2587 2248 2689 2318 liii,
2721 2253 2859 2306 sicut
2901 2266 2931 2306 a
2976 2250 3111 2307 facie
3138 2254 3400 2323 serpentis
3428 2263 3491 2320 π’,

1920 2338 2148 2393 credens
2177 2337 2412 2406 Christo,
2463 2340 2553 2408 qui
2592 2341 2643 2394 in
2673 2339 2965 2410 Evangelio
2994 2349 3219 2398 testatur
3245 2344 3496 2400 omnibus

1922 2429 2267 2483 hominibus:
2313 2428 2446 2494 Quia
2483 2448 2585 2484 non
2620 2434 2673 2484 in
2709 2431 3030 2486 abundantia
3063 2434 3362 2505 cujusquam
3393 2435 3498 2490 vita

1923 2521 2035 2591 ejus
2055 2530 2213 2575 estea:
2242 2521 2322 2574 his
2343 2538 2456 2591 quit
2474 2522 2702 2591 possidet
2734 2531 2781 2574 ".

1997 2610 2051 2663 5.
2089 2609 2195 2664 Sed
2226 2619 2277 2664 te
2307 2610 2532 2663 forsitan
2554 2611 2729 2665 aetatis
2757 2609 2946 2665 fiducia
2970 2613 3032 2676 η,
3061 2620 3117 2667 et
3138 2612 3303 2682 stipes
3326 2613 3499 2683 digni-

1927 2707 2120 2766 tatum,
2150 2699 2235 2753 vel
2263 2699 2564 2753 divitiarum
2587 2709 2871 2768 augmenta
2896 2701 3203 2765 sollicitant,
3228 2710 3287 2756 ut
3311 2702 3456 2759 dicas
3482 2722 3497 2757 :

1928 2789 2114 2844 Adhuc
2138 2789 2350 2858 juvenis
2378 2804 2527 2854 sum;
2567 2797 2648 2843 est
2696 2806 2835 2845 nunc
2863 2798 3074 2860 tempus
3118 2800 3177 2846 ut
3216 2806 3498 2863 parumper

1928 2878 2168 2943 militem,
2203 2885 2257 2931 et
2288 2892 2506 2931 uxorem
2537 2876 2758 2943 ducam,
2790 2887 2845 2931 et
2874 2878 3010 2932 filios
3038 2877 3282 2945 habeam,
3308 2888 3363 2933 et
3401 2894 3498 2952 po-

1926 2978 2039 3025 stea
2065 2969 2174 3024 Deo
2200 2968 2440 3023 serviam.
2511 2965 2593 3020 Ad
2622 2966 2731 3021 inec
2769 2967 2860 3022 tibi
2887 2967 3207 3037 respondet,
3242 2986 3348 3025 non
3372 2984 3492 3039 ego,

1927 3061 2018 3116 sed
2049 3061 2322 3123 Dominus,
2357 3060 2447 3128 qui
2473 3058 2711 3127 loquitur
2750 3059 2800 3113 in
2844 3060 3119 3130 prophetis
3143 3068 3196 3115 et
3238 3063 3497 3134 apostolis

1924 3155 2053 3221 suis,
2088 3161 2140 3208 et
2170 3152 2246 3224 (Ιι)
2277 3151 2504 3221 Sapiens
2542 3150 2706 3204 dicit:
2757 3149 2841 3203 Ne
2876 3150 2939 3222 (i)
2971 3151 3143 3206 tardes
3178 3155 3397 3207 converti
3427 3154 3497 3207 ad

225 3237 485 3293 militiam
515 3234 653 3303 ejus,
686 3235 813 3305 quia
839 3233 1129 3287 secundum
1156 3232 1442 3304 Scriptum:
1469 3234 1813 3289 autoritatem
1840 3229 1887 3293 C
1918 3243 2228 3305 Dominum,
2282 3257 2374 3294 nec
2419 3239 2635 3309 differas
2669 3240 2705 3270 ¹¹
2737 3239 2799 3292 de
2841 3239 2925 3293 die
2963 3241 3016 3293 in
3053 3240 3206 3306 dim,
3241 3259 3303 3295 ηε
3330 3241 3496 3296 subito

226 3330 477 3383 inimicus
506 3326 602 3380 Dei
631 3335 708 3380 est
733 3326 1033 3395 quicumque
1049 3327 1245 3380 amicus
1270 3336 1346 3381 est
1367 3328 1524 3380 seculi
1551 3324 1595 3381 ί.
1626 3325 1693 3380 Ει
1721 3327 1814 3396 qui
1918 3333 2086 3386 veniat
2127 3332 2208 3384 ira
2240 3329 2377 3383 illius
2409 3338 2456 3383 ο.
2508 3328 2566 3383 lu
2598 3326 2888 3394 Evangelia
2921 3337 3098 3382 autem
3146 3346 3253 3398 quo
3297 3329 3495 3385 ardore

229 3420 434 3474 militat
457 3417 655 3485 gladio,
689 3416 879 3471 mortis
908 3417 1148 3471 minister
1176 3427 1275 3472 est.
1322 3417 1427 3484 Qui
1454 3426 1631 3473 autem
1660 3433 1814 3473 suum
1918 3416 2313 3492 properandum
2358 3419 2428 3472 sit
2470 3416 2537 3471 ad
2584 3418 3020 3481 conversionem,
3071 3418 3337 3484 Ostendit,
3372 3435 3493 3475 cum

230 3511 320 3565 vel
352 3510 591 3563 alienum
618 3508 933 3575 sanguinem
962 3506 1161 3568 fundit,
1208 3507 1298 3562 hic
1335 3509 1557 3578 recipiet
1582 3508 1815 3564 ffuctum
1918 3513 2084 3568 dicit:
2118 3513 2160 3565 Α
2190 3512 2367 3565 diebus
2389 3520 2556 3564 autem
2597 3509 2856 3564 Johannis
2894 3526 3051 3580 usque
3093 3511 3161 3563 ad
3195 3512 3498 3566 hodiernum

231 3602 652 3674 stipendiorum.
683 3600 790 3654 Aut
815 3600 960 3654 enim
986 3600 1135 3655 exitu
1162 3600 1352 3657 mortis
1373 3601 1642 3656 tenebitur
1666 3617 1813 3670 reus,

233 3703 330 3750 aut
346 3694 574 3750 crimine
595 3711 608 3745 :
636 3692 762 3761 quia
782 3706 1001 3748 necesse
1018 3700 1103 3746 est
1122 3699 1180 3746 ut
1203 3693 1356 3747 miles
1377 3693 1430 3745 in
1444 3693 1609 3761 bello,
1630 3694 1684 3748 in
1707 3708 1817 3763 quo

237 3797 423 3841 tamen
446 3800 555 3840 non
582 3793 692 3839 tam
710 3799 806 3853 pro
820 3799 878 3838 se
898 3798 1056 3852 quam
1075 3799 1171 3853 pro
1184 3784 1291 3839 alio
1312 3783 1547 3851 dimicat,
1563 3791 1656 3839 aut
1666 3801 1817 3839 suam

237 3886 473 3933 mortem
512 3877 687 3931 victus
724 3876 981 3943 inveniat,
1035 3885 1129 3929 aut
1169 3876 1357 3931 mortis
1400 3892 1620 3930 causam
1647 3878 1821 3931 victor

239 3969 505 4038 acquirat,
533 3967 656 4036 quia
676 3967 850 4021 victor
872 3980 991 4020 esse
1019 3979 1127 4018 non
1154 3966 1373 4034 poterit,
1403 3966 1449 4019 si
1465 3965 1665 4021 eﬁ‘usor
1693 3982 1820 4019 san-

238 4058 417 4126 guinis
427 4066 555 4111 ante
571 4072 677 4112 uon
694 4056 869 4112 luerit.
895 4054 1023 4113 Ideo
1035 4056 1164 4112 dicit
1176 4056 1458 4109 Dominus:
1475 4054 1601 4109 Non
1611 4057 1824 4125 potestis

240 4150 440 4204 duobus
480 4148 700 4201 dominis
745 4149 934 4201 servire
960 4156 1006 4199 It.
1050 4145 1157 4201 Sed
1202 4145 1329 4213 quia
1369 4146 1461 4199 uni
1493 4144 1563 4214 (c)
1595 4144 1825 4198 Domino

242 4238 591 4297 serviendum
621 4246 740 4302 est,
790 4236 947 4293 facile
974 4248 1106 4307 puto
1132 4251 1253 4291 esse
1287 4234 1518 4290 discerni
1538 4238 1579 4300 ',
1609 4235 1694 4289 cui
1724 4250 1826 4304 po-

244 4331 349 4387 tius
376 4331 570 4386 serviri
613 4330 838 4394 debeat,
871 4329 981 4385 Deo
1010 4344 1076 4382 an
1110 4341 1449 4389 mammonae,
1488 4325 1644 4397 16h
1668 4324 1827 4380 Chri-

246 4432 330 4480 sto
352 4440 423 4478 an
445 4421 675 4489 Caesari;
700 4438 823 4478 cum
850 4422 967 4492 ipse
985 4420 1166 4476 Caesar
1186 4419 1384 4474 Christi
1406 4432 1594 4474 servus
1616 4417 1802 4480 studes

248 4528 388 4578 esse,
421 4522 484 4570 ut
529 4515 827 4583 aliquarum
865 4512 1104 4582 gentium
1134 4525 1230 4566 rex
1253 4525 1373 4565 esse
1402 4524 1688 4566 mereatur.
1722 4499 1829 4565 Ne-

1921 3603 2054 3656 diem
2080 3604 2180 3655 vim
2212 3603 2406 3672 patitur
2433 3585 2645 3671 regnum
2669 3600 2907 3653 ca’lorum
2926 3639 2939 3664 ,
2969 3606 3015 3653 et
3040 3602 3125 3672 qui
3151 3603 3246 3656 vim
3278 3603 3494 3673 faciunt,

1922 3696 2134 3764 rapiunt
2156 3690 2286 3746 illud
2306 3702 2356 3744 ι).
2398 3689 2544 3751 Talis
2590 3691 2841 3745 violentia
2892 3690 3002 3745 Deo
3047 3700 3194 3761 grata
3222 3700 3329 3756 cst,
3379 3706 3498 3761 qum

1923 3786 2192 3841 neminem
2238 3783 2512 3848 concutit,
2544 3782 2739 3837 nullius
2782 3782 2978 3836 damno
3022 3783 3389 3838 committitur.
3440 3783 3499 3840 ln

1923 3876 2062 3930 hanc
2104 3874 2346 3943 rapinam
2392 3887 2581 3925 manus
2620 3883 2739 3925 tuas
2777 3880 2926 3924 verte
2950 3912 2963 3933 ,
2996 3886 3115 3938 qua:
3155 3874 3358 3926 crimen
3392 3887 3499 3926 non

1921 3966 2103 4027 habet,
2134 3969 2189 4017 et
2226 3960 2435 4015 confert
2472 3961 2719 4015 salutem.
2795 3959 2861 4011 Et
2893 3959 3018 4027 quid
3058 3960 3150 4013 tibi
3190 3960 3497 4012 militarium

1926 4054 2315 4125 stipendiorum
2354 4052 2659 4106 curationes
2689 4052 2842 4119 (forte
2869 4049 3125 4113 rationes)
3157 4063 3278 4102 cum
3309 4047 3502 4103 invidia

1929 4143 2197 4199 violentiae
2223 4156 2410 4196 curare
2440 4152 2487 4203 ει,
2518 4154 2639 4192 cum
2690 4137 2907 4191 forsitan
2951 4151 3050 4204 pro
3092 4144 3180 4189 tua
3222 4137 3503 4191 honestate

1932 4234 2093 4289 etiam
2132 4231 2433 4285 debitorum
2478 4225 2790 4281 moderatus
2829 4234 3049 4279 exactor
3090 4225 3195 4280 sis?
3241 4241 3361 4281 cum
3390 4227 3506 4283 sine

1932 4324 2244 4395 cujusquam
2290 4321 2445 4393 135
2492 4317 2690 4374 invidia
2720 4326 2773 4372 et
2811 4332 2929 4371 cum
2979 4315 3071 4371 Dei
3116 4317 3285 4384 gratia
3332 4318 3506 4387 possis

1935 4432 2053 4473 esse
2079 4417 2344 4471 violentus
2390 4422 2449 4467 ut
2496 4411 2673 4480 rapias
2701 4411 2740 4442 ¹²
2771 4422 2993 4476 regnum
3022 4409 3276 4464 castorum
3302 4451 3316 4476 ,
3359 4409 3503 4477 quod

1934 4512 2036 4567 sibi
2092 4507 2291 4563 auferri
2334 4507 2535 4577 patitur
2566 4504 2636 4569 ’³,
2679 4511 2734 4556 et
2778 4501 2971 4565 gaudet
3011 4499 3250 4555 Christus
3293 4500 3506 4566 invadi;

317 4646 340 4673 ³
366 4635 388 4689 1
417 4633 545 4690 Cor.
598 4648 687 4698 vn,
745 4631 834 4685 51.
909 4629 937 4668 δ
962 4628 1150 4683 Matth.
1184 4643 1237 4694 χ,
1266 4626 1355 4698 5⁸7,
1388 4634 1443 4682 et
1480 4627 1582 4698 58;
1628 4628 1755 4687 Luc.
1801 4648 1907 4698 xiv,
1960 4630 2075 4698 27.Δ
2120 4636 2151 4698 7°-
2181 4614 2442 4698 Prov._x,
2482 4619 2560 4698 ,ἓξ
2605 4618 2757 4687 juxta
2787 4614 2958 4698 LXX:
3020 4614 3316 4698 d.So‘phpn.
3348 4633 3384 4683 ι,
3420 4615 3508 4672 ii.

252 4718 273 4743 ε
303 4705 437 4761 Luc.
476 4720 544 4768 vt,
587 4702 657 4755 24
676 4696 739 4756 et
767 4700 854 4755 25.
936 4699 954 4737 τ
988 4698 1275 4768 Jacobgy,
1324 4696 1375 4768 4.

1455 4707 1478 4745 8
1506 4686 1693 4754 Matth.
1724 4686 1808 4766 vn,
1832 4686 1921 4758 ἐξ.
1994 4698 2019 4736 ιι
2052 4696 2243 4766 Johan.
2276 4710 2313 4758 ι,
2343 4692 2397 4766 ξ.
2449 4688 2493 4766 -.ί
2532 4686 2715 4766 Αιιοιιἒ
2741 4687 2984 4766 xvn,_M.
3066 4687 3079 4737 ἑ
3122 4686 3258 4766 Psal.
3291 4702 3506 4766 cxxgv,

248 4753 618 4829 δί’ῒεεὲιῖῖ
637 4753 782 4835 iiii;
810 4753 865 4838 vi,
898 4768 1054 4840 Prov.
1081 4783 1153 4833 ιι,
1170 4753 1275 4840 βδί
1352 4765 1369 4804 ι
1401 4764 1565 4840 Eccli.
1604 4753 1747 4835 xxxx,
1766 4753 1820 4833 ii.

1940 4764 2198 4840 ex‘LXX.
2276 4753 2315 4800 οἱ
2343 4760 2502 4816 Eccli.
2532 4753 2651 4824 xit,
2684 4756 2738 4812 Ξ.
2814 4753 2998 4813 nLuc.
3032 4772 3139 4823 xu,
3184 4753 3270 4811 15.
3347 4764 3372 4792 °
3404 4754 3499 4811 Ec-

250 4847 335 4901 cli.
368 4863 426 4913 v,
465 4844 519 4898 8.
598 4854 624 4892 Ρ
657 4837 947 4907 Matth.xr,
977 4837 1082 4903 ης

1168 4835 1298 4890 Luc.
1329 4851 1437 4898 ενι,
1470 4836 1555 4889 i6.
1634 4849 1660 4887 ει
1690 4840 1819 4895 an.
1870 4835 1927 4897 tit
1951 4883 1965 4905 ,
2011 4837 2097 4891 14.

325 4982 403 5051 (a)
440 4977 539 5051 τρε.
568 4973 1075 5051 codex_Victorinus
1100 4968 1423 5051 et-sex‘editi
1448 4968 1651 5051 addunt
1673 4922 1827 5051 Quia.
1861 4976 1912 5037 ι)
1934 4984 2039 5040 que
2066 4967 2391 5051 discingitur.
2405 4959 3152 5051 £pud11rudfntium4‘qu2d
3170 4960 3513 5051 idemmestic

326 5038 404 5119 (b)
447 5046 529 5101 Ex
549 5061 658 5119 ms.
710 5044 985 5119 Victorino
1021 5048 1076 5097 et
1107 5039 1235 5119 edit.
1268 5038 1508 5119 Mpgunt.
1523 5042 1837 5119 emendavi-

1940 5027 2258 5100 exarmatur:
2280 5033 2372 5088 lib.
2405 5027 2789 5103 Ps'ychomach.
2821 5046 2871 5084 v.
2903 5027 3032 5103 6‘34,
3060 5027 3378 5103 Discingitur
3414 5045 3515 5103 oni.

253 5098 635 5176 mus’ailiiilii
661 5098 854 5179 cedi,
885 5114 1093 5178 dicitur,
1122 5110 1297 5165 minus
1317 5098 1476 5163 béne.
1523 5108 1658 5164 Vide
1682 5119 1837 5165 ante-
1941 5110 2022 5164 nis
2045 5098 2265 5179 Terror;
2295 5111 2353 5158 et
2372 5098 2524 5165 ibidl,
2555 5116 2605 5153 v.
2634 5098 2825 5153 824....
2851 5100 3025 5154 sedem
3056 5098 3292 5170 properet
3319 5099 3515 5151 discin-

253 5191 505 5246 cedentia
536 5194 592 5241 et
618 5184 868 5253 subseqq.

327 5261 402 5331 (c)
440 5257 573 5331 Mss.
604 5252 776 5310 Vatic.
796 5245 865 5331 :e't
884 5251 1088 5331 Vi_ctor_.
1112 5263 1232 5305 cum
1252 5247 1410 5331 editis
1429 5262 1546 5311 sex,
1574 5245 1701 5331 Deo.
1732 5246 1840 5331 Sed

1941 5188 2023 5231 cta
2038 5178 2294 5248 juventus.

2016 5233 2087 5319 (ἶ)
2123 5245 2326 5319 (ὲιῖεοθν
2356 5248 2625 5304 malisan;
2649 5237 2896 5307 Vulgata,
2920 5247 3142 5293 corruet.
3165 5237 3264 5292 Ed.
3287 5233 3517 5299 Erasm.,

259 5314 607 5385 ratiocinatio
634 5323 889 5395 postulat,
926 5321 1167 5386 Domino,
1196 5333 1263 5373 ne
1292 5316 1343 5372 id
1373 5325 1674 5372 assumatur
1696 5315 1841 5387 quod
1944 5314 2309 5395 implicabitur.

257 5398 625 5468 colligendum
638 5393 753 5449 ‘est.
784 5393 1031 5468 Siccam.

2016 5370 2096 5457 lg)
2132 5383 2292 5439 Juxta
2339 5388 2546 5457 textum
2606 5377 2850 5457 Gracum
2892 5376 3123 5457 legerem
3164 5391 3175 5426 :
3217 5370 3520 5457 ficti

336 5441 1090 5540 i‘h‘ifiiiiin"v'6§és"155§iim
1126 5465 1176 5511 et
1193 5456 1399 5540 absunt
1426 5469 1456 5509 a
1486 5470 1585 5510 ms.
1619 5452 1756 5511 Vict.
1790 5462 1843 5510 et
1948 5441 2164 5540 sumain
2567 5441 3520 5540 αξξξῇεέ

262 5523 689 5606 θόό.’Μοςιιιιι.,
711 5532 894 5606 Rom,
920 5529 1136 5606 Erasm;
1158 5533 1213 5606 et
1239 5523 1403 5580 Pone.

339 5591 545 5682 («alii
582 5591 729 5682 "'55-.
754 5591 929 5682 νέιίδ·
976 5609 1032 5682 ξι
1066 5596 1376 5682 ,γίφςηὲΨξὲ
1414 5591 1849 5682 ’ἷίῖίξζξίεδηδέἓὲί

266 5662 479 5751 ορίῖῐῖξθ
506 5673 833 5751 ωηῗειιὶιιιιι
856 5667 1122 5751 vocabula.
1632 5662 1850 5751 ξέβὲΐξὲ

266 5732 405 5806 nisi
426 5732 483 5802 1n
513 5746 672 5802 editis
714 5759 840 5815 sex,
884 5741 965 5815 cui
1001 5732 1848 5815 conjunctusnumquamﬂdisjun-

267 5801 433 5891 Qui};
457 5801 757 5872 ’Verissima
774 5801 939 5869 lectio
971 5824 1035 5867 ea
1062 5801 1225 5876 quam
1257 5803 1567 5860 retinemus.
1600 5801 1690 5858 Sic
1712 5801 1870 5881 Quo-7‘

1952 5518 2039 5580 ed.
2073 5523 2231 5580 Rom.
2270 5522 2325 5576 in
2352 5520 2576 5589 quibus,
2607 5515 2760 5589 Multi
2798 5515 2946 5567 ditati
2974 5520 3090 5565 sunt
3118 5512 3173 5563 in
3200 5510 3314 5563 miri
3341 5524 3520 5564 causa

1957 5587 2421 5667 Vulg.,_dati_sunt
2448 5589 2503 5667 in
2530 5587 2646 5667 asini
2674 5600 2843 5667 σπρεαδ.

2052 5646 2244 5737 (Bilis.
2263 5660 2417 5737 _V_ict.
2449 5666 2505 5712 et
2530 5646 3437 5737 edit;Boﬂt.#et§pg.,ﬂrophstsz

1961 5715 2231 5855 “giliis.
2263 5730 2401 5786 Vict.
2428 5741 2549 5784 cum
2577 5722 2735 5780 editis
2758 5720 2914 5777 Boni.
2942 5715 3083 5791 Iug.
3111 5726 3170 5775 et
3189 5715 3387 5785 Pauca
3416 5724 3519 5773 utr-

2058 5816 2179 5855 ενισ.

2058 5816 2179 5855 ενα.
