4078 6352
1116 310 1146 331 ’θῗ

525 416 635 476 305

1657 396 1714 452 S.
1754 391 2026 452 PAULINI
2062 388 2317 449 .NOLANI
2354 382 2661 445 EPISCOPI

3704 375 3811 433 504

532 532 660 606 quia
687 543 788 601 pro
816 519 1142 583 abundantia
1170 513 1411 574 caritatis
1433 521 1490 569 et
1516 510 1772 584 potentiae
1800 523 1912 599 suae
1940 521 2113 576 capax
2140 510 2190 568 Α
2219 505 2312 559 lilii
2338 523 2349 558 :
2383 510 2440 559 et
2463 502 2508 558 si
2538 516 2645 556 non
2668 496 3053 569 suscipiuntur,
3082 492 3620 606 sterilitasjlugetur:
3652 491 3697 544 si
3727 507 3812 594 su-

532 595 618 681 est
644 595 708 679 et
721 616 978 688 largiendi
1004 604 1149 683 quod
1179 613 1343 673 tenet,
1375 613 1432 660 et
1455 603 1599 675 quod
1626 595 1941 663 donaverit,
1972 597 2114 652 obti-

2219 598 2537 669 scipiuntur.
2568 594 2771 649 orbitas
2801 592 3037 647 timetur.
3078 590 3155 644 Ac
3180 584 3410 657 proinde
3439 598 3731 669 numquam
3754 584 3809 639 in

535 676 720 772 nendi.
760 676 1149 776 Namquando
1199 696 1399 755 sanctis
1441 695 1518 768 (a)
1568 694 1679 751 suis
1726 692 1782 746 in
1822 704 1990 759 regno
2016 702 2118 744 suo
2221 686 2526 746 carnalibus
2553 683 2923 740 affectionibus
2952 681 3025 736 ita
3050 677 3341 748 requiescit
3360 676 3573 730 animus
3601 682 3662 729 ut
3690 691 3815 729 cru-

534 817 761 876 regnare
788 794 1117 856 concesserit
1139 833 1153 857 ,
1195 791 1311 860 ipse
1336 786 1584 873 regnabit
1611 785 1665 839 in
1695 783 1799 838 illis
1826 796 1962 852 quos
1988 794 2121 835 con-

532 871 710 952 sortes
772 888 925 958 regni
972 882 1211 942 cmlestis
1257 872 1573 935 assumserit
1621 883 1669 928 ⁸.
1720 871 1990 941 Scriptum
2039 875 2122 924 est

536 990 679 1045 enim
722 992 778 1040 et
815 994 1040 1052 regnum
1077 976 1175 1032 Dei
1198 988 1321 1029 cum
1349 970 1547 1026 sanctis
1572 966 1707 1029 fore,
1740 972 1795 1019 et
1820 963 1965 1033 ipsos
1992 975 2120 1015 san-

534 1086 655 1134 ctos
701 1089 821 1131 esse
868 1083 1096 1140 regnum
1141 1064 1244 1121 Dei
1273 1058 1493 1132 h;quod
1537 1055 1772 1127 propitio
1818 1053 1950 1119 Deo,
2001 1064 2123 1105 cum

536 1179 834 1225 conversus
862 1161 1049 1229 fueris,
1080 1165 1136 1213 et
1161 1152 1387 1226 legendo
1408 1161 1725 1220 cognosces,
1767 1152 1823 1224 et
1850 1140 2125 1200 credendo

539 1257 827 1327 intelliges.
1912 1248 1917 1257 '
2141 1316 2145 1321 θ

613 1352 667 1405 6.
709 1348 787 1404 De
812 1347 985 1401 aetatis
1023 1349 1202 1397 autem
1235 1337 1367 1393 llore
1413 1334 1586 1406 primo
1624 1333 1746 1402 quis
1788 1328 1984 1384 audeat
2012 1327 2130 1396 glo-

541 1439 712 1497 riari?
737 1436 1007 1492 Admonet
1036 1429 1110 1502 (b)
1137 1429 1318 1484 divina
1351 1425 1653 1495 Scriptura,
1686 1414 1911 1477 dicens:
1946 1417 2130 1472 Omnis

551 1546 676 1585 caro
718 1530 912 1600 fenum,
943 1529 992 1579 et
1016 1521 1184 1578 omnis
1205 1519 1420 1573 claritas
1448 1517 1579 1587 ejus,
1603 1523 1658 1568 ut
1686 1515 1783 1585 ﬂos
1814 1513 1937 1582 ferai.
1984 1502 2147 1563 Aruit'

544 1623 738 1693 fenum,
766 1625 815 1672 et
841 1616 939 1686 ﬂos
973 1611 1165 1685 decidit
1189 1626 1206 1664 :
1237 1625 1404 1664 sermo
1431 1617 1601 1660 autem
1634 1603 1847 1658 Domini
1877 1608 2051 1655 manet
2078 1600 2135 1673 in

544 1692 793 1765 uernum
826 1715 872 1759 ο.
921 1703 1049 1759 Ideo
1092 1710 1149 1757 et
1192 1698 1464 1770 Propheta
1494 1695 1580 1750 iiia
1610 1695 1808 1765 potius,
1857 1693 1909 1747 in
1942 1692 2137 1762 quibus

545 1808 749 1856 aeterna
774 1795 1019 1866 corporis
1042 1791 1268 1849 redivivi
1296 1788 1467 1860 gloria
1510 1794 1635 1858 post
1681 1783 2136 1840 resurrectionem

2230 780 2376 835 ciatu
2422 784 2643 840 careat.
2686 774 2815 830 dum
2861 769 3284 829 necessitudines
3329 783 3453 822 suas
3499 774 3595 820 aut
3645 766 3817 821 bonas

2225 876 2370 927 amat
2398 884 2521 926 cum
2550 865 2830 922 amittendi
2850 871 3020 931 metu,
3052 870 3143 919 aut
3169 860 3340 916 malas
3363 858 3479 914 odit
3504 873 3628 913 cum
3658 858 3817 911 amit-

2228 961 2375 1018 tendi
2413 966 2578 1025 voto;
2629 952 2683 1012 in
2724 964 2953 1026 utroque
2980 953 3212 1009 miseriis
3240 948 3569 1007 sustinendis
3605 963 3822 1020 semper

2229 1051 2515 1109 obnoxius.
2549 1047 2712 1103 Miser
2740 1055 2824 1103 est
2851 1046 2994 1101 enim
3027 1045 3071 1076 ¹⁶
3099 1044 3193 1113 qui
3221 1057 3446 1097 uxorem
3475 1041 3675 1095 bonum
3702 1055 3823 1110 per-

2228 1143 2326 1207 dit,
2354 1140 2604 1197 miserior
2632 1139 2723 1211 qui
2750 1139 2945 1193 malam
2974 1135 3232 1207 possidet.
3285 1132 3430 1188 Inter
3452 1134 3567 1187 haec
3594 1131 3703 1187 duo
3732 1147 3825 1186 ac-

2138 1240 2143 1249 ’
2230 1235 2483 1301 cidentia,
2501 1234 2633 1289 satis
2659 1230 2866 1288 felicior
2890 1238 2973 1286 est
2996 1229 3089 1297 (V.
3117 1236 3230 1282 not.
3258 1226 3380 1296 121)
3410 1226 3502 1295 qui
3534 1233 3823 1293 utrumque

2233 1345 2341 1384 non
2382 1316 2550 1383 novit.
2610 1324 2870 1381 Similiter
2909 1330 2963 1377 et
3007 1321 3076 1377 de
3125 1318 3282 1375 ﬁliis:
3332 1319 3633 1389 sepissime
3679 1318 3823 1372 enim

2234 1426 2362 1475 sunt
2406 1414 2695 1472 miserrimi
2740 1421 3025 1485 parentes,
3084 1410 3167 1465 vel
3195 1411 3288 1480 qui
3329 1408 3588 1463 amabiles
3625 1406 3827 1463 habent

2236 1509 2431 1580 quibus
2458 1508 2722 1563 orbantur
2750 1505 2830 1569 νς
2861 1504 2945 1559 vel
2969 1503 3062 1574 qui
3090 1501 3225 1556 tales
3251 1501 3489 1567 habent,
3516 1508 3705 1555 utnon
3731 1499 3826 1554 ha-

2235 1600 2491 1655 bentibus
2516 1584 2759 1653 invidere
2788 1602 3070 1665 cogantur.
3164 1632 3169 1637 -

2309 1689 2361 1743 8.
2405 1687 2541 1743 Audi
2564 1702 2714 1757 ergo,
2750 1685 2824 1741 liii
2849 1686 2943 1751 mi,
2976 1693 3031 1740 et
3060 1684 3257 1740 inclina
3278 1699 3464 1740 aurem
3493 1691 3641 1737 tuam
3672 1682 3826 1748 mihi,

2239 1787 2296 1835 et
2323 1779 2599 1850 disrumpe
2646 1778 2828 1833 omnia
2872 1777 3084 1832 vincula
3117 1784 3235 1842 tua,
3265 1788 3618 1845 quaecumque
3641 1773 3695 1827 in
3726 1772 3828 1829 hoc

548 1890 726 1962 possit
750 1864 1008 1952 manere,
1050 1883 1365 1940 desiderans
1412 1879 1648 1935 clamat:
1690 1876 1858 1941 Quam
1888 1872 2136 1928 amabilia
2171 1888 2213 1947 Β
2241 1872 2424 1927 seculo
2470 1879 2524 1925 te
2570 1869 2901 1940 implicatum
2950 1874 3171 1931 tenent;
3221 1873 3493 1949 commuta
3545 1865 3598 1919 in
3640 1864 3829 1918 melius

560 1992 681 2037 sunt
710 1976 1043 2034 tabernacula
1064 1983 1172 2041 tua,
1189 1972 1407 2027 Domine
1433 1971 1675 2024 uirtutum
1697 1969 1715 2021 .'
1734 1964 2063 2035 Concupiscit
2091 1970 2141 2017 et

551 2072 729 2144 deficit
758 2069 935 2123 anima
965 2083 1080 2121 mea
1099 2067 1155 2120 in
1175 2063 1311 2117 atria
1340 2061 1553 2115 Domini
1576 2058 1622 2112 σι.

626 2137 683 2226 7.
724 2169 795 2225 Ει
821 2169 889 2225 de
914 2166 1143 2223 vinculis
1188 2161 1561 2234 conjugalibus
1582 2202 1596 2228 ,
1627 2168 1682 2216 et
1706 2160 1903 2215 ceteris
1934 2137 2157 2227 tempo?

558 2263 755 2321 talium
784 2277 967 2317 rerum
990 2267 1098 2314 tam
1127 2257 1362 2329 spinosis
1383 2270 1545 2324 quam
1569 2254 1817 2309 inanibus
1835 2252 1979 2307 curis
1998 2252 2145 2321 Apo-

554 2357 729 2415 stolus
759 2364 805 2421 ε,
855 2354 911 2408 in
960 2367 1070 2423 quo
1111 2348 1356 2405 Christus
1383 2347 1643 2417 loquitur,
1678 2345 1937 2398 admonet
1982 2355 2050 2396 ne
2089 2340 2145 2395 in

556 2449 779 2517 longum
802 2443 964 2513 hujus
992 2439 1161 2497 seculi
1185 2447 1395 2509 tempus
1424 2437 1578 2493 irrita
1606 2443 1731 2492 vota
1754 2435 2058 2497 mittamus;
2091 2438 2147 2487 et

554 2549 885 2607 cognoscere
913 2546 1014 2589 nos
1038 2530 1228 2601 jubet,
1277 2528 1401 2598 quia
1428 2537 1623 2599 tempus
1654 2525 1937 2580 breviatum
1964 2532 2061 2588 est,
2090 2530 2147 2578 et

555 2627 722 2685 dicit:
754 2626 1025 2697 Reliquum
1053 2631 1165 2690 est,
1198 2629 1253 2674 ut
1281 2620 1367 2693 qui
1393 2619 1582 2673 habent
1617 2632 1804 2672 uxores
1828 2654 1843 2681 ,
1888 2626 2147 2687 tamquam

556 2734 663 2775 non
683 2717 925 2772 habentes
953 2716 1088 2780 sint;
1131 2721 1181 2768 et
1207 2713 1293 2785 qui
1322 2713 1478 2782 ﬂent,
1511 2720 1774 2780 tamquam
1802 2724 1905 2762 non
1933 2708 2147 2778 ﬂentes;

558 2821 608 2869 et
626 2813 713 2883 qui
741 2810 986 2882 gaudent,
1018 2817 1279 2878 tamquam
1307 2821 1413 2860 non
1434 2803 1746 2876 gaudentes;
1768 2809 1818 2855 et
1845 2800 1931 2871 qui
1951 2806 2146 2864 emunt,

563 2914 828 2971 tamquam
868 2918 975 2956 non
1005 2898 1355 2971 possidentes;
1395 2906 1444 2950 et
1471 2897 1555 2967 qui
1575 2904 1788 2949 utuntur
1816 2894 1913 2948 hoc
1934 2893 2145 2959 mundo,

565 3001 828 3062 tamquam
855 3006 960 3043 non
987 2997 1185 3043 utentes
1212 2985 1258 3043 ί.
1281 2986 1437 3053 Quod
1468 3000 1590 3041 cum
1619 2985 1787 3050 dicit,
1820 2983 2052 3039 ostendit
2079 2984 2142 3037 Ii-

565 3081 726 3158 beros
760 3095 867 3135 non
897 3078 1097 3134 debere
1132 3076 1426 3147 implicari,
1468 3074 1904 3144 quandoquidem
1934 3072 2151 3129 liberari

562 3171 795 3229 suadeat
817 3169 1121 3242 impeditos.
1189 3167 1247 3224 Si
1270 3182 1400 3237 ergo
1418 3166 1531 3237 jam
1558 3167 1781 3223 forsitan
1811 3168 2058 3239 alligatus
2096 3183 2151 3222 es

2240 1962 2506 2028 militiam,
2540 1968 2600 2014 ut
2626 1968 2831 2015 aeterno
2863 1958 2994 2027 Regi
3019 1959 3243 2028 incipias
3269 1944 3518 2011 militare.
3569 1955 3639 2009 Et
3668 1971 3827 2019 nunc,

2244 2066 2303 2113 ut
2333 2055 2512 2121 audio,
2542 2054 2635 2125 qui
2667 2053 2883 2122 adjutor
2908 2063 2963 2127 et
2993 2053 3063 2123 (e)
3097 2058 3241 2106 tutor
3264 2066 3323 2105 es
3350 2049 3576 2113 civium,
3622 2047 3717 2102 fias
3742 2063 3830 2102 co-

2243 2163 2358 2203 mes
2406 2129 2622 2200 Christi.
2671 2142 2877 2198 Deinde
2918 2142 2969 2198 in
3019 2142 3122 2195 hac
3172 2139 3360 2194 militia
3399 2139 3587 2193 soletis
3616 2137 3670 2191 in
3701 2138 3831 2193 votis

2245 2237 2449 2292 habere
2476 2237 2615 2289 lianc
2644 2232 2808 2289 ofﬁcii
2841 2232 3265 2304 promotionem,
3293 2237 3351 2284 ut
3377 2237 3714 2300 protectores
3739 2227 3831 2298 (ν.

2248 2336 2359 2382 not.
2397 2326 2519 2396 122)
2563 2324 2887 2380 efllciamini.
2929 2322 2986 2378 Si
3018 2331 3210 2377 autem
3258 2320 3368 2376 Deo
3406 2327 3460 2374 te
3498 2319 3831 2390 probaveris,

2247 2422 2422 2492 ipsum
2462 2420 2630 2474 Deum
2675 2417 2902 2489 incipies
2950 2416 3151 2471 habere
3180 2421 3567 2484 protectorem.
3608 2412 3745 2467 Vide
3772 2412 3833 2468 ad

2204 2526 2207 2527 '
2245 2511 2460 2581 qualem
2490 2508 2739 2563 militiam
2768 2515 2823 2562 te
2847 2507 3019 2562 invito
3048 2506 3339 2573 collegam,
3372 2514 3430 2558 ut
3462 2503 3611 2573 quod
3635 2503 3834 2559 homini

2248 2619 2369 2660 esse
2397 2612 2575 2674 optas,
2605 2601 2713 2657 hoc
2740 2601 2836 2656 tibi
2858 2601 3004 2655 Deus
3031 2599 3121 2654 sit.
3152 2597 3324 2666 Quem
3346 2597 3389 2652 si
3412 2596 3644 2666 cmperis
3668 2595 3836 2665 sequi,

2248 2698 2376 2753 etin
2406 2695 2523 2766 ejus
2546 2694 2799 2750 comitiva
2832 2693 3102 2764 inceperis
3128 2692 3360 2746 militare
3386 2691 3447 2755 "',
3482 2690 3604 2744 linis
3642 2689 3836 2743 militia

2252 2796 2360 2843 tua:
2381 2787 2487 2842 erit
2515 2800 2740 2855 regnum
2764 2825 2779 2851 ,
2812 2799 2921 2840 non
2943 2791 3101 2839 terrae
3127 2790 3182 2838 et
3204 2781 3482 2852 temporis,
3509 2779 3605 2835 sed
3632 2780 3837 2836 πρίει-ιιί-

2250 2878 2376 2934 tatis
2405 2885 2459 2933 et
2482 2875 2624 2933 cteli.

2751 3008 3084 3067 EPISTOLA
3110 3012 3129 3031 ⁶
3159 3008 3345 3064 XXVI.

2257 3107 2621 3163 Sebastianum
2669 3106 2936 3161 eremitam
2965 3112 3014 3157 et
3054 3102 3388 3157 Benedictum
3425 3101 3700 3154 diaconum
3730 3098 3837 3152 col-

2327 3178 2567 3232 laudatus
2592 3216 2607 3240 ,
2649 3177 2794 3230 illum
2832 3174 2894 3230 ob
2931 3175 3049 3229 vita:
3093 3174 3417 3237 institutum,
3466 3171 3601 3223 hurtc
3627 3178 3838 3239 propter

570 3264 726 3319 uxori
752 3296 771 3328 ,ι
813 3262 922 3317 noli
950 3277 1178 3334 quaerere
1208 3260 1279 3333 (c)
1304 3260 1610 3321 solutionem
1636 3268 1682 3312 Β.
1724 3256 1884 3325 Quod
1906 3258 1953 3313 si
1984 3258 2160 3313 adhuc
2185 3256 2233 3321 C
2337 3265 2519 3334 ggtfam
2543 3247 2622 3329 illi
2650 3245 2944 3334 tteges'gaﬁa
2966 3242 3324 3334 ministrandj,
3356 3250 3507 3334 rogat
3527 3251 3582 3293 ut
3606 3256 3701 3310 pro
3723 3245 3844 3292 seet

568 3355 697 3411 liber
724 3370 775 3408 es
802 3353 865 3408 ab
893 3367 1075 3421 uxore,
1127 3352 1234 3407 noli
1282 3367 1510 3424 quwrere
1555 3349 1980 3421 implicationem.
2038 3348 2148 3405 NOI

567 3446 714 3502 enim
767 3444 1058 3517 Apostolus
1107 3450 1329 3515 propter
1364 3440 1600 3512 conjugii
1653 3439 2159 3497 condemnationem

569 3537 677 3594 hoc
734 3538 911 3605 dicit,
968 3535 1402 3607 quandoquidem
1472 3533 1632 3604 hujus
1686 3533 1903 3590 foederis
1946 3532 2163 3600 religio-

571 3643 698 3684 nem
741 3642 935 3696 magno
972 3626 1173 3683 Christi
1216 3635 1272 3683 et
1325 3625 1580 3682 Ecclesiae
1625 3624 1976 3681 Sacramento
2006 3639 2160 3680 com-

574 3734 763 3794 parat;
830 3721 924 3776 sed
982 3731 1191 3792 propter
1247 3715 1525 3775 instantem
1572 3720 1928 3775 necessitatem
1974 3720 2163 3773 bonum

575 3832 688 3871 esse
729 3828 978 3869 asserens
1004 3813 1050 3844 “
1091 3813 1345 3867 hominem
1392 3815 1469 3867 sic
1516 3828 1660 3879 esse,
1709 3811 2164 3881 quemadmodum

575 3908 692 3978 ipse
719 3914 855 3979 erat.
906 3903 1057 3970 Volo,
1117 3904 1317 3973 inquit,
1373 3919 1459 3957 vos
1485 3903 1598 3957 sine
1625 3901 1973 3975 sollicitudine
1994 3918 2106 3977 esse
2135 3899 2162 3939 ¹ι

574 3974 680 4053 hoc
707 3974 817 4062 est,
850 4001 909 4049 ut
948 3994 1083 4049 nihil
1113 4000 1309 4063 praeter
1328 3990 1497 4069 Deum
1544 3998 1601 4047 et
1645 3991 1872 4045 salutem
1924 3974 2165 4053 nostram

574 4094 891 4164 cogitemus.
960 4091 1094 4147 Nam
1130 4106 1268 4146 uxor
1302 4098 1358 4146 et
1402 4091 1492 4145 lilii
1517 4130 1532 4157 ,
1572 4106 1901 4161 quamquam
1948 4099 2007 4147 et
2047 4093 2162 4162 ipsa

574 4183 829 4238 divinitus
873 4182 1027 4237 nobis
1078 4182 1300 4252 pignora
1357 4181 1483 4237 data
1533 4182 1676 4247 sint,
1729 4190 1910 4237 tamen
1962 4183 2168 4251 gravis-

576 4274 832 4327 simarum
864 4288 1114 4328 curarum
1145 4287 1310 4328 onera
1338 4281 1481 4328 sunt.
1525 4272 1678 4328 Unde
1707 4274 1848 4330 idem
1875 4273 2166 4344 Apostolus

578 4365 656 4418 ait
678 4365 719 4394 “’
745 4382 757 4415 :
791 4360 924 4426 Quia
947 4364 1328 4418 tribulationem
1360 4364 1439 4434 (ά)
1463 4364 1636 4418 carnis
1688 4364 1944 4419 habebunt
1982 4366 2165 4436 hujus-

581 4458 722 4510 modi
753 4457 766 4493 ί
801 4475 813 4508 :
846 4458 972 4526 quia
994 4456 1422 4511 necessitudines
1449 4464 1645 4511 nostra:
1675 4458 1935 4521 carnales,
1961 4440 2166 4528 quanto

580 4545 819 4599 cariores
846 4546 1002 4600 nobis
1030 4552 1192 4609 sunt,
1228 4554 1378 4600 tanto
1405 4546 1576 4614 magis
1618 4561 1716 4601 nos
1755 4545 2169 4603 discruciant‘et

2338 3317 2589 3373 Therasia
2612 3315 2750 3388 apud
2772 3313 3052 3369 Dominum
3070 3311 3412 3368 intercedant.

2336 3438 2538 3495 Sancto
2568 3447 2623 3494 et
2653 3438 2849 3493 merito
2898 3407 3247 3505 dilectissimo
3293 3434 3445 3489 fratri
3495 3432 3848 3499 Sensstua'o,

2267 3530 2535 3587 Pssumus
2561 3539 2617 3586 et
2645 3529 2916 3585 Turnus“
2947 3529 3001 3585 in
3029 3526 3245 3584 Christo
3273 3525 3501 3581 Domino
3528 3525 3776 3580 salutem.

2338 3645 2391 3699 i.
2431 3643 2755 3699 Benedictus
2790 3650 2874 3697 est
2900 3642 3157 3696 Dominus
3187 3640 3329 3694 Deus
3355 3638 3539 3702 Israel,
3571 3638 3662 3707 qui
3691 3637 3850 3706 elegit

2268 3748 2322 3793 te
2348 3745 2404 3791 et
2430 3735 2684 3791 assumsit
2703 3734 2757 3788 in
2786 3748 2881 3789 vas
2904 3733 3187 3788 electionis
3213 3747 3343 3796 suae,
3374 3738 3431 3786 et
3458 3728 3759 3799 segregavit
3786 3727 3851 3782 ab

2266 3835 2423 3883 utero
2445 3826 2633 3881 matris
2661 3825 2926 3895 antiquas,
2965 3832 3021 3878 et
3046 3824 3194 3878 dedit
3215 3822 3309 3877 tibi
3337 3835 3545 3893 pennas
3570 3819 3849 3883 columba,

2267 3928 2328 3974 ut
2355 3919 2422 3973 ab
2445 3916 2601 3986 hujus
2638 3916 2804 3972 seculi
2831 3915 3059 3985 strepitu
3088 3913 3279 3984 procul
3306 3913 3527 3969 evolans
3556 3913 3574 3943 ί
3603 3910 3812 3966 diceres
3836 3926 3849 3961 :

2268 4009 2406 4064 Ecce
2460 4008 2527 4079 (f)
2585 4007 2749 4063 volavi
2800 4008 3025 4079 fugiens,
3068 4015 3115 4059 et
3153 4006 3321 4059 mansi
3386 4005 3438 4057 in
3496 4003 3777 4057 solitudine
3808 4001 3850 4054 i.

2270 4103 2346 4175 (g)
2366 4102 2625 4170 Quamvis
2645 4108 2734 4155 tua
2759 4099 2995 4155 solitudo
3019 4114 3127 4153 non
3148 4098 3262 4153 sola
3284 4098 3371 4163 sit,
3387 4112 3507 4167 quae
3523 4112 3630 4151 non
3646 4095 3854 4150 deserta

2268 4205 2371 4263 cst,
2394 4194 2487 4251 sed
2515 4202 2745 4259 secreta,
2778 4192 2920 4246 etab
2941 4190 3098 4260 hujus
3123 4189 3304 4243 mundi
3329 4188 3570 4243 tenebris
3592 4186 3853 4248 desolata,

2268 4304 2298 4342 a
2335 4288 2489 4358 137
2532 4286 2628 4341 Dei
2677 4285 2876 4339 lumine
2915 4283 3304 4352 frequentetur,
3352 4289 3407 4334 et
3450 4296 3481 4334 a
3527 4279 3859 4334 dmnionihus

2268 4376 2573 4431 furentibus
2626 4375 2882 4443 fugiatur,
2933 4382 3093 4443 atque
3140 4372 3208 4426 ab
3255 4371 3460 4439 angelis
3505 4369 3860 4439 gaudentibus

2272 4467 2573 4522 excolatur.
2607 4466 2723 4535 Ipse
2758 4464 3016 4519 Dominus
3045 4464 3187 4518 Deus
3216 4460 3402 4517 noster
3429 4461 3655 4517 donavit
3684 4460 3857 4522 nullis,

2277 4556 2401 4612 licet
2431 4556 2592 4625 longo
2615 4555 2901 4611 intervallo
2922 4554 3244 4610 distantibus
3261 4596 3276 4619 ,
3301 4551 3742 4623 appropinquare
3771 4550 3861 4603 ubi

584 4634 828 4704 fatigant.
858 4636 989 4690 Nam
1026 4637 1180 4708 166
1206 4650 1377 4691 uxore
1403 4646 1626 4706 accepta
1659 4637 1890 4707 primum
1920 4647 2176 4709 optantur
2203 4627 2251 4685 Ι)
2279 4647 2331 4703 in
2379 4647 2665 4703 dilectione
2706 4661 2802 4717 per
2847 4646 3069 4701 odorem
3111 4645 3313 4699 bonum
3359 4642 3563 4709 notitiae
3609 4641 3690 4711 (h)
3742 4649 3862 4704 ture,

654 4779 679 4806 δ
712 4768 881 4847 Apoc;
935 4785 972 4835 ι,
1012 4768 1064 4822 6.
1143 4767 1170 4807 ι’
1201 4768 1401 4847 Apoc.__
1421 4786 1523 4836 xx,
1566 4770 1618 4824 6.
1663 4782 1722 4847 -ο
1749 4769 1872 4847 Isai.
1899 4789 1992 4847 ξι,
2021 4776 2075 4842 ti,
2103 4791 2173 4832 ex
2198 4794 2337 4835 vers.
2365 4780 2523 4834 LXX.
2601 4779 2626 4818 ἀ
2660 4780 2798 4836 Psal.
2829 4796 3060 4844 Lxxxnl,
3092 4778 3158 4847 2,
3189 4795 3301 4835 sec.
3346 4778 3489 4833 LXX
3531 4788 3586 4833 et
3632 4776 3865 4836 Psalter.

580 4849 735 4894 vetus
757 4848 812 4892 et
842 4839 1165 4893 Romanum.

585 4912 597 4962 ι
634 4909 776 4963 l‘sal.
802 4925 905 4975 Liv,
931 4910 983 4962 8.

1249 4838 1271 4875 δε
1294 4838 1339 4894 ll
1363 4838 1490 4896 Cor.
1518 4857 1630 4907 xm,
1663 4841 1716 4895 5.
1800 4841 1817 4880 ί
1849 4842 2012 4899 lCor.
2038 4838 2128 4913 vn,
2159 4848 2246 4903 29.
2325 4859 2351 4899 8
2381 4851 2400 4904 Ι
2426 4851 2550 4907 Cor.
2583 4868 2674 4916 vn,
2708 4851 2797 4907 27.
2874 4850 2897 4887 ιι
2923 4849 2942 4904 1
2964 4838 3089 4907 Cor.
3114 4838 3207 4919 vn,
3230 4849 3317 4906 52.

3404 4850 3417 4887 ί
3452 4849 3620 4905 lCor.
3646 4865 3744 4913 vn,
3779 4850 3865 4903 ‘28.

656 5044 672 5064 ‘
700 5040 847 5097 Alias
870 5042 969 5109 40;
1017 5057 1136 5113 qua:
1183 5053 1361 5100 autem
1380 5044 1449 5099 26
1476 5056 1593 5101 erat
1617 5088 1631 5113 ,
1664 5064 1804 5106 nunc
1824 5050 1891 5104 40
1916 5060 1970 5107 ct
1998 5052 2084 5108 4i.
2119 5054 2328 5127 Scripta
2359 5074 2501 5115 anno
2530 5058 2651 5113 401.

651 5160 731 5228 (a)
769 5157 860 5214 Sic
904 5174 1033 5215 mss.
1084 5160 1298 5217 codices
1328 5149 1516 5217 :Vatic.
1567 5172 1622 5219 et
1653 5163 1853 5223 Victor.
1885 5185 2006 5225 cum
2033 5171 2162 5227 edit.

579 5227 738 5288 Rom.
764 5237 821 5300 et
849 5227 1088 5297 Mogunt.
1121 5231 1223 5285 Alii
1252 5232 1401 5300 editi,
1432 5234 1573 5288 viris.

651 5300 727 5369 (ὁ)
769 5299 1140 5373 Expunximus
1167 5299 1416 5373 namque,
1447 5305 1572 5371 quia
1598 5306 1667 5360 ab
1688 5308 1936 5366 omnibus
1961 5311 2165 5367 codici-

575 5373 678 5429 bus
699 5373 898 5424 nostris
926 5370 1131 5423 aberat.

650 5445 742 5520 (ε).
761 5437 839 5520 Ita
860 5454 961 5520 ms.
994 5438 1302 5520 Victorinus
1330 5455 1651 5520 couex__cum
1681 5445 1836 5501 editis
1865 5448 1922 5520 ﬁ
1956 5458 2012 5520 et
2038 5449 2168 5505 Vul-

580 5508 876 5581 gata'juxta
898 5517 1103 5566 textum
1125 5508 1393 5575 Graecum,
1418 5512 1610 5566 melius
1631 5528 1793 5581 quam
1814 5516 1947 5571 edit.
1975 5518 2137 5574 Rosv.

583 5562 971 5633 absolutionem.
1142 5562 1151 5563 ί
1205 5562 1237 5565 ᾔ
1420 5562 1606 5566 ww"
1638 5562 1793 5581 1"”
1818 5562 1947 5621 ."I."
1979 5562 2165 5588 “wn.

654 5646 862 5731 Sic
901 5648 1172 5731 ms.._Vict.
1205 5658 1260 5705 et
1304 5650 1619 5731 ed'i‘tthog.
1671 5653 2160 5731 faventibus_editis

586 5722 816 5795 quatuor
842 5718 902 5795 in
920 5718 1113 5787 quibus
1133 5735 1337 5775 carnes.
1360 5718 1500 5795 Edit2
1536 5720 1725 5785 Rosv.,
1749 5724 1940 5777 carnis.
1974 5724 2161 5786 Nostra

586 5784 749 5845 ﬁctio
766 5784 1113 5845 confit-inetur
1140 5802 1209 5845 ex
1235 5790 1605 5860 sequentibus.
1916 5826 1919 5829 η

2346 5174 2417 5244 (e)
2459 5175 2555 5230 Ms.
2609 5175 2749 5230 Vict.
2796 5184 2851 5231 et
2895 5174 3022 5231 edit.
3051 5174 3517 5245 Rom.,Mogunt.,
3565 5173 3785 5231 Erasm.
3822 5188 3874 5232 rt

2180 5268 2185 5279 ι
2275 5243 2437 5300 Pone.
2451 5289 2464 5311 ,
2492 5255 2700 5300 tutator.

2273 5322 2712 5447 ειοᾮαῗξθηθτίίί
2742 5326 2975 5394 quinque
3004 5333 3059 5381 et
3089 5324 3147 5381 S.
3180 5324 3532 5395 Augustinus,
3564 5324 3616 5377 in
3645 5328 3827 5393 p531,“
3860 5368 3873 5390 ,

2347 5410 2388 5445 ἠ
2477 5412 2487 5433 ’
2513 5434 2525 5445 .

2347 5410 2555 5534 (gglugic
2584 5478 2710 5534 mss.
2745 5464 2919 5520 Vatic.
2951 5474 3005 5521 et
3032 5466 3173 5522 Vict.
3205 5466 3345 5522 Ante
3369 5474 3486 5520 erat
3508 5466 3558 5520 in
3581 5465 3670 5520 cd.
3703 5466 3875 5523 Rosv.

2278 5530 2523 5609 Quamvis
2549 5532 2771 5609 solitudo
2792 5552 2894 5590 non
2930 5537 2998 5590 sit
3031 5546 3119 5591 tua
3139 5578 3153 5604 ,
3181 5554 3295 5609 quia
3319 5577 3334 5600 ,
3382 5544 3491 5592 etc.
3531 5534 3675 5591 Editi
3705 5536 3874 5592 codd.

2273 5601 2328 5667 5,
2364 5600 2547 5666 Quasi,
2572 5604 2845 5660 mendose.

2274 5672 2669 5799 Mi(ili)‘"l)t':iwnis.
2718 5674 2922 5733 Victor.
2948 5694 3071 5733 cum
3117 5678 3327 5735 duobus
3363 5677 3519 5736 editis
3566 5676 3856 5735 codicibus
