4078 6352
271 329 367 391 505

1613 327 1944 387 EPISTOLA
1984 321 2180 386 XXVII.

3435 331 3539 388 506

271 465 428 520 quam
456 465 553 520 per
586 452 806 508 fratrem
856 454 910 507 in
947 452 1172 508 Domino
1199 448 1537 506 carissimum
1568 447 1839 504 Victorem
1868 453 1917 506 Α
1945 446 2176 514 inopiam
2200 461 2218 498 :
2245 454 2302 498 ut
2333 455 2382 499 et
2410 446 2617 501 illorum
2661 445 2981 504 abundantia
3010 458 3190 507 uestra
3210 467 3400 522 tuopte
3419 468 3539 507 suo-

273 553 724 625 accepimu'szqui
771 554 924 610 nobis
963 564 1018 609 et
1066 569 1202 623 opus
1231 550 1490 622 propositi
1543 549 1651 613 tui,
1677 556 1733 602 et
1761 562 1847 602 se-

273 660 475 709 cretum
507 654 832 709 tabernaculi
873 654 1135 708 nuntiavit
1168 671 1179 706 :
1211 652 1336 723 quia
1361 659 1602 706 veterum
1631 657 1849 704 sancto-

271 767 388 809 rum
413 761 665 809 strenuus
691 754 990 817 aemulator,
1022 769 1182 825 super
1210 761 1504 808 torrentem
1534 752 1629 806 tibi
1659 750 1854 820 gratis-

272 855 488 925 simum,
513 856 650 912 sicut
680 857 753 912 illi
782 856 1053 927 quondam
1079 857 1170 911 filii
1201 856 1585 927 prophetarum
1605 896 1621 920 ,
1658 853 1851 906 Elisuao

275 957 428 1024 duce,
463 974 624 1029 super
644 957 952 1026 Iordanem,
993 958 1271 1030 pacificam
1300 957 1635 1012 mansionem
1660 965 1716 1011 et
1742 956 1853 1025 spi-

274 1060 482 1116 ritualia
511 1062 532 1092 '
562 1069 739 1116 castra
783 1061 1054 1132 posuisses
1087 1070 1133 1126 ⁸,
1183 1069 1240 1114 et
1278 1059 1539 1114 diaconus
1567 1057 1662 1112 tibi
1692 1055 1857 1111 frater

278 1160 604 1216 Benedictus
635 1159 948 1232 Sareptanze
971 1164 990 1192 ³
1023 1162 1164 1215 illius
1192 1170 1286 1215 aut
1314 1157 1665 1215 Sunamitidis
1695 1157 1857 1212 obse-

272 1262 401 1330 quio
427 1261 778 1316 ministraret.
821 1261 1021 1317 Beatus
1047 1261 1156 1330 ille,
1183 1262 1268 1316 cui
1298 1261 1575 1334 mandavit
1601 1259 1862 1314 Dominus

272 1362 416 1416 sicut
447 1362 537 1416 uni
585 1362 883 1417 volatiliqu
913 1363 1035 1419 θα)Ιί
1061 1404 1075 1427 ,
1125 1372 1184 1417 ut
1214 1373 1267 1418 te
1296 1363 1434 1419 sicut
1467 1361 1634 1416 Eliam
1663 1362 1728 1416 ad
1753 1367 1864 1416 tor-

274 1462 482 1509 rentem
514 1463 725 1510 secreto
749 1441 1026 1510 sedentem
1057 1456 1282 1525 panibus
1306 1447 1860 1525 pietatis'paseeretb;

273 1552 324 1598 et
347 1544 416 1598 ad
441 1532 860 1600 cellulam'tuam
889 1547 1120 1602 assiduis
1148 1563 1312 1617 super
1339 1549 1442 1601 hac
1471 1546 1865 1600 ministratione

272 1637 532 1706 vestigiis,
568 1638 712 1692 velut
741 1637 807 1692 ad
836 1653 1015 1694 arcam
1056 1638 1168 1694 Noe
1201 1637 1532 1694 fructiferum
1562 1638 1635 1708 pii
1663 1637 1864 1708 germi-

271 1726 352 1782 nis
373 1743 581 1782 ramum
606 1727 836 1784 afferens
856 1729 1101 1784 columba
1128 1729 1396 1785 revolaret
1423 1741 1469 1784 ο.

335 1819 399 1913 2·
443 1817 710 1874 Benedic“.
737 1837 823 1876 υ⁰³
855 1838 886 1874 α
925 1821 1147 1877 Dom“
1175 1820 1236 1888 δ’
1265 1824 1350 1894 ιιιιί
1380 1824 1505 1893 fac“
1531 1823 1683 1875 “"5”
1708 1821 1867 1913 ιηρνίε
1899 1837 1944 1898 Β
1972 1841 2138 1896 Deum
2181 1843 2268 1913 qui
2295 1842 2530 1911 letiﬁcat
2560 1842 2880 1912 juventutem
2918 1860 3086 1896 meam
3108 1853 3152 1896 η.
3196 1843 3263 1898 Et
3308 1845 3444 1899 alter
3486 1845 3554 1899 ab
3636 1846 3644 1856 '

274 1912 510 1966 habitare
539 1914 592 1966 in
623 1914 774 1967 domo
804 1924 848 1981 ε,
882 1921 936 1969 et
961 1915 1052 1984 qui
1081 1915 1451 1984 germanitatis
1470 1913 1740 1968 vinculum
1761 1912 1862 1967 du-

273 2002 494 2072 plicavit
539 2004 593 2058 in
641 2005 822 2072 vobis;
873 2021 1010 2075 quos
1038 2014 1091 2060 et
1122 2006 1176 2061 in
1202 2006 1456 2061 Ecclesia:
1486 2013 1639 2060 utero
1669 2003 1862 2059 fratres

271 2090 402 2148 fecit
421 2133 436 2159 ,
477 2102 532 2149 et
556 2095 655 2149 sub
686 2110 796 2148 una
821 2093 923 2150 fide
962 2095 1123 2150 variis
1151 2095 1397 2150 distinxit
1425 2081 1636 2161 officiis,
1671 2104 1730 2149 ut
1759 2095 1860 2149 sub

269 2183 488 2240 diverso
534 2201 758 2242 munere
787 2187 925 2241 alter
967 2187 1197 2242 alterum
1238 2188 1549 2258 pasceretis.
1595 2187 1674 2242 Tu
1715 2187 1862 2241 illum

215 2305 219 2308 -
268 2277 645 2346 spiritualibus
675 2280 840 2335 armis
862 2279 1116 2349 jejunans
1146 2290 1201 2336 et
1225 2297 1388 2337 orans
1408 2281 1650 2350 juvarcs,
1679 2290 1733 2335 et
1775 2281 1863 2336 ille

269 2368 326 2422 in
378 2377 431 2423 te
479 2370 719 2426 caelestia
765 2371 906 2427 bona
944 2373 1046 2428 sibi
1072 2383 1308 2441 sereret,
1339 2374 1463 2428 dum
1504 2374 1740 2428 carnalia
1770 2373 1863 2427 tibi

270 2461 527 2516 alimenta
557 2463 904 2534 suppeditat,
937 2480 1045 2520 non
1076 2465 1332 2533 indigenti
1354 2465 1569 2534 quidem
1593 2464 1867 2534 pereuntis

269 2567 416 2608 esca:
463 2546 684 2610 sumtu:
729 2557 856 2626 quia
902 2556 1073 2611 fames
1125 2567 1214 2612 tua
1257 2557 1520 2626 justitiam
1549 2565 1603 2610 et
1643 2571 1866 2624 regnum

269 2640 374 2698 Dei
403 2646 572 2699 esurit
605 2645 624 2682 τ
636 2687 650 2700 .
682 2646 790 2702 Sed
811 2656 992 2702 tamen
1014 2648 1140 2718 quia
1163 2648 1301 2702 idem
1324 2648 1600 2710 Dominus,
1625 2647 1716 2716 qui
1742 2645 1872 2700 fecit

267 2737 421 2804 quod
449 2738 594 2794 intus
616 2732 746 2805 est,
770 2739 896 2795 fecit
924 2741 1069 2810 quod
1097 2739 1227 2794 foris
1255 2749 1337 2795 est
1361 2756 1373 2803 ;
1421 2741 1635 2810 spiritus
1668 2738 1873 2809 quidem

269 2839 572 2900 promptus,
603 2848 726 2884 caro
753 2839 927 2884 autem
950 2819 1165 2901 inﬁrma
1189 2841 1248 2897 8;
1282 2830 1404 2885 ideo
1432 2831 1706 2884 viventem
1746 2829 1876 2884 licet

268 2921 519 2974 animam
570 2924 624 2976 in
672 2923 849 2978 Verbo
879 2923 1006 2990 Dei,
1037 2921 1184 2992 quod
1214 2930 1299 2976 est
1324 2919 1570 2974 Christus
1592 2919 1752 2984 Deus,
1784 2920 1875 2990 qui

271 3023 444 3068 verus
491 3023 546 3068 et
595 3014 750 3069 vivus
789 3015 942 3085 panis
965 3023 1049 3070 est
1081 3011 1128 3080 δ,
1149 3013 1238 3068 tali
1263 3019 1635 3067 remuneratur
1663 3009 1758 3082 (V.
1783 3026 1870 3081 ep.

265 3103 644 3175 i5,num.20)
665 3106 946 3175 obsequio,
971 3114 1030 3161 ut
1053 3107 1268 3177 corpori
1299 3114 1411 3172 tuo,
1442 3104 1493 3158 id
1513 3113 1614 3168 est,
1647 3102 1875 3159 terrente

1955 540 2263 608 plementttm
2293 541 2388 610 ﬁat
2420 543 2434 593 ἕ
2452 584 2464 597 .

2027 631 2081 686 4.
2122 632 2311 689 Adhuc
2338 635 2512 692 audeo
2539 637 2718 694 dicere
2742 639 2795 694 in
2816 646 3044 709 utroque
3074 650 3311 697 vestrum
3331 641 3543 699 diversa

1955 723 2215 782 Johannis
2234 737 2288 782 et
2309 727 2520 784 Domini
2546 730 2716 787 forma
2745 734 2990 803 consistit
3020 735 3115 807 (V.
3147 735 3252 792 Vit.
3292 752 3342 793 c.
3367 737 3457 806 59,
3486 756 3541 796 ιι.

1959 813 2014 886 2)
2042 835 2054 870 :
2085 815 2344 874 Johannis
2366 820 2417 874 in
2447 819 2662 878 deserto
2693 823 2768 893 (b)
2799 824 3221 892 clamantishet
3249 827 3460 885 Domini
3491 830 3546 883 in

1963 910 2163 981 templo
2193 907 2453 967 docentis.
2497 911 2564 967 Et
2595 930 2732 969 unus
2766 924 3003 970 vestrum
3033 917 3085 971 in
3115 919 3431 979 servitutem
3455 919 3546 972 mi-

1962 1001 2169 1056 nisterii
2209 1013 2431 1058 vocatus
2477 1013 2558 1059 est
2585 1048 2600 1072 ,
2641 1005 2778 1060 alter
2825 1008 2880 1061 in
2921 1009 3170 1065 monachi
3217 1009 3542 1066 libertatem.

1963 1093 2069 1150 Sed
2092 1095 2304 1165 utrique
2348 1097 2400 1150 in
2425 1113 2590 1151 unum
2616 1098 2712 1154 Dei
2755 1113 2978 1168 regnum
3009 1110 3065 1156 et
3092 1103 3320 1172 gloriam
3349 1120 3548 1161 convo-

1965 1192 2092 1256 cati,
2123 1202 2178 1246 et
2199 1191 2358 1246 ambo
2385 1192 2570 1258 liberi,
2620 1195 2745 1262 quia
2773 1196 2933 1252 ambo
2955 1197 3054 1252 sub
3076 1199 3244 1267 gratia
3268 1215 3283 1265 ;
3307 1208 3361 1254 et
3389 1201 3548 1256 ambo

1966 1286 2129 1351 servi,
2159 1285 2283 1354 quia
2307 1286 2466 1341 ambo
2487 1286 2586 1340 sub
2616 1287 2733 1355 lege
2763 1287 2902 1344 fidei.
2935 1290 3107 1345 Ambo
3130 1291 3284 1346 liberi
3303 1301 3547 1362 peccato,

1968 1386 2024 1432 et
2071 1379 2230 1432 ambo
2275 1379 2412 1432 servi
2443 1379 2664 1447 justitia:
2688 1421 2702 1445 ,
2735 1390 2790 1436 et
2818 1382 2977 1437 ambo
3009 1383 3062 1436 in
3081 1383 3300 1451 jejuniis
3322 1384 3550 1441 Domino

1969 1471 2111 1526 diem
2141 1473 2330 1542 sapitis
2355 1515 2368 1538 ,
2419 1481 2473 1526 et
2499 1473 2658 1528 ambo
2693 1475 2744 1528 in
2772 1476 2945 1544 epulis
2973 1477 3295 1533 sinceritatis
3325 1478 3551 1534 Domino

1969 1564 2170 1632 gratias
2215 1564 2371 1631 agitis
2396 1606 2410 1631 ,
2468 1566 2552 1635 qui
2589 1566 2679 1618 dat
2715 1583 2885 1620 escam
2927 1570 3066 1622 omni
3111 1571 3256 1623 carni
3294 1568 3333 1633 ι,
3365 1578 3420 1624 et
3461 1570 3552 1626 dat

1971 1671 2149 1712 escam
2175 1657 2352 1711 vivam
2373 1659 2736 1716 esurientibus
2760 1676 2941 1714 veram
2960 1661 3033 1730 (c)
3045 1661 3304 1730 justitiam
3321 1673 3380 1716 ω.
3407 1661 3552 1719 Unus

1972 1758 2211 1805 vestrum
2239 1748 2460 1813 audivit,
2494 1758 2553 1803 ut
2572 1749 2713 1805 dicat
2740 1769 2751 1802 :
2786 1749 3020 1805 Introibo
3041 1753 3112 1805 ad
3149 1754 3314 1807 altare
3337 1752 3454 1817 Dei,
3485 1754 3553 1808 ad

1964 1934 2151 1988 eodem
2178 1933 2441 2004 pr0pheta
2469 1931 2655 1988 didicit
2681 1933 2861 1989 dicere
2886 1953 2897 1986 :
2931 1933 3285 2005 Singulariter
3304 1952 3414 1989 sum
3435 1951 3548 2007 ego,

1966 2027 2126 2081 donec
2151 2035 2411 2080 transeam
2441 2035 2483 2080 ο.

2036 2119 2088 2172 5.
2133 2118 2273 2187 Ergo
2299 2121 2424 2188 quia
2455 2136 2534 2176 sic
2572 2123 2730 2177 electi
2765 2123 2896 2178 estis
2937 2132 2994 2178 et
3020 2123 3200 2180 dilecti
3247 2124 3476 2180 Domino
3505 2125 3550 2193 ³,

1968 2219 2024 2266 ιιι
2050 2212 2182 2265 alter
2210 2212 2422 2266 alterius
2443 2230 2601 2267 onera
2621 2217 2836 2283 portetis
2865 2225 2920 2281 r;
2955 2223 3011 2270 et
3039 2215 3264 2271 caritate
3291 2217 3548 2286 perfecta,

1966 2319 2073 2373 qua
2103 2303 2330 2358 invicem
2359 2320 2458 2359 vos
2484 2303 2726 2374 pascitis,
2757 2306 3052 2370 sustinetis,
3083 2305 3366 2370 instruitis,
3398 2305 3550 2361 locu-

1966 2393 2201 2465 pletatis,
2236 2395 2532 2466 adimpletis
2571 2396 2736 2467 legem
2783 2396 3014 2461 Christi,
3049 2406 3201 2453 orate
3241 2413 3339 2466 pro
3359 2396 3552 2460 nobis;

1937 2540 1940 2544 .
1967 2486 2238 2541 eonserite
2265 2486 2468 2541 validas
2487 2488 2788 2542 orationum
2810 2502 3018 2554 manus,
3048 2496 3107 2541 ut
3133 2488 3399 2558 superetis
3419 2487 3556 2542 mul-

1970 2577 2253 2632 titudinem
2271 2587 2613 2648 peccatorum
2635 2585 2964 2634 nostrorum.
2977 2577 3057 2633 0b
3078 2580 3182 2634 hoc
3191 2580 3333 2634 enim
3350 2579 3557 2634 miseri-

1975 2683 2100 2722 cors
2129 2676 2184 2721 et
2206 2669 2492 2723 miserator
2515 2667 2775 2724 Dominus
2801 2669 3178 2738 peccatoribus
3198 2670 3310 2724 'suis
3337 2666 3570 2726 sancto?

1976 2775 2097 2815 rum
2123 2760 2368 2814 notitiam
2388 2761 2772 2832 caritatemque
2785 2770 3039 2832 procurat
3059 2771 3113 2818 et
3132 2762 3379 2830 donat,ut
3397 2765 3558 2820 etiam

1977 2851 2368 2909 inexcusabiles
2417 2868 2540 2909 reos
2576 2864 2881 2925 praepotens
2922 2855 3206 2910 advocatio
3233 2856 3437 2911 meritis
3460 2855 3574 2910 da-‘

1976 2942 2269 2998 mnationis
2301 2944 2563 2998 absolvat.
2603 2943 2864 2999 Maneatis
2884 2945 2938 2999 in
2959 2959 3126 3014 regno
3157 2944 3364 3000 Domini
3393 2944 3560 3016 (quod

1977 3033 2119 3088 intra
2149 3049 2247 3088 vos
2275 3034 2403 3089 fecit
2428 3049 2548 3089 esse
2570 3050 2667 3104 per
2696 3035 3084 3090 inhabitantem
3115 3036 3168 3090 in
3195 3036 3349 3090 vobis
3375 3036 3559 3090 arrha-

1977 3126 2170 3182 bonem
2199 3125 2431 3196 Spiritus
2455 3127 2717 3194 sancti,in_
2733 3143 2832 3198 quo
2859 3127 3117 3192 clamatis,
3142 3124 3307 3197 Abba,
3333 3125 3494 3182 Pater
3507 3127 3570 3197 σι)

266 3196 331 3252 in
360 3204 414 3251 ιθ
445 3197 724 3292 ίτδεηίίλιξ
750 3199 954 3292 εθτγίίη
973 3198 1108 3254 Cibis
1132 3198 1388 3292 Ψοάίοίεξ
1413 3206 1472 3292 ἐι
1499 3197 1612 3292 ips?
1634 3195 1870 3292 1⁸111⁸³10⁸
1899 3207 1946 3270 C
1978 3195 2249 3275 benedicti
2277 3219 2504 3275 Domino
2533 3219 2624 3274 filii
2646 3195 2883 3289 pietatis,
2919 3229 2974 3276 et
3002 3222 3169 3292 pacis,
3201 3229 3257 3276 et
3285 3195 3520 3275 luminis.

267 3304 399 3344 rum
433 3297 646 3344 tuorum
677 3290 1005 3346 abundantia
1045 3290 1338 3358 saginetur.
1371 3289 1495 3344 Ideo
1523 3290 1665 3345 enim
1695 3289 1827 3344 dixit
1855 3308 1866 3342 :

270 3378 333 3432 Ν
338 3397 410 3435 an
438 3383 492 3434 in
523 3384 634 3437 solo
646 3399 783 3452 pane
817 3384 935 3437 vivit
958 3383 1127 3448 homo,
1161 3382 1251 3436 sed
1277 3383 1330 3434 in
1353 3382 1492 3438 omni
1520 3381 1667 3435 uerbo
1697 3379 1796 3436 Dei
1819 3378 1868 3447 i;

269 3474 410 3544 quia
440 3483 498 3528 ut
525 3474 837 3542 infirmioris
866 3475 1178 3532 substantia:
1217 3483 1413 3530 nostra:
1455 3475 1754 3541 rationem,
1804 3490 1872 3530 ne

271 3568 554 3636 esuriret,
587 3568 812 3638 habuit,
860 3569 1084 3640 perinde
1112 3576 1168 3624 et
1205 3569 1354 3626 carni
1384 3585 1580 3640 panem
1619 3583 1872 3626 necessa-

270 3660 422 3713 rium
448 3661 562 3730 ipse
589 3660 819 3716 Creator
847 3663 1100 3718 ostendit.

348 3751 407 3805 5.
454 3751 558 3807 Sed
590 3768 659 3808 ne
687 3754 931 3823 corporis
954 3769 1140 3809 curam
1176 3753 1368 3810 anima:
1416 3770 1870 3826 praeponeremus,

271 3859 400 3914 quae
425 3843 593 3900 verbo
623 3844 718 3900 Dei
748 3845 1005 3915 pascitur,
1040 3845 1118 3916 (a)
1144 3861 1252 3901 non
1282 3846 1335 3900 in
1363 3845 1481 3902 solo
1511 3861 1649 3917 pane
1673 3847 1874 3902 victum

273 3933 518 3989 hominis
554 3935 944 4000 constitutum;
976 3935 1159 3990 docuit
1199 3950 1359 4004 quem
1396 3935 1497 3989 etsi
1525 3936 1717 3989 anima:
1747 3950 1877 3989 cura

274 4041 387 4080 non
421 4035 662 4097 qumrat,
715 4027 894 4081 tamen
936 4023 1182 4096 corpOris
1211 4033 1401 4079 natura
1432 4025 1694 4094 deposcit.
1751 4025 1877 4079 ldeo

272 4109 736 4186 benedictusille,
769 4119 854 4174 cui
883 4117 952 4173 ad
973 4132 1107 4188 opes
1130 4116 1321 4170 anima:
1342 4115 1555 4186 proficit
1582 4117 1879 4172 necessitas

273 4215 613 4271 conditionis
646 4223 786 4269 tum:
819 4214 945 4282 quia
992 4212 1168 4268 adhuc
1215 4212 1379 4266 homo
1407 4253 1422 4280 ,
1464 4219 1520 4266 et
1548 4212 1653 4266 isto
1681 4209 1878 4264 visibili

272 4320 422 4376 pane
470 4305 771 4376 pascendus
800 4319 898 4370 es,
948 4304 1048 4360 etsi
1098 4302 1327 4360 interius
1370 4311 1575 4357 aeterno
1619 4301 1710 4357 illo
1739 4316 1880 4372 pane

272 4400 562 4455 satureris.
593 4397 708 4452 Non
733 4399 876 4453 enim
907 4397 1197 4467 proficeret
1229 4395 1525 4466 spiritualis
1554 4395 1742 4458 virtus,
1778 4395 1880 4450 nisi

277 4493 537 4546 subesset
564 4481 797 4546 carnalis
841 4490 999 4560 168
1030 4487 1336 4542 infirmitas.
1374 4485 1482 4542 Nec
1511 4495 1655 4544 esset
1684 4494 1878 4557 potens

2458 3320 2790 3376 EPISTOLA
2821 3324 2839 3343 ⁶
2867 3321 3078 3378 XXVII.

1975 3411 2206 3484 Laetatur
2236 3414 2450 3484 receptis
2480 3412 2544 3484 de
2575 3412 2764 3466 Serero
2807 3413 3004 3484 nuntiis
3035 3429 3051 3484 ς
3095 3420 3282 3482 purgat
3315 3427 3383 3484 _se
3427 3412 3474 3464 ei
3501 3411 3574 3465 de"

2047 3483 2281 3552 abductis
2309 3481 2599 3537 hominibus
2623 3499 2639 3535 :
2667 3483 2896 3552 ejusdem
2921 3483 3098 3536 laudes
3118 3481 3412 3552 exsequitur
3425 3497 3563 3536 sum-

2045 3572 2131 3610 ma
2151 3556 2367 3608 caritate
2401 3555 2463 3606 ac
2518 3553 2599 3605 sui
2627 3553 2982 3608 submissioue.

2048 3667 2263 3724 Ssvano
2292 3661 2439 3723 fr‘atri
2471 3667 2726 3723 unanimo
2747 3708 2762 3732 ,
2793 3667 3084 3724 venerabili
3129 3676 3186 3724 et
3237 3682 3454 3739 semper
3482 3665 3566 3740 (ό)

1979 3760 2500 3825 desiderantissimo,
2533 3757 2820 3815 Pitumnus.

2053 3851 2104 3906 1.
2149 3851 2458 3905 Benedicam
2495 3849 2775 3905 Dominum
2826 3851 2880 3904 in
2927 3852 3068 3906 omni
3113 3862 3339 3922 tempore
3370 3862 3416 3916 ι’,
3463 3866 3568 3904 non

1981 3942 2255 3997 obliviscar
2303 3940 2662 3996 retributiones
2693 3943 2832 4012 ejus,
2865 3945 2986 4012 quia
3014 3959 3117 3996 non
3147 3942 3425 3996 secundum
3445 3957 3569 4010 pec-

1981 4043 2102 4088 cata
2131 4042 2313 4088 nostra
2344 4033 2521 4087 tribuit
2542 4033 2686 4087 nobis
2721 4043 2767 4099 ³,
2798 4033 2889 4100 qui
2919 4032 3145 4087 assiduis
3173 4041 3228 4087 et
3271 4032 3571 4085 numerosis

1984 4123 2052 4177 de
2083 4130 2170 4176 tua
2203 4124 2360 4192 169
2394 4120 2746 4176 unanimitate
2790 4120 2998 4174 solatiis
3043 4119 3203 4172 satiat
3248 4118 3571 4173 desiderium

1987 4221 2249 4279 nostrum;
2274 4228 2398 4268 nam
2421 4213 2472 4266 in
2492 4210 2675 4281 paucis
2693 4210 2882 4266 diebus
2903 4210 3134 4266 reditum
3154 4209 3220 4264 ad
3243 4224 3342 4264 nos
3364 4217 3574 4264 sancto-

1983 4319 2102 4359 rum
2131 4303 2355 4359 fratrum
2404 4310 2460 4357 et
2512 4301 2890 4356 unanimorum
2918 4301 3279 4357 communium
3299 4339 3314 4364 ,
3348 4298 3576 4355 Posthu-

1989 4397 2151 4452 miani
2177 4403 2233 4451 et
2261 4394 2500 4450 Theridii
2525 4393 2619 4465 (V.
2651 4387 2824 4448 carm.
2861 4392 2948 4457 22,
2973 4411 3024 4448 v.
3050 4391 3245 4460 58l,et
3275 4391 3380 4446 Vit.
3406 4409 3456 4448 c.
3484 4391 3594 4458 35,-

1985 4505 2040 4556 n,
2061 4491 2136 4560 1),
2160 4488 2422 4544 adventus
2443 4488 2671 4542 aliorum
2685 4486 2906 4540 fratrum
2934 4486 3103 4540 Virini
3133 4493 3188 4540 et
3212 4485 3424 4540 Soriani
3449 4499 3576 4539 con-

274 4581 523 4639 fidelium
553 4583 878 4639 ministratio
897 4624 911 4649 ,
955 4580 1058 4634 nisi
1082 4579 1361 4634 materiam
1392 4577 1731 4633 ministrandi
1762 4577 1872 4648 ple-
1907 4585 1959 4645 D
1985 4589 2201 4636 secutus
2229 4589 2331 4636 est.
2381 4579 2458 4634 Ita
2483 4578 2637 4633 nobis
2666 4594 2774 4632 uno
2800 4577 3189 4648 propemodum
3237 4577 3292 4632 in
3333 4586 3578 4648 tempore

273 4691 511 4746 rumque
542 4675 777 4730 fraterna
801 4673 979 4743 inopia
1009 4671 1290 4743 praeberet.
1337 4668 1485 4724 Unde
1510 4679 1565 4724 et
1587 4669 1878 4740 Apostolus

273 4771 352 4825 ait
387 4772 446 4826 in
487 4777 708 4826 sanctos
745 4766 1239 4836 compensationem
1266 4763 1519 4830 futuram,
1545 4779 1665 4819 cum
1697 4760 1883 4818 Eccle-

274 4863 415 4916 siam
450 4861 545 4916 Dei
588 4861 655 4915 ad
685 4859 1112 4915 consolationem
1147 4857 1302 4911 istius
1339 4855 1730 4911 benedictionis
1752 4856 1882 4910 hor-

277 4962 451 5015 tatur,
510 4961 564 5006 et
605 4952 779 5007 dicit:
832 4949 1162 5003 Abundantia
1222 4956 1394 5002 vestra
1443 4948 1511 5001 sit
1563 4947 1630 5000 ad
1683 4947 1888 5002 illorum

350 5081 375 5107 ἰ
411 5068 502 5122 IV.
537 5066 666 5134 Reg.
695 5082 778 5130 vt,
811 5065 870 5129 ﬁ;
896 5064 960 5118 IV
989 5063 1121 5131 Reg.
1172 5079 1242 5126 IV,
1273 5063 1324 5116 8.
1403 5059 1431 5100 ιι
1459 5060 1521 5114 111
1548 5061 1678 5130 Reg.
1718 5078 1846 5127 χιιι,

350 5140 542 5186 λιειιιιι-
569 5155 620 5186 v-
651 5139 703 5186 (ἰ.
783 5147 806 5182 ιε
838 5136 1022 5186 Matth.
1059 5151 1199 5186 xxw.
1225 5132 1314 5186 «il.
1338 5132 1502 5186 Marc.
1536 5149 1641 5186 xw.
1674 5133 1763 5185 '58.
1844 5133 1868 5168 ιι

2011 5071 2033 5100 ο
2069 5060 2205 5115 Gen.
2231 5076 2345 5126 vm,
2372 5058 2456 5112 11.

1978 5148 2086 5185 ian.
2111 5147 2184 5186 γι.
2216 5129 2303 5184 41.
2391 5129 2401 5165 ί
2437 5129 2456 5182 il

1856 5144 1868 5167 ι
1891 5144 2086 5186 Jonan.
2111 5147 2184 5194 γι,
2216 5144 2303 5184 41.

282 5139 298 5175 ί
344 5140 542 5192 Matth.
569 5132 703 5202 v,_(i.
783 5147 806 5182 ιτ
838 5136 1022 5189 Matth.
1059 5151 1199 5194 xxw,
1225 5132 1314 5199 «il,
1338 5132 1502 5186 Marc.
1536 5149 1641 5196 xw,
1674 5133 1763 5185 '58.

281 5221 293 5258 ι
335 5211 375 5262 ll
409 5210 541 5264 Cor.
569 5225 658 5262 vin
683 5247 697 5270 ,
731 5206 818 5262 H.
898 5205 920 5242 ιι
955 5205 1141 5258 Matth.
1173 5221 1259 5272 ιιι,
1291 5204 1356 5268 5;
1415 5202 1539 5256 Joh.
1591 5219 1688 5264 vn,
1750 5202 1837 5272 28.

1988 4675 2216 4745 plurima
2265 4673 2584 4741 gaudiorum
2627 4673 2818 4727 messis
2865 4672 3112 4740 obvenit,
3143 4688 3264 4727 cum
3323 4686 3512 4726 omnes
3542 4672 3579 4728 ii

1991 4781 2129 4835 quos
2158 4765 2362 4836 pariter
2387 4765 2597 4819 venisse
2623 4763 3059 4827 memoravimus,
3087 4762 3280 4817 litteris
3308 4761 3579 4815 unanimi-

1994 4856 2120 4911 tatis
2166 4865 2270 4910 tua:
2309 4855 2605 4910 dulciorem
2649 4855 2803 4910 nobis
2851 4854 3149 4924 prtesentia:
3193 4868 3301 4908 suae
3353 4853 3584 4921 gratiam

1997 4947 2374 5003 reddidissent.
2407 4946 2699 5001 Exsultavit
2729 4946 2909 5013 itaque
2931 4946 2986 4998 in
3011 4943 3232 4999 Domino
3257 4945 3469 5014 spiritus
3499 4959 3580 4995 no.

2183 5283 2203 5309 τ
2235 5271 2376 5325 Psal.
2412 5286 2597 5336 xxxiii,
2628 5268 2682 5322 2.
2762 5279 2782 5306 ³
2822 5267 2959 5324 Psal.
2989 5285 3077 5332 cn,
3120 5266 3152 5320 5
3173 5275 3225 5321 et
3253 5265 3334 5318 10.

423 5397 573 5449 Alias
599 5392 698 5458 M;
729 5405 847 5460 qua:
874 5398 1052 5445 autem
1075 5389 1143 5441 2'7
1174 5397 1292 5442 erat
1313 5428 1328 5453 ,
1362 5403 1503 5441 nunc
1532 5386 1619 5439 57.
1651 5386 1863 5457 Scripta
1901 5401 2046 5442 anno
2074 5383 2194 5439 401.

366 5513 446 5583 (τι)
489 5511 585 5565 Ms.
621 5509 788 5564 codex
821 5507 1148 5583 Victorinus,
1191 5521 1293 5583 non
1328 5504 1383 5557 in
1426 5505 1536 5583 solo
1567 5521 1703 5574 pane
1734 5505 1892 5583 uitam

285 5574 520 5638 nominis
570 5589 808 5634 constare
844 5577 1168 5633 monstrauit.
1225 5576 1387 5644 Atque
1433 5576 1548 5629 ideo
1600 5592 1701 5628 non
1753 5574 1890 5643 Heg.

283 5672 408 5708 eum
437 5652 447 5720 ι
477 5654 611 5705 dixit
635 5669 650 5704 :
678 5649 798 5703 Non
842 5653 892 5702 in
932 5650 1199 5720 solorpane
1219 5684 1232 5708 ,
1265 5646 1418 5698 etiam
1463 5647 1513 5698 in
1544 5662 1677 5714 pmte
1705 5646 1888 5698 victum

283 5719 523 5781 hominis
554 5723 886 5774 constitutum
915 5719 1105 5771 docuit.

365 5794 451 5866 (ὁ)
492 5793 633 5847 Editi
660 5809 752 5847 sex
782 5791 994 5848 codices
1023 5787 1224 5844 addunt
1251 5803 1366 5843 νοτ.
1399 5786 1573 5840 minus
1602 5784 1756 5841 bene.

2079 5501 2150 5570 (ι’)
2191 5499 2478 5554 Justitiam.
2512 5499 2647 5556 Vera
2672 5499 2855 5565 lectio,
2893 5505 2946 5552 et
2969 5495 3258 5570 Scripturaa
3285 5509 3450 5550 sacra:
3470 5510 3589 5570 Cong

2002 5563 2281 5634 sentanea,
2315 5571 2502 5625 Grmce
2531 5579 2622 5631 τὴν
2645 5563 2983 5626 δικαιοσύνην.
3020 5563 3116 5634 1118ἔ
3153 5564 3356 5619 Victor.
3389 5574 3444 5621 et
3464 5565 3592 5623 editi

2001 5643 2056 5709 1,
2088 5632 2278 5697 vitam.
2311 5639 2463 5695 Prior
2491 5643 2653 5695 lectio
2689 5647 2949 5709 praeterea
2976 5632 3326 5709 confirmatur
3353 5651 3423 5692 ex
3450 5651 3506 5691 ιι.
3537 5635 3574 5689 2

2000 5705 2165 5785 [times
2189 5724 2273 5785 t_ua
2290 5713 2553 5785 justitiam
2578 5722 2640 5785 et
2655 5705 2867 5785 regnum
2885 5705 2993 5785 ,ηεξ
3019 5708 3200 5785 esurit.

2071 5785 2151 5856 (ά)
2194 5781 2270 5837 lta
2290 5776 2401 5838 'ms.
2434 5779 2567 5852 Reg.
2600 5776 2764 5848 Editi,
2787 5776 3243 5837 desideratissimo.

2534 5060 2557 5095 ⁸
2587 5057 2726 5112 Psal.
2760 5073 2906 5122 exul,
2935 5056 3022 5110 15.
3103 5067 3125 5094 ε
3160 5055 3299 5110 Psal.
3333 5071 3499 5120 uvn,
3535 5056 3584 5106 7.

2391 5129 2401 5165 ί
2437 5129 2625 5183 Matth.
2661 5146 2734 5195 IV,
2765 5126 2824 5192 ai;
2857 5127 2984 5182 Luc.
3008 5143 3080 5195 tv,
3112 5127 3172 5191 ὤς
3203 5127 3358 5180 Deut.
3392 5141 3503 5189 \‘lll,
3533 5124 3584 5195 5.

1920 5200 1939 5240 ι
1984 5200 2129 5256 Psal.
2157 5192 2351 5263 exxxv,
2399 5199 2488 5254 25.
2566 5208 2605 5235 ιη
2652 5192 2850 5253 Matth.
2874 5215 2925 5262 ν,
2969 5198 3022 5253 (i.
3069 5192 3125 5233 ἰι
3171 5198 3310 5250 f’sal.
3363 5211 3490 5260 xw,
3534 5192 3586 5246 οι.

281 5292 304 5313 υ
341 5279 492 5335 Psal.
522 5297 645 5344 cu,
680 5278 763 5332 10.
844 5287 868 5326 l‘
899 5275 1015 5330 Gal.
1044 5292 1115 5341 γι,
1149 5275 1200 5328 2.
1248 5271 1304 5340 Et
1338 5274 1492 5328 Rom.
1526 5289 1636 5333 vni,
1669 5272 1768 5336 i5;
1792 5271 1909 5327 Gal.
1943 5289 2020 5341 tv,
2047 5273 2100 5325 6.

3663 3121 3688 3136 κ
