4078 6352
482 312 583 399 δοῖ

1608 310 1665 369 S.
1707 309 1981 369 PAULINI
2020 304 2273 373 NOLANI
2313 307 2619 375 EPISCOPI

3668 304 3795 387 ωδ

479 441 605 495 ster,
648 442 697 487 et
756 432 1029 487 dilatatam
1082 440 1156 484 est
1182 495 1188 501 ξ
1210 447 1266 485 os
1318 438 1550 484 nostrum
1606 445 1758 500 super
1803 429 2067 482 inimicum
2096 427 2145 484 Δ
2175 426 2363 480 mitate
2395 427 2622 492 virtutis,
2675 435 2731 481 et
2766 440 2954 482 servus
2983 436 3114 491 ueo,
3145 424 3281 480 liber
3319 436 3663 488 mammonae,
3694 430 3800 489 ιρ-

476 532 718 579 ιιοσιηιηι
746 531 792 589 ⁸,
817 523 902 579 cui
927 538 1033 579 non
1076 520 1303 576 dabatur
1330 520 1512 577 dicere
1539 540 1552 575 :
1583 518 1849 576 Prtevalui
1883 519 2069 574 adver-

485 630 574 668 sus
596 631 681 669 eos
710 613 736 652 ι’
760 632 774 681 ;
799 630 921 669 cum
967 613 1142 683 potius
1186 620 1313 667 vota
1342 612 1733 669 desideriorum
1761 619 2071 666 nostrorum

478 706 912 775 ptevaluissent,
937 710 997 758 ut
1020 711 1280 775 exoptata
1310 704 1378 760 de
1400 715 1474 772 te,
1503 704 1555 759 id
1583 712 1665 760 est
1692 696 1928 758 maxima
1957 704 2073 759 ani-

482 812 594 855 nat
614 806 813 853 nostra:
840 810 991 862 cura,
1022 805 1078 853 et
1106 797 1328 867 judicia,
1357 806 1413 853 et
1440 797 1657 869 eloquia
1684 797 2068 866 reciperemus.

545 890 602 945 9..
642 890 844 960 Itaque,
878 898 934 945 ut
990 890 1123 946 nihil
1170 891 1398 946 invicem
1436 891 1576 945 sicut
1613 897 1941 960 praeceptum
1966 896 2075 954 est,

475 982 579 1037 nisi
602 994 839 1038 amorem
862 991 1107 1038 mutuum
1142 984 1299 1040 nobis
1323 983 1613 1039 debeamus
1644 994 1704 1049 ες
1737 981 2073 1052 respondebo

476 1072 723 1130 omnibus
763 1074 1010 1143 epistolis
1050 1075 1155 1129 tuis
1185 1091 1198 1127 :
1230 1090 1294 1130 ac
1321 1075 1553 1145 primum
1602 1072 1677 1127 illi
1708 1088 1871 1143 quam
1899 1071 2074 1141 primo

474 1166 695 1235 accepi,
724 1179 831 1234 qua
865 1168 878 1197 ¹
912 1166 980 1220 de
1010 1167 1155 1236 ipsis,
1179 1181 1278 1237 per
1303 1181 1441 1237 quos
1468 1165 1784 1236 scripseras,
1817 1162 1960 1233 apud
1988 1177 2075 1216 me

474 1258 808 1325 onpstulas,
840 1274 939 1315 cur
966 1268 1059 1312 aut
1080 1267 1132 1313 te
1160 1258 1333 1312 solum
1353 1257 1686 1326 reliquerim,
1717 1263 1811 1310 aut
1831 1255 1950 1309 illos
1981 1254 2073 1308 tibi

477 1347 813 1405 abduxerim.
845 1347 950 1403 Sed
980 1361 1364 1415 recognosces,
1408 1354 1601 1401 neutro
1641 1360 1729 1401 me
1769 1360 1929 1415 posse
1957 1343 2074 1399 cul-

478 1438 628 1508 pari;
678 1439 801 1509 quia
844 1453 1018 1508 neque
1042 1440 1096 1494 in
1122 1446 1175 1493 te
1194 1438 1552 1495 desiderando
1572 1452 1827 1508 umquam
1858 1436 2074 1491 modum

475 1529 601 1596 feci,
632 1545 807 1599 neque
836 1531 1002 1585 ullum
1033 1538 1209 1585 tecum
1231 1532 1390 1585 habui
1419 1529 1486 1585 de
1505 1545 1695 1585 eorum
1724 1528 2078 1598 usurpatione

476 1629 751 1679 certamen
782 1639 794 1673 :
819 1621 1058 1691 alioquin
1085 1622 1227 1675 ultro
1258 1621 1354 1676 tibi
1383 1621 1450 1675 de
1480 1628 1573 1676 tuo
1608 1620 1728 1689 jure
1756 1620 2072 1685 cessissem,

476 1712 522 1768 si
551 1712 699 1781 prius
727 1719 819 1767 tua
849 1711 1037 1767 fuisset
1062 1712 1352 1781 possessio.
1382 1710 1498 1767 Non
1525 1713 1670 1767 enim
1718 1727 1749 1767 a
1798 1727 1886 1766 me
1912 1711 2076 1766 alieni

2181 525 2289 572 tum
2323 519 2374 573 in
2398 528 2451 573 te
2474 521 2683 589 spirare
2712 516 3242 586 Martinum,llorere
3270 514 3486 571 Clarum
3531 512 3628 584 (V.
3659 520 3793 569 not.

2178 609 2336 677 124),
2385 611 2641 666 maturari
2672 608 3016 678 Evangelium
3051 608 3430 679 praedicabant.
3468 604 3794 675 lmpingua-

2176 710 2302 755 runt
2347 702 2570 756 omnino
2610 701 2734 755 oleo
2776 701 2972 756 laetitia:
3000 709 3163 769 caput
3190 707 3432 753 nostrum
3466 706 3523 762 ες
3557 707 3798 767 propter

2176 794 2282 848 hoc
2311 794 2682 848 benedia'erunt
2714 794 2889 847 omnia
2929 792 3179 846 interiora
3219 800 3397 844 nostra
3440 787 3729 842 Dominam
3766 786 3791 825 ί

2175 886 2377 955 duplici
2406 901 2568 941 causa
2607 887 2984 957 gratulationis
3014 904 3026 939 :
3060 884 3205 967 quod
3251 892 3307 939 et
3346 883 3445 938 tibi
3488 883 3794 953 plurimum

2177 978 2494 1048 praestitisse
2520 994 2621 1034 nos
2650 979 3079 1046 intelligenemus
3095 976 3164 1032 de
3193 974 3470 1045 agnitione
3493 973 3795 1030 dilectissi-

2179 1084 2412 1137 morum,
2444 1078 2507 1124 ut
2522 1070 2787 1139 probasti,
2816 1068 3067 1133 fratrum;
3093 1077 3153 1124 et
3168 1068 3290 1122 illos
3306 1066 3565 1136 gratulari
3590 1066 3691 1120 sibi
3716 1065 3796 1120 de

2178 1152 2369 1219 notitia
2392 1170 2448 1217 et
2473 1164 2702 1218 caritate
2723 1172 2834 1229 tua,
2861 1171 2921 1218 ut
2948 1161 3135 1218 divino
3161 1176 3403 1225 munere,
3449 1160 3789 1216 videremus.

2180 1255 2452 1323 Quantum
2496 1256 2574 1311 illi
2602 1268 2862 1327 praeterea
2894 1259 3035 1313 inter
3063 1271 3230 1326 opera
3266 1264 3325 1309 et
3371 1269 3596 1311 munera
3645 1253 3700 1306 in
3732 1260 3794 1305 te

2179 1346 2276 1403 Dei
2306 1347 2557 1405 admirati
2580 1356 2705 1405 sunt
2734 1351 2898 1405 etiam
2926 1364 3124 1419 pueros
3154 1357 3315 1412 tuos,
3357 1347 3449 1414 qui
3477 1347 3535 1399 in
3565 1346 3793 1398 circuitu

2182 1448 2267 1499 tuo
2297 1442 2429 1494 sicut
2467 1441 2682 1497 novella:
2711 1443 2731 1472 ⁸
2764 1443 3014 1497 olivarum
3038 1450 3061 1487 π
3082 1440 3289 1495 virent;
3324 1437 3519 1509 quibus
3558 1444 3611 1490 te
3646 1436 3795 1491 Deus

2180 1541 2368 1587 noster
2384 1530 2521 1587 idem
2545 1533 2691 1599 fecit,
2720 1532 2863 1602 quod
2892 1532 3006 1603 ipse
3027 1531 3236 1587 cunctis
3262 1538 3362 1593 est,
3395 1537 3455 1583 ut
3478 1537 3530 1582 te
3552 1537 3606 1582 et
3628 1529 3793 1597 quasi

2181 1622 2460 1678 dominum
2487 1632 2798 1692 vereantur,
2842 1632 2897 1677 et
2941 1623 3093 1693 quasi
3123 1630 3333 1691 patrem
3371 1619 3595 1687 diligant
3632 1615 3679 1670 ιλ.
3728 1615 3794 1672 In

2181 1716 2289 1772 hoc
2319 1725 2499 1771 tamen
2527 1732 2777 1773 sermone
2803 1730 3012 1781 eorum,
3043 1713 3272 1769 fatemur
3295 1711 3564 1781 gemuisse
3587 1724 3689 1764 nos
3718 1707 3794 1764 ad

476 1801 659 1863 forent
684 1812 861 1859 tecum
887 1811 1187 1869 nianentes,
1221 1806 1313 1875 qui
1343 1812 1490 1860 totus
1519 1819 1580 1859 es
1607 1819 1760 1860 meus
1788 1805 1842 1859 in
1863 1803 2080 1859 Christo
2115 1791 2158 1853 Β
2188 1805 2554 1863 infelicitatem
2577 1816 2839 1874 nostram,
2863 1806 3060 1876 quibus
3089 1805 3157 1860 ab
3187 1802 3449 1875 ejusmodi
3478 1801 3599 1856 (iliis
3622 1800 3793 1854 steri-

477 1895 731 1961 Domino,
762 1911 860 1966 per
879 1911 1042 1965 quem
1071 1911 1190 1951 sum
1221 1898 1450 1953 invicem
1481 1906 1640 1953 tuus:
1672 1912 1849 1967 neque
1869 1905 2075 1952 tantum

477 1987 740 2057 cepissem
761 1988 946 2056 gratiae
983 1988 1036 2041 in
1078 1988 1144 2042 iis
1171 1989 1403 2059 receptis
1441 1997 1703 2058 quantum
1744 1988 2074 2053 amisissem,

482 2080 541 2138 si.
559 2079 652 2134 tibi
706 2081 1103 2151 prteripuissem
1136 2082 1433 2151 quamlibet
1471 2082 1804 2152 expetendos
1840 2082 1895 2135 in
1935 2082 2080 2136 salu—

477 2171 591 2227 tari
611 2172 696 2228 via
723 2172 969 2228 comites.
993 2171 1128 2226 Nam
1157 2187 1277 2227 mea
1305 2168 1522 2242 quoque
1541 2173 1809 2228 sententia
1830 2172 2076 2239 dignissi-

478 2278 633 2331 mum
653 2278 743 2320 me
765 2263 1065 2332 iudicarem
1114 2264 1206 2334 qui
1254 2279 1285 2318 a
1324 2272 1419 2319 tua
1457 2265 1687 2321 caritate
1724 2279 2003 2327 vacuarer,
2034 2263 2078 2317 si

478 2355 649 2413 ullum
675 2354 877 2411 bonum
905 2354 1038 2410 mihi
1055 2370 1217 2426 quam
1233 2355 1330 2410 tibi
1350 2347 1585 2411 mallem.
1617 2354 1816 2409 Verum
1836 2369 1937 2423 ego
1957 2370 2079 2408 cum

479 2446 611 2509 illos
627 2447 906 2515 inopinato
932 2448 954 2478 ³
983 2445 1196 2502 Domini
1225 2460 1448 2501 munere
1475 2446 1710 2516 allapsos
1739 2445 1760 2477 ⁸
1788 2445 1919 2499 mihi
1947 2445 2082 2499 tales

478 2539 885 2608 comperissem,
917 2538 1106 2608 quales
1126 2545 1183 2593 et
1211 2538 1310 2594 tibi
1337 2548 1528 2608 postea
1576 2538 1630 2592 in
1675 2537 1823 2593 brevi
1866 2537 2079 2592 clame-

478 2638 625 2695 sunt.
656 2629 823 2687 etiam
848 2628 1152 2686 invidebam
1180 2629 1333 2696 mihi,
1365 2645 1464 2685 cur
1491 2630 1544 2684 in
1566 2629 1670 2685 hac
1693 2636 1847 2699 parte
1877 2627 2083 2681 felicior

479 2719 804 2787 tefuissem‘,
849 2728 911 2776 ut
958 2730 1051 2777 tuo
1093 2732 1397 2792 conspectu
1420 2730 1477 2775 et
1502 2720 1778 2776 consortio
1807 2719 2083 2787 digniores

478 2826 582 2882 φο
610 2814 795 2883 potius
821 2813 1146 2879 obtinerent,
1193 2814 1283 2869 vel
1324 2814 1475 2883 prius
1521 2813 1877 2881 agnovissem.
1914 2809 2081 2864 Deni-

478 2916 606 2971 que,
639 2909 702 2956 ut
721 2903 1120 2971 quamprimum
1150 2902 1253 2961 hac
1286 2916 1395 2971 qua
1440 2916 1529 2956 me
1554 2900 1775 2956 beatum
1802 2899 2083 2955 existima-

478 2993 604 3055 ham
645 2994 817 3062 gratia
865 3003 918 3051 te
947 3003 1200 3051 consorte
1227 2994 1546 3062 gauderem,
1577 3003 1635 3049 et
1673 3000 1972 3063 pmsentes
2001 2994 2081 3062 (α)

478 3086 742 3156 increpui,
769 3088 915 3156 quod
945 3103 1004 3143 se
1023 3087 1403 3143 familiaritatis
1431 3102 1496 3143 ac
1522 3088 1727 3142 notitia:
1752 3095 1858 3141 tua:
1886 3100 2083 3155 exper-

386 3194 395 3199 ‘
479 3184 564 3235 tes
604 3175 938 3242 faterentur;
988 3191 1165 3245 neque
1191 3177 1484 3246 quidquam
1509 3176 1803 3233 studiosius
1830 3175 2082 3231 mandavi

479 3265 968 3337 proficiscentibus,
1020 3281 1183 3337 quam
1231 3268 1299 3321 ad
1325 3274 1674 3336 conspectum
1721 3275 1872 3321 tuum
1923 3281 2079 3321 com-

480 3357 804 3428 plexumque
851 3365 1228 3428 properarent,
1278 3366 1441 3428 teque
1466 3371 1799 3428 cognoscere
1828 3358 2081 3413 omnibus

480 3450 541 3511 in
567 3451 740 3521 patria
772 3450 936 3507 rebus
957 3458 1015 3506 et
1040 3450 1183 3505 curis
1206 3451 1318 3506 suis
1337 3450 1703 3514 anteferrent,
1735 3458 1796 3506 ut
1813 3449 2081 3506 diutinum

480 3546 736 3601 datunum
763 3545 866 3600 sibi
896 3545 981 3599 vel
1009 3559 1132 3600 sero
1168 3545 1452 3600 sarcirent.
1477 3544 1563 3610 Et,
1588 3545 1788 3615 gratias
1823 3543 2080 3612 Domino,

482 3637 771 3706 recipimus
791 3652 885 3692 eos
914 3639 1171 3691 venientes
1193 3638 1249 3690 in
1276 3637 1620 3692 exsultatione
1647 3637 1695 3703 (³,
1718 3651 2081 3707 magnumque

483 3726 665 3797 huius,
705 3743 809 3798 qua
840 3726 999 3782 nobis
1023 3727 1076 3781 in
1102 3736 1158 3782 te
1184 3742 1293 3796 pra:
1320 3728 1518 3782 ceteris
1559 3728 1865 3797 expetendo
1904 3727 2081 3782 credi-

487 3818 718 3887 dissent,
760 3820 1106 3876 conscientia:
1151 3819 1425 3888 gaudium,
1474 3820 1627 3888 quasi
1656 3819 1995 3874 benedictum
2025 3826 2082 3873 et

483 3912 693 3967 alteris
748 3910 869 3967 vita:
918 3910 1029 3967 sum
1063 3912 1322 3967 fructibus
1350 3912 1594 3966 altiorem
1648 3912 1716 3965 de
1759 3924 1887 3979 agro
1919 3911 2079 3980 pleno

489 4004 649 4077 11o
672 4005 1002 4075 manipulum
1032 4013 1391 4076 reportantes.
1423 4005 1567 4071 Quas
1596 4005 1671 4058 illi
1694 4005 1803 4060 Deo
1825 4005 2074 4074 primum,

438 4102 450 4111 '
481 4100 576 4169 qui
603 4114 712 4154 non
739 4098 914 4154 solum
943 4099 1217 4164 satiasset,
1232 4098 1326 4153 sed
1349 4106 1409 4153 et
1427 4105 1733 4168 superasset
1752 4096 2076 4151 desiderium

479 4205 688 4256 ensum,
720 4198 781 4244 ut
801 4191 955 4261 plura
986 4190 1037 4245 in
1068 4198 1123 4246 te
1149 4204 1309 4261 quam
1340 4196 1755 4260 pnesumserant
1776 4188 2081 4243 invenirent

482 4280 660 4340 bona?
685 4296 822 4352 quas
842 4283 1015 4347 nobis,
1040 4282 1131 4350 qui
1163 4290 1323 4334 tantae
1358 4280 1462 4335 illis
1494 4280 1864 4349 acquisitionis
1894 4280 1912 4310 ’⁵
1942 4278 2076 4334 fuis-

483 4389 665 4429 semus
710 4374 965 4427 autores?
1001 4387 1135 4440 quas
1178 4370 1556 4451 sibimetipsis,
1616 4369 1761 4438 quod
1818 4369 1970 4424 nobis
2022 4370 2077 4424 in
2138 4366 2143 4369 ’

484 4478 640 4519 suum
669 4463 877 4517 lucrum
900 4462 1223 4531 paruissent,
1253 4462 1451 4528 gratias
1473 4460 1747 4527 agebant?

2185 1900 2391 1955 litatem
2414 1901 2657 1969 graviora
2679 1906 2901 1969 peccata
2956 1898 3209 1953 fecissent
3242 1914 3253 1948 :
3287 1894 3384 1951 sed
3435 1896 3564 1965 {acti
3606 1908 3794 1947 sum

2184 1993 2331 2066 quasi
2371 1992 2622 2047 consolati
2657 1991 2699 2058 ί,
2729 1991 2856 2061 quia
2886 1990 3114 2045 vicinum
3144 2003 3264 2044 esse
3302 1986 3460 2043 nobis
3489 1994 3593 2041 tute
3615 1984 3795 2040 felici~

2184 2084 2311 2141 tatis
2339 2083 2540 2139 bonum
2564 2083 2891 2153 judicamus.
3241 2124 3259 2141 .

2256 2176 2310 2230 «1.
2352 2176 2551 2231 Verum
2595 2189 2664 2230 ne
2716 2173 2961 2243 longiore
3009 2171 3291 2228 intervallo
3319 2177 3505 2227 nostra
3534 2167 3795 2239 iniquitas

2184 2272 2325 2328 inter
2352 2284 2451 2323 nos
2478 2276 2532 2323 et
2553 2276 2607 2324 te
2627 2274 2863 2338 separet,
2886 2272 3059 2321 totum
3088 2264 3231 2320 hunc
3258 2277 3366 2333 quo
3394 2260 3583 2317 diebus
3602 2267 3661 2315 et
3684 2274 3796 2315 no:-

2184 2362 2360 2418 ctibus
2382 2360 2547 2416 Deum
2578 2360 2809 2427 mulces,
2855 2373 3023 2416 sacrae
3049 2357 3204 2429 pubis
3231 2358 3451 2426 accinge
3477 2353 3751 2410 delectum
3772 2393 3790 2417 ,

2186 2462 2246 2508 ut
2274 2453 2557 2508 adversum
2588 2460 2812 2523 peccata
2842 2459 3029 2507 nostra
3053 2466 3152 2521 pro
3185 2449 3340 2504 nobis
3364 2448 3537 2504 aciem
3582 2445 3794 2501 oratio—

2184 2561 2314 2599 num
2340 2545 2572 2615 dirigant
2615 2551 2672 2599 et
2720 2551 2965 2609 exorent,
2999 2550 3058 2597 ut
3095 2541 3364 2610 confirmet
3392 2540 3488 2594 hoc
3534 2537 3793 2593 Dominus

2185 2637 2324 2710 quod
2350 2646 2593 2708 operatus
2615 2645 2691 2690 est
2717 2635 2866 2690 nobis
2895 2637 2909 2685 ι
2956 2652 2969 2687 :
3003 2633 3056 2689 id
3079 2642 3180 2699 est,
3232 2640 3291 2686 ut
3335 2631 3560 2687 caritate
3589 2637 3697 2692 tua,
3731 2630 3791 2683 in

2186 2743 2292 2798 qua
2314 2742 2456 2782 nunc
2485 2726 2900 2797 acquiescimus,
2930 2733 2986 2780 et
3013 2739 3118 2795 qua
3146 2722 3456 2794 gloriamur,
3492 2721 3543 2776 in
3574 2720 3662 2775 illa
3696 2719 3792 2774 die

2185 2816 2569 2887 refrigeremur
2597 2825 2653 2872 et
2679 2816 3028 2887 gaudeamus.

2675 2926 3009 2983 EPISTOLA
3028 2931 3059 2965 ⁸
3080 2926 3307 2983 XXVIII.

2195 3020 2355 3093 17.1
2392 3018 2671 3093 νίεὲοηζηιο
2703 3037 2796 3091 ρετ
2823 3036 2975 3093 quem
2997 3020 3219 3093 inuicem
3241 3020 3445 3093 litteras
3472 3016 3745 3093 nsittebegt
3770 3057 3789 3082 ,

2265 3087 2452 3145 Simo
2482 3089 2680 3161 laudat,
2700 3087 2748 3143 et
2776 3087 2912 3161 quod
2934 3092 3096 3147 serius
3121 3091 3410 3149 remittatur
3429 3097 3658 3147 excusat.
3681 3087 3791 3161 To.-

2108 3158 2156 3221 C
2261 3169 2366 3214 tam
2394 3160 2685 3231 epistolam,
2718 3158 2949 3231 sensibus
2971 3170 3021 3215 et
3049 3162 3211 3215 verbis
3255 3161 3593 3231 sanctissimis
3632 3160 3787 3223 texit,

2256 3228 2467 3315 insertis
2521 3230 2909 3315 emblematiaus
2960 3231 3449 3315 pulcherrimisnde.
3474 3228 3681 3315 qur‘isto
3726 3239 3792 3281 ut

2256 3298 3791 3451 erasas:

2258 3438 2543 3513 los'mittit,
2569 3438 2783 3513 quorum
2798 3442 2959 3513 _alter
2996 3450 3110 3513 erat
3141 3451 3404 3513 tantopere
3436 3458 3476 3513 αῖ
3501 3439 3571 3513 3.
3591 3438 3790 3513 Ijiero-

2257 3528 2413 3583 nymo
2439 3508 2669 3583 (Ep.'l5
2698 3513 2767 3566 ad
2791 3511 3029 3582 Paulin.)
3059 3508 3574 3583 laudata'TIteodosii
3597 3508 3792 3579 Defen-

2257 3582 2355 3649 sio,
2394 3582 2550 3655 quam
2589 3582 2912 3655 intercidisse
2950 3600 3100 3655 nemo
3129 3600 3232 3640 non
3264 3582 3401 3637 dolet
3424 3599 3442 3636 :
3472 3583 3608 3636 alter
3644 3596 3786 3645 vero,

2258 3652 2498 3709 natalitia
2521 3654 2755 3708 carmina
2777 3652 2841 3706 de
2862 3652 2922 3709 S.
2942 3652 3140 3710 Felice.

2257 3746 2457 3802 Sancto
2496 3745 2649 3800 fratri
2696 3752 2752 3801 et
2802 3745 3059 3867 ιιιξηίωο
3106 3743 3458 3801 commilitoni
3498 3742 3679 3801 Ssvsn

2896 3832 3137 3867 AULINUS.

2896 3832 3051 3872 AULIN
3060 3832 3137 3872 US.

2261 3915 2311 3971 l.
2354 3915 2515 3972 Redit
2544 3916 2576 3971 ti
2605 3932 2691 3973 me
2721 3917 2817 3973 tibi
2844 3915 3052 3981 Victor,
3104 3925 3161 3972 ut
3204 3916 3391 3975 redeat
3430 3933 3462 3972 a
3507 3926 3561 3973 te
3605 3917 3736 3973 mihi
3770 3936 3797 3969 .-

2187 4008 2376 4069 Victor
2414 4023 2700 4064 commune
2745 4010 2956 4080 pignus,
2989 4017 3043 4065 et
3072 4009 3227 4066 fidele
3268 4011 3702 4076 contubernium,
3730 4019 3795 4066 et

2185 4102 2428 4157 solemne
2455 4100 2706 4157 solatium
2728 4100 2883 4157 nobis
2908 4120 2920 4154 :
2944 4101 3132 4157 Victor
3159 4103 3212 4159 in
3243 4112 3295 4161 te
3321 4116 3493 4169 meus,
3522 4112 3580 4158 et
3617 4103 3671 4159 in
3700 4119 3793 4165 me

2185 4202 2349 4250 tuus:
2382 4193 2571 4249 Victor
2612 4194 2962 4264 epistolarum
2992 4203 3299 4249 nostrarum
3336 4195 3648 4251 veredarius
3687 4211 3789 4266 pe-

2184 4286 2299 4353 des,
2359 4296 2455 4343 aut
2506 4288 2733 4344 veredus
2786 4288 2968 4357 bipes;
2997 4289 3171 4343 victor
3220 4288 3652 4357 longissimarum
3681 4288 3793 4342 via-

2184 4398 2304 4439 rum
2328 4400 2343 4451 ;
2371 4383 2509 4439 bene
2548 4382 2689 4438 idem
2719 4382 2980 4439 dicendus
3025 4384 3185 4439 simul
3210 4390 3269 4438 et
3294 4383 3469 4438 victor
3495 4390 3552 4437 et
3577 4382 3787 4449 victus;

2187 4477 2315 4547 quia
2365 4475 2594 4531 vincitur
2638 4474 2880 4540 caritate,
2912 4476 2986 4546 (b)
3017 4490 3124 4545 qua
3151 4474 3318 4529 vincit
3361 4474 3477 4531 vias
3519 4473 3684 4529 duras
3732 4482 3793 4529 et

510 4584 523 4592 -
554 4552 609 4607 5.
650 4528 925 4606 lneﬁ‘abilé
949 4551 1080 4605 mihi
1110 4558 1212 4615 est,
1239 4559 1439 4619 quanta
1463 4564 1549 4603 me
1587 4550 1866 4619 voluptate
1894 4550 2079 4620 perfu-

2193 4528 2416 4638 magnos
2444 4565 2679 4634 labores,
2707 4565 2798 4636 qui
2827 4566 2879 4619 in
2911 4565 3097 4620 sudore
3122 4566 3287 4620 vultus
3325 4565 3407 4620 sui
3446 4565 3551 4619 edit
3597 4582 3793 4636 potters

486 4644 682 4706 derint,
714 4657 839 4699 cum
868 4642 1131 4698 referrent
1157 4651 1213 4697 et
1233 4651 1384 4697 actas
1428 4650 1485 4696 et
1520 4656 1798 4697 sermones
1844 4650 1989 4707 tuos,
2029 4654 2087 4700 et

487 4733 788 4805 perfectum
831 4748 929 4788 cor
968 4742 1117 4787 tuum
1167 4734 1404 4787 cantatis
1450 4732 1645 4787 divina:
1696 4733 1942 4800 scientia,
1974 4751 2082 4806 qua

486 4825 708 4880 humilis
734 4835 791 4879 et
817 4825 1085 4891 excelsus,
1117 4840 1320 4895 pauper
1349 4833 1403 4880 et
1431 4825 1601 4892 dives,
1635 4842 1821 4883 servus
1850 4837 1903 4883 et
1925 4830 2080 4899 liber,

486 4917 702 4973 famulis
728 4931 1037 4983 conservus,
1070 4917 1322 4973 fratribus
1344 4934 1551 4984 servus,
1584 4922 1908 4991 pauperibus
1932 4917 2085 4979 dives

487 5012 541 5066 in
561 5009 1284 5077 viseeribusmisericordize,
1307 5009 1559 5066 divitibus
1578 5027 1786 5083 pauper
1804 5014 1857 5069 in
1888 5018 2081 5085 spiritu

486 5100 931 5168 mansuetudinis,
956 5101 1169 5157 humilis
1193 5103 1388 5160 virtute
1424 5104 1659 5174 pietatis,
1684 5107 1882 5165 arduus
1910 5114 2079 5169 subli-

559 5245 583 5272 ⁸
614 5233 792 5307 li}eg.
826 5253 880 5303 ιι,
915 5235 967 5302 1;
998 5236 1126 5295 Luc.
1162 5254 1201 5304 ι,
1230 5237 1317 5293 47.
1398 5239 1423 5278 δ
1455 5238 1595 5295 Psal.
1629 5258 1733 5307 xu,
1770 5244 1824 5299 5.

487 5393 647 5444 cxxv,
680 5393 714 5432 ι.
796 5382 809 5429 1'
841 5376 981 5433 Psal.
1007 5396 1172 5461 txvn,
1203 5379 1291 5434 29.
1373 5381 1395 5419 ¹ι
1424 5381 1559 5437 Gen.
1592 5400 1675 5446 ιιι,
1707 5386 1793 5439 19.

559 5248 583 5272 ι
615 5248 637 5290 ι
660 5248 792 5306 tseg.
826 5253 880 5303 ιι,
915 5248 967 5302 ι;
998 5248 1126 5295 Luc.
1162 5254 1201 5304 ι,
1230 5248 1317 5293 47.
1398 5248 1423 5278 υ
1455 5248 1595 5295 Psal.
1629 5258 1733 5307 χιι,
1770 5248 1824 5299 5.
1906 5259 1929 5287 ο
1951 5248 2079 5305 Joha

487 5305 541 5361 6.
622 5315 644 5344 ο
668 5304 810 5387 Psal.
845 5324 973 5387 Exn,
999 5308 1051 5364 5.
1135 5308 1151 5347 τ
1184 5308 1326 5387 Ιζδειι.
1360 5329 1462 5387 cu,
1488 5312 1534 5376 l,
1586 5329 1695 5368 sec.
1714 5309 1951 5387 Rsalter.
1995 5331 2079 5377 vet

2193 5267 2277 5316 sv,
2310 5248 2406 5314 l7;
2437 5248 2600 5302 Rom.
2634 5262 2748 5314 xm,
2766 5248 2819 5312 8;
2843 5248 2863 5300 l
2886 5248 3078 5302 Johan.
3113 5262 3203 5315 ιιι,
3224 5248 3315 5303 25.
3389 5248 3415 5286 ἀ
3447 5248 3490 5303 Ρ

2193 5331 2247 5377 et
2277 5319 2433 5374 Rom.
2512 5327 2537 5364 ι
2569 5316 2709 5372 Psal.
2743 5333 2944 5387 cxxvu,
2988 5317 3042 5374 5.
3121 5317 3146 5355 ¹³
3169 5316 3358 5375 Malae.
3392 5336 3426 5376 ι.
3456 5318 3490 5373 6

2194 4674 2341 4713 suum
2363 4656 2409 4724 ιι,
2433 4666 2494 4713 ιιι
2521 4672 2622 4712 nos
2639 4654 2846 4711 reﬁciat
2873 4656 3065 4711 annuis
3093 4656 3234 4711 inter
3255 4664 3543 4726 utrumque
3575 4656 3789 4712 discur-

2193 4750 2362 4817 sibus,
2412 4749 2591 4803 lerens
2622 4746 2693 4817 (c)
2719 4746 3017 4813 indefessus
3062 4763 3125 4802 ac
3172 4746 3416 4824 referens
3460 4748 3793 4803 commercia

2186 4842 2508 4906 litterarum,
2542 4839 2737 4911 quibus
2783 4848 3020 4893 mutuam
3077 4839 3444 4894 visitationem
3487 4839 3684 4896 animis
3723 4855 3791 4895 ac

2187 4932 2485 4988 visceribus
2531 4931 2759 4986 invicem
2805 4932 3025 4998 nostris,
3057 4939 3329 5001 tamquam
3366 4931 3597 4999 vectigal
3626 4930 3791 4987 ofticii

2187 5024 2375 5087 debiti,
2404 5022 2754 5093 pensitamus.
2806 5020 2888 5075 Sit
2932 5020 3243 5077 benedictus
3272 5022 3500 5076 Domino
3541 5038 3677 5093 puer
3702 5023 3792 5075 Vi-

2186 5124 2340 5178 ctor;
2375 5126 2550 5181 neque
2578 5110 2655 5166 illi
2679 5112 2862 5183 spinas
2888 5118 2942 5166 et
2971 5111 3194 5167 tribulos
3222 5127 3315 5168 sua
3333 5120 3474 5167 terra
3501 5116 3789 5182 parturiat,

2184 5267 2277 5316 xv,
2310 5247 2406 5314 l7;
2437 5246 2600 5302 Rom.
2634 5262 2748 5314 xm,
2766 5246 2819 5312 8;
2843 5246 2863 5300 ι
2886 5245 3078 5302 Johan.
3113 5262 3203 5315 ιιι,
3224 5248 3315 5303 25.
3389 5245 3415 5286 δ
3447 5248 3590 5305 Psal.
3626 5265 3789 5309 cur,

2188 5331 2247 5372 et
2277 5319 2433 5372 Rom.
2512 5327 2537 5364 ι
2569 5316 2709 5372 Psal.
2743 5333 2944 5372 cxxvu.
2988 5317 3042 5372 5.
3121 5317 3146 5355 ¹³
3169 5316 3358 5372 Malae.
3392 5336 3426 5372 ι.
3456 5318 3490 5372 6
3597 5320 3612 5357 ί
3643 5318 3787 5372 Psal.

3597 5330 3612 5357 ι
3643 5330 3787 5372 l’snl.

560 5496 579 5517 '
608 5495 754 5551 Alias
782 5496 837 5563 9;
862 5511 980 5567 qua:
1034 5505 1213 5552 autem
1254 5497 1324 5551 28
1379 5509 1512 5562 erat,
1547 5517 1685 5555 nunc
1732 5502 1818 5557 18.
1863 5496 2077 5575 Scripta
2110 5520 2254 5563 anno
2274 5504 2397 5571 402,
2430 5505 2529 5561 sub
2551 5505 2710 5558 linem
2732 5505 2951 5560 aestatis.

516 5599 638 5683 λα)
672 5606 768 5683 _Sic
796 5603 1067 5683 ms.__Reg.
1101 5617 1158 5663 et
1193 5610 1271 5683 sic
1310 5609 1562 5667 Paulinus
1603 5613 1654 5665 in
1700 5616 1858 5683 epist.
1905 5616 1974 5670 49
2013 5618 2081 5673 ad

486 5673 889 5750 Πβξᾳιξιιυκλιι.
914 5679 967 5743 5,
993 5673 1246 5750 increpuit
1275 5697 1433 5734 mare.
1734 5673 1751 5683 ³
2059 5706 2063 5711 -

560 5743 634 5819 (ὁ)
676 5744 771 5801 Ms.
807 5746 962 5819 Κείς..
991 5743 1254 5810 αιιὶιιίΜε.
1282 5751 1477 5815 Vatic.,
1508 5755 1615 5826 qui.

2218 5658 2222 5663 .
2267 5618 2459 5691 (cgita
2480 5632 2589 5691 ins.
2621 5617 2785 5691 Vien.
2806 5626 2861 5671 et
2880 5622 2964 5673 ed.
2991 5619 3176 5675 Schol.
3204 5628 3258 5675 et
3280 5619 3537 5691 Latinius,
3574 5619 3651 5676 fax

2194 5688 2295 5744 ms.
2326 5689 2444 5743 Vat.
2477 5688 2529 5742 in
2560 5702 2667 5757 quo
2694 5688 3009 5760 indefessim.
