4078 6352
509 359 605 413 5H

1624 355 1679 411 S.
1723 352 1995 411 PAULINI
2034 352 2282 410 ΝοιΑῖιε
2323 352 2626 412 EPISCOPI

3675 357 3792 412 31‘2

511 477 768 542 valerem,
799 475 1023 548 apposui
1049 474 1116 530 de
1142 471 1330 530 diebus
1369 474 1389 504 °
1435 474 1634 528 aestivis
1670 489 1852 529 moras
1879 473 2014 544 ejus,
2038 481 2098 527 ut
2124 472 2175 534 Α
2203 486 2391 528 causas
2420 488 2528 527 non
2555 471 2809 537 ediderit;
2827 471 2919 540 qui
2946 480 3002 527 et
3024 470 3355 527 scholasticis
3379 481 3434 527 et
3459 475 3793 528 salutaribus

512 581 920 638 compensarem
948 574 1145 634 tecum,
1188 566 1234 620 si
1274 572 1481 620 tantum
1509 565 1565 618 in
1606 580 1673 620 eo
1707 566 1784 619 tui
1838 567 2096 636 temporis

513 672 846 728 usurparem,
888 664 1145 728 quantum
1189 664 1247 710 tu
1296 657 1349 710 in
1389 655 1580 712 eodem
1620 672 1982 728 occupaveras
2029 657 2097 713 de

513 748 703 804 diebus
728 749 964 804 hibernis
988 767 1000 802 :
1024 749 1165 804 unde
1189 749 1266 820 (a)
1293 749 1603 814 concedam,
1627 749 1672 802 si
1691 757 1949 804 autumno
1970 763 2096 820 per-

511 839 725 892 venerit
778 837 845 892 ad
879 840 1284 894 unanimitatem
1337 849 1502 905 tuam,
1552 849 1612 894 ut
1649 841 1880 896 hiemem
1909 855 2096 896 rursus

510 926 784 996 impendat
830 927 956 993 tibi;
988 929 1111 998 quia
1145 929 1294 985 vides
1324 930 1396 984 ita
1426 929 1625 999 placito
1654 929 1865 984 Domini
1895 947 2095 1001 procu-

510 1024 709 1081 ratum,
759 1025 817 1070 ιιι
860 1025 1104 1089 tempora
1149 1020 1448 1074 communis
1477 1020 1736 1086 unanimi,
1776 1036 1894 1090 quae
1941 1022 2097 1077 nobis

512 1114 696 1158 mutua
727 1121 1078 1175 cesseramus,
1138 1110 1283 1164 salva
1333 1110 1434 1166 fide
1484 1112 1646 1181 pacti,
1705 1111 1898 1180 majori
1942 1113 2096 1168 istius

513 1197 800 1252 commodo
840 1207 1175 1254 mutarentur
1205 1219 1217 1253 :
1251 1217 1390 1255 nunc
1424 1202 1567 1255 enim
1605 1210 1731 1271 apte
1777 1217 2098 1258 conversum

515 1293 597 1340 est
640 1296 697 1340 ut
731 1289 905 1344 verius
929 1287 1100 1356 fieret,
1127 1291 1270 1359 quod
1300 1301 1487 1346 contra
1525 1293 1776 1348 meritum
1817 1294 2097 1365 indulgens

514 1379 667 1446 mihi,
703 1389 757 1434 et
796 1382 890 1435 tibi
943 1382 1254 1452 detrahens,
1302 1387 1614 1457 scripseras.
1648 1387 1728 1442 Tu
1775 1390 1917 1445 enim
1970 1409 2097 1450 vere

514 1469 707 1538 spiritu
758 1470 967 1526 fervens
1013 1473 1278 1529 salubrius
1329 1491 1452 1530 eum
1495 1478 1548 1532 in
1597 1486 1840 1548 tempore
1887 1481 2098 1551 frigoris

514 1559 682 1628 ignito
714 1559 835 1616 fidei
862 1571 965 1616 tuae
1012 1562 1218 1619 fovebis
1247 1565 1426 1621 calore
1451 1577 1509 1634 ll;
1541 1576 1596 1622 at
1629 1583 1730 1637 ego
1771 1567 1991 1639 frigidus
2030 1574 2096 1628 ad

513 1655 752 1708 aestivam
783 1655 856 1709 illi
887 1656 1172 1712 stationem
1203 1659 1379 1728 aptior
1408 1675 1524 1716 ero.

585 1743 638 1796 4.
680 1745 787 1800 Sed
813 1747 1016 1800 utinam
1066 1747 1147 1802 vel
1201 1746 1421 1816 frigidus
1460 1753 1630 1820 magis
1677 1768 1838 1822 quam
1885 1758 2096 1828 tepidus

515 1851 688 1890 essem
716 1837 763 1902 δ,
806 1853 904 1894 nec
950 1838 1179 1894 Domino
1211 1856 1333 1895 meo
1371 1843 1626 1898 vomitum
1659 1847 1815 1918 174
1841 1847 2096 1920 facerem,

515 1938 570 1984 et
594 1931 825 1999 proximi
854 1932 957 1986 mei
981 1940 1168 1987 aestum
1212 1935 1476 1988 levarem!
1508 1953 1648 1992 nunc
1667 1954 1796 1994 vero
1834 1939 2102 1999 fastidium

513 2020 694 2090 potius
713 2020 781 2076 de
805 2022 1053 2078 satietate
1079 2023 1184 2078 mei
1214 2021 1352 2078 facio
1381 2026 1653 2081 utentibus
1678 2036 1920 2099 tempore
1950 2032 2102 2088 inco-

513 2111 655 2167 latus
669 2113 795 2180 mei,
811 2129 913 2168 nec
933 2113 1253 2182 algentibus,
1270 2128 1369 2168 nec
1379 2117 1729 2172 :estuantibus
1746 2123 2101 2190 necessarius,

513 2202 740 2257 modica:
767 2202 886 2258 lidei
914 2211 1102 2274 tepore
1128 2204 1485 2260 revomendus
1513 2206 1580 2261 ab
1614 2208 1696 2262 his
1732 2211 1824 2277 qui
1851 2226 2100 2282 saporem

513 2292 794 2348 societatis
819 2309 952 2350 mete
972 2310 1066 2364 spe
1089 2294 1387 2350 dulcedinis
1412 2297 1671 2365 spiritalis
1684 2309 1900 2367 gustare
1928 2312 2103 2359 tenta-

515 2381 710 2434 verint.
753 2380 870 2447 Quo
901 2384 1068 2451 magis
1096 2385 1263 2440 miror
1304 2385 1390 2438 vel
1439 2389 1925 2456 concupiscentiam
1955 2400 2102 2448 tuam

515 2470 570 2524 in
593 2469 976 2539 desiderandis,
994 2474 1078 2527 vel
1108 2475 1420 2542 patientiam
1445 2475 1497 2528 in
1519 2465 1850 2546 perferendis
1872 2483 2102 2552 ineptia-

515 2578 635 2616 rum
666 2579 904 2618 mearnm
932 2564 1212 2618 molestiis.
1245 2563 1350 2620 Sed
1379 2567 1580 2620 utinam
1607 2568 1738 2623 mihi
1770 2578 1876 2625 tam
1899 2572 2102 2628 nullum

515 2655 582 2710 de
613 2656 946 2725 multiloquio
967 2666 1242 2728 peccatum
1265 2659 1340 2730 (ὁ)
1365 2659 1585 2714 accedat
1607 2668 1653 2724 ο,
1676 2675 1836 2729 quam
1863 2663 1959 2719 tibi
1987 2680 2104 2719 ma-

514 2757 618 2812 gna
668 2761 875 2800 merces
913 2745 980 2802 de
1024 2756 1134 2801 tam
1183 2749 1494 2817 infatigabili
1525 2750 1750 2805 caritate
1779 2754 2098 2809 cumulatur.

517 2834 809 2904 Tamquam
839 2839 981 2892 enim
1013 2855 1119 2892 non
1149 2837 1490 2907 defatigatus,
1521 2840 1616 2894 sed
1644 2842 1822 2910 potius
1859 2850 1913 2897 et
1958 2842 2102 2898 refe-

515 2935 634 2978 ctus
661 2926 822 2980 tantis
851 2927 1075 2981 antehac
1103 2943 1200 2996 per
1226 2927 1494 2982 Victorem
1525 2938 1765 2983 nostrum
1797 2947 2020 2987 numero
2049 2943 2105 2988 et

516 3016 670 3085 copia
696 3016 1071 3081 voluminibus,
1106 3018 1300 3071 iterum
1324 3019 1607 3087 postulasti
1638 3033 1736 3088 per
1755 3021 2003 3076 eumdem
2034 3023 2098 3076 li-

517 3103 792 3172 hrigerum
812 3145 825 3169 ,
857 3115 916 3159 ut
945 3106 1038 3159 tibi
1069 3107 1327 3176 pluribus,
1351 3109 1392 3161 si
1427 3108 1497 3179 (c)
1529 3109 1753 3178 possim,
1782 3111 1995 3179 scriptis
2017 3126 2100 3167 es-

515 3209 628 3250 sem
654 3195 946 3250 molestior.

586 3283 640 3338 5.
683 3284 948 3342 Praeterea
976 3297 1153 3344 autem
1178 3289 1378 3358 jussisti
1397 3330 1411 3353 ,
1445 3289 1665 3344 nimium
1693 3292 1977 3362 opulenter
2006 3295 2100 3349 tibi

517 3375 584 3430 de
629 3391 864 3446 paupere
913 3386 1004 3434 tuo
1033 3378 1347 3444 blandiens,
1388 3388 1446 3434 ut
1474 3395 1592 3448 qua:
1635 3389 1687 3436 te
1715 3381 1782 3436 de
1820 3383 2100 3438 annalibus

516 3481 622 3520 non
653 3467 806 3520 unius
850 3469 1044 3536 gentis,
1087 3469 1181 3523 sed
1220 3470 1433 3538 generis
1463 3472 1680 3526 humani
1703 3470 1965 3541 fugerent,
1998 3489 2100 3544 ego

517 3555 765 3610 videlicet
805 3559 954 3625 quasi
986 3559 1212 3628 peritior
1240 3559 1524 3615 edocerem
1554 3578 1569 3616 :
1601 3562 1695 3617 sed
1743 3563 1844 3617 sibi
1875 3564 2102 3634 imputet

517 3642 742 3709 famem,
788 3647 878 3714 qui
928 3649 1196 3717 pauperis,
1221 3651 1378 3704 amici
1425 3650 1595 3707 forem
1645 3652 1739 3722 (V.
1791 3670 1969 3709 carm:
2009 3655 2098 3722 24,

517 3748 569 3786 v.
603 3733 726 3798 615,
757 3744 814 3788 et
851 3750 937 3806 ep.
986 3737 1075 3804 5‘2,
1118 3755 1172 3792 ιι.
1209 3739 1320 3802 12.)
1347 3741 1558 3810 pulsat,
1590 3751 1644 3796 et
1673 3747 2102 3814 promptuarium

516 3825 677 3879 inane
701 3834 985 3881 scrutatur.
1014 3829 1310 3899 Numquam
1334 3834 1477 3886 enim
1507 3834 1560 3887 in
1589 3835 1702 3889 haec
1735 3836 2102 3906 investiganda

517 3923 572 3968 et
626 3915 923 3984 colligenda
971 3919 1099 3973 mihi
1155 3930 1469 3977 contentum
1520 3925 1754 3979 studium
1801 3925 1916 3981 fuit.
1969 3927 2103 3984 Nam

517 4007 676 4060 etiam
708 4007 760 4061 in
788 4015 1028 4080 tempore
1069 4013 1257 4076 veteri,
1287 4028 1395 4081 quo
1439 4014 1658 4070 videbar
1693 4017 1873 4088 legere
1902 4020 1982 4092 (ά)
2003 4036 2104 4077 nec

514 4097 758 4166 legenda,
793 4099 860 4154 ab
890 4101 1160 4157 historicis
1190 4105 1542 4174 scriptoribus
1564 4112 1934 4178 peregrinatus
1956 4127 2096 4168 sum.

514 4188 765 4245 Attamen
811 4207 951 4246 nunc
972 4193 1154 4263 operis
1207 4195 1281 4249 tui
1327 4212 1511 4252 curam
1539 4211 1750 4266 gerens,
1781 4217 1889 4271 quo
1920 4212 1972 4258 te
2001 4221 2100 4274 pro

517 4279 745 4335 utilitate
774 4281 894 4336 lidei
925 4292 1121 4338 nostrze
1149 4285 1494 4355 inspiciendis
1523 4296 1577 4344 et
1597 4276 1937 4348 conferendis
1963 4310 2101 4364 prae-

515 4368 795 4422 teritorum
823 4377 1123 4440 temporum
1151 4376 1450 4432 rationibus
1488 4391 1804 4450 occupatum
1833 4384 2099 4452 indicasti,

517 4456 658 4524 quod
687 4457 754 4511 de
782 4474 869 4513 me
899 4477 1004 4515 non
1046 4463 1232 4533 habui,
1260 4466 1328 4521 de
1359 4466 1540 4523 fratris
1589 4473 1827 4527 unanimi
1875 4477 2100 4544 opulen-

517 4545 654 4599 tiore
699 4548 948 4604 thesauro
979 4554 1174 4621 petivi;
1199 4565 1256 4610 et
1282 4557 1454 4626 ipsam
1483 4559 1907 4628 adnotationem,
1937 4581 2097 4634 quam
2124 4586 2180 4647 υ
2203 4545 3093 4650 ὧδᾷθτξξεξηξίῖυἱξιῖιξῖξῌινῖλε

516 4638 912 4694 commonitorii
933 4641 1051 4696 vice
1079 4645 1303 4699 miseras
1339 4647 1530 4703 litteris
1568 4653 1701 4706 meis
1729 4653 1972 4726 inditam,
2015 4657 2096 4714 di-

516 4727 630 4779 rexi
660 4728 726 4781 ad
753 4727 1022 4785 Ruflinum
1051 4735 1440 4817 presbyterum,
1469 4743 1756 4819 sanctte(e)
1779 4744 2094 4819 Melanispi-

515 4815 660 4869 ritali
685 4819 735 4871 in
762 4820 879 4874 via"
906 4815 1180 4891 comitem,
1211 4844 1336 4908 vere
1376 4816 1622 4887 sanctum
1651 4844 1705 4890 et
1742 4837 1831 4906 pie
1857 4815 2091 4908 doctum,

514 4914 570 4958 et
604 4908 674 4961 ob
704 4908 808 4963 hoc
846 4912 1032 4968 intima
1060 4917 1192 4972 mihi
1217 4901 1501 4978 affectione
1529 4901 1893 4994 coniunctum.
1924 4933 1981 4988 Si
2008 4901 2097 4991 ille

513 4994 630 5062 has,
655 5014 773 5068 quae
801 5004 993 5078 merito
1023 5015 1076 5062 te
1103 5022 1436 5079 permovent,
1457 5007 1532 5071 'de
1561 5032 1822 5077 annorum
1849 5025 1964 5081 sive
2009 5044 2098 5084 re-

511 5097 739 5153 gnorum
789 5107 896 5147 non
941 5109 1268 5166 congruente
1315 5104 1555 5174 calculo,
1613 5111 1807 5170 hiantis
1855 5118 2094 5178 historiae

586 5207 611 5235 ει
639 5198 798 5254 Rom.
833 5219 922 5271 xn,
958 5206 1040 5261 ll.

583 5296 598 5314 '
630 5291 774 5350 Alias
814 5297 912 5366 10;
953 5317 1081 5375 qum,
1111 5315 1287 5366 autem
1331 5310 1400 5366 29
1428 5326 1563 5386 erat,
1597 5337 1736 5380 mine

579 5408 656 5480 (a)
695 5409 792 5468 Ms.
819 5413 1014 5484 Vatic.,
1047 5429 1288 5484 concedo.

579 5499 656 5569 (b)
692 5500 817 5558 Mss.
846 5503 973 5576 Reg.
1007 5520 1062 5565 et
1091 5513 1266 5581 Vien.,
1298 5521 1579 5577 accederet.

579 5587 651 5655 (c)
690 5587 785 5646 Ms.
818 5593 996 5666 Vien.,
1025 5618 1249 5671 possem.

580 5675 659 5772 ld‘)
699 5677 795 5772 Ms.
827 5683 979 5742 Vien.
1012 5698 1067 5744 et
1093 5692 1222 5748 edit.
1251 5693 1460 5765 Schot.,
1491 5702 1817 5772 negligenda.

579 5763 653 5835 (ε)
683 5765 818 5823 Ante
840 5783 974 5836 erat,
1002 5776 1261 5836 Melaniae.
1294 5783 1374 5840 Ex
1400 5763 1498 5845 ms.
1684 5794 2084 5856 emendavimus

2200 563 2391 619 litteris
2421 565 2498 633 (id
2517 574 2611 628 est,
2640 565 3042 620 humanioribus
3070 572 3124 620 et
3151 564 3318 620 sacris
3339 564 3550 620 litteris.
3598 564 3662 619 V.
3695 582 3793 636 ep.

2201 652 2288 719 44,
2315 671 2369 709 n.
2395 654 2451 724 l)
2473 653 2658 710 Graece
2678 655 2834 724 juxta
2861 670 2925 710 ac
2964 655 3152 710 Latine
3192 655 3342 710 dives
3365 664 3465 722 est,
3494 671 3692 710 vereor
3719 671 3796 712 ne

2201 747 2343 817 apud
2373 747 2535 801 alium
2583 747 2636 802 in
2688 748 2772 802 his
2815 748 3124 816 regionibus
3176 745 3372 802 frustra
3422 748 3791 819 requiramus.

2201 837 2356 904 Quod
2386 839 2428 893 si
2454 840 2819 908 pnesumtioni
2867 840 2933 895 de
2961 855 3020 895 se
3046 855 3178 895 mea:
3223 839 3564 905 satisfecerit,
3613 842 3794 912 prima

2201 929 2505 992 occasione,
2537 929 2583 983 si
2613 928 2870 986 Dominus
2899 931 2970 1002 (Γ)
3006 929 3214 998 faverit,
3251 932 3613 987 transmittam
3655 949 3797 988 una~

2201 1018 2430 1072 nimitati
2461 1027 2564 1074 tuac
2595 1026 2884 1090 utcumque
2925 1021 3055 1076 mihi
3096 1036 3258 1093 super
3310 1023 3410 1079 hac
3456 1025 3670 1080 ratione
3698 1041 3793 1081 re-

2201 1111 2478 1180 scripserit
2491 1154 2496 1160 .

2272 1204 2326 1259 6.
2367 1205 2606 1273 interim,
2657 1217 2719 1262 ιιι
2758 1208 2958 1279 aliquid
2987 1210 3056 1266 de
3084 1213 3366 1282 przeceptis
3397 1213 3503 1270 tuis
3531 1213 3795 1279 facerem,

2201 1299 2321 1353 misi
2348 1314 2414 1353 ex
2444 1299 2547 1365 his,
2575 1315 2693 1370 quae
2713 1310 2894 1357 metuo
2932 1318 3000 1358 ne
3028 1303 3232 1358 inertiae
3271 1305 3452 1374 potius
3473 1306 3561 1362 vel
3589 1307 3798 1378 impru-

2199 1389 2396 1444 dentice
2426 1406 2558 1446 meae
2586 1393 2890 1448 testimonia
2921 1395 3046 1459 sint,
3071 1411 3228 1466 quam
3252 1413 3500 1476 superna:
3522 1400 3798 1455 ministra-

2203 1481 2362 1535 tionis
2405 1482 2664 1550 insignia;
2714 1492 2806 1538 aut
2848 1492 2997 1540 certe
3027 1485 3110 1540 vel
3138 1487 3385 1541 humanae
3415 1487 3746 1544 documenta
3776 1491 3798 1521 '

2199 1571 2478 1640 sapientize
2506 1590 2518 1625 :
2552 1573 2672 1627 misi
2696 1580 2873 1628 tamen
2918 1575 3033 1638 tibi,
3064 1575 3114 1630 id
3142 1583 3227 1630 est
3259 1577 3504 1631 commisi
3539 1593 3664 1634 meo
3696 1594 3797 1649 pe—

2200 1665 2337 1718 ctori
2366 1666 2516 1736 175
2543 1669 2564 1698 ⁸
2584 1681 2732 1721 meas
2760 1680 2947 1734 nugas,
2973 1683 3080 1722 non
3108 1677 3167 1723 ut
3191 1686 3381 1726 sensus
3409 1680 3533 1727 tuos
3551 1673 3797 1742 polluant

2203 1754 2438 1809 tenebra:
2470 1770 2618 1821 meae,
2667 1755 2763 1813 sed
2803 1766 2862 1810 ut
2898 1758 3001 1812 tuis
3030 1760 3273 1815 sensibus
3293 1760 3584 1818 diluantur.
3616 1763 3799 1832 Nugas

2131 1852 2181 1913 Β
2207 1852 2383 1899 autem
2418 1860 2567 1900 meas
2595 1845 2662 1900 de
2683 1847 2862 1902 verbis
2890 1863 2954 1903 ac
2981 1851 3262 1905 sententiis
3289 1851 3424 1906 meis
3467 1851 3578 1907 dixi
3606 1872 3618 1906 :
3651 1862 3797 1909 cete-

2206 1953 2326 1992 rum
2355 1939 2579 1992 materia
2599 1947 2808 2007 sancta,
2839 1949 2896 1996 et
2915 1948 3007 1995 tuo
3035 1942 3212 2010 potius
3234 1943 3447 2012 ingenio
3469 1943 3800 2015 eloquioque

2205 2030 2363 2100 digna
2396 2032 2466 2098 ‘°;
2495 2033 2596 2086 etsi
2627 2033 2760 2088 meis
2789 2036 3126 2091 sermonibus
3155 2038 3299 2092 velut
3327 2047 3444 2094 atro
3481 2039 3667 2094 habitu
3707 2055 3805 2095 ven

2207 2123 2420 2192 stiatur,
2467 2125 2702 2194 speciem
2733 2134 2911 2181 tamen
2939 2127 3103 2183 divini
3133 2128 3366 2196 luminis,
3399 2132 3597 2187 interni
3626 2132 3800 2188 deco-

2207 2213 2301 2276 ris,
2332 2228 2655 2284 quamquam
2684 2216 2738 2271 in
2768 2231 2950 2284 egena:
2973 2220 3318 2289 supellectilis
3357 2223 3561 2278 vilitate
3607 2231 3799 2280 custo-

2207 2302 2303 2357 dit.
2335 2303 2512 2360 Habes
2539 2307 2578 2337 “
2610 2321 2739 2374 ergo
2769 2307 2979 2364 libellos
3007 2325 3037 2364 a
3067 2327 3153 2366 me
3182 2312 3336 2381 duos,
3361 2330 3525 2369 unum
3551 2316 3799 2371 versibus

2209 2395 2512 2450 natalitium
2540 2396 2607 2452 de
2635 2413 2755 2453 mea
2801 2399 3029 2454 solemni
3077 2402 3142 2456 ad
3185 2403 3572 2460 Domintedium
3611 2422 3798 2462 meum

2209 2487 2496 2556 cantilena,
2521 2489 2607 2544 cui
2646 2505 2875 2561 corpore
2903 2508 2966 2548 ac
2991 2493 3178 2563 spiritu
3200 2497 3460 2566 quotidie,
3492 2497 3669 2566 lingua
3689 2513 3798 2552 au-

2208 2587 2319 2634 tem
2348 2581 2634 2649 quotannis
2652 2583 2864 2651 pensito
2893 2583 3257 2640 dulcissimum
3285 2587 3597 2643 voluntaria:
3625 2590 3799 2644 servi-

2209 2672 2338 2727 tutis
2368 2673 2644 2739 tributum,
2679 2675 2731 2728 in
2754 2675 2840 2730 die
2868 2678 3004 2731 festo
3033 2681 3453 2735 consecrationis
3476 2681 3590 2750 ejus
3617 2683 3798 2736 immo-

2207 2763 2323 2818 lans
2347 2763 2560 2821 Christo
2581 2767 2803 2821 hostiam
2829 2769 3020 2834 laudis,
3045 2780 3094 2824 et
3126 2771 3345 2826 reddens
3384 2774 3647 2829 ΑΙιὶεείωο
3673 2786 3799 2831 rota

2205 2871 2319 2909 mea
2372 2855 2420 2910 ά.
2465 2855 2615 2912 Alius
2669 2858 2878 2916 libellus
2917 2877 2983 2915 ex
3024 2862 3106 2916 his
3149 2871 3231 2918 est
3265 2879 3399 2933 quos
3452 2866 3520 2920 ad
3571 2867 3797 2922 benedi«

2204 2956 2367 3013 ctum,
2400 2949 2450 3002 id
2479 2959 2581 3015 est,
2608 2950 2965 3008 Christianum
2997 2955 3189 3022 virum,
3221 2959 3448 3012 amicum
3478 2974 3654 3014 meum
3680 2958 3797 3014 En-

2205 3037 2503 3094 delechium
2536 3041 2632 3112 (V.
2683 3051 2796 3098 not.
2842 3043 2967 3116 ηε)
3007 3046 3281 3117 scripsisse
3339 3049 3541 3115 videor,
3567 3065 3671 3106 non
3700 3061 3796 3106 ta-

2204 3142 2326 3182 men
2351 3130 2579 3186 edidisse
2608 3135 2914 3190 convincar.
2957 3135 3008 3191 Is
3035 3139 3178 3194 enim
3217 3141 3345 3195 mihi
3377 3151 3533 3197 autor
3555 3143 3710 3212 hujus
3736 3145 3795 3198 in

2127 3218 2174 3283 C
2203 3217 2433 3273 Domino
2459 3223 2700 3290 opusculi
2740 3223 2866 3291 fuit,
2906 3227 3045 3282 sicut
3075 3229 3239 3298 ipsius
3266 3232 3521 3300 epistola,
3554 3247 3671 3301 qua:
3719 3234 3797 3288 li-

2204 3310 2347 3366 bello
2377 3327 2500 3367 meo
2522 3329 2620 3383 pro
2665 3315 2904 3372 themate
2948 3321 3346 3391 praescribitur,
3375 3323 3543 3380 docet.
3587 3324 3800 3380 Fateor

2205 3410 2386 3457 autem
2415 3403 2614 3461 idcirco
2641 3421 2730 3463 me
2782 3408 3012 3465 libenter
3051 3413 3190 3468 hunc
3221 3415 3288 3469 ab
3335 3418 3506 3472 amico
3547 3417 3798 3472 laborem

2204 3493 2495 3562 recepisse,
2529 3497 2668 3551 utin
2718 3497 3024 3557 Theodosio
3051 3503 3146 3572 (V.
3197 3513 3311 3560 not.
3351 3506 3474 3576 126)
3523 3523 3629 3562 ιιοιι
3676 3518 3795 3564 tam

2205 3581 2605 3652 imperatorem,
2637 3603 2796 3657 quam
2822 3590 3016 3647 Christi
3045 3609 3291 3662 servum;
3339 3613 3446 3652 non
3479 3598 3797 3654 dominandi

2205 3677 2476 3745 superbia,
2526 3680 2620 3734 sed
2669 3681 2968 3740 humilitate
3015 3685 3301 3742 famulandi
3349 3699 3656 3759 potentem;
3688 3707 3800 3747 nec

2204 3779 2394 3834 regno,
2420 3768 2514 3823 sed
2544 3769 2646 3825 ﬁde
2673 3772 2988 3843 principem,
3023 3777 3384 3845 przedicarem.

2701 3881 3033 3939 EPISTOLA
3061 3889 3075 3907 ‘
3105 3886 3290 3943 XXIX.

2206 3963 2387 4055 Pallia
2404 3987 2433 4022 e
2460 3972 2579 4040 pilis
2600 3975 2912 4055 camelorum
2940 3989 3072 4031 recte
3103 3982 3194 4033 sibi
3212 3991 3272 4055 ut
3296 3983 3594 4055 ptenitentia
3621 3994 3796 4055 egent:

2276 4055 2309 4090 a
2350 4038 2537 4116 Severo
2563 4046 2741 4116 missa,
2766 4045 3155 4116 interpretatur.
3206 4038 3386 4105 Eidem
3433 4063 3488 4105 ut
3530 4038 3797 4113 innocenti

2277 4111 2508 4187 tunicam
2530 4115 2685 4187 mittit
2708 4114 2771 4187 de
2791 4111 3040 4185 agnorum
3069 4119 3251 4174 rellere
3271 4133 3531 4187 accentum
3565 4143 3596 4177 a
3622 4111 3798 4179 Mela;

2277 4179 2389 4246 uia,
2421 4182 2568 4250 cujus
2598 4183 2776 4237 laudes
2804 4179 2918 4254 fuse
2946 4191 3254 4258 exsequitur.

2275 4288 2490 4347 διενειιο
2519 4293 2594 4363 (g)
2625 4292 2776 4349 fratri
2808 4299 3062 4354 unanimo
3083 4299 3364 4358 Pwuxus.

2277 4403 2328 4456 l.
2368 4405 2807 4476 lmmoderatam,
2841 4420 2898 4464 ut
2937 4414 3244 4482 arguimus,
3277 4416 3329 4469 in
3372 4416 3562 4472 litteris
3597 4424 3798 4475 vestris

2205 4507 2341 4549 onus
2395 4504 2639 4552 nostrum
2688 4499 3049 4570 loquentibus,
3105 4507 3406 4572 caritatem,
3456 4517 3580 4578 apta
3628 4516 3798 4580 atque

3099 4604 3234 4650 tram
3293 4614 3574 4653 munerum
3619 4603 3798 4668 gratia

2203 4679 2544 4746 temperastis
2577 4698 2588 4732 :
2626 4683 2930 4738 necessario
2962 4686 2976 4716 ¹
3008 4685 3150 4739 enim
3186 4690 3559 4756 peccaturibus
3587 4697 3640 4743 et
3661 4707 3794 4760 pre-

2202 4779 2324 4824 catu
2351 4769 2765 4840 deplorationis,
2794 4785 2850 4830 et
2878 4777 3060 4832 habitu
3084 4779 3473 4849 indigentibus,
3514 4783 3674 4853 pallia
3700 4800 3798 4839 ca-

2201 4862 2463 4918 melorum
2485 4865 2606 4934 pilis
2649 4874 2793 4921 texta
2834 4869 3083 4936 misistis;
3117 4886 3236 4940 qua:
3272 4889 3373 4930 nos
3417 4877 3468 4930 in
3498 4887 3797 4947 conspectu

2200 4957 2457 5012 Altissimi
2493 4967 2692 5015 stratos
2717 4961 2935 5018 utilibus
2963 4965 3191 5020 stimulis
3240 4969 3610 5033 admonerent,
3663 4971 3795 5025 dum

2200 5049 2489 5119 asperitate
2530 5060 2765 5107 setarum
2807 5057 3216 5125 compungimur
3263 5059 3357 5128 (V.
3387 5069 3502 5114 not.
3553 5060 3708 5129 127),
3734 5072 3797 5116 et

2198 5148 2545 5208 peccatorum
2575 5151 2882 5199 nostrorum
2919 5147 3144 5204 horrore
3174 5152 3482 5220 compungi,
3511 5159 3672 5222 atque
3702 5153 3795 5208 in-

1119 5209 1144 5248 b
1167 5211 1445 5320 Apocltﬂn,
1479 5221 1564 5277 l6.
1647 5240 1668 5266 ο
1700 5229 1857 5288 Prov.
1887 5255 1940 5304 x,
1969 5243 2052 5299 l9.
2131 5251 2155 5288 ά
2181 5251 2323 5308 Psal.
2357 5269 2498 5320 χιιι,
2537 5253 2620 5309 id.

1768 5327 1856 5382 58.
1891 5331 2100 5407 Scripta
2127 5357 2270 5400 anno
2298 5344 2402 5398 402
2429 5355 2662 5404 exeunte
2694 5357 2899 5406 aestate.
2949 5351 2952 5358 ’

2201 5453 2426 5541 (Melum...
2469 5457 2660 5541 Nostra
2711 5463 2972 5541 correctio
3028 5467 3388 5541 ex___p_luribus
3433 5472 3790 5541 epistularum

2197 5523 2255 5578 S.
2280 5523 2504 5597 Paulini
2517 5527 2649 5581 locis
2677 5530 3044 5588 confirmatur.
3081 5523 3210 5592 Vide
3232 5523 3496 5597 notilSSr.

2271 5596 2336 5665 (f)
2369 5595 2466 5649 Ms.
2491 5596 2667 5663 Vien.,
2691 5602 2882 5655 siverit.

2272 5667 2348 5746 (gl
2367 5665 2950 5748 .Ms.‘Vien._Paltlimt_s
2977 5691 3150 5730 servus
3176 5678 3379 5748 Christi
3414 5681 3558 5748 Jesu,
3593 5683 3787 5743 Severo

2195 5735 2464 5825 carissimo
2493 5741 2645 5825 fratri
2676 5741 2729 5792 in
2761 5740 2867 5825 [Leo
2905 5743 3062 5825 Putre
3083 5759 3128 5799 et.
3156 5746 3358 5804 (.‘ltristo
3387 5735 3782 5825 .lesitﬂsaltitcm',

2189 5803 2321 5858 edit.
2355 5803 2529 5871 (irini,
2565 5808 2752 5867 Severo
2779 5810 3051 5868 Paulinus.
