4078 6352
262 385 361 441 513

1630 370 1959 426 EPISTOLA
2001 369 2179 424 XXIX.

3426 371 3526 426 511

261 524 344 568 tus
370 510 562 580 Spiritu
589 507 828 574 conteri,
858 505 983 561 dum
1019 504 1353 559 extrinsecus
1397 506 1577 554 terunt
1623 496 1828 551 habitu.
1859 494 1910 552 Δ
1935 503 2131 548 nostra:
2161 494 2372 548 habitus
2399 494 2712 558 innovatur.
2748 492 2824 564 id)
2852 509 3002 549 mens
3047 502 3225 548 nostra
3261 481 3520 560 compun-

259 603 421 657 Multa
462 609 750 682 praeterea.
765 599 818 668 in
847 612 1030 652 eorum
1061 611 1180 660 usu,
1211 595 1278 649 de
1316 600 1556 647 veterum
1587 588 1839 644 recorda-

261 697 404 750 tione
433 699 763 754 sanctorum,
793 687 1185 744 conformandae
1222 685 1343 739 fidei
1372 682 1730 738 emolumenta
1748 695 1839 734 re-

257 786 520 841 feruntur.
554 783 783 838 Veniunt
825 781 877 834 in
914 787 1148 834 mentem
1194 776 1480 831 translatus
1515 773 1671 844 176
1699 769 1841 823 Elias

256 888 312 933 et
332 877 638 946 pncmissus
664 873 934 929 Iohannes
965 891 977 925 :
1010 886 1234 940 quorum
1268 869 1494 922 alterum
1523 863 1730 933 hispida
1758 877 1844 916 se-

258 970 324 1022 tis
352 983 489 1021 zona
518 966 791 1032 cingebat,
837 965 1060 1019 alterum
1104 963 1216 1033 pili,
1267 970 1326 1014 ut
1374 959 1632 1027 scriptum
1681 961 1762 1008 est
1792 963 1841 1020 ⁸,

179 1073 185 1124 ζ
258 1061 588 1116 camelorum
618 1059 762 1112 hirto
799 1059 1030 1126 tegmine
1069 1056 1387 1110 vestiebant.
1429 1047 1841 1106 Reminiscimur

257 1152 420 1205 etiam
452 1149 619 1204 David
650 1158 696 1203 et
727 1151 892 1202 omnis
922 1146 1330 1202 mansuetudinis
1355 1146 1487 1216 ejus,
1512 1159 1615 1213 qua
1643 1139 1841 1193 contri-

257 1255 362 1299 tum
385 1262 473 1298 cor
502 1255 550 1298 et
579 1245 901 1297 humiliatum
933 1243 1039 1296 Deo
1068 1241 1371 1311 sacriﬁcans
1403 1237 1647 1291 induebat
1686 1249 1742 1287 se
1769 1233 1844 1284 ci-

256 1337 409 1397 licio;
443 1347 492 1388 et
521 1335 781 1404 operiebat
810 1337 862 1388 in
894 1336 1095 1406 jejunio
1124 1333 1352 1386 animam
1392 1345 1539 1383 suam
1564 1326 1614 1389 δ,
1647 1333 1703 1379 ut
1725 1339 1844 1378 eam

257 1425 482 1495 spiritali
511 1425 791 1479 saturitate
829 1432 1159 1492 contegeret.
1211 1421 1363 1476 Unde
1402 1420 1653 1474 discimus
1683 1416 1844 1471 vesti-

257 1524 497 1570 mentum
526 1517 716 1570 animae
746 1515 872 1570 illud
901 1530 1020 1571 esse
1045 1514 1329 1583 jejunium,
1357 1527 1465 1579 quo
1507 1509 1574 1562 ab
1595 1505 1844 1562 omnibus

256 1608 372 1675 lege
394 1607 574 1661 divina
608 1607 788 1661 vetitis
815 1606 1163 1660 abstinemus.
1197 1603 1253 1658 id
1277 1602 1422 1657 enim
1453 1607 1508 1655 et
1545 1598 1611 1653 de
1637 1598 1841 1668 primo-

255 1713 371 1752 rum
391 1705 603 1766 patrum
630 1696 1007 1766 dispoliatione
1028 1695 1420 1765 cognoscimus,
1444 1693 1536 1760 qui
1558 1698 1841 1761 postquam

253 1787 321 1841 ab
349 1786 636 1842 interdicto
664 1788 784 1842 cibo
799 1788 1114 1842 destiterant
1135 1786 1403 1856 jejunare,
1434 1783 1614 1837 nudati
1636 1792 1762 1838 sunt
1796 1794 1840 1836 ο.

1945 585 2106 652 gitur,
2140 586 2289 655 177
2322 601 2525 655 nosque
2554 587 2651 656 ipsi
2697 586 2810 640 Deo
2838 602 2934 659 per
2963 586 3319 640 interventum
3361 582 3523 652 ipsius

1945 673 2254 729 Mediatoris
2282 673 2563 732 adfuimus.
2596 676 2652 730 In
2682 677 2873 732 eodem
2901 686 2983 732 est
3007 687 3061 733 et
3087 677 3325 733 foramen
3358 677 3521 741 illud,

1945 769 2068 836 quia
2100 784 2195 836 per
2216 769 2386 838 ipsum
2418 779 2472 823 et
2495 770 2548 823 in
2580 771 2694 839 ipso
2723 770 2788 824 ad
2810 771 2972 824 vitam
3007 771 3092 824 via
3116 770 3202 824 illa
3230 770 3408 824 multis
3429 769 3524 823 dc-

1945 857 2259 924 siderabilis,
2293 860 2478 928 paucis
2498 860 2872 930 penetrabilis;
2904 875 3000 930 per
3025 877 3186 931 quam
3217 860 3421 916 facilius
3445 863 3525 915 in-

1945 949 2183 1016 greditur
2209 952 2484 1006 humiliata
2515 953 2784 1022 iniquitas,
2811 971 2969 1025 quam
2995 958 3224 1027 superba
3248 957 3455 1025 jnstitia
3486 957 3524 1010 ί.

1947 1035 2065 1102 Quo
2086 1041 2343 1108 majorem
2372 1045 2524 1098 vobis
2552 1053 2609 1098 ut
2637 1045 2859 1099 medicis
2897 1048 3224 1115 spiritalibus
3273 1049 3530 1105 debemus

1946 1128 2194 1194 gratiam,
2233 1133 2322 1200 qui
2353 1134 2512 1187 etiam
2561 1134 2793 1188 carnalia
2836 1137 2989 1191 nobis
3029 1154 3253 1194 munera
3303 1139 3527 1211 spiritali

1947 1217 2178 1274 utilitate
2207 1222 2491 1289 confertis;
2525 1235 2583 1278 ut
2612 1227 2722 1280 haec
2751 1226 2909 1296 pallia
2956 1230 3110 1284 nobis
3148 1230 3213 1284 ad
3259 1232 3530 1286 stimulum

1948 1314 2212 1368 orationis
2241 1325 2296 1369 et
2322 1317 2562 1372 habitum
2588 1319 2924 1386 humilitatis,
2958 1331 3228 1393 tamquam
3259 1327 3427 1382 sterili
3450 1327 3529 1381 illi

1949 1397 2187 1457 ficulnea:
2208 1406 2496 1474 cophinum
2527 1410 2779 1464 stercoris
2807 1411 3055 1468 miseritis
3088 1416 3130 1467 l.
3180 1414 3235 1469 In
3265 1432 3372 1485 quo
3401 1419 3531 1474 mibi

1947 1491 2157 1546 videtur
2186 1503 2384 1550 aeterna
2416 1498 2515 1566 pia:
2539 1499 2852 1555 humilitatis
2877 1502 3078 1557 utilitas
3107 1504 3364 1573 indicari,
3414 1523 3530 1578 qum

1946 1581 2183 1635 sterilem
2226 1583 2478 1640 fecundat
2515 1588 2778 1654 animam,
2810 1605 2878 1642 ne
2900 1606 2996 1659 per
3025 1608 3246 1649 vacuam
3278 1611 3530 1665 arrogan-

1948 1671 2032 1725 tiae
2057 1674 2291 1741 speciem
2321 1677 2420 1730 sibi
2445 1676 2598 1745 juxta
2621 1678 2768 1732 illum
2791 1679 3115 1736 Phariszeum
3148 1683 3172 1721 κ
3202 1686 3417 1756 placens
3445 1703 3534 1743 ve.

1947 1765 2027 1820 lut
2055 1769 2216 1824 arbor
2257 1771 2440 1826 infelix
2467 1771 2728 1840 frugibus,
2779 1773 2954 1828 inutili
2997 1775 3183 1830 fronde
3224 1777 3459 1832 luxuriet
3487 1778 3530 1835 ι.

253 1876 359 1932 sed
390 1887 447 1932 et
473 1879 736 1948 propheta
759 1880 872 1949 ipse
895 1894 994 1932 nos
1013 1877 1174 1932 docet
1199 1876 1344 1945 qua];
1368 1873 1572 1942 jejunio
1606 1874 1839 1927 animam
1871 1862 1919 1922 Β
1945 1857 2113 1949 Quam
2143 1861 2344 1915 bonum
2374 1871 2551 1918 autem
2591 1873 2645 1918 et
2675 1865 2802 1919 utile
2841 1866 2906 1919 ad
2937 1868 3200 1922 culturam
3223 1871 3410 1926 salutis
3440 1872 3534 1925 hu-

253 1985 405 2028 suam
435 1986 466 2024 a
488 1971 817 2026 confusionis
868 1969 1107 2024 nuditate
1153 1968 1402 2023 munierit
1424 2007 1438 2032 ,
1483 1983 1602 2022 cum
1632 1967 1708 2020 ait
1736 1965 1842 2020 Do—

255 2065 442 2118 mino:
474 2064 550 2117 Ab
580 2067 723 2120 omni
762 2067 844 2120 via
887 2067 1024 2120 mata
1064 2064 1303 2136 prohibui
1349 2064 1527 2134 pedem
1569 2081 1754 2129 meum,
1787 2074 1841 2117 ut

256 2153 550 2208 custodiam
578 2155 783 2210 verbum
805 2165 947 2210 tuum
974 2156 1022 2210 ἀ.

239 2304 242 2308 -
321 2270 379 2325 2.
422 2269 502 2324 Ex
532 2271 635 2326 hoc
661 2271 852 2326 eodem
886 2274 1123 2329 muneris
1147 2274 1308 2328 vestri
1347 2273 1540 2329 lanicio
1567 2283 1622 2328 et
1643 2272 1720 2340 (α)
1753 2273 1840 2326 illa

253 2360 413 2415 nobis
437 2359 504 2416 de
528 2359 816 2430 Evangelio
836 2363 1058 2416 camelus
1078 2364 1355 2431 ingeritur,
1379 2379 1498 2433 qua:
1519 2366 1724 2433 {acilius
1749 2383 1842 2436 per

252 2453 507 2521 foramem
561 2469 684 2507 acus
727 2455 933 2519 transit,
959 2471 1111 2526 quam
1147 2455 1284 2510 dives
1338 2458 1392 2508 in
1440 2473 1651 2527 regnum
1696 2456 1843 2510 caelo-

252 2556 374 2593 rum
405 2550 449 2595 ο.
472 2539 550 2596 Ex
569 2557 678 2611 quo
717 2551 929 2599 nostras
968 2543 1181 2598 divitias
1211 2560 1329 2613 quae
1357 2561 1500 2601 nunc
1525 2547 1578 2600 in
1608 2551 1842 2615 peccatis

251 2637 468 2684 tantum
502 2640 757 2699 manent,
788 2633 1119 2702 cogitantes,
1145 2634 1493 2702 quiacimiles
1521 2636 1712 2691 divinis
1741 2639 1844 2694 illis

249 2719 389 2773 viris
415 2721 640 2776 virtutes
667 2720 921 2777 affectare
961 2739 1068 2778 non
1108 2740 1412 2793 possumus,
1467 2727 1608 2782 illius
1655 2731 1844 2786 saltem

250 2807 668 2876 nobis-gratiam
709 2811 977 2880 publicani
1025 2813 1270 2882 cupimus
1312 2817 1618 2884 provenire,
1657 2821 1747 2888 qui
1791 2822 1845 2876 in

248 2895 426 2949 corde
453 2895 652 2952 detrito
680 2902 1027 2972 semetipsum
1057 2918 1316 2958 accusans
1358 2905 1494 2973 Deo,
1549 2917 1605 2963 et
1659 2918 1846 2980 pectus

251 2981 520 3038 afﬂictum
549 2989 738 3042 crebra
764 3005 926 3045 manu
947 2992 1197 3060 tundens,
1219 3001 1274 3048 et
1299 2997 1485 3052 oculos
1504 3001 1844 3058 conscientiae

244 3071 467 3142 pudore
495 3074 780 3144 depressos
807 3079 860 3134 in
889 3081 1084 3137 ccelum
1106 3082 1282 3138 levare
1312 3101 1418 3148 non
1451 3089 1653 3146 audens
1685 3091 1843 3160 ί,ίηί-

245 3162 462 3232 quitate
486 3165 575 3220 illa
604 3168 856 3224 vitiorum
903 3172 1066 3228 dorso
1101 3176 1293 3229 cameli
1321 3179 1534 3243 aemula,
1578 3181 1649 3236 ita
1697 3199 1756 3238 se
1785 3186 1836 3238 in

1941 1948 2176 2018 jusmodi
2201 1960 2407 2008 stercus
2426 1954 2512 2019 sit,
2528 1955 2781 2011 docemur
2803 1956 2854 2010 in
2874 1957 3034 2013 beato
3053 1958 3154 2014 Job
3185 1971 3245 2028 ω,
3266 1964 3356 2030 qui
3383 1972 3534 2033 post-

1946 2056 2104 2110 quam
2133 2046 2271 2100 sedit
2299 2047 2353 2101 in
2382 2056 2642 2116 stercore,
2671 2050 2865 2104 tentari
2900 2049 3121 2106 destitit.
3155 2053 3534 2116 Consuntserat

1947 2133 2090 2187 enim
2120 2137 2402 2190 tentatori‘s
2423 2137 2674 2192 invidiam
2703 2139 3001 2194 humilitate
3027 2141 3284 2211 perfecta,
3308 2159 3427 2214 quae
3456 2143 3535 2200 fa-

1949 2223 2101 2278 cilius
2123 2240 2341 2293 surgere
2366 2241 2522 2294 quam
2538 2227 2694 2297 dejici
2719 2237 2916 2298 potest.
2941 2228 3072 2296 Quia
3097 2231 3148 2285 in
3173 2232 3298 2286 limo
3322 2234 3534 2301 sedens,

1947 2315 2090 2370 unde
2111 2317 2267 2371 cadat
2297 2333 2403 2372 non
2432 2318 2621 2384 habet;
2669 2319 2762 2376 sed
2807 2320 2968 2375 habet
2998 2322 3018 2351 ⁸
3043 2321 3183 2376 unde
3224 2333 3533 2393 consurgat.

1947 2424 2044 2478 per
2071 2425 2192 2462 eum
2232 2410 2323 2479 qui
2368 2411 2583 2464 suscitat
2607 2413 2672 2466 de
2715 2422 2851 2466 terra
2890 2416 3110 2484 inopem,
3137 2424 3186 2467 et
3215 2415 3275 2469 de
3313 2425 3532 2470 stercore

1947 2500 2098 2569 erigit
2136 2517 2410 2571 pauperem
2440 2509 2489 2563 ι’,
2522 2510 2577 2555 et
2606 2502 2657 2555 in
2696 2511 2935 2558 stercora
2978 2505 3170 2572 redigit
3197 2507 3455 2574 Superbos
3487 2516 3535 2575 ο,

1949 2592 2067 2660 quia
2089 2591 2275 2654 omnis,
2302 2599 2359 2644 ut
2387 2592 2641 2661 scriptum
2663 2603 2763 2656 est,
2789 2595 3031 2664 superbus
3052 2596 3341 2648 immundus
3362 2613 3535 2650 coram

1951 2679 2098 2733 Deo:
2133 2690 2186 2734 et
2207 2680 2328 2734 ideo
2364 2680 2561 2748 justior
2589 2681 2729 2751 apud
2758 2682 2926 2737 Deum
2976 2684 3062 2737 ille
3103 2691 3385 2739 accusator
3431 2686 3536 2739 ini-

1951 2771 2170 2838 quitatis
2199 2786 2339 2836 suae,
2371 2787 2530 2840 quam
2561 2772 2648 2826 ille
2671 2772 2891 2840 justitia:
2929 2773 3265 2843 prmdicator.
3298 2774 3390 2831 Ille
3418 2776 3535 2830 lau-

1951 2859 2129 2914 dando
2159 2874 2217 2914 se
2238 2863 2523 2928 accusavit,
2557 2864 2643 2918 hic
2670 2865 2970 2921 accusando
2995 2865 3251 2921 defendit.

2022 2974 2072 3027 4.
2105 2973 2169 3028 Et
2199 2975 2318 3030 ideo
2365 2976 2492 3030 nihil
2542 2977 2696 3032 nobis
2741 2979 2807 3033 de
2849 2980 3046 3034 nostris
3091 2981 3341 3050 operibus
3377 2982 3532 3038 blan-

1949 3063 2175 3132 dientes,
2203 3083 2418 3137 semper
2440 3071 2492 3121 in
2522 3085 2703 3122 manus
2725 3070 2835 3139 ejus
2863 3073 3268 3126 commendemus
3294 3075 3530 3144 spiritum
3592 3076 3599 3084 '

1949 3167 2176 3212 nostrum
2207 3171 2253 3222 P,
2288 3161 2527 3230 quoniam
2549 3161 2686 3229 apud
2707 3163 2869 3231 ipsum
2890 3171 2966 3216 est
2987 3165 3106 3234 fons
3131 3166 3308 3218 vitrea.
3338 3166 3417 3219 Ab
3437 3167 3530 3222 illo

236 3253 613 3322 humilitatem
639 3256 875 3312 debitam
899 3261 1146 3326 strinxit,
1179 3272 1234 3317 et
1260 3233 1624 3334 resipiscentis
1648 3272 1837 3328 animae

1942 3249 2269 3304 intellectum
2286 3250 2490 3304 itineris
2507 3252 2675 3306 nostri
2690 3261 2934 3322 petamus
2947 3295 2964 3322 ,
2987 3257 3240 3322 quoniam
3255 3274 3286 3308 a
3305 3255 3528 3311 Domino

243 3341 684 3410 complanatione
709 3345 922 3414 direxit,
951 3356 1010 3401 ut
1049 3364 1107 3404 se
1144 3349 1390 3406 foramini
1420 3370 1564 3422 acus,
1593 3359 1694 3415 hoc
1731 3372 1834 3430 est,

136 3472 144 3482 .
243 3431 346 3484 via:
377 3431 527 3486 verbi
548 3433 628 3487 vel
669 3436 861 3501 crucis,
893 3452 1014 3505 qua:
1043 3448 1187 3493 arcto
1215 3442 1234 3471 '
1256 3445 1463 3498 tramite
1493 3446 1633 3502 ducit
1665 3449 1734 3503 ad
1761 3453 1836 3506 vi-

245 3529 351 3572 tam
377 3529 424 3585 ε,
454 3520 752 3577 divinarum
793 3525 1006 3596 auriunt
1045 3538 1357 3596 penetrator
1385 3533 1664 3592 insereret.
1699 3537 1836 3593 Ora-

235 3611 314 3688 tio
368 3611 535 3678 enim,
589 3613 778 3683 inquit,
830 3615 1152 3673 humiliantis
1191 3638 1263 3686 se,
1312 3622 1468 3678 nubes
1496 3627 1779 3695 penetratll
1816 3649 1829 3684 :

243 3716 350 3770 quo
388 3710 576 3757 contra
605 3704 624 3735 ³
655 3705 742 3759 ille
775 3705 1044 3775 jactantize
1071 3725 1179 3765 suae
1205 3712 1394 3782 spiritu
1441 3715 1591 3770 dives
1643 3716 1832 3774 Phari-

242 3805 400 3857 steus,
425 3793 515 3862 qui
545 3794 619 3864 (b)
648 3794 995 3866 imputatione
1015 3815 1239 3870 Operum
1267 3802 1588 3871 debitorum,
1613 3808 1737 3875 quia
1767 3824 1833 3864 ex

245 3881 362 3950 lege
420 3885 675 3953 cperandi
721 3887 930 3945 debitor
951 3901 1086 3958 erat,
1133 3902 1310 3950 tamen
1348 3899 1501 3966 quasi
1530 3900 1833 3956 voluntaria

247 3969 461 4028 fecisset
501 3991 660 4046 supra
709 3978 969 4050 debitum,
1021 3985 1341 4053 praedicator
1395 3991 1498 4054 sui,
1553 4000 1836 4046 accusator

245 4060 426 4126 alieni,
452 4066 544 4133 qui
567 4069 884 4124 conveniret
910 4073 1079 4139 magis
1104 4073 1272 4128 Deum
1300 4091 1461 4144 quam
1486 4089 1721 4149 rogaret,
1755 4083 1835 4136 in-

245 4159 384 4207 trare
418 4169 523 4208 non
565 4160 738 4226 potuit
771 4178 784 4214 :
815 4161 938 4230 quia
980 4162 1381 4220 subsarcinatos
1417 4178 1563 4222 arcta
1611 4186 1717 4224 non
1746 4187 1836 4226 ca-

244 4240 416 4309 piunt.
450 4243 556 4300 Nec
586 4258 799 4316 poterat
819 4266 885 4305 eo
907 4252 1072 4321 recipi
1089 4251 1194 4305 lata
1218 4251 1496 4320 jactantia,
1520 4273 1628 4326 quo
1653 4274 1711 4313 se
1737 4260 1835 4314 hu-

246 4332 442 4388 militas
488 4347 712 4403 angnsta
768 4340 1004 4408 collegit,
1057 4350 1111 4395 et
1161 4344 1234 4412 (c)
1278 4354 1508 4413 angusto
1559 4351 1836 4418 angustior

248 4427 464 4478 contriti
493 4427 670 4483 cordis
691 4431 932 4486 exilitate
961 4435 1282 4502 penetravit.

313 4513 360 4566 ὅ.
409 4514 770 4574 lnterveniant
799 4523 1070 4578 orationes
1099 4531 1222 4593 tuae,
1264 4535 1324 4580 ut
1373 4529 1606 4588 animam
1656 4549 1830 4591 meam

1938 3359 2141 3413 gressus
2190 3343 2408 3397 hominis
2457 3344 2747 3415 diriguntur
2779 3356 2820 3399 τ.
2873 3346 2981 3401 Sed
3023 3356 3077 3402 et
3105 3349 3151 3403 si
3194 3351 3527 3418 potuerimus

1937 3435 2186 3490 mandata
2216 3435 2332 3504 ejus
2359 3438 2455 3505 per
2476 3437 2638 3506 ipsius
2680 3454 2839 3507 opcm
2878 3439 3074 3504 facere,
3108 3455 3328 3495 necesse
3359 3441 3526 3496 habe-

1935 3543 2056 3582 mus
2079 3529 2157 3582 sic
2184 3543 2399 3597 quoque
2444 3528 2784 3583 inutilitatem
2831 3535 3066 3584 nostram
3093 3530 3262 3584 fateri
3296 3539 3316 3565 ³
3352 3549 3364 3583 :
3398 3532 3523 3600 quia

1938 3621 2202 3690 imputare
2232 3637 2338 3675 non
2368 3636 2652 3690 possumus
2697 3620 2931 3675 debitam
2971 3622 3302 3686 servitutem,
3327 3623 3370 3677 si
3399 3631 3522 3678 tan-

1936 3724 2050 3768 tum
2079 3701 2346 3784 praecepta
2367 3713 2643 3770 faciamus.
2673 3714 2878 3770 Inutilis
2907 3715 3046 3769 enim
3077 3724 3132 3770 et
3160 3731 3387 3785 nequam
3409 3731 3524 3772 ser-

1933 3824 2034 3862 vus
2061 3817 2163 3874 est,
2189 3809 2280 3876 qui
2315 3808 2444 3863 nihil
2475 3808 2541 3863 ad
2568 3808 2940 3864 necessitatem
2969 3809 3132 3863 debiti
3165 3810 3401 3864 muneris
3427 3826 3522 3888 vo-

1935 3899 2171 3955 luntario
2200 3898 2349 3952 addit
2379 3899 2591 3964 affectu,
2621 3914 2727 3954 non
2769 3899 3046 3954 habiturus
3076 3900 3215 3954 unde
3245 3901 3521 3968 praemium

1936 3998 2136 4060 speret,
2151 3990 2196 4043 si
2213 3997 2418 4042 tantum
2439 3989 2764 4043 conditionis
2777 3989 2955 4043 oﬂicia
2968 3988 3305 4056 dependerit.
3326 3989 3523 4053 Quam‘

1936 4079 2121 4134 obrem
2169 4077 2333 4130 etiam
2386 4078 2635 4130 mandata
2684 4077 3054 4144 complentes,
3123 4083 3182 4127 ut
3227 4091 3370 4143 saepe
3427 4077 3522 4129 tibi

1937 4168 2132 4231 scribo,
2168 4167 2470 4228 timeamus,
2498 4180 2712 4233 semper
2740 4164 2982 4217 dicentes
3015 4163 3242 4216 Domino
3279 4180 3290 4214 :
3324 4161 3408 4214 Ne
3434 4165 3520 4215 in-

1939 4267 2040 4312 tres
2063 4259 2117 4311 in
2140 4256 2399 4328 judicium
2435 4272 2551 4308 cum
2580 4271 2722 4308 servo
2755 4263 2862 4319 tuo,
2891 4253 3010 4322 quia
3035 4269 3137 4305 non
3155 4252 3523 4322 justiﬁcabitur

1935 4354 1990 4405 in
2012 4359 2284 4422 conspectu
2309 4358 2392 4403 tuo
2422 4347 2589 4403 omnis
2627 4349 2641 4383 ι
2676 4349 2861 4401 virens.
2897 4345 3100 4401 Poterit
3121 4362 3218 4400 nos
3239 4345 3321 4400 vel
3350 4346 3523 4400 humi-

1937 4447 2062 4500 litas
2085 4443 2439 4500 confessionis
2469 4455 2710 4496 asserere
2738 4440 2892 4509 quasi
2943 4438 3215 4494 modestos
3254 4437 3393 4507 apud
3415 4436 3521 4492 bo-

1935 4553 2066 4592 num
2095 4534 2379 4590 Dominum
2428 4537 2470 4596 ⁸,
2496 4548 2630 4601 quos
2662 4531 3040 4586 commendare
3090 4547 3195 4586 non
3238 4530 3437 4601 poterit
3465 4536 3524 4584 ut

250 4606 410 4660 multa
434 4612 778 4680 corruptione
807 4612 1085 4669 discissam
1115 4617 1154 4683 ",
1181 4626 1236 4672 et
1254 4619 1420 4690 spinis
1444 4639 1685 4681 meorum
1707 4644 1833 4684 sen-
1865 4595 1911 4655 Β
1938 4633 2158 4700 ignavos
2209 4634 2440 4681 strenuae
2477 4626 2748 4680 servitutis
2790 4625 3010 4680 utilitas.
3053 4623 3187 4678 Nam
3229 4631 3284 4678 et
3319 4622 3522 4677 Ninivi-

250 4713 398 4752 suum
431 4708 634 4758 temere
662 4714 996 4772 consertam,
1031 4707 1317 4766 Dominicae
1363 4718 1536 4772 crucis
1573 4735 1701 4776 acus
1749 4723 1831 4777 in-

251 4799 386 4843 serto
419 4793 567 4846 verbi
592 4794 842 4851 salutaris
882 4796 969 4850 filo
997 4799 1211 4855 sarciat.
1245 4801 1430 4859 Fidem
1455 4810 1595 4863 enim
1631 4821 1686 4867 et
1709 4829 1830 4869 ver-

254 4878 369 4936 bum
411 4887 585 4940 crucis
630 4887 828 4943 Christi
875 4890 1013 4944 hanc
1065 4892 1299 4948 arbitror
1348 4913 1522 4964 acum,
1574 4919 1677 4973 qua
1707 4907 1830 4963 vita:

1936 4735 2004 4779 tie
2035 4723 2267 4794 probant
2287 4729 2544 4789 quantum
2588 4719 2727 4789 apud
2755 4719 2988 4772 divinam
3018 4717 3357 4773 clementiam
3395 4731 3522 4787 pec-

1934 4815 2104 4870 catori
2135 4810 2429 4867 remedium
2459 4809 2593 4874 sit",
2617 4817 2676 4862 ut
2701 4809 2800 4863 sibi
2823 4809 2935 4878 ipse
2961 4823 3068 4863 non
3101 4815 3323 4877 parcat;
3356 4821 3518 4875 quand

1933 4904 2216 4974 doquidem
2237 4901 2492 4971 suffragio
2516 4901 2845 4971 paenitentia:
2874 4899 3209 4956 reconciliati
3251 4898 3383 4962 Deo,
3410 4913 3525 4953 me-

320 5054 341 5082 ¹¹
373 5045 441 5099 IV
475 5046 604 5124 Reg.
640 5063 676 5111 ι,
691 5047 970 5124 «8;_Ma_tth.
1011 5067 1084 5114 ιιι,
1211 5050 1374 5124 Marc.
1405 5071 1439 5120 ι,
1473 5055 1525 5109 6.
1601 5057 1629 5095 ι)
1661 5056 1746 5114 Ps.
1775 5077 1839 5115 cx

1948 5059 2045 5124 ,1;
2079 5076 2127 5124 ι,
2162 5038 2247 5118 19;
2283 5072 2463 5118 vam.
2503 5053 2592 5120 li;
2628 5071 2771 5118 χχχι,
2805 5053 2856 5107 1.
2938 5065 2958 5093 ο
2982 5053 3116 5124 Gen.
3143 5068 3220 5124 ιιι,
3251 5050 3302 5103 7.
3381 5049 3406 5086 ἀ
3438 5047 3525 5124 ἓξ.

253 5129 446 5188 cxvm,
479 5117 598 5172 101.
677 5129 699 5156 θ
729 5120 915 5174 Matth.
941 5137 1062 5186 xIx,
1108 5119 1219 5186 24;
1265 5117 1434 5178 Marc.
1478 5143 1530 5188 x,
1580 5128 1666 5182 25.

260 5183 474 5264 iMatth.
507 5190 709 5264 vn_,14.
789 5191 802 5240 i
841 5190 968 5264 Luc.
1004 5183 1112 5264 mg,
1145 5183 1214 5264 8.
1278 5192 1302 5230 ¹ί
1335 5193 1465 5252 Luc.
1493 5183 1641 5264 xvm,
1673 5200 1766 5254 11.

257 5269 334 5330 ξι,
375 5256 455 5330 6._
511 5271 534 5306 ιι
565 5256 708 5316 Psal.
739 5277 862 5324 xxx,
887 5262 940 5315 6.
1019 5275 1044 5312 (ι
1070 5262 1214 5316 Psal.
1260 5281 1422 5330 xxxv,
1459 5266 1544 5320 10.

253 5322 300 5377 2.
377 5336 403 5362 υ
426 5327 577 5384 Jonm
606 5346 679 5394 ιιι,
719 5330 813 5394 10;
842 5322 1026 5386 Matth.
1062 5349 1154 5400 xu,
1186 5331 1286 5400 4|;
1332 5322 1460 5392 Luc.
1497 5355 1567 5401 ιιι,
1593 5338 1680 5394 52.

323 5513 400 5584 (α)
437 5512 528 5567 Sic
557 5529 742 5593 omnes
764 5515 996 5593 codices,
1029 5525 1221 5593 praeter
1241 5518 1603 5576 Viennensem
1627 5524 1680 5577 in
1707 5538 1840 5593 quo,

256 5582 400 5658 ille...
411 5625 423 5637 .
437 5582 681 5658 conscius
701 5587 970 5655 ingeritur,
993 5582 1096 5658 qui.

323 5653 396 5720 (b)
437 5653 535 5707 Ms.
562 5653 741 5722 Vien.,
763 5653 1165 5734 computatione.
1194 5657 1332 5734 vera
1364 5663 1522 5716 lectio
1562 5679 1718 5734 quam
1750 5682 1836 5720 re-

149 5755 175 5790 .
260 5722 504 5800 tinemus.
526 5740 751 5800 qumque
772 5722 1187 5782 confirmatum.
1221 5728 1272 5791 4,
1307 5733 1561 5800 imputare
1581 5722 1698 5788 'nen
1729 5755 1847 5792 vos-

262 5809 420 5848 smnus
453 5795 672 5848 debitam
697 5800 1013 5862 servitutem;
1043 5807 1094 5854 et
1116 5801 1269 5869 epist.
1301 5795 1389 5859 5οξ
1423 5819 1566 5856 ιιυιιι.
1604 5804 1657 5868 ὃ,
1691 5824 1842 5866 quam

1753 5119 1959 5186 ‘Luca
1998 5119 2144 5192 xviii,
2202 5126 2287 5180 15.
2365 5125 2603 5178 εΜιιίῑὶι.
2669 5142 2768 5188 vn,
2829 5124 2913 5176 14.
2992 5123 3018 5160 ιι
3052 5119 3524 5192 Εοοιὶηχχκνηᾝ.

1852 5200 1869 5238 1
1904 5201 2092 5254 Matth.
2117 5213 2224 5262 xm,
2249 5196 2334 5250 19.

1628 5280 1648 5306 τ
1676 5268 1830 5326 Psal.
1862 5287 2062 5336 xxxvi,
2103 5266 2192 5333 25,
2225 5281 2334 5322 sec.
2367 5264 2528 5320 LXX.

3354 5199 3377 5223 ο
3405 5187 3524 5240 Job.

3149 5265 3163 5298 ί
3196 5260 3334 5313 Psal.
3369 5272 3524 5318 cxul,

2412 5207 2446 5232 ηι
2478 5194 2598 5250 Job.
2623 5210 2678 5257 ιι,
2711 5195 2764 5250 8.
2840 5204 2864 5230 η
2892 5193 3034 5249 Psal.
3064 5209 3191 5259 cxu,
3223 5191 3274 5242 7.

2412 5264 2528 5318 ΧΧ.
2608 5275 2629 5301 ³
2655 5264 2785 5318 Luc.
2816 5282 2954 5318 xvn.
2981 5265 3064 5318 10.
3149 5265 3163 5298 ί
3196 5260 3274 5313 Ps:

2702 5283 2785 5322 uc.
2816 5282 2921 5321 xvu
2940 5307 2954 5332 ,
2981 5282 3064 5318 ιυ.

1957 5523 2267 5595 pharisazum
2303 5522 2364 5574 de
2391 5521 2726 5595 imputatione
2741 5517 3067 5595 justitiantnt
3089 5525 3311 5595 suarum:

2030 5595 2106 5662 (ε)
2147 5593 2220 5647 Ita
2249 5607 2377 5647 mss.
2413 5579 2542 5659 Reg.
2577 5598 2632 5645 et
2661 5579 2854 5662 vatim,
2883 5592 3119 5653 angusto,
3153 5579 3202 5632 id
3233 5586 3314 5631 est
3341 5594 3396 5659 re
3437 5594 3520 5662 an.

1955 5647 2123 5733 gustti,
2159 5665 2240 5717 vel
2271 5647 2679 5734 nngustovaditu.
2713 5647 2922 5709 Clarior
2944 5647 3132 5705 sensus
3153 5663 3312 5718 quam
3342 5650 3392 5702 in
3421 5647 3506 5702 edi

1954 5723 2043 5796 iis,
2077 5723 2126 5787 in
2159 5723 2361 5799 quibus
2379 5741 2513 5792 erat,
2545 5736 2826 5801 angusta.“
2963 5791 2974 5801 .

2029 5805 2106 5874 (ά)
2145 5796 2231 5857 Sic
2257 5820 2354 5856 ms.
2390 5802 2540 5855 Vicn.
2573 5796 2759 5851 cuilcx.
2788 5796 2998 5863 (ᾆειδιβτὶ,
3023 5814 3182 5854 mars.
