4078 6352
429 5566 436 5587 ¹
526 5590 621 5642 vn,
650 5577 740 5631 96.

533 317 638 373 5ιό

1656 258 1715 365 εί
1756 308 2039 367 PAULINI.
2068 308 2315 367 NOLANI
2356 310 2661 367 EPISCOPI

3712 310 3819 364 316

532 435 759 483 ruerunt
810 424 1183 483 denuntiatum
1228 423 1457 480 evadere
1524 423 1792 479 excidium
1827 443 1838 476 :
1898 425 2023 492 quia
2064 440 2123 479 se
2149 430 2197 487 Α
2230 424 2345 479 vice
2375 425 2698 480 honoratum
2726 427 2948 480 sortitus
2967 425 3327 482 sacerdotium
3354 426 3685 493 fungeretur.
3713 425 3819 480 De-

534 519 847 588 spontaneis
900 519 1054 596 178
1105 516 1335 572 luctibus
1378 514 1688 579 cruciando,
1721 515 1959 570 divinam
1996 530 2122 570 sen-

536 611 756 667 tentiam
780 616 1153 680 praevenerunt
1180 624 1297 662 sua.

608 699 661 755 5.
702 699 808 754 Nos
837 714 966 754 vero
986 713 1161 768 neque
1188 698 1368 753 verbis
1407 713 1584 768 neque
1609 700 1771 754 rebus
1796 697 1953 767 digna
1994 715 2126 769 pen-

538 799 737 856 santes,
768 791 920 845 unica
950 799 1129 845 tamen
1161 792 1179 822 ⁷
1214 791 1470 846 facultate
1508 790 1662 846 nobis
1708 790 1980 858 caritatis,
2021 805 2125 860 qua

535 882 686 938 vobis
712 884 827 939 sola
857 900 1013 954 pares
1065 900 1279 951 sumus,
1310 884 1551 940 misimus
1580 885 1834 950 tunicam,
1867 901 2028 954 quam
2058 885 2125 939 ab

534 988 635 1028 usu
656 989 776 1029 meo
793 1015 808 1040 ,
833 984 893 1028 ut
913 976 980 1030 de
1009 976 1266 1030 stercoris
1296 976 1504 1030 vilitate
1530 977 1551 1008 ⁸
1576 977 1863 1047 collectum
1889 991 2125 1046 pannum

534 1064 753 1134 dignare
806 1068 1084 1137 suscipere
1117 1086 1128 1121 :
1162 1084 1286 1122 nam
1316 1069 1399 1123 vel
1440 1070 1544 1123 hoc
1591 1072 1611 1102 ³
1660 1069 1981 1123 innocentia:
2022 1077 2125 1122 tua:

535 1158 804 1226 congruit,
837 1160 979 1229 quod
1028 1160 1094 1215 de
1125 1169 1313 1216 tenero
1343 1175 1603 1230 agnorum
1635 1162 1832 1215 vellere
1871 1170 2124 1216 contexta

534 1249 805 1308 blanditur
831 1255 1137 1310 attactibus.
1172 1254 1323 1311 Addo
1361 1264 1540 1311 autem
1583 1254 1757 1311 adhuc
1794 1255 1969 1325 pretio
2010 1254 2125 1323 ejus

536 1354 592 1400 et
611 1348 814 1415 gratiae,
842 1348 984 1416 quod
1012 1365 1119 1418 quo
1150 1348 1362 1417 dignior
1379 1349 1637 1419 probetur
1658 1365 1755 1404 usu
1778 1358 1889 1413 tuo,
1921 1349 1988 1402 de
2009 1364 2127 1402 sau-

538 1449 639 1495 ctm
665 1449 719 1495 et
747 1441 969 1498 illustris
1010 1444 1061 1503 in
1093 1444 1291 1499 sanctis
1314 1444 1406 1498 Dei
1438 1442 1647 1498 feminze
1682 1441 1757 1514 (a)
1788 1442 1996 1497 Melanii
2026 1444 2124 1497 be-

534 1530 840 1587 nedictione
896 1533 1023 1587 mihi
1087 1535 1280 1604 pignus
1328 1543 1430 1590 est.
1466 1533 1618 1590 Unde
1650 1543 1701 1589 te
1751 1534 1963 1604 dignior
2010 1534 2125 1588 visa

535 1629 635 1688 est,
669 1622 823 1692 cujus
849 1622 982 1679 fides
1011 1624 1087 1679 illi
1131 1626 1301 1694 magis
1348 1641 1511 1695 quam
1540 1634 1724 1680 noster
1752 1626 1968 1695 sanguis
1994 1641 2123 1694 pro-

534 1711 779 1787 pinquat.
816 1714 1013 1770 Fateor
1041 1724 1221 1772 tamen
1246 1732 1436 1771 ausum
1476 1732 1586 1784 me,
1624 1724 1682 1770 ut
1710 1732 1847 1780 eam,
1881 1717 2125 1786 quamvis

2228 517 2389 586 nique
2422 517 2569 571 addit
2593 520 2630 548 “
2658 536 2671 570 :
2700 516 2769 570 Et
2805 535 2938 572 uxor
2963 518 3103 572 illius
3127 518 3190 571 de
3210 519 3418 589 ﬁliabus
3446 518 3627 572 Aaron
3652 528 3698 570 ο.
3728 517 3820 571 Vi-

2233 608 2323 661 Jes
2354 608 2736 677 evangelistam
2766 608 2834 663 de
2876 610 3390 677 commemoratione
3418 609 3677 663 natalium
3695 622 3824 663 sau-

2229 702 2301 777 cti
2325 703 2366 734 ι’
2400 700 2493 773 (γ.
2526 710 2639 756 not.
2676 700 2821 773 128),
2853 703 3141 758 dictionem
3167 702 3359 757 fecisse
3380 703 3731 766 meritorum;
3761 710 3823 757 ut

2229 799 2293 851 iis
2344 813 2481 867 quos
2519 806 2638 853 erat
2679 798 2745 852 de
2774 798 3005 868 propriis
3050 798 3256 852 meritis
3280 796 3686 866 prmdicaturus,
3720 811 3819 849 no-

2228 890 2372 944 mina
2400 891 2540 943 avita
2572 890 2849 959 prmferret
2884 908 2895 942 :
2925 899 2974 943 et
3013 907 3167 957 uxor,
3200 890 3391 959 inquit,
3422 889 3500 941 illi
3528 898 3640 941 erat
3670 888 3733 940 de
3752 889 3820 957 ﬁ-

2228 981 2393 1037 liabu‘s
2412 983 2606 1038 Aaron.
2632 984 2794 1039 Auxit
2809 984 3057 1038 meritum
3080 984 3376 1038 sacerdotis
3397 990 3821 1037 commemorata

2238 1075 2521 1131 nobilitate
2548 1075 2811 1144 conjugii;
2843 1086 2895 1130 et
2924 1075 3236 1130 laudaturos
3262 1074 3451 1141 vitam,
3480 1086 3653 1140 genus
3698 1081 3822 1127 ante

2229 1166 2486 1230 laudavit,
2517 1174 2575 1220 ut
2602 1166 2958 1221 venerabilior
3000 1166 3275 1230 existeret,
3300 1165 3390 1233 qui
3413 1164 3618 1218 sanctis
3639 1178 3823 1233 paren-

2229 1259 2373 1314 tibus
2400 1261 2754 1329 responderet
2785 1261 3069 1314 sanctitate
3099 1260 3354 1327 ingenita,
3387 1258 3539 1327 quasi
3592 1257 3822 1326 quadam

2224 1351 2446 1419 iustitiae
2476 1352 2777 1405 hereditate
2811 1370 2822 1403 :
2848 1352 2939 1419 qui
2961 1350 3088 1404 illud
3120 1349 3416 1419 principale
3446 1350 3497 1402 iu
3522 1348 3820 1403 sacerdoti-

2230 1442 2332 1497 bus
2362 1458 2556 1496 nomen
2599 1442 2798 1507 Aaron,
2832 1449 2888 1496 et
2915 1441 3137 1496 honoris
3169 1442 3219 1495 in
3250 1455 3500 1501 munere,
3535 1448 3590 1493 et
3614 1440 3819 1506 generis

2230 1535 2283 1588 in
2315 1551 2484 1590 uxore
2507 1550 2787 1588 successor
2808 1534 3034 1588 referret
3068 1551 3079 1585 :
3106 1543 3267 1602 atque
3306 1532 3413 1595 illa,
3444 1545 3563 1599 quae
3594 1546 3817 1587 concors

2230 1628 2282 1680 in
2315 1627 2505 1680 itinere
2526 1626 2713 1694 jugum
2741 1619 2984 1679 veritatis
3015 1625 3059 1656 "
3087 1641 3207 1679 cum
3234 1625 3429 1699 marito
3459 1623 3711 1676 trahebat
3754 1622 3816 1675 ad

2228 1721 2547 1792 pariendum
2604 1720 2849 1787 eligenda
2879 1736 2976 1790 per
3023 1719 3288 1786 angelum,
3322 1718 3389 1772 de
3417 1733 3527 1786 quo
3556 1717 3814 1786 scriptum

534 1806 677 1863 illico
699 1817 757 1862 ut
776 1824 1088 1879 acceperam
1111 1809 1207 1865 tibi
1230 1810 1569 1874 destinatam,
1585 1825 1707 1867 meo
1730 1818 1907 1864 tamen
1930 1809 2129 1864 vestitu
2160 1810 2206 1870 B
2232 1821 2345 1867 est:
2374 1810 2508 1865 Ecce
2528 1813 2728 1865 mittam
2751 1811 2990 1882 angelum
3020 1820 3139 1863 ante
3160 1811 3343 1881 faciem
3368 1818 3509 1861 tuam
3530 1807 3580 1871 ά,
3612 1808 3817 1875 dignior

535 1902 798 1957 initiando
846 1903 1211 1973 praeterirem;
1254 1903 1429 1958 sciens
1457 1903 1629 1969 magis
1656 1917 1743 1956 me
1791 1901 1885 1956 tibi
1914 1902 2120 1956 hacin—

532 1990 675 2067 juria
720 1994 1107 2063 praestiturum,
1139 2008 1300 2062 quam
1346 1992 1392 2048 si
1433 2000 1486 2047 te
1536 1992 1855 2047 intemerata
1887 1993 2122 2047 novitate

532 2081 674 2138 illius
693 2081 1047 2139 honorassem
1072 2102 1083 2135 :
1103 2083 1261 2139 simul
1278 2090 1337 2138 ut
1357 2084 1487 2137 mihi
1507 2082 1942 2138 benedictionem
1970 2084 2122 2152 quasi

532 2172 601 2228 de
624 2180 715 2229 tua
737 2174 850 2243 jam
880 2183 1027 2230 veste
1049 2190 1436 2246 prmcerperem
1464 2193 1478 2241 ;
1504 2175 1781 2244 utjactare
1805 2177 2005 2244 possim
2026 2190 2122 2229 ve-

533 2265 771 2320 stimenti
801 2267 876 2321 tui
923 2283 1010 2323 me
1058 2284 1179 2324 esse
1231 2269 1569 2339 participem,
1602 2269 1694 2337 qui
1740 2268 1973 2338 propitio
2010 2266 2122 2321 Deo

534 2353 768 2417 futuram
792 2374 919 2415 usus
951 2361 1024 2414 tui
1048 2362 1304 2425 tunicam,
1327 2362 1482 2430 quasi
1508 2361 1713 2424 fuisset,
1747 2359 2045 2414 induerem.

605 2446 659 2504 6.
690 2450 906 2505 Addidit
934 2461 1111 2507 autem
1133 2453 1390 2509 Dominus
1417 2453 1556 2509 banc
1582 2454 1806 2523 gratiam
1837 2453 1903 2507 de
1933 2467 2123 2507 mune-

534 2540 682 2596 ribus
710 2550 766 2595 et
795 2541 988 2598 litteris
1017 2544 1139 2609 tuis,
1165 2552 1223 2599 ut
1245 2544 1310 2598 ad
1340 2560 1435 2600 eos
1463 2545 1801 2614 potissimum
1824 2544 1939 2597 dies
1968 2544 2122 2599 nobis

532 2630 701 2687 frater
727 2632 911 2689 Victor
947 2644 1285 2700 occurreret,
1317 2634 1511 2705 quibus
1548 2643 1789 2689 sanctam
1837 2634 2005 2703 ipsam
2053 2648 2123 2686 ex

531 2721 868 2785 Hierusalem
915 2735 1039 2797 post
1067 2728 1304 2798 quinque
1343 2727 1509 2783 lustra
1537 2734 1870 2781 remeantem
1900 2723 2119 2792 excepi-

533 2816 669 2870 mus.
705 2815 798 2887 (At
825 2832 988 2886 quam
1040 2819 1273 2874 tamdem
1311 2818 1585 2889 feminam)
1616 2819 1660 2873 si
1715 2815 1967 2872 feminam
2016 2814 2121 2868 dici

468 2928 471 2931 λ
533 2905 674 2970 licet,
709 2914 817 2959 tam
839 2908 1065 2962 viriliter
1084 2908 1463 2962 Christianam.
1488 2907 1625 2974 Quid
1644 2908 1747 2962 hoc
1768 2907 1887 2961 loco
1903 2906 2122 2960 faciam?

534 2995 692 3051 Vetat
720 2996 917 3052 fastidii
943 2999 1297 3055 intolerabilis
1338 3010 1514 3055 metus
1555 2999 1918 3056 voluminibus
1947 3000 2122 3052 adhuc

534 3085 761 3152 addere;
793 3089 897 3143 sed'
916 3104 1161 3158 personae
1186 3090 1444 3160 dignitas,
1477 3092 1642 3145 immo
1684 3090 1779 3145 Dei
1808 3091 1974 3158 gratia
2019 3104 2119 3159 po-

2228 1914 2282 1961 et
2305 1906 2421 1960 viro
2450 1904 2749 1969 sacerdote,
2783 1912 2838 1958 et
2889 1903 2995 1957 tilio
3034 1902 3315 1972 prophetis
3341 1900 3678 1971 prreferendo
3708 1901 3816 1955 exi-

2236 2004 2423 2059 steret,
2476 2011 2638 2065 quam
2678 1994 2875 2048 divinis
2930 1993 3175 2047 idoneam
3224 1992 3467 2057 dotibus,
3508 2007 3618 2045 non
3650 1991 3817 2045 solum

2226 2090 2333 2144 vita
2351 2088 2592 2158 justitite,
2626 2086 2720 2142 sed
2751 2094 2804 2140 et
2834 2085 3044 2139 familia:
3072 2084 3425 2154 prterogativa
3452 2081 3690 2137 fecisset.
3720 2082 3819 2139 Sed

2226 2189 2279 2235 et
2310 2181 2477 2250 ipsius
2507 2178 2717 2234 Domini
2767 2186 2965 2245 ortum,
2996 2185 3194 2247 pncter
3221 2175 3370 2229 illum
3402 2190 3431 2228 a
3463 2175 3613 2229 fonte
3644 2175 3820 2229 divino

2225 2270 2501 2336 fluentem,
2536 2270 2698 2324 etiam
2729 2269 2890 2323 istum
2913 2282 3022 2337 quo
3051 2267 3220 2321 Filius
3246 2266 3483 2321 hominis
3505 2281 3631 2319 esse
3646 2266 3821 2333 digna-

2226 2370 2312 2417 tus
2340 2370 2442 2427 est,
2477 2360 2821 2429 evangelista:
2850 2358 2957 2413 duo
2992 2367 3017 2397 ο
3045 2358 3343 2412 numeratis
3369 2357 3439 2411 ab
3464 2357 3622 2410 initio
3655 2357 3821 2424 majo-

2224 2453 2373 2506 ribus
2402 2451 2703 2515 ordiuntur,
2736 2449 3003 2505 diversam
3026 2457 3255 2519 utroque
3284 2449 3548 2518 scriptore
3576 2448 3821 2519 corporei

2223 2544 2499 2612 sanguinis
2546 2558 2739 2598 venam
2788 2542 2905 2612 pari
2970 2540 3073 2597 ﬁdo
3113 2549 3169 2597 et
3215 2542 3475 2609 dignitate
3503 2541 3819 2597 referente:

2222 2637 2347 2706 quia
2377 2636 2596 2705 dignum
2624 2636 2825 2690 eratin
2849 2633 3168 2701 Unigenitus
3199 2634 3311 2698 Dei,
3340 2642 3395 2688 et
3428 2634 3821 2704 primogenitus

2224 2726 2391 2781 totius
2409 2732 2691 2787 creatum,
2722 2732 2887 2793 atque
2908 2724 3148 2778 universi
3171 2724 3416 2793 corporis
3439 2732 3635 2793 caput,
3662 2724 3821 2777 etiam

2224 2821 2277 2874 in
2323 2819 2538 2889 generis
2586 2818 2835 2887 corporei
2861 2817 3123 2885 dignitate
3150 2817 3436 2887 primatum
3468 2826 3702 2872 teneret.
3756 2817 3821 2871 Ut

2224 2926 2363 2966 unus
2390 2911 2444 2965 in
2474 2910 2613 2965 oculo
2643 2909 2739 2963 Dei
2768 2908 2939 2963 Filius
2986 2916 3113 2962 ante
3153 2908 3335 2963 secula
3368 2907 3625 2961 ineffabili
3665 2917 3819 2963 natus

2224 3000 2468 3066 exordio,
2502 3001 2664 3055 etiam
2690 3000 2742 3053 in
2765 3000 2925 3054 terr-is
2949 2998 3237 3053 illustrium
3262 2998 3538 3053 titulorum
3569 2998 3673 3053 sibi
3704 3002 3819 3069 api-

2227 3106 2321 3145 ces
2355 3091 2675 3158 vindicaret,
2708 3103 2894 3157 regum
2925 3090 3127 3158 pariter
3154 3096 3209 3141 et
3233 3088 3572 3143 sacerdotum
3605 3094 3689 3159 (ut
3716 3090 3818 3144 duo

533 3179 737 3234 stulare
786 3180 999 3236 videtur
1027 3190 1084 3236 ut
1126 3183 1697 3237 commemorationem
1727 3190 1891 3235 tanta:
1926 3182 2116 3234 animae
2146 3165 2191 3228 Ο
2222 3190 2490 3236 testantur
2518 3191 2737 3237 autores
2796 3181 2841 3251 ί)
2872 3181 3018 3234 clara
3066 3181 3367 3250 progenies.
3401 3179 3572 3245 Quam
3602 3181 3676 3234 ob
3707 3197 3819 3235 rem

533 3285 858 3341 przegressus
904 3288 1014 3328 non
1046 3273 1242 3343 raptim
1271 3273 1536 3337 omittam,
1569 3271 1663 3327 sed
1689 3272 1958 3342 pauliSper
1988 3273 2029 3302 ¹⁰
2049 3271 2116 3324 ad

532 3376 651 3416 eam
680 3363 775 3417 tibi
796 3362 1139 3430 narrandam,
1172 3365 1322 3419 velut
1359 3365 1693 3433 navigantes,
1723 3364 1767 3419 si
1798 3364 2031 3434 aliquem
2062 3365 2114 3417 in

532 3453 712 3511 littore
740 3455 920 3511 locum
948 3456 1294 3527 spectabilem
1323 3456 1561 3523 videant,
1586 3473 1693 3512 non
1722 3457 2120 3527 praetervehun-

531 3556 637 3613 tur,
665 3546 761 3605 sed
808 3550 1099 3605 contractis
1126 3550 1400 3621 paululum
1429 3549 1591 3616 velis,
1620 3558 1710 3605 aut
1735 3548 1960 3618 remigio
1986 3563 2116 3618 pen-

532 3636 694 3693 dente
747 3649 974 3710 pascunt
1019 3641 1207 3696 oculos
1246 3642 1487 3695 intuendi
1525 3656 1704 3707 mora;
1738 3640 1811 3694 ita
1850 3640 2117 3695 sermonis

533 3729 637 3784 mei
683 3745 897 3786 cursum
924 3732 1295 3801 detorqueam,
1329 3746 1438 3801 quo
1469 3733 1628 3786 etiam
1670 3731 1865 3786 illustri
1895 3731 1968 3785 illi
1998 3747 2115 3785 ma-

534 3820 668 3877 teria
700 3829 755 3876 et
783 3822 1090 3891 eloquentia
1135 3824 1271 3879 libro
1323 3832 1416 3878 tuo
1457 3824 1630 3879 vicem
1674 3823 1906 3894 aliquam
1935 3822 2120 3877 videar

531 3911 779 3981 reddere,
803 3915 849 3970 si
877 3913 1131 3970 feminam
1160 3914 1470 3971 inferiorem
1493 3932 1645 3981 sexu,
1668 3915 1953 3971 virtutibus
1973 3914 2117 3969 Mar-

530 4002 861 4068 tiniCltristo
908 4005 1232 4061 militantem
1285 4020 1614 4077 prosequar,
1663 4022 1781 4075 quae
1810 4006 2119 4061 consulibus

528 4093 641 4150 avis
666 4096 883 4165 nobilis,
914 4097 1235 4154 nobiliorem
1266 4112 1324 4153 se
1353 4105 1630 4154 contemtu
1655 4112 1933 4167 corporea:
1964 4097 2118 4151 nobi-

528 4182 690 4241 litatis
717 4185 883 4243 dedit.

596 4272 650 4329 7.
689 4274 894 4345 Opinor
915 4288 1094 4333 autem
1116 4287 1171 4334 et
1195 4279 1300 4335 hoc
1321 4279 1388 4334 ad
1417 4280 1686 4336 cumulum
1711 4280 1907 4335 divina:
1934 4283 2119 4349 gratiae

529 4365 820 4434 pertinere,
850 4369 995 4436 quod
1039 4370 1384 4425 sanctitatem
1423 4370 1747 4424 laudandam
1778 4371 1846 4425 de
1875 4373 2120 4426 laudibus

529 4455 742 4522 generis
791 4456 1080 4525 praedicare
1121 4458 1323 4514 ordior.
1358 4458 1463 4514 Sed
1490 4460 1633 4513 hunc
1680 4460 1923 4515 ordinem
1954 4476 2061 4515 non
2086 4477 2118 4515 a

2221 3290 2330 3328 non
2358 3274 2661 3328 videbimur
2688 3274 2860 3328 aliena
2888 3272 3069 3342 potius
3097 3286 3257 3342 quam
3287 3279 3470 3325 nostra
3500 3274 3573 3324 uti
3606 3272 3818 3337 regula,

2220 3374 2490 3419 terrenam
2505 3378 2728 3434 quoque
2749 3363 3084 3418 nobilitatem
3109 3362 3162 3415 in
3183 3362 3485 3431 supradicta
3499 3360 3590 3415 Dei
3614 3360 3819 3418 famula

2218 3457 2574 3528 pucdicantes
2607 3474 2620 3509 :
2650 3471 2755 3525 qua
2785 3456 3127 3525 perspicuum
3156 3456 3225 3509 sit
3255 3455 3308 3509 id
3342 3462 3558 3523 quoque
3587 3452 3655 3506 ad
3677 3469 3811 3523 ope-

2218 3551 2295 3605 ris
2322 3550 2405 3604 sui
2439 3550 2662 3619 gloriam
2692 3549 2976 3604 Dominum
3005 3549 3319 3615 contulisse,
3350 3563 3457 3617 quo
3490 3549 3664 3616 magis
3693 3563 3817 3602 eon~

2221 3641 2541 3696 funderetur
2569 3641 2671 3694 iste
2701 3639 2953 3705 mundus,
2994 3640 3085 3710 qui
3118 3640 3316 3695 talibus
3343 3638 3516 3693 titulis
3536 3639 3816 3707 gloriatur,

2220 3743 2281 3788 ut
2310 3750 2419 3805 quo
2449 3738 2659 3789 vanitas
2697 3735 2975 3789 hominum
3008 3732 3074 3788 ad
3115 3739 3443 3788 contemtum
3493 3731 3589 3786 Dei
3632 3732 3816 3795 utitur,

2220 3827 2321 3881 ista
2352 3827 2532 3895 potius
2561 3825 2626 3879 ad
2656 3833 2985 3881 contemtum
3015 3823 3197 3878 mundi
3222 3830 3465 3879 uteretur
3494 3840 3507 3875 :
3540 3823 3709 3877 simul
3764 3830 3818 3877 ut

2220 3916 2398 3985 major
2419 3918 2672 3971 salutaris
2712 3917 2944 3987 exempli
2987 3915 3306 3985 proderetur
3343 3915 3608 3969 autoritas
3646 3915 3818 3969 humi-

2222 4006 2416 4062 liandis
2442 4008 2799 4077 superborum
2848 4008 3035 4073 oculis;
3067 4007 3262 4061 mulier
3288 4006 3515 4062 celsiore
3552 4007 3723 4075 gradu
3758 4006 3819 4063 ad

2223 4098 2543 4167 humilitatis
2573 4099 2777 4153 cultum
2807 4100 2876 4153 ob
2907 4114 3145 4152 amorem
3187 4098 3384 4152 Christi
3415 4097 3627 4165 dejecta
3658 4098 3817 4152 subli-

2222 4190 2382 4244 miter
2404 4199 2460 4255 8;
2502 4198 2563 4243 ut
2590 4190 2737 4244 viros
2757 4190 2969 4244 desides
2991 4190 3042 4243 in
3073 4188 3281 4243 infirmo
3302 4203 3433 4242 sexu
3454 4190 3611 4243 fortis
3632 4203 3816 4257 argue-

2223 4290 2325 4346 ret,
2354 4289 2671 4349 arrogantes
2716 4281 2768 4334 in
2814 4296 2949 4335 sexu
2978 4288 3207 4349 utroque
3237 4294 3495 4349 personas
3522 4288 3815 4350 pauperata

2224 4371 2392 4437 dives,
2424 4380 2478 4426 et
2501 4372 2695 4426 nobilis
2717 4372 2993 4426 humiliata
3025 4370 3400 4426 confunderet.

2297 4462 2351 4518 8.
2383 4465 2539 4535 180
2559 4464 2725 4532 Igitur
2744 4464 3051 4519 Marcellino
3081 4463 3301 4519 consule
3324 4478 3426 4517 avo
3455 4462 3549 4535 (ν.
3569 4480 3624 4517 ιι.
3646 4464 3750 4516 129
3769 4466 3806 4529 l,

530 4544 813 4600 rhetoricis
834 4546 1090 4602 institutis
1110 4549 1297 4617 magis,
1320 4563 1483 4617 quam
1507 4548 1575 4603 de
1598 4550 1920 4617 evangelicis
1940 4565 2119 4604 exem-
2147 4547 2196 4607 D
2220 4555 2286 4609 de
2305 4556 2505 4609 ambitu
2528 4557 2740 4624 generis
2760 4564 2815 4609 et
2830 4571 2989 4625 opum
3012 4556 3161 4623 luxu,
3178 4557 3227 4609 in
3243 4556 3445 4609 teneris
3460 4555 3634 4610 adhuc
3660 4557 3813 4609 annis

530 4635 633 4706 piis
663 4628 1277 4707 usurpari‘doctissimus
1306 4639 1482 4695 Lucas
1512 4651 1537 4677 ἰ
1560 4640 1691 4694 mihi
1720 4641 1872 4695 testis
1897 4649 1997 4706 est,
2029 4642 2122 4710 qui

532 4725 785 4795 Baptista:
804 4725 949 4782 beati
970 4728 1224 4783 meritum
1253 4731 1321 4784 ab
1348 4731 1570 4798 originis
1595 4730 1839 4785 claritate
1867 4729 2075 4785 detexit
2100 4750 2112 4784 :

531 4823 587 4870 et
632 4832 699 4872 ne
742 4824 950 4872 tantum
1000 4818 1238 4874 historiae
1283 4821 1456 4889 gratia
1508 4836 1633 4876 eum
1668 4837 2118 4878 commemorasse

530 4907 807 4964 existimes
842 4909 1075 4965 nobilem
1121 4908 1386 4967 Dominici
1428 4914 1775 4982 pmcursoris
1815 4923 2112 4985 parentem,

528 5000 833 5061 veneranda
862 5003 1052 5072 prisca:
1087 5004 1245 5077 179
1273 5005 1569 5061 nobilitatis
1598 5006 1857 5078 insignia,
1883 5017 1939 5063 et
1959 5025 2115 5064 suum

528 5093 724 5164 cuique
759 5102 985 5155 Stemma
1011 5098 1301 5164 connectit,
1348 5097 1535 5155 dicens
1566 5101 1882 5159 sacerdotem
1910 5101 2115 5157 Zacha-

527 5189 661 5241 riam
687 5188 753 5241 de
788 5190 893 5242 vice
933 5190 1064 5243 Abia
1084 5189 1132 5243 δ.
1162 5188 1337 5246 Credo
1374 5200 1433 5245 ut
1473 5206 1543 5246 ex
1568 5207 1635 5248 eo
1655 5193 1772 5264 ipso
1794 5194 2112 5262 dignitatem

526 5277 708 5333 meriti
735 5279 852 5349 ejus
897 5280 1230 5345 ostenderet,
1260 5281 1520 5350 adjiciens
1549 5298 1746 5339 nomen
1776 5300 1846 5339 ex
1894 5284 2076 5340 infulis
2096 5326 2110 5351 ,

526 5369 672 5439 quod
700 5370 1051 5441 proculdubio
1074 5371 1126 5425 in
1156 5368 1394 5428 Hebraeis
1422 5380 1567 5428 esset
1606 5375 1835 5444 insigne,
1867 5375 1933 5430 de
1962 5376 2115 5444 cujus

601 5517 628 5544 ι
656 5506 789 5562 Luc.
824 5526 870 5571 ι,
902 5508 957 5564 5.
1035 5508 1063 5549 δ
1103 5508 1233 5565 Luc.
1267 5526 1304 5577 ι,
1336 5509 1398 5574 5;
1428 5509 1451 5563 Ι
1479 5507 1603 5565 Par.
1636 5526 1783 5577 xxiv,
1815 5510 1904 5568 40.

818 5592 839 5618 ο
871 5580 1062 5636 Matth.
1093 5597 1132 5646 ι,
1172 5583 1229 5647 l;
1260 5580 1456 5636 Julian.
1496 5597 1533 5646 ι,
1566 5582 1618 5633 1.

606 5738 682 5816 ⁸ιι)
719 5737 799 5798 ita
826 5741 955 5799 edit.
985 5741 1171 5800 Sehot.
1206 5743 1389 5799 beete.
1424 5744 1552 5800 Vide
1573 5751 1686 5800 not.
1724 5741 1847 5799 158,

2230 4647 2444 4715 nuptias
2472 4662 2650 4715 passa,
2684 4654 2737 4700 et
2766 4647 2915 4701 brevi
2944 4656 3133 4712 mater,
3164 4647 3258 4701 sed
3286 4662 3350 4701 ea
3382 4646 3639 4701 felicitate
3671 4663 3820 4700 mor-

2228 4737 2412 4791 talium
2442 4753 2549 4793 non
2580 4738 2799 4805 longum
2828 4738 2914 4807 (id
2939 4747 3016 4791 est
3044 4737 3152 4791 diu.
3196 4737 3259 4791 V.
3287 4747 3455 4802 carm,
3490 4728 3578 4796 ⁸52.
3612 4754 3662 4790 v.
3693 4734 3823 4807 595}

2225 4829 2395 4899 potita
2424 4812 2524 4893 est,
2556 4844 2625 4884 ne
2654 4829 2743 4883 diu
2777 4838 2988 4883 terrena
3010 4829 3275 4897 diligeret.
3306 4828 3439 4883 Nam
3471 4838 3667 4899 prseter
3688 4831 3824 4885 alias

2223 4921 2483 4975 orbitates
2521 4937 2654 4990 quas
2699 4923 2852 4976 irrito
2885 4922 2926 4953 “
2974 4923 3027 4975 in
3073 4920 3269 4975 fetibus
3308 4921 3566 4975 abortivis
3632 4920 3823 4976 labore

2224 5015 2399 5070 adhuc
2435 5016 2629 5069 marito
2678 5015 2937 5085 participe
2964 5013 3213 5081 deflevit,
3239 5014 3309 5068 ita
3341 5014 3511 5068 crevit
3562 5015 3826 5068 aerumnis

2226 5115 2283 5161 ut
2310 5106 2446 5161 duos
2469 5104 2605 5163 ﬁlios
2623 5114 2681 5159 et
2708 5107 2959 5161 maritum
2982 5107 3119 5161 intra
3143 5105 3268 5161 anni
3289 5114 3499 5175 tempus
3521 5104 3820 5171 amitteret;

2222 5199 2380 5253 unico
2412 5206 2617 5252 tantum
2646 5197 2745 5252 sibi
2795 5198 3020 5267 parvulo
3076 5196 3143 5251 ad
3192 5196 3507 5251 memoriam
3560 5197 3738 5266 potius
3775 5199 3821 5227 "‘

2218 5305 2378 5359 quam
2410 5290 2476 5345 ad
2524 5290 3022 5360 compensationem
3066 5287 3353 5344 affectuum
3402 5287 3682 5342 dereicto.
3708 5286 3825 5343 Sed

2219 5380 2363 5436 etde
2383 5381 2643 5434 malorum
2665 5388 2974 5434 nostrorum
2999 5380 3313 5445 seminibus,
3336 5394 3525 5433 causas
3548 5379 3825 5434 bonorum

1986 5525 2008 5552 ο
2035 5514 2165 5570 Luc.
2199 5533 2247 5579 ι,
2280 5516 2333 5572 5.
2412 5516 2435 5553 ἀ
2469 5515 2660 5572 Malae.
2686 5532 2763 5583 ιιι,
2792 5519 2809 5570 l
2842 5535 2857 5581 ;
2890 5516 3079 5572 Matth.
3108 5534 3181 5583 ιι,
3221 5516 3285 5584 9;
3318 5518 3482 5573 Marc.
3518 5533 3552 5583 ι,
3581 5515 3646 5583 9;
3684 5516 3820 5574 Luc.

1701 5580 1719 5619 ί
1750 5582 1939 5638 Matth.
1973 5601 2010 5648 ι,
2045 5588 2063 5639 l
2091 5603 2105 5651 ;
2136 5585 2265 5642 Luc.
2298 5604 2373 5646 Ill.
2395 5587 2484 5640 ‘25.
2564 5597 2587 5633 ε
2622 5580 2759 5641 Ρδειιῖ
2797 5580 2922 5654 xvu,
2946 5587 3035 5641 9.8.
