4078 6352
240 317 336 374 317

1584 332 1910 389 EPISTOLA
1951 336 2116 393 XXIX

3383 352 3485 407 518

238 427 532 485 οωιρειίιιῐη
563 430 714 487 nobis
745 433 970 490 Domino
1001 438 1334 505 providente.
1368 439 1621 508 pictam
1665 441 1802 499 divi-
1830 447 1884 509 Α
1909 441 1997 508 20,
2028 460 2081 499 11.
2112 444 2187 516 1),
2217 446 2581 520 solemnisque
2630 452 2698 509 ad
2724 455 2978 526 templum
3008 460 3331 516 recurrendo
3357 461 3485 516 visi-

236 532 354 569 nam
377 532 473 586 per
493 518 739 602 humanae
762 525 975 593 pietatis
995 526 1186 584 damna
1216 532 1483 602 concepit.
1513 532 1704 589 Misera
1735 535 1807 589 fa-

233 615 318 662 cta
347 618 449 675 est,
478 618 537 664 ut
558 597 856 670 eliiceretur
882 618 1057 673 beata.
1092 620 1346 678 Percussa
1369 631 1467 689 est,
1501 635 1560 679 ut
1587 642 1803 680 sanare-

234 709 319 756 tur
346 720 358 755 :
393 702 656 769 Quoniam
683 725 774 779 ego
804 714 1109 780 percutiant,
1160 725 1208 770 et
1234 736 1327 787 ego
1355 720 1548 774 sonabo
1579 731 1602 757 ⁸
1622 763 1636 788 ,
1679 720 1807 775 dicit

170 777 183 787 ’
234 791 506 849 Dominus.
541 777 727 853 Tanta?
761 777 842 856 est
887 805 1025 859 enim
1056 810 1248 863 summi
1278 810 1449 868 Patris
1495 815 1695 883 pietas,
1748 824 1805 871 ut

234 884 391 938 etiam
423 886 498 940 ira
521 887 637 955 ejus
665 906 731 945 ex
757 894 1121 953 misericordia
1162 903 1252 969 sit,
1273 912 1326 957 et
1357 904 1478 958 ideo
1497 906 1720 974 castiget
1750 919 1807 963 ut

231 982 419 1041 parcat
440 974 486 1027 δ.
520 975 756 1047 Denique
784 982 971 1040 beatus
1001 988 1287 1056 Apostolus
1311 993 1430 1047 ideo
1452 1003 1680 1051 czccatus
1700 1005 1802 1066 est,

231 1070 288 1114 ut
314 1063 705 1123 illuminaretur
733 1084 776 1137 c;
807 1076 1001 1130 cecidit
1048 1091 1374 1148 persecutor,
1419 1093 1478 1139 ut
1530 1090 1804 1156 apostolus

228 1164 501 1221 surgeret;
537 1157 589 1210 in
629 1160 819 1216 itinere
861 1164 964 1221 iter
993 1171 1191 1238 reperit
1224 1172 1285 1236 “,
1338 1183 1392 1227 et
1437 1175 1488 1229 in
1519 1178 1805 1247 impietatis

230 1244 308 1297 via
330 1246 474 1300 viam
498 1250 644 1317 pacis
664 1256 903 1321 agnovit.
934 1257 1022 1313 Sic
1067 1276 1196 1330 ergo
1227 1265 1397 1319 bonus
1444 1267 1700 1325 Dominus
1749 1273 1801 1327 in

227 1337 641 1408 omni-tempore
670 1344 856 1400 iisdem
887 1348 1026 1403 circa
1057 1367 1153 1407 nos
1182 1371 1396 1425 quoque
1423 1359 1673 1416 minimos
1693 1380 1802 1418 suae

225 1429 442 1497 pietatis
473 1431 754 1501 impendiis
778 1453 945 1507 usque
974 1442 1175 1510 adhuc;
1210 1455 1264 1499 ut
1291 1447 1403 1516 ipse
1442 1458 1669 1505 testatus
1696 1461 1796 1518 est,

222 1533 387 1587 opera
421 1519 593 1576 Patris
632 1542 859 1595 operans
887 1529 937 1593 ἀ,
979 1544 1217 1589 sanctam
1246 1554 1458 1607 quoque
1482 1542 1659 1611 istam,
1691 1561 1798 1600 non

221 1610 341 1677 quia
367 1611 632 1669 inﬁdelem
656 1617 895 1686 haberet,
918 1623 1011 1678 sed
1028 1634 1082 1679 ut
1096 1626 1383 1695 perfectam
1406 1631 1670 1697 redderet,
1704 1652 1798 1705 pa-

220 1707 373 1754 terna
406 1704 602 1772 pietate
644 1711 936 1780 corripiens
963 1724 1010 1780 ε,
1034 1718 1086 1771 in
1114 1720 1474 1776 misericordia
1497 1726 1798 1783 verberavit

1911 534 2043 588 latio
2080 537 2497 595 consolabantur
2525 560 2536 595 :
2563 542 2686 606 ista,
2721 555 2780 600 ut
2801 548 3013 602 unicum
3034 566 3186 605 suum
3212 566 3242 605 a
3269 560 3487 622 pectore

1908 640 2006 680 suo
2022 626 2267 694 abscidit,
2294 639 2347 683 et
2379 632 2430 685 in
2454 633 2628 689 simun
2654 634 2853 693 Christi
2874 638 3115 709 jactavit,
3139 652 3197 696 ut
3224 658 3342 697 eum
3375 643 3488 711 ipse

1909 714 2164 775 Dominus
2192 721 2456 777 enutriret
2493 723 2542 789 ί,
2585 725 2717 780 nihil
2745 736 2932 796 postea
2978 730 3053 784 illi
3090 747 3199 786 sua:
3232 732 3488 789 sollicitu-

1907 806 2045 861 dinis
2068 807 2235 877 dedit,
2285 810 2593 869 diffidentia:
2630 826 2907 886 peccatum
2947 819 3192 889 judicans
3217 866 3232 889 ,
3260 823 3303 877 si
3331 839 3488 893 quem

1906 895 2125 952 Christo
2145 902 2509 971 commiserat,
2538 906 2652 974 ipsa
2674 918 2928 963 curasset.
2955 910 3162 977 Quanta
3190 922 3365 968 autem
3388 913 3490 969 hoc

1912 983 2014 1039 fide
2042 986 2249 1054 fecerit,
2282 990 2403 1047 hinc
2429 994 2659 1063 perspici
2709 997 2865 1065 licet,
2896 999 3038 1068 quod
3068 1001 3120 1053 in
3152 1015 3343 1069 magna
3366 1002 3491 1057 licet

1907 1080 2400 1147 potentissimorum
2429 1084 2483 1139 et
2522 1086 2789 1143 clarorum
2830 1091 3251 1161 propinquorum
3307 1093 3489 1148 Romae

1905 1171 2081 1239 copia,
2133 1173 2330 1227 nemini
2371 1176 2649 1245 parvulum
2678 1195 2831 1235 suum
2857 1183 3042 1250 verbo,
3074 1192 3131 1237 ut
3176 1185 3281 1239 dici
3329 1186 3487 1253 solet,

1906 1259 2181 1330 alendum,
2201 1265 2568 1332 erudiendum,
2594 1272 2846 1326 tuendum
2869 1274 3123 1329 mandare
3151 1273 3367 1343 dignata
3384 1284 3486 1331 est.

1906 1348 2035 1403 Tam
2064 1360 2211 1407 certa
2263 1353 2363 1409 fuit
2413 1374 2443 1410 a
2488 1359 2702 1415 Christo
2731 1377 2850 1417 esse
2899 1373 3223 1435 susceptum,
3274 1376 3328 1420 et
3368 1367 3489 1421 ideo

1904 1443 2102 1497 meruit
2128 1446 2393 1515 obtinere,
2427 1452 2553 1518 quia
2596 1454 2698 1507 frui
2729 1455 2900 1510 noluit
2934 1474 2945 1509 :
2984 1464 3040 1510 et
3068 1474 3208 1512 nunc
3258 1459 3489 1514 revisere

1902 1532 2101 1587 meruit
2128 1550 2226 1603 per
2247 1537 2363 1606 ejus
2392 1538 2513 1595 fidei
2542 1543 2821 1611 pietatem,
2843 1560 2947 1614 qua
2974 1547 3139 1602 semel
3168 1549 3411 1605 relictum
3435 1549 3489 1603 in

1902 1621 2015 1679 Deo
2048 1642 2152 1680 non
2184 1626 2586 1687 desideraverat
2606 1636 2659 1688 in
2684 1636 2789 1690 hoc
2818 1640 3021 1693 seculo.
3056 1638 3239 1708 Itaque
3268 1644 3386 1712 fecit
3413 1641 3488 1695 illi

1904 1730 2093 1785 magna
2113 1720 2200 1789 qui
2226 1731 2405 1790 potens
2428 1733 2503 1777 est
2532 1725 2577 1789 Ι,
2599 1724 2803 1795 majora
2826 1738 3114 1798 prmsumto
3143 1730 3346 1786 donare
3367 1746 3487 1787 cre-

206 1794 625 1863 .te..taiionihus,
659 1811 717 1853 ιιι
745 1804 1002 1869 pauentia
1043 1821 1325 1866 θοι-οηρι-οι
1352 1831 1362 1864 ε
1396 1815 1629 1885 ﬂagella;
1661 1821 1800 1875 enim
1835 1808 1878 1870 Β
1905 1804 2172 1863 dentibus.
2200 1798 2276 1863 lia
2308 1811 2428 1867 huic
2451 1821 2507 1867 ut
2532 1794 2696 1869 lilium
2740 1818 2786 1848 ³⁰
2815 1794 2869 1871 et
2900 1818 2951 1872 in
2983 1817 3089 1873 hoc
3135 1820 3254 1874 loco
3283 1819 3487 1875 videret

216 1896 418 1936 metu
437 1886 603 1953 ﬁlium
631 1906 779 1958 quem
807 1895 988 1961 recipit
1019 1896 1060 1951 ί.
1088 1898 1269 1969 Itaque
1300 1903 1378 1973 (α)
1408 1904 1655 1962 luctuoso
1689 1927 1802 1964 ani-

215 1973 329 2029 bitu
361 1978 523 2033 trium
553 1980 799 2039 funerum
844 2003 1043 2055 comes,
1079 1991 1234 2047 vidua
1274 1997 1474 2064 pariter
1496 2006 1551 2053 et
1573 2001 1758 2056 orbata
1786 2048 1799 2073 ,

219 2062 450 2122 Romam
483 2073 630 2125 venit
657 2089 778 2129 cum
807 2078 966 2133 unico
1008 2096 1105 2136 suo
1135 2085 1411 2142 incentore
1437 2091 1613 2158 potius
1638 2108 1800 2161 quam

215 2156 288 2222 (ὁ)
319 2161 663 2219 consolatore
693 2165 1074 2239 lacrymarum;
1099 2176 1211 2231 sive
1233 2178 1404 2234 infans
1427 2190 1552 2236 ante
1576 2184 1659 2238 sui
1687 2201 1803 2240 sen-

211 2262 329 2302 sum
373 2252 513 2307 mala
543 2257 809 2323 sentiens,
852 2261 965 2329 jam
1010 2276 1224 2334 saperet
1267 2270 1307 2302 ³⁷
1334 2271 1562 2329 alienam
1615 2276 1800 2344 lugere

208 2350 467 2409 mortem,
489 2347 580 2415 qui
611 2350 785 2406 adhuc
813 2354 975 2409 vitam
1015 2374 1163 2415 suam
1194 2380 1351 2419 nosse
1383 2369 1615 2424 nesciret
1644 2388 1657 2423 :
1686 2373 1797 2427 sive

208 2431 400 2498 ignara
430 2437 571 2492 male
618 2456 839 2500 securus
877 2446 1119 2519 infantia,
1149 2454 1437 2512 miserabili
1481 2458 1608 2516 ludo
1658 2463 1797 2519 inter

206 2527 402 2581 matris
423 2528 654 2588 lamenta
684 2535 899 2594 rideret.

279 2617 338 2671 9.
372 2618 466 2674 His
518 2624 708 2680 edocta
756 2628 1121 2698 documentis,
1153 2653 1258 2693 non
1301 2640 1376 2708 (c)
1405 2640 1567 2697 fidere
1614 2647 1797 2700 seculo

204 2705 406 2776 fragili,
434 2721 490 2767 et
518 2730 666 2784 spem
692 2726 900 2776 tantum
929 2724 980 2778 in
1011 2713 1177 2781 Deois
1192 2705 1411 2797 ponere,
1434 2749 1593 2802 quem
1623 2737 1796 2795 solum
1820 2776 1823 2779 μ

199 2800 466 2857 amittere
487 2805 637 2859 inviti
663 2823 769 2863 non
799 2826 1103 2882 possumus,
1132 2818 1420 2874 salutarem
1449 2800 1551 2877 sibi
1581 2823 1798 2894 liliaque

196 2890 497 2945 scientiam
528 2894 732 2961 induit;
765 2908 823 2953 ut
851 2906 1128 2969 parvulum
1156 2923 1312 2962 suum
1339 2914 1655 2980 negligendo
1676 2890 1797 2971 dili-

180 2986 386 3044 geret,
418 2989 475 3033 et
519 2982 836 3043 dimittendo
866 2992 1145 3059 retineret,
1192 2997 1391 3056 lirmius
1432 3002 1676 3060 habitura
1703 3007 1795 3061 ab-

192 3075 433 3123 sentem
465 3086 626 3140 quem
669 3075 895 3135 Domino
941 3086 1394 3156 commendasset,
1445 3107 1606 3162 quam
1643 3112 1789 3153 com-

1907 1898 2120 1963 adjecit,
2153 1900 2292 1955 sicut
2324 1901 2630 1971 Salomoni,
2655 1908 2779 1974 quia
2810 1908 3124 1977 sapientiam
3152 1918 3337 1977 petere
3374 1909 3485 1963 ele-

1905 1989 2090 2055 gisset,
2123 1992 2285 2045 etiam
2334 2002 2544 2049 ceteras
2569 2012 2699 2065 opes
2728 2012 2861 2065 quas
2906 2014 3012 2052 non
3044 2004 3391 2067 poposcerat,
3417 1998 3485 2053 ob

1905 2076 2009 2133 hoc
2035 2078 2205 2148 ipsum
2235 2082 2359 2149 quia
2389 2099 2496 2137 non
2517 2084 2932 2150 desideraverat,
2958 2086 3185 2139 contulit
3214 2085 3259 2139 ι.
3294 2085 3483 2140 Remu-

1904 2175 2122 2223 neratus
2144 2169 2469 2225 intellectum
2504 2171 2598 2241 (V.
2632 2190 2719 2243 ep.
2745 2173 2832 2237 ΞΒ,
2867 2191 3012 2229 num.
3042 2173 3096 2244 2)
3128 2175 3346 2240 bonum,
3376 2190 3483 2243 quo

1904 2254 2101 2311 inlimis
2134 2274 2345 2314 summa
2374 2262 2711 2330 praetulerat,
2741 2263 2946 2318 minora
2974 2264 3265 2333 majoribus
3292 2279 3481 2335 super-

1900 2343 2054 2401 fudit.
2082 2346 2158 2402 Ita
2186 2349 2274 2404 ille
2323 2351 2517 2405 meruit
2548 2366 2828 2420 possessor
2874 2356 3110 2410 omnium
3154 2373 3315 2427 opum
3343 2355 3478 2421 fieri,

1899 2436 1992 2504 qui
2030 2451 2150 2492 esse
2195 2454 2522 2494 summarum
2565 2441 2766 2508 petitor
2811 2442 3067 2511 elegerat.
3099 2444 3219 2512 Quo
3266 2447 3480 2514 quidem

1906 2540 2097 2580 omnes
2117 2529 2368 2596 exemplo
2391 2528 2743 2583 admonemur
2769 2545 2979 2599 sapere,
3012 2549 3133 2587 cum
3155 2535 3407 2589 docemur
3435 2537 3477 2567 ἰ

1899 2614 2119 2683 eligere.
2159 2615 2365 2670 Minora
2408 2618 2550 2670 enim
2580 2618 2895 2685 majoribus,
2930 2630 2984 2673 et
3033 2623 3253 2675 summis
3301 2622 3480 2677 infima

1900 2703 2065 2766 bona,
2098 2703 2152 2757 id
2180 2712 2284 2770 est,
2336 2713 2551 2759 terrena
2592 2706 2900 2762 cmlestibus
2948 2718 3376 2778 anteponentes:
3426 2712 3480 2766 in

1902 2804 2116 2859 prunam
2162 2792 2339 2849 stulta:
2384 2792 2723 2862 cupiditatis,
2754 2797 2899 2849 omni
2929 2798 3228 2853 carebimus
3270 2806 3480 2855 summo

1900 2878 2061 2931 simul
2088 2888 2249 2949 atque
2276 2879 2459 2934 infimo
2480 2881 2658 2941 bono:
2688 2893 2740 2937 et
2764 2885 2851 2938 illa
2876 2886 3021 2954 juste
3049 2902 3155 2942 non
3188 2892 3474 2960 accepturi,

1899 2980 2020 3034 qua:
2043 2982 2149 3021 non
2165 2968 2640 3026 desideraveiiinus
2654 2989 2667 3035 ;
2683 2980 2736 3026 et
2765 2973 2878 3029 istis
2898 2976 3089 3031 merito
3108 2976 3475 3049 defraudandi,

1900 3070 2128 3122 quorum
2171 3072 2356 3112 amore
2385 3060 2549 3114 noxio
2579 3061 2787 3128 potiora
2819 3064 2889 3133 (ε)
2941 3066 3349 3132 neglexerimus.
3386 3068 3474 3124 Sic

184 3158 435 3227 'Pleura
464 3172 782 3229 pmemem
828 3171 873 3224 si
913 3172 1014 3227 sibi
1055 3146 1622 3240 ωθάεάίεεειίιιὶιῖἑᾷὶξι
1648 3146 1789 3257 1;},
1820 3171 1865 3235 C
1901 3152 2149 3245 ⁰¹.¹⁵⁸⁸θ¹“
2173 3146 2441 3257 “fa”?
2466 3150 2978 3257 ,Tcel’f‘ﬂbh‘“?
3172 3156 3397 3257 Ηηξθυπῖ
3426 3155 3472 3226 ¹ν

196 3249 521 3305 conditione
548 3268 654 3321 qua
680 3259 870 3326 potuit,
901 3262 1068 3319 Anna:
1094 3268 1290 3324 sterilis
1316 3270 1472 3329 fidele
1500 3284 1679 3331 votum
1712 3291 1735 3327 ες

201 3354 329 3393 nam
357 3347 414 3395 et
442 3342 601 3399 istam
631 3345 885 3405 damnosa
932 3352 1229 3413 fecunditas
1281 3364 1448 3419 sterili
1486 3370 1783 3436 proximam

202 3427 439 3497 fecerat;
481 3444 537 3489 et
586 3439 706 3495 talis
733 3442 869 3500 ellici
908 3459 1030 3516 post
1052 3462 1362 3511 evacuatam
1404 3427 1783 3522 fecunditatem

192 3520 424 3588 timens,
451 3528 626 3594 qualis
654 3531 743 3587 illa
773 3534 944 3593 fuerat
971 3549 1097 3596 ante
1123 3548 1470 3613 promeritam
1498 3550 1788 3611 fecundita-

202 3621 333 3679 tem,
382 3616 665 3678 diversum
699 3625 811 3693 Deo
838 3645 1032 3689 munus
1077 3636 1237 3693 simili
1265 3638 1532 3699 dedicavit
1569 3647 1779 3705 affectu.

201 3704 302 3804 ista
330 3707 407 3765 de
435 3721 587 3781 parto
617 3717 857 3791 pignore,
880 3725 967 3780 illa
995 3726 1062 3782 de
1089 3733 1440 3804 concipiendo
1472 3739 1519 3773 ³⁵
1534 3742 1778 3799 sollicita.

203 3794 292 3852 Illa
325 3809 391 3855 ut
414 3812 584 3861 mater
603 3823 721 3866 esse
750 3813 1027 3885 inciperet,
1057 3820 1170 3879 haec
1213 3794 1363 3903 is]
1395 3846 1463 3886 ne
1488 3848 1607 3890 esse
1634 3836 1779 3891 desi-

198 3900 377 3991 peret.
414 3896 566 3961 Quod
595 3901 639 3954 si
670 3903 793 3959 ideo
814 3907 1071 3968 dissimile
1088 3896 1376 3989 judicatur,
1403 3924 1525 3992 quia
1555 3943 1661 3981 non
1684 3929 1782 3983 hu-

204 3980 286 4049 jus
312 3984 384 4039 ita
417 3997 474 4041 ut
502 3988 643 4045 illius
681 3993 820 4052 filius
859 4000 912 4054 in
937 3980 1137 4072 templo
1158 3980 1435 4079 depositus
1453 4016 1653 4071 serviat
1681 4018 1783 4074 Do-

172 4073 347 4129 ‘mino
372 4073 425 4141 ει,
455 4080 630 4148 quiet
670 4087 860 4155 Opibus
913 4094 1078 4147 seculi
1129 4073 1310 4153 utatur
1352 4109 1407 4155 et
1445 4103 1780 4173 honoribus;

194 4170 385 4221 tamen
415 4183 446 4223 θ
471 4170 685 4230 diverso
708 4177 786 4247 (ά)
810 4185 1249 4251 compensatione
1273 4190 1486 4258 pietatis
1509 4195 1697 4250 etlidei
1714 4170 1784 4251 vi;

203 4252 355 4311 detur
370 4262 575 4327 aequari
610 4281 623 4316 :
653 4266 777 4333 quia
806 4268 921 4325 lucc
943 4261 1084 4327 idem
1114 4275 1180 4331 de
1200 4252 1488 4350 semetipsa
1519 4287 1783 4353 persolve-

207 4345 273 4398 rit
296 4346 552 4419 Domino,
573 4356 716 4423 quod
744 4359 975 4425 gloriosa
999 4363 1150 4421 Anna
1173 4367 1239 4423 de
1267 4345 1497 4428 filio-illi
1517 4345 1657 4430 enim
1688 4395 1779 4433 vo-

207 4435 338 4494 tivus
363 4440 585 4499 Samuel
615 4448 667 4502 in
697 4450 875 4518 plures
905 4465 1088 4524 partus
1108 4472 1291 4528 postea
1326 4478 1650 4535 repensatus'
1666 4482 1775 4539 est;

207 4526 319 4583 huic
341 4532 536 4589 unicus
558 4550 686 4594 suus
713 4552 918 4598 summa

207 4613 343 4673 illam
367 4624 628 4682 mandato
657 4613 1009 4701 primogenito
1035 4639 1087 4693 in
1108 4613 1338 4700 statione
1360 4652 1563 4721 templi,
1594 4663 1646 4708 et
1674 4658 1778 4713 alia

206 4706 341 4813 domi
370 4714 621 4786 pignora,
652 4729 706 4776 et
750 4723 915 4794 ipsius
942 4743 1261 4802 quamquam
1302 4706 1493 4796 sacrati
1524 4743 1635 4813 lilii,
1669 4765 1774 4805 non

208 4798 491 4875 longinqua
515 4819 690 4869 tamen
718 4816 968 4875 discretio
1000 4825 1079 4895 (id
1103 4798 1179 4881 est
1208 4828 1477 4889 distantia.

1894 3235 2021 3302 quia
2050 3243 2302 3305 prompte
2329 3237 2525 3291 obtulit
2546 3239 2892 3307 postulatum.
2926 3242 3147 3298 Suﬂccit
3172 3246 3217 3277 ⁸⁸
3248 3245 3473 3301 Domino

1891 3321 2212 3379 sacrificium
2240 3324 2457 3394 pietatis
2482 3327 2536 3380 in
2564 3329 2727 3384 corde
2748 3331 3063 3409 perfectum,
3088 3342 3145 3387 et
3166 3334 3238 3387 ob
3259 3334 3361 3390 hoc
3384 3335 3470 3388 in-

1890 3414 2153 3483 terposita
2198 3416 2372 3483 angeli
2402 3431 2562 3471 manu
2585 3417 2698 3485 jam
2722 3419 3018 3475 vibrantem
3047 3420 3323 3475 dexteram
3352 3437 3472 3491 per-

1890 3503 2096 3557 cussuri
2126 3504 2293 3572 patris
2323 3504 2618 3573 excipiens,
2648 3506 2885 3574 subjecit
2922 3508 3151 3563 victima:
3180 3524 3337 3564 ovem
3377 3523 3470 3564 su-

1888 3588 2004 3647 bito
2034 3601 2407 3661 praeparatam,
2442 3600 2501 3647 ut
2527 3608 2628 3648 nec
2656 3593 2770 3649 Deo
2795 3594 3005 3650 deforet
3030 3596 3225 3660 boetia,
3258 3613 3357 3653 nec
3385 3614 3471 3669 pa~

1889 3682 1959 3736 tri
1981 3681 2137 3737 illius.
2157 3678 2327 3736 Simul
2350 3691 2409 3736 ut
2426 3683 2737 3753 mysterium
2761 3684 2814 3738 in
2836 3675 3050 3742 Christo
3072 3688 3467 3757 complendum,

1889 3780 2157 3840 quatenus
2205 3773 2360 3843 ιδῃ
2390 3773 2604 3842 imagini
2651 3774 2864 3841 licebat,
2898 3776 2951 3830 in
2978 3775 3126 3833 Isaac
3152 3781 3467 3845 exercitum,

1888 3858 1942 3914 in
1972 3861 2140 3915 ariete
2182 3860 2538 3929 formaretur;
2568 3879 2690 3918 cum
2719 3873 2775 3917 et
2804 3878 2977 3933 agnus
3015 3866 3105 3921 ille
3143 3868 3210 3922 ad
3246 3868 3470 3925 formam

1887 3948 2183 4007 Salvatoris
2210 3951 2265 4005 in
2312 3949 2547 4022 Aigypto
2588 3961 2775 4020 postea
2805 3953 3163 4010 immolandus
3186 3965 3249 4017 ιιι,
3276 3956 3388 4023 jam
3418 3959 3470 4011 in

1887 4039 1967 4093 sui
2010 4039 2223 4105 generis
2261 4054 2458 4108 pecore
2509 4040 2955 4108 prmtenderetur,
2990 4043 3094 4096 hoc
3145 4051 3259 4109 est,
3311 4046 3363 4099 in
3405 4061 3470 4102 eo

1888 4125 2060 4180 ariete
2088 4126 2177 4195 qui
2208 4141 2307 4194 pro
2338 4125 2485 4183 Isaac
2533 4128 2773 4181 occurrit
2821 4129 2873 4182 in
2925 4130 3219 4194 victimam,
3270 4140 3328 4185 ut
3373 4148 3469 4201 pro

1887 4212 2104 4271 Christo
2153 4213 2207 4267 in
2255 4213 2477 4282 figuram
2518 4225 2887 4284 praecurreret.
2912 4216 3097 4285 Itaque
3125 4220 3266 4275 aries
3292 4220 3366 4275 illi
3392 4222 3468 4277 in-

1884 4313 2079 4359 ventus
2125 4311 2226 4369 est,
2252 4303 2339 4359 cui
2368 4317 2475 4358 non
2505 4303 2805 4359 debebatur
2824 4321 3031 4365 summa
3052 4310 3290 4379 mysterii
3324 4328 3336 4362 :
3378 4312 3470 4373 sed

1886 4394 1976 4450 ille
2029 4394 2236 4450 occisus
2290 4400 2394 4460 est,
2423 4394 2510 4449 cui
2556 4394 2938 4453 reservabatur
2980 4395 3240 4467 perfectio
3286 4414 3470 4457 sacra-

1885 4484 2068 4539 menti.

953 4556 1222 4618 partuum,
1258 4550 1374 4608 finis
1394 4556 1628 4616 luctuum
1658 4564 1772 4621 fuit.
1807 4540 1854 4601 θ
1956 4575 2041 4630 10.
2074 4574 2237 4629 Multa
2261 4575 2334 4631 illi
2364 4583 2420 4629 et
2448 4575 2503 4629 in
2531 4574 2700 4646 ipsius
2727 4575 2887 4645 hujus
2923 4576 3126 4633 militia:
3154 4578 3471 4637 rudimentis

1882 4666 2143 4723 adversus
2171 4667 2218 4698 ’³
2242 4666 2531 4721 draconem
2564 4667 2799 4722 invidum
2820 4667 2969 4725 fuere
2989 4672 3280 4729 certamina
3316 4691 3328 4725 :
3362 4690 3467 4731 non

1881 4756 2021 4812 enim
2042 4770 2197 4825 passa
2220 4764 2305 4811 est
2325 4755 2472 4811 lividi
2494 4757 2663 4811 hostis
2692 4756 2890 4813 invidia
2916 4758 3055 4813 lacili
3084 4760 3229 4815 illam
3273 4770 3329 4817 et
3368 4780 3467 4834 pa-

1880 4854 2002 4902 cato
2024 4845 2172 4901 abire
2197 4845 2468 4915 digressu;
2500 4845 2596 4901 sed
2620 4855 2732 4901 tota
2749 4848 3005 4905 nobilium
3035 4852 3471 4921 propinquorum

274 4934 299 4961 "
328 4925 488 4984 Deut.
518 4948 683 4999 nm,
705 4935 804 5003 59;
835 4936 972 4994 Psal.
1005 4959 1182 5011 Lxxvi,
1220 4949 1301 5004 10.
1378 4950 1405 4991 ιι
1434 4955 1599 5064 Apoc,
1633 4974 1708 5027 ιη,
1746 4963 1791 5017 ιε

274 5009 308 5064 L9
350 4997 452 5064 1θ,
487 5010 542 5056 Cl
598 5021 684 5064 XV,
885 5012 1092 5064 °Pr0v.
1142 5034 1224 5064 111-
1278 5021 1357 5064 η.
1531 5026 1642 5064 μηιι
1709 5049 1778 5064 ν..

1910 4976 1934 5004 ο
1972 4964 2091 5018 Act.
2124 4979 2199 5027 111,
2231 4962 2285 5018 8.
2359 4962 2386 5003 ά
2416 4963 2607 5018 Johan.
2642 4981 2693 5031 ν,
2722 4965 2807 5033 l7,
2838 4977 2894 5023 et
2920 4984 2997 5037 is,
3028 4969 3082 5036 4,
3114 4980 3169 5026 et
3194 4987 3247 5037 ι,
3277 4970 3366 5035 25,
3415 4980 3465 5026 et

1905 5052 1917 5063 .
1958 5033 2097 5064 Δηηη
2164 5049 2221 5064 ..ι
2283 5034 2348 5064 ιο
2447 5033 2512 5064 cl
2551 5032 2662 5064 Ωιι..
2721 5052 2739 5064 .
2794 5039 2848 5064 ιι
2958 5037 2980 5064 1.
3019 5040 3038 5064 ι
3096 5039 3208 5064 ι)-..
3280 5057 3335 5064 .--
3421 5046 3434 5064 ι

210 5000 308 5079 111.ζ
350 4997 452 5079 l_0,
487 5010 542 5056 et
584 4997 684 5079 _x_v,
885 5020 908 5048 °
937 4997 1104 5069 Prov.
1141 4997 1197 5072 ii.
1211 4997 1237 5079 ξ
1255 4997 1361 5077 12.

218 5062 553 5162 1391.313,
557 5161 561 5162 ί
579 5062 713 5162 esi.
744 5076 758 5127 i
798 5062 1115 5162 cch'Ii'e
1138 5062 1375 5159 ξ’ἒριὶιέ.
1412 5111 1463 5148 111
1482 5062 1504 5162 ἡ,
1527 5062 1623 5153 ἓὸἶ

212 5147 331 5191 xxu.
414 5149 450 5177 ω
489 5142 661 5201 Exod.
690 5162 783 5219 xu,
814 5150 866 5206 5.

246 5255 766 5352 ϋςμζῖξίελξξςκἏᾳ
793 5265 920 5322 edit.
950 5268 1078 5352 Rati.
1112 5283 1165 5329 et
1188 5274 1372 5344 Crav.,
1403 5280 1632 5341 luctuosa
1667 5302 1779 5341 am-

212 5318 453 5396 bitu.Ed.
484 5318 640 5385 Grin‘.’
659 5318 1074 5396 (uetuerit—70E};

274 5393 361 5483 ἔρ).
390 5396 467 5483 Ita
482 5405 825 5483 reposuimus
866 5424 933 5464 ex
965 5393 1087 5467 mss.
1108 5415 1381 5474 codicibus
1401 5419 1524 5477 Vat.
1546 5433 1603 5480 et
1620 5426 1774 5483 Vien.

212 5461 325 5529 Alii,
356 5461 597 5526 salutare.

160 5601 167 5610 _
280 5538 349 5605 Ic)
386 5536 477 5595 Sic
511 5547 857 5623 _eme_ndatum
894 5567 976 5623 ex
1023 5569 1122 5609 ms.
1161 5555 1413 5615 Vaticano
1456 5564 1660 5620 codice.
1701 5565 1779 5623 Ita

211 5615 420 5725 usque
460 5613 589 5669 editi
619 5614 790 5685 om,
822 5620 1005 5675 Schol.
1034 5632 1087 5677 et
1116 5613 1778 5703 Latiniuszii'i'ééaicé's',

282 5691 366 5728 ,η
1351 5706 1357 5716 .

143 5758 162 5781 ο
281 5746 353 5819 (ἀρ
379 5748 454 5805 Ita
481 5759 811 5817 correximus
835 5762 976 5819 iuxta
998 5764 1286 5821 editionem
1307 5765 1455 5827 Grin.
1484 5771 1785 5836 faventibus

853 5931 931 5944 ne.

1527 5026 1661 5085 θυι).
1707 5049 1778 5088 xu
1806 5036 1919 5101 ,6;
1947 5033 2116 5105 Apoc.
2164 5026 2366 5096 111,19.
2447 5033 2513 5087 ει
2550 5026 2739 5158 Regii

1536 5097 1623 5153 20.
1703 5101 1725 5139 ¹ί
1758 5104 1800 5158 ll
1828 5104 1949 5158 Par.
1981 5121 2027 5158 1.
2069 5101 2161 5158 lO:
2201 5102 2265 5157 ili
2294 5103 2425 5158 Rea.
2468 5120 2556 5158 111.
2596 5104 2631 5157 2
2679 5146 2693 5158 .

1703 5101 1725 5139 ¹ί
1758 5104 1800 5158 ll
1828 5104 1949 5159 Par.
1981 5101 2027 5170 ι’,
2069 5101 2161 5168 10;
2201 5102 2265 5157 ili
2294 5103 2425 5175 Reg.
2468 5120 2556 5166 ut,
2596 5101 2693 5171 23;
2741 5105 2867 5177 Sap.
2901 5123 2999 5173 vn,
3030 5111 3117 5165 11.

2742 5039 2878 5110 ,_ll.
2956 5037 3039 5094 ιιι
3096 5039 3227 5110 Reg.
3279 5057 3355 5107 111,
3418 5046 3495 5093 1.

3210 5111 3223 5148 ¹
3268 5110 3460 5165 Cenes.

1882 5303 1994 5369 ms;
2016 5288 2295 5369 Vaticano,
2328 5290 2516 5369 in_quo
2544 5297 3025 5369 compensatione...
3059 5297 3258 5351 videtur
3293 5314 3459 5369 aqua,

1884 5356 2229 5448 etJSacchino
2253 5361 2343 5444 qui
2393 5356 2674 5448 legendum
2709 5375 2920 5448 censet,
2976 5356 3458 5448 compensatione...

1885 5428 2120 5484 videatur
2148 5428 2362 5518 wquﬂri.
2393 5428 2681 5489 verissima
2709 5436 2883 5518 lectio
2904 5428 3076 5518 :q-uam
3089 5428 3457 5518 Lrestituinius,

1924 5513 2111 5568 uaeque
2131 5499 2504 5589 ιξξὸηίὶικηιθῑιιιο
2528 5519 2593 5558 ex
2623 5499 3060 5589 prmcedentibus.
3087 5503 3214 5589 diss.
3248 5507 3457 5589 codices

1924 5513 2111 5568 uaeque
2157 5513 2504 5556 conurmatur
2528 5519 2593 5558 ex
2623 5513 3060 5584 prmcedentibus.
3087 5513 3214 5557 Mss.
3248 5513 3456 5589 codices

1884 5513 2020 5655 ᾖδε.
2047 5577 2104 5625 et
2131 5567 2310 5636 Ἥρη..
2341 5575 2868 5655 compensationem...
2896 5572 3009 5655 inde
3045 5574 3329 5655 adaquari.
3360 5576 3456 5635 Ed.

1890 5638 2570 5724 Βοενη-ςονηρξηιαιὶοὶι-ςιῃ
2582 5644 2758 5722 yideat
2786 5644 2979 5724 aequari
2996 5682 3011 5705 ,
3044 5638 3316 5703 mendose.

1965 5712 2036 5768 le)
2077 5708 2364 5782 Mss.‘Reg.
2400 5720 2455 5767 et
2475 5712 2670 5780 Vatic.,
2700 5708 3003 5784 negliginm
