4078 6352
581 461 683 516 519

1705 457 1761 512 S.
1803 453 2071 510 PAULINI
2110 452 2356 509 NOLANI
2395 448 2691 508 EPISCOPI

3739 454 3860 513 seu

578 576 816 647 potentia
830 575 894 631 ad
913 572 1245 631 retinendum
1266 580 1496 639 armata,
1520 537 1851 643 prppositum
1874 566 2150 639 impedire,
2182 569 2227 627 Λ
2257 567 2534 639 Neapolim
2557 566 2600 598 '°
2620 566 2808 621 urbem
2835 562 2983 620 brevi
3012 564 3188 636 spatio
3225 581 3256 620 a
3285 564 3487 622 Nolana
3507 608 3524 635 ,
3562 581 3673 637 qua
3698 565 3856 639 Aegi.

554 656 557 661 ί
577 678 634 724 et
654 670 798 725 eunti
820 670 1034 723 obstare
1055 673 1280 721 conatus
1302 672 1406 720 est.
1430 663 1536 720 Sed
1560 664 1648 718 illa
1670 663 1711 695 "
1736 662 1874 717 ultra
1901 661 2152 715 virtutem

577 742 928 815 tentaiionutii
952 758 1062 828 jam
1092 758 1421 823 confortata,
1451 757 1526 828 (a)
1558 764 1613 812 et
1633 770 1892 826 corporea
1912 762 1969 810 et
1996 752 2159 824 pieta-

579 853 648 906 tis
679 852 904 915 vincula,
938 859 993 905 et
1022 865 1214 906 navem
1264 849 1473 905 cunctis
1508 845 1759 903 ﬂentibus
1799 846 1919 900 lmta
1951 843 2111 900 solvit
2139 860 2151 895 :

574 953 990 1013 constanterque
1019 959 1307 1013 congressa
1347 942 1592 997 ﬂuctibus
1638 940 1820 1004 maris,
1853 955 1920 994 ne
1949 945 2155 993 tantum

573 1036 736 1091 seculi
764 1034 954 1091 ﬂuctus
1004 1037 1264 1102 vinceret,
1296 1034 1598 1101 navigavit;
1630 1040 1685 1086 et
1728 1030 1886 1085 simul
1912 1028 2155 1084 seculum

573 1127 867 1197 orbemque
912 1119 1281 1194 commutans,
1309 1124 1494 1178 urbem
1545 1121 1876 1177 Hierusalem
1931 1118 2156 1188 spiritali

571 1215 740 1281 dono,
761 1217 824 1270 in
850 1233 955 1287 qua
985 1232 1014 1270 a
1042 1230 1270 1285 corpore
1296 1213 1744 1285 peregrinaretur,
1777 1211 1955 1277 elegit,
2006 1208 2157 1264 exsul

556 1309 788 1373 ’civium,
823 1317 879 1364 et
912 1310 1044 1364 civis
1070 1307 1256 1363 eﬂ‘ecta
1305 1316 1612 1362 sanctorum
1656 1313 1702 1357 ⁸.
1754 1301 2053 1357 Prudenter
2101 1309 2157 1355 et

572 1409 757 1455 sancte
788 1402 841 1454 in
890 1401 988 1455 ista
1015 1400 1184 1455 voluit
1212 1399 1415 1454 servire
1442 1412 1562 1467 qua:
1613 1396 1796 1463 servit,
1848 1402 1906 1449 ut
1956 1395 2011 1448 in
2067 1393 2156 1448 illa

569 1493 739 1563 possit
764 1490 989 1561 regnare
1018 1506 1137 1562 quae
1166 1490 1333 1546 libera
1356 1499 1456 1545 est.

640 1582 742 1640 HJ
769 1582 845 1637 De
890 1582 1070 1636 multis
1120 1590 1295 1635 tamen
1348 1581 1403 1634 in
1442 1579 1529 1637 illa
1558 1577 1843 1633 virtutibus
1869 1576 1964 1631 Dei
1994 1592 2154 1632 unam

567 1674 779 1737 saltem,
805 1672 872 1728 de
900 1689 1004 1743 qua
1025 1673 1142 1742 ejus
1170 1672 1348 1727 omnia
1369 1670 1699 1725 aestimentur
1719 1684 1882 1739 opera
1914 1670 1988 1751 f’,
2021 1684 2156 1739 prte-

567 1765 778 1822 dicabo.
830 1752 1095 1837 Tempore
1132 1766 1225 1819 illo
1280 1764 1537 1828 Valentis,
1587 1761 1810 1831 quando
1859 1759 2153 1817 Ecclesiam

566 1853 661 1911 Dei
682 1857 787 1911 vivi
816 1848 964 1912 furor
985 1857 1302 1911 Arianorum
1323 1868 1449 1922 rege
1473 1855 1588 1924 ipso
1609 1852 1899 1922 impietatis
1924 1853 2153 1907 satellite

2258 677 2396 724 mus,
2454 661 2673 717 civitate
2699 658 3001 715 distinctam
3032 660 3117 732 (id
3142 668 3220 715 est
3265 659 3587 731 distantem)
3614 661 3855 718 advecta

2258 762 2362 821 est,
2390 753 2478 808 ubi
2516 751 2744 808 ﬁliorum
2771 761 3132 825 nepotumque
3170 768 3395 831 occursu
3441 762 3694 826 excepta,
3719 771 3855 811 mox

2260 846 2447 901 Nolam
2477 846 2543 901 ad
2592 847 2907 903 humilitatis
2952 854 3150 903 nostra:
3183 847 3481 923 hospitium
3521 846 3797 903 festinavit
3833 866 3850 903 :

2259 953 2368 1009 quo
2397 938 2552 993 nobis
2581 939 2799 994 advenit
2825 940 3115 995 ambitioso
3152 939 3536 996 ditissimorum
3558 942 3851 1011 pignorum

2258 1029 2454 1085 vallata
2475 1030 2751 1085 comitatu.
2785 1030 3023 1085 Vidimus
3044 1031 3269 1099 gloriam
3298 1024 3512 1086 Damini
3540 1031 3595 1086 in
3618 1030 3712 1086 illo
3733 1047 3852 1086 ma-

2259 1122 2356 1177 tris
2367 1131 2422 1177 et
2441 1121 2510 1192 (ε)
2526 1122 2754 1176 ﬁliorum
2781 1121 3212 1190 itinere'quidem
3242 1138 3349 1177 uno
3365 1121 3429 1185 ³¹,
3449 1121 3546 1177 sed
3574 1121 3738 1192 longe
3759 1121 3849 1177 di-

2260 1215 2403 1284 spari
2425 1214 2605 1279 cultu;
2642 1229 2824 1269 macro
2859 1214 3001 1268 illam
3031 1200 3097 1269 et
3116 1214 3305 1269 viliore
3332 1214 3511 1270 asellis
3530 1215 3723 1271 burico
3746 1214 3846 1286 (γ.

2243 1303 2373 1362 ἠοι.
2401 1306 2523 1378 150)
2554 1307 2829 1362 sedentem
2849 1315 2964 1363 tota
2994 1307 3151 1377 hujus
3177 1308 3343 1364 seculi
3363 1324 3582 1380 pompa,
3609 1325 3718 1379 qua
3746 1308 3850 1364 ho-

2260 1400 2433 1453 norati
2460 1407 2513 1453 et
2538 1400 2775 1469 opulenti
2796 1407 3047 1469 poterant
3077 1398 3371 1455 circumﬂui
3414 1409 3699 1456 senatores
3720 1416 3849 1471 pro-

2246 1488 2642 1556 sequebantur,
2674 1489 2909 1545 carrucis
2965 1490 3306 1555 nutantibus,
3336 1478 3634 1560 phaleratis
3669 1492 3842 1561 equis,

2258 1579 2457 1634 auratis
2483 1581 2719 1650 pilentis,
2738 1589 2792 1637 et
2811 1584 3079 1653 carpentis
3107 1583 3368 1653 pluribus,
3393 1592 3644 1653 gemente
3670 1584 3843 1655 Appia

2259 1672 2337 1743 (id
2360 1683 2436 1726 est
2465 1672 2546 1727 via
2578 1675 2769 1745 Appia)
2817 1682 2981 1745 atque
3028 1675 3263 1745 fulgente
3296 1696 3308 1730 :
3334 1678 3845 1748 sedsplendoﬁbts

2256 1764 2505 1820 vanitatis
2550 1766 2877 1835 prmlucebat
2918 1764 3236 1822 Christiana:
3282 1769 3602 1826 humilitatis
3648 1771 3837 1839 gratia.

2256 1843 2684 1909 i’ldmirabantur~
2714 1855 2908 1910 divites
2958 1873 3247 1927 pauperem
3290 1866 3532 1914 sanctam
3566 1878 3579 1913 :
3624 1869 3680 1915 at
3727 1861 3844 1915 illos

566 1950 1011 2021 persequebatur,
1038 1949 1151 2004 haec
1187 1956 1304 2002 erat
1330 1947 1579 2017 princeps
1607 1944 1692 1999 vel
1719 1944 1988 2015 particeps
2030 1960 2161 1999 cun-
2196 1948 2235 2006 Β
2266 1957 2448 2003 nostra
2471 1950 2755 2019 pauperies
2782 1932 3007 2004 ridebat.
3033 1950 3273 2006 Vidimus
3308 1939 3523 2020 dignam
3553 1952 3669 2007 Deo
3686 1953 3841 2021 hujus

566 2043 666 2098 ctis
690 2058 788 2114 pro
832 2042 935 2098 ﬁde
980 2041 1301 2097 instantibus
1325 2040 1391 2094 ‘°.
1442 2038 1564 2095 Haec
1608 2037 1817 2106 fugatos
1840 2038 2151 2109 recipiebat,

564 2142 657 2190 aut
684 2136 1050 2205 apprehensos
1095 2133 1453 2189 comitabatur
1484 2149 1495 2184 :
1529 2131 1624 2186 sed
1653 2146 1774 2187 cum
1797 2148 1893 2187 eos
1922 2132 2157 2202 recepiso

564 2235 647 2281 set
670 2227 722 2280 in
747 2227 1028 2292 latebram,
1059 2224 1151 2296 qui
1178 2232 1401 2293 propter
1439 2218 1907 2298 insignemﬁdem,
1949 2222 2155 2291 majore

565 2326 624 2372 et
670 2317 1048 2372 haereticorum
1077 2315 1200 2371 odio
1230 2312 1638 2377 infestabantur,
1671 2320 1726 2368 et
1770 2314 2154 2369 occultantium

567 2407 643 2478 (ὁ)
666 2406 1050 2474 detegebantur
1071 2404 1292 2471 invidia,
1315 2404 1463 2472 gravi
1494 2411 1620 2458 tunc
1642 2403 1904 2459 seditione
1925 2403 2149 2459 diaboli-

520 2503 525 2507 ’
573 2497 653 2552 cis
682 2496 885 2553 facibus
912 2496 1259 2560 inﬂammata,
1289 2496 1440 2564 quasi
1469 2503 1657 2550 contra
1685 2495 1857 2564 legem
1885 2496 2151 2566 publicam

567 2597 864 2644 contumax
893 2588 1137 2659 protrahi
1161 2604 1224 2643 ac
1252 2588 1364 2657 pati
1387 2586 1533 2655 jussa
1562 2595 1794 2656 est,qu:e
1816 2587 1935 2642 illos
1963 2603 2152 2643 mane-

563 2680 711 2747 bant,
736 2681 839 2735 nisi
884 2680 1112 2751 prodere
1140 2679 1435 2734 maluisset.
1467 2677 1736 2733 Processit
1764 2678 2029 2748 impavide
2056 2695 2151 2734 cu-

564 2771 686 2842 pida
732 2772 1017 2841 passionis,
1075 2778 1130 2827 et
1176 2770 1370 2840 injuria
1424 2771 1803 2842 publicationis
1845 2770 2149 2836 exsultans,

563 2862 808 2929 quamvis
835 2878 944 2918 non
964 2868 1327 2933 exspectasset
1356 2861 1515 2927 trahi,
1549 2869 1814 2917 tracturos
1840 2860 2153 2916 antevolans

564 2951 632 3006 ad
655 2951 891 3021 judicem
922 2971 934 3006 :
964 2954 1057 3022 qui
1084 2951 1339 3008 confusus
1358 2953 1704 3007 veneratione
1724 2953 2017 3021 praesentis,
2042 2967 2152 3006 non

564 3053 851 3100 exsecutus
899 3054 982 3100 est
1037 3044 1362 3099 inﬁdelitatis
1408 3045 1564 3108 iram,
1593 3043 1720 3098 dum
1764 3043 1886 3098 ﬁdei
1931 3043 2154 3098 miratur

564 3137 864 3194 audaciam.
904 3137 1103 3194 Eadem
1134 3145 1455 3208 tempestate
1493 3152 1592 3207 per
1636 3136 1868 3191 triduum
1915 3137 2152 3207 quinque
2182 3215 2186 3218 i

564 3228 730 3283 millia
760 3229 1150 3285 monachorum
1193 3228 1472 3284 latentium
1501 3228 1727 3299 panibus
1753 3228 1863 3283 suis
1898 3229 2063 3297 pavit,
2094 3236 2154 3282 ut

2257 2039 2441 2093 mundi
2482 2039 2881 2108 confusionem,
2913 2057 3259 2112 purpuream,
3290 2042 3538 2107 sericam,
3571 2053 3840 2104 auratam—

2256 2146 2361 2200 que
2388 2132 2774 2201 supellectilem
2804 2132 2995 2202 pannis
3032 2133 3311 2199 veteribus,
3328 2142 3383 2188 et
3410 2133 3575 2201 nigris
3604 2134 3841 2187 servien-

2258 2233 2384 2277 tem.
2419 2223 2795 2279 Benediximus
2820 2224 3126 2291 Dominum,
3156 2224 3245 2293 qui
3275 2224 3492 2278 Immites
3532 2233 3582 2277 et
3616 2224 3840 2279 excelsos

2256 2316 2383 2386 facit
2415 2315 2491 2386 (d)
2518 2317 2775 2385 sapientes
2810 2326 2854 2381 ε,
2878 2317 3159 2370 esurientes
3187 2316 3363 2387 implet
3387 2317 3551 2383 tionis,
3582 2325 3634 2371 et
3664 2317 3838 2370 diuites

2256 2404 2466 2458 dimittit
2495 2406 2673 2459 inanes
2708 2403 2751 2460 τ.
2794 2404 2850 2460 In
2882 2407 2997 2463 istis
3027 2415 3206 2461 tamen
3255 2407 3513 2462 divitibus
3539 2406 3729 2462 eadem
3755 2407 3840 2462 die

2255 2493 2322 2547 de
2348 2495 2604 2549 maternis
2639 2495 2798 2551 bonis
2836 2511 3124 2566 pauperem
3170 2497 3414 2567 spiritum
3459 2498 3839 2568 stupebamus,

2255 2584 2345 2651 qui
2387 2584 2556 2652 magis
2599 2595 2783 2640 sancta
2826 2588 3014 2642 matris
3060 2587 3238 2658 inopia
3290 2603 3451 2657 quam
3506 2604 3605 2643 sua
3652 2588 3840 2643 visibili

2255 2674 2584 2730 abundantia
2632 2677 3019 2746 gloriabantur.
3048 2677 3279 2749 ldipsum
3310 2689 3488 2735 autem
3529 2681 3702 2750 gloria
3733 2679 3840 2735 Do-

2256 2770 2386 2824 mini
2416 2769 2698 2826 videbatur
2717 2774 2949 2843 operari,
2977 2773 3118 2843 quod
3150 2775 3386 2843 egenulaz
3413 2783 3615 2830 nostra:
3633 2775 3840 2831 divitias

2257 2859 2310 2912 in
2339 2858 2455 2927 ejus
2484 2856 2606 2914 ﬁliis
2635 2861 3005 2929 intuebamur;
3040 2873 3098 2918 ut
3135 2863 3247 2932 jam
3274 2864 3399 2919 hinc
3445 2864 3677 2920 fructum
3721 2864 3837 2921 ﬁdei

2254 2966 2365 3005 sua:
2386 2960 2624 3022 caperet,
2657 2968 2778 3007 cum
2798 2954 3077 3010 victoriam
3100 2969 3250 3009 suam
3279 2955 3346 3009 de
3374 2954 3534 3024 hujus
3557 2957 3729 3013 seculi
3755 2971 3838 3012 va-

2255 3043 2424 3099 nitate
2464 3044 2578 3114 ipsa
2607 3044 2965 3115 despectaret,
2998 3046 3242 3100 cominus
3271 3044 3459 3101 videns
3492 3047 3674 3102 omnia
3720 3062 3837 3117 quae

2255 3132 2477 3205 propter
2505 3135 2774 3191 Christum
2803 3137 3120 3205 reliquerat,
3146 3145 3201 3192 et
3230 3145 3578 3195 contemnere
3609 3140 3681 3210 (ε)
3720 3156 3842 3211 per-

2254 3235 2549 3283 severarat.
2593 3226 2671 3282 llli
2699 3228 2932 3294 sericali,
2966 3239 3021 3283 et
3048 3242 3147 3298 pro
3176 3244 3275 3285 suo
3303 3230 3527 3299 quisque
3552 3245 3688 3284 sexu
3717 3237 3845 3299 toga

565 3336 664 3391 per
690 3320 807 3390 ejus
851 3336 1069 3376 manum
1125 3321 1317 3375 iterum
1374 3319 1632 3374 Dominus
1677 3317 1833 3373 Jesus
1869 3319 2151 3389 pristinum
2179 3334 2223 3397 ο
2257 3328 2349 3373 aut
2399 3320 2538 3375 stola
2585 3319 2728 3375 soliti
2775 3319 3057 3389 splendere
3109 3320 3233 3389 lilii,
3263 3336 3493 3377 crassam
3518 3320 3663 3375 illam
3690 3322 3847 3377 velut

565 3428 846 3469 numerum
873 3414 928 3469 in
975 3413 1191 3469 deserto
1233 3420 1477 3483 pasceret
1504 3410 1552 3478 ι),
1587 3418 1737 3465 tanto
1783 3409 1998 3480 quidem
2027 3419 2153 3465 tunc

565 3505 894 3575 impensiore
936 3506 1220 3562 clementia
1241 3547 1254 3570 ,
1284 3513 1487 3575 quanto
1518 3505 1728 3559 minore
1757 3503 1970 3559 licentia
1999 3503 2151 3559 fove-

564 3594 765 3650 bantur
792 3598 1008 3665 occulti,
1031 3584 1205 3666 quam
1223 3597 1298 3651 illi
1336 3596 1630 3666 quondam,
1654 3596 1746 3665 qui
1775 3596 1840 3650 ad
1869 3596 2150 3651 Dominum

567 3684 868 3740 voluntarie
897 3687 951 3740 in
974 3686 1222 3741 libertate
1247 3694 1303 3741 et
1329 3702 1461 3757 pace
1489 3694 1872 3741 convenerant.
1906 3686 2011 3742 Sed
2040 3687 2153 3743 haec

568 3789 672 3830 nec
694 3776 877 3831 timida
906 3779 1059 3848 183
1081 3778 1429 3847 deprehendi,
1454 3778 1793 3833 interdictum
1814 3793 2000 3833 secura
2026 3793 2156 3849 prae-

568 3863 732 3919 bebat
761 3864 1023 3933 oﬂicium;
1057 3882 1159 3921 nec
1185 3867 1375 3922 volens
1415 3867 1584 3934 gloria
1612 3868 1939 3938 operationis
1968 3869 2045 3937 (id
2078 3878 2155 3923 est

567 3955 938 4028 eleemosynm.
974 3957 1037 4012 V.
1070 3966 1186 4012 not.
1211 3957 1301 4028 9|)
1326 3958 1566 4027 agnosci,
1603 3966 1784 4014 tamen
1830 3959 2010 4029 operis
2038 3975 2154 4014 ma-

565 4048 847 4116 gnitudine
876 4050 1208 4121 prodebatur
1239 4068 1251 4103 :
1297 4048 1520 4104 totidem
1551 4050 1690 4120 apud
1720 4050 1964 4106 homines
2005 4048 2155 4107 testis

563 4140 761 4195 moniis
786 4140 1054 4209 gloriosa,
1085 4151 1217 4211 quot
1245 4141 1413 4211 pastis
1460 4140 1572 4196 Deo
1600 4141 1836 4196 conscia.
1867 4140 2004 4208 Quid
2041 4142 2153 4197 haec

563 4232 991 4300 meritiihabeant
1012 4235 1057 4265 ³⁷
1078 4233 1438 4288 aestimemus?
1455 4230 1588 4286 Cum
1617 4232 1669 4286 in
1689 4232 1915 4286 historia
1939 4232 2153 4300 Regno-

564 4335 682 4374 rum
706 4321 794 4376 ille
824 4324 1146 4388 celebretur,
1177 4323 1268 4394 qui
1298 4323 1640 4379 absconditos
1666 4325 1732 4378 ab
1762 4326 1839 4378 ira
1869 4340 2022 4394 teque
2049 4325 2149 4379 im-

564 4411 640 4480 pii
684 4414 823 4480 regis
850 4422 1067 4468 centum
1098 4414 1243 4468 viros
1268 4413 1364 4468 Dei
1392 4413 1540 4482 pavit
1565 4425 1585 4453 ε
1609 4456 1623 4481 ,
1671 4413 2019 4468 dubitandum
2047 4424 2148 4477 est,

566 4500 705 4556 hanc
733 4503 784 4557 in
814 4520 977 4574 Opere
1006 4505 1167 4560 simili
1196 4520 1339 4573 saepe
1365 4504 1558 4559 millies
1585 4505 1728 4559 hunc
1757 4520 2035 4559 numerum
2057 4520 2149 4560 su-

566 4608 901 4663 pergressam
927 4596 1156 4651 fructum
1186 4596 1374 4651 fecisse
1403 4594 1754 4649 centesimum
1804 4592 1850 4647 ἀ.

639 4683 726 4738 12.
758 4684 983 4755 Reliqua
1014 4702 1156 4741 nunc
1184 4686 1299 4755 ejus
1327 4686 1544 4754 negotia
1574 4700 1639 4739 ac
1667 4694 1909 4754 tempora
1951 4686 2147 4740 transi-

2253 3413 2453 3483 spartei
2473 3412 2717 3467 staminis
2746 3413 3010 3479 tunicam;
3052 3421 3107 3467 et
3120 3414 3221 3468 vile
3240 3412 3513 3484 palliolum
3539 3412 3849 3481 gaudebant

2254 3518 2417 3557 manu
2469 3511 2707 3571 tangere,
2759 3501 2916 3573 185.
2943 3511 2998 3558 et
3055 3504 3374 3559 vestimenta
3412 3519 3506 3559 sua
3534 3503 3851 3574 vellet-ibis,

2256 3611 2408 3661 auro,
2443 3604 2558 3651 arte
2585 3596 2841 3666 pretiosa,
2874 3595 3101 3666 pedibus
3128 3595 3245 3665 ejus
3295 3596 3664 3661 substernere,
3705 3612 3850 3667 pan-

2257 3686 2446 3757 nisque
2489 3687 2557 3760 (Ῑ)
2588 3695 2869 3744 conterere
2897 3688 3232 3757 gestiebant;
3259 3682 3467 3757 expiari
3487 3701 3548 3743 se
3575 3703 3606 3742 a
3635 3687 3848 3744 divitia-

2255 3783 2373 3835 rum
2400 3795 2618 3835 suarnm
2640 3780 2891 3849 contagio
2915 3779 3241 3849 judicantes,
3256 3780 3301 3836 si
3321 3772 3482 3850 quam
3498 3780 3570 3836 de
3589 3780 3849 3837 vilissima

2255 3871 2372 3941 ejus
2428 3872 2642 3939 habitu,
2676 3880 2772 3926 aut
2825 3872 3053 3941 vestigio
3108 3871 3323 3928 sordem
3366 3872 3624 3942 colligere
3670 3888 3847 3930 mem-

2256 3970 2459 4018 rentur.
3248 4028 3253 4033 Ξ

2332 4053 2418 4107 15.
2455 4053 2748 4122 Tugurium
2770 4070 2900 4110 vero
2930 4064 3193 4124 nostrum,
3216 4055 3360 4126 quod
3386 4072 3416 4111 a
3446 4065 3588 4113 terra
3614 4072 3875 4128 δωροῦ-ο

2253 4159 2372 4200 sum
2414 4144 2714 4212 omnaculo,
2763 4145 2838 4216 (g)
2864 4161 2968 4200 una
3008 4146 3217 4215 porticu
3260 4146 3466 4201 cellulis
3492 4146 3849 4216 hospitalibus

2255 4237 2594 4306 interposita,
2627 4236 2841 4303 longius
2880 4237 3139 4307 tenditur,
3188 4224 3339 4308 quasi
3364 4238 3645 4293 dilatatam
3672 4239 3844 4307 gratia

2256 4312 2466 4383 Domini
2489 4344 2595 4382 non
2618 4327 2792 4383 solum
2822 4329 3041 4393 sanctis,
3068 4330 3159 4398 qui
3190 4330 3335 4384 illam
3374 4329 3589 4399 plurimi
3618 4332 3844 4385 comita-

2252 4416 2467 4493 bantyr,
2516 4416 2611 4471 sed
2636 4417 2797 4471 etiam
2845 4416 3071 4472 divitum
3100 4412 3310 4474 illorum
3352 4419 3586 4474 catervis
3619 4435 3728 4475 non
3760 4421 3844 4489 (ἡ)

2254 4508 2537 4576 incapaces
2560 4508 2834 4575 angustias
2863 4508 3092 4577 prmbuit
3119 4527 3131 4562 :
3160 4510 3212 4563 in
3233 4525 3341 4578 quo
3362 4510 3608 4579 personis
3639 4525 3845 4580 puero-

2252 4612 2369 4652 rum
2399 4612 2463 4651 ac
2488 4598 2749 4667 virginum
2771 4598 2951 4653 choris
2971 4599 3145 4653 vicina
3174 4598 3486 4653 Dnminmdii
3516 4601 3685 4656 nostri
3733 4599 3843 4655 Feo

2253 4685 2370 4741 licis
2398 4687 2628 4742 culmina
2661 4688 3010 4743 resultabant.
3044 4687 3226 4757 Neque
3256 4704 3286 4744 c
3314 4689 3528 4745 diverso
3550 4691 3845 4745 habitatio-

466 4793 475 4849 ξ
567 4776 676 4831 libo
705 4778 770 4845 ν,
803 4786 857 4831 et
883 4752 986 4835 hoc
1041 4752 1227 4846 ipsum
1264 4791 1371 4845 quo
1400 4752 1445 4808 ί*
1493 4790 1739 4830 remeans
1766 4752 2056 4842 navigavit,
2089 4785 2147 4831 ut
2179 4752 2224 4809 θ
2254 4777 2337 4832 nis
2357 4777 2616 4845 ejusdem,
2649 4776 2853 4832 dissoni
2890 4777 3016 4833 licet
3046 4752 3342 4849 proposito,
3369 4779 3610 4848 hospites
3631 4779 3843 4834 obstre-

567 4883 781 4923 cursum
822 4869 986 4937 ipsius
1024 4868 1264 4935 mmuler,
1296 4867 1671 4931 transfretabo,
1711 4882 1817 4935 quo
1846 4867 2002 4923 citius
2028 4880 2145 4922 ser-

566 4974 784 5014 monem
808 4974 987 5014 meum
1007 4960 1060 5013 in
1086 4958 1203 5028 ejus
1222 4957 1290 5012 ad
1321 4974 1418 5014 nos
1454 4957 1687 5012 adventu
1707 4959 2024 5027 exponendo
2047 4960 2144 5014 de-

566 5049 865 5113 terminem,
902 5050 953 5103 in
983 5064 1091 5119 quo
1141 5063 1345 5117 magnae
1385 5047 1480 5103 Dei
1525 5049 1710 5117 gratia:
1751 5058 2022 5119 spectator
2047 5049 2139 5105 fui.

2251 4869 2481 4940 pebant;
2513 4869 2607 4924 sed
2652 4876 2706 4924 et
2736 4869 2786 4923 in
2818 4869 2922 4923 illis
2951 4869 3199 4938 religiosa
3243 4870 3503 4925 modestia
3532 4869 3844 4925 imitabatur

2254 4966 2452 5013 nostra:
2473 4959 2744 5014 silentium
2774 4958 3101 5029 disciplima;
3125 4967 3183 5013 ut
3213 4960 3257 5015 si
3286 4957 3681 5015 dissimularent
3702 4976 3843 5015 con-

2247 5049 2429 5104 cinere.
2456 5049 2818 5117 vigilantibus,
2850 5048 3002 5119 pigro
3017 5057 3221 5121 ‘ventre
3251 5049 3410 5120 SOpiti
3434 5091 3448 5115 ,
3497 5058 3677 5104 tamen
3724 5065 3843 5104 non

580 5150 583 5153 ’
639 5171 663 5199 ιι
702 5160 897 5232 Ephes.
927 5178 985 5231 ll,
1011 5164 1094 5219 19.
1172 5162 1198 5202 δ
1238 5163 1423 5219 Matth.
1456 5180 1573 5232 xw,
1615 5162 1703 5218 2|.
1784 5174 1805 5203 ο
1836 5163 1903 5218 Ill
1932 5163 2063 5233 Reg.
2096 5146 2151 5237 xv

2283 5162 2366 5218 15.
2445 5162 2469 5200 ά
2500 5162 2686 5217 Matth.
2720 5180 2834 5229 xnt,
2863 5163 2916 5221 8.
2998 5174 3023 5243 ἐ
3050 5162 3071 5216 Ι
3094 5163 3225 5233 Reg.
3254 5178 3309 5231 ll,
3334 5162 3386 5217 7.
3475 5162 3493 5202 ί
3521 5163 3650 5219 Luc.
3674 5180 3711 5226 ι,
3742 5160 3841 5219 53.

579 5346 591 5369 ᾗ
635 5295 712 5369 (a)
743 5297 834 5369 S_ic
862 5295 987 5352 mss.
1013 5296 1184 5369 Vatic.
1211 5304 1266 5351 et
1284 5295 1438 5352 Vieu.
1472 5313 1595 5369 cum,
1620 5298 1705 5353 ed.
1735 5297 1883 5353 Grin.
1911 5298 1976 5354 At
2013 5299 2141 5355 editi

562 5366 715 5441 Bad.,
748 5366 909 5441 βων.
934 5366 1281 5441 et_Sacchin.,
1313 5385 1543 5441 corpore.
1571 5367 1691 5441 Alii,
1721 5386 1997 5441 corporew.

635 5438 709 5507 (ὁ)
750 5437 825 5492 lta
854 5455 954 5494 ms.
980 5438 1268 5493 Vaticanus
1295 5437 1486 5493 codex.
1514 5439 1638 5505 Alii,
1674 5437 1998 5507 tegebantur.

637 5514 709 5578 (c)
749 5508 1257 5578 Sic_emendavimus
1286 5525 1351 5563 ex
1379 5524 1494 5578 _ms.
1520 5509 1707 5563 codice
1728 5508 2019 5565 Viennensi
2044 5530 2056 5563 :
2090 5511 2141 5566 id

564 5574 805 5633 est'unici
838 5574 925 5634 ﬁlii
958 5590 1322 5649 nepotumque
1361 5575 1589 5649 duorum
1616 5579 1855 5634 Melania:
1881 5581 2140 5649 supersti-

566 5655 697 5718 tum,
722 5658 779 5700 ut
805 5646 1312 5704 testatur'Palladius
1344 5649 1397 5702 in
1438 5646 1693 5718 Lausiaca
1719 5664 1837 5718 cap.
1870 5646 1991 5704 H7.
2037 5651 2138 5705 Alii

565 5716 778 5772 codices
829 5720 1103 5784 mendose,
1153 5720 1399 5788 ﬁliarum.
1451 5716 1851 5773 Correctionem
1900 5731 2137 5776 nostram

563 5794 823 5911 praeterea
872 5791 1239 5844 antecedentia
1290 5797 1346 5842 et
1393 5788 1769 5857 subsequentia
1796 5789 2131 5847 conﬁrmant.

594 5855 700 5911 'ide
721 5858 877 5911 euist.
903 5857 971 5911 45
996 5859 1061 5911 ad
1084 5858 1453 5911 Augustinum.
1483 5874 1628 5911 num.
1666 5858 1718 5911 2.

594 5855 700 5911 fide
721 5858 877 5931 epist.
903 5857 971 5911 45
996 5859 1061 5913 ad
1084 5858 1453 5928 Augustinum,
1483 5855 1628 5916 num.
1666 5858 1718 5917 2.

2319 5299 2397 5367 (d)
2426 5300 2544 5354 Vox
2571 5304 2828 5369 sapientes
2851 5303 3001 5357 abest
3043 5319 3071 5357 a
3118 5320 3215 5357 ms.
3246 5303 3432 5359 codice
3461 5301 3615 5358 Vien.

2317 5374 2386 5438 (ε)
2591 5371 2719 5440 Reg.
2753 5382 2807 5426 et
2839 5373 3016 5441 Vien.,
3048 5388 3356 5442 perseverat.
3390 5373 3645 5441 Legerem
3666 5414 3682 5439 ,
3712 5390 3842 5444 per-

2317 5458 2420 5493 tera
2457 5459 2487 5493 α
2517 5481 2528 5493 .

2246 5450 2528 5496 severabat.
3836 5498 3839 5501 ,

2316 5511 2499 5584 multa
2525 5526 2621 5565 ms.
2661 5512 2837 5567 Vatic.
2875 5521 2928 5567 et
2955 5513 3203 5569 Sacchin.
3238 5515 3468 5572 favente.
3493 5529 3592 5567 ms.
3629 5512 3830 5582 Regio.

2245 5581 2349 5657 Ms.
2371 5581 2548 5657 Ἥρῃ,
2581 5586 2796 5657 conteri.
2827 5584 3264 5657 Aliitcoutegere.
3384 5648 3389 5655 ,

2319 5654 2393 5723 lg)
2434 5651 2522 5706 Sic
2549 5668 2686 5711 mss..
2710 5654 2840 5723 Reg.
2873 5651 3389 5710 ct'Vienfcodices'
3413 5670 3531 5709 cum
3583 5657 3742 5711 editis
3776 5660 3839 5712 4.

2245 5722 2353 5776 Εάζ
2390 5723 2575 5793 Rosv.,
2606 5722 2865 5778 caenaculo
2894 5742 3015 5790 uno,
3044 5728 3261 5793 porticu.

2317 5796 2394 5869 (tu)
2432 5792 2558 5869 Mss.
2587 5793 2718 5864 ch.
2743 5804 2796 5869 et
2830 5794 2979 5869 Vien.
3005 5792 3125 5850 cum
3149 5796 3233 5852 ed.
3257 5794 3439 5860 Grav.,
3466 5811 3566 5849 non
3589 5812 3842 5869 capaces,

2247 5864 2405 5919 male.
2432 5863 2566 5918 Vide
2593 5863 2968 5937 praecedentia.
