4078 6352
201 349 295 408 521

205 551 398 626 positi:
427 565 537 620 quo
574 545 784 618 placitis
829 542 1169 615 psallentium
1219 542 1442 597 vocibus
1476 555 1786 611 compresso

205 644 523 704 secularium
571 642 847 697 turbarum
888 638 1137 702 tumultu,
1170 637 1335 692 etiam
1359 637 1508 693 taciti
1530 637 1784 693 concine-

202 744 347 798 bant.
378 739 580 794 Verum
608 745 667 792 ut
696 737 761 791 ad
802 736 1095 808 perfectam
1126 733 1338 788 Domini
1369 732 1672 789 columbam
1704 745 1789 784 rc-

206 846 435 894 curram,
468 828 603 884 scito
633 844 776 884 nunc
805 829 959 884 istam
983 836 1185 882 tantam
1219 827 1272 880 in
1301 841 1434 880 sexu
1465 822 1789 879 inﬁrmitatis

204 925 453 979 virtutem
483 920 601 987 Dei,
630 920 715 975 cui
741 919 961 975 refectio
989 918 1042 973 in
1067 916 1294 986 jejunio.
1325 918 1540 988 requies
1562 917 1614 970 in
1662 929 1788 969 ora-

206 1016 367 1083 tione,
400 1014 556 1086 panis
574 1012 631 1068 in
650 1012 837 1077 verbo,
868 1013 1084 1068 habitus
1114 1011 1167 1065 in
1193 1026 1393 1081 panno,
1424 1012 1595 1065 lectus
1623 1009 1675 1062 in
1696 1022 1787 1063 sa—

203 1106 320 1175 gulo
363 1114 417 1160 et
447 1111 699 1171 centone,
726 1102 890 1158 durus
938 1103 992 1157 in
1022 1109 1163 1156 terra
1212 1101 1271 1155 fit
1299 1101 1475 1156 mollis
1500 1101 1551 1155 in
1570 1099 1787 1172 [littera,

202 1212 302 1266 qua
332 1194 495 1265 rigidi
521 1194 711 1251 cubilis
757 1194 1005 1263 iniuriam
1052 1193 1264 1260 mitigat
1291 1193 1537 1248 lectionis
1587 1190 1665 1262 (a)
1693 1204 1793 1246 vo.

203 1286 409 1356 luptas;
441 1293 497 1340 et
524 1293 724 1340 sanctm
753 1284 944 1339 animae
967 1284 1019 1338 in
1043 1283 1271 1338 Domino
1303 1276 1542 1352 vigilare,
1584 1281 1794 1351 requie-

202 1389 349 1430 scere
379 1385 481 1430 est.
511 1374 659 1430 Hane
687 1374 815 1442 ergo
839 1371 946 1428 ﬁlia
966 1372 1096 1429 Sion
1118 1373 1380 1428 hactenus
1411 1371 1598 1427 habuit
1617 1381 1673 1426 et
1698 1371 1793 1427 de-

202 1465 417 1530 siderat,
460 1481 602 1521 nunc
648 1462 753 1519 (ilia
782 1464 1071 1536 Babylonis
1101 1463 1177 1534 (id
1199 1470 1272 1518 est
1304 1462 1496 1518 Roma.
1529 1461 1593 1515 V.
1627 1462 1784 1531 epist.

203 1557 290 1627 47,
318 1574 378 1612 n.
405 1558 455 1623 1,
488 1565 543 1613 et
564 1563 677 1611 not.
710 1554 834 1625 151)
866 1555 1028 1610 habet
1056 1562 1111 1608 et
1150 1553 1444 1608 admiratur
1472 1571 1485 1606 :
1528 1551 1653 1621 quia
1676 1550 1792 1621 jam

202 1658 252 1705 et
271 1649 391 1719 ipsa
418 1647 546 1702 urbs
574 1647 627 1701 in
654 1644 896 1716 pluribus
925 1643 1031 1698 lilia
1060 1643 1190 1700 Sion
1218 1652 1328 1709 est,
1352 1658 1515 1712 quam
1547 1640 1653 1696 tilia
1688 1641 1790 1695 Ba-

202 1740 443 1812 bylonis;
489 1746 544 1793 et
572 1738 694 1792 ideo
739 1737 963 1790 miratur
992 1736 1045 1790 in
1092 1735 1411 1791 humilitatis
1463 1735 1696 1790 obscuro
1734 1740 1790 1790 et

1561 334 1895 392 EPISTULA
1932 331 2092 387 XXX.

205 460 459 519 auderent
484 457 588 529 piis
616 456 836 513 vocibus
864 453 1163 518 dissonare,
1212 452 1354 508 iideli
1385 451 1578 507 timore
1625 465 1778 506 com-
1808 456 1857 514 Α

3374 338 3480 397 522

2381 448 2711 506 EPISTOLA
2752 454 2766 471 ⁶
2809 450 2954 506 XXX

1894 537 2193 630 Imaginem
2213 540 2424 630 Paulini
2472 541 3078 630 S‘everuslpostularerat:
3111 548 3374 630 Castigata
3404 548 3473 630 il:

1961 610 2062 688 (ius
2093 611 2468 688 immoderata
2490 610 2877 688 benevolentia,
2908 618 3175 688 occasione
3222 610 3477 688 ejusmodi

1958 683 2240 753 petitionis,
2269 699 2429 753 quam
2451 684 2716 753 ingeniose
2743 686 2924 753 eludit,
2972 687 3037 740 de
3084 683 3288 742 homine
3336 690 3473 742 inte-

1961 752 2098 806 riore
2126 752 2560 824 atqueexteriore
2587 755 2834 823 disputat.

1960 860 2161 918 Sancto
2190 863 2345 919 fratri
2366 873 2422 920 et
2451 865 2708 921 unanimo
2733 865 2947 924 Seu-mo
2974 867 3259 926 Pwuuus.

1965 976 2016 1031 1.
2059 978 2227 1036 Beato
2247 980 2508 1051 Apostolo
2535 980 2736 1038 dictum
2764 991 2849 1037 est
2877 1001 2889 1036 :
2914 982 3098 1055 Mutua
3126 985 3311 1040 littera?
3340 996 3386 1041 te
3408 990 3477 1042 ad

1891 1068 2157 1125 insaniam
2182 1072 2535 1142 perduxerunt
2565 1083 2611 1126 ι.
2653 1072 2711 1128 ln
2740 1089 2849 1144 quo
2880 1075 3093 1131 illorum
3115 1092 3242 1132 vera
3272 1079 3480 1135 insania

1893 1169 2137 1233 apparet,
2161 1162 2357 1232 quibus
2376 1165 2639 1233 sapientia
2670 1165 2784 1230 Dei,
2811 1180 2970 1235 quam
2994 1165 3193 1222 Paulus
3220 1168 3479 1237 loqueba-

1894 1260 1983 1308 tur
2011 1250 2060 1317 ιι,
2092 1253 2318 1308 stultitia
2346 1263 2463 1309 erat
2489 1272 2503 1309 :
2533 1255 2657 1324 quia
2685 1258 2835 1311 vacui
2863 1256 2964 1313 fide
2996 1258 3234 1314 veritatis
3284 1259 3481 1315 intelli-

1894 1359 2021 1413 gere
2050 1362 2162 1403 non
2190 1349 2537 1403 merebantur
2564 1350 2881 1420 sapientiam
2938 1351 3031 1407 Dei
3072 1351 3363 1409 Christum.
3416 1356 3484 1411 At

1894 1454 1995 1511 ego
2015 1444 2262 1512 quamvis
2282 1444 2518 1515 propitio
2548 1443 2764 1502 Christo
2791 1446 2859 1500 ab
2889 1445 3100 1501 illorum
3120 1462 3352 1517 persona
3374 1448 3483 1504 dis-

1892 1551 2130 1607 crepem,
2182 1554 2414 1609 quorum
2459 1538 2762 1596 intldelitati
2818 1541 3055 1598 insanire
3098 1543 3188 1599 ille
3238 1546 3485 1601 sanitatis

1892 1628 2147 1695 magister
2166 1627 2245 1699 (S.
2271 1628 2468 1685 Paulus
2499 1630 2560 1684 V.
2577 1647 2662 1702 ep.
2692 1632 2779 1698 50,
2808 1651 2861 1687 n.
2890 1633 2943 1703 5)
2967 1635 3279 1691 videbatur:
3304 1646 3482 1695 tamen

1892 1719 2261 1777 unanimitatis
2282 1721 2517 1788 licentia,
2541 1738 2662 1793 qua:
2684 1723 2816 1778 mihi
2841 1733 3015 1780 tecum
3036 1726 3104 1781 de
3130 1729 3483 1785 unanimitate

203 1811 444 1886 veritatis
464 1828 583 1883 luce
603 1826 890 1891 viventem,
915 1834 969 1880 et
991 1823 1116 1880 ﬁdei
1139 1826 1486 1881 incitamenta
1512 1825 1789 1893 divitibus,

1900 1811 2017 1869 ﬁdei
2044 1822 2128 1870 est
2154 1816 2355 1872 arctior
2379 1818 2419 1884 ‘,
2452 1818 2724 1888 usurpabo
2752 1820 2926 1887 verbi,
2964 1837 3073 1877 non
3102 1824 3265 1878 animi
3292 1825 3483 1879 simili—

202 1920 567 1992 angustiarum
588 1918 781 1974 solatia
809 1917 1555 1988 pauperibus‘ministrantem
1573 1933 1588 1981 ;
1609 1931 1793 1985 quam-

202 2026 362 2081 quam
391 2010 481 2065 illa
504 2010 701 2080 quietis
728 2017 785 2064 et
812 2008 1032 2064 latebra:
1059 2024 1169 2063 suae
1189 2007 1335 2078 apud
1363 2007 1708 2065 Hierusalem
1736 2009 1791 2063 in

204 2101 463 2158 Romanis
503 2099 666 2155 modo
719 2099 888 2154 turbis
925 2107 1182 2165 aestuans,
1233 2098 1429 2153 clamet
1464 2115 1476 2149 :
1511 2096 1629 2151 Heu
1669 2098 1791 2152 me!

201 2193 335 2265 quod
378 2192 633 2247 incolatus
685 2208 824 2272 meus
880 2191 1231 2262 prolongatus
1273 2199 1359 2244 ost.
1385 2187 1585 2245 ldeone
1627 2189 1791 2245 dilata

201 2299 345 2351 sum,
375 2290 436 2337 ut
471 2298 613 2338 nunc
641 2281 925 2337 habitarem
971 2298 1085 2335 cum
1134 2280 1483 2336 habitantibus
1531 2281 1700 2336 Cedar
1731 2283 1792 2336 αἳ

200 2372 315 2431 Hoc
342 2372 487 2428 enim
521 2371 738 2427 nomine
777 2372 918 2441 apud
948 2370 1219 2437 Hebraeos,
1253 2380 1312 2427 ut
1337 2374 1597 2444 comperi,
1627 2375 1793 2443 signi-

201 2462 398 2518 ﬁcatur
418 2464 737 2519 obscuritas.
770 2462 947 2531 Quare
974 2464 1048 2517 ita
1068 2463 1146 2517 illi
1165 2464 1539 2545 gratulandum
1584 2465 1651 2520 de
1678 2482 1794 2521 me—

198 2553 427 2610 moratis
454 2554 740 2610 virtutibus
758 2559 910 2623 puto,
932 2561 990 2607 ut
1007 2553 1075 2608 de
1095 2554 1342 2623 puesenti
1363 2554 1492 2610 sede
1515 2555 1791 2621 timeatur,

199 2652 260 2699 ut
306 2650 419 2698 tam
449 2644 670 2714 insignis
691 2644 868 2699 anima
906 2644 1026 2714 plus
1053 2643 1240 2698 Romae
1272 2644 1517 2700 conferat
1544 2659 1707 2715 quam
1729 2645 1796 2700 de

196 2735 380 2793 Roma
406 2737 588 2790 trahat
619 2752 631 2783 τ
662 2742 717 2790 et
736 2735 815 2790 sic
852 2736 1028 2789 sedeat
1062 2751 1216 2805 super
1244 2735 1463 2803 [lumina
1490 2734 1795 2805 Babylonis,

193 2835 252 2880 ut
267 2826 572 2881 recordetur
594 2825 722 2880 Sion
742 2824 801 2891 5;
838 2833 895 2879 et
919 2839 1123 2893 organo
1152 2825 1395 2893 corporis
1418 2826 1501 2881 sui
1535 2840 1800 2895 suspenso

190 2918 267 2973 ab
298 2915 536 2971 inimice
576 2915 824 2969 omnibus
857 2914 1145 2986 Babylonis
1179 2914 1385 2970 insidiis
1426 2924 1479 2971 et
1509 2915 1797 2981 illecebris,

192 3008 256 3061 in
311 3004 397 3059 sui
434 3002 698 3074 propositi
741 3012 952 3068 tenore,
982 3002 1129 3057 velut
1176 3002 1228 3057 in
1284 3004 1534 3060 salicibus
1564 3005 1799 3075 genuino

190 3108 426 3163 semper
452 3094 495 3123 ³³
516 3094 742 3148 humore
774 3091 1075 3164 viventibus
1104 3092 1396 3147 constituta
1435 3095 1592 3165 185
1625 3094 1799 3150 virere

1894 1903 2155 1970 tudinem,
2186 1913 2245 1961 ut
2264 1907 2438 1963 dicam
2464 1926 2476 1961 :
2509 1907 2729 1976 Severe,
2763 1911 2837 1965 mi
2867 1910 3089 1981 Severe,
3119 1914 3287 1970 multa
3314 1925 3367 1971 te
3394 1934 3485 1973 ca-

1893 1997 2025 2052 ritas
2074 2014 2213 2068 pene
2268 2000 2492 2056 delirum
2519 2001 2664 2067 facit,
2687 2008 2742 2056 et
2769 2003 2912 2058 circa
2939 2019 3044 2070 me,
3067 2021 3177 2062 non
3204 2005 3277 2078 (ε)
3306 2016 3483 2075 aetate,

1893 2087 1986 2143 sed
2004 2103 2164 2143 sensu
2179 2091 2459 2159 parvulum
2488 2100 2656 2161 tuum,
2684 2102 2960 2165 tamquam
2983 2111 3116 2153 avus
3131 2098 3271 2154 circa
3303 2115 3483 2156 serum

1895 2189 2171 2251 nepotem,
2206 2182 2367 2237 nimia
2397 2185 2620 2254 pietate,
2648 2188 2792 2255 quod
2821 2199 3002 2246 tamen
3023 2206 3157 2261 pace
3186 2193 3486 2262 prudentia:

1896 2279 2002 2327 tua:
2022 2271 2271 2338 dixerim,
2301 2274 2495 2331 stultus
2516 2276 2763 2334 elliceris.

1966 2362 2019 2416 2.
2039 2362 2175 2430 Quid
2199 2365 2339 2419 enim
2363 2365 2459 2420 tibi
2486 2366 2553 2422 de
2580 2368 2667 2422 illa
2690 2370 2954 2439 petitione
2979 2376 3356 2445 respondeam,
3380 2394 3486 2449 qua

1898 2455 2162 2523 imagines
2188 2465 2402 2512 nostras
2430 2459 2577 2527 pingi
2603 2459 2699 2513 tibi
2726 2462 2975 2532 mittique
2994 2463 3235 2533 jussisti?
3254 2467 3490 2527 Obsecro

1898 2547 2082 2615 itaque
2122 2562 2217 2616 per
2265 2549 2470 2603 viscera
2500 2551 2760 2616 caritatis,
2788 2568 2909 2621 qua:
2938 2557 3136 2611 amoris
3163 2558 3275 2613 veri
3298 2560 3491 2617 solatia

1899 2637 1970 2692 de
1992 2637 2242 2692 inanibus
2266 2638 2453 2693 formis
2482 2642 2660 2709 petis?
2685 2641 2901 2709 qualem
2931 2645 3086 2713 cupis
3109 2653 3168 2699 ut
3214 2649 3492 2707 mittamus

1910 2728 2070 2799 186
2097 2728 2382 2796 imaginem
2408 2730 2539 2784 tibi?
2563 2732 2763 2786 terreni
2791 2732 3043 2801 hominis,
3074 2751 3142 2791 an
3171 2738 3407 2796 cmlestis
3433 2739 3494 2797 i?

1902 2817 2030 2874 Scio
2084 2819 2211 2890 quia
2268 2829 2324 2874 tu
2376 2820 2522 2876 illam
2545 2822 3006 2894 incorruptibilem
3036 2830 3273 2899 speciem
3293 2846 3493 2889 concu-

1903 2910 2085 2982 piscis,
2110 2927 2269 2981 quam
2292 2911 2346 2966 in
2369 2919 2422 2967 te
2438 2911 2554 2968 Rex
2580 2914 2815 2970 cmlestis
2830 2915 3121 2976 adamavit.
3142 2920 3328 2992 Neque
3347 2925 3493 2982 enim

1903 3003 2005 3058 alia
2054 3010 2238 3073 potest
2289 3004 2384 3059 tibi
2441 3020 2472 3059 a
2523 3006 2680 3062 nobis
2706 3011 3008 3065 necessaria
3038 3027 3181 3082 esse,
3210 3029 3372 3084 quam
3400 3018 3491 3075 illa

1902 3093 2073 3149 forma
2095 3093 2163 3148 ad
2183 3109 2342 3163 quam
2366 3096 2477 3166 ipse
2498 3095 2759 3156 formatus
2779 3114 2856 3165 es,
2885 3115 2989 3170 qua
3014 3107 3317 3175 proximum
3332 3108 3487 3179 juxta

193 3188 240 3220 ”
271 3201 389 3241 non
409 3184 648 3249 desinat;
672 3191 727 3239 et
746 3191 1097 3253 permanente
1124 3182 1245 3237 tidei
1274 3185 1574 3240 constantia
1593 3224 1608 3250 ,
1631 3187 1802 3243 virtu—
1828 3201 1875 3263 ο
1907 3193 1960 3240 te
1989 3185 2203 3254 diligas,
2234 3186 2491 3256 nulloque
2521 3195 2575 3243 te
2602 3189 2758 3247 nobis
2782 3193 3047 3250 excellere
3069 3196 3221 3265 velis,
3251 3215 3319 3256 ne
3363 3202 3492 3271 quid

196 3277 380 3346 usque
389 3273 560 3343 gratia
572 3315 586 3340 ,
603 3273 785 3342 folium
800 3273 911 3342 ejus
932 3288 1035 3326 non
1055 3270 1246 3341 deﬂuat
1262 3282 1283 3309 ο
1307 3289 1319 3324 :
1336 3280 1394 3326 ut
1407 3273 1546 3328 sicut
1562 3276 1670 3329 vita
1685 3277 1801 3347 ejus

199 3367 253 3421 in
282 3366 481 3420 itinere
526 3361 891 3433 adspectatur,
923 3361 996 3415 ita
1021 3369 1077 3416 et
1098 3361 1213 3416 laus
1241 3362 1296 3416 in
1324 3363 1472 3418 exitu
1493 3375 1719 3422 canatur
1747 3368 1795 3423 ά.

280 3454 369 3510 14.
410 3452 528 3509 Non
554 3453 669 3517 tuli,
693 3452 878 3514 frater,
911 3460 970 3506 ut
1000 3459 1051 3506 te
1081 3452 1180 3507 ista
1195 3438 1442 3510 'nesciret
1472 3455 1537 3512 ³⁸.
1572 3456 1642 3512 Ut
1684 3474 1802 3528 gra—

204 3549 330 3605 tiam
360 3547 414 3601 in
441 3553 494 3600 te
516 3544 608 3600 Dei
635 3543 844 3615 plenius
870 3553 1135 3611 nosceret,
1162 3554 1254 3601 tuo
1281 3554 1331 3601 te
1354 3547 1427 3601 illi
1450 3551 1620 3619 magis
1635 3568 1799 3622 quam

205 3657 327 3698 meo
375 3655 627 3696 sermone
674 3638 920 3710 patefeci.
957 3639 1031 3711 (ὁ)
1069 3638 1352 3696 Martinum
1375 3643 1517 3698 enim
1548 3656 1794 3703 nostrum

209 3735 279 3790 illi
325 3731 732 3789 studiosissimze
787 3731 969 3786 talium
1024 3732 1368 3789 historiarum
1422 3736 1538 3807 ipse
1564 3740 1791 3797 recitavi

211 3827 302 3899 (V.
326 3835 447 3883 not.
492 3825 639 3895 152).
671 3824 786 3892 Quo
815 3840 1014 3894 genere
1045 3834 1097 3881 te
1139 3835 1194 3882 et
1220 3830 1513 3885 venerabili
1542 3833 1798 3903 episcopo

214 3916 707 3989 atque‘doctissimo
730 3914 930 3971 Nicetze
962 3916 1056 3984 (V.
1092 3926 1204 3972 not.
1245 3918 1389 3989 155),
1424 3922 1516 3989 qui
1547 3937 1612 3977 ex
1638 3923 1799 3979 Dacia

217 4007 471 4065 Romanis
509 4008 700 4062 merito
730 4007 1076 4063 admirandus
1104 4008 1418 4078 advenerat,
1465 4022 1520 4066 et
1558 4014 1802 4083 plurimis

215 4103 304 4159 Dei
356 4101 560 4159 sanctis
612 4102 665 4156 in
719 4101 944 4155 veritate
982 4116 1091 4154 non
1142 4102 1310 4169 magis
1356 4103 1432 4156 tui
1480 4103 1803 4173 praedicator

216 4211 371 4265 quam
394 4195 500 4248 mei
523 4193 753 4263 jactans,
786 4191 1035 4247 revelavi.
1069 4190 1252 4246 Gloria
1282 4194 1424 4247 enim
1446 4194 1574 4248 mihi
1607 4205 1689 4249 est
1723 4196 1808 4251 di-

218 4284 300 4354 ligi
328 4286 376 4316 ³³
432 4290 482 4338 te
510 4290 563 4339 et
590 4282 779 4348 amari,
810 4296 970 4352 quem
1001 4280 1256 4336 famulum
1302 4283 1545 4337 veritatis
1567 4299 1805 4341 consona

220 4376 409 4448 lingua:
436 4377 543 4431 vita
577 4383 820 4431 testatur.
852 4373 951 4427 Det
977 4372 1121 4428 nobis
1153 4375 1205 4427 in
1236 4374 1329 4428 illa
1375 4375 1458 4429 die
1506 4377 1804 4432 misericor-

222 4470 355 4523 diam
400 4468 654 4523 Dominus
684 4484 717 4520 a
760 4466 978 4520 Domino
1012 4475 1054 4531 ε,
1084 4483 1179 4536 per
1208 4467 1346 4523 hanc
1373 4467 1601 4535 gratiam
1651 4472 1804 4538 cujus

1903 3277 2047 3334 inter
2092 3293 2193 3333 nos
2220 3278 2482 3348 inaequale
2504 3280 2765 3338 videatur.
2792 3282 2899 3340 Sed
2928 3298 3133 3359 pauper
3157 3305 3277 3361 ego,
3306 3301 3362 3349 et
3389 3294 3492 3351 do-

1903 3367 2019 3423 lens
2048 3369 2093 3435 i,
2143 3369 2271 3438 quia
2326 3368 2501 3426 adhuc
2547 3379 2776 3428 terrenae
2805 3375 3053 3444 imaginis
3079 3381 3333 3448 squalore
3354 3398 3491 3440 cou-

1902 3468 2081 3515 cretus
2108 3476 2251 3529 sum,
2275 3470 2333 3516 et
2359 3461 2479 3532 plus
2497 3463 2565 3519 de
2590 3465 2767 3534 primo
2783 3483 2947 3537 quam
2966 3469 3034 3525 de
3060 3472 3298 3529 secundo
3317 3474 3491 3532 Adam

1902 3553 2114 3609 carneis
2144 3554 2392 3610 sensibus
2421 3564 2477 3611 et
2502 3558 2733 3613 terrenis
2756 3560 2965 3618 actibus
2985 3562 3184 3632 refero,
3215 3570 3489 3636 quomodo

1904 3643 2000 3698 tibi
2018 3644 2240 3713 audebo
2292 3662 2380 3702 me
2407 3648 2649 3718 pingere,
2679 3666 2802 3706 cum
2829 3653 3066 3711 cmlestis
3093 3656 3381 3729 imaginem
3409 3662 3490 3718 in-
3522 3710 3523 3713 η

1904 3733 2071 3790 ficiari
2125 3738 2325 3807 prober
2371 3741 2716 3826 corruptione
2773 3749 3023 3803 terrena?
3080 3748 3358 3824 Utrimque
3406 3772 3493 3813 me

1903 3825 2182 3881 concludit
2208 3827 2420 3898 pudor:
2453 3832 2717 3889 erubesco
2739 3835 2959 3905 pingere
2997 3841 3144 3908 quod
3193 3858 3333 3909 sum,
3380 3862 3491 3901 non

1905 3915 2077 3971 audeo
2097 3918 2321 3988 pingere
2349 3921 2492 3988 quod
2516 3938 2623 3976 non
2652 3939 2770 3979 sum
2796 3944 2808 3979 :
2834 3928 2922 3982 odi
2950 3930 3094 3999 quod
3139 3910 3278 3998 sum,
3303 3944 3357 3989 et
3382 3953 3492 3992 non

1906 4023 2023 4062 sum
2050 4011 2195 4078 quod
2222 4027 2365 4067 amo.
2399 4011 2505 4067 Sed
2532 4014 2658 4083 quid
2681 4018 2811 4072 mihi
2837 4020 3034 4075 misero
3055 4023 3295 4090 proderit
3317 4027 3495 4083 odisse

1907 4098 2245 4166 iniquitatem
2289 4111 2345 4157 et
2372 4117 2557 4158 amare
2588 4105 2860 4173 virtutem,
2893 4126 3013 4164 cum
3045 4113 3096 4167 id
3135 4116 3312 4183 potius
3342 4133 3493 4187 agam

1907 4190 2052 4260 quod
2098 4192 2208 4254 odi,
2263 4209 2364 4248 nec
2393 4193 2667 4250 elaborem
2699 4198 2850 4267 piger
2877 4200 2929 4253 id
2957 4203 3137 4271 potius
3165 4219 3324 4273 agere
3350 4211 3497 4278 quod

1909 4284 2069 4336 amo?
2114 4281 2231 4353 Ipse
2264 4285 2283 4315 ’
2307 4284 2517 4341 discors
2566 4288 2671 4343 mei
2729 4290 2986 4348 intestino
3035 4296 3178 4353 bello
3207 4299 3497 4369 distrahor,

1908 4371 2034 4427 dum
2055 4375 2267 4445 spiritus
2292 4375 2539 4432 adversus
2563 4394 2794 4449 carnem,
2816 4392 2866 4436 et
2888 4400 3010 4440 caro
3030 4387 3275 4444 adversus
3304 4392 3324 4422 ³
3344 4394 3499 4464 spiri-

1909 4473 2016 4517 tum
2044 4465 2337 4533 dimicat“;
2380 4474 2437 4522 et
2482 4468 2570 4524 lex
2614 4473 2860 4542 corporis
2899 4475 3018 4545 lege
3066 4482 3273 4549 peccati
3326 4483 3500 4554 legem

224 4559 330 4631 ipse
372 4567 533 4613 autor
578 4565 693 4623 est;
725 4565 783 4611 ut
831 4555 969 4610 sicut
997 4572 1137 4611 nunc
1165 4556 1217 4609 in
1248 4557 1536 4615 visceribus
1563 4558 1803 4616 caritatis
1832 4578 1880 4639 ι)
1906 4558 2101 4613 mentis
2148 4557 2427 4628 impugnat
2453 4557 2496 4614 ι.
2547 4560 2736 4618 Infelix
2763 4578 2865 4634 ego
2891 4566 2903 4619 !
2932 4570 3023 4637 qui
3051 4582 3371 4630 venenaium
3399 4577 3501 4633 ini-

227 4659 322 4706 tuae
348 4647 750 4717 refrigeramur,
783 4648 854 4702 ita
885 4647 952 4701 ab
980 4648 1190 4716 ignibus
1215 4649 1422 4705 meritis
1445 4650 1498 4704 in
1520 4658 1625 4706 tua:
1643 4655 1804 4711 sortis

227 4743 388 4813 digito
419 4741 794 4811 refrigeremur
820 4739 861 4795 τ.
902 4740 1072 4812 Spero
1095 4742 1240 4797 enim
1263 4742 1597 4812 habebimus,
1629 4745 1804 4801 indul-

229 4841 381 4905 gente
406 4834 651 4900 Domino,
683 4842 741 4889 ut
761 4832 1112 4888 amantissimi
1143 4833 1238 4899 tui,
1268 4833 1336 4888 de
1355 4833 1563 4903 justitia
1593 4844 1681 4890 tua
1704 4839 1808 4891 suf-

229 4922 469 4995 fragium,
502 4925 602 4980 etsi
630 4922 830 4994 indigni
857 4937 1071 4978 coronze
1109 4940 1215 4980 non
1270 4925 1561 4982 audeamus
1588 4943 1807 4998 sperare

226 5016 577 5076 consortium.

289 5171 312 5198 ι
345 5154 535 5217 Psal.,
567 5169 689 5224 cxtx
716 5194 730 5218 ,
763 5152 847 5224 5.7
896 5152 923 5192 δ
946 5152 1091 5215 Psal.
1122 5170 1320 5210 cxxxvr
1341 5200 1356 5224 ,
1391 5157 1441 5210 l.

227 5240 250 5278 s
280 5231 395 5286 Act.
434 5240 582 5291 xxvi,
608 5223 697 5278 24.
774 5222 799 5261 ιι
828 5223 849 5277 Ι
878 5223 1003 5281 Cor.
1029 5224 1175 5291 1,25.
1262 5225 1275 5264 ί
1311 5222 1479 5282 [ϐοΐ.
1515 5243 1603 5292 xv,
1639 5226 1729 5281 47.

229 5310 264 5340 ω
288 5300 425 5358 Gen.
465 5312 552 5361 ιιι.
587 5295 639 5348 6-

1521 5166 1544 5195 °
1586 5155 1727 5211 Psal.
1763 5171 1798 5224 t,
1826 5154 1879 5211 5.
1957 5154 1984 5194 δ
2021 5154 2165 5211 Psal.
2194 5174 2348 5222 cxm,
2394 5160 2443 5213 l.

1913 4650 2066 4705 mica:
2093 4650 2305 4706 arboris
2334 4658 2553 4729 gustum
2579 4669 2682 4711 nec
2701 4658 2880 4714 crucis
2908 4659 3055 4729 ligno
3082 4662 3277 4733 digessi
3305 4684 3317 4720 :
3346 4667 3503 4725 durat

1913 4740 2057 4795 enim
2109 4741 2240 4795 mihi
2270 4742 2397 4797 illud
2438 4743 2507 4798 ab
2548 4743 2719 4801 Adam
2746 4748 2893 4806 virus
2921 4760 3220 4821 paternum,
3247 4771 3355 4826 quo
3381 4760 3501 4815 uni-

1914 4834 2223 4888 versitatem
2254 4835 2470 4904 generis
2497 4837 2579 4891 sui
2612 4846 2769 4907 pater
2796 4844 3177 4912 praevaricatus
3203 4847 3385 4905 infecit
3412 4861 3451 4888 ω
3484 4870 3499 4906 :

1917 4932 1977 4981 ut
2006 4926 2099 4996 qui
2127 4926 2358 4981 naturali
2386 4928 2532 4983 bono
2561 4930 2747 4986 oculos
2772 4934 2970 4989 mentis
2998 4945 3216 5007 apertos
3244 4939 3502 4997 innocen-

1919 5019 2093 5086 titeiet
2122 5018 2395 5088 iniquitati
2421 5020 2632 5077 clausos
2659 5023 2948 5096 habebam,
3005 5028 3218 5085 letalem
3265 5034 3501 5102 pruden-

2522 5160 2629 5235 °_ll_
2660 5161 2796 5218 Tim.
2824 5183 2872 5234 ι,
2902 5167 2984 5221 18.
3067 5169 3241 5226 fLuc.
3276 5188 3379 5235 xvi,
3412 5173 3499 5228 21.

1811 5226 2009 5282 iPsal.
2070 5243 2253 5295 vam,
2306 5227 2396 5284 50.
2442 5228 2468 5268 ιι
2533 5230 2651 5288 Gal.
2699 5251 2750 5301 v,
2804 5226 2888 5292 17.
2974 5236 2989 5276 ι
3060 5239 3217 5295 Rom.
3279 5226 3497 5303 "1,15;

295 5400 312 5421 ’
340 5396 489 5452 Alias
524 5388 592 5454 8;
624 5405 742 5460 qua:
769 5395 949 5445 autem
992 5389 1064 5444 50
1091 5398 1227 5454 erat,
1278 5406 1423 5446 nunc
1463 5391 1552 5447 59.
1604 5391 1811 5463 Scripta
1839 5391 2115 5449 annum

301 5513 374 5583 (a)
400 5511 496 5567 Ms.
528 5507 667 5583 Reg.
699 5515 754 5583 et
780 5506 901 5583 edd.
933 5505 1086 5572 Bad.,
1117 5505 1357 5583 Grav._et
1393 5508 1607 5577 Schot.,
1637 5512 1815 5583 vuln"-

235 5577 491 5653 tas-{qum
521 5577 689 5653 leclio
716 5578 980 5653 Sacchino
1021 5593 1128 5633 non
1157 5577 1418 5647 displicet,
1453 5586 1509 5633 ut
1549 5595 1635 5649 ep.
1678 5580 1812 5637 12...

236 5648 542 5708 meditando:
570 5653 621 5706 in
647 5648 763 5715 {ergo
793 5651 1047 5702 voluntas.

303 5725 375 5794 (δ)
413 5724 504 5778 sic
553 5711 814 5778 Paulinus
858 5718 1014 5794 epist.
1055 5717 1129 5794 _l_l
1165 5716 1241 5794 a_t_l_
1259 5718 1503 5794 eumdem
1533 5718 1811 5794 Severum,

238 5812 291 5851 ιι.
311 5787 404 5861 11,
429 5810 676 5852 enarrare
706 5788 1015 5850 Martinam.
1053 5787 1147 5843 Ms.
1183 5787 1360 5843 Vien..
1389 5791 1544 5844 artini
1566 5793 1699 5846 enim
1721 5787 1815 5849 no-

1923 5521 2038 5639 vra,
2068 5513 2147 5568 illi
2175 5515 2568 5640 strgéosissimw
2597 5520 2796 5585 talium,
2823 5521 3092 5574 historiam
3138 5537 3249 5583 ipse
3273 5525 3499 5583 recitari.

1972 5601 1984 5638 l
2025 5599 2056 5640 e
2076 5596 2190 5640 not.
2326 5627 2338 5639 .

1972 5599 2056 5640 me
2076 5599 2190 5649 not.
2219 5599 2338 5640 16!.

1996 5656 2068 5725 (c)
2110 5654 2628 5730 Sic_emeu_davimus
2657 5677 2721 5716 ex
2746 5675 2847 5714 ms.
2873 5661 3040 5730 Regio
3062 5662 3248 5720 etdice
3272 5676 3327 5722 et
3345 5670 3505 5724 editis

1922 5735 2172 5794 quatuor.
2205 5726 2351 5782 Edit.
2377 5728 2564 5786 Βίην..
2597 5739 2800 5785 atatem
