4078 6352
492 434 599 489 525

1642 422 1699 477 S.
1740 421 2012 477 PAULINI
2050 419 2298 476 NOLANI
2338 419 2639 478 EPISCOPI

3684 418 3795 476 5M

496 551 626 605 tiam
646 548 776 604 boni
798 547 1030 615 malique
1049 543 1280 608 delectu,
1313 540 1381 595 de
1403 539 1638 594 infausto
1662 542 1899 592 nemoris
1922 538 2000 606 (id
2018 546 2096 590 est
2122 537 2171 597 Α
2199 545 2283 590 est
2305 536 2449 606 quod
2464 536 2678 591 dixerat
2707 554 2718 588 :
2743 534 2858 607 Ego
2880 535 3131 599 occidam,
3156 544 3203 589 et
3225 552 3317 607 ego
3338 538 3506 590 sime
3519 536 3717 607 faciam
3737 546 3790 591 οτ

497 645 727 707 arboris,
754 659 841 696 seu
895 638 1118 705 fructus)
1150 634 1422 692 interdicti
1452 633 1572 688 cibo
1598 640 1828 688 emeatus
1877 628 2081 701 pariter

497 744 551 789 et
574 735 712 787 male
738 731 1025 785 luminatus
1057 728 1349 783 haurirem.

568 824 620 877 5.
661 823 834 891 Atque
860 820 1064 873 utinam
1092 818 1198 872 hoc
1225 816 1418 871 saltem
1447 812 1689 869 remedio
1719 812 1923 869 crimen
1977 811 2083 866 illi-
2113 805 2121 811 ”

497 913 616 968 citae
668 909 1118 979 concupiscentiae
1170 905 1464 967 diluissem,
1509 911 1569 957 ut
1615 910 1836 973 accepta
1867 917 1963 972 per
1990 915 2087 970 gu-

496 1011 636 1058 stum
659 1002 734 1076 (a)
764 1006 1052 1055 nocentem
1074 998 1203 1053 boni
1227 1004 1281 1050 et
1302 993 1427 1049 mali
1448 993 1961 1058 scientia','bonum
1987 1006 2087 1062 po-

498 1093 603 1149 tius
652 1091 965 1161 elegissem!
999 1089 1297 1160 przesertim
1345 1100 1469 1139 cum
1518 1084 1759 1138 salutare
1805 1082 2090 1137 consilium

498 1185 594 1241 Dei
613 1182 889 1239 suadentis
912 1180 1202 1244 audissem,
1229 1183 1287 1231 ut
1313 1190 1451 1247 aqua
1472 1182 1528 1230 et
1548 1176 1689 1244 igne,
1712 1173 1822 1228 vita
1846 1182 1902 1228 et
1917 1180 2092 1228 marte

497 1256 814 1349 propositis,
838 1274 904 1329 ad
927 1286 1122 1342 aquam
1143 1271 1326 1341 potius
1349 1282 1567 1323 manum
1596 1267 1865 1322 mitterem
1890 1273 1945 1320 et
1965 1265 2090 1319 vita:

498 1387 693 1427 munus
746 1370 1022 1438 eligerem.
1078 1364 1188 1420 Sed
1236 1363 1304 1419 de
1356 1361 1675 1431 insipientia:
1704 1359 1931 1415 crimine
1950 1356 2090 1412 'mihi

499 1463 655 1531 culpa
685 1462 855 1517 crevit
881 1456 1142 1522 audaciae,
1174 1454 1321 1526 quod
1349 1469 1470 1511 cum
1498 1463 1553 1509 et
1577 1453 1703 1508 boni
1735 1452 1810 1523 (b)
1856 1459 1911 1506 et
1964 1450 2092 1506 mali

498 1555 727 1610 electum
756 1552 1104 1622 accepissem,
1134 1549 1300 1604 malui
1347 1548 1492 1619 quod
1539 1548 1769 1602 nocebat
1813 1552 2087 1615 appetere.

498 1647 626 1715 Quae
656 1663 785 1718 ergo
815 1647 1015 1717 misero
1065 1643 1196 1699 mihi
1225 1642 1464 1713 suppetit
1495 1640 1516 1671 ⁸
1546 1640 1699 1695 venia
1746 1637 1979 1710 peccati,
2008 1637 2091 1692 cui

498 1739 813 1807 ignorantiae
833 1737 1110 1792 excusatio
1134 1736 1153 1766 ⁸
1180 1750 1288 1789 non
1319 1732 1614 1789 remansit?
1636 1730 1842 1800 Agnovi
1868 1730 2091 1796 bonum,

500 1838 554 1884 et
581 1829 682 1883 feci
711 1829 939 1893 malum;
963 1842 1086 1882 cum
1114 1842 1267 1896 aeque
1296 1825 1430 1880 mihi
1454 1825 1680 1879 liberutn
1711 1830 1855 1877 esset
1889 1822 2091 1876 bonum

2190 627 2317 698 quia
2346 634 2587 681 veterem
2636 635 2879 680 nostrum
2928 626 3201 700 hominem
3246 626 3574 682 assumenda
3623 626 3799 681 inter-

2186 721 2333 788 fecit,
2361 720 2575 790 aﬁigens
2601 717 2748 772 illum
2775 718 2934 782 cruci,
2956 718 3248 788 dispolians
3267 733 3328 772 se
3357 732 3527 773 carne
3546 717 3799 772 tralatis

2189 814 2229 845 “
2260 814 2580 883 principatus
2621 820 2672 865 et
2721 817 3024 879 potestates,
3052 808 3215 863 libere
3235 807 3565 878 triumphans
3594 825 3713 862 eam
3733 808 3799 861 in

2189 908 2463 978 semetipso
2488 915 2552 970 P;
2610 912 2670 960 et
2715 901 3004 958 viviﬁcavit
3054 917 3252 958 novum
3295 918 3361 957 ex
3391 902 3798 958 resurrectione

2190 1005 2546 1062 mortuorum,
2604 994 2890 1049 ascendens
2926 995 2981 1047 in
3009 994 3175 1048 altum
3205 1003 3260 1060 (ι,
3290 1001 3347 1048 et
3365 993 3647 1048 collocans
3666 1007 3794 1047 eum

2191 1091 2244 1145 in
2271 1090 2602 1145 emlestibus.

2263 1181 2317 1235 5.
2359 1180 2450 1235 Sic
2474 1194 2604 1247 ergo
2630 1178 2778 1234 venit
2799 1186 2858 1232 ut
2883 1176 3318 1232 illuminarentur
3354 1179 3506 1243 caici,
3532 1185 3592 1232 et
3619 1190 3793 1232 caca-

2193 1282 2381 1329 rentur
2411 1266 2691 1326 videntes:
2717 1268 2777 1325 ut
2804 1270 2947 1326 oculi
2975 1269 3149 1324 nostri
3169 1268 3263 1338 qui
3305 1269 3357 1323 in
3398 1270 3796 1340 transgressio-

2194 1381 2317 1420 nem
2346 1365 2521 1435 aperti
2551 1362 2780 1427 fuerant,
2813 1368 3179 1426 amarentur;
3210 1369 3267 1415 et
3292 1360 3528 1415 vicissim
3549 1360 3643 1430 qui
3690 1375 3800 1416 cae-

2194 1457 2298 1512 cati
2332 1455 2563 1522 fuerant,
2621 1453 2980 1525 aperirentur.
3028 1452 3174 1507 Bene
3201 1453 3347 1507 enim
3374 1468 3550 1508 eiectis
3577 1467 3722 1520 sum,
3751 1454 3798 1508 si

2197 1564 2304 1603 non
2332 1548 2493 1603 video
2518 1554 2831 1617 peccatum;
2863 1554 2919 1599 et
2961 1545 3102 1599 bene
3130 1544 3394 1609 oculatus,
3423 1545 3471 1600 si
3517 1559 3686 1599 cerno
3711 1544 3799 1613 ju-

2195 1642 2418 1696 stitiam.
2449 1639 2552 1694 Ora
2576 1654 2729 1708 ergo,
2754 1640 2827 1693 mi
2848 1639 3037 1703 frater,
3066 1646 3126 1692 ut
3155 1645 3443 1706 utrumque
3468 1637 3527 1691 in
3549 1652 3637 1691 me
3656 1651 3798 1706 ope-

2197 1742 2347 1788 retur
2372 1731 2651 1795 Dominus,
2674 1737 2841 1785 ctecet
2869 1729 3145 1784 videntem
3166 1743 3366 1794 meum,
3391 1742 3460 1783 ne
3482 1727 3555 1797 (ο)
3582 1728 3798 1784 videam

2194 1824 2519 1889 vanitatem;
2569 1832 2626 1877 et
2678 1823 2942 1877 illuminet
2998 1836 3105 1876 non
3159 1821 3454 1886 videntem,
3500 1821 3797 1878 utvitleam

503 1923 710 1988 facere,
737 1922 837 1975 nisi
868 1922 1155 1975 utilitatem
1187 1921 1378 1974 anima:
1404 1918 1811 1973 contemsissem
1834 1915 1969 1969 vitio
1992 1929 2095 1967 vo-
2122 1920 2174 1981 Β
2201 1918 2485 1987 :equitates
2519 1926 2566 1968 τ.
2609 1914 2830 1970 Occidat
2875 1915 2929 1969 in
2968 1929 3060 1969 me
3104 1922 3323 1968 veterem
3373 1913 3636 1967 hominem
3680 1930 3800 1968 ciem

501 2015 722 2068 luntatis
747 2032 759 2065 :
789 2028 896 2082 qua
924 2014 975 2067 id
998 2015 1018 2044 ⁸
1046 2014 1191 2082 quod
1216 2030 1324 2068 non
1354 2012 1675 2082 expediebat
1720 2010 1933 2074 admisi,
1962 2009 2089 2062 dum

502 2121 609 2161 non
637 2116 878 2175 tempero
908 2107 1052 2175 quod
1083 2106 1296 2161 licebat.
1329 2104 1621 2174 Propterea
1646 2102 1790 2171 juste
1838 2102 1958 2156 illos
2003 2100 2088 2153 in-

503 2199 763 2254 nocentiae
791 2199 996 2263 oculos,
1030 2198 1225 2267 quibus
1273 2197 1474 2251 malum
1503 2212 1609 2250 non
1637 2195 1909 2260 videbam,
1962 2205 2089 2261 per-

511 2289 643 2355 didi;
676 2298 731 2345 et
756 2290 887 2344 istos
908 2290 1159 2357 invicem,
1182 2290 1376 2358 quibus
1397 2295 1678 2358 peccatum
1709 2284 2016 2354 agnoscitur
2037 2281 2090 2335 in

502 2395 715 2450 poenam
738 2382 1103 2446 conscientiae,
1134 2380 1433 2449 iniquitatis
1461 2378 1661 2447 accepi.

582 2472 737 2542 187
778 2470 830 2525 4.
871 2471 1006 2525 Nam
1037 2480 1089 2526 et
1116 2470 1317 2526 vidisse
1364 2471 1567 2540 primos
1614 2468 1826 2536 generis
1873 2466 2093 2521 humani

500 2571 773 2633 parentes,
818 2570 874 2617 et
910 2577 1029 2616 'non
1058 2561 1279 2627 vidisse,
1322 2561 1599 2631 Scriptura
1639 2560 1899 2613 declarat.
1955 2557 2095 2611 Vidit

500 2654 639 2706 enim
666 2654 848 2707 mulier
877 2651 1113 2706 arborem
1142 2653 1265 2723 quia
1319 2650 1455 2705 bona
1480 2652 1500 2682 "
1530 2650 1600 2702 ad
1652 2647 2090 2710 manducandum,

501 2753 549 2797 et
568 2753 716 2815 grata
735 2753 847 2797 erat
867 2744 1028 2797 oculis
1051 2742 1120 2796 ad
1149 2742 1423 2797 videndum
1453 2741 1499 2795 δ.
1543 2740 1701 2805 Vidit,
1735 2740 1905 2809 inquit
1931 2757 1943 2791 ι
1968 2753 2097 2808 ergo

502 2837 735 2892 habebat
762 2838 968 2893 oculos.
999 2836 1066 2890 Et
1091 2836 1220 2905 quid
1248 2835 1442 2891 deinde
1462 2835 1738 2889 subtexit?
1767 2833 1894 2886 Cum
1948 2846 2097 2884 mun-

502 2931 793 2995 ducassent,
821 2932 1014 3001 inquit,
1040 2931 1206 3001 aperti
1231 2939 1349 2983 sunt
1372 2929 1508 2983 oculi
1537 2944 1713 2982 eorum
1742 2940 1785 2978 ο.
1815 2925 1952 2993 Ergo
1973 2923 2098 2979 czeci

503 3021 752 3075 fuerant?
798 3020 948 3076 Unde
996 3021 1368 3075 advertimus?
1398 3020 1665 3086 Quoniam
1710 3034 1816 3071 non
1844 3025 2023 3086 potest
2046 3016 2097 3069 in

503 3112 689 3166 eodem
720 3126 949 3181 corpore
976 3111 1135 3165 simul
1158 3110 1452 3165 convenire
1480 3110 1697 3163 czecitas
1717 3116 1772 3161 et
1801 3108 1947 3161 visus
1970 3122 2070 3159 ocu
2088 3134 2101 3145 -

501 3203 696 3258 lorum.
721 3204 827 3258 Sed
851 3211 998 3258 certe
1019 3211 1101 3257 est
1121 3206 1143 3235 ⁸
1163 3202 1434 3270 quoddam
1461 3216 1663 3255 caecum
1685 3201 1737 3253 in
1761 3199 1917 3253 nobis
1936 3200 2097 3253 etiam

2200 2014 2400 2067 actibus
2450 2015 2557 2066 suis
2589 2021 2635 2077 ⁸,
2668 2020 2727 2066 ut
2751 2010 3068 2066 reﬂorescat
3095 2011 3138 2045 ¹²
3169 2010 3220 2063 in
3250 2008 3624 2063 Christo'caro
3654 2024 3797 2074 mea,

2198 2116 2252 2162 et
2282 2114 2550 2162 renovetur
2605 2107 2738 2159 sicut
2783 2103 2971 2175 aquila:
3007 2103 3248 2172 juventus
3297 2116 3412 2154 mea
3444 2101 3491 2153 ί.
3544 2098 3674 2154 Huic
3716 2109 3800 2155 est

2198 2198 2343 2253 enim
2390 2197 2606 2251 mutatio
2651 2197 2878 2249 dextera:
2909 2191 3124 2246 Επειιεὶ
3149 2200 3200 2259 υ,
3229 2199 3352 2259 cum
3378 2192 3458 2261 (ιι)
3484 2191 3799 2245 immutabi-

2199 2304 2319 2343 mur
2367 2304 2397 2341 a
2425 2286 2582 2341 nobis
2617 2285 2670 2339 in
2711 2285 2860 2339 illum
2906 2284 3162 2337 hominem
3205 2282 3292 2353 qui
3321 2281 3603 2335 secundum
3624 2279 3793 2335 Deum

2203 2388 2405 2434 creatus
2444 2389 2521 2433 est
2546 2388 2596 2446 ν,
2630 2377 2784 2445 cujus
2827 2378 3004 2443 imago
3050 2373 3287 2429 cwlestis
3326 2382 3440 2437 est;
3487 2373 3802 2444 deponenta

2200 2486 2313 2526 eum
2329 2472 2417 2543 qui
2426 2470 2772 2539 corrumpitur
2785 2467 3064 2521 secundum
3092 2466 3248 2535 1&8
3263 2463 3519 2517 desideria
3537 2465 3732 2517 erroris
3752 2473 3799 2517 ι.

2201 2564 2370 2633 Hujus
2398 2563 2688 2631 imaginem
2718 2561 2772 2615 in
2802 2575 2906 2625 me,
2940 2574 3143 2630 quzeso,
3178 2557 3316 2612 Deus
3345 2565 3615 2623 conterat,
3646 2566 3701 2611 et
3730 2557 3802 2612 ad

2202 2655 2426 2710 nihilum
2451 2654 2658 2723 redigat
2678 2652 2967 2721 imaginem
2990 2659 3253 2717 nostram,
3276 2650 3327 2704 id
3350 2656 3433 2704 est
3460 2652 3728 2703 terrenam
3746 2659 3800 2714 ιν,

2201 2747 2255 2801 in
2310 2747 2531 2802 civitate
2580 2744 2654 2815 (e)
2707 2743 3155 2806 circumstantiae;
3190 2750 3245 2796 et
3273 2741 3535 2795 instauret
3563 2742 3617 2795 in
3642 2738 3802 2794 nobis

2201 2846 2362 2908 atque
2409 2836 2651 2909 perficiat
2699 2836 2988 2903 imaginem
3041 2848 3196 2888 suam
3230 2844 3273 2896 ι,
3316 2834 3368 2886 in
3392 2848 3499 2901 qua
3526 2848 3624 2887 nos
3650 2832 3802 2901 pingi

2202 2948 2309 2986 non
2339 2932 2523 3001 pudet,
2553 2944 2713 2999 quam
2744 2928 3092 2998 pnelerentes
3124 2942 3249 2980 vere
3276 2925 3517 2980 dicamus
3550 2945 3561 2976 :
3593 2924 3803 2996 Defecit

2202 3038 2291 3075 cor
2308 3037 2474 3074 meum
2495 3029 2542 3074 et
2564 3036 2686 3073 caro
2715 3034 2851 3085 mea,
2882 3017 3020 3071 Deus
3051 3018 3223 3071 cordis
3242 3019 3363 3083 mei,
3399 3026 3447 3071 et
3476 3033 3598 3088 pars
3645 3032 3801 3080 mea;

2202 3113 2344 3167 Deus
2366 3115 2418 3167 in
2440 3114 2612 3166 secula
2631 3122 2707 3164 ιιι.
2740 3113 2872 3166 Cum
2896 3111 3038 3165 enim
3063 3110 3203 3165 bona
3222 3110 3803 3179 commutatione,qn:e

2205 3216 2289 3262 est
2316 3206 2518 3258 homini
2542 3220 2572 3257 a
2600 3204 2825 3257 dextera
2863 3201 3072 3256 Excelsi
3096 3200 3179 3265 δι’,
3211 3200 3471 3256 defecerit
3497 3215 3592 3256 cor
3607 3214 3805 3256 meum

501 3294 822 3359 videntibus,
878 3302 933 3349 et
984 3308 1015 3347 e
1069 3293 1346 3346 contrario
1402 3293 1567 3346 etiam
1607 3292 1660 3345 in
1690 3291 1845 3346 caecis
1883 3290 2089 3345 videns.
2118 3300 2167 3362 ο
2200 3306 2255 3351 et
2283 3312 2410 3351 caro
2437 3312 2576 3359 mea,
2611 3296 2661 3349 id
2685 3304 2767 3349 est
2792 3302 2944 3349 actus
2971 3294 3267 3348 voluntatis
3293 3302 3347 3347 et
3374 3292 3564 3348 fructus
3606 3294 3804 3347 camis

502 3384 730 3456 Propter
756 3386 900 3454 quod
950 3386 1185 3439 arbitror
1214 3383 1341 3438 illud
1373 3400 1403 3437 a
1433 3383 1661 3438 Domino
1689 3399 1810 3438 esse
1839 3383 2042 3438 dictum
2078 3402 2089 3436 :

501 3478 567 3533 In
600 3479 856 3550 judicium
896 3494 989 3549 ego
1031 3480 1146 3531 veni
1163 3480 1221 3531 in
1244 3479 1379 3532 hunc
1402 3478 1670 3543 mundum,
1702 3479 1864 3549 utqui
1894 3495 1997 3532 non
2022 3481 2097 3533 vi-

502 3572 641 3637 dent,
668 3572 907 3635 videant;
931 3579 980 3624 et
1001 3571 1086 3642 qui
1109 3570 1303 3637 vident,
1326 3569 1450 3623 caaci
1466 3569 1597 3638 ﬁant
1621 3568 1668 3623 (³.
1711 3568 1863 3622 Venit
1884 3570 2018 3622 enim
2042 3569 2093 3622 in

503 3662 633 3716 hunc
654 3662 900 3715 mundum
921 3677 1150 3733 quaerere
1188 3663 1323 3733 quod
1342 3661 1568 3730 perierat
1598 3668 1714 3724 ¢,et
1736 3660 2095 3714 reluminare"

504 3753 648 3824 quod
686 3761 946 3807 cxcoatum
971 3752 1142 3806 fuerat
1169 3753 1211 3804 τ.
1247 3752 1488 3820 Denique
1537 3749 1691 3819 hujus
1721 3750 1910 3807 medici
1935 3764 2098 3819 egens

504 3847 666 3903 homo
697 3846 748 3900 in
772 3843 1038 3914 Propheta
1061 3846 1256 3899 clamat
1287 3862 1299 3897 :
1357 3843 1607 3897 Illnmina
1663 3845 1895 3898 tenebras
1935 3861 2093 3909 meas,

505 3935 726 3990 Domine
756 3945 801 3988 Β.
846 3934 1053 3989 Etenim
1096 3937 1394 3991 misericors
1437 3945 1483 3989 et
1514 3938 1788 3989 miseratur
1820 3935 2096 4004 Dominus,

504 4033 669 4102 quiin
693 4033 913 4086 tenebris
942 4032 1200 4086 cmcitatis
1230 4031 1475 4085 humana:
1498 4032 1669 4083 lumen
1690 4040 1925 4085 exortum
1948 4040 2023 4085 est
2048 4029 2094 4098 ιι,

504 4133 561 4179 ut
583 4126 814 4192 erigeret
838 4124 1003 4178 elisos
1040 4122 1082 4187 ί,
1116 4124 1354 4177 solveret
1382 4124 1742 4192 compeditos,
1775 4123 2100 4177 illmninaret

504 4233 675 4272 caecos
700 4220 748 4282 i;
780 4216 1056 4284 quomodo
1079 4215 1344 4270 czecandis
1371 4215 1674 4268 videntibus
1704 4218 1960 4269 venerat?
2001 4223 2097 4269 At~

504 4312 594 4380 qui
626 4310 668 4340 ¹⁰
690 4310 743 4362 in
767 4307 1060 4375 Evangelio
1082 4307 1339 4362 docemur
1360 4307 1507 4361 illum
1535 4304 1716 4363 inultis
1746 4310 1901 4363 (τευθίς
1928 4311 2099 4363 visum

505 4400 819 4460 redonasse,
852 4399 1053 4452 nemini
1083 4398 1382 4451 sustulisse.
1416 4398 1522 4452 Sed
1565 4400 1703 4453 sicut
1728 4400 1986 4468 scriptum
2018 4409 2101 4454 est

507 4493 560 4547 in
589 4491 707 4558 lege
738 4507 749 4541 :
786 4488 895 4559 Ego
916 4489 1170 4554 occidam,
1200 4500 1249 4542 et
1275 4506 1368 4559 ego
1418 4491 1584 4542 vivere
1615 4491 1805 4559 faciam
1838 4490 1859 4526 ιι
1897 4508 1908 4542 :
1963 4491 2102 4543 sicut

507 4582 669 4638 etiam
693 4582 747 4635 in
777 4580 1090 4648 Evangelio,
1121 4580 1245 4648 quia
1276 4581 1389 4649 ipse
1412 4581 1608 4649 positus
1631 4590 1706 4631 est
1724 4582 1776 4632 in
1802 4581 2028 4647 ruinam,
2053 4591 2103 4633 et

2202 3406 2351 3451 metu,
2380 3396 2490 3441 tum
2517 3388 2649 3457 jam,
2685 3395 2743 3439 nt
2770 3401 2798 3439 a
2822 3385 3099 3455 corporeis
3120 3384 3346 3440 nexibus
3369 3384 3518 3448 liber,
3538 3391 3590 3438 et
3610 3397 3806 3439 amco

2202 3482 2364 3536 corde
2395 3490 2653 3551 pungatus
2701 3480 2882 3535 dicere
2912 3478 3139 3534 audeam
3176 3496 3189 3531 :
3223 3476 3363 3532 Deus
3397 3477 3565 3532 cordis
3601 3478 3720 3541 mei,
3746 3487 3806 3532 et

2199 3590 2320 3643 pars
2344 3589 2456 3625 mea
2483 3572 2619 3626 Deus
2642 3574 2693 3626 in
2718 3572 2890 3625 secula
2912 3581 2989 3625 σε.
3022 3567 3238 3625 Utinam
3268 3568 3602 3638 compleatur
3629 3567 3805 3622 inme

2201 3668 2421 3721 verhnm
2444 3667 2569 3719 illud
2595 3666 2890 3735 evangelici
2906 3664 3210 3737 Symeonis,
3228 3670 3287 3717 ut
3302 3661 3397 3717 ﬁat
3414 3661 3546 3716 mihi
3563 3660 3805 3715 Christus

2200 3762 2253 3814 in
2284 3762 2487 3813 ruinam
2532 3768 2580 3812 et
2616 3761 2668 3812 in
2714 3760 3141 3812 resurrectionem
3161 3754 3217 3793 δά
3250 3757 3315 3810 ⁸³.
3339 3755 3514 3809 Ruina
3542 3754 3805 3810 exteriori

2202 3867 2343 3914 meo,
2376 3860 2430 3904 et
2460 3849 2699 3903 interiori
2725 3847 3076 3911 resurrectio;
3111 3855 3168 3900 ut
3190 3846 3347 3901 cadat
3371 3846 3424 3899 in
3452 3861 3543 3900 me
3589 3860 3790 3915 pecca~

2204 3953 2335 4005 tum,
2360 3942 2502 4010 quod
2529 3942 2705 3995 anima
2750 3938 2976 3995 cadente
3006 3938 3281 4003 consistit;
3312 3944 3366 3991 et
3396 3945 3649 4005 exsurgat
3703 3934 3808 3991 ille

2203 4034 2541 4099 immortalis,
2560 4032 2652 4102 qui
2675 4031 2873 4087 cecidit
2894 4039 3216 4100 exsurgente
3238 4038 3485 4100 peccato.
3502 4026 3807 4085 Exterioris

2202 4128 2344 4183 enim
2371 4134 2565 4189 status,
2598 4124 2870 4179 interioris
2898 4138 3055 4178 casus
3076 4132 3159 4177 est
3187 4140 3200 4175 :
3232 4130 3288 4177 et
3315 4122 3437 4176 ideo
3459 4122 3675 4190 quando
3715 4123 3805 4175 in-

2202 4221 2443 4289 ﬁrmatur
2487 4218 2731 4280 exterior,
2787 4216 2873 4283 qui
2914 4216 3056 4267 intus
3103 4221 3179 4266 est
3234 4219 3509 4267 renovatur
3559 4211 3807 4265 dediein

2204 4312 2338 4364 diem
2362 4309 2576 4378 0°.iQuo
2604 4322 2802 4376 genere
2825 4304 3093 4377 perfectus
3121 4305 3378 4373 magister
3393 4304 3471 4375 (id
3492 4313 3570 4357 est
3586 4301 3646 4357 S.
3663 4300 3807 4357 Pan-

2204 4401 2303 4453 lus.
2343 4399 2403 4452 Υ.
2436 4414 2522 4468 ep.
2555 4397 2645 4461 ‘23,
2671 4414 2722 4450 ιι.
2754 4396 2843 4464 Η)
2875 4396 2951 4450 ait
2985 4415 2997 4449 :
3033 4395 3256 4464 Quando
3278 4396 3541 4465 infirmor,
3576 4404 3806 4466 tuncpo-

2207 4502 2316 4544 tens
2345 4506 2458 4544 sum
2480 4489 2557 4543 τί.

2276 4585 2329 4636 ϐ.
2368 4582 2583 4637 Gratias
2611 4590 2793 4634 autem
2824 4579 3053 4635 Domino
3084 4578 3150 4645 “,
3180 4577 3324 4648 quod
3349 4566 3574 4649 perenni
3630 4580 3807 4648 magis

507 4677 559 4729 in
610 4674 1035 4727 resurrectionem
1080 4671 1359 4724 multorum
1390 4669 1402 4707 ι
1435 4687 1449 4735 ;
1497 4672 1570 4724 ita
1618 4678 1673 4725 et
1714 4671 1841 4725 illud
1868 4680 1952 4725 est
1986 4691 1997 4724 :
2034 4671 2100 4726 'ln
2137 4670 2184 4730 D
2210 4675 2526 4729 eLvivente
2572 4671 2777 4741 pictura
2835 4670 3092 4738 imagines
3133 4675 3345 4727 nostras
3379 4682 3488 4723 non
3519 4668 3575 4723 in
3605 4668 3807 4724 tabulis

508 4766 756 4837 judicium
784 4765 895 4817 veni
919 4765 975 4816 in
1007 4763 1139 4815 hunc
1169 4762 1435 4824 mundum,
1458 4772 1513 4814 ut
1544 4765 1629 4833 qui
1679 4779 1781 4817 non
1828 4764 1999 4818 vident
2023 4767 2098 4819 ri-

509 4859 684 4921 deant,
708 4865 757 4910 et
777 4855 1005 4909 uidentes
1027 4855 1153 4907 casei
1180 4854 1311 4924 ﬁant
1336 4864 1392 4907 η’.
1418 4853 1579 4908 Venit
1604 4870 1734 4924 ergo
1761 4855 2018 4912 Dominus
2040 4867 2097 4913 ut

508 4956 692 5003 vetera
723 4947 1032 5010 transirent,
1066 4954 1119 4999 et
1149 4960 1286 5000 nova
1317 4946 1589 5000 orirentur
1613 4956 1661 5000 ιι.
1722 4944 1789 5001 Et
1818 4948 2095 5019 impletum

585 5094 608 5121 ⁸
632 5081 768 5139 Gen.
813 5098 867 5147 ιι,
899 5076 950 5134 9.
1027 5080 1055 5119 ι)
1094 5080 1228 5136 Gen.
1262 5098 1337 5145 ιιι,
1372 5081 1426 5149 6,
1458 5098 1566 5137 sec.
1600 5081 1756 5137 LXX.

510 5166 534 5202 κ
560 5155 700 5211 Psal.
728 5170 866 5219 xvn,
896 5151 986 5207 29.
1066 5150 1088 5188 ⁸³
1118 5152 1260 5208 Psal.
1301 5170 1385 5208 cx:
1408 5195 1422 5217 ,
1456 5152 1507 5205 4.

509 5237 547 5264 ιιι
577 5226 771 5282 Johan.
807 5240 891 5287 ιι,
927 5223 1019 5278 59.
1099 5233 1123 5260 τι
1156 5223 1323 5293 Apoc.
1356 5241 1477 5286 xxi,
1510 5223 1563 5277 5.

515 5297 672 5353 aCol.
708 5312 785 5361 ιιι,
819 5295 869 5348 9.
956 5300 967 5330 ³
1016 5294 1157 5350 Psal.
1187 5311 1283 5358 cn,
1317 5294 1369 5347 5.
1448 5303 1471 5329 υ
1515 5293 1563 5351 Ps

508 5384 681 5434 Lxxn,
723 5366 812 5421 ‘20.
889 5375 944 5402 ³η
971 5365 1109 5420 Psal.
1144 5382 1305 5430 Lxxu,
1338 5365 1429 5431 26,
1459 5380 1567 5420 sec.
1594 5366 1820 5423 Psalter.
1842 5370 2000 5425 Rom.
2079 5371 2139 5411 ω)

508 5438 592 5491 54.
640 5450 692 5476 υτ
735 5437 777 5491 ιι
805 5435 930 5493 Cor.
967 5453 1048 5501 tv,
1118 5436 1198 5490 l6.

1597 5157 1607 5190 ί
1655 5152 1795 5210 Psal.
1830 5173 1990 5225 chv,
2030 5160 2084 5213 8.

956 5300 967 5330 ³
1016 5294 1157 5350 Psal.
1187 5311 1283 5358 cn,
1317 5294 1369 5347 5.
1448 5303 1471 5329 υ
1515 5293 1652 5352 Psal.
1683 5314 1866 5361 LXXVI,
1906 5302 1988 5353 ll.

583 5592 658 5662 (a)
687 5592 788 5662 Sic
815 5595 1216 5649 emendavimus
1244 5609 1308 5648 ex
1341 5611 1437 5649 ms.
1472 5596 1657 5652 codice
1708 5595 1997 5652 Viennensi
2045 5606 2101 5653 et

510 5660 818 5717 edit.'Grin.
851 5665 971 5729 Alii,
1000 5667 1348 5720 innocentem.

582 5731 658 5803 (b)
700 5731 1033 5803 Addidimus,
1064 5746 1113 5790 et
1141 5738 1285 5798 mali,
1317 5749 1386 5789 ex
1418 5751 1517 5790 ms.
1543 5736 1729 5791 codice
1752 5735 2048 5795 Viennensi
2078 5758 2092 5793 :

510 5801 860 5871 qum’additio
889 5801 1362 5871 erat'necessaria,
1420 5814 1475 5861 et
1529 5808 1879 5863 conlirmatur
1922 5824 1989 5864 ex
2034 5811 2099 5864 iis

511 5888 627 5943 qua:
656 5883 1060 5944 praecesserunt,
1091 5894 1143 5930 ιι.
1174 5876 1225 5930 ‘2.
1253 5875 1370 5929 boni
1396 5878 1616 5947 malique
1642 5879 1858 5948 delectu,
1890 5889 1944 5936 ct
1966 5896 2018 5934 ιι.
2043 5882 2095 5945 5,

1839 5096 1860 5124 ο
1904 5086 2059 5152 lbid.,
2095 5090 2145 5144 7.
2222 5087 2248 5126 ά
2280 5086 2473 5140 Johan.
2500 5099 2570 5145 Ix,
2596 5086 2626 5135 5

1839 5173 1990 5218 chv.
2030 5160 2084 5213 8.
2168 5163 2182 5210 ι
2234 5158 2361 5213 Luc.
2395 5168 2504 5218 vlt,
2537 5154 2626 5206 2|.

2205 4766 2565 4840 putribilibus,
2618 4777 2792 4831 neque
2841 4763 2982 4819 ceris
3033 4761 3379 4831 liquentibus,
3410 4761 3502 4815 sed
3526 4763 3584 4815 in
3613 4759 3807 4815 (obuiis

2201 4857 2497 4913 carnalibus
2525 4853 2695 4909 cordis
2727 4863 2777 4901 κε
2813 4854 2890 4908 ιιιί
2921 4853 3132 4924 pinxit:
3162 4853 3257 4908 ubi
3289 4867 3387 4907 nos
3432 4853 3723 4923 impressus
3744 4860 3809 4908 et

2204 4951 2394 5006 animze
2425 4956 2529 5001 tute
2552 4942 2935 5009 conformatus,
2990 4942 3058 5015 (Γ)
3092 4943 3233 5009 ﬁdei,
3258 4951 3324 4998 et
3358 4943 3544 5012 gratia:
3593 4943 3808 5000 unitate

3281 5082 3298 5119 ί
3340 5080 3532 5136 Johan.
3566 5097 3681 5143 vin,
3709 5081 3803 5137 l2.

3354 5150 3546 5206 lLuc.
3594 5168 3666 5219 ιι,
3706 5152 3783 5206 54

2222 5087 2248 5126 ἀ
2280 5086 2473 5140 Johan.
2500 5099 2570 5145 Ix,
2596 5081 2683 5135 39.
2766 5091 2789 5118 ε
2814 5081 2939 5137 Luc.
2964 5099 3076 5146 XIX,
3114 5081 3193 5135 l0.

2708 5151 2731 5190 ¹ί
2774 5152 2928 5207 Dent.
2964 5166 3111 5209 xxxii
3135 5194 3150 5219 ,
3181 5153 3270 5207 59.

2378 5225 2394 5238 Ἰ

1645 5235 1669 5262 °
1711 5227 1867 5282 Deut.
1912 5202 2058 5285 xx’xn
2072 5271 2090 5294 ,

2204 5195 2472 5284 ."iwcs'i.
2490 5195 2715 5294 ὐἷ’ἱδ,
2771 5195 2812 5272 ιῖ
2818 5195 2997 5294 "551.."
3002 5195 3156 5290 ἷιῖὶίῖ
3181 5195 3270 5261 wr'
3292 5195 3680 5294 Ρεειῗξὶἓιὶἱξ
3703 5195 3809 5280 Ξῖ

2069 5292 2094 5336 θ
2135 5299 2269 5363 Eph.
2298 5315 2371 5359 iv,
2414 5294 2501 5348 2i.
2582 5304 2603 5330 π
2627 5293 2760 5363 Eph.
2798 5292 2990 5358 “3'22.
3067 5304 3092 5343 ι’
3124 5294 3289 5350 lCor.
3318 5310 3405 5360 xv,
3434 5292 3523 5347 49.
3570 5362 3577 5363 ί
3605 5304 3627 5329 ι
3654 5292 3808 5347 Psal.

2223 5370 2321 5426 sal.
2356 5382 2537 5430 Lxxu,
2566 5367 2645 5419 ll.
2672 5362 2685 5363 ί
2769 5376 2819 5403 σε
2864 5363 3004 5420 Psal.
3046 5382 3220 5431 Lxxu,
3261 5363 3348 5420 26.
3462 5362 3518 5401 ἀεί
3563 5362 3690 5420 Luc.
3731 5379 3813 5431 ιι,

1301 5436 1348 5476 Η
1391 5436 1431 5491 ll
1456 5435 1579 5492 Cor.
1613 5455 1703 5501 χιι,
1742 5439 1820 5493 10.
1900 5450 1955 5488 εις
1987 5438 2030 5495 ll
2059 5439 2186 5499 Cor.
2214 5458 2291 5504 ιιι,
2323 5440 2374 5493 3.

2206 5608 2484 5668 accepta...
2521 5599 2639 5653 boni
2661 5610 2709 5653 et
2731 5602 2857 5656 mali
2877 5604 3110 5657 scientia.

2278 5672 2352 5811 (δὲ
2392 5669 2489 5725 Ms.
2524 5670 2679 5725 Vien.
2712 5672 2815 5737 bis,
2848 5674 3035 5727 videat.

2278 5742 2332 5809 (ά
2394 5740 2489 5795 Ms.
2517 5740 2686 5795 codex
2716 5741 3035 5809 Vien.,imm

2275 5740 2352 5809 (d)
2394 5740 2489 5795 Ms.
2517 5740 2686 5795 codex
2716 5741 2893 5809 Vien.,
2917 5746 3265 5800 immutamur.

2278 5816 2348 5880 (e)
2389 5813 2466 5866 Ita
2496 5827 2596 5866 ms.
2624 5813 2794 5867 codex
2818 5813 3154 5871 Viennensis.
3188 5814 3312 5869 Alii.
3362 5814 3809 5873 circumstantias.

2281 5884 2346 5952 (ι’)
2388 5882 2483 5939 Ms.
2509 5882 2665 5953 licg.,
2697 5883 2818 5956 ﬁde.
