4078 6352
228 390 331 446 5ζό

1498 386 1507 399 ’
1582 390 1909 455 EPIS'IOLA
1951 398 2139 457 AXXI.

3413 409 3521 465 338

228 513 553 569 custodiens,
585 520 691 560 non
721 506 895 562 solum
925 505 1069 577 istic,
1090 521 1185 563 seu
1221 515 1385 562 etiam
1415 524 1469 563 in
1498 518 1702 565 aeterno
1732 526 1817 566 se-
1847 520 1894 575 Α
1921 513 2182 571 Dominus
2210 514 2508 586 majestatis
2530 515 2740 583 atﬁxus,
2775 524 3040 575 tremente
3064 532 3286 584 mundo,
3315 536 3519 595 pepen-

225 596 365 661 culo,
427 596 697 651 individua
738 614 1059 670 semperque
1084 600 1339 671 prmsenti
1359 602 1820 673 contemplatione

160 724 171 733 ι
222 689 542 758 eonspicies.
591 687 689 744 llic
741 691 923 758 etiam,
975 692 1020 746 si
1065 700 1247 749 tantus
1296 709 1448 749 amor
1476 702 1558 750 est
1588 696 1818 750 visihilia

220 798 435 853 quoque
477 791 698 853 captare
747 784 960 853 solatia,
991 787 1195 856 poteris
1218 802 1313 858 per
1340 788 1625 858 magistras
1655 789 1819 843 animi

221 873 294 926 tui
325 872 496 927 lineas
524 873 610 927 vel
662 873 922 944 imperitis
963 886 1056 930 aut
1084 876 1455 946 ignorantibus
1485 894 1583 949 nos
1613 878 1819 934 dictare

218 964 537 1033 pictoribus,
566 966 879 1020 memoriam
914 966 1018 1023 illis
1046 976 1213 1034 tuam,
1260 969 1313 1023 in
1353 984 1458 1039 qua
1506 986 1606 1026 nos
1650 971 1818 1027 habes

218 1056 411 1126 pictos,
446 1056 589 1111 velut
618 1057 875 1113 inu'tanda
896 1060 963 1114 de
984 1060 1291 1131 conspicuis
1320 1062 1670 1118 assidentium
1692 1063 1814 1118 vul-

217 1147 358 1201 tibus
390 1164 484 1203 ora
512 1164 838 1219 proponens.
864 1149 974 1205 Sed
1004 1152 1049 1207 si
1073 1151 1212 1208 forte
1226 1152 1293 1208 ad
1310 1153 1642 1210 intellectum
1664 1156 1815 1211 verbi

214 1240 291 1293 tui
322 1240 566 1295 inscitior
592 1256 783 1296 manus
839 1243 971 1297 artis
1028 1246 1187 1316 (l'orte
1244 1246 1344 1318 leg.
1378 1244 1621 1317 artiﬁcis)
1653 1262 1804 1301 erra-

214 1330 371 1396 verit,
425 1329 710 1387 diSsimiles
765 1335 949 1404 pinget
984 1335 1144 1391 aliis:
1192 1336 1289 1391 tibi
1318 1346 1498 1393 tamen
1529 1340 1677 1410 (fort.
1704 1339 1803 1411 leg.

210 1425 417 1495 autem)
475 1442 571 1480 nos
615 1442 829 1496 semper
877 1432 1057 1484 animo
1088 1430 1449 1486 consideranti
1481 1439 1537 1486 et
1563 1432 1807 1503 comple-

210 1513 399 1579 ctenti,
432 1514 698 1583 quoslibet
720 1516 896 1571 vultus
924 1517 1023 1573 sub
1073 1527 1259 1575 nostro
1287 1521 1503 1576 nomine
1533 1521 1807 1591 imperitia

209 1620 305 1660 sua
330 1608 588 1678 pinxerit,
623 1617 804 1663 tamen
836 1618 924 1664 tua
949 1611 1277 1667 conscientia
1299 1629 1398 1669 nos
1414 1614 1632 1669 erimus.

694 1698 1027 1756 EPISTULA
1066 1704 1083 1722 ‘
1123 1701 1312 1758 XXXI.

214 1788 375 1869 189
416 1788 477 1842 In
510 1788 737 1869 basilica:
765 1795 1204 1869 consecrationem
1243 1794 1431 1869 Severo
1460 1798 1616 1869 mittit
1639 1798 1805 1869 parti-

276 1861 449 1936 culam
480 1862 1045 1936 sanctissinttecrttcis,
1077 1881 1275 1936 quoque
1304 1867 1441 1919 cultu
1472 1861 1710 1921 habenda
1737 1871 1804 1923 sit

274 1931 446 1984 docet.
475 1931 606 1985 lude
634 1933 803 1986 crucis
823 1935 1045 1988 inventa:
1071 1931 1323 1989 subnectit
1343 1937 1632 1992 historiam.

224 2049 228 2055 -
274 2020 496 2076 Βενεκο
527 2022 604 2092 (a)
634 2021 789 2076 fratri
819 2025 1074 2079 unanimo
1097 2024 1383 2081 PAULINUS.

274 2128 328 2183 1.
373 2129 563 2183 Frater
591 2128 778 2185 Victor
806 2131 948 2186 inter
975 2132 1108 2187 alias
1132 2149 1357 2203 operum
1391 2144 1602 2191 tuorum
1627 2146 1684 2193 et
1706 2154 1808 2192 vo-

205 2226 387 2274 torum
416 2222 759 2276 narrationes
778 2222 966 2277 retulit
996 2223 1154 2277 nobis
1180 2224 1490 2281 desiderare
1520 2237 1574 2284 te
1600 2228 1669 2283 ad
1704 2230 1809 2284 ‘ba-

201 2311 412 2365 silicam
442 2325 605 2379 quam
656 2312 821 2367 modo
845 2313 987 2383 apud
1009 2313 1388 2371 Primuliaeum
1416 2316 1510 2388 (V.
1537 2328 1649 2374 not.
1682 2320 1808 2393 157)

200 2409 448 2455 nostram
478 2402 738 2470 majorem
763 2404 945 2473 priore
970 2405 1291 2474 condideris,
1322 2408 1391 2463 de
1412 2412 1576 2465 sata-is
1595 2420 1811 2467 sancto-

199 2507 325 2545 rum
374 2492 618 2562 reliquiis
658 2494 1111 2562 benedictionem,
1142 2510 1247 2566 qua
1290 2500 1583 2556 adornetur
1622 2503 1810 2558 dome-

199 2585 341 2639 stica
374 2592 464 2639 tua
496 2587 745 2652 ecclesia,
774 2598 835 2641 ut
878 2587 982 2642 ﬁde
1024 2597 1079 2643 et
1123 2592 1294 2658 gratia
1334 2600 1426 2647 tua
1456 2594 1675 2661 dignum
1703 2605 1807 2650 est.

197 2675 385 2733 Testis
434 2687 517 2733 est
564 2688 745 2735 autem
792 2680 1051 2735 Dominus
1099 2683 1245 2751 quod
1291 2684 1337 2737 si
1381 2685 1464 2738 vel
1502 2687 1811 2755 scrypulum

196 2770 325 2838 (pro
373 2770 708 2839 scrupulum)
757 2772 898 2826 sacri
948 2774 1144 2827 cineris
1192 2774 1598 2842 habuissemus,
1648 2792 1811 2848 supra

193 2871 373 2927 quam
408 2849 565 2914 nobis
609 2861 675 2913 ad
716 2862 1023 2924 basilicam,
1054 2878 1174 2933 quae
1212 2866 1461 2933 proxime
1491 2866 1545 2920 in
1593 2868 1811 2924 nomine

192 2950 435 3004 Domini
462 2951 940 3018 consummahitur,
963 2953 1315 3009 dedicandam
1340 2958 1701 3013 necessarium
1734 2959 1809 3030 (ὁ)

193 3048 359 3104 erat,
388 3041 724 3097 misisseums
755 3044 1096 3099 unanimitati
1123 3053 1227 3100 tua:
1254 3064 1266 3099 :
1295 3048 1390 3103 sed
1420 3049 1543 3118 quia
1572 3065 1670 3106 nos
1701 3067 1811 3107 non

192 3132 504 3188 habuimus
532 3133 689 3202 hujus
718 3136 957 3190 muneris
977 3138 1205 3207 copiam,
1235 3146 1290 3193 et
1310 3139 1401 3194 ille
1421 3155 1480 3195 se
1500 3156 1649 3211 spem
1671 3143 1811 3213 ejus-

196 3224 332 3279 dem
364 3224 554 3292 gratia:
574 3226 855 3294 copiosam
875 3228 1077 3283 habere
1099 3230 1171 3299 (ε)
1196 3231 1332 3285 dixit
1352 3247 1383 3284 a
1405 3242 1589 3288 sancta
1614 3234 1800 3304 Silvia,

199 3330 326 3386 quae
358 3314 434 3369 illi
462 3315 531 3369 de
559 3317 851 3371 multorum
879 3334 946 3372 ex
973 3318 1192 3376 Oriente
1239 3330 1535 3395 martyrum
1562 3327 1804 3398 reliquiis

199 3407 614 3476 Spopondisset,
646 3408 946 3464 invenimus
996 3412 1141 3481 quod
1186 3412 1348 3485 digne
1387 3424 1443 3471 et
1470 3416 1536 3471 ad
1570 3418 1803 3476 basilica:

201 3498 695 3553 sanetihcationem
723 3500 899 3569 vobis,
923 3508 978 3556 et
1006 3502 1071 3555 ad
1094 3512 1409 3561 sanctorum
1431 3508 1674 3565 cinerum
1701 3527 1800 3567 cu-

202 3590 523 3645 mulandum
543 3591 977 3647 benedictionem
1005 3594 1364 3663 mitteremus,
1399 3610 1606 3670 partem
1628 3605 1801 3674 parti-

204 3687 339 3737 cuia:
370 3683 441 3738 de
468 3683 614 3753 ligno
651 3684 847 3739 divina":
869 3687 1062 3742 crucis.
1093 3687 1249 3755 Quod
1275 3692 1431 3747 nobis
1466 3695 1666 3749 bonum
1707 3696 1801 3751 be-

205 3777 421 3832 nedicta
474 3778 552 3847 (ά)
603 3776 862 3833 Melanius
908 3778 1007 3851 (V.
1042 3790 1157 3836 not.
1186 3782 1312 3855 158)
1356 3785 1424 3840 ab
1464 3785 1802 3843 Hierusalem

205 3884 433 3925 munere
477 3872 652 3926 sancti
698 3870 823 3927 inde
867 3875 1107 3945 episcopi
1152 3875 1415 3934 Johannis
1467 3882 1663 3945 attulit,
1696 3884 1800 3940 hoc

206 3964 518 4032 specialiter
540 3965 716 4039 sorori
746 3972 944 4020 nostra:
962 3969 1258 4022 venerabili
1288 3971 1521 4026 Bassulae
1551 3974 1692 4027 misit
1725 3977 1801 4044 (id

206 4064 279 4109 est
307 4052 591 4120 Therasia,
624 4071 763 4112 uxor
791 4054 1022 4128 Paulini)
1053 4074 1314 4116 conserva
1342 4067 1674 4131 communis;
1704 4068 1800 4121 sed

207 4149 350 4217 quod
378 4148 538 4202 alteri
572 4157 813 4203 vestrum
857 4150 1033 4213 datur,
1082 4152 1361 4221 utriusque
1399 4164 1638 4209 vestrum
1687 4166 1796 4223 est;

208 4243 326 4311 quia
357 4242 418 4296 in
445 4251 675 4313 utroque
700 4252 939 4298 vestrum
964 4259 1068 4298 una
1088 4246 1227 4301 ratio
1249 4256 1433 4305 manet
1456 4258 1514 4316 ις
1538 4259 1593 4305 et
1610 4266 1799 4307 sexum

210 4343 437 4391 evacuat
466 4334 617 4401 ﬁdes,
647 4350 753 4406 qua
775 4336 828 4389 in
856 4336 1032 4391 virum
1061 4337 1359 4408 perfectum
1390 4342 1548 4398 ambo
1578 4358 1801 4399 concur-

210 4426 322 4481 ritis
345 4427 402 4482 ιι.
433 4426 677 4497 Accipite
718 4441 848 4496 ergo
875 4428 943 4483 ab
982 4431 1251 4487 unanimis
1287 4430 1540 4491 fratribus
1568 4436 1620 4491 in
1651 4440 1797 4494 omni

210 4517 348 4575 bono
375 4526 621 4574 vestrum
660 4519 762 4574 sibi
800 4521 1131 4575 consortium
1174 4523 1534 4594 cupientibus,
1567 4530 1798 4600 accipite

209 4624 459 4679 Iuagnum
506 4611 561 4665 in
606 4610 818 4666 modico
855 4627 1077 4678 munus;
1125 4621 1183 4668 et
1229 4616 1282 4669 in
1332 4628 1609 4687 segmento
1656 4638 1796 4692 pene

212 4710 387 4757 atomo
419 4704 604 4757 astulae
641 4703 821 4759 brevis
844 4705 1044 4759 sumite
1071 4708 1461 4764 monimntum
1494 4716 1791 4783 prtesentis,

211 4799 261 4846 et
281 4795 473 4863 pignus
500 4801 714 4849 interna:
743 4794 945 4849 salutis.
978 4794 1096 4850 Non
1119 4808 1435 4868 angustetur
1458 4801 1589 4861 ﬁdes
1616 4817 1796 4865 vestra

210 4887 511 4942 carnalibus
538 4887 711 4942 oculis
739 4903 902 4957 parva
924 4891 1289 4958 cernentibus,
1319 4894 1415 4950 sed
1444 4896 1655 4953 interna
1678 4902 1795 4956 acie

210 4984 373 5033 totam
410 4979 464 5033 in
490 4979 596 5035 hoc
622 4979 846 5034 minimo
874 4980 984 5034 vim
1013 4983 1187 5038 crucis
1212 4985 1413 5041 videat.
1446 4982 1580 5044 Dum
1609 4992 1795 5048 videre

208 5085 297 5127 vos
343 5073 601 5143 cogitatis
643 5072 843 5141 lignum
893 5070 1052 5141 illud,
1103 5086 1211 5144 qno
1253 5079 1395 5135 salus
1441 5092 1653 5153 nostra,
1686 5101 1794 5156 quo

327 5205 451 5262 Gal.
508 5207 722 5279 111,28.
800 5209 824 5247 ιι
857 5208 992 5279 Eph.
1045 5227 1117 5274 IV,
1150 5212 1234 5269 15.

211 5362 367 5417 xxvn,
395 5348 484 5415 66,
508 5362 565 5405 et
591 5367 778 5418 xxviii,
803 5350 884 5407 15.

211 5485 480 5614 aDIIOAll‘igg
502 5489 562 5544 1¹1
587 5508 601 5558 ;
652 5507 771 5564 Qum
825 5505 1006 5553 autem
1026 5496 1093 5553 51
1127 5509 1266 5570 erat,
1292 5520 1433 5560 nunc
1460 5504 1548 5559 44.
1582 5504 1799 5576 Scripta

243 5573 345 5612 nno
373 5573 498 5614 405.

237 5696 248 5707 ⁸
278 5628 352 5697 (a)
376 5630 475 5715 bis.
501 5631 700 5715 Yatic.,
723 5646 969 5715 autemet
989 5643 1251 5715 unanimo
1268 5647 1418 5715 fratri
1444 5645 1632 5703 Severo
1655 5649 1793 5702 Pau-

213 5695 359 5782 ⁸πῖιῇ
385 5700 486 5782 Με-
512 5695 697 5782 Ἧθησξ
722 5703 1004 5782 δςζὶδᾴἱηιο
1034 5713 1189 5782 fratri

281 5769 357 5907 ἑὸ)
382 5769 507 5827 Mss.
536 5772 669 5856 Reg.
702 5784 755 5830 et
783 5776 980 5844 Vatie.,
1011 5769 1130 5836 erit.
1160 5782 1403 5853 Utraque
1432 5769 1785 5845 lectiohona.

303 5844 350 5907 c)
378 5839 501 5898 Mss.
537 5842 706 5900 Vattc.
740 5855 794 5902 et
823 5848 1001 5907 Ἥρη..
1034 5853 1251 5907 dicebat.

303 5844 350 5909 c)
378 5839 501 5898 Mss.
537 5839 706 5900 Vatic.
740 5855 794 5902 et
823 5839 1001 5913 Ἥρη..
1034 5853 1251 5908 dicebat.

1923 606 2083 674 derit,
2116 610 2398 665 exsultetis
2419 626 2541 666 cum
2564 618 2821 666 tremore.
2846 610 3219 668 Recordemur
3256 626 3311 668 et
3336 625 3519 686 petras

1923 697 2073 754 ﬁssas
2099 701 2165 753 ad
2197 700 2354 770 hujus
2382 710 2660 772 aspectum
2702 703 2908 769 crucis;
2939 712 2994 759 et
3030 704 3222 760 saltem
3262 721 3515 763 saxorum

1918 791 2284 860 aemulatione,
2316 793 2613 863 pnecordia
2643 802 2826 848 nostra
2860 793 3122 851 ﬁndamus
3151 778 3343 852 timore
3372 796 3515 852 divi-

1918 898 2010 938 no.
2032 879 2379 953 Tlepolemus
2406 894 2461 941 et
2483 886 2645 940 velum
2678 887 2854 957 templi
2883 888 3077 943 eodem
3100 891 3273 946 crucis
3310 901 3511 964 mystc-

1918 974 2000 1029 rio
2030 977 2245 1029 scissum
2279 987 2333 1043 c;
2366 985 2421 1031 ct
2468 976 2827 1045 intelligamus
2861 979 3017 1050 190
3064 978 3205 1035 illius
3248 979 3352 1035 veli
3382 980 3513 1036 scis~

1919 1080 2099 1120 suram
2130 1081 2196 1121 eo
2226 1066 2390 1123 fuisse
2418 1076 2753 1138 prmtentam,
2786 1076 2843 1123 ut
2877 1067 3157 1125 audientes
3186 1070 3374 1127 vocem
3404 1072 3509 1126 Do-

1916 1158 2068 1224 mini,
2094 1167 2149 1214 et
2169 1160 2483 1232 mysterium
2508 1160 2722 1232 pietatis
2744 1161 3034 1226 immense,
3062 1178 3167 1218 non
3186 1163 3512 1219 obdurcnnts

1919 1251 2082 1306 corda
2111 1260 2298 1307 nostra
2323 1250 2382 1320 d;
2426 1253 2519 1309 sed
2544 1269 2575 1307 a
2607 1253 2908 1309 carnalibus
2937 1253 3259 1322 dividantur,
3289 1264 3344 1310 et
3372 1258 3513 1310 sein-

1918 1343 2110 1400 damus
2137 1343 2469 1400 inﬁdelitatis
2490 1345 2763 1414 velamen,
2795 1355 2854 1402 ut
2878 1347 3115 1402 revelata
3144 1346 3322 1403 cordis
3351 1347 3507 1416 facie,

1917 1435 2232 1491 salutarium
2262 1436 2357 1491 Dei
2388 1452 2672 1492 munerum
2701 1446 3041 1493 sacramenta
3070 1439 3349 1494 videamus
3372 1447 3418 1492 ο.

1985 1525 2039 1580 2.
2080 1526 2199 1582 Non
2247 1534 2429 1582 autem
2466 1527 2621 1583 vobis
2661 1536 2716 1583 et
2759 1528 2864 1585 hoc
2892 1528 3202 1596 scribimus,
3236 1536 3295 1584 ut
3337 1529 3511 1585 imite-

1916 1617 2047 1671 mini
2072 1618 2527 1688 compositionem
2558 1620 2739 1687 istam,
2769 1635 2877 1690 qua
2913 1621 3116 1676 tubello
3145 1621 3367 1677 aureolo
3394 1636 3509 1677 rem

1914 1714 2076 1762 tanta:
2103 1706 2498 1765 benedictionis
2532 1710 2861 1766 inclusimus.
2895 1709 3064 1781 Magis
3096 1713 3240 1767 enim
3268 1729 3368 1770 nos
3414 1712 3509 1769 tali

1908 1812 2102 1874 paratu
2132 1802 2293 1859 Iidem
2320 1814 2556 1859 vestram
2589 1804 2783 1859 imitati
2809 1820 2994 1862 sumus
3012 1844 3028 1869 ,
3058 1813 3117 1860 ut
3144 1814 3384 1861 vestram
3410 1822 3509 1862 vo-

1838 1911 1885 1972 B
1912 1894 1994 1949 bis
2024 1892 2307 1950 formulam
2335 1894 2675 1952 mitteremus
2701 1896 2755 1950 in
2784 1897 2964 1967 specie
2992 1897 3129 1952 auri.
3153 1896 3289 1965 Quia
3312 1899 3509 1956 scimus
3582 1925 3589 1931 ι

1914 2004 2030 2055 vos,
2063 1996 2122 2043 ut
2150 2004 2339 2044 aurum
2367 1989 2591 2060 ignitum
2626 1987 2670 2058 ί,
2710 1989 2850 2044 intra
2898 2006 2996 2045 vos
3045 1989 3247 2046 habere
3283 2006 3509 2061 regnum

1916 2079 2011 2134 Dei
2045 2090 2094 2147 δ,
2124 2079 2230 2135 hoc
2270 2088 2356 2135 est
2398 2077 2557 2135 ﬁdem
2598 2082 2772 2137 crucis
2797 2102 2808 2134 :
2834 2097 2940 2151 qua
2984 2096 3205 2151 regnum
3248 2081 3508 2141 caelorum

1915 2170 2201 2225 invaditur.
2238 2171 2298 2226 Si
2327 2174 2484 2238 enim,
2516 2173 2709 2243 inquit,
2733 2176 3126 2244 compatiomur,
3153 2184 3202 2229 et
3222 2192 3508 2248 conregna-

1916 2261 2080 2317 bimus
2112 2260 2168 2317 ι’.
2200 2263 2267 2318 Et
2315 2265 2437 2319 ideo
2485 2281 2594 2320 non
2637 2266 2703 2320 ad
2748 2264 2870 2321 ﬁdei
2918 2265 3335 2334 ﬁrmamentum,
3384 2267 3508 2337 quia

1912 2355 2175 2429 visionem
2206 2354 2312 2412 ﬁde
2341 2357 2707 2428 praevenistis;
2732 2356 2826 2413 sed
2847 2367 3071 2429 propter
3092 2357 3343 2413 meritum
3364 2356 3507 2425 ﬁdei,

1912 2462 2074 2515 quam
2106 2447 2290 2502 auditu
2316 2457 2592 2519 receptam
2630 2448 2673 2514 ί,
2708 2449 2777 2520 (e)
2802 2444 2953 2504 factu
2982 2450 3242 2519 probatis,
3268 2451 3509 2507 misimus

1912 2539 2067 2593 vobis
2096 2538 2149 2592 in
2182 2537 2408 2594 Domino
2438 2540 2566 2609 ligni
2597 2541 2848 2595 salutaris
2876 2541 3108 2595 donum:
3144 2550 3201 2595 ut
3223 2549 3511 2596 crucemet

1914 2642 2147 2695 corpore
2178 2627 2550 2697 possiderctis,
2574 2644 2736 2697 quam
2769 2629 2964 2683 tenetis
3014 2629 3226 2699 spiritu,
3287 2639 3343 2685 et
3387 2646 3513 2701 pro-

1914 2716 2079 2784 positi
2103 2717 2303 2771 virtute
2326 2719 2555 2786 portatis
2584 2720 2628 2772 i.

1988 2805 2038 2859 5.
2082 2805 2190 2862 Sed
2234 2808 2360 2876 quia
2416 2809 2647 2879 idipsum
2686 2810 2815 2865 lides
2844 2811 3056 2866 videtur
3080 2810 3381 2905 postularez
3407 2829 3511 2872 non

1916 2895 2151 2951 alienum
2193 2906 2345 2968 puto,
2401 2902 2528 2969 quia
2580 2903 2799 2972 cognitu
2850 2902 3067 2972 dignum
3123 2913 3225 2970 est,
3256 2895 3511 2961 ena'rrare

1914 2989 2202 3059 specialem
2224 3000 2344 3062 post
2368 2999 2609 3063 tempora
2637 2993 2904 3063 passionis
2925 2994 3206 3050 historiam
3228 2996 3508 3051 revelataz‘

1913 3087 1968 3134 et
1998 3081 2230 3135 inventa:
2255 3082 2449 3137 crucis.
2484 3081 2612 3149 Qua:
2639 3084 2684 3137 si
2713 3084 3011 3153 ignoretur,
3047 3085 3200 3141 facile
3255 3095 3337 3141 est
3387 3104 3508 3157 per-

1910 3171 2063 3242 spici,
2086 3187 2190 3242 qua
2218 3171 2533 3230 difﬁcultate
2567 3177 2589 3207 ¹
2618 3178 2968 3247 approbetur,
3011 3176 3302 3235 Dominica:
3332 3182 3507 3237 erucis

1831 3289 1878 3354 C
1908 3275 2027 3315 esse
2082 3260 2284 3332 lignum
2335 3262 2459 3329 hoc,
2503 3264 2647 3334 quod
2678 3273 2886 3320 certum
2919 3273 3021 3332 est,
3046 3267 3091 3321 si
3121 3268 3174 3323 in
3198 3284 3388 3322 manus
3416 3267 3509 3324 Ju-

1908 3354 2147 3410 tltcorum
2191 3356 2427 3412 venisset
2453 3358 2632 3411 omnia
2663 3367 2851 3413 contra
2884 3359 3042 3414 tidem
3081 3359 3280 3416 Christi
3303 3378 3507 3430 pucea-

1906 3447 2165 3514 ventium,
2197 3449 2585 3504 conterendum
2616 3459 2671 3505 et
2714 3452 3047 3505 exurendum
3096 3452 3279 3506 fuisse.
3322 3452 3507 3522 Neque

1905 3538 2050 3593 enim
2077 3524 2130 3593 in
2163 3556 2322 3595 cruce
2345 3541 2610 3595 abolenda
2639 3542 2658 3571 ⁸
2689 3542 3020 3611 negligentes
3050 3542 3294 3610 fuissent,
3324 3549 3413 3615 qui
3434 3545 3507 3600 si-

1904 3641 2207 3700 gnaverunt
2235 3634 2542 3704 sepulcrum
2576 3631 2599 3670 ιι
2638 3652 2649 3687 :
2683 3651 2783 3691 nec
2834 3617 2974 3691 fer're
3002 3636 3333 3707 potuissent;
3364 3646 3423 3694 ut
3452 3638 3505 3695 in

1904 3737 2065 3778 cruce
2090 3725 2382 3794 superstite
2407 3725 2586 3795 passio
2618 3724 2758 3780 illius
2782 3726 3069 3793 coleretur,
3128 3727 3279 3798 cujus
3324 3745 3504 3785 resur-

1904 3814 2224 3878 rectionem,
2287 3823 2513 3870 vaenato
2566 3814 2819 3873 discussis
2878 3816 2975 3886 (V.
3010 3826 3123 3874 not.
3169 3818 3293 3891 -159)
3324 3821 3503 3889 signa-

1904 3905 2036 3958 culis
2065 3906 2176 3959 suis
2198 3916 2547 3961 monumento
2577 3909 2878 3978 probatam,
2904 3911 3008 3965 coli
3051 3911 3191 3968 ferre
3222 3929 3327 3967 non
3370 3926 3501 3984 pos-

1903 4005 2046 4049 sunt.
2081 3995 2219 4062 Quid
2249 4012 2377 4065 ergo
2419 4015 2560 4053 nunc
2612 4002 2870 4068 qnzeritur
2916 4002 3005 4056 ubi
3053 4002 3215 4056 fuerit
3248 4002 3427 4056 abdita
3456 4002 3505 4073 ⁸,

1907 4084 1972 4151 (1)
2004 4085 2129 4154 quia
2164 4086 2263 4139 nisi
2293 4087 2557 4152 latuisset,
2593 4089 2696 4142 illis
2740 4091 3035 4157 przrsertim
3067 4092 3502 4160 persecutionum

1905 4174 2237 4242 temporibus
2283 4173 2560 4239 Iudaicam
2613 4180 2917 4231 consecutis
2960 4180 3238 4245 invidiam,
3288 4188 3343 4235 et
3364 4164 3504 4252 pelio

1902 4265 2262 4334 supergressis
2307 4266 2602 4333 saevitiam,
2662 4268 3003 4323 manifestum
3052 4278 3135 4325 est
3182 4270 3503 4329 abolendam

1901 4354 2102 4412 fuisse?
2129 4356 2313 4414 Facile
2344 4361 2363 4391 ⁵
2394 4359 2537 4415 enim
2585 4362 2799 4432 assequi
2828 4363 3138 4434 conjectura
3192 4381 3498 4439 possumus,

1900 4463 2008 4518 qua
2064 4450 2114 4504 vi
2163 4451 2491 4507 excidissent
2519 4468 2753 4521 crucem,
2788 4456 2832 4510 si
2863 4465 3075 4512 exstare
3104 4458 3377 4526 vidissent,
3408 4461 3501 4531 qui

1902 4549 1957 4596 et
1981 4541 2155 4597 crucis
2184 4541 2363 4598 locum
2393 4545 2660 4614 persecuti
2692 4555 2836 4602 sunt.
2886 4547 3017 4602 Nam
3044 4548 3349 4605 Hadrianus
3396 4552 3498 4607 im-

1901 4640 2120 4702 perator
2147 4634 2464 4689 existimans
2487 4650 2547 4690 se
2574 4634 2731 4691 ﬁdem
2758 4635 3118 4695 Christianam
3149 4642 3252 4698 loci
3302 4642 3496 4713 injuria

1900 4733 2289 4795 peremturnm,
2325 4726 2377 4779 in
2399 4725 2518 4781 loco
2548 4729 2811 4798 passionis
2837 4732 3179 4789 simulacrum
3221 4733 3367 4791 Jovis
3398 4734 3496 4808 (V.

1902 4824 2016 4871 not.
2068 4815 2193 4887 140)
2243 4819 2618 4886 consecravit;
2651 4831 2705 4876 et
2735 4822 3052 4880 Bcthlehem
3086 4825 3347 4883 Adonidis
3374 4828 3497 4887 fano

1901 4907 2185 4977 profanata
2230 4917 2350 4964 est:
2407 4919 2464 4966 ut
2511 4913 2666 4981 quasi
2695 4915 2849 4969 radix
2876 4924 2932 4971 et
2961 4914 3364 4974 fundamentum
3395 4920 3499 4977 Ec-
3564 4934 3575 4957 ³

1902 4998 2078 5054 elesiae
2108 5001 2410 5071 tolleretur,
2440 5003 2487 5059 si
2516 5004 2569 5059 in
2602 5005 2666 5059 iis
2695 5006 2825 5062 locis
2867 5007 3009 5063 idola
3063 5012 3390 5080 colerentur,
3442 5013 3498 5069 in

1903 5090 2366 5163 quibus_Cliristus
2394 5103 2551 5153 natus
2579 5104 2663 5152 est
2688 5107 2747 5153 ut
2771 5092 3066 5169 pateretur,
3110 5120 3300 5173 passus
3328 5112 3411 5160 est
3439 5113 3497 5159 ut

1317 5234 1337 5261 ο
1370 5219 1804 5305 Matth_.nxxv_u,_‘5

1917 5225 2085 5305 Marc.
2103 5246 2201 5305 _xv,
2400 5230 2424 5269 ά
2471 5229 2611 5289 Psal.
2645 5250 2785 5303 xcw,
2816 5235 2870 5292 8.
2954 5248 2976 5275 θ
3030 5237 3073 5293 ll
3100 5237 3225 5294 Cor.
3267 5255 3344 5305 Ill,
3401 5238 3488 5294 18.

214 5274 653 5366 ξψᾼργοςςηηιλλιε.
731 5290 755 5328 ε
786 5274 916 5366 huc:
939 5294 1068 5345 xv".
1099 5281 1187 5338 21.
1218 5289 1348 5348 Luc.
1385 5274 1804 5362 xviri-GT-“flli

1917 5274 2152 5366 ἶῖῆῖῇῑῖ

2236 5300 2444 5358 iRom.
2481 5321 2533 5361 χ.
2567 5305 2651 5360 17.
2734 5300 2905 5364 1031.
2955 5326 3025 5374 vi,
3086 5308 3171 5363 14.
3250 5300 3488 5363 InMatth.

1974 5510 2052 5584 (tt)
2075 5510 2153 5567 lta
2174 5528 2274 5567 ms.
2294 5513 2446 5571 Vien.
2470 5516 2658 5573 codex.
2676 5519 2778 5574 Alii
2807 5518 3038 5584 codices,
3053 5516 3303 5575 letalia.
3336 5519 3490 5579 Prior

1896 5580 2058 5637 lectio
2087 5584 2386 5640 verissima.
2416 5585 2551 5643 Vide
2574 5598 2685 5643 not.
2711 5589 2830 5643 158.

1898 5724 1925 5792 r
1956 5653 2039 5776 ἐξ)
2068 5652 2165 5709 Ms.
2212 5654 2391 5723 Vien.,
2417 5657 2502 5712 ed.
2531 5655 2682 5714 Grin.
2725 5668 2783 5715 et
2807 5658 3007 5722 Latin,
3035 5661 3192 5728 facto.
3220 5660 3483 5733 Bignteus,

1923 5740 1953 5775 ιι
2009 5741 2072 5777 28.

1923 5740 2072 5777 ιιι-ιω.

1969 5794 2335 5885 (Πηδξοκξηεε.
2366 5790 2749 5885 codiceslieg.
2783 5808 2838 5854 et
2864 5794 3017 5855 Vica.
3047 5815 3169 5856 cum
3198 5804 3358 5862 editis
3386 5808 3484 5885 tri-

1897 5860 2025 5917 bus.
2050 5862 2147 5919 Ed.
2184 5860 2368 5929 Rosv.,
2402 5882 2516 5922 aute
2568 5860 2842 5926 mendose.
