4078 6352
3065 280 3073 286 ⁵
3096 280 3127 294 Ὅ

511 352 616 411 527
1681 342 1738 396 S.
1782 338 2057 397 PAULINI
2093 338 2342 395 NOLANI
2380 336 2680 395 EPISCOPI
3709 339 3825 401 323

515 472 838 535 resurgeret,
869 462 1100 521 surrexit
1125 467 1183 516 ut
1210 468 1457 529 regnaret
1480 458 1557 529 (a)
1588 448 1879 526 ‘judicatus
1908 432 1911 435 l
1942 457 2094 529 191
2127 463 2171 516 Α
2201 456 2383 522 regina
2412 461 2646 523 poterat,
2677 463 2733 507 et
2756 452 2943 521 religio
2970 451 3263 519 suadebat,
3295 451 3575 508 aediﬁcatis
3617 452 3820 510 basili-

515 568 573 615 ut
596 558 879 628 judicaret.
904 554 988 609 Me
1006 552 1295 608 miserum!
1325 549 1499 604 Etiam
1530 548 1633 604 ista
1662 563 1761 619 pro
1791 547 1946 603 nobis
1998 547 2106 601 Do-

516 651 693 707 minus
721 648 1061 717 omnipotens
1088 643 1297 715 perpeti
1328 658 1434 697 non
1465 631 1755 705 recusavit,
1780 641 1839 694 ut
1885 638 1976 693 ubi
2006 652 2107 708 pro

515 743 690 800 salute
717 739 929 809 generis
956 737 1176 792 humani
1196 733 1484 792 cruciﬁxus
1504 732 1854 804 pependerat,
1904 731 1977 786 ibi
2015 730 2114 784 ho-

516 834 717 890 minum
747 829 1028 899 sacrilegio
1052 835 1400 900 sperneretur
1433 844 1444 878 :
1479 835 1534 880 et
1563 839 1726 895 super
1773 837 1991 879 crucem
2020 818 2111 892 (ad

458 915 461 919 ’
515 939 679 997 quam
707 922 838 979 orbe
866 936 1150 987 concusso,
1183 927 1239 975 et
1265 918 1382 974 sole
1410 916 1615 986 refugo,
1649 923 1704 970 et
1727 912 2112 969 dissilientibus

516 1023 853 1073 mortuorum
899 1012 1228 1069 excitatione
1272 1007 1655 1072 monumentis,
1708 1021 1889 1062 rerum
1917 1012 2113 1061 natura

458 1089 464 1095 ’
520 1107 830 1173 nutaverat)
857 1104 1036 1159 stabat
1054 1102 1396 1158 simulacrum
1416 1099 1693 1164 daemonis,
1734 1106 1790 1153 et
1815 1114 1907 1152 ara
1944 1097 2113 1152 simu-

518 1198 651 1254 lacri
680 1197 945 1270 pecudum
966 1197 1124 1252 busta
1148 1193 1412 1259 fumabat;
1434 1201 1489 1247 et
1510 1191 1606 1246 Dei
1629 1205 1825 1245 nomen
1845 1188 2117 1244 defereba-

520 1300 610 1349 tur
628 1291 822 1347 statuis
851 1296 1208 1352 mortuorum,
1234 1303 1358 1343 cum
1379 1287 1492 1357 ipse
1520 1286 1765 1341 vivorum
1786 1285 1929 1339 Deus
1951 1293 1999 1348 ι,
2023 1283 2115 1353 qui

523 1392 579 1439 et
606 1383 931 1438 resurrectio
960 1372 1294 1435 mortuorum
1323 1387 1427 1446 est,
1456 1394 1563 1433 non
1584 1378 1757 1433 solum
1780 1376 1999 1442 mortui,
2022 1375 2137 1443 sed,

524 1483 578 1530 et
631 1472 869 1529 cruciﬁxi
923 1471 1159 1526 hominis
1205 1469 1668 1539 blasphemaretur
1706 1466 2017 1538 opprobrio.
2058 1464 2117 1519 In

522 1565 838 1621 Bethlehem
867 1577 1104 1633 quoque,
1157 1560 1248 1616 ubi
1297 1569 1572 1631 agnoverat
1628 1557 1718 1613 bos
1771 1572 2118 1627 possessorem

522 1675 691 1721 suum,
725 1666 773 1711 et
804 1658 983 1710 asinus
1007 1670 1235 1725 prtesepe
1264 1653 1474 1706 Domini
1522 1652 1601 1704 sui
1626 1649 1685 1715 b;
1736 1649 1806 1704 ibi
1854 1648 2120 1719 principes

524 1750 805 1806 hominum
853 1746 1073 1801 inﬁciati
1104 1745 1438 1800 Salvatorem
1464 1742 1653 1810 Deum,
1686 1740 1913 1795 infames
1940 1739 2116 1795 homi-

2216 546 2294 601 cis
2312 544 2557 600 contexit
2585 559 2775 599 omnes
2803 552 2859 598 et
2888 544 3123 598 excoluit
3147 544 3317 610 locos,
3360 544 3414 599 in
3440 544 3638 616 quibus
3667 546 3819 601 salu-

2217 635 2351 690 taria
2384 634 2538 690 nobis
2583 634 2836 705 mysteria
2867 633 3103 704 opietatis
3130 647 3259 698 suae,
3312 632 3717 701 incarnationis,
3756 642 3818 691 et

2215 726 2505 797 passionis,
2542 734 2599 780 et
2622 724 3053 791 resurrectionis,
3086 732 3249 793 atque
3270 725 3607 780 ascensionis
3639 741 3822 782 sacra-

2216 819 2415 875 mentis
2460 818 2719 874 Dominus
2748 815 3045 872 Redemtor
3072 816 3410 886 impleverat.
3442 815 3637 872 Mirum
3684 833 3818 874 vero

2216 913 2357 968 inter
2410 912 2524 967 haec
2573 909 2717 982 quod
2766 910 2820 965 in
2871 909 3091 964 basilica
3119 908 3463 964 Ascensionis
3516 910 3671 965 locus
3719 910 3816 966 ille

2217 1014 2427 1061 tantum
2456 1004 2525 1059 de
2552 1019 2661 1074 quo
2702 1003 2755 1057 in
2784 1003 2928 1058 nuhe
2955 1009 3238 1072 susceptus
3266 1001 3522 1069 ascendit,
3552 1003 3812 1072 captivam

2219 1101 2273 1155 in
2295 1116 2389 1155 sua
2412 1114 2574 1154 carne
2600 1097 2791 1151 ducens
2820 1097 3169 1168 captivitatem
3197 1103 3430 1150 nostram
3451 1091 3501 1159 ἀ,
3528 1096 3603 1149 ita
3629 1112 3821 1151 sacra-

2210 1204 2304 1273 .tus
2323 1194 2516 1250 divinis
2531 1193 2771 1261 vestigiis
2789 1193 3004 1261 dicitur,
3025 1199 3082 1247 ut
3102 1207 3393 1261 numquam
3414 1191 3521 1261 tegi
3544 1207 3817 1247 marmore

2223 1288 2319 1359 (V.
2354 1296 2467 1344 not.
2503 1286 2637 1359 142)
2667 1295 2760 1342 aut
2805 1290 2877 1357 (e)
2914 1286 3087 1359 paviri
3133 1287 3419 1356 receperit,
3450 1299 3667 1357 semper
3715 1303 3820 1341 ex-

2221 1381 2391 1436 cussis
2426 1380 2544 1435 solo
2584 1387 2894 1450 respuente,
2924 1393 3044 1449 quae
3089 1393 3281 1434 manus
3307 1377 3604 1434 adornandi
3632 1379 3825 1434 studio

2221 1472 2449 1527 tentavit
2473 1486 2764 1542 apponere.
2802 1470 2990 1541 Itaque
3019 1470 3071 1525 in
3112 1477 3229 1525 toto
3255 1469 3488 1526 basilicae
3515 1471 3695 1540 spatio
3722 1485 3815 1524 so-

2222 1564 2305 1619 lus
2325 1564 2377 1618 in
2399 1567 2481 1618 sui
2501 1563 2719 1632 cespitis
2737 1562 2917 1633 specie
2943 1562 3123 1617 virens
3149 1571 3461 1632 permanet;
3494 1569 3549 1617 et
3579 1562 3819 1632 impres-

2223 1670 2339 1708 sam
2354 1653 2658 1709 divinorum
2686 1652 2883 1722 pedum
2905 1652 3308 1707 venerationem
3334 1651 3527 1706 calcati
3556 1651 3670 1707 Deo
3691 1652 3819 1722 pul-

2222 1745 2366 1799 veris
2387 1744 2667 1814 perspicua
2696 1742 2853 1797 simul
2877 1743 3147 1811 etattigua
3172 1742 3268 1813 (V.
3292 1757 3459 1796 carm.
3490 1741 3579 1808 15,
3609 1759 3662 1795 v.
3688 1741 3818 1813 291)

525 1857 653 1897 ιιιιιιι
678 1854 894 1894 amores
929 1845 1240 1906 mortesque
1270 1836 1572 1891 coluerunt.
1626 1833 1843 1889 Prodila
1868 1850 2008 1889 novo
2038 1833 2113 1888 si-
2149 1849 2195 1911 Β
2222 1835 2604 1890 venerantibus
2648 1850 2811 1889 arena
2850 1841 3155 1898 conservat,
3198 1840 3259 1887 ut
3286 1847 3413 1888 vere
3460 1833 3566 1888 dici
3598 1835 3770 1903 possit
3801 1853 3817 1888 :

525 1931 655 1986 dere
684 1928 844 1998 Regis
867 1928 1054 1982 :eterni
1085 1927 1159 1999 (b)
1192 1927 1514 1983 incunabula
1541 1926 1631 1981 ubi
1675 1925 1943 1995 supplices
1996 1940 2119 1980 cum

527 2021 641 2077 suis
668 2020 860 2090 opibus
890 2019 963 2090 (c)
991 2017 1623 2084 adoraverantChaldtei,
1650 2018 1723 2073 ibi
1750 2018 2007 2073 barbaras
2055 2016 2120 2071 li~

528 2111 737 2168 bidines
765 2117 1113 2166 sacraverunt
1149 2108 1400 2163 Romani.
1443 2108 1543 2164 Ubi
1574 2117 1757 2164 natum
1786 2107 2120 2163 Salvatorent

529 2218 654 2259 cum
697 2202 937 2258 exercitu
988 2201 1301 2270 angelorum
1327 2201 1677 2256 concinentes
1701 2200 1905 2257 caelesti
1926 2199 2121 2269 gaudio

529 2296 894 2352 salutaverant
920 2294 1181 2349 illustrata
1213 2301 1369 2349 nocte
1399 2303 1646 2363 pastores
1680 2304 1726 2357 ο,
1782 2295 1852 2349 ibi
1903 2294 2123 2350 Veneris

530 2388 809 2443 Amasium
829 2387 1008 2441 mixtae
1034 2386 1298 2440 semiviris
1326 2386 1585 2456 planxere
1612 2386 1943 2441 meretrices.
1977 2385 2122 2441 Proh

530 2480 716 2537 dolor!
768 2496 886 2550 qua:
940 2480 1111 2549 pietas
1136 2481 1413 2535 hominum
1440 2480 1581 2535 hanc
1612 2480 1941 2550 impietatem
1970 2496 2120 2536 com-

530 2585 761 2643 pensare
808 2571 1047 2640 poterit?
1104 2570 1205 2625 Ubi
1260 2586 1412 2626 sacra
1442 2571 1551 2625 nati
1579 2569 1873 2626 Salvatoris
1900 2570 2123 2626 infantia

528 2661 793 2731 vagierat,
838 2661 945 2716 illic
984 2661 1212 2717 Veneris
1267 2661 1501 2716 lamenta
1560 2660 1872 2731 ﬁngentium
1914 2663 2123 2718 lascivis

532 2751 762 2808 luctibus
784 2751 997 2807 infamis
1018 2752 1153 2807 ritus
1170 2751 1408 2807 ululabat
1440 2770 1452 2804 :
1486 2759 1541 2807 et
1584 2751 1675 2807 ubi
1706 2752 1869 2821 Virgo
1891 2768 2121 2825 pepere-

533 2852 637 2912 rat,
662 2845 890 2901 adulteri
920 2845 1256 2901 colebantur.

604 2937 657 2993 αἱ.
705 2937 899 2993 Mansit
926 2938 1031 2993 hoc
1050 2938 1215 2993 seculi
1244 2938 1439 3007 prioris
1466 2937 1615 2992 nefas
1643 2937 1697 2991 in
1720 2944 1964 3005 tempora
2019 2953 2120 2991 no-

530 3032 659 3090 stris
686 3031 934 3103 proxima
961 3029 1333 3095 Constantini;
1365 3030 1458 3099 qui
1505 3031 1757 3099 princeps
1799 3043 1918 3082 esse
1972 3028 2121 3098 prin-

532 3125 739 3197 cipibus
764 3122 1087 3179 Christianis
1114 3138 1222 3178 non
1252 3121 1424 3191 magis
1461 3136 1558 3174 sua
1585 3134 1748 3189 quam
1777 3118 1966 3173 matris
2012 3118 2121 3173 He-

2225 1928 2554 1982 adoraeimus
2593 1928 2662 1998 (f)
2695 1926 2782 1981 ubi
2809 1934 3059 1980 steterunt
3084 1926 3241 1996 pedes
3267 1924 3379 1995 ejus
3413 1934 3458 1977 ο.

2298 2017 2350 2071 5.
2391 2017 2499 2073 Sed
2528 2018 2580 2071 in
2609 2017 2836 2072 historia
2865 2016 3043 2072 crucis
3070 2016 3301 2085 accipite
3330 2029 3584 2084 magnum
3614 2024 3672 2071 et
3693 2031 3821 2073 vere

2225 2111 2465 2166 divinum
2496 2110 2834 2165 miraculum.
2866 2109 3071 2177 Regina
3102 2109 3193 2163 illa
3215 2108 3542 2164 venerabilis
3573 2118 3634 2164 ut
3669 2112 3822 2166 venit

2225 2203 2651 2276 Hierosolymam
2679 2203 2965 2273 diligenter
2991 2210 3047 2258 et
3073 2204 3160 2273 pie
3188 2203 3339 2269 locis,
3364 2205 3443 2275 (g)
3464 2204 3573 2260 illic
3593 2214 3651 2259 et
3672 2206 3821 2261 circa

2226 2296 2496 2363 omnibus,
2518 2296 2819 2351 divinorum
2843 2295 3055 2351 curiasa
3080 2295 3383 2365 irfsignium,
3415 2304 3472 2352 et
3490 2296 3663 2353 oculis
3691 2297 3822 2353 hau-

2225 2389 2334 2443 rire
2390 2390 2625 2458 gestiens
2671 2385 2830 2442 ﬁdem
2879 2401 3040 2456 quam
3092 2386 3195 2457 piis
3242 2387 3463 2443 auribus
3514 2388 3821 2458 litterisque

2225 2487 2577 2550 perceperat,
2606 2493 2821 2534 erucem
2866 2477 3077 2534 Domini
3127 2477 3823 2549 studiosissimeinquirere

2226 2571 2415 2627 adorsa
2437 2579 2540 2626 est.
2554 2569 2660 2626 Sed
2680 2585 2801 2639 quae
2823 2569 2908 2624 via
2931 2568 3017 2625 vel
3046 2569 3185 2624 ratio
3211 2569 3518 2625 inveniendi
3546 2571 3820 2635 subesset.

2226 2679 2348 2717 cum
2387 2662 2549 2717 index
2576 2662 2803 2717 idoneus
2849 2676 3009 2717 nemo
3039 2661 3269 2716 inveniri
3295 2668 3482 2732 posset
3501 2663 3545 2730 ‘,
3576 2662 3668 2718 ubi
3696 2680 3818 2720 me-

2225 2758 2451 2811 moriam
2479 2763 2535 2811 et
2573 2771 2759 2811 curam
2806 2754 3069 2823 religiosa:
3111 2754 3458 2810 conscientiae
3494 2756 3582 2811 vel
3630 2756 3818 2812 obser-

2227 2850 2523 2909 vantizeet
2562 2848 2853 2916 antiquitas
2897 2846 2997 2900 aevi
3051 2845 3269 2917 (Virgil.
3300 2846 3400 2901 mvi
3428 2850 3730 2912 vetustas),
3762 2856 3816 2904 et

2224 2940 2620 3011 superstitionis
2648 2938 2822 2996 impne
2861 2937 3184 2993 diuturnitas
3212 2937 3582 2994 abolevisset?
3611 2939 3816 2995 Verum

2226 3033 2342 3102 ipso
2371 3034 2610 3087 omnium
2639 3041 2695 3085 et
2715 3034 2873 3083 terris
2895 3036 2950 3084 et
2969 3028 3162 3083 animis
3183 3036 3495 3099 opertorum
3515 3032 3740 3087 conscio
3761 3040 3817 3087 et

2227 3131 2363 3179 teste
2391 3123 2618 3203 Domino
2648 3123 2690 3188 ⁷,
2732 3119 2905 3175 ﬁdelis
2932 3120 3127 3175 mulier
3153 3127 3398 3176 sanctum
3428 3118 3685 3192 Spiritum
3717 3138 3817 3191 per

529 3217 666 3274 lena:
696 3214 797 3271 ﬁde
824 3214 1024 3270 meruit
1064 3231 1076 3265 :
1103 3229 1223 3283 qua:
1242 3212 1455 3277 divino,
1487 3223 1548 3265 ut
1575 3211 1751 3265 exitus
1794 3210 1996 3275 docuit,
2048 3208 2123 3263 in-
2147 3230 2193 3295 ο
2225 3216 2471 3273 attactum
2497 3215 2646 3286 pium
2672 3214 2871 3269 meruit
2905 3232 2917 3266 :
2947 3228 3056 3281 quo
3085 3212 3393 3283 aspirante,
3424 3228 3546 3268 cum
3593 3227 3711 3268 rem
3744 3216 3817 3268 ab

529 3311 732 3380 spirata
760 3308 1007 3374 consilio,
1032 3322 1152 3361 cum
1182 3304 1612 3379 Hierosolymam
1651 3310 1972 3374 agnosceret
2019 3318 2120 3357 no-

527 3401 694 3468 mine,
725 3400 808 3471 (d)
855 3414 976 3469 qua:
1017 3396 1254 3465 Augusta
1305 3412 1424 3452 cum
1466 3395 1576 3450 ﬁlio
1614 3394 1981 3462 conregnahat
2010 3392 2115 3465 (V.

533 3500 649 3549 not.
694 3490 839 3562 141),
865 3505 989 3545 eum
1017 3488 1227 3558 rogavit
1255 3495 1313 3542 ut
1337 3487 1439 3543 sibi
1469 3486 1775 3542 facultatem
1803 3485 1959 3541 daret
1984 3500 2117 3540 cun-

530 3592 619 3640 cta
651 3582 759 3637 illic
785 3582 904 3636 loca
935 3579 1227 3634 Dominicis
1256 3579 1515 3649 impressa
1543 3578 1801 3647 vestigiis,
1826 3586 1882 3633 et
1901 3577 2113 3632 divino-

533 3691 653 3732 rum
691 3688 817 3743 erga
847 3689 947 3729 nos
973 3689 1195 3744 operum
1230 3674 1438 3742 signata
1488 3672 1832 3727 monimentis
1860 3686 2108 3742 purgare,

527 3768 817 3826 destructis
859 3767 1072 3837 templis
1114 3774 1169 3820 et
1197 3765 1371 3828 idolis,
1423 3765 1490 3819 ab
1520 3764 1664 3818 omni
1694 3765 1985 3835 prophana:
2014 3765 2114 3818 im-

525 3862 742 3937 pietatis
768 3859 1019 3926 contagio
1040 3900 1056 3926 ,
1086 3866 1141 3914 et
1167 3858 1413 3926 religioni
1453 3873 1564 3912 suae
1610 3857 1865 3921 reddere;
1897 3864 1956 3911 ut
2003 3856 2108 3912 Ec-

527 3953 691 4009 clesia
730 3951 949 4007 tandem
994 3952 1047 4005 in
1103 3959 1247 4006 terra
1296 3950 1517 4018 originis
1562 3965 1671 4005 suae
1723 3949 2107 4004 celebraretur.

523 4042 708 4114 Itaque
735 4052 987 4114 prompto
1037 4042 1128 4097 ﬁlii
1158 4042 1498 4113 imperatoris
1538 4057 1759 4097 assensu
1800 4049 1975 4095 mater
2001 4042 2112 4095 Au-

520 4144 699 4208 gusta,
738 4134 1022 4207 patefactis
1067 4134 1136 4189 ad
1201 4149 1365 4206 opera
1414 4141 1601 4189 sancta
1650 4134 1943 4207 thesauris,
1994 4138 2111 4188 toto

522 4228 687 4284 abusa
716 4227 845 4285 ﬁsco
866 4235 949 4284 est
974 4247 986 4281 :
1020 4236 1329 4299 quantoque
1356 4235 1535 4282 sumtu
1567 4234 1730 4297 atque
1758 4227 1906 4284 cultu
1952 4228 2106 4299 192

2224 3309 2455 3363 humana
2503 3304 2831 3361 conscientia
2871 3303 3127 3358 divinitus
3153 3311 3418 3358 remotam
3459 3302 3653 3357 frustra
3681 3303 3817 3358 dili-

2220 3415 2353 3471 gens
2381 3397 2695 3467 requisisset
2731 3397 2772 3461 ⁸,
2804 3394 2871 3450 de
2899 3394 3021 3450 loco
3065 3401 3274 3449 tantum
3304 3392 3566 3464 passionis
3601 3394 3815 3449 certior

2220 3490 2334 3546 ﬁeri
2362 3488 2583 3546 studuit.
2626 3486 2813 3556 Itaque
2866 3499 2976 3540 non
3023 3485 3197 3541 solum
3238 3484 3307 3540 de
3357 3483 3674 3540 Christianis
3710 3484 3814 3539 do-

2217 3583 2357 3638 trina
2386 3589 2442 3637 et
2479 3579 2765 3636 sanctitate
2792 3578 2981 3649 plenos
3009 3578 3174 3645 viros,
3204 3576 3299 3635 sed
3327 3585 3384 3633 et
3406 3577 3474 3633 de
3492 3575 3689 3633 Judzeis
3712 3590 3811 3649 pe-

2218 3674 2522 3740 ritissimos,
2551 3680 2610 3726 ut
2636 3670 2889 3741 proprite,
2921 3684 3027 3739 qua
3056 3669 3238 3724 miseri
3263 3676 3320 3723 et
3340 3668 3669 3738 gloriantur,
3702 3669 3810 3725 im-

2218 3766 2434 3837 pietatis
2454 3763 2659 3819 indices
2682 3762 2989 3833 exquisivit,
3004 3770 3062 3818 et
3081 3762 3284 3818 accitos
3303 3763 3358 3817 in
3372 3759 3808 3835 Hierosolymam

2219 3855 2586 3926 congregavit.
2619 3853 2753 3908 Tum
2774 3854 3012 3908 omnium
3043 3868 3147 3917 una
3175 3852 3243 3909 de
3267 3854 3388 3908 loco
3411 3852 3807 3911 testiﬁcationis

2214 3951 2233 3982 ⁵
2264 3948 2341 4019 (id
2368 3957 2445 4002 est
2473 3946 2715 4017 martyrii
2733 3962 2822 4000 seu
2848 3944 3132 4014 passionis,
3164 3952 3219 3996 stt
3256 3946 3437 4015 supra)
3460 3945 3805 4015 conﬁrmata,

2211 4038 2371 4108 jussit
2400 4039 2565 4105 illico,
2602 4045 2828 4105 urgente
2856 4036 2974 4091 sine
2998 4035 3161 4091 dubio
3200 4039 3479 4106 concch
3506 4036 3804 4094 revelatio-

2216 4134 2300 4187 nis
2327 4133 2600 4196 instinctu,
2633 4130 2688 4185 in
2737 4131 2910 4201 ipsum
2950 4129 3129 4185 locum
3157 4143 3379 4198 operam
3425 4129 3681 4186 fossionis
3708 4145 3801 4186 ac-

2217 4226 2385 4297 cingi;
2407 4232 2700 4295 parataque
2722 4238 2851 4278 mox
2871 4222 3065 4277 civium
3080 4222 3281 4292 pariter
3300 4228 3356 4277 et
3370 4222 3590 4277 militari
3611 4238 3801 4288 manu,

594 4397 623 4458 ξ
650 4385 839 4458 Matth.
869 4402 1017 4458 uti,
1043 4385 1137 4452 3‘2;
1167 4384 1341 4441 Johan
1369 4401 1455 4442 ιιι.
1484 4384 1572 4439 25.
1650 4385 1678 4425 δ
1709 4385 1829 4440 lsai.
1865 4403 1901 4452 ι,
1934 4385 1985 4439 5.
2070 4397 2091 4426 ο

2218 4402 2259 4443 c.
2302 4403 2377 4457 ιι,
2423 4387 2509 4441 15.
2588 4384 2612 4423 ἀ
2639 4386 2758 4442 Act.
2789 4386 2868 4456 '.t,
2898 4384 2965 4453 9;
3016 4385 3213 4458 Ephes.
3246 4405 3296 4443 IV
3350 4387 3402 4442 8.
3436 4387 3575 4443 Psal.
3608 4405 3690 4456 ιη,
3733 4389 3801 4443 19

529 4466 553 4495 ο
581 4454 723 4510 Psal.
747 4472 929 4520 cxxxr,
965 4456 1015 4510 7.

539 4632 549 4644 ·
595 4612 674 4687 (a)
699 4613 825 4669 Mss.
853 4613 986 4681 Reg.
1027 4612 1179 4687 Vien.
1208 4622 1264 4669 et
1282 4613 1418 4687 edit.
1444 4612 1596 4687 Grin.
1628 4614 1681 4669 in
1737 4628 1931 4682 marg.,
1981 4632 2101 4669 sur;
2131 4618 2178 4679 ι)
2204 4634 2253 4673 c.
2312 4617 2400 4681 48,
2458 4624 2651 4685 tegitur
2698 4616 2901 4671 Helena
2953 4624 3115 4671 mater
3164 4615 3414 4687 principis
3445 4614 3794 4687 Constantini,

524 4684 655 4755 rexit
678 4694 733 4737 ut
756 4691 991 4755 regnaret
1013 4684 1291 4755 judex,vel
1322 4701 1413 4739 rex
1433 4684 1700 4755 judicaret
1727 4701 1808 4739 me
1837 4687 2099 4741 miserum.

524 4752 851 4809 Concinnior
870 4752 1080 4821 vulgata
1114 4754 1291 4808 lectio.

596 4824 670 4891 (b)
699 4822 824 4879 Mss.
852 4823 1065 4879 codices
1094 4823 1227 4893 Reg.
1259 4832 1314 4878 et
1343 4824 1498 4880 Vien.
1543 4841 1661 4881 cum
1691 4825 1900 4882 duobus
1925 4826 2100 4893 editis,

521 4896 607 4950 ubi
636 4894 892 4964 cunabula
912 4895 1184 4964 supplices.
1678 4934 1685 4939 .

593 4968 665 5037 (ο)
694 4963 772 5037 Ita
793 4963 1195 5037 emendavimus
1214 4980 1283 5037 es
1312 4965 1440 5021 edit.
1472 4964 1621 5037 Grin.
1652 4974 1708 5021 et
1752 4966 1829 5037 sic
1856 4966 2103 5037 profecto

521 5034 825 5105 legendum.
855 5035 990 5091 Vide
1010 5034 1292 5090 antecedd.
1321 5043 1375 5091 et
1396 5052 1546 5107 seqq.
1586 5036 1691 5091 Alii
1716 5034 1951 5105 codices,
1974 5038 2106 5092 ado-

522 5116 781 5163 raverttnt.

590 5179 669 5249 (ά)
703 5176 855 5233 Hunc
897 5178 1069 5232 locum
1114 5177 1168 5233 in
1196 5178 1444 5234 omnibus
1471 5179 1627 5234 editis
1654 5181 1899 5236 mutilum
1922 5188 1978 5235 et
2004 5179 2099 5235 de-

535 5257 799 5320 travatum
820 5263 948 5320 cum
971 5263 1038 5303 ex
1058 5262 1188 5303 mss.
1217 5249 1491 5320 codicibus
1518 5251 1805 5305 restituere
1832 5266 1942 5306 non
1971 5265 2098 5320 pos-

512 5333 715 5383 temus,
748 5316 1044 5390 Sulpicium
1068 5318 1344 5385 Severum,
1374 5318 1441 5375 ad
1471 5335 1630 5390 quem
1656 5320 1779 5374 data
1808 5328 1891 5376 est
1913 5316 2097 5390 istbtec

517 5390 764 5513 epistola,
795 5390 1158 5446 consuluimus
1183 5392 1235 5445 in
1262 5390 1460 5447 Histor.
1490 5389 1629 5445 sacr.
1657 5389 1753 5445 ιιι).
1787 5406 1841 5456 ιι,
1872 5389 2092 5471 οιιρ.ι18,

518 5475 551 5513 ιι
594 5460 606 5513 i
636 5475 699 5513 ea
722 5476 839 5513 nuze
859 5460 926 5513 de
951 5461 1261 5513 inventione
1288 5468 1487 5513 sancite
1514 5461 1686 5513 crucis
1731 5460 1977 5513 edisserit
2028 5475 2092 5513 ex

518 5460 606 5531 ιιὴί
636 5475 699 5514 ea
722 5476 839 5531 quae
859 5460 926 5516 de
951 5461 1261 5517 inventione
1288 5468 1487 5517 sancta:
1514 5461 1686 5515 crucis
1710 5460 1977 5531 edisserit
2028 5475 2097 5516 ex

519 5529 872 5609 hac-epistola
900 5532 966 5609 ab
996 5533 1113 5602 ipso
1134 5532 1335 5609 inserta
1372 5530 1945 5609 fuissencertissimum
1964 5540 2091 5609 _es_t.

520 5597 611 5651 Sic
637 5597 812 5665 igitur,
840 5602 981 5655 nulla
1002 5597 1033 5655 ὁ
1063 5608 1247 5656 nostro
1277 5599 1414 5655 facta
1465 5600 1757 5666 additione,
1788 5601 2095 5655 emendavi-

520 5681 640 5742 mus
667 5683 733 5723 ex
760 5668 993 5742 Sulpicio
1019 5672 1221 5726 Severo
1248 5671 1683 5742 succurrentibus
1729 5686 1855 5725 mss.
1898 5670 2097 5726 codici-

2206 4705 2323 4752 ρυλε
2354 4704 2591 4745 annos“
2622 4702 2729 4743 cun
2752 4704 2891 4743 riuo
2919 4685 3463 4759 consecutus-rgum
3484 4685 3797 4759 Hierosoly-

2209 4776 2345 4837 mam
2395 4758 3112 4837 agnpscere_concupisceret,
3172 4765 3291 4837 etc.
3328 4754 3385 4809 In
3414 4771 3543 4837 mss.
3576 4754 3713 4824 Reg.
3735 4754 3797 4812 Et

2212 4827 2374 4883 Vatic.
2412 4824 2465 4882 εἰ
2494 4830 2547 4882 in
2578 4828 2756 4894 editis,
2780 4824 3176 4892 connectatur,
3201 4835 3258 4882 et
3280 4827 3330 4880 in
3361 4841 3460 4880 ms.
3482 4824 3659 4892 Vien.,
3683 4843 3795 4883 El‘l

2206 4913 2455 4953 ROGAVIT.
2487 4899 2627 4953 Ante
2648 4907 2784 4965 erat,
2815 4900 3037 4964 nomine,
3063 4896 3412 4968 conregnabat
3436 4903 3490 4949 ut
3511 4895 3629 4963 sibi,
3656 4907 3789 4965 etc.,

2207 4970 2355 5024 nullo
2382 4984 2562 5024 sensu.

2286 5039 2355 5110 (e)
2386 5039 2483 5110 Ms.
2519 5038 2673 5094 Vien.
2701 5040 3058 5110 pavimentari.
3106 5037 3216 5110 Sed
3242 5039 3430 5109 paviri,
3459 5053 3583 5094 vera
3607 5036 3794 5107 lectio,

2205 5107 2885 5179 quzeconﬁrmatur’carm.
2917 5108 3006 5172 ‘25,
3038 5126 3089 5163 v.
3124 5107 3308 5179 ωε...
3340 5109 3509 5163 medio
3557 5110 3796 5179 spatiosa

2201 5176 2393 5261 parato.
2435 5180 2523 5261 .De
2576 5178 2779 5261 Christi
2817 5179 3154 5261 vestigiis__i_n
3203 5176 3603 5261 Olivetimop'te
3626 5178 3796 5260 bu_m_o

2203 5247 2479 5320 impressis
2500 5250 2703 5304 mentio
2728 5248 2787 5302 ﬁt
2805 5247 3046 5305 etiamin
3075 5248 3213 5320 libro
3233 5250 3301 5305 de
3330 5247 3486 5305 Locis
3508 5247 3794 5305 Hebraicis

2202 5319 2343 5376 inter
2390 5320 2696 5390 Hieronymi
2749 5335 2933 5389 opera,
2988 5319 3133 5390 apud
3157 5320 3509 5390 Augustinum
3534 5324 3794 5390 tractatu

2205 5390 2271 5461 17
2302 5392 2351 5445 in
2376 5407 2492 5461 cap.
2518 5407 2551 5443 χ
2580 5388 2797 5461 Iollam,
2822 5406 2875 5444 ιι.
2910 5388 3139 5461 hapud
3186 5388 3479 5461 Sulpicium
3526 5388 3793 5461 Severum

2202 5460 2402 5543 Hister.
2441 5458 2592 5543 'sacr.
2620 5459 2800 5542 lib..n,
2821 5477 2950 5543 cap.
2974 5458 3070 5526 48‘,
3095 5458 3319 5543 et_apud
3353 5458 3553 5515 Bedam
3575 5458 3645 5514 de
3672 5458 3790 5514 No-

2201 5532 2434 5587 minibus
2463 5531 2701 5600 locorum
2723 5530 2776 5584 in
2806 5529 2951 5586 Actis
2972 5529 3341 5600 apostolorum
3363 5545 3481 5599 cap.
3507 5544 3596 5584 vn.

2272 5605 2339 5674 (ι’)
2369 5602 2465 5674 Ms.
2494 5599 2679 5674 codex_
2696 5599 3014 5674 Viennensis
3033 5600 3181 5655 addit
3207 5602 3261 5674 i_n
3291 5601 3422 5655 loco.

2268 5668 2345 5744 (ξι)
2375 5673 2465 5728 Sic
2492 5670 2892 5744 emendavimus
2932 5686 2999 5726 ex
3026 5684 3174 5744 mss.
3208 5668 3341 5738 Reg.
3371 5677 3426 5727 et
3453 5668 3609 5726 Vien.
3643 5668 3802 5729 Ante

521 5734 644 5801 bus,
699 5755 812 5810 qua:
855 5734 1085 5811 Augusta
1123 5758 1237 5795 cum
1263 5742 1375 5810 ﬁlio
1402 5757 1558 5797 conre
1592 5740 1771 5805 nabat,
1800 5756 1914 5795 eum
1942 5757 2099 5813 roga-
2198 5734 2468 5799 erat'itlis.
2495 5739 2628 5797 Vide
2656 5756 2709 5796 ιι.
2740 5740 2795 5809 4,
2817 5751 2999 5797 cuncta
3018 5740 3124 5795 illic
3147 5739 3261 5795 loca

523 5806 613 5866 vit.
642 5815 745 5862 etc.
779 5808 929 5866 Apud
958 5809 1253 5866 Sulpicium
1281 5812 1421 5866 enim
1445 5812 1499 5866 in
1527 5758 1728 5866 Hqistor.
1757 5825 1895 5866 sacr.
1919 5811 2010 5866 lib.
2039 5828 2094 5866 ιι.

523 5806 613 5873 vit,
642 5806 745 5862 etc.
779 5806 1421 5881 Apud'Sulpicium'enim
1445 5812 1499 5867 in
1527 5806 1728 5867 Histor.
1757 5825 1895 5867 sacr.
1919 5806 2026 5867 lib:
2039 5828 2094 5881 ιι,
