4078 6352
401 376 513 438 3ξο

1755 375 2084 433 EPISTOLA
2123 373 2320 430 XXXII.

403 484 817 550 brevi'laborem
855 486 1008 560 193
1048 486 1198 542 istius
1219 486 1508 542 molitionis
1526 487 1730 552 hausit;
1762 487 1817 541 et
1837 503 1969 541 con-
2000 493 2048 549 Α
2075 499 2288 552 semper
2303 491 2413 537 tota
2430 481 2819 538 venerantibus.
2846 475 3118 538 Sedistam
3149 479 3524 553 imputribilem
3547 483 3654 536 vir-
3735 460 3752 498 ¹

405 586 486 634 Ira
513 586 664 647 spem
699 577 956 642 omnium,
988 577 1084 632 sed
1114 577 1412 631 secundum
1446 577 1611 646 ipsius
1640 585 1846 630 tantum
1887 593 1972 632 re-

399 667 541 735 gina:
570 665 760 732 tidem,
791 666 898 720 alt‘a
927 667 1203 734 echtione
1241 667 1493 720 reseratis
1539 673 1694 720 terra:
1748 666 1968 729 sinibus,

399 754 594 809 abditae
611 755 788 809 crucis
815 770 1007 810 arcana
1032 762 1335 824 patuerunt.
1359 755 1466 810 Sed
1489 769 1612 809 cum
1640 766 1748 809 tres
1774 755 1974 824 pariter

391 858 608 905 cruces,
628 852 687 897 ut
715 844 982 912 quondam
1012 845 1128 898 lixa:
1155 843 1381 899 Domino
1410 852 1464 899 et
1483 844 1778 898 latronibus
1805 851 1971 897 stete-

403 941 550 998 rant,
575 942 800 1002 repertae
823 932 1083 996 fuissent;
1114 935 1400 1002 gratulatio
1437 943 1770 1002 repertarum
1813 933 1974 1002 cmpit

395 1023 563 1076 anxia
591 1021 922 1077 dubitatione
966 1023 1242 1090 confundi,
1264 1023 1410 1092 justo
1443 1024 1667 1092 piorum
1705 1031 1872 1082 metu.
1906 1035 1973 1076 ne

385 1111 631 1168 -forsitan
678 1121 772 1166 aut
815 1128 913 1182 pro
949 1129 1109 1168 cruce
1155 1114 1366 1168 Domini
1405 1113 1695 1182 patibulum
1752 1112 1973 1166 latronis

391 1200 680 1268 eligerent,
708 1210 800 1255 aut
819 1202 1054 1256 sahttare
1072 1202 1276 1269 lignum
1304 1217 1401 1270 pro
1429 1198 1972 1270 stipite‘latronisab—

377 1289 629 1359 .jiciendo
656 1291 938 1346 violarent.
964 1291 1220 1360 Respexit
1247 1293 1362 1360 pias
1384 1289 1610 1345 ﬁdeliter
1623 1289 1972 1343 minantium

388 1395 557 1437 curas
594 1379 888 1448 Dominus,
917 1389 975 1435 et
1022 1380 1124 1450 ipsi
1173 1381 1505 1449 potissimum
1544 1394 1668 1447 quae
1719 1387 1827 1431 tam
1872 1377 1972 1446 pia:

393 1471 774 1526 sollicitudinis
819 1471 1070 1540 princeps
1107 1479 1223 1524 erat
1265 1469 1420 1537 hujus
1446 1468 1857 1532 consilii,lumen
1888 1467 1971 1521 ln-

383 1557 556 1625 -fudit,
585 1571 646 1615 ut
672 1562 901 1630 aliquem
939 1576 1139 1616 recens
1183 1569 1450 1614 mortuum
1478 1559 1670 1628 inquiri
1695 1567 1749 1613 et
1787 1557 1969 1614 inlerri

382 1650 627 1720 juberet.
659 1650 766 1706 Nec
792 1666 963 1717 mora,
993 1650 1212 1705 verbum
1238 1649 1434 1704 factum
1469 1667 1480 1701 :
1514 1644 1746 1704 cadaver
1764 1646 1968 1701 illattn

384 1751 512 1807 est;
545 1740 850 1810 deponitur,
894 1739 1094 1808 jacenti
1133 1753 1236 1792 una
1262 1737 1332 1793 de
1355 1739 1604 1794 crucibus
1629 1737 1964 1802 admovetur,

2073 581 2242 626 tutem
2282 582 2337 626 et
2381 572 2733 627 indetribilem
2777 573 3101 628 soliditatem
3141 573 3208 628 de
3236 573 3372 629 illius
3400 571 3642 642 profectu

2073 662 2248 715 carnis
2287 663 2541 728 sanguine
2582 661 2735 725 bibit,
2777 655 2894 731 qua:
2922 678 3078 733 passa
3115 671 3342 717 mortem
3371 678 3476 716 non
3517 663 3649 716 vidit

2072 753 2467 820 corruptionem
2481 749 2537 806 ⁸³.
2568 750 2856 821 Speramus
2881 761 3056 807 autem
3086 761 3139 808 et
3159 753 3308 808 vobis
3335 768 3441 809 non
3471 753 3646 808 solum

2067 842 2458 898 benedictionis
2478 843 2824 908 monimento,
2847 843 2942 897 sed
2970 851 3024 898 et
3051 843 3464 912 incorruptionis
3483 845 3647 899 semi-

2072 933 2224 988 nario
2254 934 2332 1004 (ά)
2371 933 2627 996 futurum,
2659 939 2719 986 ut
2762 932 2878 1001 ejus
2923 933 3181 1004 inspectio
3210 930 3367 988 ﬁdem
3412 942 3644 987 vestram

2073 1025 2234 1078 etiam
2262 1025 2328 1080 de
2351 1024 2724 1080 recordatione
2751 1023 2895 1079 beati
2917 1024 3056 1078 illius
3079 1023 3300 1079 latronis
3326 1025 3646 1089 accendat',

2073 1113 2162 1182 qui
2190 1113 2328 1168 bene
2347 1128 2500 1168 verso
2520 1113 2818 1175 latrocinio,
2848 1112 3034 1180 longas
3062 1112 3114 1166 in
3143 1113 3348 1181 magnis
3371 1113 3650 1168 laboribus

2073 1210 2380 1255 sanctorum
2409 1202 2522 1256 vias
2549 1201 2616 1256 de
2635 1203 2888 1256 momenti
2918 1201 3020 1256 fide
3057 1210 3112 1257 et
3138 1211 3410 1258 momento
3438 1203 3649 1259 confes-

2071 1290 2237 1345 sionis
2263 1291 2576 1362 anticipans,
2606 1307 2713 1346 non
2751 1292 3018 1347 immerito
3047 1302 3172 1348 ante
3200 1295 3344 1364 ipsos
3369 1295 3647 1364 apostolos

2073 1388 2129 1435 et
2148 1389 2410 1451 martyres
2428 1390 2776 1451 prmpcratum
2792 1383 2920 1453 ipsis
2941 1383 3005 1435 σὺ
3026 1384 3192 1449 initio,
3210 1392 3267 1438 ut
3284 1384 3376 1448 ait,
3391 1401 3603 1456 regnum
3616 1382 3650 1423 ει

2068 1471 2272 1538 primus
2325 1471 2537 1533 invasit,
2589 1479 2646 1525 et
2687 1473 2810 1541 pius
2861 1473 2982 1527 cmli
3034 1473 3214 1543 ιιι-ωᾱο
3257 1474 3496 1545 diripuit,
3522 1477 3650 1545 quia

2067 1555 2335 1623 Christum
2383 1559 2694 1616 cmciilxum
2728 1562 3072 1618 similitudine
3116 1577 3224 1618 sua:
3264 1579 3434 1635 paena:
3457 1566 3649 1622 videns

2069 1647 2122 1703 in
2151 1662 2218 1703 eo
2244 1654 2406 1711 statu,
2437 1649 2504 1704 de
2533 1663 2640 1721 quo
2666 1652 2830 1706 etiam
2856 1652 3238 1724 discipulorum
3267 1653 3397 1712 tides
3432 1659 3646 1716 turbata

2070 1745 2370 1804 nutaverat,
2399 1737 2687 1795 Dominum
2711 1749 2894 1796 tamen
2922 1742 3236 1811 majestatis,
3267 1752 3326 1799 ut
3351 1755 3486 1812 erat,
3509 1761 3647 1802 con-

392 1839 450 1886 et
492 1829 662 1884 altera
692 1846 707 1882 :
739 1831 834 1883 sed
871 1829 946 1898 (a)
977 1843 1190 1881 reorum
1239 1826 1377 1894 ligna
1425 1842 1570 1880 mors
1605 1825 1822 1895 sprevit.
1859 1821 1965 1879 Po-
1995 1827 2041 1887 B
2069 1825 2237 1883 lessus
2263 1837 2374 1894 est;
2405 1837 2461 1885 et
2496 1838 2684 1900 petens
2721 1831 2775 1888 In
2815 1845 2981 1900 regno
3022 1832 3116 1888 Dei
3135 1835 3186 1867 '“
3215 1837 3525 1892 memoriam
3562 1838 3648 1894 sui

385 1930 600 1976 stremo
629 1919 949 1974 dominicam
994 1932 1206 1971 crucem
1243 1915 1417 1985 prodit
1444 1916 1786 1982 resurrectio,
1817 1923 1872 1970 et
1892 1913 1967 1970 ad

389 2010 640 2066 salutaris
669 2009 794 2076 ligni
825 2016 1020 2062 tactum
1043 2013 1216 2060 morte
1245 2005 1464 2075 profuga
1495 2007 1648 2060 funus
1682 2007 1757 2068 (id
1783 2015 1858 2061 est
1885 2022 1970 2062 ca-

389 2098 576 2162 daver,
602 2097 678 2151 vel
705 2105 947 2150 mortuus
972 2095 1236 2149 excitatus
1257 2097 1355 2162 est)
1371 2109 1674 2158 excussum,
1692 2102 1745 2148 et
1772 2109 1968 2164 corpus

387 2196 634 2242 erectum
679 2194 800 2250 est;
834 2184 1263 2253 tremefactisque
1303 2185 1602 2238 viventibus
1627 2186 1777 2239 stetit
1819 2201 1964 2240 mor-

391 2286 544 2342 tuus;
575 2284 630 2330 et
677 2275 1005 2338 funebribus,
1051 2282 1109 2328 ut
1142 2273 1374 2328 Lazarus
1397 2273 1696 2343 quondam,
1746 2273 1967 2328 vinculis

383 2367 691 2436 expeditus,
713 2365 856 2420 illico
880 2365 1018 2419 inter
1037 2364 1103 2436 \b,
1131 2372 1528 2434 exspectatores
1547 2379 1674 2434 suos
1701 2362 1966 2419 redivivus

387 2455 612 2510 incessit
643 2465 690 2510 σι.

459 2546 512 2598 6.
552 2544 691 2614 Ergo
721 2561 850 2599 crux
880 2545 1086 2599 Domini
1133 2553 1214 2600 tot
1249 2554 1436 2615 operta
1464 2545 1708 2600 aetatibus
1730 2587 1744 2610 ,
1777 2553 1833 2600 et
1867 2543 1964 2600 Ju-

387 2631 516 2687 dzeis
545 2635 597 2688 in
645 2641 886 2703 tempore
911 2635 1178 2704 passionis
1211 2633 1556 2700 abscondita,
1589 2650 1762 2704 neque
1790 2635 1965 2702 genti-

389 2723 488 2777 bus
517 2723 569 2776 iu
597 2721 950 2777 mdiiicatione
975 2724 1086 2777 fani
1107 2732 1312 2777 terram
1350 2724 1466 2777 sine
1493 2723 1656 2777 dubio
1686 2723 1750 2774 ad
1797 2723 1967 2790 ipsam

389 2811 645 2866 fabricam
673 2813 1012 2880 egerentibus
1038 2812 1272 2866 revelata
1304 2811 1365 2876 ’⁸,
1400 2825 1576 2864 nonne
1604 2825 1761 2862 manu
1792 2810 1964 2876 latuit,

389 2909 446 2953 ut
475 2916 616 2953 nunc
639 2900 968 2953 inveniretur
987 2914 1109 2954 cum
1136 2900 1385 2967 religiose
1398 2900 1768 2968 qumreretur?
1795 2897 1890 2962 Ita,
1912 2906 1970 2952 ut

392 3003 603 3042 crucem
644 2987 842 3041 Christi
889 2988 1086 3052 decuit,
1140 2990 1508 3056 experimento
1565 2979 1978 3042 resurrectionis

391 3079 603 3130 inventa
651 3084 706 3130 et
748 3076 970 3144 probata
1010 3093 1139 3132 crux
1176 3075 1370 3130 Christi
1399 3087 1508 3141 est;
1539 3076 1803 3146 dignoque
1844 3093 1968 3131 mox

387 3170 588 3222 ambitu
606 3170 698 3240 (id
717 3180 796 3222 est
817 3171 1018 3225 honore
1043 3180 1096 3225 et
1124 3171 1338 3241 pompa)
1363 3181 1721 3235 consecratur,
1749 3172 1961 3227 condita

367 3264 436 3314 .iu
478 3261 747 3330 passionis
778 3260 896 3314 loco
923 3261 1138 3314 basilica
1163 3301 1178 3325 ,
1209 3275 1327 3330 qua:
1368 3261 1568 3314 auratis
1613 3276 1833 3315 corusca
1877 3261 1960 3315 la-

377 3349 690 3418 quearibus,
720 3355 777 3401 et
797 3349 970 3402 aureis
991 3347 1136 3403 dives
1156 3349 1433 3412 altaribus,
1457 3363 1654 3402 arcano
1674 3350 1957 3418 positam'u

383 3439 616 3493 sacrario
643 3452 858 3492 crucem
897 3446 1074 3492 servat
1106 3455 1118 3490 :
1149 3453 1310 3508 quam
1349 3439 1628 3508 episcopus
1657 3439 1802 3493 urbis
1847 3439 1962 3509 qius

383 3529 669 3597 quotannis
691 3568 706 3594 ,
737 3543 858 3582 cum
907 3528 1109 3583 Pascha
1148 3529 1356 3583 Domini
1397 3530 1602 3598 agitur,
1632 3531 1959 3584 adorandam

382 3620 580 3689 populo
633 3620 878 3688 princeps
928 3620 1040 3688 ipse
1085 3621 1452 3674 venerantium
1508 3621 1722 3690 promit.
1780 3621 1961 3690 Neque

381 3722 578 3781 prmter
604 3710 742 3764 hanc
770 3703 927 3776 diem,
958 3725 1062 3779 qua
1081 3711 1259 3765 crucis
1294 3711 1457 3780 ipsius
1486 3712 1793 3781 mysterium
1815 3713 1958 3766 cele-

381 3802 586 3864 bratur,
633 3803 767 3871 ipsa,
794 3816 917 3868 qua:
961 3811 1414 3855 sacramentorum
1461 3817 1622 3856 causa
1667 3811 1776 3864 est,
1807 3803 1960 3872 quasi

382 3891 647 3960 quoddam
697 3905 862 3944 sacra:
902 3890 1251 3944 solemnitatis
1290 3891 1498 3959 insigne
1544 3890 1826 3960 profertur,
1858 3893 1961 3947 nisi

363 3979 647 4034 interdum
700 3979 1083 4048 religiosissimi
1136 3980 1429 4048 postulent,
1470 3980 1560 4047 qui
1608 3980 1708 4034 hac
1753 3989 1960 4034 tantum

382 4083 541 4123 causa
571 4069 661 4123 illo
692 4070 1012 4140 peregrinati
1041 4068 1373 4133 advenerint,
1395 4078 1454 4122 ut
1480 4069 1579 4122 sibi
1608 4069 1723 4136 ejus
1750 4071 1958 4123 revela-

380 4163 456 4216 tio
489 4161 642 4230 quasi
672 4162 722 4214 in
761 4161 988 4230 pretium
1018 4158 1319 4227 longinquxe
1346 4159 1788 4228 peregrinationis
1814 4159 1961 4213 defe-

371 4261 551 4307 ratur.
577 4251 726 4317 Quod
752 4251 924 4305 solum
952 4249 1188 4318 episcopi
1212 4246 1472 4301 beneficio
1498 4247 1725 4301 obtineri
1748 4248 1955 4301 ferunt:

377 4342 529 4410 cujus
556 4351 611 4395 et
641 4349 843 4394 tantum
873 4353 1092 4393 munere
1114 4337 1180 4391 de
1196 4337 1394 4391 eadem
1422 4352 1590 4391 cruce
1618 4337 1730 4392 lucc
1757 4339 1959 4392 minuta

379 4434 518 4486 sacri
550 4432 676 4499 ligni
721 4430 787 4484 ad
813 4443 1060 4497 magnam
1094 4427 1296 4482 ﬁdei‘et
1322 4427 1705 4506 benedictionis
1731 4428 1954 4497 gratiam

2070 1917 2205 1984 ﬁeri,
2237 1919 2290 1974 in
2318 1919 2602 1991 gloriam“
2621 1925 3029 1979 resurrectionis
3057 1933 3180 1980 ante
3211 1929 3379 1997 ipsam
3401 1944 3642 1985 resurre-

2069 2009 2301 2064 ctionem
2328 2009 2554 2066 credidit
2579 2028 2591 2064 :
2619 2025 2785 2081 quam
2811 2013 3077 2084 apostoli,
3108 2024 3455 2088 posteaquam
3500 2017 3645 2077 facta

2069 2105 2166 2164 est,
2191 2115 2299 2154 non
2322 2109 2526 2156 tantum
2549 2102 2798 2170 videndo,
2819 2105 2914 2159 sed
2933 2106 3260 2176 eiperiendo
3280 2109 3641 2165 crediderunt.

2067 2187 2178 2242 Nec
2205 2189 2306 2260 ipsi
2333 2198 2511 2247 tamen
2537 2190 2604 2247 de
2631 2195 3026 2249 resurrectione
3070 2197 3248 2252 carnis
3275 2199 3454 2268 potius
3483 2215 3644 2268 quam

2066 2278 2134 2335 de
2157 2281 2559 2338 resurrectionis
2594 2282 2851 2352 qualitate
2879 2283 3182 2340 dubitantes
3211 2295 3270 2352 0;
3299 2288 3424 2357 quia
3453 2290 3644 2344 videli-

2064 2362 2153 2427 cet
2175 2373 2218 2404 ⁸⁸
2244 2373 2335 2442 qui
2365 2373 2416 2427 in
2445 2371 2630 2429 orbem
2665 2382 2926 2430 terrarum
2967 2375 3212 2431 mittendi
3233 2377 3408 2432 forent
3433 2379 3501 2434 ad
3528 2396 3644 2433 om-

2068 2461 2216 2515 nium
2246 2463 2483 2530 gentium
2521 2463 2974 2529 informationem,
3006 2479 3113 2520 non
3156 2467 3372 2521 auribus
3411 2476 3640 2533 tantum.

2064 2550 2160 2605 sed
2184 2559 2241 2605 et
2269 2553 2438 2606 oculis
2457 2553 2846 2622 praedicandam
2875 2554 3032 2609 fidem
3059 2571 3253 2626 capere
3280 2556 3561 2621 debebant,
3586 2568 3643 2612 ut

2065 2641 2210 2708 quod
2239 2641 2440 2696 firmius
2466 2643 2792 2708 didicissent,
2826 2647 3160 2700 constantius
3185 2647 3474 2703 edocerent
3507 2650 3547 2704 τ.

2545 2731 2874 2788 EPISTULA
2902 2739 2918 2758 °
2962 2733 3166 2791 XXXII.

2068 2821 2381 2898 Expostulal
2416 2825 2762 2898 cumsevero,
2795 2844 2942 2898 aqua
2972 2844 3085 2898 cum
3115 2829 3173 2883 S.
3201 2829 3432 2887 Har:in
3461 2836 3531 2886 ad
3551 2853 3641 2888 sa-

2140 2910 2281 2966 crum
2299 2897 2490 2964 fontem
2514 2896 2738 2966 depictus
2761 2896 2948 2966 fuerat.
2979 2896 3142 2950 Mittit
3169 2915 3341 2954 versus
3363 2902 3642 2957 inscriben-

2139 2961 2250 3035 dos,
2281 2961 2734 3035 quirostendontigl
2752 2961 2941 3035 factum
2972 2977 3027 3019 ul
3051 2976 3182 3020 esset
3202 2966 3455 3026 Paulinus
3475 2989 3641 3027 excus-

2137 3033 2222 3100 plo
2250 3032 2602 3100 penitentibus
2623 3075 2636 3095 ,
2665 3032 2922 3088 Martinus
2951 3036 3323 3091 innocentibus.
3367 3038 3642 3098 Conditus

2142 3117 2174 3177 ᾳ
2201 3099 2342 3177 scus.
2375 3099 2425 3177 1':
2425 3103 2569 3177 elicis
2598 3100 2877 3177 basilicam-
2898 3104 3153 3177 describit,
3173 3115 3236 3177 ret
3267 3109 3641 3177 epigrammata

2135 3168 2358 3251 basilicis
2389 3169 2614 3256 Ιγριαηω
2634 3179 2683 3224 et
2721 3169 2994 3256 Fundani;
3014 3174 3269 3256 inscripta
3293 3168 3482 3256 'ttt'itlit.
3510 3180 3639 3256 Tuus

2133 3239 2496 3320 mihsericordic
2539 3256 2694 3311 opera
2710 3280 2728 3320 ε
2758 3243 3136 3320 ακφὶήωᾳλὲι
3163 3239 3215 3299 iu
3259 3249 3434 3302 anima
3465 3252 3640 3320 templi

2131 3309 2526 3379 adi/iamiam
2550 3309 2752 3382 egregie
2775 3309 3096 3368 commendat
3125 3316 3162 3367 '.

2133 3417 2180 3472 Ι.
2226 3418 2441 3475 lnsertis
2469 3420 2540 3489 (ε)
2571 3421 2653 3476 his
2671 3422 2952 3478 versiculis
2979 3432 3169 3494 patens
3201 3427 3391 3494 pagina
3435 3429 3636 3484 sollici-

2062 3507 2192 3560 tavit
2213 3507 2445 3574 iing’uam
2473 3517 2528 3564 et
2554 3524 2769 3564 manum
2793 3518 2852 3564 ut
2879 3521 3168 3582 occuparet
3189 3517 3452 3582 vacantia,
3476 3528 3530 3572 et
3557 3521 3606 3588 (Ι
3618 3522 3635 3583 )

2057 3603 2321 3655 succurrit
2347 3602 2525 3656 animo
2551 3617 2670 3656 esse
2695 3602 2839 3671 quod
2857 3604 3170 3660 scriberem.
3197 3604 3464 3677 Petquam
3492 3611 3636 3667 enim

2059 3691 2316 3756 gratulor,
2343 3691 2490 3760 quod
2521 3706 2678 3744 unam
2707 3691 2886 3746 cordis
2914 3703 2966 3746 et
2995 3695 3236 3763 corporis
3265 3698 3431 3751 nostri
3456 3737 3470 3760 ,
3503 3713 3636 3769 ope-

2059 3797 2174 3834 rum
2199 3795 2412 3851 quaque
2433 3789 2489 3835 et
2513 3791 2761 3835 votorum
2785 3781 3187 3839 similitudinem
3217 3789 3632 3856 ostenderimus,

2058 3871 2249 3924 eodem
2279 3879 2518 3940 tempore
2554 3870 2800 3925 basilicas
2837 3871 3121 3927 dominicis
3159 3875 3480 3944 adjicientcs
3514 3879 3636 3932 ovi-

2057 3967 2212 4020 libus.
2248 3965 2327 4019 Tu
2356 3981 2486 4019 vero
2527 3967 2602 4035 (g)
2629 3965 2789 4018 etiam
2831 3966 3198 4034 baptisterium
3237 3967 3472 4023 basilicis
3497 3969 3634 4023 dua-

2057 4054 2156 4109 bus
2185 4055 2554 4122 interpositum
2583 4053 2885 4118 condidisti,
2914 4063 2972 4108 ut
2997 4071 3095 4108 nos
3117 4055 3175 4107 in
3205 4057 3392 4110 horum
3417 4072 3635 4125 quoque

2058 4159 2300 4213 Operam,
2338 4145 2490 4213 195
2519 4158 2639 4212 quae
2681 4143 2960 4196 visibiliter
2998 4152 3371 4208 exstruuntur,
3400 4145 3635 4200 :edilica-

2060 4234 2207 4286 tione
2235 4237 2537 4300 superares.
2570 4229 2676 4283 Sed
2697 4229 2931 4283 Domino
2958 4229 3180 4297 gratias,
3198 4231 3287 4298 qui
3315 4231 3459 4285 dedit
3481 4233 3634 4288 nobis

2059 4324 2111 4377 in
2139 4336 2248 4391 quo
2273 4329 2326 4376 et
2356 4321 2494 4376 vinci
2522 4319 2802 4375 victoriam
2830 4319 3166 4396 duceremus.
3199 4320 3470 4376 Vincimus
3489 4323 3633 4378 enim

2056 4422 2203 4478 voto,
2237 4413 2289 4466 in
2317 4427 2423 4481 quo
2462 4410 2724 4465 vincimur
2749 4409 2918 4478 gratia
2942 4410 3009 4464 ab
3037 4423 3104 4464 eo
3123 4425 3280 4478 quem
3309 4411 3463 4466 nobis
3485 4412 3632 4481 judi-

379 4521 565 4574 haberj
594 4521 767 4573 datur.
799 4517 927 4584 Quae
953 4518 1164 4585 quidem
1193 4531 1323 4572 crux
1356 4518 1406 4570 in
1434 4501 1656 4572 materia
1685 4519 1950 4574 insensaia
1985 4519 2030 4577 υ
2056 4508 2142 4563 cio
2166 4501 2864 4574 anteponimus,dilectione
2888 4512 3280 4570 comparamus.
3311 4501 3388 4556 Tu
3410 4518 3468 4558 es
3495 4504 3632 4559 iste'

378 4612 488 4664 vim
509 4610 684 4664 vivam
714 4617 922 4672 tenens,
949 4607 1020 4659 ita
1046 4622 1110 4660 ex
1133 4606 1223 4660 illo
1244 4614 1486 4675 tempore
1507 4605 1795 4662 innumeris
1815 4621 1951 4676 pene
2053 4612 2214 4666 quem
2259 4593 2554 4662 loquimur;
2595 4598 2654 4644 ιιι
2690 4591 2918 4671 inquam
2969 4605 3090 4660 Pars
3136 4593 3301 4646 nostri
3348 4593 3545 4662 maior:
3577 4603 3630 4654 et

364 4700 622 4769 quotidie
650 4699 924 4753 hominum
960 4697 1094 4750 votis
1135 4697 1330 4764 lignum
1360 4713 1513 4751 suum
1541 4697 1863 4762 commodat,
1895 4705 1954 4750 ut
2054 4691 2277 4753 melior;
2309 4695 2367 4741 ιιι
2406 4685 2625 4754 requies
2663 4691 2865 4744 "05m.
2909 4690 2964 4738 ιιι
2993 4683 3260 4750 εθυάευιη,
3293 4685 3344 4739 ίῐι
3390 4694 3442 4740 ιθ
3472 4687 3629 4741 "3‘3""

380 4774 698 4846 detrimenta
728 4789 882 4860 195
921 4802 1027 4840 non
1055 4789 1245 4841 sentiat
1289 4787 1382 4856 (V.
1413 4795 1526 4841 not.
1551 4787 1695 4856 M5),
1724 4795 1779 4841 et
1801 4786 1954 4855 quasi

380 4883 581 4936 intacta
601 4887 911 4950 permaneat
930 4876 1166 4946 quotidie
1188 4877 1257 4947 (ε)
1282 4877 1494 4932 dividua
1524 4879 1874 4939 sumentibus,
1899 4885 1953 4931 et

453 5026 478 5054 ⁸
499 5013 693 5069 Johan.
725 5028 796 5078 xt,
827 5011 912 5064 44.
988 5009 1166 5063 stal.
1192 5027 1281 5075 xv,
1308 5009 1392 5073 I0;
1415 5010 1532 5065 Act.
1555 5025 1622 5074 n;
1653 5009 1740 5062 27.

383 5103 474 5151 xx,
511 5085 601 5137 27.
680 5081 697 5119 τ
733 5081 918 5134 Matth.
971 5096 1152 5145 xxvnt,
1185 5079 1270 5133 19.

2056 4781 2202 4834 natio
2223 4777 2414 4847 capitis
2440 4774 2626 4837 nostri,
2659 4781 2713 4826 et
2734 4773 2924 4826 mentis
2951 4772 3209 4828 habitatio
3236 4783 3335 4828 est.
3368 4773 3494 4840 Qut:
3519 4792 3628 4834 non

2059 4878 2260 4925 tantum
2275 4868 2335 4922 in
2353 4865 2605 4936 pmsenti
2632 4873 2892 4932 tempore,
2921 4863 3015 4918 sed
3036 4871 3091 4917 ut
3117 4879 3392 4933 speramus
3417 4874 3472 4920 et
3498 4882 3626 4921 con.

1823 5019 1842 5045 '-
1868 5006 1964 5061 ιω

2064 5020 2173 5070 xui,
2200 5001 2286 5054 45.
2361 4995 2387 5037 δ
2416 4998 2603 5051 Matth.
2632 5011 2757 5061 xxv,
2786 4995 2874 5048 δί.
2939 4993 3117 5050 οκιιιο.
3142 5009 3284 5058 xxiv,
3308 4993 3376 5048 39
3396 5013 3409 5055 ;
3432 4993 3621 5056 Johan,
3662 5041 3670 5048 .

457 5223 474 5240 '
512 5214 658 5267 Alias
688 5210 785 5274 ης
815 5225 932 5279 quae
975 5217 1152 5263 autem
1194 5207 1263 5261 39.
1289 5218 1424 5275 erat,
1453 5223 1593 5262 nunc
1621 5206 1707 5260 ii.
1739 5205 1946 5275 Scripta
1976 5219 2120 5259 anno
2144 5200 2265 5263 403,
2289 5207 2344 5253 et
2371 5198 2530 5252 missa
2557 5213 2679 5252 cum
2706 5195 2999 5266 superiore.

452 5337 530 5403 (a)
569 5329 666 5384 Ms.
689 5325 867 5389 Vien.,
893 5335 1090 5373 earum.
1115 5317 1213 5374 bis.
1233 5317 1364 5387 Reg.
1389 5333 1507 5373 cum
1520 5316 1682 5372 editis
1701 5323 1948 5383 quatuor,

378 5419 638 5541 “ligulas
668 5479 768 5519 ms.
789 5461 922 5529 Reg.
943 5477 1065 5541 cum
1089 5457 1265 5541 tribus
1284 5455 1458 5541 edintis.
1483 5454 1622 5541 erra
1643 5454 1819 5508 lectio.
1846 5451 1948 5504 Alii

382 5523 617 5600 codices,
647 5523 976 5602 spectaui-es.
1006 5529 1139 5602 Vide
1161 5526 1324 5602 epist.
1353 5523 1406 5586 6,
1432 5541 1481 5576 n.
1610 5592 1639 5602 ν.
1742 5589 1757 5602 Δ

458 5589 647 5677 (ipsis
671 5589 774 5677 ius.
806 5599 935 5666 Reg.
969 5607 1022 5653 et
1059 5589 1296 5677 Latinius
1328 5611 1338 5644 :
1369 5608 1494 5660 vera
1523 5592 1697 5677 lectio.
1730 5589 1827 5677 Alii
1856 5605 1949 5677 co-

384 5665 552 5738 dices,
581 5672 834 5726 dividuum
866 5665 1194 5728 sumtibus,
1223 5673 1271 5716 et
1296 5677 1492 5731 semper
1519 5669 1676 5713 totum
1707 5675 1948 5714 ιερηεναη-

381 5748 538 5802 libus.

616 5835 902 5894 ,Ρη-κοί..
951 5826 1115 5888 LXI.

2126 5311 2202 5379 (ά)
2244 5309 2340 5361 Ms.
2372 5305 2523 5379 Reg,
2548 5307 2792 5376 futuram.
2819 5303 2912 5379 Ms.
2942 5303 3134 5379 vane,
3168 5306 3412 5379 fructum,
3437 5301 3488 5354 in
3516 5317 3621 5370 qua

2053 5371 2281 5434 lectiOne
2317 5371 2632 5438 ntoninteulo
2665 5383 2720 5427 ct
2759 5375 3034 5427 seminario
3076 5371 3233 5425 erunt
3277 5371 3414 5423 sexti
3441 5387 3617 5429 casus.

2096 5464 2304 5501 ACCHIV.

2053 5449 2336 5583 SAfegnlbIs.
2365 5511 2539 5578 Vien.,
2583 5510 2908 5580 Compositis.
2953 5508 3093 5562 Edit.
3124 5506 3306 5561 Schol.
3337 5506 3389 5559 in
3421 5523 3614 5580 marg,

2057 5585 2356 5640 Recensitis.

2125 5657 2200 5725 (fl
2358 5649 2536 5725 Yieu.,
2569 5649 2807 5725 occurrit.

2229 5721 2321 5774 M5.
2358 5711 2708 5787 Regq'eodem
2740 5733 2754 5768 :
2787 5729 2892 5768 non
2921 5711 3076 5764 male.

3029 5802 3093 5863 II

3547 374 3654 431 διο
3742 443 3753 456 ο
