4078 6352
464 417 560 472 351

1570 408 1620 467 s
1662 403 1933 466 ravum
1971 401 2224 461 NOLANI
2262 366 2555 460 ueracem

3611 393 3726 453 332

467 529 678 584 fidimus
706 525 758 581 in
789 524 1014 582 Domino
1041 528 1299 595 perpetua
1329 519 1482 576 nobis
1511 520 1578 576 ab
1607 519 1770 590 ipsius
1795 532 2033 582 munere,
2065 519 2117 581 Α
2209 513 2339 570 Item
2361 513 2426 568 de
2448 512 2642 568 eodem
2671 529 2682 564 :

467 628 522 674 et
550 619 604 672 in
632 617 795 688 ipsius
822 629 1048 685 corpore
1077 628 1140 669 ac
1165 610 1358 684 spiritu
1387 610 1641 665 manebit.
1674 607 1800 664 Ideo
1828 607 1874 663 si
1914 605 2046 676 quid

469 727 564 784 per
591 709 816 777 gratiam
836 709 1045 763 Domini
1066 706 1293 778 amplius
1315 719 1462 776 agas,
1483 703 1760 760 nobiscum
1779 700 2042 772 profecto,

410 870 421 881 .
474 808 613 857 terte
642 812 739 869 pro
769 797 921 853 nobis
933 795 1084 864 ‘agis.

532 890 584 945 2.
611 889 717 945 Sed
736 889 788 946 in
817 904 883 945 eo
917 897 1098 945 metuo
1120 903 1190 944 ne
1218 889 1470 960 operibus
1493 888 1617 951 tuis,
1645 887 1838 958 quibus
1865 885 2066 956 iniqua.

477 983 670 1036 riarum
719 979 1040 1035 secularium
1082 978 1283 1048 dirigis,
1317 986 1372 1034 et
1398 978 1597 1033 clivosa
1625 975 1950 1045 complanas,
1981 988 2050 1028 ex

475 1069 578 1139 illo,
609 1071 676 1128 de
704 1085 812 1141 quo
841 1085 1055 1142 semper
1081 1083 1382 1138 conqueror
1410 1067 1602 1123 affectu
1623 1067 1676 1120 in
1701 1081 1800 1120 nos
1821 1073 1935 1132 tuo,
1964 1077 2052 1118 sa-

469 1164 670 1215 .cbram
701 1159 1010 1217 offensionis
1039 1160 1359 1224 immisceas,
1386 1157 1530 1228 quod
1554 1155 1863 1226 splendidos
1889 1153 2054 1208 devo-

470 1252 629 1306 tionis
660 1252 714 1306 in
742 1251 954 1306 Christo
985 1257 1088 1304 tua:
1120 1249 1303 1304 titulos
1330 1247 1528 1302 nostris
1557 1245 1860 1300 nominibus
1883 1241 2053 1296 infus-

467 1359 593 1408 cas;
625 1351 680 1398 et
711 1342 869 1412 justis
909 1340 1182 1395 laboribus
1213 1339 1353 1392 hanc
1388 1336 1722 1406 iniquitatem
1752 1332 1973 1399 inseris,
1997 1338 2056 1385 ut

470 1436 648 1488 locum
702 1440 946 1488 sanctum
993 1430 1154 1484 etiam
1199 1428 1432 1483 vultibus
1470 1425 1772 1493 iniquorum
1821 1421 2051 1490 polluas.

470 1515 635 1579 Recte
665 1523 808 1577 enim
835 1523 889 1578 in
917 1521 1037 1576 loco
1065 1517 1373 1574 refectionis
1398 1517 1471 1587 (id
1507 1523 1583 1568 eat
1609 1511 1928 1582 baptisterii)
1956 1510 2057 1565 hu-

470 1627 641 1667 manae
666 1611 924 1667 Martinus
946 1595 1201 1680 pingitur,
1232 1607 1324 1676 qui
1353 1605 1586 1661 caelestis
1613 1601 1845 1657 hominis
1873 1598 2047 1668 imagi-

472 1719 596 1759 nem
625 1701 864 1776 perfecta
910 1699 1109 1760 Christi
1151 1698 1450 1754 imitatione
1490 1694 1764 1765 portavit;
1797 1699 1856 1746 ut
1891 1690 2060 1760 depo-

475 1794 723 1848 nentibus
745 1792 798 1846 in
820 1791 1036 1844 lavacro
1059 1797 1286 1844 terrenae
1315 1785 1560 1857 imaginis
1583 1791 1922 1846 vetustatem,
1950 1780 2059 1834 imi-

2271 620 2418 684 Dives
2433 633 2578 684 opum
2601 619 2811 684 Christo,
2833 629 3014 684 pauper
3036 619 3145 684 sibi,
3173 615 3368 684 pulchra
3391 618 3611 667 Severus

2317 655 2578 692 μανψ...
2603 655 2787 692 “una...
2834 655 3006 692 per...
3037 655 3145 691 ...ηε
3173 655 3264 690 η...

2313 680 2549 732 ·(;ιιιιιιιιιιι
2564 689 2768 730 sacratis
2789 655 3004 730 fontibus
3035 687 3264 729 instituit.

2271 743 2335 794 Et
2355 744 2469 802 quia
2493 741 2728 791 caelestes
2748 740 2905 802 aulam
2930 739 3170 802 condebat
3197 741 3246 802 in
3263 745 3419 795 actus.
3459 774 3466 781 .

2340 800 2442 860 Qua
2464 809 2815 850 renovarentur
2832 800 2967 850 fonte
2992 800 3196 862 Deoque
3223 800 3474 849 homines:

2277 858 2436 930 Digna
2459 864 2776 930 sacramentis
2793 864 2988 930 gemina
3010 863 3103 913 sub
3118 858 3336 930 imagine
3364 858 3538 921 pinxit.

2337 921 2560 973 Disceret
2578 931 2633 971 ut
2651 927 2765 972 vitae
2785 921 2909 972 dona
2927 931 3128 971 renatus
3149 921 3308 970 homo.

2281 984 2838 1050 Martinunrveneranda
2864 985 2950 1032 viri
2972 989 3178 1050 testatur
3203 983 3364 1050 imago
3392 993 3405 1029 :

2337 1045 2502 1093 Altera
2529 1041 2778 1092 Paulinum
2802 1045 2952 1092 forma
2971 1044 3125 1092 refert
3147 1041 3400 1092 humilem.

2280 1105 2375 1166 Ille
2393 1105 2534 1153 fidem
2555 1105 2796 1166 exemplis
2815 1110 2866 1154 et
2882 1104 3023 1152 dictis
3038 1105 3240 1166 fortibus
3257 1108 3426 1159 armat,

2344 1165 2406 1216 Ut
2426 1167 2584 1213 meriti
2610 1163 2789 1226 palmas
2812 1166 3105 1213 intemerata
3128 1163 3270 1212 ferat.

2287 1226 2385 1274 lste
2403 1229 2545 1274 docet
2568 1224 2685 1273 fusis
2707 1226 2955 1273 redimens
2979 1237 3064 1272 sua
3089 1225 3288 1273 crimina
3307 1224 3536 1281 nummis,

2347 1287 2496 1337 Vilior
2516 1292 2569 1335 ut
2589 1295 2653 1335 sit
2675 1299 2758 1335 res
2785 1288 2828 1344 ε,
2851 1297 2996 1347 quam
3018 1297 3104 1334 sua
3128 1287 3306 1345 cuique
3336 1282 3482 1332 salus.

2229 1392 2284 1445 4.
2322 1392 2480 1447 Certe
2509 1391 2764 1463 probatur
2786 1390 2896 1460 jam
2920 1398 2972 1446 te
2996 1404 3104 1445 non
3128 1388 3429 1454 ridendum,
3459 1387 3744 1456 magisque

2157 1480 2512 1552 probandum,
2543 1481 2588 1534 si
2616 1480 2718 1534 hac
2758 1487 2962 1533 tantum
2992 1478 3202 1532 ratione
3229 1475 3536 1544 longissime
3574 1475 3742 1528 dissi-

2159 1569 2312 1624 mihs
2342 1571 2582 1625 cominus
2611 1569 2846 1638 pinxisse
2870 1567 3136 1631 videaris;
3161 1565 3292 1620 utin
3315 1564 3542 1617 Martino
3565 1561 3745 1615 forma

2154 1663 2370 1732 iustitiae
2397 1671 2452 1716 et
2477 1676 2680 1716 summa
2710 1661 2986 1722 virtutum,
3017 1657 3070 1712 in
3100 1657 3254 1711 nobis
3281 1654 3622 1710 conscientia:
3643 1652 3746 1705 ini-

2115 1817 2138 1825 -
2160 1752 2381 1822 quitatis
2408 1750 2626 1806 obtritio
2654 1757 2711 1805 et
2738 1746 3005 1804 confessio
3027 1753 3357 1807 cerneretur,
3383 1751 3441 1798 ut
3483 1751 3538 1796 et
3565 1742 3748 1796 beatis

473 1879 633 1938 tanda
659 1881 890 1938 cmlestis
918 1880 1112 1934 animae
1158 1883 1406 1933 occurrat
1423 1833 1678 1945 aetiigies.
1709 1871 1902 1927 Noster
1925 1884 2054 1926 vero
2084 1874 2132 1938 Β
2161 1842 2465 1945 έιξθηηξίυω
2494 1847 2703 1945 Pure."
2728 1847 2782 1945 ﬁt
2809 1839 3038 1945 ωίξθξίδο
3067 1835 3245 1938 Ῐηβηο
3275 1833 3748 1945 ξβθξῇιυηῖῘίξηί⁹

474 1975 592 2044 quis
619 1972 726 2026 illic
755 1972 905 2026 locus
932 1977 1033 2032 est,
1055 1968 1147 2037 qui
1177 1981 1277 2022 nec
1306 1965 1592 2020 infantibus
1612 1961 1935 2026 innocentia,
1959 1975 2055 2014 ne—

474 2079 580 2133 que
607 2063 736 2117 viris
762 2060 1144 2116 concurrimus.
1171 2055 1469 2127 sapientia?
1496 2062 1554 2109 et
1592 2055 1660 2108 ab
1703 2050 2056 2107 immaculatis

475 2151 700 2217 malitia,
758 2168 789 2207 a
832 2151 1082 2223 perfectis
1134 2147 1439 2203 infirmitate
1486 2143 1896 2212 distinguimur?
1927 2137 2056 2204 ρυω

475 2261 594 2315 ergo
619 2244 835 2297 societas
865 2241 1045 2294 lumini
1073 2248 1122 2292 et
1146 2235 1362 2291 tenebris
1388 2236 1440 2289 εἳ
1477 2233 1616 2304 lupis
1645 2241 1699 2288 et
1727 2232 1914 2300 agnis?
1942 2246 2056 2287 ser-

428 2318 433 2324 ’
477 2332 726 2402 pentibus
752 2339 804 2384 et
843 2327 1138 2386 columbis?
1173 2325 1276 2381 hoc
1314 2332 1429 2386 est,
1462 2322 1615 2376 nobis
1649 2328 1706 2374 et
1737 2320 1892 2390 196
1917 2315 2058 2372 Mare

481 2421 626 2474 tino?
651 2419 840 2472 Nonne
859 2425 916 2470 tu
943 2415 1094 2469 lactis
1124 2421 1179 2468 et
1205 2412 1341 2466 fellis
1367 2410 1614 2480 poculum
1645 2407 1934 2462 miscuisti?
1951 2403 2058 2459 Sed

479 2514 635 2574 bene,
661 2509 804 2578 quod
835 2525 940 2562 non
968 2513 1024 2561 ut
1066 2507 1120 2560 in
1149 2504 1442 2574 liquoribus
1473 2516 1579 2556 uno
1607 2500 1771 2555 calice
1798 2496 2052 2559 confusis,

479 2602 553 2656 ita
582 2600 636 2654 in
684 2596 986 2652 hominibus
1024 2595 1214 2650 eodem
1262 2593 1384 2648 loco
1435 2591 1634 2651 mixtis,
1665 2589 1710 2643 si
1753 2588 2059 2656 discrepent

477 2690 684 2745 meritis
707 2728 721 2753 ,
755 2687 880 2742 boni
907 2685 1144 2740 suavitas
1172 2680 1525 2737 amaritudine
1566 2679 1692 2735 mali
1719 2685 2053 2733 venenatur:

480 2788 773 2849 contraque
802 2778 979 2834 evenit
1011 2785 1071 2832 ut
1112 2781 1368 2847 peccator
1400 2770 1546 2842 justo
1574 2770 1902 2840 compositus
1939 2780 2056 2821 ma-

480 2876 562 2944 gis
580 2872 820 2935 sordeat,
843 2879 898 2926 et
917 2877 1200 2942 peccatore
1225 2866 1422 2922 collato
1447 2864 1616 2933 magis
1630 2862 1803 2931 justus
1820 2861 2054 2916 eluceat.

483 2964 776 3034 Quominus
810 2974 1032 3018 moveor
1057 2972 1245 3014 errore
1269 2955 1508 3011 caritatis
1533 2963 1635 3007 tua:
1653 2991 1668 3016 ,
1692 2953 1818 3021 quia
1858 2951 2058 3006 nullam

483 3059 642 3115 boatu
670 3054 746 3111 illi
777 3053 945 3109 fecisti
969 3050 1238 3118 injuriam,
1261 3046 1548 3118 potiusque
1573 3042 1642 3098 ad
1671 3043 1893 3110 gloriam
1919 3042 2062 3098 illius

472 3146 754 3214 contulisti
779 3183 794 3212 ,
823 3152 884 3199 ut
925 3149 1114 3198 contra
1143 3136 1524 3208 despicabilem
1554 3133 1715 3192 facies
1743 3133 2060 3188 venerabilis

473 3223 812 3315 ,pingeretur,
837 3249 945 3306 quo
965 3231 1217 3302 splendor
1245 3229 1363 3298 ejus.
1387 3225 1791 3296 comparatione
1815 3224 2061 3279 tenebra-

473 3346 607 3388 .rnm
635 3329 830 3385 clarius
858 3325 1148 3387 emicaret,
1171 3321 1264 3393 qui
1291 3320 1452 3374 etiam
1481 3318 1534 3370 in
1563 3315 1915 3388 splendoribua
1944 3329 2067 3368 ran-

476 3418 732 3479 xtorumb
779 3416 1068 3488 conspicua
1113 3413 1352 3468 claritate
1395 3408 1686 3480 praefulget.
1742 3405 1810 3461 Et
1853 3406 2067 3475 quidem

489 3515 590 3571 nisi
609 3513 802 3567 scirem
849 3519 901 3564 te
954 3509 1196 3578 impenso
1236 3503 1388 3563 nimii
1429 3503 1483 3556 in
1523 3516 1621 3556 nos
1657 3499 1855 3555 amoris
1891 3498 2067 3554 studio

490 3607 628 3660 hanc
653 3602 966 3657 informasse
994 3601 1275 3670 picturam,
1305 3593 1627 3650 malitiosum
1666 3600 1718 3647 te
1745 3600 1799 3646 et
1817 3591 2067 3646 callidum

493 3693 826 3757 criminarer,
856 3690 948 3760 qui
992 3690 1184 3742 nostrae
1220 3685 1532 3739 humilitatis
1566 3683 1822 3738 obscuras
1862 3681 2063 3735 animo-

495 3799 615 3847 rum
643 3791 801 3838 nocte
820 3794 1096 3851 personas,
1124 3795 1193 3834 ex
1215 3778 1424 3831 adversi
1442 3776 1592 3844 juxta
1613 3775 1830 3844 parietis
1850 3773 2070 3842 regione

496 3875 736 3944 depictas
755 3880 941 3928 sancto
965 3867 1471 3938 capiticontulisses,
1487 3875 1548 3920 ut.
1565 3865 1712 3919 illum
1732 3871 1937 3918 tantum
1954 3862 2070 3930 pin-

493 3979 649 4036 geres
671 4007 688 4032 ,
718 3979 816 4020 nos
842 3977 972 4017 vero
1001 3960 1175 4031 potius
1218 3956 1544 4013 deformares
1565 3996 1580 4022 ,
1611 3969 1746 4024 quos
1777 3953 1898 4023 jure
1941 3967 2072 4007 con-

494 4064 679 4128 specta
706 4053 918 4109 Martini
944 4053 1080 4107 facie
1105 4047 1442 4119 despuendos
1467 4047 1536 4102 ad
1563 4047 1817 4116 probrum
1838 4043 2072 4098 ridicula:

497 4145 910 4217 comparationis
936 4148 1255 4212 expdneres.
1287 4137 1392 4192 Sed
1428 4152 1495 4192 ne
1528 4135 1697 4192 nostri
1727 4148 1908 4201 causa,
1937 4147 2074 4202 quo-

495 4251 615 4293 rum
651 4235 820 4290 multo
863 4245 1046 4288 amore
1089 4232 1214 4286 dum
1263 4227 1494 4293 falleris,
1540 4226 1733 4281 falsum
1776 4224 1927 4290 facis,
1959 4226 2072 4279 haec

497 4324 880 4381 commentatio
907 4330 998 4375 tua
1027 4321 1093 4375 de
1119 4319 1346 4374 caritate
1363 4317 1610 4388 prolapsa
1635 4314 1982 4381 irrideretur;
2014 4323 2074 4368 ut

499 4427 686 4470 revera
699 4419 888 4482 potest
915 4419 968 4464 et
995 4409 1169 4464 debet.

570 4504 623 4557 5.
664 4501 774 4555 Hac
798 4508 1003 4554 tantum
1021 4499 1192 4566 gratia
1212 4498 1362 4568 parvi
1391 4498 1488 4552 tibi
1517 4497 1570 4550 in
1597 4497 1870 4552 versiculis
1889 4497 1956 4553 de
1975 4499 2075 4553 hn-

498 4593 730 4665 jusmodi
771 4601 859 4646 tua
888 4592 1094 4661 pictura
1121 4590 1188 4644 ad
1227 4598 1284 4645 te
1310 4587 1582 4667 mittendis
1604 4627 1619 4652 ,
1650 4595 1708 4640 nt
1749 4588 1956 4643 consilii
1990 4589 2072 4643 tui
2100 4583 2153 4646 D

501 4687 641 4741 ratio
668 4684 987 4756 proderetur
1009 4723 1024 4749 ,
1055 4695 1160 4751 qua
1189 4681 1471 4737 salubriter
1509 4694 1772 4735 novorum
1799 4679 2072 4734 hominum

503 4774 864 4832 informationi
903 4773 1160 4836 studens,
1190 4770 1427 4825 diversas
1467 4770 1624 4836 longe
1674 4770 1774 4824 sibi
1799 4769 2074 4838 imagines

503 4865 910 4938 proposuisses;
941 4869 1000 4917 ut
1025 4866 1358 4928 emergentes
1382 4873 1410 4914 a
1438 4873 1594 4912 sacro
1617 4856 1782 4923 fonte,
1813 4867 1868 4913 et
1896 4860 2071 4914 vitan-

499 4959 628 5013 dum
650 4961 705 5010 et
722 4952 1052 5023 sequendum
1080 4949 1279 5020 pariter
1305 4948 1759 5018 conspicarentur.
1784 4947 1966 5018 Itaque
1993 4949 2072 5006 sic

501 5048 672 5108 habes
691 5046 746 5112 ';
773 5047 818 5101 si
839 5045 1033 5116 placet,
1065 5050 1233 5097 utere.

532 5215 534 5218 ν
627 5156 834 5207 Abluitis
854 5156 1132 5218 quicunque
1156 5151 1336 5218 animas
1351 5159 1404 5202 et
1426 5151 1645 5218 membra
1671 5150 1888 5213 lavacris,

687 5212 885 5268 Cernite
907 5212 1177 5279 p:0positas
1199 5214 1254 5279 ad
1277 5215 1397 5262 bona
1422 5212 1540 5279 facta
1563 5215 1678 5279 vias.
1873 5240 1876 5244 η

624 5280 803 5342 Adstat
822 5274 1055 5342 perfectae
1078 5274 1308 5324 Martinus
1327 5274 1496 5336 regula
1529 5277 1639 5342 vitae
1665 5286 1677 5322 :

690 5332 923 5389 Paulinus
944 5340 1134 5388 veniam
1156 5348 1252 5395 quo
1269 5332 1494 5383 meréare
1515 5333 1673 5383 ducet.
1696 5332 1709 5345 ⁶

622 5402 765 5454 Hunc
784 5407 1087 5463 peccatores,
1103 5395 1245 5463 illum
1267 5401 1483 5463 spectate
1506 5395 1668 5462 beati:

687 5456 950 5525 Exemplar
963 5459 1140 5508 sanctis
1163 5456 1344 5514 illesit,
1364 5460 1455 5504 iste
1474 5459 1593 5504 reis.

2156 1933 2311 2001 tudo,
2339 1934 2396 1987 in
2426 1933 2581 1987 nobis
2609 1930 3110 1985 solatiumhaberet
3133 1927 3362 1995 ignavia.
3387 1923 3540 1977 Illum
3562 1923 3749 1976 intue-

2153 2033 2357 2089 rentur,
2397 2023 2489 2094 qui
2531 2031 2854 2092 praeceptum
2903 2019 3211 2074 sufficerent
3257 2016 3481 2086 implere
3526 2013 3749 2067 virtuti—

2153 2115 2291 2172 bus:
2322 2117 2376 2169 in
2422 2114 2575 2168 nobis
2635 2112 2785 2183 197
2841 2108 3272 2174 consolarentur,
3301 2105 3390 2174 qui
3438 2103 3746 2158 remedium

2155 2209 2356 2264 vellent
2405 2206 2597 2260 afferre
2633 2202 2964 2259 criminibus.
2996 2200 3129 2267 Quia
3175 2195 3501 2252 innocentiae
3547 2193 3749 2247 fiducia

2157 2297 2444 2362 destitutis,
2473 2303 2527 2350 et
2555 2307 2696 2350 nexu
2718 2290 3011 2362 iniquitatis
3037 2287 3325 2353 adstrictis,
3348 2286 3462 2340 sola
3493 2292 3553 2339 ut
3581 2283 3751 2351 capti-

2155 2389 2240 2443 vis
2271 2394 2450 2458 potest
2493 2381 2756 2439 redemtio
2793 2381 3096 2436 subvenire.
3137 2378 3327 2445 Quaeso
3357 2385 3409 2430 te
3438 2384 3650 2436 tamen,
3674 2387 3753 2426 ne

2155 2475 2516 2531 obedientiam
2559 2487 2734 2527 meam
2755 2473 2955 2526 crimen
2984 2468 3168 2534 facias,
3199 2468 3242 2524 si
3263 2481 3451 2529 versus
3475 2473 3597 2519 tuos
3619 2462 3751 2517 illos

2157 2563 2372 2620 luminis
2391 2571 2446 2618 et
2471 2561 2729 2629 favorum,
2762 2563 2901 2616 sicut
2931 2560 3275 2623 denuntiasti,
3307 2557 3536 2612 auferas.
3569 2555 3750 2611 Vere—

2157 2652 2328 2710 cunde
2356 2665 2536 2721 quaeso
2566 2649 2696 2705 illud
2725 2650 2892 2718 magis
2915 2690 2930 2716 ,
2964 2661 3126 2718 quam
3171 2661 3296 2700 vere
3342 2645 3578 2699 minatus
3623 2643 3699 2697 sis
3727 2656 3745 2707 ;

2159 2750 2235 2807 et,
2268 2742 2315 2797 si
2354 2743 2485 2798 istos
2525 2739 2903 2795 adscribendos
2931 2737 3235 2808 putaveris,
3266 2734 3338 2788 illi
3367 2737 3746 2803 permaneant,

2161 2840 2224 2886 ut
2249 2832 2440 2886 horum
2466 2827 2618 2900 quasi
2645 2825 2922 2897 gemmulze
2950 2825 3075 2892 sint,
3101 2831 3158 2879 et
3184 2821 3379 2878 faciant
3405 2821 3597 2875 vilibus
3629 2826 3752 2890 pre-

2160 2921 2296 2976 tium
2323 2929 2378 2998 et
2413 2919 2558 2975 claro
2589 2925 2704 2972 atra
2733 2917 3078 2984 distinguant.
3109 2913 3253 2969 Sane
3281 2920 3499 2982 accepta
3525 2909 3751 2965 licentia

2162 3014 2275 3070 dixi
2296 3014 2487 3080 lingua:
2515 3025 2668 3075 meat,
2689 3023 2798 3065 non
2814 3003 2966 3078 juxta
2995 3007 3312 3078 prophetam
3340 3002 3388 3072 δ,
3414 3011 3472 3058 ιιι
3496 3009 3751 3057 maneret

2164 3101 2218 3158 in
2248 3103 2432 3171 requie
2460 3116 2552 3156 sua
2571 3140 2585 3164 ,
2617 3107 2672 3154 et
2709 3097 3002 3153 custodiret
3044 3097 3159 3150 vias
3200 3109 3347 3149 meas
3377 3111 3392 3147 :
3423 3093 3517 3147 sed
3563 3091 3753 3162 potius

2088 3223 2136 3289 ο
2165 3192 2420 3263 opposita:
2448 3190 2548 3244 sibi
2573 3187 2827 3244 custodia:
2858 3187 3037 3242 frenos
3064 3192 3355 3254 rumperet,
3415 3183 3570 3254 1,98
3612 3181 3748 3234 dum

2166 3281 2392 3335 serviret
2417 3279 2530 3332 tibi.
2554 3276 2632 3332 lta
2662 3285 2714 3331 te
2741 3276 2924 3344 diligo,
2955 3283 3012 3329 ut
3037 3275 3204 3344 magis
3233 3273 3299 3328 de
3321 3268 3750 3340 obtemperando

2167 3371 2262 3425 tibi
2284 3385 2442 3438 quam
2465 3368 2532 3422 de
2553 3367 2886 3435 multiloquio
2915 3374 3194 3436 peccatum
3225 3363 3466 3416 timerem
3490 3371 3536 3414 ε.

2239 3459 2291 3513 5.
2331 3457 2497 3525 Quam
2545 3457 2614 3512 ob
2657 3472 2770 3511 rem
2816 3455 2975 3510 etiam
3023 3455 3256 3509 basilicis
3297 3453 3402 3526 tuis
3429 3449 3748 3510 versiculos,

2167 3551 2319 3621 quasi
2338 3550 2548 3604 votivos
2572 3548 2736 3603 sacris
2759 3545 2994 3600 fontibus
3024 3545 3209 3599 titulos
3236 3542 3514 3598 destinavi.
3538 3539 3592 3595 Si
3615 3539 3753 3607 quid

2169 3643 2222 3696 in
2251 3641 2334 3697 bis
2377 3648 2498 3710 apte
2539 3639 2747 3693 locutus
2775 3636 3016 3700 videbor,
3057 3635 3173 3688 haec
3200 3647 3412 3702 quoque
3441 3630 3619 3684 fratris
3647 3627 3749 3680 Vi-

2169 3732 2332 3787 ctoris
2360 3729 2526 3798 gratia
2552 3735 2652 3790 est,
2679 3727 2828 3795 cujus
2850 3725 3018 3779 oculis
3048 3732 3101 3779 et
3131 3721 3307 3776 verbis
3336 3719 3513 3776 omnia
3541 3730 3659 3786 quin
3689 3716 3750 3769 "Ia

2169 3820 2380 3874 Christo
2412 3817 2636 3873 Domino
2674 3815 2845 3871 fecisti
2894 3822 2944 3868 et
2975 3813 3088 3881 agis
3123 3811 3264 3877 vidi;
3313 3817 3370 3864 et
3411 3809 3530 3863 ideo
3559 3817 3752 3859 versus

2171 3926 2306 3985 quos
2334 3919 2389 3965 et
2416 3911 2482 3962 de
2509 3906 2742 3962 basilicis
2770 3905 3062 3974 interposui
3103 3904 3218 3974 ipso
3261 3908 3450 3955 autore
3477 3895 3746 3960 censebis,

2172 3999 2263 4071 qui
2291 3997 2570 4052 materiam
2598 3994 2817 4048 dictavit
2845 3991 3182 4046 enarratione
3218 3985 3480 4044 factorum
3504 3992 3749 4039 tuorum.

2173 4091 2249 4144 De
2277 4086 2587 4157 baptisterio
2618 4085 2778 4152 igitur
2806 4082 2922 4152 ipso
2951 4088 3110 4137 erunt
3137 4077 3244 4146 isti,
3272 4077 3340 4134 de
3364 4075 3516 4144 cujus
3535 4075 3754 4145 pictura

2173 4185 2377 4234 tantum
2403 4181 2522 4230 sunt
2555 4172 2632 4227 illi
2652 4171 2975 4242 superiores.

2232 4259 2361 4350 .Hic
2376 4285 2750 4350 reparandarum
2775 4292 3038 4350 generator
3058 4281 3162 4330 lous
3183 4283 3451 4350 animarum

2328 4344 2495 4397 Vivu'ni
2518 4348 2678 4394 divino
2700 4345 2884 4396 lumine
2909 4345 3091 4392 ﬂumen
3116 4344 3232 4401 agit.

2268 4411 2473 4459 Sanctus
2498 4411 2543 4456 in
2567 4405 2837 4455 hunccu-lo
2859 4404 3112 4453 descendit
3128 4403 3336 4463 Spiritus
3354 4413 3560 4460 amnem,

2331 4471 2627 4532 (ltelestiqne
2650 4479 2810 4532 sacras
2828 4467 2958 4532 fante
2983 4465 3175 4512 maritat
3189 4475 3339 4532 aquas
3360 4477 3380 4532 ἐ

2267 4530 2483 4592 Concipit
2505 4521 2629 4576 unda
2653 4528 2807 4576 Deum
2837 4521 3184 4592 :_sa'nctamqu_e
3201 4521 3466 4582 linuorihus
3483 4521 3636 4568 almis.

2332 4585 2441 4640 Edi't
2462 4592 2524 4638 ab
2543 4604 2575 4635 a
2586 4595 2728 4637 terno
2747 4589 2940 4637 semine
2957 4585 3258 4647 progeniem.

2267 4651 2387 4702 Mira
2414 4651 2508 4699 Dei
2531 4647 2707 4711 pietas!
2738 4642 2969 4711 Peccator
2989 4642 3227 4711 mergitur
3249 4642 3412 4703 undis,

2329 4711 2434 4773 mox
2464 4705 2545 4773 (ai
2561 4709 2732 4757 eadem
2757 4705 3270 4773 emergitjnstiﬁcatus
3291 4715 3435 4773 aqua,

2264 4771 2346 4820 Sic
2377 4766 2527 4821 homo
2543 4776 2594 4818 et
2608 4781 2778 4829 occasu
2803 4766 2932 4817 felici
2958 4766 3150 4829 functus
3173 4771 3225 4829 et
3246 4771 3375 4824 ortu,

2327 4835 2352 4879 ἰ
2371 4832 2561 4880 errenis
2583 4827 2810 4885 moritur,
2837 4827 3090 4888 perpetuis
3114 4827 3286 4888 oritur.
3319 4885 3328 4888 _
3391 4884 3401 4888 _
3433 4883 3445 4888 _
3575 4855 3578 4860 λ

2267 4892 2414 5002 Ουὲιῧ
2437 4895 2581 4953 perit,
2605 4891 2692 4938 sed
2716 4883 2814 4959 vita
2839 4883 2997 4959 redit;
3021 4894 3168 4956 vetus
3181 4885 3352 4957 interit
3375 4883 3543 4942 Adam,

2371 4963 2386 5001 t
2405 4963 2554 5000 novus
2573 4958 2770 5000 aeternis
2789 4960 2996 4997 ῐιειειίιιιῐ⁸
3020 4957 3256 5002 Imperiis.

2371 4963 2386 5001 ι
2405 4963 2554 5000 ιιονιιδ
2573 4957 2770 5000 aeternis
2789 4957 2996 4997 nascitur
3020 4957 3256 5008 Imperiis.

2243 5058 2544 5128 Sequentes
2565 5053 2630 5108 ad
2650 5052 2990 5118 basilicarum
3019 5049 3285 5120 picturam
3312 5056 3436 5104 sunt
3469 5047 3509 5101 ⁵.

2267 5149 2500 5208 Corpore,
2519 5151 2715 5208 mente,
2734 5143 2849 5203 fide,
2871 5145 3166 5208 castissimus
3183 5139 3339 5190 incola
3363 5141 3541 5192 Christi

2330 5203 2547 5258 Condidit
2569 5209 2658 5255 ista
2688 5203 2792 5254 Deo
2817 5211 2941 5254 tecta
2958 5203 3178 5252 Severus
3192 5214 3356 5251 ovans.

2273 5269 2362 5319 Tot
2372 5282 2427 5316 us
2447 5276 2495 5315 et
2524 5269 2630 5326 ipse
2653 5267 2745 5315 Dei
2776 5265 3008 5322 templum
3028 5265 3163 5326 viget
3184 5265 3376 5326 hospite
3396 5261 3604 5322 Christo,

2328 5323 2732 5388 Gandentemque
2757 5326 2923 5388 humili
2947 5323 3099 5374 corde
3115 5328 3244 5385 gerit
3268 5323 3540 5372 Dominum.

2266 5390 2395 5440 Ecce
2417 5389 2550 5437 velut
2567 5387 2694 5436 trino
2715 5387 2830 5435 colit
2854 5397 2997 5434 unam
3013 5391 3207 5432 neruine
3231 5392 3476 5435 mentem:

2329 5450 2408 5499 Sic
2430 5450 2608 5498 trinum
2629 5455 2794 5496 sancta
2809 5448 2831 5478 ⁸
2849 5445 2978 5495 mole
2994 5448 3192 5495 sacravit
3214 5455 3352 5506 Opus.

522 5563 524 5568 ’
576 5567 669 5620 ιιι
693 5566 814 5621 Cor.
843 5583 913 5628 vt,
940 5564 1024 5618 M.
1100 5561 1128 5602 ι)
1159 5556 1296 5616 Psal.
1325 5576 1430 5627 (ιιι,
1455 5561 1507 5615 3.
1588 5570 1608 5599 ο
1633 5559 1689 5614 ld
1716 5565 1798 5614 est
1816 5559 2062 5626 pecuniae.

2156 5558 2216 5614 de
2240 5557 2395 5627 epist.
2429 5554 2454 5608 i
2482 5551 2736 5624 append.,
2755 5569 2808 5608 ιι.
2832 5553 2885 5607 6.
2937 5549 2966 5589 ἀ
2993 5550 3131 5607 Psal.
3155 5567 3376 5617 xxxviii,
3406 5549 3459 5604 2,
3537 5563 3561 5589 ε
3589 5542 3756 5609 υτον.

510 5675 564 5722 x,
596 5655 684 5710 i9.

579 5765 656 5836 (a)
683 5762 773 5836 Sic
797 5765 1167 5836 mss:_codices
1190 5765 1343 5835 Reg,
1368 5763 1486 5818 Vat.
1529 5768 1584 5814 et
1615 5758 1765 5814 Vien.
1796 5772 1917 5813 cum
1964 5756 2127 5815 editis
2155 5755 2389 5829 quinque
2413 5793 2429 5819 ,
2484 5751 2699 5809 licentia
2736 5752 2967 5824 poetica.
2999 5748 3139 5805 Edit.
3174 5745 3408 5814 Poelnn,
3439 5746 3595 5799 idem.
3623 5744 3766 5803 Vide

497 5832 675 5897 diurni.
710 5832 796 5900 15,
822 5849 869 5887 v.
902 5832 1025 5888 554.
