4078 6352
1567 354 1617 413 8.
1650 357 1919 414 ΡΑυιιῖΝΙ
1960 359 2206 416 αοιΑΝι
2249 361 2548 421 EPISCOPI

3604 352 3705 432 πό

467 472 633 530 babes
657 471 752 532 tibi
777 471 844 528 de
879 486 965 528 me
996 469 1251 542 (Subaudi
1279 469 1470 539 magis)
1498 485 1660 538 quam
1685 471 1816 526 mihi
1847 473 2034 529 crede-
2059 476 2108 537 Α
2137 483 2241 540 tur,
2265 484 2498 544 quatuor
2524 477 2640 546 ejus
2663 478 2895 536 basilicis
2923 478 3102 534 addita
3122 521 3136 548 ,
3169 481 3409 551 reliquiis
3438 486 3707 553 apostolo-

465 578 547 629 re,
577 570 962 633 competentes.
1002 559 1148 627 Quos
1172 559 1656 616 sinonerubueris
1681 561 1758 630 (a)
1787 570 2037 630 spectan-

464 653 566 710 dos
604 653 907 709 domestica:
945 651 1336 706 ecclesiae-tua:
1383 649 1677 720 parietibus
1709 651 2036 717 inscribere,

464 741 794 797 vindicabor.
855 737 1030 794 Credo
1073 739 1489 794 enim-veltunc
1530 737 1598 792 de
1646 739 1779 794 meis
1826 740 2038 810 ineptiis

465 831 788 896 erubesces;
836 836 892 884 et
935 828 1222 898 ptenitebit
1269 837 1324 882 te
1351 826 1601 882 desiderii
1647 836 1702 882 et
1742 831 2038 886 exactionis

465 927 569 974 tuae
590 959 606 986 ,
647 932 769 973 cum
797 917 1061 984 aedilicia,
1121 932 1242 986 qua:
1278 914 1620 970 immaculata
1657 916 1832 972 adhuc
1857 920 2036 987 operis

467 1010 542 1064 tui
578 1008 747 1077 gratia
785 1007 1072 1078 splendent
1092 1048 1108 1073 ,
1169 1007 1453 1063 obscurata
1496 1007 1682 1064 nteniis
1719 1009 2037 1078 insipientia;

465 1111 599 1152 mete
621 1113 636 1162 ;
661 1105 758 1162 et,
777 1105 838 1150 ut
863 1096 1023 1165 digno
1053 1096 1195 1152 meis-
1212 1098 1454 1154 versibus
1482 1099 1646 1154 verbo
1675 1105 1814 1161 utar,
1838 1112 2034 1152 cacca-

463 1190 587 1246 bata
618 1188 715 1261 (V.
739 1196 860 1243 not.
896 1187 1020 1264 148)
1044 1230 1062 1258 ,
1111 1189 1406 1246 ridentibus
1443 1191 1625 1247 multis
1659 1191 1742 1245 vel
1767 1205 2037 1245 nausean-

466 1280 609 1338 tibus
637 1278 888 1335 confusus
916 1278 1165 1348 aspicies.
1206 1278 1315 1334 Nec
1334 1280 1607 1336 lahorabis
1635 1280 1848 1342 fallere,
1894 1287 1955 1333 ut
1984 1288 2037 1334 te

464 1371 638 1426 lector
663 1379 906 1425 antorem
933 1375 1122 1439 putet;
1176 1384 1298 1424 cum
1330 1371 1376 1404 "
1414 1371 1613 1440 ineptia
1638 1371 1842 1426 nemini
1889 1371 1944 1425 in
1978 1380 2036 1426 te

462 1468 592 1518 nota
613 1500 629 1526 ,
654 1459 831 1530 possit
858 1458 1122 1514 instruere
1149 1458 1406 1514 lectorem
1431 1498 1447 1525 ,
1489 1475 1559 1516 ne
1587 1460 1887 1515 tibimeum
1915 1475 2037 1515 car-

451 1567 606 1618 men,
632 1550 685 1605 id
723 1557 833 1615 est,
865 1548 1070 1604 crimen
1100 1549 1377 1618 imponat:
1409 1551 1498 1618 qui
1533 1557 1712 1604 tamen
1734 1549 1822 1604 vel
1849 1549 2033 1618 prodi-
2121 1548 2128 1554 ’

446 1640 594 1696 rtoris
641 1639 725 1696 vel
773 1638 1054 1709 scriptoris
1100 1639 1318 1694 nomine
1354 1639 1654 1709 culpandus
1694 1654 1776 1696 es.
1821 1637 1926 1694 Sed
1965 1653 2035 1693 ne

462 1731 581 1799 quis
612 1744 698 1784 me
727 1728 1042 1799 injuriosum
1066 1728 1271 1798 judicet
1297 1729 1386 1784 illa
1408 1728 1592 1797 regula
1618 1743 1724 1798 qua
1748 1728 2036 1798 perscribi-

463 1830 546 1875 tur
572 1839 586 1873 :
620 1817 768 1884 Quod
789 1819 880 1874 tibi
907 1820 1155 1886 nolueris,
1184 1819 1276 1874 alii
1303 1836 1367 1874 ne
1392 1820 1574 1892 feceris
1605 1828 1632 1857 ιι
1658 1836 1671 1872 :
1713 1818 1857 1874 idem
1888 1835 1919 1874 a
1946 1833 2034 1875 me
2063 1814 2112 1876 Β

460 1911 612 1988 prius
638 1910 888 1966 basilicas
927 1925 1075 1967 meas
1121 1912 1405 1982 pertulisse
1431 1911 1789 1982 przesentibus
1826 1911 1903 1966 illi
1931 1911 2031 1967 do-

460 2001 724 2057 cumentis
751 2001 1038 2070 probabis:
1081 2009 1140 2056 ut
1174 2002 1278 2058 hoc
1305 2015 1519 2072 quoque
1547 2001 1801 2058 ostendas
1835 2001 2032 2064 unani-

462 2091 704 2147 mitatem
733 2099 969 2146 nostram
993 2130 1009 2156 ,
1061 2091 1204 2160 quod
1232 2092 1343 2151 sive
1370 2092 1542 2160 gratia
1579 2092 1693 2147 sive
1722 2090 1915 2161 injuria
1941 2105 2032 2146 me

462 2179 555 2234 tibi
603 2193 927 2250 comparans
949 2219 964 2245 ,
1020 2179 1208 2234 eadem
1244 2179 1297 2234 in
1322 2187 1441 2234 tuas
1468 2194 1574 2250 qua
1611 2181 1772 2234 etiam
1802 2181 1857 2234 in
1882 2193 2031 2247 meas

459 2269 839 2326 aediﬁcationes
864 2270 1166 2326 temeritate
1185 2271 1425 2341 peccavi.
1457 2270 1564 2327 Sed
1583 2272 1741 2341 hujus
1767 2273 1880 2328 sive
1908 2288 2030 2343 gra-

461 2363 577 2428 tias,
605 2361 755 2432 juxta
787 2362 1233 2431 patientissimum
1271 2362 1377 2416 mei
1406 2362 1643 2418 animum
1674 2371 1821 2418 tuum
1847 2381 1862 2429 ;
1915 2364 2031 2419 sive

456 2450 607 2520 juxta
635 2466 813 2506 meum
832 2450 1255 2518 indignissimum
1284 2465 1506 2516 munus,
1537 2451 1742 2520 injuria:
1762 2459 1919 2506 autor
1938 2459 2030 2505 aut

455 2556 582 2598 reus
610 2540 932 2606 noster_tibi
961 2539 1145 2596 Victor
1189 2540 1483 2608 habeatur,
1529 2541 1620 2609 qui
1663 2541 2030 2595 sanctissimus

456 2641 654 2687 nostrre
690 2631 928 2686 caritatis
973 2631 1238 2700 interpres
1283 2630 1388 2686 hoc
1432 2645 1493 2685 se
1542 2632 1636 2686 tibi
1681 2632 1967 2699 gratiorem
1996 2646 2027 2686 a

457 2721 612 2777 nobis
639 2719 817 2776 redire
840 2720 1172 2790 pratsumsit,
1214 2734 1322 2788 quo
1350 2720 1397 2752 ³⁸
1425 2720 1734 2790 depressior
1759 2720 1859 2776 sub
1888 2720 2029 2789 inju-

455 2819 542 2867 sto
558 2809 873 2880 ineptiarum
888 2809 953 2863 ad
972 2818 1027 2864 te
1050 2817 1352 2865 nostrarum
1375 2824 1538 2864 onere
1557 2809 1880 2866 revertisset.
1896 2809 2030 2864 Nam

457 2901 563 2956 hoc
589 2899 751 2955 etiam
780 2913 1085 2955 accrescere
1113 2897 1345 2954 fascibus
1371 2899 1481 2953 suis
1511 2899 1696 2962 voluit,
1727 2907 1786 2952 ut
1815 2905 2029 2952 nostra-

439 3003 579 3047 _rum
607 2987 702 3047 tibi
750 2987 1090 3043 basilicarum
1128 3001 1315 3042 versus
1355 2986 1514 3041 simul
1541 2987 1886 3054 picturasque
1913 3001 2032 3056 por-

435 3087 618 3136 taret.
649 3077 948 3148 Meritoque
971 3076 1150 3142 faciet,
1173 3077 1218 3131 si
1239 3092 1360 3131 cum
1381 3077 1481 3130 bac
1500 3091 1558 3130 se
1581 3076 1675 3129 tibi
1695 3077 2031 3143 querimonia

2141 581 2260 619 rum
2309 574 2363 619 et
2402 575 2698 638 martyrum
2745 570 3095 642 203-2“
3140 573 3281 626 intra
3328 575 3569 643 apsidem
3611 577 3704 646 (Υ.

2135 663 2251 709 not.
2267 655 2389 726 149)
2406 659 2634 712 trichora
2658 659 2812 729 (forte
2837 662 3103 731 legendum
3129 663 3415 717 trichoram
3432 666 3566 730 μύει.
3591 675 3705 721 not.

2137 745 2262 816 150)
2301 747 2398 802 sub
2425 749 2609 802 altaria
2639 752 2896 816 sacratis,
2939 768 3044 807 non
3074 753 3191 808 solo
3217 754 3361 808 beati
3389 755 3584 810 Felicis
3612 758 3710 810 bo-

2135 850 2268 890 nore
2315 837 2638 896 venerabilis
2683 848 2764 892 est
2787 879 2802 904 ,
2861 841 3098 910 apsidem
3145 842 3263 897 solo
3310 852 3366 897 et
3414 843 3709 913 parietibus

2133 935 2514 980 marmoratam
2559 943 2772 982 camera
2819 931 3027 984 musivo
3074 931 3229 986 illusa
3283 931 3380 1002 (γ.
3424 940 3537 988 not.
3580 931 3708 1001 151)

2134 1015 2390 1070 clariﬁcat
2415 1034 2430 1082 ;
2455 1019 2606 1086 cujus
2627 1019 2850 1087 picturae
2876 1020 2932 1074 bi
2957 1036 3144 1076 versus
3171 1029 3296 1076 sunt
3320 1040 3334 1075 :

2259 1127 2650 1194 flenoeoruscat
2667 1130 2878 1194 Trinitas
2905 1133 3153 1193 mysterio,

2257 1189 2363 1252 Stat
2384 1191 2600 1252 Christus
2624 1191 2823 1252 agnod;
2849 1206 2937 1241 vox
2954 1189 3122 1242 'Patris
3143 1189 3171 1222 ίε
3197 1192 3320 1242 σωιο
3342 1200 3476 1243 tonat
3499 1205 3517 1244 :

2259 1249 2318 1312 lit
2337 1263 2426 1309 per
2447 1249 2712 1298 columbam
2729 1249 2762 1312 γε
2790 1249 2997 1312 Spiritus
3014 1262 3207 1302 sanctus
3223 1256 3340 1302 linit.

2257 1311 2459 1374 Crucem
2480 1323 2653 1360 corona
2679 1314 2705 1349 ὅ
2726 1311 2881 1360 lucido
2897 1315 3050 1373 cingit
3073 1316 3244 1374 globo;

2259 1368 2344 1418 Cui
2370 1383 2561 1434 corona:
2583 1378 2698 1419 sunt
2719 1383 2899 1434 corona
2930 1368 3152 1434 apostoli.

2258 1434 2471 1491 Quorum
2490 1431 2638 1491 ligura
2663 1439 2738 1479 est
2762 1433 2810 1480 in
2832 1431 3158 1481 columbarum
3177 1434 3326 1482 choro
3349 1431 3396 1482 δ.

2322 1491 2404 1538 Pia
2428 1490 2677 1539 Trinitatis
2702 1495 2860 1553 unitas
2882 1493 3074 1541 Christo
3096 1495 3182 1542 coi'
3198 1531 3212 1553 ,

2257 1549 2484 1611 Habt-nte
2509 1559 2561 1600 et
2581 1555 2681 1611 ipsa
2707 1552 2946 1601 'l‘riuitate
2971 1549 3214 1611 insignia:

2259 1609 2418 1674 Deum
2441 1609 2629 1660 retu-lat
2654 1626 2740 1660 vox
2770 1620 2987 1672 paterna,
3015 1609 3294 1674 el'Spiritus
3322 1627 3334 1661 :

2258 1671 2484 1734 §anclam
2507 1675 2719 1720 fatentur
2742 1671 2861 1734 crux
2890 1681 2940 1721 et
2965 1671 3399 1734 agnus3victituam.

2238 1729 2480 1796 ³ξζθιςηιιῐη
2507 1740 2558 1780 et
2575 1733 2868 1796 triumphum
2896 1729 3181 1796 purpurae}
3204 1733 3608 1796 palma-indicant.

2238 1791 2450 1856 .l_’et'ram
2469 1791 2755 1852 superstat’i
2787 1791 2910 1856 ipse.—
2920 1791 3058 1855 peira
3081 1795 3126 1824 ³⁵
3143 1791 3394 1856 Ecclesia,

2260 1851 2333 1914 De
2357 1851 2628 1914 quaisouori
2649 1851 2854 1914 quatuor
2873 1851 3066 1905 foiitesl
3094 1863 3274 1904 meant.

2254 1913 2583 1975 Evangeliste
2601 1913 2702 1962 viva
2737 1913 2911 1963 Christi
2935 1916 3147 1964 ﬂumina.

2202 2039 2286 2094 11.
2320 2038 2582 2095 Inferiore
2617 2048 2795 2094 autem
2822 2040 3002 2095 balteo
3020 2079 3035 2104 ,
3076 2055 3184 2109 quo
3211 2043 3429 2111 parietis
3453 2042 3499 2074 ’³
3524 2053 3578 2097 et
3605 2058 3704 2098 ca-

2129 2145 2291 2186 merae
2319 2127 2608 2184 conﬁnium
2626 2130 2955 2199 interposita
2985 2144 3152 2200 gypso
3182 2131 3400 2200 crepido
3427 2130 3710 2199 conjungit

2131 2229 2222 2275 aut
2263 2218 2491 2282 dividit,
2547 2219 2633 2274 hic
2681 2219 2867 2274 titulus
2896 2219 3111 2275 indicat
3147 2220 3390 2290 deposita
3416 2220 3514 2274 sub
3543 2218 3709 2274 altari

2129 2317 2314 2366 sancta
2343 2316 2672 2365 sanctorum.

2220 2420 2318 2483 llic
2335 2421 2509 2483 pietas,
2538 2421 2614 2470 hic
2636 2421 2757 2470 alma
2784 2421 2921 2479 ﬁdes,
2947 2420 3025 2470 hic
3042 2419 3195 2481 gloria
3221 2419 3412 2479 Christi,

2282 2482 2370 2530 Hic
2391 2490 2468 2530 est
2482 2483 2769 2546 martyribus
2794 2496 2914 2531 crux
2937 2487 3114 2546 sociata
3136 2486 3256 2530 suis.

2155 2545 2158 2548 ’
2220 2540 2338 2605 Nam
2362 2544 2570 2605 crucise
2591 2540 2722 2604 ligno
2743 2557 2964 2604 magnum
2990 2543 3153 2591 brevis
3177 2540 3326 2591 astula
3353 2542 3554 2605 pignus,

2282 2603 2501 2665 'l'otaque
2525 2604 2573 2665 in
2596 2603 2776 2663 exiguo
2798 2603 3021 2665 segmina
3045 2607 3118 2651 vis
3132 2606 3288 2652 crucis
3307 2603 3401 2665 est.

2223 2661 2326 2712 Hoc
2344 2661 2615 2724 (dj'Melani
2642 2664 2665 2702 Ιί
2683 2661 3090 2713 saucue'delatum
3115 2678 3318 2712 munere
3337 2664 3522 2723 Nolam,

2283 2725 2531 2786 Summum
2558 2725 2902 2786 Hiero:olym:e
2927 2725 2970 2754 "
2995 2727 3129 2786 venit
3151 2726 3213 2773 ab
3230 2728 3352 2772 urbe
3376 2726 3574 2784 bonum,

2221 2783 2394 2832 Sancta
2422 2784 2527 2833 Deo
2545 2783 2976 2844 gemitumvelant
3006 2785 3172 2833 altaria
3199 2789 3450 2841 honorem,

2283 2845 2399 2893 Cum
2423 2858 2568 2893 cruce
2589 2847 2874 2906 apostolicos
2894 2860 3003 2906 quae
3028 2849 3210 2894 sociant
3242 2850 3453 2893 cineres.

2224 2905 2375 2968 Quam
2401 2906 2529 2954 bene
2549 2905 2815 2966 junguntur
2839 2905 2971 2968 ligno
2994 2908 3155 2954 cruris
3180 2919 3287 2968 ossa
3309 2907 3512 2968 piorum.

2286 2966 2378 3014 Pro
2398 2978 2541 3015 cruce
2566 2973 2619 3014 ut
2634 2970 2808 3015 occisis
2832 2966 2890 3014 iu
2901 2979 3044 3016 cruce
3061 2969 3124 3015 sit
3147 2966 3345 3027 requies
3366 2967 3378 3013 !

2204 3064 2289 3118 12.
2323 3064 2514 3120 Totum
2549 3081 2678 3122 vero
2709 3075 2860 3120 extra
2890 3066 3148 3122 concham
3181 3066 3275 3135 (V.
3300 3074 3412 3120 not.
3446 3064 3569 3132 159)
3603 3063 3711 3117 ba-

461 3169 718 3226 deliciens
751 3177 806 3224 et
831 3184 1025 3225 curvus
1053 3168 1312 3231 intulerit,
1343 3175 1404 3220 ut
1431 3167 1663 3220 clamet:
1706 3165 1847 3222 Ecce
1869 3184 2028 3237 prop-

2132 3152 2294 3208 silicze
2343 3155 2602 3224 spatium,
2652 3157 2762 3211 alto
2804 3165 2860 3211 et
2905 3158 3152 3211 lacunato
3198 3156 3429 3225 culmine
3470 3155 3711 3222 genuinis

431 3260 802 3316 mandata
815 3260 1065 3314 [abiaram
1081 3267 1285 3312 tuorum
1305 3273 1397 3327 ego
1419 3255 1673 3310 ambulavi
1688 3258 1796 3310 vias
1811 3256 1966 3311 duras
1977 3257 2029 3324 ι³;

461 3361 518 3410 et
555 3351 792 3408 clamet:
844 3351 1014 3422 Super
1069 3350 1276 3403 dorsum
1327 3364 1493 3402 meum
1534 3332 1772 3419 fabricati
1823 3358 1942 3402 sunt
1987 3350 2030 3380 "

460 3452 749 3516 peccatores
770 3482 788 3510 ,
819 3442 911 3512 qui
940 3442 992 3496 in
1018 3448 1096 3496 tot
1125 3439 1379 3511 epistolas
1406 3441 1451 3471 ¹¹¹
1479 3439 1905 3512 prolongaremnt
1933 3441 2034 3494 ini-

460 3535 878 3605 quitatemsuam
912 3543 956 3587 ο.

534 3645 621 3700 10.
665 3645 863 3716 Recepi
907 3645 1069 3714 igitur
1107 3652 1163 3699 et
1200 3643 1342 3700 hunc
1380 3645 1446 3699 ad
1474 3653 1690 3714 peccata
1721 3659 1839 3698 mea
1867 3650 2036 3699 tumu-

461 3739 592 3804 lum,
623 3748 681 3792 ut
705 3737 856 3792 fratri
877 3736 1220 3806 cupidissimo
1247 3735 1366 3789 talis
1385 3737 1625 3799 sarcinae,
1657 3750 1759 3802 qua
1780 3733 1894 3802 ejus
1915 3735 2034 3787 ani-

462 3845 550 3885 ma
573 3835 794 3901 gravato
819 3827 1345 3896 corporelovaretur
1361 3866 1376 3891 ,
1418 3833 1724 3895 praestarem
1749 3841 1910 3894 quam
1937 3825 2035 3882 de-

460 3919 795 3974 siderabatur
814 3917 1078 3988 injuriam.
1130 3916 1260 3970 Nam
1289 3924 1344 3970 et
1383 3931 1509 3970 vere
1539 3914 1604 3968 ad
1633 3916 2036 3971 uuanimitatem

453 4018 701 4066 nostram
745 4008 1182 4078 congruere-haec
1223 4007 1364 4061 illius
1411 4007 1700 4077 postulatio
1734 4007 2034 4074 videbatur,

463 4115 568 4170 qua
614 4101 890 4156 asserebat
929 4108 989 4154 ut
1032 4106 1308 4168 oporteret
1355 4098 1449 4152 tibi
1479 4106 1688 4152 nostras
1727 4097 1778 4151 in
1807 4097 2036 4153 Domino

461 4187 847 4247 aediﬁcationes
885 4191 958 4245 ita
991 4198 1273 4245 notescere
1299 4231 1314 4256 ,
1363 4199 1420 4243 ut
1460 4189 1612 4244 nobis
1641 4197 1758 4244 tuas
1787 4189 1839 4244 in
1869 4189 2038 4244 titulis

464 4292 522 4336 et
546 4283 602 4336 in
630 4282 853 4351 picturis
881 4282 1117 4336 indicare
1153 4281 1431 4336 voluisses.
1493 4280 1605 4336 Hac
1643 4281 1803 4349 igitur
1828 4281 2038 4335 ratione

459 4385 775 4441 persuasus,
806 4369 1059 4424 basilicas
1083 4377 1293 4425 nostras
1311 4370 1434 4434 tuis,
1465 4370 1604 4423 sicut
1617 4377 1687 4423 «et
1707 4371 1885 4438 operis
1910 4378 2038 4424 tem-

465 4472 598 4529 pore
624 4467 680 4514 et
709 4459 814 4514 voti
835 4473 1030 4528 genere
1052 4459 1349 4527 conjunctae
1377 4467 1529 4524 sunt,
1560 4459 1633 4513 ita
1661 4459 1822 4512 etiam
1844 4459 2034 4513 litteris

460 4548 843 4616 compaginare
880 4549 1101 4602 curavi:
1152 4556 1210 4602 ut
1247 4549 1301 4602 in
1329 4548 1433 4602 hoc
1459 4563 1674 4617 quoque
1703 4554 1884 4601 nostra
1912 4562 2036 4601 con-

381 4651 385 4656 '
455 4637 668 4708 junctio
699 4635 1012 4706 liguraretur
1033 4676 1048 4700 ,
1093 4651 1211 4705 quae
1232 4637 1473 4706 jungitur
1498 4636 1691 4690 animis
1712 4675 1727 4700 ,
1775 4643 1831 4688 et
1871 4635 2034 4690 distat

459 4725 634 4792 locis;
663 4727 817 4781 sieet
844 4725 962 4789 ista,
995 4740 1114 4794 quas
1133 4726 1192 4780 in
1218 4727 1434 4781 nomine
1463 4726 1673 4780 Domini
1703 4724 1894 4779 eodem
1919 4727 2033 4795 spi-

382 4821 386 4846 ί
465 4817 572 4873 ritu
600 4817 1301 4880 elaborataconstruximus,
1327 4816 1550 4870 diversis
1578 4813 1824 4882 abjuncta
1852 4816 2030 4883 regio-

464 4907 648 4972 nibus,
699 4906 938 4977 ejusdem
970 4915 1150 4961 tamen
1181 4907 1419 4977 epistolae
1463 4905 1602 4958 serie
1628 4903 1729 4958 sibi
1760 4911 2031 4973 tamquam

379 5062 382 5064 γ
466 4999 540 5072 (ὁ)
574 5000 879 5067 contignata
911 4999 956 5031 "
984 4998 1244 5053 visentur.
1308 4987 1537 5051 Basilica
1575 4996 1735 5064 igitur
1778 4995 1867 5050 illa
1913 5011 2032 5065 quae

463 5091 532 5146 ad
566 5089 941 5146 dominazdium
981 5097 1222 5143 nostrum
1272 5101 1609 5142 communem
1651 5093 1936 5154 patronum
1978 5086 2031 5140 in

463 5181 680 5236 nomine
707 5174 920 5234 Domini
948 5177 1145 5233 Christi
1177 5177 1246 5248 (c)
1275 5175 1370 5230 Dei
1392 5175 1502 5244 jam
1523 5174 1769 5230 dedicata
1795 5173 2034 5229 celebra-

2059 4506 2114 4568 D

2135 3246 2402 3314 utrimque
2450 3246 2742 3315 porticibus
2791 3247 3081 3312 dilatatur,
3133 3246 3323 3315 quibus
3366 3245 3569 3314 duplex
3603 3260 3713 3312 per

2135 3336 2376 3404 singulos
2401 3351 2558 3391 arcus
2587 3337 2953 3391 columnarum
2989 3336 3122 3392 ordo
3147 3337 3412 3405 dirigitur.
3443 3333 3710 3388 Cubicula

2137 3424 2156 3495 (
2173 3424 2233 3479 V.
2264 3434 2375 3479 not.
2412 3425 2535 3495 160)
2567 3425 2706 3480 intra
2736 3428 2975 3496 porticus
3002 3435 3261 3496 quaterna
3281 3426 3453 3494 longis
3473 3426 3712 3479 basilica:

2134 3515 2390 3570 lateribus
2417 3516 2646 3580 inserta,
2702 3519 2923 3572 secretis
2953 3517 3220 3571 orantium
3248 3516 3332 3569 vel
3370 3517 3423 3568 in
3455 3517 3563 3585 lege
3596 3513 3711 3566 Do-

2135 3607 2261 3658 mini
2289 3606 2642 3660 medilautium
2666 3604 2678 3643 ¹
2701 3646 2716 3672 ,
2748 3617 3005 3676 praeterea
3032 3606 3304 3660 memoriis
3332 3605 3710 3671 religiosorum

2135 3709 2198 3750 ac
2227 3693 2564 3749 familiarium
2602 3695 3033 3750 accommodatos
3076 3694 3144 3748 atl
3185 3695 3338 3765 pacis
3362 3703 3576 3748 :eterna:
3618 3708 3713 3746 rc—

2135 3785 2313 3855 quiem
2358 3785 2505 3839 locos
2552 3785 2808 3854 praebent.
2863 3782 3032 3838 Omne
3077 3784 3375 3838 cubiculum
3421 3783 3559 3836 binis
3607 3797 3712 3850 per

2079 3912 2082 3914 η
2136 3874 2376 3927 liminum
2406 3871 2607 3927 frontes
2635 3874 2875 3928 versibus
2903 3882 3262 3942 praenotatur,
3303 3887 3439 3940 quos
3467 3872 3710 3925 inserere

2073 3993 2075 3995 ι
2137 3964 2219 4018 bis
2248 3964 2438 4018 litteris
2464 3964 2610 4017 nolui
2633 3963 2731 4031 (γ.
2758 3972 2868 4017 not.
2896 3963 3041 4032 161),
3069 3979 3163 4019 eos
3183 3972 3361 4017 tamen
3381 3977 3515 4030 quos
3535 3962 3710 4030 ipsius

2135 4054 2366 4108 basilice
2409 4053 2584 4107 aditus
2611 4053 2847 4119 habent,
2899 4052 3124 4122 scripsi;
3173 4051 3298 4132 quia
3344 4056 3598 4119 possent,
3655 4049 3708 4102 si

2135 4159 2394 4216 usurpare
2434 4144 2605 4208 velis,
2670 4150 2725 4197 et
2766 4141 2831 4195 ad
2877 4150 3086 4196 tuarum
3126 4141 3461 4196 basilicarum
3510 4138 3711 4208 januas

2135 4237 2443 4301 convenire,
2474 4243 2533 4288 ut
2563 4233 2705 4288 istud
2733 4241 2850 4287 est:

2228 4369 2325 4418 Pax
2351 4368 2436 4417 tibi
2462 4369 2541 4428 sit,
2562 4368 2853 4428 quicumque
2879 4363 2967 4428 Dei
2996 4363 3259 4428 penetralia
3285 4361 3457 4412 Christi

2290 4431 2498 4479 Pectore
2523 4425 2713 4490 pacitico
2735 4425 2964 4476 candidus
2984 4425 3276 4486 ingrederis.

2210 4552 2305 4607 Vel
2343 4553 2483 4615 hoc,
2535 4550 2602 4605 de
2644 4550 2796 4617 signo
2841 4546 3049 4601 Domini
3091 4545 3168 4615 (id
3205 4553 3282 4598 est
3325 4544 3475 4612 signo
3501 4541 3708 4610 crucis)

2138 4656 2300 4710 super
2327 4641 2622 4708 ingressum
2664 4638 2808 4708 picto
2836 4637 2935 4690 hac
2971 4635 3152 4704 specie
3176 4674 3188 4696 ,
3241 4648 3343 4702 qua
3389 4645 3570 4685 versus
3618 4631 3709 4683 in-

2134 4733 2277 4788 dicat
2299 4751 2313 4784 :

2259 4843 2418 4893 Ct'l’lle
2443 4846 2717 4890 coronatam
2740 4840 2930 4888 Domini
2953 4851 3101 4899 super
3121 4838 3238 4885 atria
3266 4835 3401 4885 Chris
3422 4838 3434 4883 i

2259 4907 2402 4952 Stare
2425 4916 2638 4960 crucem,
2661 4903 2784 4949 duro
2806 4897 3122 4961 spondentem
3152 4899 3282 4961 celsa
3309 4897 3453 4943 labori

2262 4963 2468 5012 Prmmta
2495 4977 2506 5011 :
2533 4959 2650 5013 tolle
2677 4959 2888 5021 crucem,
2909 4962 2991 5022 qui
3014 4961 3086 5009 vis
3103 4959 3299 5007 auferre
3323 4967 3563 5005 coronam.

2205 5089 2372 5144 Alteri
2399 5091 2446 5121 ³⁷
2473 5097 2650 5143 autem
2679 5087 2912 5142 basilica:
2934 5126 2949 5152 ,
2999 5101 3101 5156 qua
3143 5085 3210 5139 de
3247 5083 3460 5138 hortulo
3485 5079 3569 5135 vel
3601 5094 3710 5148 po-

2137 5179 2310 5234 mario
2331 5179 2481 5246 quasi
2510 5179 2747 5247 privatus
2772 5177 3010 5246 aperitur
3037 5175 3306 5244 ingressus
3324 5211 3339 5236 ,
3372 5172 3423 5225 lii
3450 5168 3710 5224 versiculi

534 5302 561 5330 ει
591 5293 724 5349 Tob.
750 5308 819 5357 tv,
845 5289 932 5346 16.
1007 5290 1034 5330 δ
1066 5288 1206 5344 Psal.
1233 5305 1342 5353 xvi,
1368 5288 1422 5341 2.
1504 5286 1706 5357 ¢_Psal._
1729 5303 1946 5357 (ξείνω,
1979 5290 2031 5343 5.

2129 5292 2133 5330 ι
2165 5294 2286 5349 Not.
2317 5294 2437 5348 152.
2515 5303 2539 5332 ο
2568 5293 2690 5348 Not.
2714 5292 2834 5347 155.
2913 5289 2933 5329 τ
2966 5290 3085 5345 Not.
3120 5288 3239 5342 154.
3317 5299 3342 5335 ε
3374 5287 3494 5341 Not.
3525 5284 3646 5338 155.

469 5358 496 5397 ⁵
521 5361 642 5416 Not.
676 5359 802 5416 156.
888 5359 1055 5414 i.Not.
1087 5359 1209 5412 157.

539 5450 780 5530 (α)ΠΜ88.η
807 5450 938 5519 Reg.
967 5458 1021 5505 et
1051 5449 1201 5504 Vien.
1252 5462 1374 5502 cum
1401 5446 1558 5500 editis
1600 5455 1830 5516 quatuor
1852 5487 1867 5514 ,
1915 5462 2030 5516 spe-

467 5518 722 5654 "min
750 5589 875 5642 edit.
910 5587 1072 5642 Rosv.
1105 5587 1240 5642 Vera
1282 5585 1441 5640 lectio
1464 5627 1478 5650 ,
1529 5599 1647 5653 qua:
1687 5583 2031 5640 conlirmatur

470 5663 636 5710 carm.
668 5654 757 5722 25,
787 5672 835 5708 ν.
864 5656 961 5719 12,
991 5662 1046 5711 vt
1077 5656 1163 5710 57.
1204 5655 1326 5722 Mss.
1361 5664 1468 5709 tres
1496 5655 1710 5709 codices
1730 5668 1850 5707 cum
1873 5654 2030 5708 editis

471 5731 721 5798 quatuor,
745 5727 1068 5798 consignata.

545 5795 614 5860 (c)
648 5791 952 5853 Atldjtliuuus
989 5794 1083 5846 Dei
1120 5811 1185 5850 ex
1211 5811 1337 5849 mss.
1374 5794 1501 5862 Reg.
1545 5801 1596 5847 et
1623 5792 1772 5846 Vien.
1799 5791 1920 5848 llaec
1947 5793 2027 5847 le-

1292 5358 1304 5407 i
1337 5357 1458 5410 Not.
1495 5355 1615 5410 158.
1695 5353 1719 5392 ¹ί
1743 5355 1868 5410 Not.
1901 5356 2024 5414 158.
2103 5361 2120 5402 ι
2153 5363 2296 5418 PsaL
2320 5381 2358 5431 ι,
2379 5364 2433 5417 2.

2135 5455 2243 5510 ctio
2271 5454 2616 5509 conﬁrmatur
2639 5470 2690 5507 η.
2725 5454 2808 5519 12,
2841 5470 2891 5507 v.
2925 5453 2976 5505 1.

2209 5525 2285 5592 (d)
2335 5525 2425 5578 Sic
2463 5515 2990 5593 reposuimusjuxta
3031 5534 3157 5593 mss.
3205 5516 3431 5593 codices
3459 5515 3586 5593 Reg.
3653 5527 3709 5575 et

2136 5579 2290 5646 Vien'.
2317 5601 2371 5647 et
2401 5579 2743 5647 edit.'Schot.
2797 5579 3079 5646 vcrissima
3122 5587 3300 5644 lectio.
3341 5584 3431 5639 Alii
3464 5579 3709 5655 codices,
3775 5617 3794 5646 ε

2137 5661 2378 5720 Melania.
2413 5661 2546 5717 Vide
2575 5670 2686 5716 not.
2722 5660 2842 5714 158.
