4078 6352
285 389 291 396 ·
348 360 451 422 337

1684 346 2010 412 EPISTOLA
2051 345 2261 408 XXXII.

3483 345 3589 402 338

348 469 489 525 hanc
514 453 856 524 secretiorem
903 467 1069 526 forem
1111 469 1349 540 pandunt
1392 466 1486 537 (V.
1517 481 1603 537 ep.
1633 465 1734 532 28,
1769 482 1823 521 n.
1851 464 1904 532 5,
1935 465 1988 527 Α
2081 466 2140 540 in
2168 481 2274 524 uno
2303 467 2443 522 hoc:

348 569 406 616 et
429 575 596 616 carm.
627 558 718 626 24,
740 576 794 614 v.
825 560 973 630 613).

473 672 716 733 Ciplestes
739 675 916 724 intrate
935 674 1035 722 vias
1055 686 1144 733 per
1167 685 1352 722 ammna
1371 672 1548 728 vireta,

469 727 722 794 Christicoi
741 752 765 778 ιι
781 746 804 794 ;·
820 739 872 784 et
892 735 1014 782 laetis
1031 727 1177 783 deret
1195 734 1288 782 huc
1307 735 1560 794 ingressus
1578 731 1638 794 ab
1653 731 1826 788 hortis,

476 793 616 843 Unde
635 793 832 844 sacrum
848 797 1033 846 meritis
1055 796 1194 844 datur
1219 797 1380 845 exitus
1402 796 1448 842 in
1473 793 1758 854 paradisum.

417 898 534 958 Hoc
575 901 714 957 idem
750 903 943 958 ostium
967 904 1013 936 "
1039 902 1157 958 aliis
1185 901 1428 957 versibus
1455 897 1534 954 ab
1551 895 1914 954 interioresui

344 987 527 1047 Fronte
555 994 598 1024 "
627 992 903 1062 signatur:

441 1104 770 1166 (aigouisqnis
785 1104 968 1154 ab'aide
990 1103 1080 1153 Det
1106 1102 1334 1166 perfectis
1348 1097 1527 1166 ordine
1549 1097 1672 1150 vctis

501 1164 784 1226 Egrederis,
811 1177 976 1215 remea
994 1164 1222 1228 corpore,
1246 1164 1394 1215 corde
1411 1175 1569 1212 mane.

417 1261 504 1322 i3.
554 1263 874 1338 Prospectus
923 1284 1051 1324 vero
1097 1268 1330 1324 basilica:
1375 1283 1522 1334 non,
1577 1274 1637 1322 ut
1664 1265 1920 1322 usitatior

293 1417 300 1424 ,
340 1376 464 1416 mos
488 1369 603 1427 est,
633 1361 892 1415 orientem
921 1367 1160 1429 spectat,
1191 1360 1284 1415 sed
1308 1359 1374 1414 ad
1401 1358 1604 1414 domini
1641 1357 1748 1412 mei
1774 1355 1918 1412 beati

339 1449 537 1504 Felicis
562 1449 835 1504 basilicam
858 1450 1091 1520 pertinet
1109 1448 1418 1503 memoriam
1440 1447 1516 1516 (id
1535 1454 1611 1500 est
1632 1443 1915 1514 tumulum)

339 1543 462 1609 ejus
489 1543 756 1612 aspiciens
787 1560 800 1595 :
844 1549 1022 1596 tamen
1052 1558 1173 1596 cum
1203 1540 1409 1596 duabus
1448 1539 1634 1594 dextra
1677 1537 1917 1606 laevaque

343 1631 631 1686 conchulis
661 1631 753 1700 (V.
789 1639 900 1685 not.
929 1630 1049 1700 162)
1081 1632 1218 1684 intra
1239 1629 1531 1700 spatiosum
1553 1627 1633 1682 sui
1655 1626 1914 1681 ambitum

334 1719 486 1788 apsis
513 1720 724 1773 sinuata
752 1720 985 1787 laxetur,
1027 1737 1131 1774 una
1163 1718 1256 1789 (V.
1289 1726 1402 1772 not.
1429 1715 1552 1786 165)
1590 1730 1777 1771 earum
1813 1715 1914 1769 im-

334 1809 566 1862 molanti
607 1809 811 1863 hostias
835 1808 1168 1876 jubilationis
1205 1808 1429 1861 antistiti
1459 1814 1608 1876 patet
1634 1807 1678 1838 ”
1697 1805 1988 1873 ,saltera-B

334 1898 438 1970 (V.
471 1907 580 1954 not.
609 1899 733 1968 161)
766 1907 887 1969 post
909 1899 950 1931 ³¹
976 1897 1319 1953 sacerdotem
1331 1897 1511 1967 capaci
1532 1898 1650 1951 sinu
1674 1901 1928 1964 receptat

331 1997 579 2045 orantes.
634 1990 930 2046 latissimo
969 2005 1103 2045 vero
1135 1997 1426 2059 conspectu
1466 1996 1576 2042 tota
1617 1986 1772 2042 simul
1799 1986 1912 2041 huic

330 2079 556 2135 basilica
586 2081 661 2152 (ὁ)
701 2082 756 2136 in
799 2082 1074 2138 basilicam
1116 2081 1397 2135 memorati
1425 2079 1750 2135 confessoris
1790 2093 1912 2148 ape-

331 2171 477 2225 ritur
517 2172 668 2228 trinis
709 2173 937 2228 arcubus
979 2171 1230 2241 paribus,
1268 2171 1582 2240 perlucente
1623 2177 1909 2224 transenna

332 2260 437 2332 (έν.
468 2270 579 2316 not.
611 2261 733 2332 165)
763 2281 775 2314 :
807 2277 904 2330 per
930 2277 1088 2332 quam
1116 2261 1352 2316 vicissim
1371 2260 1468 2314 sibi
1493 2267 1632 2314 tecta
1651 2273 1715 2314 ac
1737 2258 1909 2328 spatia

329 2349 568 2406 Basilica:
591 2353 864 2420 utriusque
886 2351 1200 2420 junguntur.
1241 2351 1372 2405 Nam
1401 2350 1523 2419 quia
1544 2364 1738 2404 novam
1761 2363 1793 2403 a
1819 2345 1909 2404 ve-

328 2441 440 2494 teri
464 2441 642 2509 paries
669 2441 852 2510 apside
871 2441 1144 2509 cujusdam
1166 2440 1498 2495 monumenti
1520 2441 1564 2472 “
1594 2440 1907 2510 interposita

329 2529 644 2586 obstructus
673 2531 1010 2599 excluderet,
1063 2530 1286 2585 totidem
1327 2529 1506 2597 jannis
1551 2527 1848 2598 patefactus
1875 2543 1907 2582 a

331 2615 504 2671 latere
532 2616 852 2672 confessoris
885 2626 1018 2687 quot
1038 2617 1084 2649 ³³
1113 2633 1144 2671 a
1174 2617 1351 2671 fronte
1375 2617 1645 2684 ingressus
1671 2615 1753 2670 sui
1776 2615 1906 2670 fori-

331 2703 436 2758 b‘us
483 2719 634 2759 nova»-
663 2706 1002 2759 reserabatur
1023 2742 1040 2768 ,
1094 2704 1246 2772 quasi
1277 2703 1547 2757 diatritam
1576 2701 1623 2733 “
1668 2701 1906 2770 speciem

335 2793 437 2864 (εγ.
471 2801 583 2848 not.
618 2793 738 2863 166)
774 2794 840 2847 ab
883 2802 1112 2863 utraque
1152 2793 1206 2846 in
1235 2800 1515 2860 utramque
1537 2791 1582 2821 ³⁸
1611 2788 1908 2859 spectanti-

334 2881 438 2935 bus
465 2882 667 2949 pncbet
684 2921 700 2946 ,
742 2882 880 2936 sicut
906 2882 1048 2936 datis
1070 2883 1213 2936 inter
1242 2887 1498 2948 utrasque
1523 2879 1715 2948 januas
1742 2877 1911 2934 titulis

337 2972 622 3042 indicatur.
671 2970 857 3041 itaque
895 2973 947 3027 in
973 2973 1101 3044 ipsis
1132 2972 1366 3028 basilicae
1393 2987 1546 3027 nova:
1575 2970 1908 3042 ingressibus

338 3059 394 3114 hi
424 3061 669 3117 versiculi
694 3069 838 3117 sunt.

426 3170 566 3243 Alma
590 3173 762 3243 domus
778 3173 950 3243 triplici
978 3180 1112 3243 patet
1128 3175 1512 3243 ingredientibus
1533 3187 1646 3227 arcu
1673 3177 1720 3238 ⁸.

490 3232 815 3296 'l'estaturque
835 3232 957 3298 piam
970 3232 1116 3294 janua
1139 3232 1262 3285 trina
1287 3237 1443 3285 fidem.

406 3333 493 3387 14.
543 3334 672 3389 item
719 3335 906 3390 dextra
951 3337 1188 3406 laevaque
1227 3338 1483 3395 crucibus
1511 3338 1676 3395 minio
1718 3354 1906 3410 super-

329 3423 494 3494 pictis
521 3423 634 3479 hate
655 3425 1039 3494 epigrammata
1067 3433 1190 3481 sunt
1217 3443 1230 3480 :

455 3531 866 3598 Argnaiioriferge
887 3547 1004 3583 crux
1029 3536 1238 3595 cingitur
1257 3535 1378 3584 orbe
1399 3548 1610 3598 corona,

520 3591 579 3642 Et
601 3593 792 3642 Domini
816 3594 921 3643 fuso
945 3598 1088 3644 tincta
1111 3591 1286 3645 cruore
1311 3598 1472 3646 rubet.

458 3652 676 3716 Quaeque
699 3668 849 3716 super
871 3659 1063 3716 signum
1087 3658 1304 3706 resident
1323 3658 1525 3707 caeleste
1544 3659 1779 3712 columba!

519 3715 827 3777 Simplicibus
843 3717 870 3755 δ
893 3717 1098 3779 produnt
1116 3731 1266 3780 regna
1287 3725 1460 3780 patere
1484 3719 1592 3771 Dei.

402 3813 538 3871 item
566 3816 632 3871 de
653 3817 839 3873 eodem
864 3837 876 3871 :

424 3926 527 3992 Hac
543 3941 691 3978 cruce
710 3942 796 3992 nos
817 3930 1015 3992 mundo,
1042 3935 1094 3978 et
1118 3931 1258 3980 nobis
1282 3930 1504 3981 interfice
1534 3933 1781 3982 mundum.

489 3988 692 4038 interitu
719 3991 870 4051 culpa:
888 3988 1128 4038 vivilicans
1149 3993 1353 4040 animam
1372 3993 1436 4042 ³⁸.

401 4049 750 4122 205⁸206
771 4049 870 4109 Nos
892 4063 1088 4120 quoque
1105 4061 1328 4121 perficies
1356 4059 1554 4122 placitas
1571 4062 1680 4126 tibi,
1691 4062 1900 4126 Christe,

1588 4122 1871 4184 lcolumbas,

482 4179 534 4229 Si
558 4181 719 4241 vigeat
742 4181 874 4242 puris
901 4179 973 4242 (c)
998 4191 1090 4242 pax
1118 4185 1197 4228 tua
1222 4181 1516 4242 pectoribus.

403 4281 491 4337 15.
517 4280 659 4338 intra
687 4282 856 4352 ipsam
885 4297 1016 4337 vero
1048 4289 1392 4339 transennam
1417 4283 1543 4354 (qua
1564 4283 1726 4340 breve
1749 4284 1904 4354 illud,

321 4374 476 4445 quod
504 4375 834 4446 propinquas
882 4375 984 4429 sibi
1022 4373 1272 4430 basilicas
1301 4375 1450 4446 prius
1472 4377 1516 4407 ³⁷
1548 4376 1901 4443 discludebat,

322 4467 670 4522 intervallum
713 4468 1079 4537 continuatur)
1127 4483 1158 4523 e
1201 4467 1420 4536 regione
1464 4466 1696 4524 basilica:
1749 4486 1901 4526 nova:

321 4571 493 4626 super
511 4556 815 4611 medianum
845 4571 1025 4612 arcum
1054 4557 1108 4612 hi
1137 4573 1323 4614 versus
1347 4566 1471 4612 sunt
1495 4576 1507 4611 :

423 4665 486 4730 Ut
504 4668 716 4724 medium
742 4667 849 4718 valli
875 4675 1158 4730 pasinoetra
1184 4668 1384 4718 resolvit
1409 4667 1562 4727 iesus,

422 4729 482 4778 [ι
501 4742 646 4778 cruce
671 4729 922 4777 discidium
949 4729 990 4760 ³⁸
1017 4743 1058 4785 p.
1081 4732 1265 4778 rimcns
1284 4731 1380 4777 duo
1405 4730 1522 4778 fecit
1547 4732 1594 4778 in
1619 4741 1764 4783 unum
1793 4746 1806 4781 :

418 4791 500 4838 Sic
515 4802 655 4848 nova,
678 4789 928 4838 destructo
954 4791 1134 4838 veteris
1155 4791 1432 4839 discrimine
1451 4793 1587 4848 tecti,

417 4849 632 4900 Culmina
658 4853 975 4912 conspicimus
1002 4859 1243 4912 portarum
1265 4853 1446 4900 fil-dere
1470 4852 1621 4911 iungi.

417 4912 591 4975 Sancta
611 4911 984 4975 nitens'famulis
1004 4911 1226 4959 interluit
1249 4916 1367 4975 atria
1394 4912 1595 4975 lymphis

415 4971 704 5033 Cantharus,
717 4973 1075 5033 intrantumqne
1095 4985 1262 5022 manus
1278 4973 1398 5020 iaral
1411 4971 1560 5021 'am'ne
1577 4973 1640 5021 mi
1663 4975 1792 5023 alstro
1807 4977 1847 5022 ε.

418 5031 568 5095 fletis
587 5035 777 5095 gemina
800 5031 1039 5095 Christum
1067 5033 1240 5081 Felicis
1263 5035 1428 5082 adorat
1451 5037 1498 5082 in
1521 5035 1648 5095 aula,

417 5091 876 5155 Paulus'aposiolico
900 5091 924 5131 ἀ
949 5107 1092 5156 quam
1125 5102 1364 5156 temperat
1384 5109 1468 5143 ore
1491 5091 1736 5145 sacerdos.

394 5195 520 5252 ﬂrec
571 5213 700 5253 vero
745 5198 884 5252 binis
928 5205 1114 5253 notata
1170 5199 1450 5255 versiculis
1507 5200 1890 5271 epigrammata

317 5303 484 5358 super
506 5305 664 5346 arcus
689 5290 823 5346 alios
849 5289 1036 5345 dextra
1066 5291 1301 5360 lzevaque
1325 5300 1468 5346 sunt.

396 5437 423 5466 ⁸
451 5426 574 5484 Not.
609 5426 729 5483 167.
805 5426 831 5467 ιο
857 5381 982 5484 lNot.
1014 5427 1134 5481 168.
1215 5438 1236 5467 ο
1264 5426 1384 5482 Not.
1414 5425 1531 5482 ltiti.
1559 5461 1562 5464 ~
1606 5425 1632 5464 ά
1660 5426 1780 5483 Not.
1816 5429 1931 5484 i70.

393 5563 472 5634 (η)
656 5563 785 5632 Reg.
810 5571 874 5634 et
900 5562 1079 5628 Vien.,
1109 5561 1332 5632 Quisque
1365 5533 1514 5634 domo
1538 5560 1768 5634 gemini:

318 5713 436 5757 erat
458 5705 508 5756 in
530 5703 758 5756 basilica.

391 5777 462 5843 (ε)
494 5774 625 5827 Cum
656 5772 920 5828 Sacchino
964 5773 1032 5826 ita
1066 5769 1404 5824 emendatum
1433 5811 1444 5833 ,
1497 5769 1886 5839 refragantibus

1935 3165 1982 3230 C

393 5563 472 5634 (η)
498 5563 622 5618 Mss.
656 5563 785 5632 Reg.
819 5571 874 5616 et
900 5563 1079 5628 Vien.,
1109 5563 1332 5632 Quisque
1365 5563 1514 5615 domo
1543 5563 1768 5615 Domini.

393 5633 1027 5756 mnsgﬁsﬁpcispdavimus
1072 5638 1138 5685 ex
1169 5648 1270 5685 ms.
1305 5630 1494 5686 codiic
1537 5631 1688 5684 Vicn.
1741 5631 1890 5686 Prius

2007 5563 2243 5617 omnibus
2289 5563 2599 5630 codicibus;
2671 5563 2812 5632 quod
2859 5574 2914 5616 et
2959 5578 3146 5617 sensus
3193 5564 3466 5634 postulat,
3511 5577 3561 5623 et

2007 5632 2318 5686 confirmant
2343 5649 2396 5686 n.
2433 5631 2629 5687 iﬂsduo
2658 5634 2864 5702 priores
2887 5646 3091 5684 versus.
3118 5633 3254 5688 Ante
3279 5643 3394 5689 erat
3456 5654 3561 5691 ars.

2069 5703 2147 5762 (rt)
2189 5702 2278 5755 Sic
2319 5702 2720 5758 cmendavimus
2763 5701 2913 5762 juxta
2973 5717 3072 5756 nis.
3124 5703 3365 5761 codicem
3409 5655 3560 5762 gica.

2142 579 2373 640 _Attonltis
2393 589 2514 627 nova
2534 578 2616 628 ius
2644 577 2796 628 oculis
2818 577 3054 640 aperitur,
3080 579 3134 626 et
3150 585 3250 640 uno

2140 638 2330 688 Limine
2348 642 2624 690 consistens
2644 633 2865 703 geminas
2886 635 3030 690 simul
3043 633 3232 702 aspicit
3252 633 3401 687 aulas.
3453 669 3472 686 .

2086 742 2145 800 in
2173 743 2344 800 altero
2373 743 2477 800 hoc
2498 744 2540 780 ³⁸
2566 761 2580 798 :

2137 856 2238 920 :ifer
2251 859 2461 920 geminis
2481 858 2690 920 gemina
2708 863 2972 920 patuerunt
2989 856 3195 920 arcubus
3213 857 3239 888 ⁸
3258 851 3402 920 aulai,

2138 913 2468 981 Miranturque
2482 913 2600 970 Suos
2622 913 2894 982 p‘er'mutua
2917 919 3082 968 limina
3101 917 3263 968 cultus
3282 913 3349 962 δ’.

2086 1014 2220 1074 item
2248 1019 2303 1075 in
2331 1019 2517 1077 iisdem
2543 1021 2773 1077 arcubus
2794 1035 2824 1075 a
2854 1018 3052 1086 fronte,
3073 1031 3193 1089 quin
3219 1016 3288 1072 ad
3313 1013 3582 1088 basilicam
3657 1103 3670 1108 ν

2017 1109 2218 1168 domini
2246 1111 2438 1169 Felicis
2463 1122 2634 1184 patet,
2661 1113 2930 1178 mediana,
2957 1112 3012 1167 hi
3032 1119 3195 1167 sunt:

2141 1204 2271 1262 Quos
2288 1205 2462 1256 devota
2483 1205 2605 1256 fides
2625 1206 2793 1256 densis
2811 1204 3066 1255 celebrare
3091 1203 3290 1254 beatum

2141 1263 2369 1328 felicem,
2381 1267 2568 1328 mpniis
2585 1269 2775 1316 diverso
2793 1267 2967 1328 suadet
2987 1265 3049 1328 ab
3066 1277 3176 1324 ore,

2141 1326 2241 1375 Per
2261 1325 2480 1388 triplices
2500 1329 2660 1379 aditus
2681 1328 2816 1377 laxos
2839 1325 3074 1376 infundite
3095 1329 3253 1388 enatus
3277 1337 3294 1373 :

2139 1388 2276 1436 Atria
2297 1387 2563 1450 quamlibet
2587 1391 2855 1438 innumeris
2885 1389 3094 1450 spatiosa
3120 1387 3355 1448 patebunt

2141 1450 2260 1512 Qua;
2278 1448 2457 1512 sociata
2478 1451 2568 1498 sibi
2593 1463 2681 1512 per
2699 1456 2894 1512 apertos
2915 1448 3179 1512 comminus
3198 1459 3354 1507 arcus,

2140 1507 2320 1557 Paulus
2343 1511 2389 1558 iu
2413 1507 2626 1560 sterno's
2641 1507 2843 1560 antistes
2863 1509 3056 1561 dedicat
3087 1519 3219 1558 usus.

2087 1610 2146 1667 in
2168 1612 2285 1666 aliis
2312 1611 2398 1667 isti
2426 1611 2535 1667 bini
2563 1629 2586 1665 ε,

2137 1722 2346 1784 Antiqua
2370 1723 2594 1784 digresso
2615 1724 2748 1772 sacri
2767 1721 2948 1772 Felicis
2970 1721 3033 1770 ab
3058 1720 3185 1784 aula,

2200 1782 2254 1832 in
2270 1781 2399 1834 'nova
2423 1781 2600 1833 Felicis
2623 1785 2827 1834 culmina
2849 1781 3217 1845 transgredere.

2083 1883 2214 1941 item
2241 1904 2254 1939 :

2137 1997 2238 2060 Una
2259 1997 2381 2047 fides
2397 1998 2527 2048 tr'no
2548 1998 2639 2048 sub
2659 1998 2854 2046 nomine
2878 2009 2988 2060 quae
3010 1995 3124 2046 colit
3145 2003 3311 2055 unum,

2197 2058 2458 2108 Unanimes
2480 2061 2608 2109 trino
2634 2061 2832 2122 suscipit
2849 2058 3068 2109 introitu.

2082 2171 2168 2226 16.
2201 2170 2257 2226 in
2299 2171 2603 2227 secretariis
2650 2184 2782 2226 vero
2829 2168 3036 2226 duobus
3057 2207 3073 2234 ,
3121 2147 3241 2237 qua
3275 2175 3437 2235 supra
3471 2159 3575 2222 diti

2009 2263 2154 2319 circa
2175 2263 2413 2333 apsidem
2441 2261 2485 2294 “
2516 2273 2656 2332 esse,
2689 2261 2746 2317 hl
2774 2275 2962 2317 versus
2990 2258 3232 2314 indicant
3257 2253 3438 2314 officia
3466 2251 3576 2310 sine

2008 2354 2275 2424 guiorum.

2079 2453 2122 2508 A
2149 2453 2339 2510 dextra
2361 2453 2560 2525 apsidis
2579 2453 2652 2507 "z

2099 2563 2190 2614 ilic
2209 2565 2340 2613 locus
2359 2571 2435 2615 est
2451 2562 2732 2614 veneranda
2749 2575 2902 2623 penus
2927 2560 2943 2598 ῐ
2973 2573 3066 2622 qua
3084 2558 3326 2619 conditur,
3341 2563 3392 2606 et
3409 2567 3501 2616 qua

2161 2625 2402 2674 Promitur
2425 2624 2547 2673 alma
2570 2628 2691 2673 sacri
2716 2635 2886 2685 pompa
2905 2623 3181 2671 ministerii.

2082 2729 2127 2784 Δ
2151 2729 2368 2785 sinistra
2395 2726 2631 2798 ejusdem
2655 2746 2668 2781 :

2105 2842 2156 2891 Si
2174 2852 2321 2899 quem
2337 2847 2496 2889 sancta
2517 2845 2655 2889 tenet
2677 2838 2949 2888 meditanda
2971 2839 3018 2887 in
3036 2839 3152 2899 lege
3167 2836 3218 2899 7”
3237 2836 3471 2898 voluntas,

2162 2898 2252 2952 ilic
2276 2902 2453 2962 poterit
2473 2901 2693 2950 resiliens
2711 2902 2862 2950 sacris
2879 2898 3140 2949 intendere
3163 2898 3300 2949 libris
3320 2899 3363 2946 ι.
3448 2915 3450 2917 ν

2480 3014 2553 3070 De
2586 3013 2849 3069 Fundana
2878 3013 3112 3067 basilica.

2082 3130 2168 3184 i7.
2198 3126 2545 3198 Egrediamur
2584 3126 2696 3196 jam
2726 3125 2927 3179 Nolana
2969 3123 3078 3179 liae
3115 3122 3339 3179 basilica
3365 3163 3382 3191 ,
3428 3130 3486 3178 et
3524 3123 3576 3177 in

2010 3221 2320 3278 Fundanam
2348 3229 2700 3276 transeamus.
2767 3216 2966 3273 Fundis
3005 3231 3199 3271 nomen
3241 3214 3444 3286 oppido
3472 3222 3575 3281 est,

2007 3312 2150 3384 quod
2175 3327 2327 3382 aeque
2353 3309 2614 3364 familiare
2650 3307 2780 3363 mihi
2813 3307 2911 3362 fuit
2937 3306 3062 3361 dum
3093 3315 3336 3363 maneret
3362 3319 3576 3380 posses.

2005 3403 2127 3467 sio,
2166 3417 2328 3471 quam
2374 3400 2481 3455 illic
2525 3398 2859 3453 usitatiorem
2906 3396 3087 3451 habui.
3142 3395 3330 3470 itaque
3377 3400 3459 3454 vel
3511 3398 3612 3454 ad-

2005 3490 2197 3562 pignns
2217 3490 2368 3559 quasi
2397 3489 2580 3545 civicae
2608 3488 2869 3556 raritatis,
2905 3491 2991 3547 vel
3015 3491 3078 3546 ad
3100 3491 3413 3548 memoriam
3442 3505 3576 3561 pra-

2007 3581 2153 3638 teriti
2200 3585 2551 3656 patrimonii,
2601 3584 2875 3639 basilicam
2919 3582 3049 3638 dare
3098 3582 3153 3638 in
3196 3582 3314 3652 ipso
3353 3581 3573 3652 oppido.

2005 3676 2260 3744 quoniam
2282 3684 2337 3730 et
2366 3675 2678 3745 indigebat,
2729 3675 3001 3730 ruinosam
3029 3682 3085 3730 et
3111 3687 3330 3744 parvam
3351 3671 3574 3737 habens.

2007 3767 2119 3820 voti
2163 3765 2280 3820 fuit.
2341 3765 2633 3835 Propterea
2677 3774 2734 3821 et
2779 3765 2877 3820 hos
2921 3765 3216 3821 versiculos
3243 3762 3575 3833 adjiciendus

2005 3856 2221 3926 putavi,
2268 3871 2405 3927 quos
2431 3856 2504 3911 illi
2537 3856 2589 3910 in
2621 3855 2726 3912 hoc
2751 3855 2950 3927 oppido
2989 3855 3300 3912 dedicandae
3343 3855 3576 3911 basilicas

2005 3947 2311 4015 paravimus
2338 3947 2402 3999 “.
2445 3946 2576 4000 Nam
2604 3947 2777 4002 adhuc
2813 3949 2865 4001 in
2889 3962 3054 4017 opere
3081 3955 3194 4011 est,
3223 3945 3317 4001 sed
3343 3945 3575 4016 propitio

2005 4036 2119 4091 Deo
2142 4036 2464 4091 dedicationi
2488 4039 2808 4106 propinqua.
2847 4037 2998 4102 Quod
3021 4045 3198 4090 tamen
3224 4050 3287 4090 ea
3312 4035 3442 4090 mihi
3462 4050 3577 4088 ma-

2006 4125 2153 4179 xime
2181 4126 2320 4179 ratio
2347 4125 2645 4194 persuasit,
2695 4126 2820 4193 quia
2849 4133 2902 4178 et
2931 4125 2984 4178 in
3013 4121 3173 4190 hujus
3200 4122 3385 4190 apside
3413 4123 3460 4153 "
3481 4121 3575 4177 dev

2004 4215 2266 4282 signatam
2294 4215 2558 4282 picturam
2585 4229 2736 4267 meus
2769 4213 2949 4267 Victor
2968 4213 3257 4277 adamavit,
3285 4221 3341 4266 et
3362 4221 3577 4282 portare

2005 4304 2104 4359 tibi
2141 4303 2340 4370 voluit,
2383 4287 2430 4358 si
2467 4302 2605 4358 forte
2633 4312 2688 4357 et
2715 4318 2836 4358 eam
2863 4301 2908 4334 “
2942 4302 3009 4357 de
3037 4302 3244 4358 duabus
3270 4303 3498 4371 elegeris
3525 4303 3578 4356 in

2004 4397 2108 4452 hac
2145 4395 2447 4450 recentiore
2485 4403 2574 4449 tua
2603 4394 2824 4464 pingere
2847 4433 2863 4459 ,
2915 4393 2968 4449 in
2997 4405 3102 4463 qua
3145 4405 3299 4464 :e‘que
3337 4392 3578 4464 apsidem

2007 4483 2199 4539 factam
2231 4482 2504 4538 indicavit.
2536 4482 2641 4539 Sed
2667 4483 2734 4538 de
2756 4483 2856 4538 hac
2885 4483 3069 4552 apsida
3099 4498 3167 4538 an
3196 4483 3382 4539 abside
3410 4483 3576 4552 magis

2005 4573 2186 4630 dicere
2210 4573 2482 4630 debuerim
2508 4615 2523 4640 ,
2554 4582 2610 4628 tu
2636 4573 2835 4628 videris
2860 4592 2872 4626 :
2906 4587 3007 4642 ego
3032 4573 3241 4628 nescire
3270 4589 3359 4629 me
3385 4571 3577 4638 fateor,

2002 4664 2127 4734 quia
2155 4665 2259 4719 hoc
2281 4663 2430 4718 verbi
2463 4677 2628 4731 genus
2655 4679 2755 4720 nec
2781 4664 2972 4736 legisse
2998 4663 3332 4720 reminiscor.
3380 4657 3577 4718 Verum

2002 4757 2144 4812 hanc
2169 4769 2386 4825 quoque
2414 4755 2771 4824 basiliculam,
2803 4756 2870 4811 de
2896 4755 3192 4812 benedictis
3211 4755 3577 4826 apostolorum

2002 4855 2056 4900 et
2077 4855 2372 4918 martyrum
2402 4847 2642 4916 reliquiis
2668 4847 2806 4902 sacri
2827 4847 3035 4902 cineres
3054 4887 3070 4912 ,
3098 4847 3154 4900 in
3177 4847 3392 4901 nomine
3422 4844 3577 4901 Chri-

2001 4935 2069 4989 sti
2108 4943 2415 4990 sanctorum
2445 4935 2653 5002 Sancti,
2685 4943 2740 4990 et
2769 4946 3065 5007 martyrum
3095 4933 3364 5006 Martyris.
3397 4943 3451 4989 et
3476 4935 3576 4989 do-

2002 5025 2268 5079 minorum
2297 5024 2531 5089 Domini,
2565 5024 2976 5079 consecrabnnt.
2999 5073 3004 5077 .
3031 5023 3150 5094 ipse
3180 5027 3321 5079 enim
3351 5030 3574 5080 testatus

1998 5123 2081 5170 est
2105 5130 2164 5170 se
2188 5115 2417 5169 vicissim
2443 5113 2814 5170 confessorum
2842 5131 3063 5170 suorum
3087 5113 3462 5170 Confessorem
3493 5110 3573 5164 fn-

2000 5213 2198 5260 turum.
2250 5203 2378 5260 ideo
2415 5219 2578 5274 super
2608 5203 2687 5274 (ά)
2729 5203 3080 5274 Μαρτυρίαι
3107 5205 3364 5274 picturam
3402 5200 3572 5271 gratia

1999 5295 2299 5364 geminatus
2319 5301 2402 5348 est
2433 5293 2620 5348 titulus
2651 5292 2747 5364 (V.
2779 5302 2892 5349 not.
2911 5293 3071 5364 ΑΒ).

2012 5433 2036 5459 ⁸
2068 5429 2187 5484 Not.
2223 5429 2342 5483 167.
2427 5426 2597 5484 tNot.
2630 5430 2748 5485 i7l.
2827 5440 2853 5477 κ
2882 5430 3007 5486 Not.
3043 5430 3163 5483 Hi.

2671 5563 2812 5632 quod
2859 5574 2914 5616 et
2959 5578 3146 5634 sensus
3193 5564 3466 5634 postulat,
3511 5577 3606 5623 et-

2069 5703 2147 5782 (ιί)
2189 5702 2282 5782 Sic
2319 5701 2720 5758 cinendavimus
2763 5701 2913 5769 juxta
2973 5717 3072 5756 nis.
3124 5703 3365 5761 codicem
3409 5701 3560 5763 Vien.

1995 5771 2093 5825 Alii
2112 5810 2124 5833 ,
2157 5781 2360 5841 pra'ter.
