4078 6352
304 309 404 364 διι
577 306 615 337 ⁸

1629 289 1958 354 1⁵21³15τοιᾶ
2003 292 2096 351 XX
2105 293 2218 350 XII.

3452 289 3556 344 3H

303 419 441 472 ravit
459 458 474 482 ,
506 424 562 468 ut
605 412 880 468 abundans
907 410 1112 480 egentis
1157 405 1458 467 substantia
1487 402 1754 461 alimonia:
1781 401 1872 470 sit,
1904 409 1957 469 Α
1980 403 2100 476 Ipse
2126 421 2188 461 se
2213 415 2354 459 nunc
2381 402 2719 459 adlﬂeationi
2747 408 2945 458 nostrze
2971 409 3026 458 et
3049 401 3396 458 lundamento
3422 417 3556 470 pra:-

305 517 364 561 et
406 506 662 576 opulento
701 503 857 572 inops
896 500 1119 557 materia
1158 499 1380 572 justitia:
1412 515 1426 551 :
1471 506 1527 553 ut
1572 496 1701 567 ﬁat,
1729 495 1882 550 sicut

304 597 598 668 Apostolus
622 595 758 652 dixit
784 602 834 662 ⁸,
861 594 1130 666 mortalitas
1160 609 1179 652 :
1206 600 1265 650 et
1290 594 1345 649 in
1363 592 1456 650 illo
1475 591 1661 648 seculo
1687 604 1880 660 repen-

301 687 470 744 sanda
498 687 605 743 illis
639 693 882 756 egestate
907 685 1160 756 presenti
1187 683 1379 755 opibus
1415 681 1661 750 arternis,
1686 678 1878 736 redun-

301 781 397 836 det
417 780 631 836 illorum
649 777 975 834 abtmdantia
995 777 1062 832 ad
1081 776 1318 848 inopiam
1339 783 1604 841 nostram,
1631 773 1677 829 si
1698 779 1880 827 nostra

303 870 426 926 istic
453 867 780 923 abundantia
804 867 874 922 ad
922 867 1135 922 illorum
1177 865 1521 936 indigentiam
1566 860 1879 918 commoda-

307 958 472 1016 verit.
498 955 836 1012 Seminemus
860 969 990 1024 ergo
1032 954 1137 1011 illis
1163 954 1400 1010 carnalia
1427 953 1449 985 ⁸
1467 957 1496 1018 ³,
1529 959 1588 1006 ιιι
1614 959 1879 1007 metamus

305 1047 377 1100 ab
410 1046 514 1100 illis
548 1045 826 1115 spiritalia.
859 1043 1093 1100 Laboret
1128 1045 1274 1099 n'une
1312 1043 1380 1099 de
1414 1042 1642 1098 terrenis
1669 1055 1881 1108 manus,

304 1145 369 1190 ut
392 1145 520 1190 tunc
540 1135 606 1190 de
630 1135 937 1190 uelestibus
966 1135 1144 1189 anima
1166 1133 1459 1190 reﬁciatur.
1484 1131 1621 1202 Spes
1649 1144 1884 1201 prmseus

301 1224 535 1283 aediﬁcet
569 1243 683 1280 rem
728 1226 962 1281 futuram
990 1224 1059 1282 ".
1085 1224 1364 1282 Faciamus
1408 1223 1529 1280 istic
1580 1230 1719 1278 tecta
1763 1236 1882 1292 qua:

306 1330 410 1371 nos
439 1314 548 1368 illic
574 1321 775 1382 tegant.
819 1311 1077 1369 Pascatur
1099 1313 1219 1368 istic
1243 1328 1463 1383 pauper,
1488 1311 1579 1366 ubi
1606 1325 1694 1366 me
1721 1309 1886 1366 divite

302 1413 466 1476 eget;
496 1414 557 1461 ut
583 1421 667 1461 me
694 1405 805 1461 illic
833 1414 1037 1474 pascat,
1069 1405 1156 1460 ubi
1187 1420 1275 1460 me
1317 1412 1506 1474 egente
1533 1400 1881 1458 saturabitur.

302 1497 499 1554 Videte
527 1495 912 1556 commercium
933 1494 1197 1566 spiritale;
1226 1503 1301 1561 et,
1331 1494 1376 1548 si
1416 1491 1664 1562 potestis,
1691 1497 1884 1558 negate

303 1605 408 1644 nos
449 1603 683 1656 avaros,
729 1588 821 1656 qui
851 1596 1049 1643 terram
1100 1586 1378 1641 vendimus
1407 1593 1461 1638 et
1489 1583 1778 1646 tributum,
1824 1587 1884 1634 ut

303 1679 697 1734 immunitatem
726 1679 874 1746 regni
902 1693 1024 1733 cum
1055 1677 1356 1732 aeternitate
1380 1688 1711 1732 coemamus.

1982 502 2088 552 stet
2114 500 2170 551 et
2211 494 2450 557 culmini,
2491 493 2616 562 quia
2645 492 2760 563 ipse
2787 499 2870 547 est
2898 492 3099 544 initium
3133 500 3183 546 et
3217 491 3358 561 ﬁnis.
3387 489 3560 560 Super

1982 583 2226 642 eamdem
2253 594 2482 656 petram,
2513 595 2646 638 nam
2672 585 2716 615 "
2761 591 2816 636 et
2842 590 2987 652 petra
3015 579 3244 634 Christus
3277 589 3373 644 est,
3403 587 3566 634 extra

1980 692 2142 748 quam
2179 690 2340 731 nemo
2376 680 2554 745 potest
2591 672 2811 728 domum
2855 669 3101 728 stabilem
3146 667 3367 724 fundare
3392 710 3406 736 ,
3448 684 3556 724 non

1981 767 2255 838 stipulam,
2281 774 2374 821 aut
2412 763 2614 829 fenum,
2635 769 2692 820 et
2719 760 2919 833 paleas,
2951 761 3091 817 sicut
3113 761 3166 816 in
3191 759 3425 832 Egypto
3444 773 3560 816 ser-

1980 860 2188 914 vientes
2216 860 2271 914 in
2296 856 2552 929 cophino,
2582 869 2774 912 manus
2798 861 3120 926 congerant;
3155 867 3224 908 ne
3249 852 3407 909 luteis
3431 845 3557 908 aedi-

1985 951 2116 1007 liciis
2135 965 2361 1022 operum
2383 949 2723 1008 sordidarum
2751 950 2993 1015 laterem,
3023 956 3082 1002 ut
3106 947 3276 1012 aiunt,
3297 944 3554 1010 lavemus,

1983 1051 2039 1098 et
2067 1043 2329 1098 iucurvati
2356 1043 2610 1099 oneribus
2636 1041 2879 1098 laborum
2917 1041 3191 1096 servilium
3215 1039 3558 1096 devertamus

1983 1135 2201 1190 dorsum
2245 1143 2485 1189 nostrum
2515 1149 2546 1188 a
2581 1132 2810 1188 Domino
2851 1143 2912 1198 εις
2955 1132 3032 1201 (a)
3077 1131 3202 1201 quia
3237 1138 3295 1184 ut
3334 1140 3559 1186 conver-

1984 1241 2074 1282 sos
2101 1226 2166 1281 ad
2195 1241 2256 1281 se
2282 1225 2454 1281 reﬁcit
2482 1225 2681 1281 lumine
2699 1265 2714 1291 ,
2759 1225 2830 1280 ita
2861 1239 3077 1279 aversos
3103 1221 3270 1278 allicit
3295 1223 3555 1277 cmcitate.

2053 1314 2142 1369 24.
2174 1313 2463 1371 Videamus
2509 1322 2686 1369 autem
2713 1313 3036 1369 tedilicautes
3059 1353 3074 1380 ,
3115 1311 3242 1381 quid
3272 1310 3338 1367 de
3377 1319 3558 1366 nostra

1983 1403 2159 1474 fragili
2207 1413 2528 1472 terrenaque
2566 1404 2862 1458 substantia
2902 1401 3119 1474 dignum
3157 1401 3337 1455 divino
3371 1398 3559 1454 funda-

1983 1502 2166 1548 mento
2199 1494 2628 1564 supermdillcare
2654 1494 2919 1564 possimus
2947 1502 2990 1557 τ,
3023 1501 3082 1548 ut
3109 1492 3176 1546 ab
3206 1492 3321 1561 ipso
3347 1490 3391 1522 ⁷³
3420 1490 3561 1559 prin-

1983 1583 2142 1654 cipali
2182 1583 2359 1654 lapide
2398 1584 2684 1649 vivilicati,
2734 1584 2937 1654 lapides
2967 1584 3020 1638 in
3065 1582 3322 1637 fabricam
3371 1579 3558 1648 templi

1985 1675 2216 1732 cwlestis
2244 1685 2510 1745 aptemur.
2551 1673 2751 1728 Aurum
2780 1689 2970 1731 sensus
3008 1673 3177 1728 nostri
3217 1680 3271 1726 et
3298 1671 3562 1727 sermonis

375 1766 465 1827 22.
495 1766 760 1838 Fragilem
803 1783 1021 1822 arenam
1056 1767 1320 1836 jaeimus,
1349 1773 1408 1820 ut
1443 1764 1660 1820 domum
1696 1761 1882 1816 funde-
1913 1775 1959 1835 Β
1986 1775 2265 1836 argentum
2313 1764 2610 1821 conllemus
2654 1766 2710 1820 in
2757 1765 2974 1819 Christo
2998 1803 3013 1828 ,
3058 1771 3117 1819 ut
3163 1778 3260 1818 nos
3305 1762 3364 1816 in
3403 1761 3562 1830 hujus

301 1875 427 1914 nius
466 1866 721 1914 aeternam
744 1899 760 1925 ,
803 1866 861 1913 et
903 1858 970 1912 de
1001 1859 1191 1912 vilibus
1229 1856 1553 1925 attingamus
1592 1861 1734 1908 astra
1774 1867 1880 1908 ca:-

303 1951 508 2005 mentis
534 1948 560 1988 δ
595 1969 606 2002 :
650 1947 717 2004 de
741 1948 936 2017 quibus
967 1962 1070 2003 non
1101 1947 1244 2002 illam
1271 1946 1598 2003 confusionis
1624 1952 1680 2000 et
1705 1958 1888 2013 supero

301 2040 408 2094 bim
439 2050 640 2092 turrem
688 2039 733 2072 ⁶⁸
773 2038 1154 2094 destruendam
1201 2052 1365 2107 opere
1409 2036 1561 2092 irrito
1604 2033 1881 2090 machina-

301 2145 446 2194 mur,
479 2127 573 2183 sed
602 2128 654 2182 in
687 2129 804 2199 ipso
832 2129 1073 2196 angulari
1104 2129 1278 2198 lapide
1299 2127 1580 2183 l'undamur
1606 2137 1653 2193 °,
1678 2133 1738 2182 ut
1762 2141 1882 2180 sur-

301 2235 495 2288 gamus
519 2237 615 2292 per
641 2222 814 2291 ipsum
845 2221 897 2274 in
921 2221 1089 2290 ipsius
1112 2219 1516 2289 plenitudinem,
1537 2217 1629 2288 qui
1658 2226 1742 2273 est
1771 2227 1881 2271 tur-

303 2314 379 2365 ris
438 2311 756 2382 fortitudinis
807 2327 840 2364 α
885 2311 1019 2382 facie
1067 2311 1261 2363 inimici
1310 2308 1357 2364 ά.
1409 2308 1560 2364 Hauc
1624 2308 1740 2377 ipse
1787 2322 1886 2361 nos

304 2411 512 2457 turrem
536 2402 800 2458 aediﬁcare
829 2411 877 2468 ο,
903 2402 1228 2470 cemputatis
1254 2409 1378 2455 ante
1405 2399 1689 2465 sumtibus,
1710 2398 1881 2467 jubet,

302 2508 374 2548 ne
397 2495 692 2563 interrupta
715 2491 1068 2548 aediﬁcatione
1095 2489 1310 2556 defecti,
1339 2489 1656 2544 temeritatis
1682 2488 1884 2558 impro-

303 2585 444 2638 vidm
484 2592 666 2638 notam
698 2591 754 2639 et
782 2581 998 2652 dignam
1033 2581 1335 2636 irrisionem
1375 2580 1570 2634 frustra
1599 2581 1644 2613 ε’
1671 2577 1888 2633 audacis

302 2675 529 2742 ignaviae
575 2673 926 2744 perferamus.
972 2671 1194 2727 Sumtus
1229 2671 1276 2702 ⁷⁸
1325 2677 1505 2724 autem
1543 2675 1729 2722 noster
1758 2665 1888 2721 lldes

301 2765 458 2820 firma
483 2774 585 2820 est.
620 2763 761 2834 Ergo
789 2771 844 2818 et
869 2763 1165 2818 secundum
1195 2761 1478 2815 veritatem
1512 2757 1609 2812 Dei
1637 2755 1888 2824 credens,

301 2855 397 2921 qui
427 2868 573 2922 spes,
606 2861 662 2906 et
689 2866 822 2922 epes
860 2859 914 2905 et
945 2851 1089 2904 vires
1115 2864 1241 2904 suas
1281 2847 1565 2902 Dominum
1594 2844 1774 2901 Iesum
1803 2843 1893 2899 ha-

305 2943 426 3007 bet,
455 2942 572 3010 ejus
600 2943 777 2996 omnis
818 2939 978 3011 210
1003 2939 1286 2993 azdilicatio
1312 2944 1592 3006 compacta
1619 2935 1813 2991 crescit
1847 2934 1888 3000 τ,

308 3045 366 3088 et
395 3034 568 3102 surgit
597 3031 648 3085 in
679 3031 1128 3086 conscensionem
1153 3029 1206 3083 in
1230 3027 1612 3098 plenitudinem
1642 3024 1754 3082 Dei.
1783 3024 1889 3079 Ita-

1986 1857 2168 1914 mundi
2195 1855 2410 1913 fornace
2430 1865 2685 1928 purgatos
2708 1864 2753 1921 ',
2778 1871 2965 1910 aurum
2996 1855 3242 1923 ignitum,
3265 1861 3318 1907 et
3346 1858 3562 1906 moneta

1986 1950 2232 2019 imaginis
2273 1965 2381 2004 suae
2409 1949 2626 2018 dignum
2654 1949 2702 1980 "
2734 1949 2847 2017 ipse
2885 1948 3199 2018 placitarum
3231 1943 3330 1998 sibi
3360 1943 3562 1997 anima-

1985 2058 2103 2098 rum
2143 2042 2413 2096 discussor
2437 2041 2664 2105 eﬂiciat,
2697 2055 2901 2109 nosque
2941 2039 3086 2109 ipsos
3117 2037 3191 2092 illi
3220 2035 3287 2090 de
3313 2019 3580 2105 operibus.

1988 2132 2202 2187 luminis
2236 2132 2501 2202 pretiosos
2532 2131 2733 2201 lapides
2763 2130 3065 2185 afferamus.
3095 2127 3277 2196 Neque
3302 2127 3354 2179 in
3384 2123 3563 2179 cordi-

1987 2225 2086 2279 bus
2108 2225 2232 2292 ligni
2263 2223 2457 2279 duritia
2484 2223 2686 2286 stolidi,
2719 2237 2894 2291 neque
2919 2222 2970 2275 in
3000 2221 3254 2292 operibus
3291 2217 3443 2272 fenea
3470 2217 3565 2270 sic-

1988 2315 2152 2370 citate
2181 2315 2336 2378 aridi,
2369 2330 2541 2384 neque
2570 2314 2622 2368 in
2655 2312 2758 2367 lidc
2788 2312 2868 2366 vel
2902 2312 3128 2366 caritate
3157 2308 3384 2363 mobiles
3411 2316 3465 2362 et
3487 2308 3565 2360 in-

1989 2404 2126 2459 lirmi
2164 2403 2361 2459 levium
2393 2402 2678 2472 fragilitate
2705 2403 3012 2472 palearum;
3042 2400 3134 2456 sed
3166 2407 3226 2454 ut
3255 2411 3387 2470 opus
3426 2397 3565 2451 arbi-

1989 2495 2076 2550 trii
2105 2497 2272 2550 nostri
2302 2511 2407 2549 non
2439 2510 2684 2549 arsurum
2711 2503 2949 2563 paretur,
2982 2502 3036 2547 et
3065 2495 3438 2548 inconcussum
3474 2506 3567 2560 pa-

1989 2584 2139 2640 ciﬁca
2169 2585 2483 2654 operatione
2515 2592 2822 2650 consurgat,
2855 2597 3069 2636 oremus
3097 2582 3425 2635 Altissimum
3448 2595 3569 2634 eam

1989 2690 2176 2744 pacem
2217 2674 2582 2732 mdilicationis
2620 2680 2817 2726 nostra
2870 2675 2916 2738 ί,
2964 2685 3067 2740 qua
3107 2672 3287 2740 paries
3339 2670 3426 2724 ille
3469 2669 3568 2722 ali-

1991 2762 2205 2834 quando
2245 2763 2296 2818 in
2325 2762 2508 2833 templi
2549 2777 2761 2817 murum
2791 2760 2962 2816 factus
2993 2763 3147 2833 211
3192 2767 3306 2825 est,
3339 2766 3396 2814 ut
3433 2748 3586 2812 mal?

1993 2855 2120 2920 (eus,
2151 2862 2202 2908 et
2227 2853 2449 2918 securis,
2486 2862 2535 2908 et
2568 2868 2718 2907 omne
2742 2869 2829 2907 vas
2861 2853 3084 2923 ferreum
3112 2869 3213 2905 non
3243 2850 3485 2906 audiatur
3517 2851 3570 2904 in

1993 2959 2056 2996 ea
2085 2951 2110 2979 υ
2145 2960 2157 2995 :
2193 2957 2291 2997 nec
2334 2943 2476 2998 sicut
2521 2950 2708 3012 postea
2753 2941 2806 2996 in
2851 2940 3090 3009 ejusdem
3128 2940 3310 3010 templi
3353 2955 3570 3010 repara-

1995 3035 2174 3103 tione,
2218 3033 2431 3088 iuimic’a
2459 3031 2746 3088 Persarum
2781 3031 2975 3087 invidia
3005 3032 3264 3088 fabricam
3295 3046 3569 3100 resurgen-

305 3137 416 3191 qve
442 3123 543 3176 nisi
565 3120 820 3176 Dominus
847 3119 1186 3190 aediﬁcaverit
1205 3118 1434 3186 domum.
1465 3133 1594 3172 ναηο
1628 3117 1888 3188 αειίίβεαη·
1915 3130 1961 3194 ς
1993 3127 2100 3181 tem
2128 3124 2336 3180 hostilis
2364 3122 2622 3193 impediat
2647 3131 2702 3178 et
2732 3124 3086 3193 interrumpat
3116 3124 3357 3178 incursus
3388 3131 3433 3176 '.
3478 3119 3569 3177 Sic
3617 3147 3623 3154 -

307 3221 387 3266 tes
415 3208 592 3266 labore
634 3219 660 3253 κ
696 3210 1030 3264 sudabimus.
1061 3206 1168 3262 Sed
1198 3222 1266 3262 ne
1290 3248 1305 3273 ,
1349 3208 1429 3262 vel
1459 3205 1695 3278 perfecta
1739 3205 1883 3272 licet,

306 3307 640 3370 cooperante
680 3299 907 3358 Domino
931 3338 949 3365 ,
987 3295 1371 3359 mdillcatione,
1406 3295 1639 3365 resupini
1669 3309 1886 3350 securas

308 3404 502 3443 manus
529 3387 869 3442 remittamus
888 3427 906 3453 ,
939 3385 1121 3456 adjicit
1157 3385 1431 3456 Scriptura
1461 3385 1639 3440 divina
1663 3423 1678 3450 ,
1741 3385 1886 3457 quod

307 3481 470 3534 etiam
513 3477 828 3534 aediﬁcatam
869 3477 1087 3533 domum
1126 3477 1226 3534 nisi
1257 3477 1398 3533 Deus
1433 3477 1573 3533 idem
1599 3477 1882 3544 custodiat,

307 3571 458 3625 irrita
488 3571 814 3624 servantium
841 3584 971 3624 cura
1001 3568 1239 3638 vigilabit
1271 3567 1316 3622 ιι.

381 3659 472 3714 9.3.
501 3657 730 3714 Oremus
771 3673 901 3728 ergo
929 3656 1246 3724 Dominum,
1281 3666 1342 3713 ut
1370 3657 1495 3712 dum
1529 3673 1625 3713 nos
1649 3657 1724 3713 illi
1761 3657 1888 3714 foris

308 3751 636 3805 aediﬁcamus
675 3748 943 3804 domicilia
971 3762 1091 3817 qua:
1119 3747 1386 3811 videntur,
1419 3747 1507 3802 ille
1537 3748 1589 3801 in
1620 3747 1774 3801 nobis
1803 3747 1886 3801 in-

312 3849 400 3894 tus
426 3839 653 3894 mdilicet
680 3838 770 3892 illa
795 3852 913 3908 qua:
947 3853 1054 3892 non
1084 3837 1360 3902 videntur,
1405 3837 1611 3891 domum
1640 3836 1890 3893 videlicet

313 3932 480 3995 illam,
513 3939 572 3985 ut
610 3929 861 3998 Magister
883 3928 960 3999 (id
987 3937 1062 3984 est
1091 3927 1307 3984 Paulus.
1345 3927 1410 3984 V.
1441 3944 1528 3998 ep.
1560 3927 1650 3993 25,
1694 3943 1749 3984 ιι.
1796 3927 1887 3998 ει)

311 4023 422 4083 ait,
463 4036 568 4074 non
596 4019 950 4090 manufuctam
988 4017 999 4055 ι
1042 4035 1054 4068 :
1089 4032 1249 4086 quam
1280 4017 1504 4084 ingressi
1535 4016 1890 4086 intelligemus

313 4115 366 4168 iu
399 4113 708 4174 novissimo,
740 4111 968 4164 videntes
992 4097 1197 4164 scilicet
1227 4109 1360 4178 facie
1380 4108 1449 4161 ad
1473 4109 1656 4178 faciem
1677 4108 1812 4176 quod
1835 4109 1889 4160 in

313 4207 590 4276 a-nigmate
635 4219 767 4257 nunc
797 4201 1022 4256 ridemus
1045 4243 1060 4267 ,
1107 4207 1156 4254 et
1185 4215 1249 4254 ex
1287 4209 1434 4268 parte
1455 4199 1805 4267 cognoscimus
1843 4200 1887 4251 ι.

312 4295 421 4348 Sed
449 4309 610 4360 nunc,
643 4294 768 4348 dum
801 4291 975 4346 adhuc
1005 4290 1056 4344 in
1089 4287 1436 4344 tabernaculo
1471 4286 1623 4340 istius
1652 4279 1893 4356 corporis

315 4387 619 4451 constituti,
652 4385 801 4453 quasi
839 4383 937 4437 sub
965 4381 1106 4437 illius
1135 4379 1338 4448 antiqui
1368 4377 1698 4433 tabernaculi
1735 4378 1888 4450 pelli-

1991 3217 2133 3274 enim
2176 3217 2230 3271 in
2259 3216 2475 3271 domum
2516 3216 2774 3270 orationis
2801 3224 2855 3269 et
2895 3217 3041 3285 pacis
3087 3215 3469 3286 perliciemur,
3522 3218 3568 3268 si

1990 3305 2133 3362 nulla
2153 3322 2253 3362 nos
2281 3305 2574 3362 carnalium
2597 3306 2981 3372 cogitationum
3005 3322 3132 3360 cura
3153 3306 3418 3368 concidat,
3450 3307 3569 3358 nul-

1989 3397 2073 3454 lus
2117 3399 2353 3469 quietem
2399 3405 2640 3452 nostram
2687 3395 2853 3452 seculi
2891 3397 3148 3450 tumultus
3198 3396 3563 3463 intcrstrepat.

1989 3486 2212 3543 Malleus
2246 3488 2389 3542 enim
2419 3487 2574 3541 nobis
2601 3501 2729 3540 cura
2758 3487 2931 3540 victus
2960 3494 3014 3541 et
3037 3501 3163 3539 cura
3194 3486 3416 3540 vestitus
3445 3492 3528 3540 est
3553 3503 3564 3536 :

1989 3579 2194 3635 securis
2224 3586 2278 3632 et
2325 3579 2526 3632 ferrum
2571 3575 2728 3630 nobis
2756 3575 3018 3646 cupiditas
3049 3575 3422 3645 temporalium
3447 3616 3462 3641 ,
3515 3585 3571 3631 et

1990 3678 2286 3725 nocturnus
2310 3667 2538 3722 mortuis
2568 3667 2728 3722 timor
2753 3707 2769 3732 ,
2811 3674 2865 3721 et
2893 3665 3029 3721 livor
3058 3667 3304 3722 inimicus
3327 3705 3343 3729 ,
3401 3674 3455 3721 et
3482 3682 3570 3720 res

1989 3758 2148 3828 hujus
2196 3757 2400 3821 seculi;
2451 3757 2504 3812 in
2552 3754 2706 3824 cujus
2752 3764 2843 3810 aut
2883 3756 3037 3810 malm
3083 3772 3245 3822 cura,
3295 3767 3386 3810 aut
3414 3756 3569 3812 bona:
3625 3827 3630 3833 .

1991 3863 2175 3903 amore
2213 3849 2258 3880 ⁷⁸
2290 3847 2465 3902 anima
2490 3847 2738 3902 conditur
2771 3848 2818 3878 "
2840 3886 2855 3912 ,
2901 3862 3053 3902 mens
3099 3848 3471 3916 compeditur;
3516 3858 3570 3901 et

1990 3953 2095 4007 pax
2120 3941 2273 3992 bonae
2300 3937 2609 4002 voluntatis,
2639 3951 2760 4006 quae
2783 3939 3096 4006 compositis
3125 3939 3378 4006 religioso
3408 3937 3570 3994 silen-

1991 4028 2069 4081 tio
2097 4027 2338 4081 sensibus
2379 4025 2761 4091 confirmatur,
2812 4033 2973 4094 atque
3017 4027 3278 4080 orationis
3321 4026 3566 4090 intentio,

1993 4131 2112 4186 quae
2141 4114 2396 4170 inoﬁ'eusa
2426 4114 2496 4168 de
2524 4114 2694 4169 libero
2721 4123 2777 4169 et
2802 4131 2937 4184 puro
2965 4113 3127 4170 corde
3153 4115 3419 4185 dirigitur,
3449 4130 3571 4170 car-

1995 4203 2196 4258 nalium
2227 4202 2584 4256 oblatratione
2621 4217 2868 4256 curarum
2895 4244 2910 4268 ,
2959 4203 3109 4272 quasi
3159 4203 3573 4274 interstrepente

1995 4292 2191 4347 malleo
2216 4330 2230 4356 ,
2288 4291 2372 4346 vel
2420 4290 2595 4346 securi
2626 4289 2852 4346 feriente
2875 4332 2890 4356 ,
2941 4292 3277 4347 convellitur.
3320 4292 3426 4347 Sed
3453 4297 3574 4364 quia

1995 4384 2166 4454 major
2191 4392 2266 4436 est
2294 4383 2380 4454 qui
2403 4382 2458 4436 in
2487 4381 2633 4436 nobis
2667 4389 2743 4437 est
2783 4399 2935 4455 quam
2963 4383 3051 4452 qui
3091 4384 3144 4436 in
3174 4384 3267 4437 hoc
3296 4385 3486 4440 mundo
3524 4394 3571 4452 ι,

315 4476 415 4530 bus
444 4475 498 4530 in
517 4475 731 4529 deserto
761 4481 816 4528 et
838 4471 1085 4526 tentoriis
1111 4471 1316 4540 agimus
1345 4467 1394 4534 l‘,
1425 4467 1762 4540 pneccdente
1793 4486 1890 4524 nos
1922 4493 1970 4555 ο
1994 4481 2186 4547 potens
2229 4481 2313 4529 est
2361 4470 2612 4526 Dominus
2661 4482 2924 4528 conterere
2955 4482 3194 4528 satanam
3221 4474 3312 4529 sub
3361 4475 3574 4545 pedibus

317 4584 413 4637 pcr
441 4567 595 4621 istius
636 4563 782 4620 orbis
823 4563 1026 4617 aridam
1066 4562 1159 4616 Dei
1202 4561 1402 4626 verbo,
1443 4561 1526 4616 vel
1567 4561 1621 4612 in
1651 4561 1890 4615 columna

319 4659 466 4712 nubis
513 4655 564 4724 ι,
607 4666 665 4711 ut
702 4654 962 4710 obumbret
1002 4655 1046 4687 '"
1086 4671 1240 4725 super
1269 4663 1419 4724 caput
1459 4664 1689 4707 nostrum
1719 4653 1771 4708 in
1811 4654 1894 4707 die

320 4750 437 4804 belli
464 4761 534 4802 ωε
567 4748 651 4804 vel
676 4751 726 4801 in
749 4750 990 4803 columna
1017 4747 1172 4819 ignis,
1197 4756 1254 4800 ut
1280 4763 1647 4816 cognoscamus
1676 4748 1730 4800 in
1759 4756 1896 4801 terra

320 4839 598 4895 cmleslcm
625 4837 735 4909 ejus
763 4837 897 4892 viam
927 4847 983 4905 τις
1015 4851 1249 4900 oremus,
1280 4844 1339 4890 ut
1365 4851 1460 4907 per
1487 4837 1602 4891 lucc
1629 4852 1768 4893 nunc
1795 4835 1897 4892 Ec-

323 4929 496 4985 clesia:
513 4927 844 4983 tabernacula
863 4927 1213 5000 ingrediantur
1232 4943 1389 4998 usque
1410 4927 1478 4980 ad
1497 4927 1705 4982 domum
1726 4927 1822 4983 Dei
1845 4939 1894 4995 ⁰;

1994 4568 2185 4622 nostris
2213 4574 2240 4614 γ
2264 4605 2278 4630 ,
2325 4573 2383 4619 ιιι
2415 4565 2701 4636 impleatur
2729 4573 2784 4622 et
2810 4565 2900 4620 illa
2925 4582 3025 4637 pro
3057 4567 3210 4622 nobis
3247 4568 3531 4638 prophetia
3560 4586 3571 4621 :

1995 4657 2256 4714 Contritus
2285 4664 2360 4710 est
2389 4656 2603 4711 malleus
2632 4658 2882 4712 universa:
2910 4667 3060 4713 terris
3092 4669 3136 4713 ι.

2067 4746 2153 4802 25.
2195 4745 2425 4818 Expedit
2464 4755 2646 4802 autem
2694 4748 2883 4811 nobis.
2943 4759 3002 4805 ut
3045 4751 3206 4805 etiam
3256 4750 3577 4810 tedilicalum

1998 4838 2176 4894 cordis
2205 4837 2372 4892 nostri
2401 4838 2656 4908 templum
2682 4854 2829 4910 stepe
2871 4840 3128 4897 Dominus
3155 4841 3308 4898 Jesus
3353 4844 3575 4908 revisat,

2001 4928 2223 4982 veniens
2253 4928 2307 4982 in
2349 4926 2559 4998 llagello
2608 4930 2818 4986 timoris
2846 4933 2965 4997 sui,
3019 4942 3077 4988 ut
3106 4934 3284 5003 ejiciat
3320 4933 3387 4992 de
3425 4934 3577 4992 uobis

325 5020 413 5074 ubi
443 5028 500 5074 et
527 5021 642 5090 ipse
687 5018 962 5088 Dominus,
995 5018 1081 5073 ille
1108 5033 1348 5072 summus
1391 5025 1446 5072 et
1486 5021 1652 5088 [actus
1682 5020 1827 5074 nobis
1868 5037 1900 5074 a
2002 5033 2217 5073 mensas
2269 5019 2750 5074 nummulariorum
2775 5059 2790 5085 ,
2837 5030 2893 5077 et
2944 5025 3249 5082 venditores
3289 5026 3453 5082 boum
3493 5026 3576 5082 vel

326 5110 548 5166 Domino
578 5120 606 5161 ιο
635 5117 688 5164 et
716 5114 915 5164 excisus
944 5125 975 5161 a
1005 5117 1194 5170 monte,
1222 5116 1278 5162 et
1305 5106 1444 5162 idem
1469 5117 1657 5164 auctus
1678 5108 1732 5163 in
1757 5125 1904 5164 mon-

327 5211 435 5257 tem
466 5202 602 5272 lapis
631 5206 837 5275 exstat,
879 5198 971 5270 qui
1008 5207 1086 5253 est
1120 5196 1373 5254 mirabilis
1409 5197 1465 5252 in
1499 5198 1660 5254 oculis
1688 5202 1898 5256 nostris.

395 5322 422 5350 ι
452 5311 620 5368 lCor.
653 5325 771 5376 vm,
804 5309 889 5365 M.
963 5309 995 5380 δέ
1018 5310 1154 5380 Gen.
1186 5326 1259 5377 xt,
1291 5311 1343 5366 4.
1401 5321 1424 5351 ο
1449 5309 1644 5380 Ephes.
1669 5329 1726 5377 ιι,
1756 5313 1846 5368 ειο.

1991 5314 2088 5369 sal.
2119 5330 2207 5379 ιιι,
2240 5315 2290 5369 Δ.
2338 5326 2360 5355 ο
2387 5315 2518 5371 Luc.
2554 5331 2659 5380 xlv,
2694 5315 2782 5371 28.

329 5397 506 5446 cxxvr,
539 5381 592 5436 1.
674 5381 695 5418 ιλ
719 5381 850 5436 Ibid.
931 5381 946 5420 ι
980 5379 1024 5436 ll
1046 5379 1170 5436 Cor.
1199 5397 1254 5445 ν,
1286 5381 1338 5435 1.

332 5450 500 5506 Exod.
527 5467 639 5517 xm,
667 5451 756 5518 21,
779 5458 835 5506 et
859 5464 965 5513 xlv,
999 5448 1085 5504 l9.
1158 5460 1198 5488 ω
1223 5450 1363 5506 Psal.
1403 5467 1621 5515 cxxxix,
1669 5451 1704 5505 8

2004 5111 2372 5166 columbarum
2404 5119 2483 5174 αις
2514 5125 2584 5166 ne
2615 5111 2759 5181 quod
2787 5114 3023 5170 avaritiae
3051 5118 3431 5174 commercium
3460 5117 3559 5172 ani-

2006 5218 2126 5258 mus
2148 5208 2332 5257 noster
2348 5188 2641 5268 exerceat,
2690 5217 2866 5276 neque
2892 5204 2945 5258 in
2975 5207 3171 5262 nostris
3197 5206 3442 5266 sensibus
3468 5214 3577 5261 tan-

2866 5315 3108 5387 ‘Ephes.
3136 5332 3192 5383 ιι,
3219 5315 3306 5370 21.
3383 5326 3411 5366 σ
3435 5315 3574 5374 Psal.

1417 5384 1432 5433 l
1488 5381 1653 5437 lCor.
1684 5399 1799 5446 xm,
1847 5383 1886 5437 ιτ

1417 5467 1621 5510 :xxxtx.
1669 5451 1704 5505 8
1785 5453 1886 5508 "E1

2010 5384 2035 5422 ιι
2065 5383 2240 5440 Exod.
2267 5401 2394 5449 xxv,
2435 5386 2521 5451 40,
2573 5396 2630 5441 et
2663 5394 2804 5452 xxvi,
2843 5386 2931 5440 50.
2961 5381 2975 5387 ⁷
3013 5381 3228 5442 lExod.
3279 5400 3428 5452 xxtu,
3469 5387 3576 5455 90;

1990 5494 2002 5506 .
2054 5469 2165 5510 xm.
2194 5455 2283 5510 2|:
2309 5453 2449 5510 Psal.
2475 5470 2619 5510 vat.
2660 5457 2714 5510 5.
2791 5465 2816 5488 ο
2843 5454 2983 5509 Psal.
3017 5469 3126 5510 xu.
3153 5455 3206 5510 5.
3239 5455 3382 5510 iuxta
3414 5455 3575 5510 Psalt.

2791 5465 2816 5488 ⁸
2843 5454 2983 5509 Psal.
3015 5469 3126 5523 xu,
3153 5455 3206 5521 5,
3232 5455 3382 5523 juxta
3414 5454 3575 5514 Psalt.

336 5521 491 5597 lium.
548 5533 572 5570 P
593 5520 743 5597 _Psal.
777 5519 1034 5597 cxvuﬁl’i.
1093 5518 1292 5597 gfsal.
1322 5537 1485 5597 t.x_x_x,
1527 5522 1602 5597 7._
1625 5521 1843 5597 '_l_Cor.
1870 5539 1884 5578 ι

1989 5525 2075 5579 10.
2179 5518 2292 5580 Pet.
2317 5539 2373 5588 ιι,
2412 5525 2470 5597 5.
2491 5536 2532 5597 ᾗ·
2565 5525 2690 5597 Sap_.
2723 5541 2798 5588 ιιι,
2824 5525 2974 5597 6.__‘
3012 5518 3322 5597 Psal_._cx'xl,
3355 5525 3408 5581 6.
3482 5536 3507 5564 υ
3538 5528 3578 5581 Il

337 5590 462 5660 lieg.
490 5607 562 5655 vr,
591 5591 647 5657 7,
670 5607 778 5646 sec.
808 5588 967 5644 LXX.
1044 5597 1071 5628 '
1096 5587 1116 5644 Ι
1140 5588 1264 5644 Esd.
1297 5606 1369 5658 Iv,
1391 5587 1477 5645 Ἰ.
1531 5599 1551 5626 ι
1583 5589 1605 5646 l
1631 5589 1821 5648 Julian.
1855 5609 1925 5660 tv,
1958 5592 2010 5648 4.
2063 5605 2089 5643 γ
2116 5594 2268 5648 Rom.
2304 5610 2412 5660 xvr,
2443 5595 2528 5649 20.

336 5659 495 5716 Marc.
533 5678 606 5728 ιι,
637 5661 724 5715 15.

2609 5592 2770 5650 Il'Jer.
2805 5611 2854 5657 ι,
2878 5592 2966 5647 25.
3047 5605 3102 5632 ιι·
3131 5595 3318 5652 Matth.
3353 5612 3464 5666 ut,
3497 5597 3576 5666 ιιι,

406 5756 481 5825 (τι)
524 5756 880 5826 lie-posuimus
927 5755 1076 5825 quia,
1125 5769 1191 5809 ex
1238 5768 1364 5809 mss.
1415 5752 1544 5823 Reg.
1586 5762 1639 5810 et
1672 5755 1824 5812 V'icn.
1863 5763 1916 5812 ct
1943 5756 2098 5813 editis
2125 5758 2394 5817 codicibus
2424 5767 2671 5830 quatuor.
2705 5758 2843 5815 Edit.
2877 5757 3065 5826 Rose,
3090 5763 3192 5831 qui.
