4078 6352
498 359 604 415 3ιὸ

1635 364 1691 422 ε
1733 363 2011 426 i‘AliLlNl'
2038 365 2288 426 NOLANI
2329 367 2638 428 EPISCOPI

3638 381 3740 443 314

499 469 639 524 ditas
664 465 828 524 boum
855 470 1086 527 stabulet
1108 470 1296 564 :uquia
1325 470 1409 526 ubi
1437 478 1899 555 nonrsuntboves,
1935 498 2065 552 pm-
2093 485 2144 546 Α
2169 477 2414 535 discretis
2436 482 2514 550 (id
2539 490 2615 536 est
2643 483 2920 553 separatis,
2949 484 3301 554 distantibus;
3327 489 3432 544 vid.
3452 504 3542 564 ep.
3567 492 3655 564 29,
3686 514 3738 552 n.

499 561 644 627 sepia
667 561 859 615 munda
885 571 1005 615 sunt
1027 571 1073 616 η.
1125 561 1314 632 Neque
1335 564 1845 624 simusinnocentiaz
1873 581 2070 629 nostra:

502 648 588 703 vel
615 648 806 704 divinae
826 651 1012 718 gratia:
1035 652 1351 707 venditores
1364 693 1395 718 ,._
1428 655 1780 713 nte-faciamus
1809 658 2071 718 oratiunis

501 735 722 793 domum
773 739 1077 807 speluncam
1125 740 1393 796 latronum
1434 742 1496 797 δ..
1547 743 1870 815 Expurgatis
1924 751 2068 804 enim

500 826 645 880 omni
675 826 886 881 malitia:
909 827 1174 884 fermento
1196 831 1440 892 sensibus
1466 836 1666 890 nostris
1694 847 1740 900 ο,
1773 837 2084 894 inambula--

499 913 579 969 bit
605 910 828 969 libenter
855 915 1320 974 Dominusnoster.
1345 918 1500 976 Jesus
1525 921 1771 979 Christus
1796 942 1809 978 :
1841 934 1896 981 et
1922 928 2072 983 velut

497 1004 554 1058 in
582 1004 684 1060 illis
719 1006 957 1076 quinque
983 1009 1278 1077 porticibus
1307 1013 1626 1080 spatiabitur
1647 1014 1919 1085 Sapientia
1946 1020 1989 1051 ⁷⁷
2017 1016 2080 1084 ά,

496 1096 666 1150 virtus
684 1095 804 1162 Dei,
824 1112 942 1167 qum
955 1107 1108 1152 sanat
1128 1115 1304 1154 omnes
1333 1101 1606 1173 lauguores
1631 1115 1834 1160 nostros
1859 1117 1904 1160 °.
1935 1107 2069 1164 Nam

495 1194 552 1240 ot
581 1187 633 1241 in
662 1187 843 1241 anima
869 1197 1050 1258 nostra
1080 1191 1233 1244 multi
1259 1230 1274 1256 ,
1331 1191 1470 1246 sicut
1510 1193 1563 1248 in
1601 1193 1688 1248 illa
1717 1194 1784 1250 ad
1812 1196 2070 1264 piscinam

495 1277 627 1330 olim
655 1276 960 1332 medentem
987 1278 1192 1347 porticu
1215 1320 1240 1345 ,,
1267 1279 1596 1350 jacentaegri
1635 1292 1690 1338 et
1730 1283 1932 1340 debiles
1949 1285 2026 1356 (a)
2053 1305 2066 1342 :

499 1383 660 1437 quam
688 1367 732 1422 si
771 1368 929 1422 adeat
956 1367 1052 1422 Dei
1081 1369 1302 1424 verbum
1325 1410 1344 1435 ,
1391 1379 1446 1426 et
1472 1373 1709 1428 avaritia:
1737 1375 1939 1443 lepram
1962 1415 1977 1440 ,
2017 1385 2073 1432 et

496 1458 709 1513 invidiae
735 1457 1054 1526 ferruginem
1074 1498 1088 1523 ,
1118 1466 1174 1513 et
1201 1459 1627 1530 intemperantia:
1658 1464 1954 1518 accitatem
1975 1473 2074 1530 ,.et

497 1547 782 1602 iracundiae
801 1547 1135 1617 phrenesim,
1156 1557 1210 1602 et
1231 1548 1452 1604 luxuriae
1472 1551 1780 1623 paralysim,
1793 1561 2088 1624 praecepto,

497 1635 745 1690 medente
766 1676 782 1701 ,
813 1635 1073 1706 depellat;
1123 1646 1184 1692 et
1207 1654 1305 1695 nos
1332 1655 1440 1694 non
1468 1641 1640 1695 solum
1670 1642 1737 1696 ad
1779 1644 2076 1700 sanitatem.

496 1725 860 1791 innocentiae,
878 1726 983 1781 sed
999 1728 1158 1782 etiam
1199 1729 1266 1783 ad
1296 1729 1602 1786 ﬁrmitatem
1634 1733 1905 1802 patientia:
1927 1736 2068 1791 refe»

2168 569 2246 641 9),
2269 570 2555 640 impigrum
2573 575 2765 628 annuis
2784 575 3108 657 discursibus
3129 578 3467 637 tabellarium
3487 586 3753 654 priebeat,

2168 669 2226 713 et
2245 659 2660 726 religiosissimis
2688 661 2882 720 ofﬁciis
2905 675 3090 722 mutuo
3120 668 3446 726 visitantium
3479 688 3752 744 corpora-
3836 715 3840 719 ι

2168 747 2275 803 lem
2323 749 2562 805 laborem
2598 751 2825 820 spiritali
2862 755 3138 825 impendat
3176 759 3410 816 aﬁ'ectu:
3464 778 3564 832 per
3603 765 3748 821 hunc

2169 853 2299 908 ergo
2325 839 2542 894 fratrem
2564 850 2619 896 et
2637 858 2956 900 conservum
2981 847 3033 902 in
3054 848 3761 920 Domino,,quieommnnis-

2170 934 2224 983 et
2254 929 2573 993 unanimus;
2621 946 2746 986 nam
2772 943 2827 988 et
2854 935 3105 991 vobis-ea
3128 942 3746 1008 se,.qua.nobis~-insitus

2169 1026 2278 1083 est,
2315 1020 2743 1089 acceptissimum
2783 1025 2952 1094 gratia
2988 1027 3268 1096 gloriatur,
3313 1035 3613 1103 per-hunc,
3660 1037 3748 1090 in-

2169 1121 2350 1175 quam,
2375 1109 2504 1164 mihi
2524 1119 2711 1168 sancte
2735 1115 3054 1170 venerabilis
3074 1116 3257 1184 frater,
3283 1129 3388 1174 tam
3407 1122 3566 1178 dulce
3585 1139 3761 1193 quam.

2174 1196 2506 1267 insperatum
2535 1201 2664 1256 mihi
2693 1219 2885 1259 munus
2911 1207 3096 1276 accepi
3110 1247 3146 1272 ,-
3168 1200 3449 1278 epistolam
3481 1220 3658 1280 tuam;
3689 1215 3758 1268 in-

2175 1300 2282 1355 qua
2308 1287 2465 1344 nobis
2490 1289 2664 1345 bonus
2689 1292 2866 1350 cordis
2899 1294 2977 1348 tui
3006 1295 3288 1352 thesaurus
3317 1301 3565 1369 apparuit
3594 1298 3617 1338 ¹ι
3642 1342 3657 1366 ,
3688 1311 3748 1357 ut

2176 1378 2369 1433 merito
2406 1389 2660 1451 percepta
2689 1382 2848 1439 ofﬁcii
2890 1385 2967 1439 tui
3010 1387 3384 1446 benedictione
3429 1391 3738 1461 gauderem,

2171 1481 2292 1522 cum
2321 1467 2514 1525 faciem
2544 1472 2816 1530 interioris
2845 1476 2920 1530 tui
2952 1479 3253 1534 castissimo
3294 1483 3612 1551 speculatus
3630 1485 3750 1539 elo-

2169 1559 2324 1628 quin,
2371 1570 2626 1630 quantum
2657 1565 2709 1618 in
2740 1573 2792 1619 te
2817 1568 2945 1623 mihi
2975 1583 3004 1622 a
3044 1568 3272 1626 Domino
3312 1571 3639 1641 adjutorium
3665 1573 3758 1644 (ι)-

2170 1647 2441 1715 conferat,
2461 1666 2824 1719 agnoscerem.

2244 1738 2297 1793 2.
2334 1739 2446 1795 Sed
2468 1741 2524 1794 in
2569 1741 2634 1796 iis
2662 1759 2782 1812 quin
2823 1744 2952 1799 mihi
2998 1745 3319 1816 injungenda
3359 1747 3509 1805 dives
3555 1750 3760 1821 inopia)»

496 1825 616 1871 ctos
637 1857 653 1877 .
680 1816 887 1886 iubebit
913 1818 1056 1874 illico
1093 1835 1206 1874 non
1225 1821 1398 1876 solum
1427 1837 1717 1894 exsurgere
1743 1826 1810 1882 de
1840 1826 2067 1884 infirmi-
2095 1835 2144 1896 Β
2169 1829 2463 1884 aestimator
2491 1832 2687 1899 putasti
2714 1872 2742 1898 ,.
2760 1841 3002 1888 sanctam
3030 1835 3243 1902 quidem
3278 1837 3577 1906 purissimae
3605 1816 3757 1894 cari-7

496 1907 624 1961 tatis
651 1906 868 1982 lectulo,
897 1906 994 1963 sed
1015 1909 1177 1964 etiam
1209 1911 1378 1980 ipsum
1409 1912 1604 1968 lectum
1637 1915 1841 1982 tollere,
1869 1927 1924 1972 ut
1953 1934 2072 1989 por-

498 2005 673 2051 temus
710 1996 869 2070 validi
910 2013 1017 2067 quo
1053 2000 1402 2068 portabamur
1430 2003 1626 2059 inﬁrmi
1659 2004 1702 2058 τ.
1741 2005 1894 2072 Quod
1944 2023 2087 2079 pro-7

380 2155 396 2166 ‘
496 2087 643 2144 feeto
682 2087 928 2144 etiamin
959 2088 1183 2158 spiritali
1214 2091 1295 2145 vel
1323 2094 1654 2160 aegritudinis
1697 2097 1782 2151 vel
1822 2099 2072 2156 sanitatis

495 2190 694 2236 nostrae
721 2193 922 2248 genere
946 2181 990 2212 ⁷⁸
1018 2180 1317 2250 completur
1337 2223 1353 2248 ,
1401 2201 1520 2241 cum
1565 2204 1780 2244 carnem
1810 2199 2087 2257 nostram,

497 2270 586 2326 cui
612 2278 672 2325 ut
715 2271 919 2327 lectulo.
935 2272 1100 2328 dediti
1129 2273 1438 2342 jacebamus
1476 2277 1784 2334 invinculis
1818 2282 2070 2336 vitiorum

497 2368 555 2416 et
582 2360 890 2419 infirmitate
916 2366 1192 2434 virtutum,
1225 2375 1410 2438 postea
1439 2367 1491 2421 in
1520 2369 1686 2424 verbo
1710 2369 1805 2425 Dei
1825 2387 1922 2441 per
1949 2385 2070 2440 gra-

497 2451 627 2506 tiam
653 2450 786 2508 Jesu.
805 2452 998 2510 Christi
1026 2458 1091 2512 ad
1110 2460 1303 2514 bonam
1324 2459 1794 2530 incorruptamque
1813 2473 2066 2531 mentem,

494 2552 762 2599 renovato,
804 2545 1059 2604 interiore
1082 2589 1112 2615 ,.
1148 2550 1262 2604 sani
1303 2552 1350 2585 τ’
1382 2551 1536 2620 quasi
1585 2556 1758 2624 212,
1790 2555 2068 2622 grabatum

495 2632 626 2688 illud
655 2634 890 2692 tollimus
919 2639 993 2704 ³ο,
1014 2646 1067 2692 et
1089 2639 1284 2708 Spiritu
1305 2641 1630 2710 praevalente
1663 2651 1953 2712 portamus,
1985 2644 2067 2700 fe-

495 2733 676 2779 rentes
699 2726 876 2796 ipsam.
892 2720 1205 2797 sequentem
1237 2744 1354 2800 quo
1375 2730 1616 2785 volumus
1641 2749 1653 2784 :
1707 2732 1760 2787 in
1788 2748 1892 2803 qua
1921 2732 2068 2790 inﬁr-

495 2815 774 2874 mabamur
816 2826 1190 2888 exspectantes
1217 2821 1459 2875 alienam
1493 2837 1650 2891 opem
1674 2862 1689 2887 ,
1751 2838 2068 2894 semperque

493 2905 748 2973 praeventi
775 2907 1050 2964 celeritate
1077 2909 1339 2980 piscinam
1365 2910 1772 2980 occupantium:
1803 2913 1938 2980 quia
1959 2928 2065 2968 non

495 3001 613 3049 erat
659 2996 749 3066 qui
796 2998 1096 3067 porrigeret
1143 3014 1362 3055 manum
1386 3040 1401 3064 ,
1453 3015 1629 3069 neque
1655 3001 1750 3070 qui
1776 3000 1958 3055 salvos
1984 3000 2065 3055 fa-

495 3092 687 3151 ceret;
710 3085 883 3142 donec
907 3087 1018 3158 ipse
1042 3088 1232 3157 legatis
1253 3097 1309 3143 et
1331 3089 1534 3157 angelis
1559 3090 1732 3158 major
1763 3089 1982 3160 (quippe
2008 3098 2068 3145 ut

2175 1919 2299 1972 tatis
2329 1916 2573 1974 ﬁduciam
2601 1920 2980 1978 demonstrasti
3006 1943 3018 1978 :
3063 1924 3201 1980 fama
3231 1935 3409 1982 tamen
3430 1969 3447 1994 ,
3479 1939 3754 1999 quantum

2171 2006 2412 2077 intelligo
2429 2047 2445 2072 ,
2499 2010 2761 2066 Dominici
2789 2013 2968 2082 aperis
2996 2015 3354 2083 persuadente
3382 2016 3633 2072 inductus
3659 2033 3735 2081 es,

2170 2103 2231 2149 ut
2259 2096 2552 2151 secundum
2577 2112 2715 2168 opus
2740 2099 2950 2156 Domini
2975 2141 2992 2167 ,
3041 2118 3150 2173 quo
3187 2103 3343 2159 nobis
3381 2105 3401 2136 ³
3434 2121 3625 2160 curam
3659 2122 3742 2161 re~

2169 2183 2672 2244 demtionisnostrm
2693 2188 2954 2259 inspirare
2979 2187 3224 2258 dignatus
3251 2202 3350 2255 est,
3385 2194 3583 2262 ingenii
3611 2212 3755 2265 quoe.

2175 2290 2281 2345 que
2301 2284 2366 2331 et.
2383 2277 2494 2333 oris
2521 2293 2661 2348 opes
2687 2287 2974 2350 suppetere
3000 2282 3167 2337 nobis
3183 2283 3539 2339 arbitrareris.
3582 2288 3738 2357 213

2169 2363 2275 2420 Sed
2302 2366 2500 2422 bonam
2535 2364 3025 2439 concupiscentiam
3052 2386 3245 2440 magna
3275 2373 3376 2430 ﬁde
3415 2376 3603 2432 vacuis
3624 2377 3742 2446 opi-

2170 2454 2418 2511 nionibus
2445 2473 2570 2528 spes
2589 2459 2744 2514 illusa
2771 2460 3000 2532 decepit.
3045 2461 3196 2518 Unde
3217 2465 3359 2519 enim
3380 2465 3511 2520 mihi
3535 2471 3739 2522 tantum

2169 2560 2323 2616 aquae
2351 2588 2367 2614 ,
2411 2557 2668 2617 quantum
2701 2551 2863 2607 sitis?
2908 2552 3049 2608 unde
3079 2554 3184 2609 tale
3213 2555 3233 2586 ³
3261 2556 3508 2624 poculum
3531 2597 3550 2621 ,
3601 2557 3750 2626 quod.

2167 2636 2327 2706 digne
2352 2637 2505 2694 bibas
2531 2640 2555 2693 ἲ
2603 2639 2745 2696 unde
2778 2640 2850 2712 (c)
2881 2643 3013 2696 tanti
3043 2659 3210 2712 panes
3232 2682 3266 2708 ,.
3300 2653 3530 2713 quantos
3558 2653 3744 2716 postuo

2172 2725 2252 2782 las
2283 2725 2348 2781 1?
2395 2726 2500 2784 Sed
2539 2729 2654 2799 ipse
2695 2729 2788 2784 tibi
2817 2739 2974 2786 autor
3018 2731 3223 2800 injuria:
3271 2742 3373 2788 tua:
3408 2735 3515 2790 eris
3540 2735 3741 2789 diutius

2167 2816 2372 2872 esurire
2395 2859 2412 2884 ,
2459 2819 2556 2886 qui
2591 2821 2928 2889 evangelicos
2965 2821 3100 2880 lucis
3126 2831 3182 2878 et
3206 2824 3329 2879 vitae
3356 2824 3506 2879 cibos
3546 2825 3603 2879 in
3633 2825 3750 2879 alia

2167 2904 2522 2975 hujus-seculi
2551 2917 2709 2963 nocte
2737 2908 3072 2978 desiderans,
3111 2913 3432 2967 somnolenti
3459 2921 3514 2968 et
3541 2929 3739 2984 paupe-

2168 2997 2244 3052 ris
2269 2999 2429 3054 amici
2457 3013 2677 3068 egenam
2706 3016 2902 3070 pcnum
2942 3002 3158 3072 pulsas;
3211 3004 3302 3073 qui
3330 3003 3545 3058 ﬁumina
3589 3019 3750 3072 aquic-

2168 3084 2303 3139 viva:
2330 3087 2518 3142 sitiens
2536 3097 2573 3124 ω
2599 3103 2618 3151 ;
2664 3097 2904 3144 arentem
2932 3090 3179 3145 venulam
3208 3090 3423 3160 scalpis,
3464 3100 3520 3146 et
3547 3092 3738 3147 hinnu-

493 3178 879 3248 prophetarum
917 3187 973 3234 et
999 3180 1318 3249 angelorum
1339 3179 1618 3248 Dominus)
1649 3180 1925 3235 adveniret
1945 3222 1964 3246 ,
2012 3183 2137 3246 etC
2170 3191 2285 3231 rem
2312 3176 2380 3231 de
2408 3178 2620 3246 pumice
2662 3180 2874 3236 conaris
2902 3180 3221 3250 exprimere.
3264 3182 3534 3236 Autenim
3565 3182 3755 3237 nullus.

493 3283 711 3324 omnem
733 3270 1097 3326 inﬁrmitatem
1113 3279 1354 3327 nostram
1367 3270 1671 3326 miserando
1698 3273 1999 3342 susciperet
2016 3283 2085 3339 8,,

495 3361 816 3416 assumendo
872 3371 1152 3432 purgaret,
1202 3371 1258 3416 et
1305 3363 1534 3416 animam
1571 3363 1885 3416 esurientem
1905 3363 2068 3432 reple-

495 3461 574 3507 ret
601 3453 748 3507 bonis
771 3494 791 3519 ,
838 3464 888 3508 et
917 3455 1120 3525 juberet
1150 3472 1245 3510 nos
1282 3455 1424 3510 abire
1471 3456 1524 3526 in
1571 3455 1779 3510 danaum
1807 3463 2076 3520 nostram,

496 3543 644 3598 illam
673 3545 758 3616 (ut
781 3561 943 3614 supra
967 3546 1099 3618 dixi)
1126 3563 1230 3601 non
1263 3549 1616 3618 manufaclam
1639 3545 1664 3583 δ
1689 3564 1702 3600 :
1736 3546 1789 3600 in
1817 3560 1924 3615 qua
1962 3562 2079 3602 vox.

496 3633 778 3698 laetitizeet
803 3635 990 3689 salutis
1015 3677 1030 3701 ,
1061 3646 1117 3692 et
1143 3638 1256 3707 ipse
1293 3637 1540 3691 omnibus
1565 3636 1674 3690 suis
1701 3635 1945 3690 Christus
1972 3635 2068 3691 ha-

499 3722 726 3788 bitatio,
757 3732 814 3778 et
847 3739 1068 3794 regnum
1083 3768 1111 3794 ,.
1129 3734 1183 3782 et
1211 3727 1459 3791 rexerit,
1512 3733 1744 3781 testante
1766 3725 2064 3795 Apostolo:

499 3809 636 3878 Quia
661 3828 861 3879 semper
888 3830 1002 3869 cum
1041 3814 1264 3869 Domino
1303 3817 1494 3870 erimus
1529 3814 1540 3852 ί
1578 3833 1590 3868 :
1643 3815 1727 3870 cui
1756 3814 1928 3870 honor
1949 3855 1964 3881 ,
2013 3822 2076 3870 et

497 3902 691 3972 gloria,
723 3912 776 3960 et
805 3911 1042 3976 potestas
1073 3907 1126 3960 in
1153 3907 1336 3962 secula
1363 3909 1430 3960 δ’.

966 4017 1298 4074 ΕΡιδτοιΑ
1321 4023 1338 4041 ⁹
1381 4019 1620 4075 XXXIII-

494 4108 899 4164 SerilntAlet/tio
919 4111 1003 4180 qui
1027 4111 1226 4181 aliquid
1249 4112 1419 4181 operis
1441 4128 1472 4164 α
1496 4110 1720 4166 Paulino
1739 4122 2072 4181 poposcerat,

561 4191 612 4251 et
639 4181 764 4235 dicit
785 4196 840 4234 se
861 4182 1037 4251 minus
1052 4181 1298 4251 idoneum
1325 4182 1410 4251 qui
1440 4181 1549 4251 ejus
1577 4182 1769 4234 satiare
1799 4183 1964 4236 valeat
1982 4183 2084 4237 ἀρ·-

561 4250 825 4320 siderium.
840 4247 906 4320 ἐξ
922 4249 1150 4303 Alethius
1171 4247 1421 4320 posteain
1441 4247 1734 4320 episcopatu
1752 4251 2063 4306 Cadurcensi

564 4319 806 4372 successit
833 4317 1099 4372 Florentio
1122 4317 1292 4389 fratri;
1320 4317 1479 4389 (Vide
1501 4317 1720 4373 Dissert.
1743 4321 1794 4384 '5,
1819 4337 1956 4374 num.
1981 4321 2062 4392 ‘2.)

571 4417 738 4471 Beato
769 4423 825 4470 et
853 4398 1044 4470 merito
1073 4417 1366 4472 venerabili
1398 4419 1412 4449 ι
1445 4433 1507 4473 ac
1535 4417 1880 4474 dilectissimo
1911 4419 2060 4476 fratri

495 4516 739 4560 Aenum
770 4506 865 4577 (V.
899 4515 1010 4561 not.
1045 4506 1165 4572 176,
1201 4506 1510 4576 PAULINCS).

2171 3267 2304 3322 mihi
2349 3267 2417 3322 de
2459 3268 2786 3338 inspirantia:
2817 3268 3015 3340 (Latin.
3059 3279 3109 3324 et
3152 3271 3402 3325 Suec/ain.
3429 3272 3563 3343 forte
3607 3272 3737 3325 insi-

2167 3357 2405 3428 pientixe)
2437 3359 2677 3414 siccitate
2699 3400 2732 3424 ν
2756 3368 2846 3414 aut
2873 3375 3088 3415 amarus
3115 3359 3183 3415 de
3209 3361 3427 3415 malitia:
3454 3359 3574 3415 fons
3600 3361 3739 3415 intus

2171 3455 2291 3512 est;
2343 3463 2502 3518 quem
2541 3449 2746 3503 utinam
2790 3449 3066 3504 orationes
3095 3456 3156 3504 et
3193 3449 3384 3503 littera:
3415 3457 3519 3503 tua:
3544 3450 3743 3518 smpius

2168 3538 2423 3608 impensae
2443 3539 2570 3593 mihi
2593 3539 2671 3610 (ά)
2697 3539 2965 3594 cxundare
2985 3554 3048 3594 ac
3071 3539 3375 3595 duleescere
3400 3538 3600 3594 faciant
3622 3539 3754 3594 ﬁdei;

2171 3637 2277 3683 tua:
2301 3629 2446 3696 ligno
2468 3669 2483 3694 ,
2537 3636 2592 3682 et
2620 3628 2818 3698 eloquii
2846 3629 3112 3684 suavitate
3137 3637 3163 3666 η
3193 3647 3208 3696 ;
3259 3637 3318 3683 ut
3345 3637 3400 3684 et
3425 3629 3591 3685 verbo
3618 3628 3747 3688 Dei..

2169 3720 2312 3790 quod
2329 3719 2504 3774 bonus
2530 3719 2773 3774 minister
2795 3720 2884 3789 pio
2905 3735 3000 3775 ore
3023 3720 3402 3790 depromseris,
3421 3720 3572 3788 quasi
3594 3721 3755 3788 virga.

2170 3809 2444 3880 propheta:
2470 3823 2722 3879 percusso
2749 3807 2818 3878 (ε)
2849 3808 3026 3865 cordis
3045 3817 3092 3862 ο.
3126 3807 3340 3879 (Cetera
3358 3808 3599 3879 desunt.)

2679 3900 2721 3923 “
2759 3897 2973 3953 XXXIV
3011 3897 3240 3953 SERMO

2423 4045 2426 4048 .
2482 4006 2549 4045 ne
2569 4006 2956 4046 cazornvucro
2980 3991 2995 4022 ¹
3017 3991 3035 4058 (
3049 3989 3111 4044 V.
3137 3998 3247 4045 not.
3274 3990 3420 4060 177).

2167 4079 2728 4150 Eioquenler,.erudite
2753 4097 2813 4134 ac
2864 4080 3359 4204 piedibeneﬁeentiam
3401 4081 3740 4152 iri-pauperes

2815 4168 2924 4204 ora:
2983 4168 3040 4203 ca
3067 4190 3081 4203 .

2815 4168 3081 4220 prwmcat.

2238 4239 2290 4295 l.
2328 4238 2444 4295 Non
2474 4239 2688 4306 frustra,
2721 4240 3050 4296 dilectissimi
3077 4240 3208 4305 mei,
3220 4240 3478 4309 iumentis
3497 4255 3734 4311 prtesepe

2164 4330 2403 4400 ponitur,
2456 4345 2631 4398 neque
2678 4337 2880 4383 tantum
2928 4328 2996 4383 ad
3031 4329 3265 4398 speciem
3307 4328 3522 4384 videndi
3558 4329 3729 4397 jacet;

2164 4433 2348 4474 mensa
2369 4419 2565 4473 etenim
2594 4419 2834 4487 quaedam
2859 4426 2958 4484 est,
2982 4419 3273 4489 quamlibet
3292 4418 3731 4474 irrationabilium

2092 4545 2145 4605 Β
2169 4508 2542 4574 animantium,
2569 4515 2744 4562 tamen
2775 4509 2841 4563 ab
2869 4509 3142 4562 hominum
3171 4509 3380 4563 ratione
3409 4509 3729 4578 composita,

567 4594 622 4648 l.
657 4594 770 4648 Deo
797 4595 994 4662 gratias
1017 4635 1031 4659 ,
1081 4596 1172 4664 qui
1207 4595 1426 4650 odorem
1457 4595 1639 4663 gratia:
1669 4596 1720 4649 in
1753 4605 1803 4650 te
1831 4612 1940 4651 sua:
1967 4615 2063 4667 per
2093 4594 2139 4605 ”
2166 4609 2225 4655 nt
2279 4614 2376 4669 per
2419 4612 2536 4652 eam
2566 4596 2926 4666 quadrupedia
2962 4597 3141 4652 cibum
3185 4597 3416 4667 capiant.
3445 4597 3598 4664 Quod
3627 4598 3670 4652 si
3698 4598 3730 4650 ii

493 4685 708 4755 eloquia
737 4687 757 4717 '
784 4686 1083 4740 litterarum
1115 4694 1322 4740 tuarum
1354 4684 1713 4740 manifestavit
1740 4687 1869 4742 mihi
1891 4688 1905 4737 i
1922 4728 1935 4741 .
1960 4688 2064 4744 Per

493 4775 711 4829 fratrem
749 4775 892 4830 enim
920 4775 1254 4830 carissimum
1303 4776 1356 4829 in
1399 4775 1511 4829 Deo
1544 4775 1814 4833 Victorem
1857 4793 2062 4846 meum,

492 4865 597 4920 hoc
621 4880 844 4920 munere
872 4866 1187 4920 militantem
1219 4866 1330 4920 Deo
1348 4908 1370 4932 ,
1390 4873 1449 4919 ut
1475 4865 1721 4920 fraternae
1748 4867 1944 4922 serviat
1971 4885 2061 4925 ca-

491 4956 662 5024 ritati,
695 4970 858 5026 seque
884 4956 1038 5011 nobis
1064 4972 1163 5026 per
1189 4956 1476 5024 longinqua
1501 4963 1762 5010 terrarum
1785 4957 2060 5013 intervalla

2161 4690 2251 4760 qui
2271 4687 2528 4760 prmsepi'a
2556 4683 2819 4741 mdiﬁ'care
2862 4688 3168 4742 curaverint
3191 4687 3460 4756 negligant
3482 4687 3732 4759 pabulum

2163 4778 2380 4844 inferre,
2413 4776 2489 4848 (f)
2520 4776 2810 4846 proclivius
2861 4776 3042 4830 tabida
3085 4777 3229 4847 inopi
3260 4778 3469 4834 stabulo
3493 4777 3732 4847 jumenta

2160 4866 2425 4930 deﬁcient,
2457 4874 2513 4920 et
2533 4881 2638 4920 non
2662 4866 2933 4935 pascentia
2958 4865 3122 4921 fames
3141 4867 3444 4937 depascitur
3464 4869 3732 4922 animalia.

2156 4959 2234 5013 At
2283 4958 2355 5013 illi
2386 4956 2603 5024 dignum
2632 4955 2953 5024 negligentia
2998 4956 3086 5010 vel
3131 4956 3351 5010 avaritia
3394 4957 3647 5011 damnum
3670 4957 3736 5010 de

567 5069 774 5148 “Prov.
809 5087 920 5148 xiv,
949 5069 1178 5148 4,_jnxta
1210 5070 1364 5148 LXX.
1425 5069 1457 5148 ις
1485 5070 1678 5148 Matth.
1703 5071 1907 5148 ιιι,βὸ
1932 5072 2116 5148 ;_Li_ic.
2146 5090 2259 5139 xix,
2282 5074 2377 5148 4βᾷ
2431 5081 2452 5110 ο
2480 5070 2501 5124 I
2528 5070 2652 5148 Cor.
2685 5088 2737 5148 v,
2771 5071 2848 5148 7.__
2898 5069 3128 5148 “Johan:
3154 5071 3278 5148 1,2.
3338 5083 3361 5109 ε
3388 5072 3536 5148 Psal1
3568 5091 3656 5148 cn,
3681 5075 3735 5148 ξε

496 5138 734 5195 'Johan.
759 5148 812 5204 υ,
837 5141 888 5195 8.
965 5151 990 5187 κ
1017 5141 1138 5194 lsai.
1180 5157 1287 5203 un,
1316 5141 1367 5193 4.
1447 5138 1471 5178 ¹ι
1497 5140 1540 5194 ll
1565 5141 1689 5194 Cor.
1720 5158 1771 5207 v,
1817 5142 1838 5193 l
1871 5159 1885 5206 ;
1938 5143 2076 5196 Psal.
2119 5138 2406 5206 cxvii,15,
2447 5156 2555 5195 sec.
2598 5139 2764 5194 Psalt.
2812 5140 2966 5194 Rom.
3048 5138 3063 5178 ί
3098 5141 3118 5193 l
3154 5141 3337 5196 Thess.
3370 5159 3439 5206 iv,
3474 5142 3560 5197 l6.
3641 5145 3653 5194 i
3696 5144 3736 5197 ll

490 5209 614 5265 Cor.
649 5226 718 5276 ιι,
753 5210 839 5266 Μ.
919 5211 940 5248 ⁵
971 5210 1157 5264 Matth.
1186 5227 1278 5275 ιιι,
1308 5209 1396 5263 55.
1477 5209 1489 5247 ¹
1525 5210 1651 5265 Luc.
1684 5219 1764 5275 si,“
1780 5210 1832 5266 5.
1911 5222 1948 5249 ω
1978 5211 2070 5267 Joh

2166 5228 2288 5277 .vn,
2317 5210 2405 5264 58.
2481 5219 2506 5246 υ
2537 5209 2705 5264 Exod.
2738 5225 2825 5275 xv,
2858 5209 2948 5264 25.
3023 5217 3048 5246 °
3077 5209 3248 5266 Exod.
3284 5228 3408 5275 xvn,
3433 5212 3486 5265 6.

563 5307 580 5324 '
617 5302 824 5373 Scripta
852 5303 1059 5358 videtur
1084 5319 1224 5357 anno
1252 5303 1377 5357 405.

559 5375 599 5393 ’⁸
639 5374 784 5428 Alias
808 5373 1029 5444 Epistol.
1063 5373 1148 5426 δι.
1176 5373 1332 5427 Forte
1362 5389 1506 5429 anno
1531 5373 1654 5440 405,
1684 5383 1741 5428 et
1759 5375 1949 5431 missus
1976 5391 2095 5430 cum
2124 5376 2400 5444 superiore
2428 5374 2677 5445 epistola.

560 5464 636 5521 (ai
678 5464 772 5519 Ms.
805 5464 962 5532 Κεὶς..
987 5480 1101 5535 qua?
1127 5464 1170 5516 si
1194 5464 1391 5516 audiat.

565 5531 635 5590 (ὁὶ
676 5535 751 5588 Ita
791 5549 892 5588 ms.
922 5535 1076 5589 Vien.
1109 5543 1164 5586 et
1195 5534 1322 5586 edit.
1371 5533 1626 5594 Cliiﬂlet.,
1668 5533 1878 5585 favente
1925 5530 2054 5586 edit.

490 5601 675 5653 Sciunt.
703 5603 799 5656 Alii
831 5602 1062 5668 codices,
1093 5607 1377 5663 conferant.

563 5674 632 5732 (ιτ)
670 5671 760 5725 Sic
812 5688 907 5725 ms.
955 5673 1126 5727 codex
1183 5673 1336 5726 \‘ien.
1387 5685 1507 5724 cum
1562 5669 1690 5723 edit.
1725 5667 1897 5722 Chiffl.
1931 5668 2053 5733 Alii,

494 5748 513 5784 ⁸
549 5756 753 5872 ’ἱάῗδῖιιι
782 5809 1177 5864 emendat-imus
1205 5826 1268 5864 ex
1299 5825 1397 5865 ms.
1431 5807 1582 5863 Vien.
1616 5817 1669 5862 et
1697 5807 1850 5862 editis
1878 5807 2054 5862 Chifll.

926 5505 962 5526 .,
987 5480 1101 5535 qua?
1127 5464 1170 5516 si
1194 5464 1391 5535 audiat.

2161 5471 2216 5516 et
2257 5463 2441 5519 Schot.
2475 5462 2570 5516 Ms.
2600 5461 2732 5530 Reg.
2765 5477 2887 5517 cum
2942 5462 3112 5516 tribus
3159 5462 3338 5523 editis,
3387 5461 3738 5528 exundarent,

2162 5531 2468 5587 dul-cescere.
2495 5532 2683 5595 Bosv.,
2711 5532 3034 5585 exundanter
3054 5532 3356 5586 dulcescere.

2235 5602 2304 5672 (ε)
2345 5602 2422 5654 lta
2475 5615 2662 5672 omnes
2713 5600 2924 5655 Codices
2951 5610 3147 5672 prmter
3174 5601 3347 5656 Vatic.
3379 5609 3433 5655 et
3462 5599 3652 5664 Rosv.,
3685 5601 3737 5654 in

2161 5671 2544 5748 quibusheorde.
2653 5739 2666 5748 _
2957 5671 2963 5672 ί
3133 5740 3165 5748 __
3262 5739 3322 5748 ,η
3534 5739 3547 5748 ,
3652 5738 3685 5748 ,,

2234 5740 2309 5804 (Γ)
2349 5739 2436 5794 Sic
2455 5739 2788 5802 reposuimus
2816 5755 2883 5795 ex
2915 5756 3013 5794 ms.
3047 5740 3233 5795 codice
3262 5739 3568 5805 Viennensi,
3601 5738 3734 5793 edit.

2162 5809 2391 5866 Chilich
2425 5819 2478 5864 et
2504 5808 2678 5864 Latin.
2705 5810 2840 5865 Ante
2869 5819 2980 5866 erat
3005 5810 3238 5878 proclivi.
