4078 6352
189 348 303 406 δεδι

1523 342 1845 402 EPISTOLA
1885 341 2126 403 XXXIV.

3337 351 3444 408 816

192 467 303 515 toto
331 462 630 527 capessent,
651 453 842 524 quibus
864 452 1116 523 praesepis
1138 452 1354 523 parandi
1378 461 1584 508 tantum
1610 455 1764 508 labor
1790 457 1842 518 Α
1869 465 2117 524 petuam:
2169 458 2213 514 si
2253 457 2612 512 reminiscaris
2661 458 2710 512 in
2741 457 3029 528 Evangelio
3060 458 3083 497 ιι
3117 462 3236 517 illos
3261 479 3447 520 susce-

192 545 366 610 fuerit,
399 553 456 599 et
484 542 729 612 replendi
782 558 908 598 cura
938 541 1168 596 defuerit
1201 559 1213 594 :
1246 541 1450 610 pariter
1476 542 1618 596 enim
1648 555 1769 594 cum

194 634 509 690 animalibus
533 633 758 688 mortuis
806 641 860 686 et
887 647 1037 686 usum
1067 633 1322 702 praesepis
1351 633 1632 697 amittent;
1665 632 1771 685 dno

194 725 371 793 gravia
401 723 591 777 damna
617 722 760 790 juste
787 720 1040 788 ferentes,
1070 722 1161 790 qui
1192 738 1355 775 unum
1413 721 1772 775 necessarium

195 814 348 868 utilis-
382 812 638 882 impendii
667 819 902 866 sumtum
929 813 1268 881 pepercerint
1305 812 1626 865 ministrare.
1659 810 1773 864 lloc

195 904 353 971 igitur
389 903 661 971 exemplo,
712 900 1076 962 dilectissimi,
1115 916 1320 956 cavere
1373 900 1652 966 debemus,
1709 915 1774 953 ne

196 993 450 1048 damnum
479 992 668 1046 animae
696 999 756 1046 et
777 991 1123 1060 dispendium
1139 991 1324 1046 salutis
1353 991 1629 1057 adeamus,
1677 1004 1775 1042 ne-

195 1082 452 1150 gligentes
480 1080 534 1133 in
558 1078 796 1134 Ecclesia
824 1080 1051 1148 positam
1074 1095 1104 1132 a
1131 1079 1356 1133 Domino
1404 1094 1642 1132 mensam
1691 1076 1775 1130 in-

194 1171 520 1238 digentibus,
546 1184 706 1240 quam
731 1169 1148 1238 despicientibus
1176 1169 1346 1225 oculis
1374 1169 1660 1232 intuemur,
1685 1175 1780 1221 aut

196 1263 358 1316 aridis
387 1262 633 1316 manibus
660 1261 1014 1330 praeterimus.
1044 1261 1215 1323 Absit,
1244 1275 1454 1328 quaeso,
1489 1259 1556 1312 ab
1587 1259 1779 1313 animis

193 1352 388 1407 vestris
416 1351 524 1406 tale
546 1352 871 1418 contagium.
895 1349 1074 1405 Facile
1097 1351 1239 1404 enim
1263 1350 1428 1420 serpit
1450 1365 1642 1404 cancer
1662 1364 1782 1403 ava-

193 1443 327 1497 ritia:
358 1443 413 1496 in
434 1442 730 1512 praecordia
760 1442 921 1496 nullis
949 1429 1329 1496 miseriCordim
1376 1442 1578 1495 munita
1607 1442 1780 1495 visce-

193 1533 358 1598 ribus,
389 1539 710 1601 captamque
737 1531 970 1602 vipereis
999 1530 1180 1598 alligat
1203 1531 1427 1586 vinculis
1455 1531 1710 1597 animam,
1732 1530 1779 1585 si

193 1624 259 1677 ab
313 1623 571 1692 operibus
616 1622 771 1676 bonis
819 1621 1042 1686 nudam,
1089 1629 1145 1675 et
1185 1622 1408 1676 materia
1431 1622 1773 1692 captivitatis,

192 1712 354 1786 ειη
380 1714 488 1768 hoc
513 1723 617 1782 est,
649 1712 985 1768 infructuosis
1012 1715 1204 1784 opibus
1255 1714 1612 1769 abundantem
1662 1731 1777 1770 ser-

1873 556 2056 618 ptores
2085 548 2292 603 Domini
2324 550 2646 604 talentorum
2673 554 2716 616 ’,
2746 560 2800 605 et
2825 554 2950 620 quid
2980 554 3170 624 cuique
3218 558 3448 625 paterfa-

1875 640 2047 694 milias
2091 655 2337 693 reversus
2384 640 2714 707 retribucrit,
2762 642 2898 696 scies
2928 653 3128 710 quanto
3172 646 3240 699 sit
3269 647 3450 701 utilius

1873 743 2076 798 ponere
2117 727 2186 780 ad
2239 744 2476 782 mensam
2533 728 2744 784 Domini
2800 733 3254 802 multiplicandam
3285 751 3448 804 pecu-

1874 817 2046 883 niam;
2078 833 2238 886 quam
2287 819 2452 873 sterili
2504 819 2604 874 tide
2635 821 2706 890 (ε)
2760 821 2906 875 nullo
2935 822 3107 876 reditu
3147 825 3449 893 creditoris,

1875 924 2068 978 magno
2092 909 2290 962 inutilis
2312 909 2449 962 servi
2473 909 2782 978 dispendio,
2803 911 2855 965 in
2878 913 2990 965 sola
3017 929 3292 981 pmnarum
3316 915 3455 969 illius

1876 998 2204 1052 incrementa
2234 1015 2353 1053 esse
2381 1008 2670 1053 servatam.

1948 1086 2002 1142 '5.
2045 1088 2257 1143 Festina
2301 1089 2458 1155 igitur
2483 1089 2624 1142 illam
2654 1091 2830 1158 potius
2855 1107 3040 1146 vocem
3070 1093 3262 1146 mereri
3285 1101 3340 1146 ut
3361 1109 3455 1146 au-

1877 1179 1993 1234 dias
2018 1197 2030 1231 :
2054 1178 2360 1249 Euge,bone
2379 1195 2538 1244 serve,
2563 1181 2700 1232 intra
2727 1181 2780 1232 in
2803 1182 3043 1251 gaudium
3075 1183 3286 1236 Domini
3315 1186 3388 1236 tui
3409 1183 3450 1250 i;

1877 1283 2037 1336 quam
2061 1268 2404 1335 illam,Serve
2419 1285 2636 1338 nequam
2658 1271 2814 1342 215
2843 1279 2897 1325 et
2917 1272 3084 1340 piger,
3107 1272 3169 1325 de
3191 1289 3277 1325 ore
3299 1281 3384 1327 tuo
3408 1283 3458 1328 te

1870 1357 2050 1426 judico
2083 1356 2126 1422 Ι,
2173 1366 2229 1411 et
2275 1358 2479 1426 reliqua
2505 1375 2622 1428 qua:
2651 1370 2776 1414 nota
2804 1370 2961 1425 sunt;
3013 1361 3174 1417 misso
3201 1362 3372 1417 inutili
3402 1364 3456 1418 in

1879 1447 2128 1501 tenebras
2158 1447 2479 1512 exteriores,
2508 1463 2571 1502 ac
2600 1448 2802 1504 talento
2831 1449 2947 1518 ejus
2977 1450 3049 1504 illi
3076 1451 3164 1519 qui
3196 1451 3455 1520 multipli-

1878 1537 2013 1590 catis
2041 1536 2258 1592 creditis
2277 1536 2601 1601 abundabat,
2626 1537 2867 1606 adjecto:
2895 1537 3052 1592 Omni
3079 1542 3232 1604 enim,
3265 1541 3456 1609 inquit,

1877 1627 2085 1679 habenti
2113 1627 2342 1692 dabitur,
2375 1645 2477 1680 non
2507 1627 2716 1680 habenti
2771 1645 2887 1682 vero
2939 1639 2988 1682 et
3041 1629 3097 1682 id
3133 1631 3266 1700 quod
3311 1629 3463 1683 habet

1878 1717 2139 1786 auferetur
2170 1714 2216 1768 ι.
2252 1715 2678 1772 Reminiscamur
2704 1725 2758 1772 et
2787 1718 2926 1771 illius
2947 1718 3139 1781 vidua',
3183 1733 3301 1786 qua:
3325 1734 3461 1787 pau-

191 1819 324 1875 pens
354 1805 604 1859 inimicus
630 1804 910 1858 invenerit.
937 1804 1052 1858 Non
1084 1805 1350 1873 patiamur
1375 1820 1509 1874 ergo
1534 1822 1773 1861 mensam
1807 1791 1854 1851 Β
1881 1821 2068 1875 perum
2093 1820 2218 1858 cura
2249 1807 2331 1858 sui
2354 1807 2648 1874 negligens,
2680 1816 2849 1861 totam
2880 1809 3052 1862 victus
3085 1808 3165 1861 sui
3212 1809 3467 1862 substan-

191 1892 428 1961 Domini,
459 1903 514 1948 et
544 1895 697 1949 nobis
724 1911 971 1958 vacuam,
1001 1903 1055 1948 et
1083 1896 1362 1964 egentibus
1381 1896 1591 1950 inanem
1614 1897 1778 1952 relin-

191 1985 312 2055 qui;
350 1993 410 2040 et
436 1985 569 2049 visui
619 1992 824 2040 tantum
882 1994 1044 2051 stare,
1103 2002 1208 2040 non
1236 1987 1385 2051 usui;
1419 2003 1485 2042 ne
1507 1987 1574 2042 de
1605 1990 1776 2059 negli-

190 2079 373 2147 gentia
402 2086 583 2132 nostra
605 2078 964 2132 esurientibus
986 2079 1471 2146 exprcssigemitus
1500 2081 1551 2134 in
1574 2097 1672 2135 nos
1693 2097 1778 2136 re-

189 2173 569 2236 torqueantur.
623 2164 722 2230 Qui
753 2167 895 2222 enim
944 2168 1142 2236 spernit
1180 2185 1455 2240 pauperem
1482 2171 1776 2236 exacerbat,

190 2265 249 2310 ut
275 2258 540 2326 scriptum
567 2266 668 2320 est,
700 2275 813 2311 eum
841 2258 929 2329 qui
957 2259 1078 2328 fecit
1101 2259 1247 2312 illum
1277 2268 1324 2322 η,
1358 2259 1459 2315 hoc
1489 2269 1594 2327 est,
1627 2277 1778 2316 com-

187 2363 414 2403 munem
437 2350 674 2404 omnium
695 2349 1007 2404 Creatorem
1035 2367 1048 2404 :
1073 2351 1164 2419 qui
1185 2351 1319 2406 sicut
1352 2351 1642 2408 refectione
1664 2353 1781 2409 ino-

186 2451 318 2508 pum
350 2437 565 2508 gaudet,
591 2440 664 2492 ita
693 2439 994 2494 delectione
1022 2440 1280 2494 tristatur.

259 2525 317 2579 2.
362 2523 672 2582 Exeitemus
693 2542 822 2596 ergo
845 2543 942 2583 nos
963 2528 1030 2583 ab
1052 2529 1254 2583 inertia:
1282 2546 1493 2595 somno,
1521 2539 1593 2595 et,
1618 2531 1702 2585 vel
1725 2539 1782 2585 ut

185 2617 535 2686 negligentia:
565 2625 840 2687 torporem
867 2617 1236 2683 discutiamus,
1283 2620 1368 2673 vel
1396 2621 1632 2673 avaritia:
1663 2620 1780 2674 vin-

183 2709 270 2764 cla
323 2711 346 2741 ³
399 2725 729 2779 rumpamus,
788 2711 1135 2779 inspiciamus
1186 2711 1476 2780 diligenter
1519 2711 1570 2764 in
1602 2711 1784 2765 omnia

181 2801 382 2865 verba,
403 2808 693 2870 praecepta,
718 2801 1006 2868 promissa,
1027 2816 1211 2869 opera,
1244 2800 1464 2856 consilia
1491 2799 1786 2854 Salvatoris

176 2890 370 2944 nostri
400 2889 528 2954 Dei;
553 2897 972 2958 rcputemusque
993 2890 1291 2954 nobiscum,
1323 2905 1420 2944 cur
1448 2890 1561 2943 luec
1580 2904 1783 2956 mensa,

175 2989 244 3036 et
294 2996 409 3050 quo
455 2987 645 3034 autore
685 2980 961 3049 proposita
986 2981 1054 3034 sit
1083 2981 1138 3034 in
1165 2982 1315 3035 atriis
1334 2980 1523 3036 domus
1552 2980 1786 3048 Domini,

174 3068 237 3123 in
274 3076 577 3136 conspectu
607 3067 783 3122 omnis
832 3068 1012 3137 populi
1056 3067 1203 3136 ejus;
1232 3069 1479 3138 quodque
1506 3069 1736 3123 maxime
1765 3068 1786 3100 ³

178 3157 644 3216 considerandum
687 3165 796 3222 est,
822 3159 907 3212 cui
956 3159 1126 3224 bono,
1159 3174 1264 3228 qua
1305 3161 1471 3226 gratia
1492 3199 1506 3222 ,
1539 3161 1592 3214 in
1621 3176 1780 3230 quem

180 3249 428 3306 fructum
455 3249 629 3304 locata
665 3250 744 3322 (a)
775 3251 1058 3319 praeniteat
1085 3261 1140 3305 et
1165 3259 1363 3320 pateat.
1397 3251 1626 3307 Consule
1666 3253 1780 3322 ipsa

182 3338 439 3395 veritatis
467 3339 706 3401 oracula,
742 3345 797 3393 et
824 3339 1169 3408 respondebit
1197 3340 1290 3394 tibi
1322 3342 1579 3410 propheta
1614 3360 1627 3396 :
1679 3341 1779 3406 Qui

184 3430 466 3484 miseretur
509 3429 742 3498 pauperi,
798 3428 958 3482 Deum
987 3432 1186 3500 fenerat
1215 3429 1235 3460 ⁵
1267 3429 1314 3483 δ.
1344 3430 1590 3486 (Σωῐρδιὶε
1619 3432 1779 3502 igitur

187 3519 469 3590 trapezita
487 3521 506 3550 ⁸
521 3521 632 3575 haec
653 3535 836 3575 mensa
861 3532 962 3583 est,
978 3521 1286 3576 thesaurum
1308 3522 1430 3577 vita:
1443 3533 1657 3580 struens
1669 3525 1709 3590 ⁸,
1725 3532 1779 3580 et

187 3609 255 3664 ad
276 3611 627 3678 margaritam
651 3611 1025 3677 negotiandum
1043 3613 1134 3667 Dei
1152 3612 1307 3668 fenus
1333 3628 1615 3669 exercens.
1635 3626 1655 3653 ε
1674 3615 1781 3682 Qui

190 3702 332 3756 enim
347 3701 558 3756 fenerat
571 3699 589 3771 (
602 3700 665 3755 V.
684 3709 795 3755 not.
807 3700 892 3772 70)
910 3718 1174 3772 pauperes
1189 3704 1419 3770 Domini,
1438 3706 1779 3775 prmstolatur

190 3790 474 3846 aDomino
503 3793 524 3824 "
564 3791 970 3846 retributionem
1022 3793 1284 3848 mercedis
1307 3803 1542 3849 :cternce.
1572 3795 1678 3850 Sed
1725 3806 1780 3852 et

193 3881 384 3936 beatus
415 3881 688 3950 apostolus
717 3880 912 3936 Paulus
940 3898 1039 3937 nos
1061 3882 1282 3948 docens,
1335 3884 1474 3938 inter
1515 3886 1776 3941 sollicitu-

194 3973 342 4027 dines
371 3973 612 4027 omnium
641 3971 1001 4028 Ecclesiarum
1031 3991 1136 4028 non
1167 3975 1438 4029 minimam
1467 3978 1567 4032 sibi
1596 3993 1778 4032 curam

196 4076 490 4131 pauperum
517 4077 634 4117 esse
663 4071 922 4128 testatur;
945 4063 1018 4116 ait
1039 4063 1206 4126 enim,
1235 4063 1454 4117 Tantum
1480 4074 1537 4118 ut
1587 4083 1780 4135 paupe-

195 4166 304 4204 rum
329 4167 585 4206 memores
607 4153 789 4217 simus,
809 4152 946 4220 quod
973 4151 1147 4205 studui
1177 4151 1251 4222 (ὸ)
1281 4155 1452 4222 facere
1475 4155 1698 4224 idipsum
1728 4154 1775 4209 ἀ.

197 4233 336 4295 Idem
359 4240 492 4294 alibi
517 4241 712 4295 clamat
743 4258 754 4294 :
791 4239 943 4294 Nihil
967 4241 1232 4294 intulimus
1255 4242 1306 4292 in
1335 4241 1467 4293 hunc
1513 4242 1780 4308 mundum,

198 4347 369 4384 rerum
389 4348 484 4384 nec
513 4333 714 4402 auferre
736 4349 1010 4402 possumus
1038 4342 1058 4368 ε
1083 4347 1096 4395 ;
1145 4338 1198 4384 et
1221 4331 1411 4385 iterum
1440 4349 1452 4383 :
1489 4330 1626 4395 Quid
1646 4336 1783 4390 enim

201 4421 349 4476 habes
379 4421 517 4492 quod
545 4437 647 4475 non
673 4421 928 4498 acceperis
963 4418 1020 4473 '?
1049 4419 1223 4488 Atque
1263 4419 1402 4476 ideo.
1426 4419 1776 4488 dilectissimi,

1882 1897 2031 1962 tiam,
2059 1896 2219 1951 futuri
2251 1906 2451 1952 tantum
2477 1914 2706 1966 memor,
2733 1897 2916 1953 Judice
2939 1900 3054 1968 ipso
3087 1907 3243 1963 teste,
3270 1915 3464 1952 vacua-

1881 1987 1957 2040 vit
1982 2005 1994 2039 :
2047 1986 2150 2040 Alii
2191 1987 2355 2053 enim,
2381 1989 2570 2057 inquit,
2599 1988 2666 2042 de
2693 1987 3022 2041 abundantia
3052 2003 3146 2041 sua
3175 1996 3462 2056 superante

1883 2077 1936 2109 “‘
1956 2077 2326 2141 contulerunt;
2360 2078 2448 2132 illa
2468 2094 2598 2132 vero
2628 2077 2808 2132 multis
2838 2077 3057 2131 forsitan
3081 2086 3136 2131 et
3168 2092 3462 2146 pauperum

1881 2169 2145 2237 egentior,
2176 2169 2262 2222 cui
2286 2168 2391 2221 duo
2413 2168 2615 2221 minuta
2646 2167 2823 2221 omnis
2848 2182 3043 2221 census
3071 2174 3224 2220 erant
3275 2164 3317 2230 ι,
3366 2167 3463 2220 sed

1882 2261 2062 2316 animo
2107 2259 2312 2314 cunctis
2355 2259 2610 2313 divitibus
2663 2258 2997 2327 opulentior;
3027 2258 3169 2311 solas
3198 2256 3465 2312 mercedis

1879 2360 2093 2409 aeterna:
2118 2367 2249 2420 opes
2273 2359 2541 2420 spectans,
2563 2349 2796 2404 cmlestis
2823 2364 2982 2402 avara
3006 2348 3239 2404 thesauri
3262 2347 3464 2416 pariter

1882 2443 1984 2498 sibi
2015 2449 2187 2496 totum
2213 2442 2328 2509 ejus
2355 2440 2666 2495 substantim
2694 2453 2813 2507 qua:
2839 2437 2905 2492 de
2938 2438 3100 2492 terra
3138 2439 3366 2492 sumitur
3409 2445 3465 2491 et

1884 2536 1937 2590 in
1966 2541 2164 2588 terram
2193 2532 2502 2596 revertitur,
2533 2531 2818 2584 abdicavit.
2852 2529 2992 2581 Misit
3012 2528 3156 2596 quod
3212 2529 3463 2590 habebat,

1885 2633 1945 2678 ut
1973 2623 2118 2692 quod
2167 2638 2274 2676 non
2302 2621 2508 2675 viderat
2535 2619 2853 2688 possideret.
2904 2617 3046 2670 Misit
3075 2617 3464 2684 corruptibilia,

1885 2725 1947 2772 ut
1971 2714 2293 2770 immortalia
2324 2717 2681 2780 compararet.
2716 2708 2831 2761 Non
2859 2707 3106 2776 despexit
3134 2707 3220 2758 illa
3247 2721 3468 2774 pauper-

1888 2806 2007 2862 cula
2030 2803 2342 2874 dispositam
2366 2816 2395 2854 a
2425 2799 2537 2854 Deo
2565 2797 2971 2865 ordinatamqne
3010 2796 3273 2849 rationem
3295 2795 3361 2848 de
3382 2809 3468 2848 re-

1888 2895 2138 2962 ceptione
2183 2889 2426 2952 venturi;
2477 2895 2533 2942 et
2560 2894 2844 2956 propterea
2890 2899 2996 2938 non
3039 2883 3136 2938 fuit
3187 2885 3467 2938 immemor

1889 2980 2005 3050 ejus
2052 2980 2166 3046 ipse
2194 2977 2504 3047 dispositor,
2531 2974 2750 3043 jamque
2790 2973 3109 3026 sententiam
3157 2986 3306 3025 suam
3351 2971 3466 3039 ipse

1890 3069 2072 3125 mundi
2102 3069 2300 3123 arbiter
2322 3066 2398 3136 (ιι)
2429 3062 2774 3134 prarcucurrit
2792 3079 2804 3127 ;
2824 3069 2878 3114 et
2906 3071 3062 3129 quam
3090 3059 3359 3128 injudicio
3379 3074 3467 3113 co-

1811 3135 1858 3198 C
1888 3170 2174 3218 ronaturus
2198 3166 2299 3224 est,
2333 3135 2384 3211 in
2407 3154 2698 3223 Evangelio
2727 3153 3052 3223 pnedicavit.

1954 3254 2006 3308 4.
2049 3253 2374 3308 Feneremus
2415 3249 2433 3320 (
2458 3247 2520 3302 V.
2554 3254 2668 3301 not.
2713 3245 2813 3316 70)
2863 3246 3023 3314 igitur
3069 3243 3355 3298 Dominum
3396 3242 3466 3297 de

1885 3345 1956 3414 (ε)
1978 3344 2132 3400 donis
2162 3341 2368 3396 Domini
2395 3358 2406 3393 :
2443 3339 2573 3393 nihil
2594 3337 2734 3393 enim
2760 3338 2875 3391 sine
2904 3337 3020 3405 ejus
3047 3352 3269 3390 munere
3292 3335 3466 3404 possi-

1881 3434 2086 3498 demus,
2117 3432 2233 3485 sine
2262 3429 2412 3498 cujus
2442 3435 2571 3482 nutu
2602 3442 2702 3481 nec
2725 3426 2822 3495 ipsi
2852 3423 3136 3479 sumus.Et
3161 3440 3257 3478 nos
3278 3423 3467 3492 pra-ci-

1880 3539 2004 3594 pue,
2036 3520 2163 3591 quid
2195 3528 2435 3574 nostrum
2458 3525 2724 3587 putemus,
2775 3516 2862 3584 qui
2895 3514 3084 3582 majori
3133 3521 3186 3568 et
3243 3513 3470 3583 speciali

1881 3615 2066 3671 debito
2108 3628 2213 3666 non
2261 3626 2444 3664 sumus
2487 3595 2694 3663 nostri?
2716 3613 2771 3661 et
2797 3622 2902 3661 non
2932 3606 3103 3660 solum
3131 3605 3253 3674 quia
3280 3603 3404 3659 facti
3433 3619 3466 3658 a

1881 3707 2012 3770 Deo,
2065 3702 2160 3760 sed
2208 3710 2264 3756 et
2287 3699 2416 3755 eniti
2463 3714 2647 3754 sumus
2673 3707 2730 3750 ω.
2764 3686 3108 3750 Gratulemur
3131 3703 3308 3750 autem
3338 3695 3466 3763 quia

1880 3809 2074 3863 magno
2120 3791 2268 3855 emti,
2317 3789 2515 3859 quippe
2568 3787 2827 3856 sanguine
2874 3786 3039 3856 ipsius
3069 3784 3278 3840 Domini
3315 3803 3327 3837 :
3359 3799 3472 3852 quo

1881 3887 2056 3958 pretio
2103 3892 2158 3938 et
2176 3883 2310 3936 viles
2336 3891 2390 3935 et
2411 3881 2628 3935 venales
2651 3895 2771 3934 esse
2799 3879 3122 3937 desistimus,
3155 3879 3279 3946 quia
3312 3877 3470 3930 vilior

1880 3977 2137 4032 servitute
2158 3973 2378 4027 libertas
2403 3972 2630 4025 liberum
2661 3986 2780 4024 esse
2807 3969 3048 4036 iustitiae.
3096 3966 3240 4019 Talis
3266 3965 3470 4018 etenim

1882 4066 2018 4119 liber
2035 4077 2221 4118 servus
2250 4060 2455 4129 peccati
2481 4068 2534 4111 et
2557 4058 2801 4126 captivus
2829 4065 2912 4109 est
2934 4055 3143 4107 mortis.
3171 4054 3276 4106 Sua
3309 4053 3470 4118 igitur

1883 4155 2112 4211 Domino
2139 4153 2280 4205 dona
2314 4150 2640 4212 referamus;
2665 4148 2852 4201 demus
2878 4146 2953 4198 illi
2980 4145 3070 4212 qui
3101 4145 3151 4196 in
3179 4142 3322 4196 omni
3346 4157 3472 4209 pau-

1883 4261 2013 4317 pere
2041 4242 2269 4310 accipit;
2301 4240 2508 4304 demus,
2533 4239 2770 4307 inquam,
2800 4235 3114 4303 gaudentes,
3148 4241 3202 4286 et
3231 4231 3465 4300 recipia-

1885 4352 2004 4390 mus
2031 4334 2098 4388 ab
2125 4334 2241 4404 ipso
2272 4328 2620 4385 exsultantes.
2655 4327 2836 4380 Placet
2861 4325 3004 4380 enim
3035 4324 3134 4393 ipsi
3176 4321 3295 4375 talis
3325 4320 3468 4388 inju-

1886 4427 1984 4492 ria,
2038 4434 2096 4480 ut
2123 4425 2230 4478 vim
2259 4435 2426 4490 regno
2456 4419 2621 4490 ipsius
2649 4418 2956 4481 inferamus,
3006 4416 3162 4470 bonis
3212 4412 3469 4483 operibus

203 4525 303 4564 non
333 4517 400 4564 ut
425 4509 490 4563 de
519 4509 736 4578 proprio
755 4495 993 4563 restricti
1015 4509 1202 4572 simus,
1225 4507 1316 4562 sed
1335 4516 1391 4562 ut
1412 4507 1480 4563 de
1500 4509 1786 4567 creditofe-
1811 4492 1860 4552 θ
1887 4518 2009 4578 εωΙὶ
2032 4517 2265 4571 claustra
2297 4511 2624 4579 frangentes.
2671 4507 2928 4562 Dominus
2984 4507 3125 4560 enim
3151 4513 3353 4567 noster,
3377 4503 3468 4570 qni

203 4614 467 4655 heremus.
495 4598 821 4668 Dispensatio
843 4599 1003 4664 enim,
1038 4597 1227 4665 inquit,
1259 4597 1402 4651 nobis
1422 4599 1616 4653 credita
1635 4609 1778 4667 ests;

205 4700 256 4746 et
281 4693 592 4762 temporalis
621 4693 857 4762 pecunia:
881 4707 1040 4746 usura
1069 4691 1386 4756 communis,
1412 4707 1520 4746 non
1559 4693 1780 4761 privata:

205 4783 279 4837 rei
297 4791 502 4838 aeterna
522 4783 812 4852 possessio.
841 4781 899 4836 Si
927 4795 1220 4850 cognoscas
1249 4797 1367 4836 eam
1417 4783 1785 4851 temporaliter

209 4871 260 4927 iu
287 4883 432 4929 terra
462 4882 606 4928 tuam
634 4875 676 4938 ⁸,
707 4874 911 4944 poteris
939 4874 992 4928 in
1023 4872 1326 4929 caelestibus
1356 4873 1450 4927 tibi
1473 4873 1650 4929 facere
1672 4891 1787 4946 per-

275 4993 300 5020 ·
330 4983 496 5038 Prov.
523 4999 630 5047 xlv,
654 4983 740 5048 51,
773 4992 828 5037 et
848 4999 974 5046 xvu,
1005 4981 1056 5035 5.
1131 4981 1157 5020 ι’
1185 4980 1349 5034 Prov.
1385 4997 1494 5045 χιι,
1521 4979 1611 5034 17.

1688 4993 1711 5022 ε
1743 4985 1938 5042 Matth.
1960 5002 2075 5052 xm,
2104 4983 2191 5036 45.
2267 4979 2291 5019 ἀ
2321 4980 2447 5052 Gal.
2470 4995 2528 5052 ιι,
2560 4980 2660 5052 10.
2723 4979 2797 5052 {1
2821 4977 2958 5032 Tim.
2986 4994 3061 5052 vi,
3089 4977 3166 5052 _7.

1887 4610 2026 4664 solus
2051 4607 2231 4668 bonus,
2256 4610 2315 4656 ut
2341 4617 2472 4655 unus
2499 4598 2635 4652 Deus
2657 4608 2708 4663 ι’,
2733 4614 2840 4651 non
2867 4596 3106 4650 avaritia)
3127 4594 3302 4648 studio
3331 4593 3472 4647 acci-

1888 4715 2016 4770 pere
2038 4695 2327 4758 desiderat,
2357 4690 2450 4746 sed
2481 4690 2746 4757 largitatis
2771 4687 2988 4742 affectu.
3009 4685 3146 4752 Quid
3185 4683 3328 4738 enim
3359 4698 3466 4736 non

1889 4790 2105 4851 habeat,
2137 4785 2228 4855 qui
2258 4782 2437 4838 omnia
2466 4780 2646 4835 dedit?
2667 4780 2770 4833 Aut
2793 4778 2918 4848 quid
2949 4793 3054 4830 non
3079 4773 3351 4845 possideat
3375 4772 3467 4840 qui

1891 4882 2037 4950 ipsos
2073 4871 2312 4946 possidet
2340 4871 2712 4942 possidentes“?
2767 4869 2888 4939 quia
2918 4882 3106 4922 omnes
3131 4866 3230 4919 viri
3259 4863 3470 4918 divitia-

3244 4974 3263 5012 τ
3291 4973 3310 5027 1
3339 4973 3466 5027 Cor.

210 5066 276 5114 tv,
302 5053 354 5107 7.
432 5062 458 5102 Β
489 5053 507 5106 1
535 5041 660 5106 Cor.
683 5041 756 5117 rx,
786 5053 872 5106 17.
920 5041 974 5091 νιί
1005 5051 1196 5105 Matth.
1227 5067 1349 5114 xxv,
1392 5041 1490 5103 H.’
1527 5047 1752 5108 iMatth.

1882 5041 2024 5121 ζέει.
2060 5041 2107 5104 ἰ
2134 5051 2263 5107 Luc.
2294 5041 2525 5115 xix,‘3|.'
2561 5049 2583 5085 κ
2613 5048 2801 5102 Matth.
2821 5064 2947 5114 xxv,
2977 5047 3060 5109 ἐξ),
3089 5045 3216 5099 Luc.
3247 5060 3354 5108 xiv,
3375 5041 3466 5094 96o

217 5121 233 5159 ι
263 5123 427 5179 Marc.
461 5139 553 5188 xu,
581 5121 686 5188 45;
718 5122 851 5178 Luc.
880 5139 988 5188 xxi,
1022 5121 1055 5175 5
1078 5129 1131 5176 et
1157 5121 1211 5174 4.
1287 5130 1324 5157 ω
1349 5121 1369 5173 ι
1398 5121 1522 5174 Cor.
1554 5137 1624 5186 vi,
1649 5121 1738 5177 20.

1882 5125 2058 5181 Matth.
2091 5139 2200 5186 xix,
2228 5121 2315 5174 17.

279 5239 353 5308 (a)
395 5237 474 5292 Ita
528 5237 1038 5308 emendavimusex
1084 5251 1230 5308 mss.
1258 5233 1533 5308 codicibus
1562 5234 1787 5308 Reg.ret

215 5303 364 5362 Vien'.
397 5315 454 5362 et
480 5307 638 5361 editis
665 5307 848 5370 Grav.,
877 5305 1060 5360 Sehot.
1092 5316 1148 5359 et
1173 5303 1348 5358 Chiﬂl.
1384 5304 1484 5357 Alii
1505 5305 1611 5360 duo
1631 5303 1780 5371 editi,

215 5379 480 5448 pertineat.
635 5376 825 5439 Rosv.,
852 5377 1124 5446 perniteat.

282 5447 354 5528 (ὁ)
395 5445 770 5528 Scriptura
792 5441 964 5528 sacra,
993 5459 1092 5528 ms.
1124 5443 1342 5528 Regtelt
1367 5441 1495 5528 edit.
1524 5441 1700 5528 Chilll.
1718 5443 1782 5528 ¹ιιι

282 5472 354 5528 ‘0’
395 5472 470 5501 Ili!
498 5472 770 5514 ῠυΐιμιιιῑίι
792 5472 964 5509 θείω-ει,
993 5472 1092 5497 Illa.
1124 5472 1254 5510 “C5.
1288 5472 1342 5497 ῦι
1367 5472 1495 5495 cuu.
1524 5472 1700 5497 uultu.
1725 5472 1782 5498 ιιι

199 5472 329 5578 laliis
355 5517 514 5571 editis
535 5515 809 5570 codicibus
837 5515 976 5569 male
1005 5513 1498 5582 interpungebatur,
1527 5512 1662 5584 quod
1681 5522 1786 5566 stu-

202 5586 288 5640 dii
307 5589 494 5658 facere.
515 5584 751 5654 Idipsum
773 5584 933 5658 idem,
963 5592 1069 5658 etc_.

286 5649 356 5726 (ἒς)
398 5649 681 5726 Vulgatam
709 5654 1024 5726 retinuimus
1046 5649 1696 5726 lectionemﬂuoadusque
1717 5667 1784 5704 ex

223 5719 349 5779 mss;
398 5719 673 5782 codicibus
717 5723 887 5787 major
916 5723 1006 5776 lux
1033 5721 1299 5787 all'ulgeat.
1328 5719 1448 5790 Mss.
1480 5722 1620 5790 enim
1651 5720 1780 5786 Reg.

225 5802 277 5850 et
294 5793 467 5867 Ἥϐα,
500 5811 649 5865 quam
678 5794 839 5849 sterili
866 5792 970 5863 ﬁde
998 5790 1228 5848 odiosam
1257 5789 1585 5843 rcmiuiscaint
1631 5806 1792 5857 quare

1887 5239 2049 5297 nullo.
2077 5244 2183 5292 etc.
2215 5234 2322 5289 Nec
2351 5234 2528 5306 placet
2545 5231 2804 5306 rChillletii
2830 5231 3122 5306 correctio,
3159 5243 3311 5306 quam
3363 5233 3468 5276 ue-

1888 5310 1973 5362 rili
1997 5307 2100 5378 ﬁde
2120 5297 2628 5360 odiosam‘reminisci
2654 5319 2686 5355 a
2717 5311 2972 5369 te,avare,
2998 5300 3138 5353 nullo
3163 5297 3326 5350 reditu
3357 5308 3469 5344 cre-

1888 5379 2189 5448 ditoris.....
2214 5383 2487 5448 seruatam.
2945 5437 2978 5448 η
3076 5435 3134 5448 ν,
3270 5440 3303 5448 ν,
3345 5447 3352 5448 γ
3382 5429 3415 5448 ,,

1960 5429 2154 5512 (ἅγιαι
2200 5444 2529 5516 restituimus
2584 5456 2804 5516 exuras.
2861 5437 3053 5516 codice
3076 5435 3309 5488 V'ien.et
3331 5429 3464 5486 edit.

1888 5510 2063 5572 Chiﬂl.
2091 5514 2394 5582 postulante
2423 5527 2602 5582 sensu.
2635 5510 2759 5582 ᾼιίἰ,
2784 5510 3074 5582 privtum-it.
3195 5571 3209 5582 _
3284 5571 3314 5582 Δ.

1962 5589 2033 5655 (e)
2075 5571 2170 5655 Ms.
2227 5583 2359 5649 Reg.
2392 5591 2448 5636 et
2475 5581 2602 5635 editi
2631 5577 2688 5655 ὃ,
2734 5571 2915 5637 bonis;
2940 5581 3166 5655 utraque
3195 5571 3353 5655 lectio
3375 5585 3465 5655 re:

1892 5641 2068 5719 cepta.
2117 5654 2188 5707 Ea
2217 5641 2386 5722 quam
2429 5641 2765 5718 reposuimus
2793 5661 2858 5698 ex
2888 5659 2988 5722 ms.
3020 5642 3205 5697 codice
3226 5641 3376 5722 Vicit.
3410 5647 3468 5722 et

1894 5710 2026 5781 edit.
2054 5710 2599 5780 Chiﬂlfconﬁrmatur
2619 5731 2684 5772 ex
2708 5711 3071 5783 sequentibus,
3100 5723 3152 5768 et
3180 5728 3233 5766 ιι.
3261 5710 3294 5766 6
3331 5720 3384 5767 ct
3411 5711 3462 5765 Ἰ.
