4078 6352
656 281 759 334 547

1865 273 1912 329 S.
1958 272 2231 329 PAULINI
2265 271 2520 330 NOLANI
2560 270 2860 328 EPISCOPI

3793 277 3887 331 548

653 403 775 440 rum
797 387 848 441 in
879 386 1119 441 manibus
1147 386 1286 456 ejus,
1315 385 1410 439 sed
1441 385 1695 438 immensa
1718 387 1834 455 ejus
1845 388 2053 456 iustitia
2083 389 2224 459 pari—
2249 395 2297 454 Α
2325 386 2444 442 lstie
2464 388 2674 443 videtur
2703 389 2746 420 "
2772 394 3024 457 negatum
3050 404 3064 439 :
3095 395 3151 442 et
3177 395 3386 452 contra,
3433 387 3623 445 divites
3648 393 3741 460 qui
3769 396 3886 460 pan;

655 485 739 530 ter
765 482 820 530 et
845 475 1059 530 bonitas
1082 477 1148 530 de
1177 474 1305 544 ipsis
1332 473 1643 528 muneribus
1669 475 1781 530 suis
1801 476 1915 530 vult.
1961 477 2062 532 sibi
2107 493 2226 532 mu-

655 581 786 620 nera
811 565 1040 620 invicem
1069 565 1213 628 fieri,
1241 573 1298 620 ut
1320 566 1421 622 sibi
1465 565 1747 620 materiam
1776 581 1902 636 erga
1931 575 1986 622 te
2021 566 2227 624 beneﬁ-

654 656 843 710 centiae
872 655 1062 724 pariat,
1093 654 1218 723 quia
1247 654 1419 709 bonus
1459 664 1580 710 est:
1629 662 1686 710 et
1730 655 1826 711 tibi
1873 655 2032 713 faciat
2061 658 2226 713 meri-

653 756 786 808 tum,
810 744 956 813 quod
974 745 1134 814 digne
1164 744 1205 776 “
1231 745 1481 815 recipias,
1504 746 1626 814 quia
1642 743 1819 814 justus
1845 755 1945 802 est.

722 830 773 885 5.
816 829 1006 887 Patent
1026 833 1185 900 igitur
1213 833 1450 888 thesauri
1479 834 1744 888 honorum
1771 835 1930 900 illius,
1955 846 2013 894 et
2030 837 2225 894 divitiae

649 920 905 977 bonitatis
941 921 1057 990 ejus
1086 922 1140 976 in
1179 930 1394 992 promtu
1420 930 1562 985 sunt,
1588 930 1645 976 ut
1673 926 1838 996 216
1864 928 2226 997 unusquisque

650 1029 760 1069 non
790 1023 1069 1084 exspectet
1095 1015 1362 1084 accipere,
1381 1014 1472 1068 sed
1487 1014 1741 1070 ultrosibi
1771 1018 1945 1086 rapiat
1964 1027 2224 1088 quantum

649 1105 801 1159 velit.
831 1103 889 1160 ιιι
919 1106 1022 1160 hoc
1045 1107 1189 1160 enim
1237 1120 1336 1161 nos
1365 1103 1490 1159 fecit
1513 1105 1684 1160 bonus
1714 1106 1970 1163 Dominus
1991 1116 2044 1163 et
2063 1108 2225 1164 Pater

654 1204 892 1258 sanctus,
935 1203 994 1250 ut
1017 1203 1201 1251 nostro
1222 1195 1364 1250 bono
1389 1209 1627 1250 essemus
1653 1196 1800 1251 boni.
1824 1197 1955 1252 Nam
1981 1215 2088 1270 quo
2134 1200 2224 1256 ille

650 1285 920 1353 indigeret
973 1285 1305 1340 extrinsecus
1357 1285 1521 1350 bono,
1565 1285 1656 1354 qui
1688 1294 1830 1340 totus
1852 1287 1965 1358 ipse
1993 1298 2224 1359 quantus

651 1386 756 1444 est,
786 1377 998 1432 bonitas
1041 1385 1097 1432 et
1121 1378 1400 1433 beatitudo
1421 1386 1502 1433 est
1533 1379 1596 1434 αἳ
1623 1377 1702 1433 Ob
1730 1379 1856 1448 hoc,
1885 1391 2145 1452 quantum
2170 1384 2223 1439 in

651 1471 770 1540 ipso
791 1469 1184 1538 est,carissimi,
1199 1486 1398 1524 omnem
1413 1470 1667 1524 hominem
1695 1471 1796 1525 vult
1825 1474 2020 1527 salvum
2043 1475 2158 1544 ﬁeri
2175 1474 2224 1542 δ,

647 1560 774 1628 quia
802 1559 856 1614 in
903 1560 1050 1614 omni
1074 1559 1291 1615 homine
1320 1576 1457 1629 epus
1497 1576 1650 1615 suum
1679 1561 1876 1630 diligit;
1904 1571 1958 1618 et
1986 1564 2228 1634 impense

649 1648 744 1702 tibi
773 1647 851 1719 (a)
896 1648 1073 1716 largus
1100 1657 1183 1704 est
1213 1647 1280 1703 de
1304 1650 1412 1703 suis
1433 1650 1642 1718 opibus,
1666 1650 1709 1704 si
1740 1659 1796 1705 tu
1839 1651 1933 1707 tibi
1962 1653 2076 1722 ipse
2116 1671 2224 1710 non

2325 475 2542 545 peribus
2570 476 2690 531 istic
2711 474 2899 545 inopes
2925 476 3080 546 217
3112 474 3332 544 fuerint,
3358 476 3490 531 nihil
3513 477 3582 531 de
3608 493 3885 549 pauperum
3941 485 3947 495 '

2326 561 2583 619 felicitate
2611 572 2895 634 capturos;
2920 561 3427 632 mendicitatemque
3447 574 3755 635 perpetuam
3774 583 3884 622 cum

2324 650 2648 705 abundantia
2679 667 2956 720 pmnarum
2980 666 3078 722 pro
3103 650 3296 723 injuria
3322 667 3616 724 pauperum
3636 653 3792 725 digna
3809 655 3888 710 ul.

2326 740 2473 795 tione
2500 741 2856 796 referendam.

2397 829 2448 882 7.
2490 828 2666 896 Quare
2692 831 2970 895 ambulate,
2999 839 3058 887 ut
3084 832 3341 904 scriptum
3372 843 3472 901 est,
3499 845 3556 888 ut
3571 835 3669 904 ﬁlii
3698 837 3884 891 lucisin

2323 917 2535 982 lumine,
2561 918 2680 972 dum
2709 918 2879 974 lumen
2927 920 3124 976 habetis
3154 919 3179 958 δ
3199 938 3216 987 ;
3240 929 3296 978 et
3322 923 3398 978 sic
3428 937 3554 993 age,
3577 923 3882 992 Christiane,

2322 1006 2448 1060 dum
2479 1007 2824 1076 resipiscendi
2846 1016 2901 1064 et
2929 1008 3244 1079 providendi
3285 1010 3402 1067 dies
3430 1014 3684 1082 suppetit,
3713 1022 3772 1068 ut
3795 1029 3878 1067 au-

2321 1095 2438 1151 dire
2465 1098 2721 1153 merearis
2763 1113 2794 1152 a
2845 1099 3110 1156 Domino:
3160 1099 3327 1173 Euge,
3359 1099 3486 1156 bone
3513 1112 3672 1168 serve,
3697 1105 3812 1172 quia
3833 1106 3886 1156 in

2323 1189 2498 1254 paucis
2525 1188 2696 1257 fidelis
2725 1190 2888 1260 fuisti,
2918 1207 3074 1260 supra
3101 1193 3262 1246 multa
3290 1202 3338 1246 te
3357 1186 3665 1248 constituam
3691 1193 3732 1250 ί.
3763 1193 3880 1250 Vide

2323 1275 2502 1342 igitur,
2561 1284 2616 1332 et
2657 1279 2874 1333 intende
2926 1281 3052 1335 huic
3079 1281 3264 1348 verbo,
3293 1281 3474 1348 frater,
3506 1291 3564 1338 et
3589 1283 3700 1338 noli
3729 1284 3878 1352 negli-

2321 1377 2450 1433 gere
2478 1368 2700 1433 gratiam
2730 1383 2846 1436 quze
2867 1369 2961 1423 tibi
2987 1371 3166 1424 oblata
3186 1379 3287 1427 est.
3314 1369 3432 1426 Noli
3454 1372 3779 1428 descendere
3798 1388 3876 1426 va-

2323 1470 2456 1510 cuus
2481 1456 2534 1509 in
2562 1456 2778 1512 domum
2806 1458 3001 1514 Christi
3024 1459 3070 1525 i,
3097 1475 3212 1531 qua:
3238 1469 3312 1515 est
3339 1460 3574 1515 Ecclesia
3599 1461 3698 1516 Dei
3724 1463 3814 1516 vivi
3837 1461 3877 1516 ι.

2325 1545 2401 1602 De
2424 1548 2526 1602 tuis
2546 1550 2726 1605 multis
2755 1550 2839 1604 vel
2868 1567 3031 1620 parva
3059 1551 3103 1610 si
3130 1552 3353 1620 tribuas,
3384 1553 3609 1608 multam
3637 1554 3730 1608 tibi
3767 1553 3875 1608 reli-

2325 1651 2552 1706 quorum
2577 1646 2788 1694 tuorum
2818 1641 3172 1710 adjectioncm
3199 1644 3414 1712 parasti.
3463 1642 3687 1699 Plurimi
3711 1651 3764 1699 te
3797 1658 3877 1697 ex-

647 1738 720 1794 sis
740 1737 948 1792 invidus
968 1746 1024 1792 et
1047 1754 1239 1792 avarus
1265 1739 1331 1793 de
1355 1739 1417 1792 iis
1444 1753 1562 1807 qua:
1583 1738 1723 1794 Deus
1751 1749 1840 1795 tua
1863 1740 2004 1807 fecit,
2039 1760 2145 1799 non
2168 1755 2218 1800 ut

2327 1737 2592 1796 spectant,
2625 1739 2680 1784 et
2707 1731 2759 1785 in
2810 1731 3095 1786 adventum
3127 1743 3276 1786 tuum
3304 1733 3554 1803 pendent,
3587 1733 3875 1803 circumspi-

653 1841 816 1881 causa
863 1826 960 1880 tibi
1020 1826 1088 1880 ad
1134 1835 1383 1893 morti-ni,
1415 1828 1509 1881 sed
1536 1837 1590 1881 ut
1615 1829 1844 1897 pretium
1873 1831 1940 1885 ad
1962 1833 2122 1887 vitam
2145 1832 2230 1890 fo-

658 1924 798 1969 rent.
838 1913 882 1968 Ο
918 1915 1245 1970 abundantia
1276 1917 1532 1971 bonitatis
1558 1917 1680 1971 Dei!
1713 1918 1826 1972 vult
1880 1918 2108 1977 fenerari
2160 1939 2228 1980 ex

648 2004 716 2059 iis
736 2019 854 2073 qua:
877 2003 991 2073 ipse
1013 2005 1233 2073 largitus
1256 2013 1338 2062 est
1362 2024 1373 2058 :
1419 2007 1560 2075 cupit
1589 2005 1801 2061 debitor
1823 2007 1932 2064 fieri
1961 2009 2227 2068 donorum

649 2110 887 2158 suorum,
946 2105 1004 2152 ut
1055 2113 1176 2152 cum
1232 2097 1397 2150 multa
1452 2097 1546 2149 tibi
1604 2096 1810 2152 ratione
1864 2105 2006 2154 tuam
2037 2102 2228 2157 reddat

653 2201 887 2239 usuram.

721 2275 772 2328 6.
805 2275 1037 2346 Propera
1067 2277 1110 2308 ¹²
1135 2277 1312 2346 igitur,
1340 2275 1521 2343 frater,
1555 2285 1661 2332 tam
1693 2279 1856 2334 ubere
1880 2281 1973 2335 tibi
2003 2282 2230 2337 obstrin-
2263 2327 2266 2330 .

651 2379 778 2432 gere
795 2364 1109 2431 debitorem,
1135 2372 1194 2421 ut
1213 2374 1267 2420 et
1293 2367 1523 2421 amicum
1550 2376 1600 2422 te
1626 2384 1692 2422 ex
1721 2385 1875 2424 servo
1907 2381 2059 2426 vocet
2092 2385 2112 2411 ε
2135 2391 2147 2436 ;
2174 2385 2229 2428 et

651 2456 704 2510 in
739 2457 841 2510 tuis
870 2457 1212 2512 terrestribus
1237 2458 1469 2512 nummis
1518 2464 1572 2512 te
1598 2469 1855 2528 expertus
1901 2459 2127 2529 fidelem,
2160 2464 2227 2519 de

646 2546 757 2600 suis
777 2547 1079 2601 ccclestibus
1100 2548 1366 2601 thesaUris
1388 2547 1607 2601 divitem
1625 2548 1864 2616 faciatj'.
1880 2550 1955 2605 Ne
1974 2553 2222 2622 trepides,

647 2649 717 2690 ne
761 2637 1045 2699 cuncteris,
1103 2651 1171 2690 ne
1218 2652 1426 2706 parcas.
1476 2635 1606 2692 Esto
1647 2639 1910 2694 violentus
1938 2641 2066 2707 Deo,
2095 2660 2225 2713 rape

643 2737 808 2792 regna
838 2724 1096 2779 caelorum
1123 2721 1172 2779 τι.
1205 2724 1305 2792 Qui
1333 2733 1480 2779 vetat
1499 2725 1672 2780 aliena
1693 2729 1949 2797 contingi,
1980 2747 2072 2784 sua
2095 2745 2224 2800 gau-

642 2811 735 2867 det
752 2813 929 2868 invadi
960 2833 973 2867 :
997 2822 1054 2869 et
1079 2813 1169 2883 qui
1197 2815 1417 2870 damnat
1443 2815 1677 2870 avaritiae
1703 2820 2073 2888 rapacitatem,
2105 2822 2221 2876 lau-

641 2902 737 2956 dat
764 2901 884 2957 lidei
911 2905 1175 2974 rapinam.
1215 2903 1508 2962 Pransores
1554 2906 1629 2959 tui
1677 2905 1878 2962 dudum
1923 2918 2070 2964 stant
2121 2928 2222 2981 pro

637 2995 842 3051 furibus
871 2997 996 3063 tuis,
1019 3003 1229 3068 tempus
1255 3006 1309 3054 et
1337 3012 1515 3066 regem
1539 3016 1736 3057 mensa:
1759 3004 2116 3071 opperientes.
2139 3007 2217 3063 Tu

2329 1821 2530 1883 cientes
2556 1822 2771 1890 quando
2801 1830 2855 1878 te
2874 1823 3107 1878 videant.
3134 1823 3250 1879 Tibi
3273 1825 3654 1895 impenduntur
3677 1834 3874 1880 cuncto-

2327 1926 2446 1965 rum
2475 1913 2692 1982 inopum
2720 1928 2908 1983 preces
2935 1920 2988 1969 et
3015 1899 3139 1970 vota
3164 1913 3438 1970 debilium.
3489 1914 3626 1969 Vide
3671 1930 3738 1970 ne
3785 1921 3874 1969 tam

2328 2001 2446 2070 pios
2473 2011 2680 2056 mutare
2707 2012 2967 2071 cogantur
2995 2001 3232 2070 allectus,
3255 2011 3310 2059 et
3329 2005 3382 2058 in
3410 2005 3688 2073 querelam
3715 2018 3873 2073 preces

2326 2102 2564 2158 vertant;
2596 2103 2650 2148 et
2677 2093 2958 2149 adversum
2985 2103 3040 2150 te
3068 2095 3197 2150 editi
3225 2096 3470 2164 gemitus,
3499 2111 3637 2164 quos
3667 2095 3874 2150 necessid

2329 2191 2408 2238 tas
2449 2184 2826 2250 laborantium,
2877 2193 2931 2239 te
2959 2201 3065 2240 non
3095 2186 3402 2250 miserante,
3434 2183 3696 2240 confectis
3716 2191 3873 2238 extor-

2327 2275 2474 2336 serit,
2509 2274 2699 2329 feriant
2726 2282 2780 2329 et
2827 2275 3053 2340 invitent
3097 2277 3256 2346 (forte
3305 2275 3536 2345 irritent)
3571 2273 3771 2345 patrem
3803 2289 3873 2328 or-

2327 2365 2648 2434 phanorum,
2664 2364 2898 2432 judicent
2926 2363 3224 2432 viduarum,
3252 2372 3308 2420 et
3335 2377 3735 2434 compassorem
3762 2376 3874 2434 pau-

2327 2468 2512 2522 perum
2545 2454 2709 2507 Deum
2748 2453 2787 2509 '.

2395 2540 2448 2594 8.
2490 2541 2630 2595 Cave
2660 2543 2831 2612 ipsum
2855 2551 2906 2599 te
2927 2537 3301 2599 tantummodo‘
3339 2557 3506 2609 ames,
3538 2545 3582 2597 si
3632 2552 3688 2598 te
3728 2558 3874 2604 amas,

2325 2634 2447 2702 quia
2475 2633 2766 2701 iniquitatis
2794 2641 2876 2688 est
2901 2634 3002 2688 ista
3047 2633 3290 2699 dilectio;
3321 2642 3377 2688 et
3404 2634 3488 2705 qui
3516 2633 3691 2704 diligit
3713 2632 3874 2701 iniqui-

2325 2730 2498 2785 tatem,
2523 2723 2649 2787 odit,
2685 2730 2741 2776 ut
2768 2723 3023 2792 scriptum
3051 2731 3152 2788 est,
3173 2725 3401 2776 animam
3421 2739 3568 2777 suam
3590 2740 3607 2778 :
3639 2723 3874 2793 plenitudo

2323 2821 2493 2865 autem
2521 2813 2647 2883 legis
2692 2822 2769 2867 est
2791 2814 2996 2868 dilectio
3024 2816 3248 2885 proximi
3277 2825 3336 2881 ω,
3367 2813 3512 2885 quod
3534 2816 3710 2870 omnis
3735 2815 3873 2868 homo

2321 2901 2524 2956 homini
2553 2913 2636 2957 est
2680 2906 3034 2973 germanitate
3063 2912 3285 2960 natura}.
3340 2904 3533 2960 Parem
3557 2919 3688 2974 ergo
3716 2920 3872 2961 ctu-am

2323 2993 2399 3046 tui
2429 3001 2483 3046 et
2513 2995 2761 3063 pauperis
2789 3008 2934 3063 gere,
2961 3002 3022 3049 ut
3069 2994 3296 3050 imiteris
3322 2995 3652 3051 imitatorem
3679 2995 3868 3056 Christi,

638 3086 892 3142 convivas
937 3088 1166 3142 moraris
1198 3106 1212 3141 :
1263 3104 1419 3143 curre
1468 3090 1748 3159 sollicitus,
1778 3107 1844 3146 ne
1871 3093 2069 3149 diutius
2100 3112 2206 3150 ma-

2319 3100 2426 3138 non
2460 3085 2573 3151 tibi,
2603 3085 2693 3140 sed
2721 3086 2838 3140 aliis
2867 3087 3015 3142 utilia
3065 3087 3321 3154 curando,
3376 3097 3434 3142 ut
3477 3088 3555 3142 tui
3608 3087 3873 3158 impensius

635 3181 802 3229 neant
841 3175 1176 3245 jejunantcs;
1208 3187 1264 3232 et
1313 3179 1503 3248 injuria
1545 3196 1730 3234 eormn
1759 3183 2024 3238 excitetur
2050 3185 2096 3240 is
2123 3188 2213 3256 qui

636 3267 760 3322 fecit
781 3268 922 3337 illos,
944 3277 1000 3324 et
1025 3270 1118 3338 qui
1140 3270 1262 3324 illos
1286 3271 1428 3327 bono
1458 3280 1550 3326 tuo
1579 3288 1841 3343 pauperes
1867 3273 1992 3329 fecit
2017 3285 2060 3329 ο.
2083 3277 2212 3332 Nam

635 3365 908 3427 potuerat,
965 3357 1318 3428 dilectissimi,
1370 3359 1626 3416 Dominus
1679 3362 2020 3432 omnipotens
2063 3381 2214 3435 aeque

636 3453 912 3506 universos
940 3450 1132 3507 divites
1157 3451 1360 3520 facere,
1383 3461 1441 3506 ut
1468 3467 1628 3508 nemo
1681 3453 1944 3522 indigeret
1991 3455 2161 3512 altero
2196 3477 2208 3512 :

635 3541 731 3595 sed
779 3539 997 3597 inﬁnita:
1042 3543 1298 3598 bonitatis
1319 3544 1543 3599 consilio
1571 3545 1648 3600 sic
1675 3547 1883 3614 paravit
1911 3547 2213 3605 misericors

635 3639 690 3683 et
719 3631 1002 3686 miserator
1023 3633 1299 3696 Dominus,
1347 3643 1406 3687 ut
1432 3641 1578 3688 tuam
1612 3637 1667 3689 in
1696 3634 1798 3689 illis
1827 3645 2058 3692 mentem
2087 3655 2214 3708 pro-

635 3717 747 3771 bet.
772 3717 920 3774 Fecit
942 3721 1214 3785 miserum,
1250 3731 1310 3776 ut
1337 3731 1654 3791 agnosceret
1673 3723 2092 3782 misericordem.
2119 3727 2214 3784 Fe-

636 3810 707 3864 cit
736 3811 969 3879 inopem,
1004 3821 1061 3865 ut
1117 3823 1397 3869 exerceret
1429 3815 1758 3884 opulentum.
1806 3816 2031 3874 Materia
2076 3820 2211 3875 divi-

635 3900 827 3954 tiaram
859 3901 954 3956 tibi
983 3906 1068 3957 est
1089 3903 1320 3958 fraterna
1348 3913 1651 3975 paupertas,
1674 3907 1716 3961 si
1767 3907 2029 3976 intelligas
2051 3927 2211 3980 super

633 4002 858 4057 egenum
882 3998 938 4045 et
967 4006 1258 4061 pauperem
1287 3992 1330 4059 ῖς
1361 4008 1459 4048 nec
1489 3993 1581 4048 tibi
1611 4003 1817 4049 tantum
1849 3995 2048 4054 habeas
2067 4000 2209 4067 quod

631 4081 908 4149 accepisti,
938 4083 1062 4150 quia
1087 4083 1207 4138 ideo
1228 4091 1283 4137 et
1310 4084 1450 4140 illius
1478 4093 1686 4154 partem
1709 4086 1803 4140 tibi
1825 4085 1879 4141 in
1908 4087 2010 4143 hoc
2026 4089 2209 4146 seculo

632 4171 858 4225 contulit
903 4172 1062 4237 Deus,
1114 4183 1174 4228 ut
1229 4174 1324 4229 tibi
1375 4174 1595 4230 deberet
1638 4176 1895 4246 quidquid
1942 4175 2069 4234 “de
2097 4182 2208 4237 suis

631 4259 786 4314 donis
814 4270 908 4316 tuo
937 4263 1242 4319 voluntario
1273 4264 1465 4320 affectu
1512 4265 1872 4334 indigentibus
1901 4267 2202 4336 obtulisses,

632 4365 693 4402 ac
723 4358 776 4404 te
803 4351 1038 4405 vicissim
1085 4353 1139 4408 in
1185 4361 1388 4408 mterna
1418 4353 1507 4408 die
1548 4354 1614 4409 de
1643 4355 1784 4410 illius
1811 4365 1965 4425 parte
1986 4357 2201 4413 ditarct.

2317 3172 2426 3228 Deo
2455 3190 2582 3229 cura
2611 3177 2680 3230 sit
2703 3184 2750 3230 ιι.
2788 3177 2916 3234 Vide
2945 3179 3086 3234 enim
3108 3187 3309 3248 quanto
3329 3179 3551 3234 crimine
3575 3189 3628 3234 te
3648 3179 3870 3249 superbia

2314 3271 2407 3317 aut
2436 3266 2659 3320 avaritia
2689 3267 2956 3323 discernat
2985 3270 3052 3324 ab
3079 3283 3166 3333 eo,
3197 3269 3282 3324 cui
3313 3275 3366 3323 te
3393 3267 3536 3323 Deus
3579 3284 3742 3339 opere
3787 3283 3870 3324 suo

2308 3354 2504 3426 junxit.
2541 3356 2717 3412 Relice
2747 3358 3071 3413 esurientem
3095 3361 3351 3424 animam,
3380 3367 3434 3414 et
3465 3372 3572 3413 non
3602 3359 3807 3414 timebis
3823 3359 3870 3411 in

2313 3444 2400 3500 die
2433 3447 2574 3500 malo
2605 3447 2671 3500 ab
2693 3448 2771 3501 ira
2797 3448 2838 3478 “
2860 3455 3264 3517 superventura.
3294 3449 3481 3502 Beatus
3508 3451 3668 3513 enim,
3700 3448 3866 3519 inquit,

2312 3540 2396 3609 qui
2424 3538 2662 3609 intelligit
2690 3555 2843 3609 super
2864 3555 3078 3609 egenum
3107 3549 3156 3594 et
3182 3557 3472 3610 pauperem,
3519 3542 3577 3594 in
3631 3541 3715 3594 die
3753 3540 3868 3593 male

2312 3632 2549 3687 liberabit
2591 3650 2706 3688 eum
2754 3633 3005 3688 Dominus
3028 3636 3075 3687 °.
3121 3631 3358 3704 Operare
3411 3634 3573 3704 igitur
3619 3643 3676 3688 et
3703 3632 3870 3688 excole

2312 3725 2452 3779 hanc
2500 3724 2773 3795 regionem
2831 3734 2988 3778 terra:
3034 3731 3156 3788 tute,
3188 3724 3373 3792 frater,
3404 3732 3463 3778 ut
3505 3724 3768 3792 germinet
3789 3719 3868 3775 tibi

2311 3816 2512 3884 frugem
2543 3815 2789 3880 fertilem,
2820 3816 3030 3886 plenam
3052 3815 3208 3886 adipe
3233 3814 3503 3881 frumenti,
3535 3828 3729 3882 magno
3763 3826 3911 3900 cum.

2311 3905 2495 3960 fenore
2545 3905 2893 3960 centesimum
2924 3905 3017 3960 tibi
3047 3903 3276 3959 fructum
3306 3903 3642 3972 multiplicati
3673 3899 3868 3956 seminis

2309 3999 2620 4070 all'ercntem
2654 4011 2698 4053 ι’.
2749 3999 2807 4054 In
2833 3999 2990 4068 hujus
3030 3999 3110 4054 vel
3141 3997 3494 4067 possessionis
3521 3996 3611 4050 vel
3640 3994 3863 4063 negotia-

2310 4089 2471 4144 tionis
2499 4089 2794 4159 appetitum
2825 4095 2878 4142 et
2905 4087 3136 4142 studium
3167 4095 3350 4142 sancta
3399 4093 3454 4140 et
3504 4085 3752 4139 salutaris
3797 4087 3867 4136 est

2309 4179 2528 4233 avaritia
2555 4197 2566 4231 :
2623 4193 2747 4232 nam
2809 4177 2930 4232 talis
2953 4177 3251 4248 'cupiditas,
3279 4189 3395 4244 qua:
3423 4188 3647 4244 regnum
3671 4172 3866 4229 cmleste

2307 4277 2544 4322 meretur
2586 4275 2640 4321 et
2693 4267 2890 4320 bonum
2940 4281 3176 4336 perenne
3204 4265 3503 4331 desiderat,
3535 4264 3690 4319 radix
3717 4264 3867 4318 bono-

2307 4375 2425 4414 rum
2455 4367 2552 4412 est.
2587 4357 2742 4412 Tales
2773 4358 2949 4426 igitur,
2997 4365 3056 4411 ut
3096 4371 3256 4426 supra
3305 4355 3501 4410 dictum
3531 4361 3633 4420 est,
3679 4351 3868 4408 divitias

632 4435 737 4491 Per
757 4438 902 4506 ipsos
921 4440 1063 4494 enim
1090 4457 1229 4497 nunc
1251 4442 1443 4512 accipit
1459 4442 1720 4510 Christus,
1745 4453 1799 4499 et
1822 4454 1946 4500 tunc
1965 4462 2063 4516 pro
2087 4449 2215 4518 ipsis
2241 4460 2294 4521 Β
2315 4450 2694 4518 concupiscite,
2747 4456 2798 4502 et
2829 4446 3130 4516 hujusmodi
3187 4445 3456 4515 possidete
3487 4442 3874 4514 patrimonium,

634 4527 911 4596 rependet.
947 4528 1114 4584 Docet
1140 4532 1282 4584 enim
1310 4547 1409 4587 nos
1436 4540 1490 4586 et
1519 4534 1855 4603 evangelicus
1883 4536 1971 4591 ille
1994 4535 2148 4594 dives
2177 4555 2205 4593 a

635 4625 859 4681 tartaro,
915 4625 970 4672 et
1015 4620 1068 4673 in
1127 4619 1352 4676 Abraha:
1399 4623 1519 4676 sinu
1562 4622 1673 4691 jam
1694 4640 1804 4678 non
1833 4626 2206 4698 mendicus(b)

636 4703 942 4772 Eleazarus,
971 4707 1060 4775 qui
1089 4709 1140 4762 in
1165 4709 1253 4762 illa
1275 4711 1474 4779 poenali
1504 4712 1739 4767 ardentis
1764 4713 1941 4769 divitis
1970 4725 2209 4784 egestate

635 4796 912 4864 refrigerio
928 4797 1050 4851 vitm
1073 4797 1325 4854 allluebat
1346 4810 1404 4865 8;
1431 4801 1609 4868 docet,
1629 4803 1861 4871 inquam,
1878 4805 2013 4859 istud
2035 4822 2208 4860 exem-

635 4887 803 4957 plum,
826 4890 1244 4945 vicissitudinem
1267 4907 1384 4946 e=se
1400 4871 1527 4947 ‘istic
1548 4901 1603 4947 et
1633 4894 1738 4950 illic
1766 4896 1998 4951 humano
2023 4899 2205 4962 generi

633 4975 1000 5046 distributam;
1032 4980 1529 5050 repensandumqne
1559 4982 1663 5038 illic
1690 4986 2032 5054 pauperibus,
2061 4987 2204 5057 quod

708 5116 732 5145 α
764 5107 899 5185 Psal.
934 5127 1020 5185 sv,
1053 5111 1110 5185 2.
1190 5111 1254 5166 bI
1277 5113 1414 5185 Τίιῃξ
1441 5129 1498 5178 ιι,
1520 5113 1570 5185 τι.
1598 5151 1610 5165 .
1651 5125 1672 5153 ε
1701 5114 1891 5169 Johan.
1912 5131 2000 5179 xv,
2035 5117 2120 5170 15.
2196 5115 2218 5154 ά

2318 5115 2431 5171 ιιιιι.
2457 5134 2533 5185 x1,
2562 5118 2645 5172 η.
2725 5117 2922 5173 eProv.
2953 5132 3062 5182 xrv,
3093 5118 3179 5172 3i.
3211 5156 3218 5160 -

1521 5183 1534 5221 ί
1563 5185 1750 5238 Matth.
1787 5201 1909 5247 xxv,
1942 5185 2041 5250 2|;
2075 5187 2203 5242 Luc.
2237 5203 2346 5248 ιιι,
2379 5187 2464 5240 17.

632 5248 871 5323 ιινιιιϐ.
949 5259 986 5287 πε
1016 5249 1156 5308 Psal.
1189 5268 1242 5317 ιι,
1277 5252 1346 5319 6;
1378 5252 1530 5308 Rom.
1564 5270 1679 5318 xm,
1706 5253 1800 5320 10;
1832 5254 1957 5310 Luc.
1982 5248 2036 5322 x,
2071 5257 2154 5310 '56.

2334 5255 2458 5312 Cor.
2508 5273 2563 5323 ιι,
2593 5257 2683 5311 35.

634 5194 744 5243 XVI,
769 5178 855 5232 2L
932 5179 958 5214 h
985 5179 1176 5236 Johan.
1230 5199 1321 5245 xu,
1345 5181 1434 5236 55.

632 5334 748 5384 ιιιιι,
779 5318 831 5372 8.

701 5432 777 5503 (α)
817 5432 907 5488 Sic
927 5433 1330 5489 emendavimus
1351 5450 1419 5489 ex
1439 5450 1566 5490 mss.
1592 5436 1720 5503 Reg.
1751 5445 1805 5493 et
1825 5437 1980 5492 Vien.
2003 5447 2059 5492 et
2079 5438 2206 5492 edit.

630 5499 804 5575 illiilli.
819 5502 1125 5575 _{\lii‘codd.
1137 5505 1418 5575 ,_largitus.
1595 5509 1601 5514 ”

703 5571 775 5636 tb)
816 5571 912 5642 Ms.
942 5571 1097 5642 Reg,
1130 5571 1371 5628 Eleasar.
1395 5574 1472 5627 Ita
1495 5583 1545 5629 et
1570 5573 1709 5641 apud
1739 5573 2086 5629 Prudentium
2107 5575 2212 5630 Ca-

635 5641 912 5711 themerin.
938 5641 1118 5711 hymn.
1150 5643 1234 5706 10,
1267 5659 1316 5696 v.
1351 5641 1471 5695 154.
1504 5642 1728 5696 Eleazar
1753 5643 1810 5697 in
1835 5660 1959 5697 mss.
2010 5645 2206 5698 codici-

635 5710 732 5766 bus
777 5709 877 5778 lcgi
921 5709 1110 5768 asserit
1163 5712 1223 5767 N.
1257 5712 1506 5768 lleinsius
1534 5711 1588 5768 in
1617 5712 1778 5780 notis,
1827 5712 2206 5771 indeclinabile

2308 4537 2451 4610 quod
2481 4538 2535 4591 in
2562 4546 2816 4591 centenos
2845 4536 3046 4590 fructus
3071 4535 3224 4590 vobis
3265 4534 3503 4589 creditor
3529 4534 3603 4604 (c)
3632 4534 3870 4603 pensitet,

2309 4637 2369 4684 ut
2395 4636 2603 4681 vestros
2631 4642 2844 4695 quoque
2872 4627 3146 4681 vobiscum
3169 4626 3323 4680 bonis
3353 4626 3678 4695 perennibus
3704 4638 3872 4693 augea-

2309 4718 2378 4772 tis
2408 4717 2648 4771 heredes.
2685 4713 2956 4770 Possessio
2985 4716 3126 4769 enim
3155 4715 3267 4770 lucc
3294 4730 3418 4769 vere
3447 4728 3635 4783 magna
3667 4723 3722 4769 et
3761 4727 3872 4782 pre-

2317 4808 2451 4861 tiosa
2480 4809 2641 4878 218
2668 4813 2767 4870 est,
2795 4819 2912 4874 qua:
2940 4820 3306 4876 possessorem
3334 4821 3486 4858 suum
3537 4820 3643 4859 non
3673 4801 3872 4860 cumulo

2313 4896 2537 4950 seculari
2569 4902 2777 4959 onerat,
2807 4893 2900 4948 scd
2931 4893 3101 4948 reditu
3128 4893 3260 4948 ditat
3304 4903 3546 4948 aeterno:
3580 4909 3701 4963 qua:
3751 4893 3874 4945 lacte

2309 4994 2364 5040 et
2394 4985 2553 5040 melle
2581 4993 2782 5050 manat,
2812 4993 2865 5039 et
2891 4999 2998 5039 non
3027 4984 3092 5039 de
3129 4984 3430 5039 alvearibus
3475 4999 3652 5055 neque
3680 4981 3875 5055 pecori-

3261 5117 3281 5158 ί
3311 5118 3448 5174 Psal.
3473 5133 3560 5178 ιι..
3580 5117 3632 5172 ‘2.
3709 5127 3735 5166 s
3760 5117 3873 5170 Luc.

2545 5189 2557 5237 i
2593 5187 2760 5242 Exod.
2794 5202 2945 5252 χχιιι,
2980 5186 3065 5241 15.
3142 5188 3169 5225 ¹ί
3200 5187 3380 5243 lTim.
3414 5203 3492 5250 ιιι,
3524 5187 3610 5242 15.
3695 5187 3712 5225 ι
3747 5186 3876 5240 Psal.

2762 5266 2786 5293 ο
2811 5257 2942 5312 Tob.
3004 5271 3074 5322 tv,
3110 5254 3208 5324 ll;
3239 5256 3379 5313 Psal.
3406 5272 3493 5324 ιιι,
3523 5255 3576 5312 Ξ.
3652 5267 3679 5307 r
3700 5256 3877 5311 Matth.

2317 5451 2534 5499 nomen,
2589 5452 2686 5503 pro
2717 5436 2950 5490 Lazarus
2996 5436 3063 5492 de
3090 5453 3197 5505 quo
3228 5437 3398 5491 Lucas
3427 5437 3478 5491 in
3520 5435 3806 5504 Evangelia
3831 5450 3875 5505 (ιἶ

2315 5522 2427 5572 xvr,
2459 5523 2506 5560 v.
2542 5501 2606 5558 l9
2631 5515 2685 5560 et
2710 5521 2860 5576 seqq.
2894 5506 3025 5576 Vide
3049 5501 3167 5574 qua:
3193 5507 3422 5576 diximus
3449 5506 3514 5561 de
3542 5508 3643 5563 hac
3666 5501 3802 5562 voce
3821 5501 3878 5554 ad

2317 5578 2476 5645 epist.
2511 5576 2576 5645 175
2605 5578 2671 5645 ad
2701 5575 3033 5640 Pammach.,
3060 5592 3205 5645 num.
3231 5575 3319 5630 l7.
3485 5641 3532 5645 __
3608 5641 3642 5645 _
3859 5613 3862 5617 λ

2388 5645 2459 5712 (c)
2499 5644 2596 5699 Ms.
2631 5644 2782 5700 Vien.
2813 5652 2868 5698 et
2894 5645 3021 5699 edit.
3041 5644 3242 5711 Cluith,
3264 5652 3460 5714 penset.
3485 5641 3581 5698 Ms.
3608 5641 3743 5713 Reg.
3769 5656 3879 5698 euut

2315 5713 2473 5770 editis
2498 5723 2746 5790 quatuor,
2778 5713 2998 5769 creditos
3025 5716 3264 5779 penitet.
