4078 6352
197 256 304 316 319

1510 256 1841 327 urtsrou
1888 256 2101 313 xxxv.

3337 258 3441 315 $50

193 366 294 425 bl]!
318 380 633 438 expressum
676 365 910 424 dulcium
960 377 1148 426 nectar
1191 368 1482 440 liquorum,
1527 371 1624 429 sed
1671 386 1767 442 per
1793 375 1841 433 Δ
1872 377 1980 427 tem
2008 377 2127 425 orat
2147 376 2314 423 tuam.
2336 366 2452 424 Non
2480 323 2563 425 sui
2589 369 2933 441 negligentes,
2954 370 3048 427 sed
3067 387 3251 429 amore
3271 381 3448 431 trans-

196 456 412 512 ﬂumina
433 457 554 511 laeta
576 455 822 513 diffusum
845 457 958 515 suis
982 459 1186 530 prabet
1212 460 1480 530 agricolis.

181 601 192 626 ἲ
262 546 317 602 9.
358 545 578 613 Verum,
597 548 945 626 dilectissimi,
967 566 1078 607 non
1097 551 1274 607 solum
1294 558 1353 607 ut
1384 552 1528 609 bona
1566 559 1767 608 aiterna

193 637 467 706 quaeratis,
520 622 621 693 sed
670 646 733 694 ut
767 639 905 696 mala
930 641 1211 697 innumera
1237 643 1410 697 vitare
1436 643 1770 711 mereamini,

193 727 443 797 praesenti
490 727 850 786 sollicitudine
898 739 954 786 et
1003 731 1188 788 sedula
1216 733 1533 803 operatione
1549 731 1773 802 iustitiae

192 814 495 885 providete.
522 814 714 887 Magno
741 818 885 873 enim
912 818 1181 889 adiutorio
1200 828 1363 889 atque
1389 820 1639 890 praesidio
1667 835 1768 876 no-

192 905 274 960 bis
293 921 434 976 opus
455 915 559 973 est,
583 914 641 962 et
665 909 951 967 multarum
989 920 1153 982 atque
1198 911 1617 969 indelicientium
1643 928 1771 969 ora-

191 994 400 1048 tionum
428 996 742 1075 patrociniis
760 998 1077 1069 indigemus.
1101 1000 1453 1059 Adversarius
1475 1003 1617 1058 enim
1669 1018 1772 1059 no.-

188 1091 303 1139 ster
331 1100 442 1141 non
469 1086 717 1157 quiescit,
749 1096 807 1144 et
832 1090 887 1145 iu
913 1100 1160 1148 nostrum
1188 1092 1415 1163 pervigil
1466 1094 1638 1149 hostis
1689 1094 1774 1150 in-

190 1175 412 1229 teritum
435 1176 644 1232 obsidet
671 1194 859 1237 omnes
885 1181 1001 1238 vias
1025 1192 1239 1241 nostras
1260 1192 1308 1251 ι,
1339 1197 1692 1254 egressusque
1719 1192 1777 1242 et

189 1264 372 1322 aditus
412 1267 651 1323 omnium
697 1269 983 1340 diligenter
1035 1274 1318 1344 explorat;
1359 1274 1774 1345 uniuscujusque

188 1363 430 1433 vestigiis
447 1379 630 1421 comes
642 1365 960 1423 indiscretus
970 1368 1051 1439 (id
1070 1376 1147 1423 est
1162 1370 1548 1438 inseparabilis;
1564 1370 1668 1425 vid.
1682 1385 1774 1441 ep.

189 1452 275 1519 20,
306 1470 367 1510 n.
392 1455 446 1525 l)
473 1455 726 1525 anigitur,
746 1472 812 1515 ac
837 1458 917 1529 (a)
947 1475 1105 1531 sepes
1130 1462 1434 1533 egressibus
1453 1462 1651 1517 nostris
1677 1461 1777 1517 ob-

186 1548 322 1618 jicit,
356 1558 414 1605 et
438 1548 662 1620 pedibus
689 1552 976 1619 interserit,
1012 1562 1071 1609 ut
1094 1555 1147 1610 in
1170 1555 1332 1625 plano
1359 1568 1574 1624 quoque
1602 1554 1777 1610 laten-

188 1647 297 1693 tem
324 1639 597 1694 salebram
626 1641 768 1698 male
788 1651 978 1699 cautus
998 1644 1257 1701 oiiendas.
1313 1644 1466 1702 Unde
1513 1647 1772 1717 scriptum

1870 454 1999 523 lato,
2032 457 2087 512 in
2117 464 2171 513 te
2193 456 2421 527 quisque
2447 472 2506 514 se
2534 457 2724 528 diligit,
2754 468 2809 517 et
2831 468 2977 518 tuam
3000 463 3168 518 vitam
3194 479 3304 519 sua:
3325 466 3448 519 vitae

1869 553 2150 616 precatur;
2180 545 2306 616 quia
2326 556 2452 602 tuus
2479 547 2681 605 fructus
2702 550 2841 607 illius
2866 552 2975 607 vita
3009 560 3115 619 est,
3144 562 3199 609 et
3248 553 3449 623 divitia:

1870 641 1976 689 tua:
2002 634 2144 690 illius
2172 649 2326 703 opes,
2354 635 2433 706 (ἀ)
2484 645 2539 691 et
2587 648 2933 709 paupertates
2958 649 3062 697 tua:
3085 642 3227 701 illius
3252 645 3449 703 divitia:

1870 735 2012 785 sunt.
2044 726 2102 783 in
2125 728 2374 784 omnibus
2396 729 2636 788 ecclesiis
2662 747 2759 802 pro
2786 742 2841 790 te
2883 742 3091 804 rogant,
3121 735 3175 791 in
3203 737 3451 793 omnibus

1871 817 2066 888 plateis
2093 819 2189 874 tibi
2208 819 2585 887 gratulantur;
2614 832 2670 877 et
2694 823 2747 879 in
2778 825 2912 881 locis
2933 827 3156 897 singulis
3205 827 3272 883 ad
3300 844 3453 884 com-

1871 911 2320 966 memorationem
2369 913 2447 965 tui
2501 914 2733 970 nominis
2770 918 3052 987 eriguntur
3073 918 3454 976 benedicentes

1872 996 2183 1065 Dominum,
2207 1008 2263 1055 et
2291 1000 2568 1057 absentem
2599 1011 2651 1059 te
2680 1005 2733 1059 in
2781 1006 2891 1061 suis
2934 1008 3178 1063 manibus
3228 1024 3455 1066 exoscu-

1872 1084 2054 1141 lantur
2073 1088 2141 1141 “.
2173 1086 2400 1159 Semper
2424 1096 2477 1145 te
2500 1090 2709 1159 vident,
2737 1103 2809 1149 et‘
2838 1111 3124 1167 numquam
3156 1105 3207 1153 te
3237 1114 3342 1153 non
3375 1099 3456 1153 vi-

1872 1172 2021 1239 dent,
2053 1175 2179 1243 quia
2227 1177 2407 1232 animo
2435 1179 2889 1251 complectuntur,
2939 1201 3046 1255 quo
3073 1187 3343 1241 cernimus
3360 1188 3458 1243 ab-

1871 1273 2073 1324 sentes.
2131 1266 2424 1339 [ascriptus
2470 1286 2529 1327 es
2568 1275 2710 1329 enim
2749 1284 2806 1331 et
2828 1278 3116 1348 impressus
3143 1280 3184 1311 "
3205 1279 3457 1336 cordibus

1874 1368 2061 1409 eorum
2090 1372 2191 1428 per
2216 1360 2439 1415 multam
2470 1369 2616 1417 tuam
2647 1364 2700 1419 in
2747 1380 2843 1423 eos
2891 1367 3298 1421 humanitatem.
3348 1368 3456 1424 Nec

1873 1440 2070 1498 famem
2097 1454 2366 1518 metuunt,
2395 1451 2568 1506 securi
2591 1451 2831 1510 ciborum
2856 1462 3068 1510 tuorum
3097 1474 3109 1510 :
3140 1472 3316 1525 neque
3338 1457 3457 1511 hie-

1875 1544 2016 1583 mem
2038 1533 2442 1603 pertimescunt,
2474 1539 2599 1609 quia
2626 1549 2682 1595 tu
2709 1545 2972 1613 praevenis
2994 1552 3050 1598 ει
3069 1544 3313 1599 excludis
3341 1543 3459 1599 hie-

1876 1632 2016 1673 mem
2045 1623 2274 1678 vestium
2303 1636 2626 1694 praeparatu.
2666 1629 2854 1685 Beatus
2883 1633 3051 1693 homo,
3083 1649 3230 1703 quem
3258 1633 3459 1687 veniens

185 1741 268 1788 est
301 1752 317 1788 :
350 1733 491 1789 Sunt
522 1737 618 1790 vita
643 1749 758 1807 quin
784 1738 1019 1793 ridentur
1045 1740 1337 1795 hominibus
1382 1734 1575 1811 plausu,
1607 1707 1777 1796 novis-
1806 1727 1856 1789 Β
1882 1707 2136 1766 Immin”
2164 1714 2850 1811 ίηκπίθζὲἔὶἱαίίῗητεηίῇτ

186 1823 322 1876 sima
348 1834 523 1879 autem
541 1842 717 1880 earum
742 1828 955 1882 tendunt
978 1831 1034 1884 in
1063 1831 1325 1901 infernum
1352 1828 1403 1887 δ.
1439 1829 1594 1898 Quod
1617 1834 1661 1889 si
1689 1848 1778 1889 se-

185 1926 350 1966 curus
376 1912 431 1966 in
459 1913 641 1982 plano,
674 1930 848 1984 neque
872 1925 1063 1974 cautus
1082 1919 1135 1973 in
1160 1918 1367 1975 lubrico
1380 1919 1615 1986 decidas,
1631 1921 1778 1978 itlico

188 2001 369 2066 irruit,
403 2010 461 2058 et
486 2003 691 2074 lapsum
719 2009 943 2076 premit;
975 2024 1075 2064 nec
1104 2012 1274 2079 parcit
1299 2011 1550 2069 omittere
1576 2014 1642 2084 ",
1671 2014 1778 2071 nisi

184 2091 405 2163 frangat
423 2101 481 2149 et
499 2095 742 2151 devoret.
764 2095 869 2152 Per
887 2107 1077 2155 cuncta
1099 2101 1262 2170 igitur
1280 2117 1443 2170 cave;
1465 2103 1591 2159 dum
1614 2105 1779 2162 infers

184 2178 408 2248 pedem,
440 2192 630 2239 cuncta
658 2185 1028 2257 circumspice.
1054 2186 1134 2244 Ex
1165 2193 1413 2247 omnibus
1441 2195 1581 2250 enim
1611 2199 1779 2267 parti.

183 2270 287 2326 bus
317 2274 544 2330 zabulus
573 2276 836 2343 imminet,
870 2281 1004 2335 sicut
1030 2282 1108 2337 leo
1138 2293 1351 2354 paratus
1378 2287 1449 2341 ad
1468 2290 1701 2358 praedam
1728 2302 1774 2349 ο.

181 2358 379 2431 Neque
431 2364 532 2434 ipsi
582 2373 738 2422 terra:
788 2376 893 2423 tua:
944 2372 1151 2438 credas,
1184 2389 1443 2445 suspenso
1469 2379 1581 2447 tibi,
1613 2379 1781 2439 immo

182 2454 405 2509 munito
460 2455 557 2526 (V.
590 2466 703 2513 not.
737 2458 860 2530 178)
891 2461 1160 2517 calcanda:
1191 2466 1416 2534 vestigio
1449 2486 1461 2521 :
1493 2485 1613 2539 quae
1653 2488 1779 2542 pec-

178 2552 373 2599 catum
420 2546 579 2615 primi
626 2551 793 2618 patris
822 2552 873 2606 in
922 2554 1166 2609 universa
1195 2556 1469 2614 hominum
1492 2578 1655 2617 carne
1683 2581 1778 2619 co-

179 2648 477 2701 gnoscens,
507 2638 675 2707 spinis
703 2648 759 2695 et
787 2643 1001 2697 tribulis
1029 2643 1063 2709 ',
1080 2655 1135 2700 et
1161 2650 1499 2718 serpentibus
1513 2667 1575 2705 ac
1596 2652 1782 2709 bestiis

176 2725 366 2792 ferax,
421 2722 741 2787 sententiam
770 2732 1047 2791 Creatoris
1075 2740 1408 2807 exsequitur.
1438 2742 1618 2797 Multre
1648 2761 1784 2813 pue-

175 2820 346 2869 terea
401 2817 557 2872 nobis
599 2819 651 2872 in
701 2821 806 2876 hoc
835 2824 1021 2879 seculo
1049 2839 1255 2892 cruces,
1288 2829 1568 2885 innumera
1594 2831 1786 2888 discri-

169 2904 367 2970 mina,
390 2907 701 2962 morborum
722 2910 891 2976 labes,
918 2912 1143 2969 febrium
1167 2917 1316 2984 ignes
1341 2927 1394 2972 et
1414 2921 1659 2977 dolorum
1678 2924 1783 2979 tela

168 3003 510 3061 grassantur
562 2998 616 3053 in
659 3001 885 3069 animas,
935 3006 1283 3075 cupiditatum
1312 3010 1456 3066 faces
1485 3013 1558 3083 (b)
1588 3028 1782 3070 accen—

170 3084 421 3150 duntur,
445 3085 641 3156 ubique
662 3093 910 3159 pmtenti
932 3094 1099 3149 latent
1129 3096 1321 3167 laquei,
1354 3079 1588 3172 undique
1609 3105 1780 3160 stricti
1806 3079 1853 3144 ο

173 3175 419 3231 horrent
443 3177 623 3245 gladii,
652 3182 796 3236 inter
821 3184 1043 3240 insidias
1067 3194 1121 3241 et
1161 3203 1364 3258 pugnas
1392 3193 1502 3247 vita
1535 3195 1783 3264 transigi-

177 3272 291 3329 tur,
315 3272 374 3319 et
402 3280 501 3333 per
528 3269 678 3335 ignes
697 3270 887 3328 doloso
905 3275 1070 3333 cineri
1092 3280 1397 3347 suppositos
1418 3282 1772 3341 ambulamus.

255 3353 350 3409 10.
395 3354 557 3426 Igitur
585 3358 896 3431 priusquam
932 3364 983 3417 in
1010 3365 1242 3436 aliquam
1272 3376 1540 3435 tantarum
1561 3375 1778 3444 {egritu-

186 3442 380 3500 dinum
409 3446 583 3502 labem
603 3452 737 3505 casu
760 3451 846 3506 vel
874 3455 1068 3510 merito
1109 3467 1262 3513 actus
1288 3461 1554 3533 incurras,
1587 3442 1776 3525 festina

183 3535 405 3591 medico
431 3548 712 3609 susceptus
741 3550 797 3597 et
815 3557 971 3615 carus
994 3546 1127 3612 ﬁeri,
1151 3558 1208 3603 ut
1236 3552 1289 3605 in
1321 3561 1565 3625 tempore
1592 3575 1779 3617 ncces-

183 3624 363 3680 sitatis
395 3635 637 3694 paratum
665 3630 868 3687 habeas
893 3636 1186 3693 remedium
1213 3642 1397 3699 salutis
1420 3624 1467 3702 0.
1490 3647 1645 3703 Aliud
1671 3660 1773 3718 est,

184 3718 408 3785 quando
438 3726 494 3773 tu
522 3721 669 3777 solus
711 3739 837 3781 oras
864 3740 962 3795 pro
992 3735 1079 3792 te;
1110 3738 1166 3784 et
1194 3732 1358 3798 aliud,
1389 3738 1606 3804 quando
1636 3742 1773 3795 mul-

182 3808 365 3864 titudo
399 3825 497 3879 pro
528 3819 581 3867 te
607 3813 749 3882 apud
777 3814 941 3870 Deum
972 3820 1223 3889 trepidat.
1274 3823 1356 3879 Tu
1404 3836 1587 3894 taces,
1612 3837 1669 3884 et
1702 3833 1773 3904 (c)

187 3914 307 3955 cum
338 3909 513 3970 taces,
544 3903 619 3957 illi
648 3920 747 3975 pro
777 3914 831 3962 te
858 3908 1109 3964 clamant.
1141 3912 1206 3967 Et
1228 3916 1410 3972 vident
1458 3928 1529 3985 te,
1559 3930 1614 3976 et
1640 3927 1774 3980 arri-

186 3992 332 4047 dent.
360 3993 649 4051 lnveniunt
679 4005 750 4063 te,
782 4007 839 4054 et
867 3999 1205 4070 adsalutant;
1238 4014 1293 4060 et
1312 4012 1565 4076 egestatis
1593 4021 1648 4067 et
1676 4015 1772 4070 de-

187 4082 414 4138 bilitatis
464 4085 827 4154 immemores,
885 4104 1113 4160 corpora
1164 4094 1403 4165 ipsorum
1433 4107 1524 4155 tua
1545 4104 1773 4161 sanitate

188 4181 529 4241 vegetamur,
552 4178 742 4232 anima:
772 4186 864 4234 tuo
886 4189 1107 4250 aspectu
1150 4184 1448 4252 vigescunt.
1475 4188 1553 4244 Tu
1576 4193 1774 4264 quippe

188 4278 313 4332 ager
340 4265 453 4321 illis
476 4266 686 4336 fertilis,
719 4278 775 4325 tu
804 4270 999 4329 fundus
1023 4289 1083 4329 es
1124 4278 1287 4349 219
1329 4278 1669 4350 fructuosus;
1718 4282 1773 4344 et

189 4351 259 4407 illi
289 4357 525 4412 vicissim
574 4359 670 4413 tibi
720 4360 959 4431 locuples
987 4371 1043 4418 et
1068 4368 1304 4436 pretiosa
1326 4374 1596 4440 possessio
1624 4386 1768 4434 sunt.

192 4440 261 4497 Te
300 4444 433 4504 tiliis
471 4448 582 4503 suis
635 4450 947 4518 pncferunt,
976 4463 1029 4508 et
1059 4471 1157 4524 pro
1181 4464 1233 4512 te
1255 4460 1405 4528 prius
1427 4465 1588 4529 'quam
1619 4466 1685 4523 de
1712 4484 1772 4526 se
1798 4442 1853 4506 Β

190 4534 416 4605 Quisque
437 4538 715 4605 sollicitus,
742 4549 833 4595 aut
853 4558 976 4597 cum
1005 4559 1123 4613 sua,
1153 4554 1248 4602 aut
1275 4558 1401 4606 ante
1421 4560 1571 4610 suam
1622 4558 1767 4614 salu-

254 4656 279 4684 ι
308 4648 329 4703 Ι
358 4649 481 4733 get.
511 4652 649 4733 v,“8.
679 4723 695 4733 _
723 4653 751 4693 δ
782 4654 939 4710 Prov.
967 4659 1183 4733 11512,
1203 4670 1259 4716 ct
1286 4679 1393 4733 im.
1414 4665 1502 4723 25.
1583 4682 1605 4710 ε
1635 4672 1776 4733 Psal.

190 4728 325 4782 xxiv,
344 4719 437 4773 46.
517 4719 716 4779 UVE'ccl.
749 4741 823 4789 tu,
850 4741 885 4790 t,
910 4741 1020 4781 sec.
1046 4719 1207 4784 LXX.
1289 4732 1312 4769 ι·
1337 4719 1447 4790 ΠὈ

2360 1803 2689 1862 EPISTULA
2720 1811 2736 1830 ‘
2769 1809 2983 1865 XXXV.

1879 1886 2134 1946 Paulinus
2156 1872 2477 1968 commendat
2499 1895 2743 1968 Deiplaini
2764 1899 2995 1968 precibus
3016 1900 3245 1954 animum
3266 1899 3460 1954 demor-

2285 1966 2358 2019 tui
2380 1966 2560 2036 fratris
2588 1966 2688 2032 sui,
2719 1966 2771 2021 et
2791 1969 3036 2039 scipsum.

1948 2050 2267 2110 Beatissimo
2295 2064 2352 2111 ct
2378 2059 2676 2114 venerabili
2712 2075 2929 2130 semper
2962 2063 3117 2119 nobis
3148 2063 3222 2135 (e)
3250 2061 3459 2119 deside-

1878 2144 2187 2203 rautissimo
2216 2144 2362 2203 Patri
2391 2149 2685 2219 Daunum,
2714 2150 2998 2208 Pwuscs.

1950 2236 2148 2295 Breves
2173 2250 2373 2296 sancte
2418 2241 2721 2301 adectionis
2750 2252 2852 2299 tua:
2891 2245 3097 2301 litteras
3138 2261 3334 2315 magno
3378 2245 3458 2301 af-

1876 2324 2018 2383 fectu
2067 2328 2223 2385 nobis
2273 2332 2538 2400 copiosas,
2589 2334 2641 2388 in
2690 2341 2830 2402 tot\,
2884 2352 2992 2405 quo
3020 2336 3457 2402 desideravimus,

1878 2418 2044 2474 corde
2097 2421 2450 2491 suscepimus.
2500 2422 2607 2478 Sed
2654 2425 2782 2492 quia
2811 2426 2954 2479 omni
2978 2426 3053 2480 rei
3083 2436 3278 2495 tempus
3305 2435 3382 2480 est
3412 2435 3458 2489 ε,

1880 2520 2023 2561 nunc
2051 2508 2066 2539 ⁸
2101 2516 2158 2561 ut
2205 2510 2259 2563 in
2300 2514 2542 2579 tempore
2588 2512 3033 2577 contristationis,
3062 2522 3272 2582 tempus
3298 2514 3462 2570 etiam

1879 2595 2154 2651 breviandi
2175 2601 2440 2654 sermonis
2461 2616 2582 2655 esse
2604 2602 2773 2657 visum
2793 2609 2895 2656 est.
2914 2600 3272 2655 Contristatos
3285 2609 3463 2657 autem

1880 2704 1983 2743 nos
2006 2691 2356 2747 vehementer
2382 2691 2631 2758 fatemur,
2660 2708 2768 2748 non
2798 2701 2906 2747 tam
2937 2694 3004 2748 de
3024 2694 3173 2748 obitu
3195 2695 3463 2763 corporali

1883 2779 2063 2836 fratris
2090 2784 2279 2850 nostri,
2308 2799 2468 2854 quam
2491 2784 2561 2840 de
2581 2785 2901 2854 negligentia
2930 2786 3047 2854 ejus
3083 2784 3326 2857 spiritali,
3357 2800 3464 2855 qua

1883 2869 2355 2938 relinquendarum
2404 2874 2523 2929 istic
2579 2875 2754 2944 potius
2797 2890 3065 2941 curarum,
3097 2890 3255 2945 quam
3284 2875 3464 2946 provi-

1883 2960 2179 3016 dendorunt
2232 2964 2338 3020 illic
2392 2967 2750 3021 remediorum
2806 2983 3042 3033 memor,
3094 2968 3464 3037 posthabenda

1882 3056 2192 3123 praeposuit,
2217 3063 2271 3110 et
2292 3058 2649 3129 praeponenda
2672 3058 2980 3129 posthabuit
3010 3061 3055 3115 ³³.
3101 3061 3269 3129 Quem
3301 3078 3465 3132 opor-

1887 3143 1988 3197 tuit
2014 3151 2071 3198 et
2101 3144 2186 3198 illa
2214 3146 2423 3215 potiora
2450 3163 2548 3218 pro
2596 3162 2654 3203 se
2683 3164 2894 3217 curare,
2922 3158 2977 3204 et
3003 3149 3117 3206 hinc
3145 3153 3462 3221 temporalia

1883 3245 1982 3300 pro
2005 3231 2124 3286 (iliis
2144 3247 2249 3288 non
2272 3236 2700 3304 praetermittere.
2721 3235 2875 3293 Unde
2895 3239 3127 3308 petimus
3156 3247 3214 3294 ut
3237 3250 3462 3311 paterna

1881 3317 2163 3377 affectione
2203 3326 2538 3396 compatiens
2582 3326 2708 3382 huic
2748 3335 2933 3382 nostro
2957 3327 3128 3383 dolori
3156 3331 3466 3387 meminisse

1880 3406 2131 3476 digneris,
2163 3420 2219 3467 et
2244 3412 2392 3468 illum
2420 3414 2692 3485 quondam
2712 3416 3007 3484 spiritalem
3036 3417 3127 3471 tibi
3155 3416 3317 3473 tilium
3340 3433 3465 3488 gra-

1879 3495 1953 3550 tia
1982 3495 2077 3552 Dei
2098 3496 2260 3554 fuisse
2275 3504 2636 3571 progenitum,
2658 3512 2714 3558 et
2734 3502 2854 3558 ideo
2875 3512 2979 3558 tua:
3000 3505 3304 3575 specialiter
3321 3522 3464 3565 cura:

1877 3584 2017 3642 hanc
2044 3602 2163 3642 esse
2190 3604 2430 3655 causam,
2461 3607 2531 3647 ne
2558 3592 2812 3663 pietatem
2838 3602 3007 3663 tuam,
3028 3610 3079 3666 qu
3099 3610 3146 3650 te
3165 3597 3319 3652 nobis
3342 3597 3464 3655 tiliis

1876 3677 2229 3746 gloriabatur,
2275 3681 2569 3753 dilapidata
2623 3683 2966 3740 hereditaria:
3020 3687 3285 3757 portionis
3330 3690 3461 3745 sub-

1876 3768 2071 3823 stantia
2102 3770 2491 3826 coniundamus
2519 3770 2534 3809 ί
2566 3790 2578 3825 :
2606 3774 2702 3827 sed
2726 3774 2904 3843 potius
2927 3782 2984 3829 ut
3003 3776 3337 3833 orationibus
3358 3777 3466 3835 tuis

1877 3856 2213 3912 condonetur
2241 3859 2360 3928 tibi,
2390 3868 2449 3914 ut
2486 3868 2540 3915 et
2585 3860 2729 3915 illius
2756 3862 2987 3916 animam
3031 3864 3115 3918 vel
3142 3864 3209 3919 de
3237 3866 3462 3921 minimo

1876 3946 2178 4000 sanctitatis
2230 3949 2389 4019 220
2437 3956 2541 4003 tua:
2591 3948 2759 4018 digito
2802 3951 2877 4022 (ι’)
2906 3950 3168 4007 distillans
3198 3951 3461 4019 refrigerii

1876 4038 2025 4098 gutta
2078 4045 2354 4103 respergat
2380 4037 2394 4088 i
2421 4080 2435 4105 ,
2470 4048 2525 4093 et
2552 4041 2728 4104 nobis,
2753 4042 2879 4096 dum
2909 4051 3116 4110 tempus
3142 4052 3243 4108 est,
3272 4059 3461 4099 recur-

1876 4122 2118 4179 rentibus
2141 4126 2209 4179 ad
2238 4135 2291 4181 te
2320 4138 2374 4183 et
2413 4131 2802 4187 clamantibus:
2839 4134 3016 4199 Pater,
3051 4139 3368 4205 peccavimus
3405 4141 3459 4201 iu

1876 4209 2055 4266 caelum
2082 4222 2131 4267 et
2150 4216 2203 4268 in
2235 4226 2312 4281 te;
2339 4219 2454 4288 jam
2474 4237 2577 4274 non
2604 4237 2779 4276 sumus
2805 4223 2949 4294 digni
2975 4225 3144 4278 vocari
3168 4226 3267 4295 ﬁlii
3296 4228 3369 4279 tui
3396 4225 3419 4263 ¹ι
3442 4244 3455 4280 :

1877 4314 1979 4369 pro
2010 4301 2346 4360 confessione
2374 4309 2581 4377 peccati
2611 4309 2788 4365 divina
2818 4312 3091 4368 miseratio
3121 4321 3175 4368 te
3224 4314 3455 4370 interve-

1877 4390 2059 4448 niente
2087 4406 2381 4452 succurrat.
2416 4398 2492 4455 Ne
2521 4417 2621 4471 pro
2651 4402 2897 4458 absumta
2928 4406 3096 4475 patris
3122 4413 3240 4461 teter
3253 4407 3306 4461 ni
3327 4408 3459 4462 sub-

1876 4484 2068 4539 Stantia
2078 4528 2092 4554 ,
2105 4502 2263 4556 quam
2275 4492 2512 4560 quotidie
2522 4504 2744 4565 peccata
2756 4506 2938 4553 nostra
2949 4498 3258 4569 dilapidant,
3272 4501 3465 4557 obrua-

1874 4587 1998 4626 mur
2008 4574 2211 4643 pudore
2232 4577 2515 4649 redeundi,
2529 4592 2583 4639 et
2599 4584 2651 4639 in
2664 4584 2953 4659 longinqua
2967 4589 3187 4659 regione
3207 4590 3282 4663 (g',
3304 4606 3462 4647 com-

1809 4696 1922 4771 ιγιέ
1943 4684 2029 4740 12.
2107 4686 2132 4726 δ
2157 4688 2293 4771 (ign.
2321 4708 2396 4771 tu:
2425 4694 2510 4750 i8.
2591 4707 2615 4735 σ
2646 4696 2813 4771 Eccli.
2841 4719 3061 4771 xxxvm,
3080 4705 3132 4761 l.
3214 4704 3232 4744 ί
3262 4705 3459 4764 Matth.

1448 4754 1526 4793 or.
1553 4756 1647 4809 xu,
1670 4744 1755 4801 14.
1840 4750 1857 4790 ί
1893 4744 2022 4810 Luc.
2054 4744 2291 4823 xv,l5.q
3199 4744 3283 4831 i8:

256 4831 274 4851 ⁶
310 4831 461 4886 Alias
513 4833 614 4902 i9;
648 4851 766 4906 quae
796 4848 980 4897 autem
1023 4841 1097 4897 35
1120 4857 1254 4914 erat,
1283 4867 1425 4909 nunc
1447 4853 1536 4913 45.
1560 4857 1776 4933 Scripta
1799 4882 1945 4926 anno
1976 4871 2099 4927 405.

256 4945 1087 5045 sam-1
1105 4960 1306 5045 cum.
1333 4984 1475 5038 ηερε
1500 4989 1555 5045 ες
1579 4980 1771 5045 gms:-

192 5013 518 5105 errntbielior
541 5028 597 5073 et
617 5021 799 5076 verior
828 5025 1039 5094 vulgata

193 5079 324 5174 Vide
341 5100 421 5174 εξ.
438 5102 556 5174 quae
576 5079 968 5174 prmcessermit
988 5079 1490 5174 isifbééq‘iﬁi'

255 5152 725 5255 ﬂag-La
749 5163 878 5217 edit.
912 5152 1454 5245 cnam;,”aé&2£iiiizf
1475 5152 1768 5255 'mendose,

194 5230 245 5274 ut
271 5225 428 5278 nobis
459 5226 686 5283 videtur.

179 5290 638 5383 .-.ἔρηῐέξςεᾲυο
666 5301 830 5357 verba
868 5304 1065 5363 absunt
1099 5325 1129 5365 a
1179 5327 1277 5369 ms.
1305 5315 1491 5375 codice
1522 5320 1672 5379 Vien.
1706 5335 1763 5383 et

195 5359 319 5414 edit.
336 5362 571 5420 Chifllet.

366 5433 449 5520 Ita
474 5436 601 5520 editi
624 5448 855 5520 quatuor
873 5460 993 5500 cum
1020 5464 1122 5520 ms.
1146 5450 1314 5508 Vatic.
1348 5457 1562 5520 Optima
1589 5463 1767 5520 lectio.

196 5491 233 5543 Α
253 5472 326 5496 ,..,
366 5472 444 5488 ...ι
475 5472 601 5492 νυ...
624 5472 851 5509 Ψιηιυιιπ
873 5472 993 5500 eum
1022 5472 1122 5532 IIIS:
1155 5472 1314 5508 vatic.
1348 5472 1391 5512 U
1434 5472 1562 5515 ttma‘
1590 5472 1767 5520 lectio.

198 5505 411 5591 atque.
434 5519 595 5591 sensu
644 5525 770 5564 mss.
808 5511 937 5581 Reg.
971 5525 1027 5570 et
1055 5516 1207 5591 Vten.
1235 5532 1291 5576 et
1335 5472 1465 5580 edit.
1490 5527 1692 5591 cum.
1720 5544 1770 5588 et

514 5577 654 5633 illius
670 5562 790 5651 0;...
809 5562 1301 5655 manat-iiii};
1315 5562 1471 5650 ὦἰῖ
1490 5562 1772 5672 ’ἦὲἶῖἑὲςῗξ

228 5677 236 5685 .
354 5661 379 5696 r
407 5663 435 5697 τί
460 5661 505 5698 88

228 5663 435 5697 .muerm

1955 4986 2026 5075 fc)
2044 4988 2142 5070 .lta
2167 5007 2295 5049 mss.
2320 4993 2454 5066 Reg.
2477 5004 2533 5052 et
2560 4996 2714 5055 Vien.
2756 5002 2825 5057 At
2851 5003 2978 5059 editi
3001 5006 3219 5075 habent,
3248 5009 3459 5064 deside-

1804 5126 1809 5133 _
1879 5058 2163 5133 ratissimo.

1949 5126 2021 5225 ἐξ)
2062 5130 2848 5225 Ε’ξ’-¹ἔθὲ;ε,.ίέἰὶἰί¹¹ίέπ³;-δί9
2897 5160 3089 5225 ρωπος
3129 5146 3345 5225 πορίσας
3390 5147 3458 5225 ad
3556 5214 3565 5225 .

1876 5195 2033 5263 epist.
2068 5195 2251 5282 23.ad
2279 5195 2560 5289 Severum,
2590 5223 2643 5261 n.
2674 5195 2783 5274 33,7
2810 5195 2862 5267 in
2894 5195 3459 5296 vi..§,“;,u;;{;3;;.}j;

1875 5263 1987 5338 hac
2009 5268 2167 5322 seculi
2220 5282 2367 5326 nocte
2411 5276 2701 5338 destillant.
2748 5289 2804 5336 et
2825 5298 2878 5337 n.
2902 5282 2991 5338 36.
3023 5293 3218 5338 auttam
3240 5285 3459 5338 caelestis

1875 5302 1990 5347 ηιιιι.
2009 5302 2167 5349 σευ-μισ
2220 5302 2366 5353 trust:
2411 5302 2701 5347 acutum",
2748 5302 2804 5336 et
2825 5302 2878 5337 ll.
2902 5302 2991 5348 ου,
3023 5302 3218 5355 guttam
3240 5302 3455 5338 caelestis

1875 5345 2147 5455 Emerge
2167 5339 2446 5399 destillare.
2480 5344 2715 5417 Utraque
2744 5351 2905 5408 lectio
2931 5362 3169 5423 recepta.
3204 5352 3336 5409 Vide
3363 5369 3455 5424 eP-

2168 5480 2597 5557 rnsuviennensi
2626 5488 2815 5544 codice
2860 5490 3281 5557 emenda'vimus,
3314 5508 3458 5546 com-

1873 5546 2081 5667 :zzati.
2107 5544 2250 5605 Edit.
2272 5549 2480 5622 Scbot.,
2510 5544 2904 5614 murmurantes.
2930 5544 3067 5615 Ante
3088 5566 3207 5614 erat
3238 5544 3460 5620 contine-

1995 5631 2126 5667 tum.
3254 5666 3261 5667 ,

1939 5630 2126 5671 unum.
3252 5666 3261 5675 ,
