4078 6352
201 370 304 426 333

653 471 978 547 εριειοιΑ
1006 477 1022 498 ·
1048 472 1298 527 xxxv".

200 565 349 621 Dolet
374 582 467 636 per
500 581 595 619 sita
623 574 830 636 peccata
864 567 1056 635 factum
1083 573 1138 616 ut
1173 563 1441 636 Victricius
1462 604 1477 628 ,
1510 580 1622 636 cum
1642 634 1647 636 Α
1670 564 1774 618 Ro-

264 631 400 688 mam
420 637 657 701 venisset,
678 635 747 686 ad
767 650 820 687 se
840 631 940 685 non
966 634 1265 702 pervenerit.
1294 631 1491 684 Laudat
1512 632 1767 686 hominem

263 706 328 756 de
356 702 639 772 apostolico
665 701 1050 772 euangelizandi
1083 717 1311 772 munere,
1341 701 1499 770 deque
1536 702 1764 772 toleratis

264 769 680 825 adversariorum
706 769 1072 824 motionibus.
1103 769 1374 822 Postremo
1398 785 1513 821 eum
1536 771 1605 821 ad
1639 786 1766 822 con-

263 841 514 894 stantiam
543 848 693 893 recte
729 839 977 893 doctrina:
1012 845 1061 891 et
1096 840 1325 892 omnium
1358 839 1597 892 virtutum
1642 840 1766 891 hor-

266 918 427 961 tatur.

266 1016 547 1071 VICTRIGIO
566 1013 650 1085 (α)
674 1014 927 1070 unanimo
954 1014 1107 1069 lratri
1133 1013 1415 1068 Pauuaus.

262 1105 315 1158 1.
357 1104 509 1159 Sicut
546 1120 677 1174 aqua
700 1104 895 1174 [rigida
932 1103 1150 1168 sitienti,
1197 1112 1246 1155 et
1274 1101 1431 1154 bonus
1469 1101 1675 1154 nuntius
1709 1099 1772 1154 de

197 1203 332 1248 terra
354 1194 635 1264 longinqua
650 1202 698 1259 ι,
724 1193 797 1246 ita
825 1193 979 1247 nobis
999 1190 1277 1259 refrigerio
1297 1199 1353 1245 et
1374 1189 1648 1245 refectioni
1672 1189 1773 1244 fuit

193 1284 470 1354 eloquium
493 1284 790 1338 sanctitatis
816 1291 936 1348 tute,
961 1282 1105 1351 quod
1134 1297 1231 1351 per
1255 1282 1538 1351 epistolam
1570 1284 1584 1312 ⁸
1602 1320 1617 1347 ,
1645 1282 1766 1336 bre-

194 1387 312 1426 vem
340 1372 559 1442 quidem
580 1372 775 1437 verbis,
806 1371 904 1427 sed
931 1373 1155 1427 caritate
1192 1372 1454 1440 prolixam
1472 1410 1489 1436 ,
1517 1372 1573 1426 in
1609 1388 1772 1426 manu

192 1463 460 1518 carissimi
487 1463 765 1531 portitoris
790 1463 1115 1532 accepimus,
1154 1463 1260 1518 hoc
1303 1471 1406 1529 est,
1460 1461 1554 1516 lilii
1600 1463 1770 1518 nostri

191 1552 544 1619 Candidiani;
572 1553 724 1622 cujus
761 1554 945 1621 gratia:
990 1553 1345 1622 congratulati
1385 1569 1592 1622 sumus,
1644 1556 1771 1624 quia

193 1651 418 1712 propter
464 1643 629 1697 verba
675 1643 938 1698 labiorum
966 1650 1274 1698 sanctorum
1302 1651 1554 1713 prompto
1578 1645 1772 1714 spiritu

192 1730 482 1800 impigrum
501 1732 677 1786 carnis
696 1731 918 1785 inﬁrma:
939 1732 1241 1800 jumentum
1267 1732 1564 1799 angariavit
1582 1734 1636 1786 in
1657 1733 1772 1788 vias

1502 363 1831 422 EPISTOLA
1875 358 2135 419 XXXV".

1790 484 1837 542 Α
1868 474 2009 528 circa
2057 472 2414 527 inﬁrmitatem
2456 479 2693 527 nostram
2742 472 2876 529 facie
2903 482 2958 530 et
2985 488 3144 530 manu
3174 483 3265 531 tua
3294 490 3443 531 com.

3335 366 3442 423 85b

1868 562 2042 616 minus
2064 562 2400 625 visitandam,
2428 563 2647 616 verbum
2679 562 2807 615 illud
2836 562 3046 616 Domini
3071 563 3319 616 salutaris
3340 564 3441 617 im-

1866 650 2087 718 plesses,
2117 651 2241 717 quia
2271 659 2471 704 nonest
2498 667 2624 720 opus
2660 651 2855 705 medico
2877 653 3040 718 sanis,
3069 652 3158 705 sed
3188 655 3321 705 male
3342 653 3442 706 ha-

1868 738 2096 791 bentibus
2124 752 2167 790 ιε.
2198 738 2334 793 Nolo
2364 748 2417 793 te
2444 740 2606 805 enim,
2632 739 2913 794 benedicte
2941 740 3023 793 vir
3069 740 3139 809 (e)
3192 740 3442 808 Domino,

1866 829 1941 882 ita
1971 844 2216 883 securum
2239 845 2356 884 esse
2376 814 2650 895 delnobis,
2684 838 2740 885 ut
2768 839 2923 899 putes
2943 830 3055 898 jam
3088 839 3302 885 sanatos
3326 846 3444 886 esse

1866 934 2056 975 omnes
2101 921 2383 989 languores
2425 923 2615 975 aninue
2665 930 2881 983 nostrae,
2927 922 2981 975 in
3002 923 3193 990 quibus
3218 922 3445 976 Domino

1865 1009 2205 1079 peccavimus
2255 1019 2310 1064 et
2354 1026 2681 1079 peccamus:
2713 1011 3007 1080 quamlibet
3044 1013 3157 1080 ipse
3203 1026 3447 1066 summus

1868 1100 2268 1165 unguentarius,
2292 1101 2381 1168 qui
2410 1100 2476 1154 ad
2505 1102 2740 1155 remedia
2769 1101 2961 1156 salutis
2990 1109 3188 1156 nostra:
3229 1102 3448 1156 coniicit

1867 1188 2047 1243 varias
2082 1199 2471 1258 unguentorum
2498 1192 2809 1247 salutarium
2843 1202 3004 1261 atque
3028 1195 3283 1247 virtutum
3317 1210 3447 1248 sua-

1868 1279 2081 1345 vitates,
2113 1283 2556 1359 medicamentum
2582 1284 2702 1337 vita:
2745 1292 2943 1338 nostra:
2967 1300 3074 1340 non
3092 1285 3264 1339 solum
3283 1286 3350 1340 de
3370 1285 3450 1340 et-

1870 1365 2080 1424 fusione
2107 1370 2327 1439 Spiritus
2354 1373 2456 1438 sui,
2486 1373 2581 1426 sed
2603 1374 2764 1427 etiam
2788 1373 2854 1428 de
2884 1374 3125 1443 corporis
3158 1375 3328 1428 nostri
3357 1389 3447 1429 as-

1869 1460 2137 1513 sumtione
2165 1459 2485 1526 confecerit;
2516 1464 2705 1532 factus,
2737 1471 2795 1517 ut
2822 1465 3075 1534 scriptum
3105 1473 3208 1532 est,
3234 1481 3327 1530 pro
3349 1481 3447 1519 no-

1870 1546 1949 1601 bis
1998 1558 2260 1617 peccatum
2308 1567 2400 1619 per
2447 1552 2833 1606 similitudinem
2879 1556 3051 1607 carnis
3099 1555 3294 1623 peccati
3341 1553 3355 1590 ί
3393 1554 3448 1608 in

1872 1638 2096 1691 veritate
2124 1640 2300 1692 carnis
2323 1648 2537 1707 nostrte,
2565 1651 2621 1693 ut
2651 1641 2716 1694 de
2744 1654 2951 1711 peccato
2976 1643 3246 1696 damnaret
3264 1659 3447 1712 pecca-

1874 1734 1978 1778 tum
2004 1725 2016 1774 ι
2048 1726 2151 1779 hoc
2178 1735 2289 1790 est,
2322 1728 2555 1781 radicem
2580 1729 2782 1798 peccati
2812 1731 2982 1784 nostri
3009 1730 3123 1798 ipse
3150 1730 3354 1799 peccati
3384 1730 3449 1783 li-

192 1820 358 1875 duras
380 1818 432 1887 5,
461 1834 567 1874 non
596 1820 813 1885 virtute,
845 1818 940 1875 sed
970 1819 1072 1874 [ide
1100 1819 1285 1874 fretus.
1335 1818 1402 1872 Et
1447 1820 1565 1875 sine
1606 1820 1770 1875 dubio
1802 1830 1845 1889 Β
1872 1814 1968 1869 ber
1993 1814 2060 1869 de
2089 1817 2311 1869 materia
2340 1817 2486 1885 prius
2520 1818 2817 1886 peccatrice
2845 1818 3143 1883 damnaret,
3173 1820 3349 1871 delens
3380 1820 3447 1872 il-

191 1921 289 1978 per
318 1909 596 1964 orationes
623 1918 758 1974 tuas,
789 1910 942 1978 quasi
983 1924 1187 1979 pennas
1211 1909 1468 1964 columbae
1494 1919 1587 1965 aut
1612 1911 1776 1981 pedes

192 1999 342 2052 cervi
376 2008 401 2037 ε
432 1996 504 2052 ad
531 1997 856 2068 implendum
884 1999 1123 2059 caritatis
1162 1999 1513 2067 ministerium
1554 2001 1777 2056 robora-

136 2134 141 2139 .
193 2098 278 2144 tus
304 2090 542 2159 accepit,
571 2098 627 2145 et
653 2091 778 2145 inde
805 2092 855 2145 in
884 2106 1049 2160 parvo
1071 2105 1298 2161 corpore
1324 2093 1471 2162 quasi
1511 2094 1655 2163 gigas
1698 2092 1777 2147 fa-

190 2190 336 2248 ctus,
362 2181 638 2235 exsultavit
664 2180 734 2233 ad
761 2181 1066 2234 currendum
1088 2181 1222 2234 riam
1243 2178 1300 2246 d;
1330 2190 1386 2237 et
1413 2181 1638 2250 replevit
1660 2183 1777 2236 ani-

195 2281 346 2322 mam
370 2276 611 2336 nostram
635 2268 1009 2323 benedictione
1028 2268 1341 2333 dulcedinis,
1372 2268 1602 2325 aﬂcrens
1624 2271 1644 2301 ⁹
1673 2285 1774 2325 no-

174 2357 277 2415 .bis
324 2358 583 2428 epistolas
628 2359 987 2412 desiderabiles
1034 2375 1186 2429 super
1237 2376 1426 2413 aurum
1465 2370 1516 2414 et
1552 2359 1775 2431 lapidem

172 2449 478 2516 pretiosum
502 2449 678 2515 nimis,
702 2459 753 2502 et
779 2464 929 2519 super
949 2450 1047 2502 mel
1069 2450 1090 2479 ³
1117 2457 1168 2503 et
1189 2450 1358 2519 favum
1383 2450 1554 2504 dulces
1579 2462 1621 2503 ⁸.
1646 2449 1776 2517 Qui-

185 2534 300 2591 bus
341 2545 578 2591 mentem
633 2545 873 2592 nostram
911 2537 979 2593 de
1027 2539 1265 2608 peccatis
1304 2554 1575 2606 amaram,
1623 2541 1776 2610 quasi

190 2624 274 2694 (b)
288 2639 522 2681 merram
544 2627 688 2681 illam
702 2628 774 2698 (ε)
788 2627 842 2681 in
865 2642 1027 2683 manu
1046 2628 1214 2699 Moysi
1234 2643 1332 2699 per
1356 2630 1558 2696 lignum
1577 2641 1778 2700 myste-

186 2714 260 2767 rii
283 2712 331 2780 τ,
346 2715 416 2769 ita
445 2717 789 2771 beatitudinis
817 2720 974 2790 223
1001 2727 1103 2772 tuae
1127 2728 1342 2773 sanctus
1360 2727 1416 2773 et
1440 2719 1611 2775 dulcis
1628 2719 1780 2775 allia-

185 2811 278 2857 tus
305 2805 360 2857 in
384 2801 721 2858 dulcedinem
760 2804 954 2860 lzetitite
981 2806 1209 2875 spiritali
1245 2807 1509 2861 suavitate
1532 2808 1776 2864 mutavit.

179 2889 334 2944 Nam
363 2898 420 2944 et
457 2890 585 2944 inde
614 2892 810 2946 tristati
834 2894 1240 2948 amaritudinem
1265 2896 1604 2959 duxeramus,
1635 2898 1779 2966 quod

176 2992 262 3032 cx
295 2974 441 3030 Urbe
467 2977 543 3036 ad.
558 2993 676 3042 nos,
707 2979 847 3033 sicut
872 2981 1245 3049 sperabamus,
1274 2981 1425 3036 brevi
1455 2982 1643 3038 itinere
1672 3000 1776 3040 non

178 3080 446 3131 veneras,
476 3068 568 3136 qui
615 3068 685 3122 ad
734 3068 929 3125 Urbem
971 3086 1069 3141 per
1106 3081 1250 3126 tanta
1298 3081 1561 3128 terrarum
1606 3077 1775 3145 spatia
1820 3088 1823 3091 λ

1875 1905 1962 1959 lud
2008 1907 2141 1977 quod
2186 1907 2455 1960 adversum
2494 1925 2588 1961 nos
2609 1919 2720 1962 erat
2750 1909 2987 1963 mortalis
3008 1910 3160 1962 edicti
3186 1891 3448 1978 chirogra-

1873 1996 2029 2066 phum
2056 1996 2079 2034 κ
2111 2014 2206 2067 per
2233 2001 2542 2067 sanguinem
2572 2000 2831 2068 passionis
2854 2015 2984 2063 sum,
3016 2010 3071 2054 et
3103 2001 3446 2066 inimicitiam,

1874 2098 1979 2153 qua
2007 2087 2385 2155 separabantur
2424 2103 2453 2140 a
2508 2086 2618 2141 Deo
2665 2088 2898 2157 peccatis
2947 2089 3447 2156 intervenientibus,

1876 2173 1943 2245 (ί)
1973 2175 2229 2246 interfecit
2255 2177 2305 2227 in
2330 2177 2597 2246 semetipso
2633 2175 2672 2241 ',
2702 2186 2757 2230 et
2786 2178 3130 2246 triumphavit
3155 2185 3449 2246 potestates

1875 2262 2207 2319 adversarius
2253 2265 2407 2337 (forte
2445 2266 2567 2318 add.
2618 2266 2693 2335 in)
2723 2283 2886 2321 carne
2936 2283 3062 2333 sua,
3114 2268 3248 2321 dans
3294 2268 3448 2323 nobis

1874 2352 2176 2421 exemplum
2209 2353 2416 2410 vivendi
2461 2362 2621 2423 atque
2669 2356 2908 2410 vincendi
2954 2358 3006 2409 in
3055 2357 3448 2428 nobismetipsis

1872 2440 2140 2509 spiritales
2167 2450 2222 2496 et
2259 2443 2548 2497 invisibiles
2575 2445 2817 2500 inimicos
2852 2446 3077 2514 spiritali
3116 2455 3171 2500 et
3198 2448 3449 2502 invisibili

1873 2532 2087 2601 prmlio,
2134 2532 2276 2601 quod
2317 2520 2529 2601 geritur.
2561 2535 2699 2587 inter
2736 2536 2904 2602 legem
2953 2537 3147 2589 mentis
3187 2546 3241 2591 et
3278 2537 3448 2605 legem

1875 2622 2051 2676 carnis
2070 2621 2341 2689 captivare
2366 2638 2462 2677 nos
2490 2623 2745 2676 nitentem
2771 2624 2821 2675 in
2856 2623 3029 2690 legem
3048 2626 3264 2698 peccati
3290 2634 3349 2679 ιη.

1947 2711 2001 2763 5.
2041 2710 2148 2765 Sed
2177 2726 2270 2763 ora
2294 2710 2460 2765 Deum
2490 2712 2530 2776 ⁸,
2555 2720 2608 2765 et
2636 2726 2820 2779 exora,
2849 2720 2902 2763 ut
2924 2712 3272 2781 apprehendat
3291 2714 3451 2786 22‘

1878 2816 2026 2853 arma
2053 2808 2102 2853 et
2123 2810 2339 2863 scutum,
2372 2810 2420 2853 et
2447 2811 2694 2873 ersurgat
2744 2803 2797 2855 in
2838 2803 3151 2872 adjutorinm
3197 2803 3361 2870 nobis,
3400 2814 3451 2858 et

1878 2889 2017 2942 dicat
2042 2892 2447 2967 animisnostris
2475 2908 2492 2945 :
2523 2891 2679 2946 Salus
2713 2899 2800 2945 tua
2827 2909 2917 2962 ego
2939 2909 3051 2945 sum
3075 2903 3129 2959 ";
3155 2909 3221 2947 ne
3247 2893 3337 2947 liat
3365 2895 3448 2950 via

1878 2987 2060 3036 nostra
2097 2981 2330 3036 tenebras
2368 2990 2425 3036 et
2467 2982 2752 3048 lubricum,
2781 2992 2836 3037 et
2865 2984 3071 3053 operiat
3116 3000 3215 3038 nos
3261 2985 3447 3040 umbra

1877 3071 2082 3134 mortis,
2113 3080 2165 3125 et
2185 3072 2323 3123 dicat
2343 3072 2616 3124 inimicus:
2643 3071 2897 3126 Prwvalui
2923 3074 3162 3127 adversus
3187 3090 3273 3127 eos
3298 3081 3344 3128 ο.
3370 3074 3444 3128 Τθ

178 3168 539 3222 perveneras.
571 3155 772 3213 Fateor
798 3159 941 3213 enim
976 3173 1064 3214 me
1092 3160 1248 3238 hujus
1275 3161 1405 3216 boni
1433 3162 1627 3219 damno
1666 3180 1772 3220 non
1802 3172 1847 3236 α
1877 3172 2006 3213 vero
2018 3160 2093 3230 (g)
2114 3158 2273 3213 tende
2313 3167 2364 3214 te
2392 3176 2489 3229 pro
2511 3162 2664 3214 nobis
2689 3177 2871 3214 arcum
2888 3164 3165 3229 orationis,
3191 3181 3295 3218 non
3320 3180 3445 3219 cor.-

178 3242 367 3295 solum
394 3244 769 3299 contristatum
795 3287 812 3313 ,
861 3247 958 3302 sed
983 3256 1039 3302 et
1076 3247 1355 3304 confusum
1382 3250 1542 3306 fuisse
1570 3269 1583 3305 :
1615 3268 1770 3307 num-

182 3344 354 3398 quam
385 3331 529 3386 enim
557 3330 579 3363 ⁸
607 3334 779 3400 magis
804 3335 935 3389 mihi
962 3336 1084 3405 ipsi,
1114 3350 1184 3391 ne
1210 3337 1385 3392 dicam
1413 3339 1550 3404 aliis,
1594 3342 1769 3395 mani-

184 3418 385 3473 festata
412 3419 624 3474 fuerant
652 3430 875 3489 peccata
898 3437 1040 3491 mea,
1063 3438 1222 3492 quam
1250 3426 1393 3493 quod
1420 3427 1551 3481 mihi
1566 3428 1633 3483 de
1660 3438 1767 3484 tam

176 3508 440 3581 proximo
464 3511 643 3565 vultus
674 3512 749 3565 tui
770 3512 947 3566 lumen
983 3513 1300 3569 inviderant.
1332 3514 1594 3586 Numquid
1624 3520 1767 3574 enim

185 3596 281 3653 Dei
302 3615 515 3666 manus,
544 3617 663 3671 qua:
694 3612 802 3657 tam
830 3604 986 3673 longe
1016 3615 1068 3660 te
1088 3607 1428 3675 perduxerat,
1471 3626 1640 3681 prope
1659 3629 1766 3669 non

188 3689 449 3745 valuisset
470 3692 773 3748 adducere?
814 3693 918 3749 Sed
946 3704 1159 3765 peccata
1188 3707 1370 3753 nostra
1399 3700 1583 3768 grandi
1611 3718 1766 3758 muro

188 3780 475 3837 desideriis
502 3785 697 3839 nostris
724 3787 992 3854 opposita,
1024 3788 1163 3842 inter
1183 3804 1280 3843 nos
1307 3797 1362 3845 et
1399 3798 1451 3845 te
1490 3806 1768 3861 separave-

186 3878 307 3922 runt
334 3880 387 3924 ε.
431 3869 521 3924 Vw
544 3872 669 3925 mihi
691 3866 873 3927 misero
909 3878 1163 3944 peccatori
1200 3877 1467 3932 immunda
1492 3878 1631 3933 labia
1670 3882 1765 3934 Ita-

190 3956 343 4023 benti,
375 3960 468 4027 qui
494 3962 664 4015 audeo
690 3960 869 4019 dicere
895 3972 947 4017 te
976 3979 1145 4032 prope
1170 3981 1298 4030 nos,
1325 3968 1411 4021 vel
1451 3983 1551 4022 nos
1598 3985 1764 4038 prope

191 4051 239 4099 te
263 4044 431 4101 fuisse
462 4065 475 4100 :
503 4064 641 4114 cum,
672 4050 835 4104 etiam
863 4050 909 4104 si
931 4050 999 4104 ad
1026 4066 1124 4105 nos
1140 4066 1305 4120 usque
1335 4054 1589 4119 venisses,
1611 4070 1764 4123 teque

188 4140 367 4189 tamen
392 4149 423 4188 a
451 4137 731 4191 sanctitate
753 4145 840 4191 tua
862 4137 1020 4205 longe
1041 4135 1325 4193 fuissemus
1345 4141 1364 4170 ⁵
1391 4157 1404 4191 :
1430 4154 1603 4208 neque
1621 4143 1763 4197 enim

187 4220 316 4278 locis
367 4226 630 4294 potuisset
666 4226 865 4298 aequari
917 4235 1009 4280 aut
1058 4226 1307 4297 conjungi
1337 4236 1483 4282 tanta
1510 4230 1762 4286 virtutum

193 4313 447 4369 distantia
475 4324 530 4370 et
557 4317 919 4386 longinquitas
946 4318 1280 4372 meritorum.
1536 4380 1553 4393 η

255 4401 308 4458 2.
347 4402 731 4461 Verumtamen
745 4405 1003 4461 fructibus
1023 4408 1324 4463 sanctitatis
1338 4416 1441 4463 tute
1457 4424 1592 4480 opus
1610 4411 1762 4466 istius

1872 3250 2188 3301 vertemur.’
2219 3249 2270 3301 in
2300 3264 2477 3303 arcum
2506 3266 2830 3319 perversum.
2882 3252 3147 3325 Exsurgat
3193 3257 3244 3309 in
3289 3258 3443 3312 nobis

1869 3336 2028 3403 Deus,
2060 3347 2113 3390 ut
2132 3326 2442 3410 dissipentur
2462 3342 2653 3395 inimici
2683 3344 2844 3395 nostri
2876 3355 2900 3391 ιι
2925 3361 2939 3408 ;
2968 3346 3089 3412 quia
3118 3356 3326 3414 propter
3354 3347 3447 3398 nii-

1868 3431 2053 3483 seriant
2075 3432 2281 3500 inopum
2304 3441 2352 3484 et
2380 3434 2621 3502 gemitum
2641 3450 2921 3502 pauperum
2949 3446 2997 3502 τι,
3026 3450 3252 3503 quorum
3275 3439 3441 3505 parti-

1866 3517 2011 3587 cipes
2036 3535 2239 3585 sumus,
2283 3523 2570 3574 exsurrexit
2621 3520 2899 3586 Dominus,
2926 3532 2982 3576 ut
3020 3532 3265 3578 uerteret
3302 3526 3442 3580 mala

1868 3616 2050 3661 nostra
2078 3609 2297 3661 inimicis
2329 3610 2517 3662 nostris
2548 3618 2591 3670 ι’,
2624 3617 2678 3663 et
2715 3612 2880 3665 salvos
2912 3613 3101 3682 faceret
3124 3623 3435 3683 peccatores,

1865 3714 2076 3768 quorum
2125 3700 2371 3768 prwcipui
2423 3716 2595 3753 sumus
2631 3708 2675 3764 ",
2712 3702 2849 3756 sicut
2893 3702 3057 3757 intimi
3099 3707 3119 3736 ⁸
3160 3721 3439 3763 servorum

1864 3784 2093 3851 Christi;
2118 3787 2207 3855 qui
2229 3803 2326 3842 nec
2348 3802 2411 3842 ea
2439 3802 2556 3857 qua:
2584 3789 2858 3854 debemus,
2882 3789 3057 3848 lacere
3084 3810 3364 3864 possumus
3391 3802 3435 3867 ις

1864 3892 1984 3932 cum
2015 3887 2068 3931 et
2095 3894 2252 3948 supra
2282 3879 2516 3933 debitum
2544 3881 2672 3950 legis
2695 3882 2907 3952 aliquod
2941 3887 3296 3943 voluntarium
3318 3907 3437 3946 mu-

1865 3982 1964 4021 nus
1991 3967 2222 4034 adjicere
2251 3966 2539 4044 debeamus
2565 3969 2630 4022 de
2651 3970 2843 4025 atlectu
2873 3982 3078 4041 nostro,
3104 3984 3159 4028 ut
3186 3977 3437 4044 Magister

1863 4059 1978 4128 ipse
2018 4057 2161 4119 fecit,
2194 4058 2345 4133 cujus
2367 4068 2423 4111 tu
2452 4035 2686 4113 innitatur
2723 4076 2811 4125 es;
2842 4063 2933 4129 qui
2982 4035 3302 4131 potestatem
3340 4068 3437 4122 ba-

1862 4148 1994 4202 bens
2017 4148 2082 4201 de
2108 4145 2397 4213 Evangelio
2420 4148 2832 4212 vivendi,noluit
2861 4158 3037 4205 tamen
3069 4155 3142 4206 uti
3169 4164 3437 4224 potestate

1862 4251 1979 4303 sua,
2026 4247 2081 4290 et
2120 4236 2199 4305 (h)
2232 4236 2456 4289 abutens
2484 4236 2650 4302 licito,
2678 4237 2819 4294 hanc
2844 4241 3179 4299 occasionem
3222 4245 3321 4299 sibi
3348 4263 3437 4303 cu-

1862 4324 2127 4380 mulandae
2161 4322 2301 4393 apud
2338 4324 2604 4379 Christum
2631 4327 2892 4384 mercedis
2925 4330 3147 4398 invenit,
3177 4342 3235 4388 ut
3260 4332 3428 4393 Evan-

1860 4414 2056 4484 gelium
2081 4414 2197 4467 sine
2214 4422 2391 4467 sumtu
2420 4423 2647 4483 poneret
2676 4424 2723 4472 υ.

193 4491 405 4561 pietatis
432 4495 510 4565 (ά)
532 4505 834 4551 accesserat
862 4498 1016 4567 (forte
1035 4498 1132 4569 leg.
1157 4499 1507 4572 accessisset),
1539 4509 1594 4555 et
1622 4492 1760 4557 mer-
1788 4523 1838 4584 υ
1932 4504 1983 4557 4.
2027 4502 2139 4557 Tua
2163 4517 2291 4557 vero
2315 4505 2568 4559 sanctitas
2601 4520 2707 4561 non
2730 4507 2900 4562 solum
2930 4509 2998 4564 de
3030 4511 3287 4570 abusione
3326 4516 3435 4573 lici-

191 4585 350 4640 cesin
374 4585 514 4641 caelo
553 4593 643 4640 tua
696 4587 764 4641 de
809 4594 917 4641 tam
943 4588 1032 4657 pio
1062 4588 1245 4644 labore
1291 4591 1567 4656 crevisset,
1615 4593 1660 4648 si
1705 4603 1763 4650 et

257 4706 282 4735 ι
308 4696 486 4776 Krov.
512 4715 640 4776 x_xv,
670 4697 758 4752 25.
791 4698 1022 4776 ffsal.
1055 4716 1163 4776 xvi,
1190 4701 1224 4754 4
1245 4770 1262 4776 _
1288 4702 1502 4776 f___Psal_.
1536 4720 1642 4776 ιιν,
1676 4705 1726 4770 7,
1752 4714 1808 4762 et
1833 4723 1961 4771 xv",
1983 4706 2073 4760 3i.
2116 4775 2121 4776 ί
2147 4705 2330 4761 “Psal.
2348 4722 2495 4771 xvut,
2515 4706 2567 4760 6.
2646 4718 2671 4746 ε
2712 4707 2848 4765 Psal.
2876 4728 3020 4776 ιιι-ιιι,
3042 4712 3125 4768 ll.

194 4778 275 4843 sv,
305 4765 400 4843 ἰᾷ.
420 4836 459 4843 _
478 4776 512 4843 tt
539 4767 660 4822 lsai.
685 4766 840 4843 "AS,
872 4768 936 4823 ex
966 4765 1211 4843 versione
1243 4770 1396 4843 LXX.
1473 4770 1521 4843 h_
1538 4765 1725 4828 Matth.
1758 4791 1809 4829 Ix
1832 4817 1846 4843 ,
1879 4765 1965 4829 12.
2049 4776 2063 4813 ί
2107 4775 2152 4830 ll
2180 4776 2304 4830 Cor.
2347 4793 2398 4840 v,
2444 4765 2532 4830 2'1.

1430 4851 1454 4876 ιι
1496 4840 1636 4897 Psal.
1670 4840 1848 4909 xxxiv,
1872 4843 1906 4895 2
1933 4856 1987 4898 et
2014 4847 2067 4899 3.

194 4900 242 4979 ξ.
284 4916 336 4979 ⁵ξι
364 4900 519 4979 3551.
557 4921 629 4972 xi,
656 4906 723 4979 6._
787 4917 808 4944 ι’
848 4905 988 4961 PsaL
1012 4923 1120 4974 Lm,
1156 4900 1236 4962 7.’
1285 4919 1303 4946 ε
1345 4909 1532 4963 lTim.
1559 4927 1596 4979 ι,
1628 4910 1714 4967 15.

1866 4929 1974 4968 .uc.
2000 4929 2123 4979 xvn,
2158 4915 2242 4968 10.

196 4832 273 4906 ιι.
354 4836 612 4906 1_pres.
643 4853 698 4900 ιι,
728 4832 860 4906 ἱϐίί
892 4849 928 4874 υ·
969 4838 1123 4893 Rom.
1150 4856 1239 4905 vn,
1266 4840 1353 4895 25.

196 4966 260 5038 9;
282 4973 325 5027 ll
364 4974 553 5031 Thess.
585 4966 666 5044 ιιι,
694 4974 748 5030 8.

1870 4605 2046 4651 torum
2074 4602 2130 4649 et
2155 4594 2476 4650 abstinentia
2500 4597 2903 4652 commodorum
2950 4601 3235 4658 visibilium
3276 4604 3429 4662 Chri-

3208 4717 3226 4753 '
3258 4716 3427 4775 Exod.

2612 4778 2626 4828 i
2679 4779 2835 4856 liora.
2871 4797 2979 4845 vni,
3015 4783 3178 4856 5η),
3209 4785 3327 4841 Col.
3370 4806 3428 4856 ιι,

2619 4860 2644 4898 ρ
2686 4848 2825 4924 l’sal.
2856 4868 3051 4924 Lxxvu,
3075 4852 3164 4924 57,
3194 4865 3248 4909 et
3264 4848 3428 4924 exvit,

2318 4925 2342 4951 ιι
2373 4915 2390 4968 l
2422 4917 2545 4971 Cor.
2581 4934 2652 4983 ix,
2685 4916 2769 4983 18,
2798 4928 2851 4973 et
2872 4936 2943 4987 ιν,
2974 4915 3062 4989 ης
3104 4922 3123 4976 l
3150 4915 3329 4983 'Tlies.
3371 4915 3431 4998 n,

2141 4845 2162 4866 °
2192 4843 2331 4899 Psal.
2368 4863 2457 4910 λιι,
2492 4846 2541 4901 5.

263 5064 276 5084 ‘
313 5064 464 5118 Alias
486 5058 576 5130 27;
604 5079 723 5135 qua:
746 5075 924 5122 autem
956 5067 1025 5121 57
1046 5076 1186 5133 erat,
1234 5086 1374 5125 nunc
1416 5070 1502 5123 15.
1550 5069 1760 5142 Scripta
1787 5086 1928 5127 anno
1949 5071 2053 5126 404
2072 5082 2320 5128 exeunte.

256 5151 328 5226 (ιι)
375 5152 473 5208 Ms.
505 5153 682 5226 Victi”
710 5155 904 5212 Sancto
933 5167 981 5211 et
1008 5160 1186 5215 merito
1214 5162 1508 5226 venerabili,
1536 5179 1596 5216 ac
1625 5163 1753 5217 dile-

196 5221 410 5295 ctissimo
440 5226 591 5295 fratri
622 5223 881 5291 Victricio,
911 5226 1185 5284 Paulinus.
1495 5221 1504 5226 ⁷
1578 5286 1587 5289 ,

258 5290 329 5359 ib)
369 5290 593 5366 Codices
621 5309 839 5360 omnes,
870 5290 1149 5366 myrrham.
1182 5298 1589 5354 Emendavmms
1616 5318 1753 5354 mer-

196 5372 514 5435 ran_i_ex_ms.
544 5361 841 5435 Germaad
890 5361 1077 5435 carm.
1106 5368 1171 5417 17
1211 5369 1277 5421 de
1324 5370 1498 5422 reditu
1534 5370 1751 5435 Nicetzc,

196 5439 243 5505 γ.
268 5427 354 5507 ξὶ.
382 5430 616 5507 Siemss.
640 5432 1025 5507 codices‘apud
1055 5434 1401 5503 Augustinum
1421 5476 1436 5501 ,
1469 5447 1658 5507 quiest.
1686 5427 1753 5490 56

197 5496 524 5553 inExodum.
560 5499 688 5554 Vide
708 5510 821 5556 not.
853 5496 974 5555 2431.

258 5567 327 5644 (ο)
365 5567 463 5644 bis.
494 5569 683 5644 codex.
718 5569 894 5644 Vien_.,
916 5572 1061 5644 illam
1081 5587 1261 5644 manus
1290 5573 1478 5644 Moysi.

259 5636 333 5705 td)
370 5636 467 5709 iis.
502 5636 677 5709 Y‘ien”
699 5636 991 5709 accederet;
1020 5641 1284 5709 forteAleg.
1310 5636 1621 5697 accessisset.

260 5717 329 5780 te!
368 5705 465 5761 Ms.
509 5706 708 5780 Vatia,
741 5709 809 5780 in
848 5707 1090 5765 Domino.
1152 5705 1442 5780 Utrumque
1497 5714 1748 5767 usitatum

199 5767 404 5830 Paulino
424 5782 477 5830 et
503 5767 854 5846 scriptoribus
873 5779 1107 5832 sanctis..

1933 5164 1999 5247 (ί)
2038 5164 2319 5220 Ms.~Vien.
2367 5167 2558 5236 codex,
2604 5170 3024 5240 interfecerit.....
3054 5181 3103 5228 et
3142 5176 3428 5247 triumpha-

1858 5242 2002 5287 verit.

1930 5305 2006 5372 (g)
2205 5303 2375 5357 Vatic.
2400 5313 2455 5359 et
2483 5305 2637 5374 Reg.,
2662 5309 2971 5363 intendente.

1930 5371 2008 5440 (li)
2037 5371 2260 5440 Abuteris
2290 5374 2464 5439 licito;
2511 5371 2671 5431 id'est
2696 5394 2798 5431 non
2838 5389 3004 5431 utens.
3036 5376 3238 5433 Eodem
3265 5395 3427 5437 sensu

1860 5439 2004 5503 mOx,
2037 5439 2278 5521 abusione
2309 5444 2595 5521 licitorum;
2624 5455 2679 5521 e_t
2699 5447 2857 5515 epist.
2878 5444 2963 5521 .49
3002 5447 3076 5521 ad
3116 5447 3425 5521 Macarium,

1861 5524 2005 5582 num.
2042 5508 2126 5572 14,
2160 5528 2260 5582 non
2289 5508 2617 5582 abutendum.
2648 5508 2779 5569 Item
2806 5514 2962 5582 epist.
3014 5513 3080 5567 12
3122 5516 3187 5567 ad
3226 5508 3425 5574 Aman:

1850 5577 2173 5659 dum,num.
2200 5581 2253 5646 7,
2285 5579 2378 5659 bis!
2396 5593 2576 5637 sancta
2601 5577 2970 5659 superbia-qua:
2983 5584 3115 5659 huic
3130 5587 3319 5642 mundo
3340 5605 3428 5641 stt-

1854 5646 2127 5728 perb.t'l,.....
2159 5652 2487 5728 omnibusque
2522 5646 2720 5722 magnis
2749 5646 2938 5712 eius'et
2959 5650 3188 5705 dulcibus
3215 5671 3277 5710 ac
3307 5674 3425 5728 spe:

1854 5715 2006 5768 ciosis
2036 5717 2275 5772 abutitur.
2405 5715 2416 5723 ’
2608 5715 2627 5722 ⁷
3332 5715 3343 5728 ’
3368 5720 3413 5761 ο
