4078 6352
621 364 727 422 355
1242 407 1273 419 με
1302 406 1317 415 —

1785 368 1842 427 S.
1892 370 2164 432 PAULI.“
2199 372 2454 436 NOLANI
2495 368 2799 438 EPISCOPI

617 475 805 531 stianze
827 473 1153 546 paupertatis
1196 473 1415 531 divitem
1443 476 1669 545 gloriam
1700 485 1878 546 tenet;
1908 482 2024 549 sed,
2063 481 2202 538 sicut
2229 496 2275 555 Α
2305 495 2454 543 rator
2476 486 2667 544 Patris.
2691 489 2795 545 Per
2812 492 2980 561 ipsum
3007 492 3152 548 enim
3180 496 3355 549 omnia
3377 497 3519 567 facta
3544 507 3681 564 sunt.
3715 504 3893 557 sicine

618 560 879 633 comperi,
907 565 1067 619 etiam
1090 564 1157 619 de
1185 565 1522 621 multitudine
1546 566 1967 637 adversantium,
1989 578 2043 625 et
2072 572 2208 626 tole-

617 654 791 707 rantia
814 655 1198 719 teutationum;
1228 656 1470 726 quoniam
1491 657 1882 711 insurrexerunt
1901 659 1955 712 in
1987 668 2034 713 te
2053 669 2207 715 testes
2252 682 2258 687 ι

615 742 799 812 iniqui,
842 750 891 794 et
938 743 1150 796 mentita
1177 753 1253 798 est
1278 744 1523 815 iniquitas
1552 746 1652 803 sibi
1694 757 1740 800 ι.
1792 747 1901 802 Sed
1938 747 2111 803 nodus
2151 750 2207 804 in

616 832 796 898 scirpo
829 837 882 884 et
906 845 1089 885 mevus
1124 832 1178 885 in
1220 833 1421 888 lumine
1452 827 1563 890 non'
1584 836 1761 905 potuit
1802 836 2026 893 inveniri
2058 855 2073 891 :
2104 855 2208 893 non

617 920 763 973 enim
789 919 1074 975 submodio
1100 922 1304 977 latebat
1349 923 1558 978 lucerna
1604 934 1713 991 tua,
1744 941 1863 995 quae
1909 929 2112 983 eminet
2150 936 2208 984 et

617 1007 895 1076 splendide
920 1008 1086 1078 litiget
1111 1027 1273 1081 supra
1296 1013 1661 1067 candelabrum
1681 1025 1943 1082 sanctum,
1969 1018 2209 1072 utlaceat

618 1099 852 1153 omnibus
875 1101 962 1170 qui
982 1103 1038 1155 in
1067 1102 1219 1156 domo
1237 1114 1356 1157 sunt
1376 1102 1440 1169 ι’;
1469 1112 1524 1159 et
1552 1106 1733 1161 multis
1758 1105 1987 1162 Domino
2012 1122 2208 1163 accen-

618 1190 811 1245 dendis
838 1192 1186 1247 luminaribus
1214 1194 1386 1249 fomes
1411 1196 1623 1250 existat.
1657 1196 1723 1250 Et
1751 1198 1872 1252 ideo
1924 1198 2205 1253 inconcus-

619 1295 738 1334 sum
766 1291 822 1334 et
861 1282 1050 1336 stabile
1100 1284 1391 1353 permansit
1436 1286 1814 1341 candelabrum
1868 1296 2036 1354 tuum,
2081 1289 2205 1358 quia

620 1370 866 1425 manibus
895 1371 1140 1425 humanis
1162 1372 1533 1442 impellebatur
1550 1383 1606 1428 ut
1627 1377 1863 1431 caderet.
1886 1374 2001 1432 Non
2023 1386 2205 1433 autem

620 1446 911 1513 merebaris
960 1468 1017 1512 ut
1063 1461 1203 1515 illius
1230 1477 1391 1515 manu
1420 1464 1474 1517 in
1502 1466 1712 1518 ruinam
1753 1476 2204 1532 commoveretur,

617 1549 705 1617 qui
741 1549 889 1603 habet
919 1550 1106 1620 septem
1148 1553 1345 1618 stellas,
1371 1562 1421 1607 et
1449 1555 1678 1609 ambulat
1706 1558 1841 1609 inter
1868 1554 2064 1627 septem
2086 1574 2210 1612 can-

619 1634 828 1691 delabra
857 1654 1034 1703 aurea,
1068 1639 1258 1694 habens
1301 1644 1355 1695 in
1402 1659 1492 1696 ore
1531 1643 1759 1714 gladium
1789 1644 1865 1699 bis
1910 1657 2113 1700 acutum
2157 1657 2203 1714 ε,

617 1739 726 1793 quo
757 1730 984 1781 armavit
1005 1729 1282 1783 dexteram
1322 1733 1517 1787 mentis
1557 1741 1679 1799 tum,
1711 1742 1768 1788 ut
1796 1737 2074 1806 utriusque
2102 1736 2206 1793 Te-

2306 577 2421 646 ipso
2441 579 2637 649 factum
2659 590 2736 634 est
2763 582 2893 636 nihil
2922 580 2969 636 ll.
3007 580 3078 636 Et
3090 573 3209 639 'hoc
3239 582 3492 653 Verbum,
3537 591 3751 658 pietatis
3793 591 3894 645 im-

2308 679 2509 720 mensa:
2537 670 2815 738 mysterio,
2861 686 2985 725 caro
3032 673 3227 742 factum
3273 682 3350 727 est
3376 676 3439 739 “,
3466 684 3518 732 et
3544 676 3795 732 habitavit
3836 680 3891 732 in

2308 751 2476 806 nobis.
2503 754 2626 809 Non
2669 764 2850 811 autem
2880 771 3010 813 caro
3040 767 3247 813 tantum
3285 764 3531 831 corporis
3576 766 3771 832 nostri,
3799 766 3892 822 sed

2308 845 2474 901 homo
2503 855 2671 916 totus,
2688 857 2742 902 et
2759 850 3005 919 corporis
3035 850 3204 905 nostri
3234 858 3289 906 et
3315 844 3507 908 animae
3527 857 3888 912 assumtione:

2308 933 2500 988 animm
2523 945 2702 990 autem
2725 937 3022 1003 rationalis,
3039 953 3157 1007 qua:
3172 937 3327 1007 juxta
3355 942 3595 997 naturale
3620 943 3890 1013 Opiﬁcium

2309 1020 2404 1075 Dei
2429 1022 2590 1077 habet
2617 1023 2832 1078 insitam
2877 1033 3113 1079 mentem
3157 1043 3171 1079 :
3218 1026 3457 1096 alioquin
3486 1028 3528 1060 ¹¹
3559 1028 3610 1083 in
3652 1032 3891 1087 tenebris

2309 1109 2632 1179 Apollinaris
2660 1114 2736 1184 (g)
2759 1114 3076 1182 errabimus,
3099 1115 3144 1171 si
3171 1116 3443 1172 hominem
3466 1130 3762 1176 assumtum
3784 1122 3890 1178 Deo

2309 1199 2541 1253 animam
2570 1211 2764 1255 mentis
2786 1202 3032 1257 humana:
3062 1219 3304 1272 vacuam,
3330 1208 3506 1276 qualis
3524 1217 3603 1263 est
3630 1225 3888 1279 pecorum

2306 1296 2363 1342 'et
2378 1287 2763 1357 jumentorum,
2790 1289 3029 1345 dicamus
3059 1292 3337 1359 habuisse;
3386 1302 3442 1348 et
3468 1308 3589 1350 cum
3617 1298 3886 1354 hominem

2307 1390 2468 1445 quem
2496 1379 2732 1447 suscepit
2753 1377 2846 1431 Dei
2874 1377 3067 1445 Filius;
3089 1381 3180 1448 qui
3211 1396 3431 1437 necesse
3450 1391 3609 1439 estea
3634 1386 3884 1457 veritate,

2300 1478 2412 1532 qua
2441 1465 2642 1518 veritas
2665 1472 2767 1530 est,
2803 1472 2860 1519 et
2885 1480 2989 1535 qua
3016 1468 3221 1522 creavit
3246 1468 3540 1536 hominem,
3571 1479 3745 1526 totum
3768 1490 3883 1528 sus-

2307 1555 2536 1625 ceperit,
2567 1563 2626 1608 ut
2671 1571 2809 1625 opus
2836 1572 2991 1611 suum
3033 1558 3190 1629 plena
3216 1560 3390 1616 salute
3410 1574 3713 1619 renovaret.
3737 1565 3881 1622 Nulla

2308 1649 2392 1697 est
2420 1651 2598 1696 autem
2626 1646 2776 1698 salus
2802 1652 3008 1710 nostra,
3035 1648 3135 1701 nisi
3165 1648 3319 1717 plena
3342 1658 3454 1715 est;
3484 1652 3610 1720 quia
3649 1668 3759 1707 non
3788 1654 3882 1709 ho«

2306 1730 2528 1792 minem,
2553 1729 2649 1784 sed
2674 1730 2819 1786 aliud
2846 1733 3025 1787 nescio
3052 1735 3199 1802 quod
3220 1736 3301 1805 (It)
3329 1737 3715 1795 irrationabiiis
3738 1757 3881 1795 crea-

618 1822 868 1899 stameqti
912 1821 988 1890 (a)
1046 1820 1161 1876 face
1212 1822 1492 1877 candentia
1550 1826 1750 1881 inimici
1808 1827 1987 1896 jacula
2033 1830 2206 1884 victor
2308 1826 2441 1872 ιυΓῶ
2467 1818 2667 1910 ἒηίηὶέι
2710 1821 2945 1910 δξιεςθρίι
2986 1821 3081 1877 θεῖ
3128 1822 3320 1891 Filius:
3351 1826 3397 1880 Si
3447 1835 3685 1882 ῐηθιιῑθηι
3736 1846 3880 1886 suam

619 1908 928 1976 exstinguas
953 1906 980 1947 ά
1011 1919 1067 1965 et
1096 1911 1283 1965 cadant
1311 1930 1342 1965 a
1372 1915 1530 1968 latere
1559 1926 1643 1968 tuo
1669 1917 1830 1985 mille,
1857 1928 1906 1971 et
1926 1919 2061 1973 dena
2087 1920 2207 1973 mil-

2308 1906 2580 1975 pr0priam
2609 1907 2842 1961 hominis
2862 1911 3083 1965 assumti
3106 1911 3280 1966 anima
3310 1929 3418 1968 non
3439 1915 3650 1982 habuit,
3672 1925 3729 1970 et
3755 1933 3879 1971 con-

619 1997 693 2049 lia
733 2013 767 2050 a
807 2000 1004 2067 dextris
1034 2004 1134 2056 tuis
1164 2012 1210 2070 ε,
1240 2004 1337 2058 tibi
1378 2013 1555 2059 autem
1596 2023 1702 2062 non
1735 2012 2203 2080 appropinquent;

620 2082 698 2154 (b)
728 2099 885 2153 quem
910 2087 1304 2158 inexpugnabili
1328 2102 1482 2147 scuto
1502 2101 1644 2161 teget
1670 2100 1869 2152 veritas
1900 2098 2012 2161 Dei,
2040 2108 2100 2154 ut
2119 2116 2207 2153 ar-

617 2188 714 2229 cus
742 2191 928 2230 eorum
976 2178 1331 2245 inﬁrmentur,
1385 2182 1478 2250 qui
1523 2183 1577 2237 in
1626 2192 1677 2239 te
1705 2186 1954 2241 dicuntur
1997 2190 2206 2244 acuisse

618 2265 919 2333 linguarum
951 2270 1260 2325 machmras.
1292 2271 1400 2326 Sed
1430 2266 1487 2326 ut
1509 2276 1713 2345 sagitta:
1747 2277 2101 2346 parvulorum,
2130 2281 2206 2333 ita

617 2359 873 2427 inﬁrmati
898 2370 1015 2414 sunt
1034 2364 1103 2432 (ε)
1126 2364 1257 2415 ictus
1277 2380 1452 2418 eorum
1480 2364 1522 2430 f;
1556 2382 1655 2420 nec
1683 2377 1974 2437 potuerunt
2004 2370 2057 2423 in
2085 2387 2205 2425 cor-

619 2462 754 2516 pore
780 2450 942 2504 armis
966 2451 1058 2505 Dei
1088 2454 1395 2522 potentibus
1415 2462 1570 2524 septo
1599 2456 1775 2511 locum
1797 2458 2030 2514 vulneris
2056 2461 2205 2515 inve-

618 2538 765 2601 nire;
791 2538 1042 2595 Dominus
1079 2544 1214 2596 enim
1255 2547 1503 2611 protec:io
1530 2554 1621 2599 tua
1651 2556 1701 2616 8,
1721 2557 1776 2602 et
1801 2548 2056 2604 Dominus
2080 2550 2201 2605 illu-

616 2629 839 2684 minatio
860 2632 1038 2687 cordis
1062 2634 1157 2699 tui,
1188 2635 1279 2703 qui
1304 2643 1356 2690 te
1380 2638 1434 2690 in
1461 2638 1650 2707 spiritu
1666 2639 1904 2695 veritatis
1933 2641 2201 2709 instruxit,

616 2726 674 2771 ut
701 2718 754 2773 in
777 2721 935 2792 225
965 2723 1207 2779 doctrina
1239 2724 1389 2780 Pauli
1412 2730 1664 2796 magister
1690 2731 1763 2786 sis
1790 2732 2048 2800 gentium,
2077 2751 2200 2789 cum

615 2809 718 2863 ﬁde
745 2819 800 2863 et
822 2817 1069 2878 veritate,
1102 2830 1209 2869 non
1242 2816 1292 2868 in
1324 2817 1598 2873 inﬂatione
1640 2822 1900 2890 scientiae,
1944 2839 2105 2893 neque
2147 2826 2198 2878 in

613 2898 925 2954 sublimitate
943 2905 1194 2975 sermonis
1238 2905 1317 2975 (ά)
1355 2910 1634 2962 annuntias
1663 2912 1958 2979 mysterium
1986 2910 2195 2976 Christi,

614 2987 705 3041 sed
732 2989 863 3041 nihil
890 2999 938 3042 te
949 2992 1195 3060 judicans
1217 2996 1348 3047 scire
1377 2997 1511 3049 inter
1532 2997 1782 3064 homines,
1814 3001 1915 3054 nisi
1938 2999 2199 3056 Christum

612 3077 809 3143 Iesum,
832 3090 881 3133 et
910 3082 1079 3150 ipsum
1099 3084 1403 3153 cruciﬁxum
1425 3083 1471 3139 ιι.

2292 2004 2391 2050 ἰη
2439 2004 2683 2051 naturam
2733 1999 2944 2066 generis
2970 1999 3186 2055 humani
3214 2001 3305 2055 ille
3330 2003 3665 2070 potissimum
3686 2006 3881 2075 primo-

2294 2084 2519 2150 genitus
2545 2085 2722 2141 omnis
2750 2094 3013 2142 creatura
3033 2088 3197 2143 homo
3218 2090 3270 2143 in
3299 2090 3531 2149 ferulam
3548 2094 3878 2162 perfectionis

2290 2176 2553 2251 humana:
2579 2188 2844 2233 assumtus
2890 2178 2945 2233 in
2988 2187 3194 2235 tantum
3224 2192 3403 2238 mente
3424 2199 3522 2239 sua
3551 2186 3795 2255 indiguit,
3824 2198 3877 2244 ut

2294 2279 2413 2318 non
2442 2265 2509 2319 de
2538 2266 2792 2330 humano,
2812 2268 2908 2323 sed
2931 2268 2998 2324 de
3035 2269 3220 2326 divino
3248 2274 3413 2344 226
3430 2275 3624 2343 spiritu
3650 2289 3876 2333 mentem

2303 2356 2551 2412 habuisse
2578 2358 2803 2413 dicatur.
2822 2360 2975 2426 Quod
2999 2361 3210 2416 illorum
3237 2378 3334 2419 ore
3362 2364 3557 2421 dicitur
3580 2368 3646 2433 ι’,
3678 2368 3731 2422 in
3752 2383 3878 2437 quo-

2304 2460 2423 2499 rum
2471 2445 2637 2501 corde
2686 2449 2988 2519 concipitur
3033 2451 3136 2506 hoc
3158 2466 3447 2521 venenum,
3497 2464 3561 2510 ut
3588 2466 3647 2511 et
3672 2456 3875 2513 Veritas

2306 2536 2532 2590 mentita
2561 2537 2650 2591 sit.
2674 2536 2977 2610 Sed'prope
3005 2549 3057 2595 te
3087 2550 3141 2596 et
3167 2544 3218 2597 in
3244 2551 3296 2598 te
3323 2552 3407 2599 est
3432 2547 3659 2602 verbum
3685 2550 3875 2603 verita-

2303 2625 2372 2679 tis
2417 2634 2473 2680 et
2510 2628 2709 2683 veritas
2734 2627 2849 2690 Dei.
2883 2629 3067 2700 Neque
3097 2632 3301 2701 indiges
3329 2634 3528 2705 Spiritu
3561 2645 3772 2708 sancto,
3792 2641 3875 2709 qui

2288 2714 2588 2770 Dominum
2610 2716 2792 2772 Jesum
2827 2718 2921 2773 Dei
2946 2714 3158 2786 Filium,
3182 2723 3347 2777 Deum
3378 2726 3430 2779 in
3459 2727 3628 2793 gloria
3659 2728 3752 2784 Dei
3781 2728 3875 2784 Pa-

2294 2806 2414 2870 tris,
2439 2815 2494 2861 et
2538 2807 2605 2861 ad
2629 2809 2905 2864 dexteram
2929 2812 3168 2878 virtutis,
3199 2812 3397 2882 Regem
3429 2830 3615 2885 regum
3641 2834 3871 2884 manere,

2298 2905 2353 2952 ct
2381 2911 2449 2953 ex
2477 2899 2873 2955 resurrectione
2894 2910 3226 2957 mortuorum
3245 2904 3481 2973 judicent
3506 2907 3643 2962 vivis
3670 2918 3724 2962 et
3743 2924 3871 2963 mor-

2298 2988 2406 3042 tuis
2430 2988 2616 3043 adl‘ore
2644 2988 2937 3055 conﬁteris,
2968 2999 3022 3046 et
3051 2993 3242 3059 credis,
3269 3003 3325 3049 et
3347 2995 3627 3065 praedicas.

2370 3078 2424 3133 7.
2463 3078 2734 3133 Memento
2761 3082 2949 3147 nostri,
2980 3092 3034 3138 et
3065 3085 3297 3151 gloriare
3323 3088 3619 3142 secundum
3649 3089 3871 3161 Aposto-

685 3167 736 3221 5.
770 3168 906 3223 Cum
955 3184 1083 3239 ergo
1111 3169 1240 3228 ﬁdes
1264 3183 1319 3228 et
1337 3177 1613 3233 'conlessio
1644 3186 1764 3245 tua,
1816 3189 1876 3234 ut
1921 3183 2191 3238 credimus

2300 3167 2431 3233 Iun,
2451 3168 2581 3237 quia
2604 3167 2719 3223 haec
2747 3170 2798 3224 in
2821 3169 2970 3227 brevi
3000 3177 3223 3231 testatio
3254 3173 3307 3231 iii
3335 3187 3595 3234 internum
3636 3182 3730 3236 tibi
3758 3184 3863 3250 glo-

612 3268 776 3329 atque
791 3262 1109 3319 conﬁdimus
1124 3275 1447 3322 comternam
1473 3268 1788 3326 TrinLtatem
1810 3275 1967 3330 unius
1986 3276 2189 3332 Divini-

613 3349 739 3405 tatis
766 3358 820 3404 et
856 3351 1193 3417 substantiae,
1219 3364 1272 3410 et
1292 3358 1471 3426 Operis
1513 3367 1570 3414 et
1598 3362 1747 3429 regni
1772 3377 1891 3419 esse
1934 3374 2187 3434 testetur;

611 3450 841 3506 cumque
868 3437 1082 3495 Patrem
1113 3441 1311 3525 Deum,
1343 3454 1399 3499 et
1424 3445 1616 3501 Filium
1639 3449 1825 3517 Deum,
1856 3462 1911 3507 et
1932 3452 2189 3525 Spiritum

562 3534 573 3547 ’
609 3535 850 3581 sanctum
876 3529 1060 3596 Deum,
1079 3541 1135 3585 ut
1155 3544 1255 3599 est,
1279 3522 1364 3606 qui
1386 3545 1478 3603 est,
1494 3548 1543 3591 et
1562 3550 1693 3603 erat,
1715 3549 1764 3593 et
1794 3522 2032 3599 venturus
2053 3555 2128 3601 est
2149 3546 2186 3613 ί,

608 3614 701 3681 qui
730 3617 875 3671 misit
922 3627 974 3672 te
1002 3619 1142 3674 sicut
1172 3621 1407 3694 Moysem
1449 3635 1505 3680 et
1542 3629 1611 3695 (e)
1655 3616 1934 3699 apostolos
1969 3651 2193 3705 evange-

611 3701 774 3756 lizare
793 3708 1043 3771 gentibus
1063 3709 1200 3764 bona
1229 3711 1437 3768 Domini
1462 3733 1474 3767 :
1508 3717 1650 3783 quod
1687 3719 1777 3781 ita,
1803 3729 1862 3774 ut
1893 3722 2006 3792 ipse
2028 3741 2057 3778 a
2080 3701 2191 3783 Deo

609 3788 802 3846 doctus
821 3806 898 3857 es,
923 3794 1106 3862 doces,
1130 3800 1387 3855 unitatem
1432 3801 1710 3858 Trinitatis
1736 3807 1855 3862 sine
1882 3788 2192 3870 cbnl'usime

608 3873 853 3944 iungens,
878 3878 934 3935 et
953 3880 1268 3941 Trinitatem
1291 3888 1454 3955 ipsius
1475 3892 1695 3946 unitatis
1715 3895 1829 3949 sine
1856 3903 2192 3967 separatione

609 3964 942 4035 distinguens
963 3974 982 4003 °
1011 3972 1057 4033 i,
1088 3972 1159 4025 ita
1193 3983 1249 4027 ut
1273 3976 1414 4028 nulla
1442 3976 1596 4053 altgri
1624 3993 1855 4049 persona
1884 3964 2186 4055 cnnveuiat,

607 4064 663 4109 et
706 4056 758 4110 in
789 4059 933 4113 omni
977 4075 1206 4130 persona
1234 4064 1393 4118 trium
1427 4067 1469 4097 ’θ
1498 4067 1639 4123 Deus
1681 4087 1819 4127 unus
1865 4074 2104 4139 eluceat;
2136 4086 2191 4132 et

606 4152 786 4201 tantus
814 4149 1028 4220 quidem
1079 4152 1260 4220 Filius,
1293 4167 1526 4225 quantus
1555 4169 1609 4215 et
1637 4161 1824 4231 Pater,
1857 4178 2090 4236 quantus
2136 4179 2190 4225 et

603 4233 833 4304 Spiritus
884 4250 1135 4308 sanctus;
1182 4245 1283 4300 sed
1324 4261 1538 4318 semper
1565 4251 1791 4321 quisque
1831 4233 1912 4309 sui
1958 4258 2190 4314 nominis

604 4325 933 4393 proprietate
968 4330 1265 4397 distinctus,
1297 4320 1623 4391 individuam
1652 4320 1850 4396 retinet
1888 4344 1940 4398 in
1981 4348 2189 4404 virtutis

603 4417 661 4463 et
711 4412 894 4478 gloria:
945 4419 1250 4483 mqualitate
1301 4425 1666 4478 concordiam.

2293 3258 2386 3312 ria:
2414 3255 2625 3327 pondus
2653 3269 2872 3329 operata
2919 3271 3003 3319 est.
3032 3261 3074 3331 ι,
3119 3273 3174 3319 et
3200 3269 3442 3337 reposuit
3481 3270 3577 3324 tibi
3621 3286 3866 3327 coronam

2252 3408 2255 3411 λ
2289 3347 2527 3417 iustitiae,
2558 3363 2718 3417 quam
2748 3351 2985 3421 accipies
3003 3354 3071 3409 de
3100 3368 3261 3412 manu
3284 3357 3491 3415 Doiuini
3521 3370 3561 3398 ω
3588 3380 3600 3413 :
3630 3372 3685 3416 et
3710 3365 3761 3417 in
3790 3366 3867 3417 vi-

2294 3438 2476 3491 ctoria:
2498 3437 2774 3492 materiam
2807 3440 2899 3495 tibi
2928 3441 3126 3497 bellum
3157 3448 3380 3502 excitari
3407 3452 3727 3519 permissum
3755 3455 3865 3519 e'st;

2294 3535 2356 3583 ut
2381 3536 2439 3585 et
2465 3531 2561 3585 tibi
2588 3532 2879 3587 secundum
2924 3535 3143 3589 beatum
3173 3532 3395 3593 Paultu'n
3423 3540 3702 3598 doctorem
3726 3555 3868 3599 tuum

2292 3619 2452 3676 liceat
2478 3622 2694 3691 gloriari
2717 3625 2771 3679 in
2801 3627 3136 3695 passionibus
3165 3630 3270 3683 tuis
3290 3639 3317 3667 ιι
3336 3671 3352 3697 ,
3382 3639 3437 3687 et
3465 3633 3688 3690 dilatato
3714 3653 3868 3708 super

2293 3710 2539 3768 inimicos
2583 3721 2706 3769 tuos
2753 3731 2867 3779 ore,
2913 3715 3092 3773 dicere
3142 3721 3412 3788 quomodo
3450 3712 3778 3781 laborat-eris
3814 3730 3867 3781 in

2288 3803 2701 3872 longanimitate,
2732 3805 2787 3858 in
2809 3804 3009 3876 Spiritu
3032 3819 3233 3874 sancto,
3264 3812 3318 3864 in
3344 3814 3565 3867 caritate
3586 3833 3690 3873 non
3716 3818 3859 3885 ﬁcta,

2290 3894 2347 3946 in
2364 3892 2523 3949 verbo
2551 3896 2797 3962 veritatis,
2836 3897 2891 3951 in
2918 3898 3100 3953 virtute
3144 3900 3263 3968 Dei,
3295 3920 3390 3971 per
3416 3923 3566 3959 arma
3593 3909 3811 3979 justitia-
3834 3927 3865 3963 α

2291 3981 2487 4038 dextris
2515 3991 2565 4037 et
2593 4001 2625 4037 a
2650 3986 2896 4050 sinistris,
2925 4004 3014 4057 per
3034 3992 3254 4060 gloriam
3280 4000 3329 4046 et
3358 3994 3729 4065 ignobilitatem
3746 4039 3759 4061 ,
3781 4017 3866 4069 per

2291 4068 2565 4142 infamiam
2584 4081 2633 4127 et
2656 4072 2842 4129 bonam
2862 4079 3078 4148 famam,
3098 4088 3154 4132 ut
3173 4081 3427 4148 seductor,
3451 4093 3498 4138 et
3522 4102 3720 4153 verax;
3743 4068 3868 4145 sicut

2288 4154 2518 4233 ignotus,
2548 4174 2599 4218 et
2615 4182 2727 4220 ecce
2759 4169 2998 4238 agnitus;
3020 4174 3166 4242 quasi
3192 4176 3492 4246 castigatus,
3523 4187 3575 4231 et
3603 4196 3709 4233 non
3735 4198 3868 4236 mor-

2292 4253 2550 4322 tificatus;
2590 4257 2736 4320 quasi
2782 4258 2966 4326 tristis,
2996 4268 3194 4333 semper
3239 4272 3427 4324 autem,
3442 4267 3712 4337 gaudens;
3739 4273 3865 4325 sicut

2289 4360 2460 4415 egens,
2485 4346 2669 4400 mullos
2684 4356 2853 4403 autem
2881 4350 3198 4420 locupletans
3235 4364 3281 4409 ο.
3307 4355 3438 4410 Nam
3470 4358 3587 4414 hinc
3611 4360 3729 4429 ipsa
3751 4370 3866 4417 ten-

2290 4433 2425 4491 tatio
2468 4434 2769 4492 sanctitatis
2816 4445 2922 4493 ture
2970 4440 3149 4498 multis
3178 4443 3231 4499 in
3257 4446 3554 4515 profectum
3595 4448 3866 4520 Evangelii

630 4536 654 4614 ἔ.
674 4497 729 4551 6.
761 4498 907 4555 Certi
945 4514 1123 4614 autem
1160 4523 1346 4563 sumus
1371 4514 1515 4580 quod
1540 4523 1595 4568 et
1618 4516 1808 4573 Filium
1830 4519 1926 4576 Dei
1957 4524 2027 4578 ita
2057 4538 2187 4595 prse-
2214 4551 2262 4613 D
2288 4527 2438 4581 venit
2458 4537 2485 4577 ιι
2511 4544 2525 4580 :
2550 4528 2673 4596 quia
2696 4544 2856 4584 nemo
2877 4531 2931 4586 in
2953 4540 3005 4588 te
3033 4497 3283 4593 confusus
3301 4546 3404 4605 est,
3428 4541 3677 4598 elucente
3697 4497 3865 4614 gul-'atia

602 4586 770 4651 dicas,
801 4601 859 4643 ut
901 4594 1145 4648 eumdem
1192 4606 1246 4651 et
1273 4598 1468 4655 Filium
1522 4604 1754 4660 hominis
1800 4611 2041 4669 conﬁteri
2058 4586 2184 4671 unon‘

601 4677 914 4744 erubescas;
964 4689 1072 4737 tam
1124 4700 1250 4741 vere
1293 4688 1566 4745 hominem
1611 4693 1665 4747 in
1725 4705 1906 4752 nostra
1953 4711 2175 4769 natura,

601 4779 761 4834 quam
783 4781 908 4822 vere
935 4770 1102 4825 Dequ
1132 4775 1184 4827 in
1210 4792 1340 4841 sua;
1370 4780 1462 4833 sed
1493 4780 1683 4836 Filium
1711 4783 1803 4838 Dei
1824 4795 1949 4842 ante
1975 4794 2173 4860 secula,

600 4854 868 4953 quia-ipse
888 4865 971 4911 est
986 4857 1076 4912 Dei
1110 4860 1341 4917 Verbum
1368 4865 1527 4935 Deus,
1560 4871 1650 4938 qui
1681 4877 1798 4927 erat
1828 4877 1879 4930 in
1911 4854 2176 4953 principia

598 4943 739 5012 apud
768 4942 957 5012 Deum,
988 4962 1139 5018 mque
1181 4949 1322 5005 Deus
1353 4957 1420 5026 (f)
1449 4960 1855 5030 coomnipotens
1894 4942 1949 5021 et
1977 4942 2178 5041 coope-

2286 4616 2485 4674 Cltristi
2513 4626 2569 4674 et
2596 4621 2823 4676 veritate
2847 4619 2969 4677 ﬁdei
3001 4633 3102 4679 tute
3147 4642 3254 4681 non
3282 4629 3454 4684 solum
3486 4632 3541 4685 in
3569 4626 3865 4690 directione

2283 4709 2539 4765 doctrinae
2560 4720 2682 4775 tuae,
2706 4713 2800 4768 sed
2820 4714 2981 4768 etiam
3002 4716 3056 4771 in
3077 4717 3276 4774 virtute
3295 4725 3722 4780 conversationis
3746 4742 3866 4793 qua:

2282 4795 2339 4851 in
2373 4797 2523 4853 cmlis
2550 4808 2635 4853 est
2662 4808 2708 4853 (ι.
2740 4798 2865 4855 Νοη
2896 4811 2972 4855 est
2996 4804 3154 4870 enim,
3186 4806 3385 4877 inquit,
3437 4802 3781 4881 regnum'Dei
3810 4817 3865 4869 in

2279 4901 2536 4953 sennone,
2591 4889 2684 4943 sed
2718 4890 2772 4943 in
2820 4892 3004 4947 virtute
3053 4904 3101 4947 ι’.
3141 4893 3277 4961 Quid
3325 4911 3454 4965 ergo
3483 4900 3545 4969 (ἰ)
3576 4904 3856 4971 quaeritur,

2280 4993 2404 5034 cum
2433 4979 2488 5033 in
2516 4987 2569 5034 te
2614 4979 2697 5047 id,
2729 4983 2871 5051 quod
2903 4992 2959 5038 et
2986 4986 3152 5042 verbo
3184 4988 3257 5058 (j)
3307 4999 3542 5059 praestat,
3588 4996 3864 5049 emineat?

667 5061 691 5088 ι
733 5052 876 5109 Psal.
905 5071 1050 5125 xxvi,
1082 5059 1165 5115 l2.
1244 5061 1272 5102 ιδ
1312 5063 1500 5122 Matth.
1530 5083 1582 5134 v,
1618 5070 1717 5137 15;
1764 5072 1925 5132 Marc.
1957 5093 2032 5144 tv,
2062 5082 2123 5138 21
2150 5103 2164 5151 ;
2195 5085 2208 5142 1

667 5119 791 5174 )sal.
825 5140 910 5174 XC-
941 5126 992 5174 ⁷-
1074 5129 1091 5168 ί
1124 5130 1257 5174 Peal-
1292 5150 1420 5174 In"
1459 5136 1491 5174 ι
1518 5148 1569 5174 nl
1601 5140 1635 5174 0
1733 5141 1891 5174 πυοηι
1949 5164 2072 5174 ....-.-
2123 5155 2185 5174 ο,

2294 5087 2584 5174 ἕνη,
2612 5099 2635 5130 ο
2666 5089 2838 5174 Apoc:
2860 5108 2916 5159 η,
2969 5095 3107 5174 l,_et
3402 5099 3429 5138 ἀ
3470 5101 3607 5174 Eph.
3634 5121 3713 5174 vi,
3774 5108 3856 5160 16.

597 5130 620 5156 ο
648 5119 791 5177 Psal.
825 5140 910 5191 xc,
941 5126 992 5181 7.

596 5269 618 5295 ιι
657 5261 699 5314 ιι
728 5262 856 5319 Cor.
900 5281 992 5336 xu,
1023 5266 1073 5323 9.

662 5377 742 5459 la)
778 5377 877 5459 iis.
903 5379 1066 5459 Reg”
1096 5386 1247 5459 facie.
1280 5385 1378 5442 Ms.
1410 5388 1588 5459 Vien.,
1614 5396 1742 5450 acie.

631 5445 746 5541 .(b)‘
775 5446 868 5541 Ms.
903 5445 1062 5541 Vie'u.
1091 5445 1294 5522 codex,
1324 5445 1591 5519 ωηερε...
1633 5445 1794 5535 legit.
1838 5465 1937 5522 Ms.
1966 5469 2163 5541 Vatic.,

593 5530 703 5569 tum
729 5526 872 5577 teget.
883 5559 896 5573 .
908 5561 921 5574 .
932 5561 946 5574 .
978 5531 1041 5577 te.

660 5592 736 5673 te
767 5592 1154 5673 {inuaseriptus
1176 5595 1353 5673 codex
1371 5597 1677 5667 Vaticanus,
1697 5603 1895 5673 jactus.

681 5654 738 5732 at)
760 5654 862 5732 Ms.
884 5654 1049 5732 γίρηὶ
1069 5672 1125 5732 et
1150 5665 1234 5718 ed.
1266 5667 1475 5732 Schot.,
1500 5654 1836 5727 annuntiat:

680 5722 728 5817 ὲ)
758 5722 1059 5817 Ηὲοξρξιοξ
1077 5731 1254 5817 lien-2
1283 5722 1608 5817 ἑροεεόιιιηιέ

655 5795 723 5859 (ί)
757 5791 832 5847 lta
860 5811 986 5852 mss.
1022 5798 1149 5869 Reg.
1200 5791 1257 5857 et
1283 5791 1435 5862 Vien.
1489 5791 1562 5865 ac,
1597 5791 1726 5867 editi
1766 5813 2019 5887 quinque.
2052 5815 2153 5874 Ed;

1074 5129 1578 5232 ‘353thtulict
1601 5140 1655 5232 9ἱ
1669 5129 1716 5232 η’
1733 5151 1757 5190 8
1946 5129 2097 5232 xxvi;
2176 5129 2208 5232 ξ’

2294 5129 2326 5144 ι.
2353 5129 2425 5153 ιιι,
2442 5129 2531 5143 We
2666 5129 2838 5163 ιιγυυο
2862 5129 2916 5159 ιι,
2973 5129 3019 5160 ι,
3051 5129 3080 5152 c

2294 5157 2429 5232 Tim.
2462 5159 2615 5232 1,“.
2646 5231 2655 5232 ί
2686 5161 2757 5232 ΡΙ
2787 5161 2913 5232 Cor.
2940 5180 2998 5232 η,
3028 5166 3080 5222 l.

597 5199 1060 5296 ξίνηνμλ-γιιξεηιιδ
1088 5217 1122 5255 x
1138 5219 1169 5292 ;_
1185 5201 1373 5296 ῦξξιιξεξ-
1408 5223 1606 5296 xxvug,
1625 5209 1732 5296 d9_;
1755 5199 2018 5296 aqua“;
2032 5199 2157 5296 ’ἕξ
2176 5199 2207 5263 ἲι
2222 5199 2444 5294 ’Ῑῐᾶιίἶ“ι’,
2462 5199 2615 5296 ’ἐξὲξ
2637 5230 2721 5286 tt.

1088 5342 1091 5345 η
1147 5270 1249 5327 ’.ιι
1293 5273 1419 5330 Cor.
1444 5292 1526 5345 Vl,
1555 5270 1608 5334 6;
1684 5270 1729 5332 ρ’
1751 5270 1942 5357 Philip.
1975 5270 2018 5357 ἐξ
2054 5270 2144 5348 is.
2222 5270 2608 5368 «ι’ῑὶἱὶίιὶίιῗῖιῖζ
2628 5270 2716 5355 2'5:

3158 5168 3177 5207 ί
3196 5168 3366 5235 Apoc.
3389 5187 3425 5235 ι,
3458 5170 3509 5225 4.

2807 5230 2822 5269 ¹
2859 5230 3061 5306 ligor.
3091 5238 3165 5306 tv,
3200 5230 3283 5293 l7.

2797 5311 2817 5339 τ
2858 5301 2879 5355 Ῑ
2908 5302 3032 5359 Cor.
3066 5301 3160 5374 ιν(
3181 5308 3269 5363 20.

2275 5406 2463 5490 llosv.,
2495 5411 2834 5490 omnipotens.
2867 5412 2956 5470 Sic
2985 5413 3240 5474 Paulinus
3266 5421 3422 5490 epist.
3455 5421 3515 5475 2i
3557 5424 3625 5477 ad
3656 5426 3862 5480 Aman-

2268 5477 2415 5562 dum,
2441 5494 2494 5532 η.
2528 5479 2580 5540 3,
2599 5477 3055 5551 coemnipotentem
3075 5497 3123 5540 el
3142 5477 3440 5560 coopiiicem
3459 5491 3611 5546 Patri
3633 5477 3853 5562 Filium,

2266 5547 2519 5823 ἀιξὲξῗέρ
2535 5632 2662 5698 mss.
2689 5617 2858 5701 Vatic.
2891 5631 2947 5705 et
2974 5623 3131 5707 Vien.
3158 5627 3262 5681 Alii
3287 5630 3517 5695 codices,
3537 5636 3850 5688 "resima.

2492 5703 2535 5741 s.
2566 5686 2745 5752 Vtcn.,
2776 5694 3115 5749 irrationalis.

2358 5754 2397 5823 i)
2432 5753 2818 5823 Manuseriptus
2845 5762 3016 5818 codex
3050 5765 3384 5823 Viennensis.
3413 5770 3664 5823 queritur.

2492 5703 2535 5741 s.
2566 5686 2745 5752 Vicn.,
2776 5690 3115 5749 irrationalis.

3595 5172 3802 5229 iEXod.
3832 5193 3862 5228 v

3362 5250 3399 5277 ω
3430 5240 3473 5294 ll
3512 5241 3652 5298 Tim.
3694 5259 3772 5313 tv,
3805 5246 3856 5310 8,

2429 5753 2818 5839 Manuseriptus
2845 5762 3016 5818 codex
3050 5765 3384 5839 Viennensis,
3413 5770 3664 5838 queritur.

2335 5821 2400 5893 Ο)
2428 5822 2524 5877 Ms.
2556 5821 2736 5894 VienI,
2766 5840 2977 5897 perstat.
