4078 6352
192 399 300 472 357

1491 398 1827 464 EPISTOLA
1866 393 2154 461 XXXVIII.

3341 397 3446 451 358

186 519 314 589 Quis
340 519 484 576 enim
505 517 712 575 dubitet
739 517 793 575 in
828 516 943 587 ejus
971 514 1162 587 spiritu
1191 511 1350 570 ﬁdem
1380 515 1624 570 veritatis
1663 515 1762 570 ha-
1788 521 1838 581 Α
1867 509 2103 566 timorum
2132 507 2218 564 vel
2265 488 2706 578 philosophorum
2752 504 3012 575 sapientia
3041 503 3276 568 inﬂatur,
3301 506 3444 573 abje-

186 610 375 680 hilare,
394 610 450 666 in
487 609 642 680 cujus
667 611 778 666 vita
805 609 950 664 videt
979 607 1099 663 ﬁdei
1129 614 1342 662 exstare
1369 605 1657 661 virtutem?

637 738 969 796 EPISTOLA
993 741 1011 761 ⁴
1040 736 1315 794 XXXVIII.

183 848 1763 979 ’iZﬁﬁ'meiiifiimﬁ'iieiiielii'miﬁii

360 923 510 976 istum
531 923 806 977 transitum
826 919 846 976 Ξ
869 919 1110 975 admonet
1131 919 1451 984 ne'miretur,
1473 919 1562 974 sed
1589 920 1762 986 potius

246 991 474 1063 gaudeat
502 1008 558 1063 se
575 1000 849 1063 propterea
886 991 1146 1063 despectui
1163 998 1221 1063 _et
1250 989 1370 1063 odio
1399 1005 1511 1063 esse
1535 988 1760 1063 mundo;

246 1059 365 1130 cum
376 1060 492 1130 jam
511 1059 632 1114 inde
654 1059 717 1114 ab
732 1059 880 1130 initio
903 1059 1137 1113 Christus
1158 1061 1209 1130 in
1242 1059 1348 1111 suis
1371 1059 1498 1130 talia
1508 1059 1759 1124 patiatur.

248 1128 636 1211 Concluditgup
652 1129 821 1211 studio
845 1130 1086 1211 humanis
1108 1129 1261 1209 rebus
1273 1128 1515 1211 seruitum
1536 1136 1632 1190 est,
1655 1142 1765 1205 ser-

246 1199 486 1253 viendum
511 1197 718 1252 divinis.
759 1198 1018 1251 Processit
1045 1197 1284 1266 deinceps
1314 1197 1385 1249 ad
1414 1211 1612 1250 omnem
1659 1197 1765 1266 uir-

245 1278 408 1322 tutem
435 1268 591 1336 Aper,
619 1274 671 1320 et
697 1267 968 1337 presbyter
993 1268 1186 1337 factus
1200 1263 1275 1318 est
1293 1281 1322 1337 7:
1352 1266 1651 1337 memoriam
1679 1263 1764 1316 in-

247 1349 322 1391 ter
347 1332 556 1392 sanctos
582 1332 768 1390 meruit
790 1332 894 1390 xvii
915 1332 1120 1389 kalend.
1149 1332 1404 1389 Octobris.

250 1447 456 1504 Sancto
484 1455 542 1502 et
567 1447 761 1502 merito
806 1446 1097 1502 venerabili
1127 1462 1190 1501 ac
1235 1442 1581 1500 dilectissimo
1609 1440 1760 1497 fratri

181 1536 326 1591 Arno
340 1576 358 1602 ,
381 1535 666 1592 pADLINUS.

247 1628 272 1680 1
285 1666 301 1682 .
318 1627 555 1684 laetatus
572 1644 688 1684 sum
711 1628 763 1683 in
785 1628 850 1684 iis
870 1643 988 1697 quae
1007 1627 1262 1697 scripsisti
1275 1625 1403 1680 mihi
1427 1635 1471 1689 υ,
1497 1631 1550 1678 et
1560 1635 1756 1678 secun-

179 1721 303 1785 dam
332 1721 494 1777 ﬁdem
517 1729 682 1786 tuam,
713 1735 873 1790 quam
893 1719 1055 1776 corde
1075 1725 1390 1788 conceptam
1411 1731 1507 1772 ore
1533 1720 1761 1769 testatus

177 1825 254 1875 es,
283 1811 331 1867 si
360 1826 451 1866 me
486 1813 656 1880 gratia
687 1811 896 1867 Domini
922 1811 1237 1881 participem
1267 1809 1400 1864 tanti
1424 1806 1645 1878 Spiritus
1684 1802 1763 1856 fa—

176 1901 302 1966 ciat,
335 1915 500 1970 spero
525 1902 649 1970 quia
681 1900 734 1955 in
762 1900 981 1955 domum
1009 1899 1219 1955 Domini
1266 1898 1487 1960 ibimus;
1537 1901 1594 1950 et
1638 1906 1758 1962 qua:

175 1990 450 2046 communi
479 2005 574 2062 spe
601 1989 809 2059 ﬁdeque
833 1989 910 2061 (a)
935 1989 1291 2060 percepimus,
1322 1988 1523 2058 pariter
1545 1986 1758 2039 intuen-

174 2090 254 2136 tes
273 2082 328 2135 in
353 2080 491 2138 facie
507 2081 766 2144 veritatis,
785 2095 1019 2142 consona
1043 2079 1396 2135 exsultatione
1424 2077 1758 2134 cantabimus

174 2172 438 2242 hymnum
465 2169 580 2227 Deo
608 2179 794 2228 nostro
828 2188 839 2222 :
871 2171 1065 2227 dicturi
1091 2171 1352 2226 Domino:
1395 2170 1758 2224 Credebamus

173 2260 292 2328 quia
307 2260 450 2318 cinis
471 2269 525 2316 et
547 2269 688 2315 terra
703 2275 944 2315 essemus
966 2259 1014 2325 δ,
1041 2259 1115 2331 (b)
1143 2260 1188 2314 si
1214 2260 1267 2314 in
1289 2259 1393 2314 hoc
1413 2266 1654 2328 tempore
1683 2255 1756 2310 ita

169 2350 564 2406 conﬁrmentur
590 2351 755 2421 pedes
804 2351 973 2404 nostri
1002 2350 1055 2405 in
1085 2349 1235 2404 atriis
1264 2347 1597 2404 Hierusalem
1629 2359 1672 2411 ν,
1698 2352 1758 2400 ιιι

170 2448 316 2495 terra
346 2448 406 2495 et
425 2441 560 2496 cinis
588 2456 706 2496 esse
735 2448 857 2495 actu
903 2451 959 2494 et
985 2454 1150 2510 opere
1184 2439 1490 2494 desinamus
1510 2436 1572 2502 ἀς
1597 2437 1666 2491 ita
1700 2443 1758 2490 ut

167 2530 220 2584 in
241 2531 447 2600 spiritu
473 2530 789 2602 humilitatis
819 2539 1014 2584 terram
1059 2544 1180 2585 esse
1209 2545 1309 2584 nos
1334 2528 1752 2589 meminerimus,

165 2628 221 2673 et
245 2635 375 2676 esse
404 2621 666 2675 fateamur
707 2621 952 2685 Domino,
985 2629 1042 2674 ut
1078 2633 1175 2690 per
1203 2621 1397 2688 ipsum,
1425 2619 1570 2688 quod
1600 2617 1754 2671 dam-

165 2711 396 2764 natione
417 2711 624 2779 peccati
653 2725 856 2776 sumus,
885 2709 954 2765 de
981 2709 1420 2764 reconciliatione
1445 2707 1628 2774 gratia:
1652 2720 1758 2758 non

161 2814 290 2857 esse
319 2813 643 2854 mereamur.
677 2799 867 2853 Beatus
895 2816 971 2867 es,
1001 2799 1186 2864 frater,
1216 2808 1266 2853 et
1306 2797 1433 2851 bene
1463 2797 1552 2850 tibi
1573 2797 1666 2850 erit
1712 2807 1756 2860 ο,

157 2889 300 2958 quia
329 2905 443 2944 non
470 2903 631 2943 carne
651 2897 706 2942 et
729 2890 1016 2957 sanguine,
1040 2889 1134 2944 sed
1162 2887 1367 2958 Spiritu
1394 2886 1626 2942 cmlestis
1656 2885 1760 2938 Pa-

160 2977 277 3030 tris
313 2975 610 3040 revelante,
636 2975 866 3031 didicisti
895 2974 912 3014 ί
944 2975 1094 3045 quod
1121 2984 1175 3032 te
1202 2976 1517 3032 inconcussa
1546 2975 1647 3029 ﬁde
1680 2985 1761 3028 te-

157 3078 306 3122 nere
351 3071 408 3117 et
437 3063 605 3118 libera
633 3080 768 3120 voce
795 3054 1040 3134 prollleri
1075 3066 1410 3121 sanctissimo
1445 3064 1512 3118 ad
1539 3078 1626 3118 me
1653 3064 1762 3132 epi-

159 3155 327 3215 stolae
381 3161 488 3208 tuae
536 3157 640 3209 ﬁne
670 3155 914 3221 ﬁrmasti,
942 3155 1214 3212 Christum
1239 3147 1417 3211 lesum
1446 3154 1757 3210 crucilixum

1867 599 2008 655 cisse
2034 612 2095 653 se
2135 605 2192 654 et
2219 598 2511 652 aestimasse
2555 604 2616 650 ut
2653 605 2894 650 stercora
2941 602 3272 664 protestatur
3303 603 3349 660 π,
3387 603 3446 648 ιιι

1866 687 2138 742 Christum
2165 684 2480 749 lucrifaciat,
2515 693 2570 739 et
2597 685 2740 738 illius
2784 684 3022 738 scientiae
3067 683 3263 738 damno
3286 683 3448 751 hujus

1864 777 2144 848 imperitia:
2173 776 2380 830 lucrum
2407 781 2786 843 consequatur,
2818 780 2876 828 ut
2898 772 3046 827 dicat
3072 790 3087 824 :
3115 771 3226 841 Ego
3265 781 3446 828 autem

1863 865 1995 918 nihil
2021 865 2159 931 novi,
2189 865 2292 917 nisi
2315 863 2577 916 Christum
2601 863 2798 927 Jesum,
2829 873 2878 916 et
2899 863 3033 916 hunc
3060 863 3362 932 cruciﬁxum
3393 869 3443 928 υς

1862 950 1920 1007 In
1943 966 2051 1021 quo
2076 951 2332 1020 quoniam
2354 951 2528 1006 omnis
2549 950 2824 1021 sapientia:
2839 957 2894 1006 et
2912 950 3147 1005 scientiae
3168 951 3448 1020 plenitudo

1864 1053 2025 1112 atque
2051 1042 2311 1114 perlectio
2357 1042 2829 1112 comprehenditur
2857 1053 2916 1108 ιι,
2947 1044 3026 1113 (d)
3083 1051 3141 1098 ut
3186 1044 3449 1098 insultans

1862 1134 1989 1189 huic
2016 1134 2235 1199 mundo,
2259 1141 2314 1188 et
2342 1134 2546 1190 litteras
2583 1134 2699 1203 ejus
2731 1143 3002 1206 totamque
3033 1135 3103 1206 (c)
3128 1138 3445 1206 sapientiam

1862 1223 2105 1276 vanitate
2126 1221 2316 1294 spiritu
2345 1223 2573 1278 celsiore
2601 1223 2924 1292 despiciens,
2956 1225 3032 1278 ait
3063 1241 3076 1276 :
3120 1224 3220 1278 Ubi
3253 1224 3442 1289 scriba,

1861 1309 1948 1364 ubi
1971 1311 2200 1379 sapiens,
2223 1310 2308 1363 ubi
2325 1311 2642 1381 conquisitor
2665 1313 2814 1381 hujus
2832 1314 3019 1378 seculi;
3043 1329 3210 1366 nonne
3233 1315 3446 1367 stultam

1862 1401 1988 1471 fecit
2016 1401 2156 1456 Deus
2185 1403 2491 1471 sapientiam
2512 1401 2665 1472 hujus
2693 1405 2871 1456 mundi
2889 1406 2954 1456 a?
2981 1404 3317 1475 Causamque
3344 1406 3445 1458 liu-

1855 1490 1948 1559 jus
1993 1491 2193 1545 erroris
2237 1492 2476 1546 ostendit
2499 1510 2608 1564 quo
2639 1494 2711 1548 ita
2752 1495 2956 1564 percuti
2998 1497 3258 1566 sapientia
3289 1497 3449 1565 hujus

1861 1580 2028 1636 seculi
2049 1581 2266 1644 meruit,
2292 1590 2352 1635 ut
2380 1583 2603 1636 stultitia
2630 1583 2742 1638 Deo
2763 1585 2868 1649 sit;
2900 1587 3022 1653 quia
3061 1587 3134 1640 illi
3165 1603 3263 1657 per
3290 1603 3445 1641 arro-

1860 1671 2100 1740 gantiam
2130 1671 2406 1740 sapientia:
2457 1681 2725 1741 tamquam
2772 1689 2901 1738 sum,
2940 1689 3059 1728 cum
3098 1691 3258 1731 nemo
3285 1676 3443 1745 quid-

1861 1775 2023 1830 quam
2048 1761 2246 1815 habeat
2266 1762 2366 1816 nisi
2393 1764 2680 1831 acceperit,
2703 1764 2927 1817 stultitia
2951 1764 3222 1820 videretur
3244 1767 3448 1835 sapien-

1792 1870 1837 1931 B
1862 1851 1935 1906 tia
1965 1851 2058 1905 Dei
2088 1861 2132 1905 ν.
2162 1851 2305 1906 Bene
2329 1852 2490 1921 igitur
2515 1854 2806 1907 secundum
2831 1853 3093 1922 justitiam
3131 1855 3248 1922 Dei,
3269 1857 3448 1910 stulti~

1865 1941 1950 1995 tia:
1979 1957 2044 1996 ac
2073 1941 2347 2011 sapientia:
2368 1957 2523 1996 versa
2542 1943 2678 2010 vice,
2709 1956 2776 1996 eo
2795 1943 2942 1996 stulti
2965 1958 3083 1997 esse
3101 1942 3444 2010 damnantur,
3481 1927 3502 1944 ⁸

1859 2031 1952 2100 qui
1979 2032 2081 2086 sibi
2111 2048 2218 2086 non
2243 2033 2309 2086 de
2321 2031 2416 2085 Dei
2449 2047 2687 2097 munere,
2717 2031 2810 2086 sed
2841 2031 2908 2086 de
2936 2046 3034 2086 suo
3055 2033 3206 2101 quasi
3227 2036 3447 2104 proprio

1859 2121 2004 2176 bono
2023 2121 2293 2190 sapientes
2323 2121 2586 2176 videntur.

1929 2219 1982 2272 2.
2025 2219 2140 2287 Quo
2170 2222 2336 2289 magis
2365 2222 2601 2288 gratulor
2629 2223 2966 2277 unanimitati
2995 2230 3100 2278 tua:
3129 2223 3270 2294 quod
3301 2223 3445 2278 illam

1857 2313 2202 2381 reprobatam
2232 2311 2344 2366 Deo
2373 2313 2394 2344 ⁸
2423 2314 2743 2381 sapientiam
2784 2315 3058 2383 respuisti,
3089 2324 3141 2369 et
3169 2329 3288 2369 cum
3317 2330 3447 2384 par-

1859 2403 1997 2457 vulis
2025 2402 2248 2470 Christi,
2276 2418 2435 2471 quam
2474 2419 2595 2458 cum
2625 2403 2959 2472 sapientibus
3007 2405 3192 2458 mundi
3246 2404 3448 2460 habere

1857 2493 2188 2548 consortium
2209 2492 2445 2547 maluisti
2468 2499 2513 2545 ⁸.
2537 2491 2666 2546 Inde
2691 2493 2802 2561 jam
2833 2503 2887 2546 et
2916 2494 3054 2546 hanc
3075 2495 3302 2561 gratiam
3331 2511 3446 2546 me-

1859 2584 1994 2638 reris
2022 2582 2042 2614 ³
2071 2598 2102 2637 a
2145 2582 2392 2646 Domino,
2424 2591 2483 2635 ut
2512 2588 2585 2647 te,
2616 2583 2756 2636 sicut
2807 2581 3044 2636 indicare
3072 2583 3340 2650 ,dignatus
3389 2597 3450 2638 es

1859 2674 1950 2744 pie
1977 2674 2233 2740 glorians,
2263 2671 2477 2725 oderint
2522 2686 2712 2724 omnes
2743 2688 2756 2723 :
2787 2671 2930 2740 quod
2972 2687 3079 2724 non
3129 2669 3302 2739 ﬁeret,
3347 2671 3450 2725 nisi

1862 2777 2022 2816 verus
2052 2762 2292 2814 imitator
2313 2758 2510 2813 Christi
2539 2775 2658 2813 esse
2678 2760 2952 2828 cmpisses.
2984 2758 3100 2813 Non
3131 2759 3271 2813 enim
3302 2760 3448 2814 odis-

1862 2860 1947 2909 set
1967 2853 2052 2906 hic
2077 2852 2325 2918 mundus,
2354 2852 2455 2907 nisi
2483 2851 2628 2922 quod
2662 2850 2775 2921 jam
2803 2867 2834 2905 a
2878 2866 2937 2906 se
2980 2851 3233 2914 alienum,
3265 2858 3317 2903 et
3346 2850 3448 2904 sibi

1864 2944 2069 2999 videret
2106 2943 2387 2997 adversum
2425 2945 2465 2996 ί.
2499 2941 2684 2998 Gaude
2713 2951 2768 2996 et
2797 2943 3005 2996 exsulta
3041 2959 3054 2993 :
3098 2941 3207 3009 jam
3240 2949 3294 2994 et
3331 2938 3353 2971 ⁸
3392 2938 3446 2993 in

1865 3033 2181 3089 rudimentis
2211 3033 2315 3086 tuis
2354 3032 2524 3087 virtus
2554 3032 2902 3102 perfectionis
2930 3040 3205 3102 operatur.
3237 3029 3447 3101 Perspi-

1863 3139 2020 3179 cuum
2042 3131 2123 3178 est
2144 3138 2302 3192 quam
2321 3121 2532 3177 fortiter
2551 3121 2842 3176 credideris
2874 3124 2926 3176 in
2954 3121 3188 3185 Christo,
3223 3123 3306 3176 cui
3332 3119 3445 3190 jam

295 3243 497 3299 Filiun
529 3244 720 3313 Deum,
753 3210 842 3301 cui
870 3210 1386 3316 (c)omne
1423 3257 1562 3313 genu
1594 3253 1759 3299 terre-
1787 3221 1832 3286 (ἶ
1862 3212 2118 3316 ‘10"an
2145 3220 2226 3316 es?
2257 3211 2604 3316 ,Ρῗοξιπίδιθ
2631 3212 2763 3316 9³9⁸
2797 3211 3104 3316 ῖίδθβῖυξᾳ
3134 3210 3314 3316 ,ξίθθξ
3335 3213 3447 3314 ipso

166 3336 387 3402 strium,
409 3335 711 3391 cmlestium
749 3344 804 3392 et
831 3336 1162 3392 infernorum
1184 3345 1239 3401 σς
1272 3343 1327 3390 et
1347 3351 1505 3404 quem
1533 3337 1600 3390 ad
1635 3337 1761 3390 dex-

168 3437 344 3484 teram
375 3429 608 3492 virtutis,
641 3437 696 3483 et
737 3429 790 3483 in
819 3430 988 3498 gloria
1035 3443 1155 3484 esse
1201 3428 1298 3483 Dei
1346 3427 1537 3494 Patris,
1585 3431 1760 3485 omnis

170 3521 352 3590 lingua
399 3520 700 3576 conﬁtetur.
750 3520 902 3576 llunc
949 3530 1009 3575 tu
1061 3521 1345 3576 Dominum
1373 3530 1428 3576 et
1455 3521 1624 3577 Deum
1665 3537 1760 3577 no-

173 3620 364 3677 strum,
399 3613 523 3682 quia
551 3629 654 3667 non
685 3613 1020 3667 wstimabitur
1043 3613 1178 3667 alius
1203 3613 1272 3667 ad
1305 3630 1420 3667 eum
1444 3612 1492 3678 ιι,
1523 3621 1639 3668 toto
1668 3629 1758 3667 ar-

173 3717 318 3756 canze
343 3702 567 3772 pietatis
588 3703 848 3772 mysterio
869 3702 1167 3771 amplexus,
1199 3701 1482 3757 Dominum
1509 3709 1564 3756 et
1592 3701 1761 3755 Deum

175 3791 266 3849 Dei
292 3793 494 3848 Filium
521 3801 646 3848 ante
671 3794 873 3862 secula,
905 3796 1094 3865 factum
1137 3810 1202 3848 ex
1232 3796 1424 3849 semine
1451 3793 1621 3848 David
1655 3793 1670 3831 ί
1706 3794 1761 3848 in

177 3883 275 3938 hoc
301 3884 524 3948 seculo;
557 3892 612 3938 et
639 3899 782 3939 nunc
821 3885 1312 3940 ex'resurrectione
1339 3892 1675 3938 mortuorum
1704 3883 1760 3937 in

178 3989 318 4044 spem
346 3975 668 4030 aeternitatis
696 3975 942 4030 humana:
959 3974 1230 4027 viventem
1258 3975 1310 4028 in
1338 3973 1538 4036 secula,
1570 3980 1627 4026 ut
1654 3979 1760 4032 est,

179 4064 344 4118 credis
367 4081 383 4128 ;
416 4071 470 4118 et
491 4071 552 4117 ut
573 4064 765 4129 credis,
787 4063 1074 4133 praedicas:
1101 4071 1156 4116 et
1181 4061 1365 4116 rudem
1389 4070 1582 4116 esse.te
1603 4069 1764 4128 atque

182 4144 439 4208 infantem
469 4152 580 4208 Deo
606 4151 752 4208 dices
784 4153 844 4206 ‘?
889 4151 1028 4207 Vere
1055 4151 1272 4220 quidem
1299 4165 1366 4206 ex
1395 4158 1548 4220 parte
1599 4150 1762 4204 credo

182 4242 460 4311 parvulum
489 4257 608 4297 esse
639 4250 692 4298 te
721 4239 942 4307 factum,
973 4239 1067 4295 sed
1113 4240 1350 4304 malitia;
1381 4253 1538 4294 sensu
1583 4246 1765 4292 autem

185 4340 232 4385 te
275 4347 399 4388 esse
426 4331 722 4402 perfectum
751 4329 818 4386 de
845 4329 1181 4400 professione
1223 4329 1345 4385 ﬁdei
1381 4337 1484 4384 tuac
1511 4329 1662 4384 disco
1695 4329 1708 4379 ι
1745 4345 1760 4395 ;

186 4422 300 4486 quia
320 4422 569 4476 veritatis
589 4422 808 4490 agnitio,
833 4436 995 4491 quam
1016 4421 1416 4491 apprehendisti
1438 4421 1490 4475 in
1511 4435 1763 4476 sermone

186 4507 442 4575 breviato,
496 4512 769 4580 sapientia:
817 4511 1092 4582 plenitudo
1137 4520 1221 4566 est
1266 4511 1326 4564 ιε
1380 4519 1436 4566 et
1465 4509 1589 4566 ideo
1646 4511 1763 4581 ipse

1864 3303 2137 3366 Dominus,
2173 3311 2227 3356 et
2256 3302 2490 3370 intelligc
2518 3317 2676 3371 quam
2704 3303 2892 3357 beatus
2917 3303 3008 3356 sis.
3038 3300 3215 3355 Nolite
3245 3303 3444 3367 mirari,

1862 3391 2052 3461 inquit,
2077 3394 2120 3446 si
2149 3409 2236 3446 ros
2254 3391 2470 3445 mundus
2494 3393 2619 3456 odit,
2645 3394 2763 3461 quia
2786 3408 2864 3444 me
2892 3393 3033 3456 prius
3055 3391 3172 3442 odio
3201 3390 3374 3442 [tabuit
3396 3399 3442 3444 υ.

1863 3480 1924 3535 Si
1949 3482 2091 3537 enim
2113 3497 2176 3534 ex
2201 3481 2390 3533 mundo
2413 3481 2611 3545 essetis,
2642 3491 2838 3532 amaret
2862 3481 3041 3548 utique
3070 3479 3289 3534 mundus
3312 3480 3447 3550 quod

1867 3587 2017 3624 suum
2065 3578 2195 3623 esset
2230 3579 2274 3622 '.
2308 3569 2375 3622 Et
2403 3570 2595 3623 iterum
2629 3586 2640 3620 :
2678 3567 2799 3622 Non
2831 3576 2906 3621 est
2937 3568 3104 3638 major
3153 3584 3325 3621 servus
3355 3570 3450 3622 dos

1863 3661 2001 3712 mino
2063 3657 2286 3712 διανεί
2331 3660 2765 3729 patremfamilias
2821 3656 3101 3712 Beelzebub
3169 3659 3448 3724 dixerunt,

1863 3759 2053 3821 quanto
2076 3750 2241 3820 magis
2264 3749 2568 3804 domesticos
2599 3751 2709 3820 ejus
2733 3759 2753 3784 "
2773 3752 2795 3803 ?
2818 3748 2948 3805 Vide
2976 3766 3133 3818 nunc,
3167 3751 3211 3805 s‘i
3242 3751 3366 3806 licet
3392 3761 3449 3805 ut

1865 3844 2002 3897 servi
2034 3860 2131 3912 pro
2154 3842 2383 3898 Domino
2405 3860 2713 3901 recusemus
2743 3845 2871 3914 pati,
2897 3860 3013 3914 quin
3041 3860 3136 3913 pro
3162 3845 3316 3899 nobis
3337 3861 3450 3898 scr-

1865 3935 1945 3988 vis
1965 3934 2076 3988 suis
2105 3933 2363 3988 Dominus
2403 3943 2528 3989 ante
2569 3936 2837 3988 sustinuit.
2863 3932 2907 3986 0
2929 3936 3082 3987 beata
3101 3934 3310 4002 injuria,
3342 3934 3451 3987 dis-

1867 4023 2066 4096 plicere
2095 4038 2217 4076 cum
2246 4020 2488 4076 Christo!
2523 4024 2692 4090 magis
2723 4022 2876 4076 nobis
2905 4023 3172 4075 timendus
3194 4030 3274 4074 est
3299 4037 3452 4076 amor

1869 4121 2072 4186 talium,
2098 4121 2290 4190 quibus
2312 4122 2427 4176 sine
2450 4118 2665 4174 Christo
2696 4115 2955 4190 placetdr.
2995 4120 3184 4174 Nonne
3212 4123 3295 4190 qui
3325 4123 3450 4172 ode-

1868 4223 1986 4267 rant
2009 4223 2074 4277 te,
2107 4213 2300 4280 inquit,
2324 4213 2534 4266 oderam
2557 4214 2714 4266 illos?
2742 4224 2795 4267 et
2825 4213 3048 4280 addidit,
3074 4213 3308 4284 Perfecto
3333 4214 3475 4266 odio'

1868 4303 2077 4360 oderam
2114 4303 2232 4358 illos
2280 4313 2328 4357 γ.
2362 4302 2514 4370 Quod
2568 4305 2724 4358 nobis
2770 4319 2890 4358 cum
2948 4305 3137 4359 horum
3190 4306 3452 4361 sacietate

1866 4395 2247 4450 commercium
2276 4395 2364 4461 sit,
2396 4409 2516 4449 cum
2546 4411 2772 4466 quorum
2803 4405 2950 4451 sorte
2975 4397 3227 4452 discretio
3256 4400 3377 4452 est?

1939 4506 2100 4576 229
2127 4505 2178 4560 5.
2205 4504 2396 4560 Merito
2434 4504 2701 4572 gloriaris,
2747 4507 3198 4562 venerandisSime
3221 4507 3241 4538 '
3263 4507 3446 4574 frater,

187 4603 339 4673 223
368 4600 623 4670 Magister
643 4580 901 4671 gentium,
932 4618 1027 4658 vas
1053 4601 1333 4658 electionis
1351 4609 1406 4656 et
1433 4616 1524 4656 vas
1545 4602 1638 4656 Dei
1666 4580 1759 4672 qui
1789 4580 1838 4642 ι)
1864 4605 1920 4654 et
1961 4597 2016 4652 in
2041 4595 2402 4651 exsultatione
2443 4594 2580 4650 dicis
2610 4596 2734 4650 hinc
2763 4604 2816 4650 te
2862 4597 3034 4666 ipsum
3082 4597 3178 4652 tibi
3229 4601 3451 4653 credere

189 4691 236 4746 in
261 4709 318 4748 se
345 4693 619 4748 Christum
648 4693 814 4763 loqui,
845 4701 901 4747 et
919 4707 976 4747 se
1003 4692 1260 4762 Spiritum
1290 4691 1382 4747 Dei
1403 4692 1605 4747 habere
1628 4707 1758 4763 pro-

191 4782 362 4837 ﬁtetur
394 4781 432 4847 ¹,
460 4799 562 4836 non
589 4783 644 4836 in
662 4782 977 4836 sublimitate
1003 4784 1253 4836 sermonis
1268 4791 1326 4844 ω,
1357 4797 1531 4852 neque
1549 4782 1600 4837 in
1631 4781 1765 4848 legis

192 4871 406 4925 scientia
436 4872 716 4940 gloriatur,
745 4871 841 4927 sed
887 4886 1110 4928 omnem
1150 4872 1394 4940 gloriam,
1425 4889 1529 4943 qua
1559 4872 1643 4927 vel
1669 4870 1767 4926 Ju-

1868 4685 2013 4756 quod
2039 4685 2374 4742 Christianus
2409 4685 2503 4750 sis,
2551 4686 2679 4754 quia
2718 4694 2771 4741 te
2799 4687 2976 4744 odisse
3005 4688 3266 4758 coeperint
3312 4690 3332 4720 '
3359 4692 3452 4758 qui

1869 4776 2178 4846 diligebant,
2229 4787 2286 4831 et
2322 4776 2600 4847 despicere
2642 4778 2732 4846 qui
2786 4779 3071 4845 timebant;
3103 4787 3158 4834 et
3200 4780 3314 4850 ipse
3354 4783 3448 4836 tibi

1872 4866 2117 4924 conscius
2145 4881 2224 4930 es,
2273 4866 2398 4935 quia
2429 4866 2474 4921 si
2505 4874 2561 4920 tu
2613 4867 2726 4936 ipse
2755 4869 2887 4923 tanti
2937 4870 2956 4901 ⁷
2988 4867 3129 4938 apud
3167 4877 3220 4923 te
3265 4885 3445 4934 esses;

254 4991 279 5019 ⁸
303 4983 446 5039 Psal.
471 5001 612 5050 cxxr,
638 4985 689 5040 1.
764 4983 942 5041 bGen.
968 5000 1044 5052 ιιι,
1078 4983 1162 5040 19.
1193 4985 1356 5040 Eccli.
1390 5001 1446 5052 x,
1476 4983 1528 5038 9.
1610 4996 1632 5025 ε
1655 4983 1793 5039 Psal.
1829 4993 1973 5052 915;},
1997 4975 2052 5030 2.
2103 4973 2133 5052 f'
2151 4975 2297 5052 gen.
2330 4992 2473 5052 “ut.
2504 4975 2591 5031 27.
2639 4990 2674 5052 f
2705 4977 2844 5052 εδει.
2870 4996 3064 5052 cxxvn,
3094 4979 3144 5034 2.
3190 4980 3227 5052 7‘
3255 4982 3445 5038 Manli.

193 5066 288 5116 xvi,
339 5054 430 5107 17.

195 5134 298 5183 xm,
324 5123 379 5176 3.

530 5065 554 5101 ις
594 5053 729 5111 Pliil.
781 5071 841 5120 ιι,
875 5056 960 5110 10.

506 5113 531 5161 ἰ
566 5123 582 5177 l
611 5123 736 5179 Cor.
768 5113 858 5190 γιί,
889 5125 975 5180 40.
1051 5135 1090 5162 ω
1117 5124 1139 5180 1
1163 5123 1288 5180 Cor.
1322 5113 1378 5190 ιι,
1406 5129 1452 5178 1.

197 5267 220 5305 t
248 5256 383 5315 Psal.
416 5256 669 5328 cxxxvtn,
691 5263 753 5318 2i
788 5273 842 5319 et
864 5263 953 5319 22.

1057 5054 1084 5094 ⁸³
1114 5055 1342 5120 Baruch,
1394 5045 1483 5120 ni,
1528 5055 1634 5117 56,
1673 5070 1759 5108 sec

1057 5135 1090 5162 ω
1117 5124 1139 5180 l
1163 5123 1288 5180 Cor.
1322 5141 1378 5190 ιι,
1406 5129 1452 5178 l.
1531 5134 1556 5161 ιι
1588 5123 1759 5191 Philip

1862 5045 1994 5102 .XX.
2100 5047 2111 5083 ⁸
2151 5045 2304 5102 Rom.
2348 5062 2394 5106 I.
2435 5048 2490 5100 3.
2592 5052 2603 5098 ι
2639 5048 2656 5102 l
2697 5047 2822 5103 Cor.
2868 5066 2924 5103 xv

1862 5134 1896 5191 ι,
1918 5118 1971 5191 8_.
2050 5123 2074 5150 °
2099 5114 2119 5171 l
2143 5116 2269 5191 Cor:
2295 5132 2350 5179 ιι,
2381 5115 2432 5169 2.
2457 5184 2475 5191 _
2515 5127 2539 5191 ιι
2571 5116 2750 5172 Culos.
2783 5133 2841 5191 ιι,
2872 5120 2924 5173 5.

198 5198 215 5224 ¹
249 5190 279 5262 I
307 5192 539 5262 Cor.!iv,
576 5194 624 5248 7.
705 5203 725 5229 ⁸
759 5185 944 5250 Matth.
977 5209 1048 5259 ιι,
1080 5194 1168 5248 25.
1248 5197 1266 5232 ⁸
1297 5185 1484 5250 Iollan.
1516 5210 1605 5259 xv,
1650 5185 1745 5246 l9.-

1869 5187 2062 5243 Johan.
2095 5201 2182 5252 xv,
2208 5185 2293 5239 18.

2100 5047 2111 5083 ί
2151 5044 2304 5102 Rom.
2348 5062 2394 5106 I.
2435 5048 2490 5100 3.

2592 5052 2603 5098 ι
2639 5048 2656 5102 l
2697 5047 2822 5103 Cor.
2868 5066 2964 5115 xv,
2997 5050 3085 5104 20.
3187 5051 3210 5087 ιι
3237 5052 3277 5104 ll
3317 5054 3445 5106 Cor.

3025 5131 3051 5169 τι
3083 5119 3102 5173 1
3130 5118 3256 5174 Cor.
3287 5137 3326 5184 ι,
3354 5121 3444 5174 20.

2394 5195 2419 5224 ν
2447 5184 2640 5241 Johan.
2665 5203 2741 5254 nt,
2779 5188 2862 5243 15.
2941 5199 2966 5226 ι
3011 5188 3204 5244 Johan.
3235 5207 3320 5255 xv,
3359 5190 3443 5242 l6.

263 5355 276 5370 '
315 5354 462 5408 Alias
495 5354 593 5422 29°,
616 5371 735 5426 quas
761 5360 939 5411 autem
979 5355 1048 5410 38
1079 5364 1211 5422 erat,
1242 5369 1381 5410 nunc
1409 5356 1494 5410 l6.
1525 5353 1738 5435 Scripta
1775 5350 1913 5406 forte
1936 5361 2078 5401 anno
2102 5345 2226 5399 404.

263 5481 456 5562 (c)-Sic
494 5456 895 5540 emendavimus
941 5500 1008 5540 ex
1049 5500 1150 5540 ms.
1197 5484 1350 5539 Vien.
1400 5484 1608 5540 codice.
1642 5483 1766 5547 Alii,

199 5563 535 5620 prccapimus.

259 5636 332 5703 (ὁ)
359 5639 454 5692 Ms.
489 5639 667 5706 Vien.,
697 5642 788 5694 sed
815 5644 870 5696 in
904 5641 996 5695 hac
1026 5641 1420 5710 conﬁrmantur.

261 5727 328 5796 (c)
358 5726 434 5779 Ita
453 5742 580 5782 mss.
602 5728 756 5783 Vicn.
786 5737 841 5784 et
861 5728 992 5800 Reg.
1026 5728 1127 5783 Alii
1148 5727 1378 5796 codices,
1407 5730 1544 5799 ﬂecti
1574 5745 1591 5784 :
1623 5734 1768 5783 utra-

201 5815 294 5867 que
323 5805 482 5862 lectio
507 5816 742 5877 recepta.

1945 5468 2023 5548 (ά)
2053 5467 2366 5522 Addidimus
2402 5467 2717 5537 particulam
2754 5476 2809 5520 ut
2835 5482 2900 5522 ex
2942 5481 3041 5521 ms.
3075 5461 3260 5518 codice
3287 5461 3449 5518 Vien-

1870 5552 2321 5676 nelies)l.\lulgatam
2348 5605 2965 5676 retinuimuslectionem
2982 5617 3121 5676 quae
3150 5618 3277 5656 mss.
3303 5604 3450 5659 codi-

1871 5673 2305 5730 cumautoritate
2347 5673 2580 5739 fulcitur,
2629 5675 2808 5739 idest,
2849 5673 3132 5739 despiciens
3159 5676 3335 5728 mundi
3363 5693 3452 5728 sa-

1871 5747 2118 5814 pientiam
2159 5744 2339 5812 spiritu
2383 5743 2595 5814 celsiore
2646 5741 3057 5814 vanitatesEdit.
3090 5741 3300 5808 Schot.,
3355 5763 3446 5800 sa-

1873 5811 2115 5877 pientiam
2144 5814 2440 5870 vanitatem.
2475 5811 2672 5876 Latin.,
2699 5812 2970 5876 sapientia:
3007 5815 3300 5869 vanitatem.
