4078 6352
639 360 746 418 539

1751 350 1806 406 S.
1856 347 2127 408 PAULlNl
2168 348 2418 406 NOLANI
2461 347 2764 406 EPISCOPI

3787 348 3878 409 εσυ

639 486 791 541 atque
839 478 894 525 ut
921 469 1167 524 solebant
1215 475 1270 523 et
1306 467 1593 537 diligerent
1635 478 1706 533 te,
1731 477 1786 523 et
1813 441 2216 524 venerarentur:
2249 475 2296 536 Α
2322 469 2440 536 quia
2488 484 2590 520 non
2623 468 2762 521 vobis
2782 475 2857 521 est
2887 467 2996 520 lucc
3023 481 3215 553 pugna,
3241 467 3330 520 sed
3355 463 3583 519 Domino
3612 471 3659 518 ⁸.
3692 463 3879 538 Moyses

639 561 820 616 Gaude
848 561 1005 628 igitur
1030 569 1077 612 et
1099 559 1324 624 exsulta,
1355 575 1470 612 ecce
1491 561 1628 612 enim
1657 575 1849 612 merces
1892 569 1977 611 tua
2007 559 2217 626 copiosa

639 654 692 706 in
741 651 879 705 aclis
904 648 1090 702 ‘..Nou
1137 649 1280 702 enim
1311 656 1384 712 te,
1415 648 1508 702 sed
1551 649 1699 702 illum
1729 649 1806 717 (a)
1834 647 2000 714 quiin
2031 655 2082 700 te
2103 659 2222 700 esse

638 744 817 812 cmpit,
844 741 1097 801 oderunt;
1124 739 1276 808 cujus
1293 756 1429 809 opus
1450 748 1531 795 est
1559 741 1684 817 inte
1705 749 1759 794 et
1775 739 2044 793 humilitas
2062 751 2219 808 quam

640 839 1008 892 contemnunt,
1041 841 1092 884 et
1123 831 1341 884 castitas
1369 846 1529 898 quam
1559 830 1918 895 detestantur,
1949 830 2130 898 inquo
2171 835 2224 880 te

639 921 782 975 bono
823 919 1206 988 prephetarum
1253 934 1370 973 esse
1399 920 1874 988 apostolorumque
1901 918 2224 986 participem

623 1011 790 1065 lactus
842 1024 1074 1078 agnosce
1103 1019 1157 1064 et
1186 1012 1237 1063 in
1268 1011 1558 1079 propheta,
1591 1025 1712 1063 cum
1741 1009 1868 1061 dicit
1900 1026 1912 1060 :
1964 1007 2218 1062 Detrahe-

638 1101 759 1155 bant
806 1101 927 1154 mihi
958 1103 1077 1170 quia
1110 1101 1182 1171 (b)
1214 1102 1507 1153 subsecutus
1537 1118 1648 1152 sum
1695 1101 1971 1169 justitiam.
1993 1099 2054 1164 ὃς
2087 1109 2140 1152 et
2169 1100 2222 1153 in

643 1190 903 1260 Apostolo
933 1190 1142 1243 dicente
1176 1206 1188 1241 :
1220 1188 1372 1241 Facti
1392 1205 1567 1241 sumus
1592 1190 1818 1240 ontnium
1837 1187 2124 1256 peripsema
2158 1198 2220 1250 ε,

647 1292 706 1336 ct
735 1281 926 1334 iterum
966 1279 1153 1333 eodem
1181 1287 1516 1334 contestante
1547 1296 1558 1329 ε
1607 1278 1740 1342 Quia
1787 1278 1938 1350 positi
1967 1293 2141 1334 sumus
2169 1279 2223 1331 in

644 1372 740 1423 ltoc
762 1368 950 1422 mundo
975 1369 1319 1437 spectaculum
1341 1367 1572 1420 omnibus
1594 1366 1788 1437 angelis
1806 1375 1854 1418 et
1873 1366 2159 1418 hominibus
2173 1365 2220 1418 ι¹.

644 1459 725 1515 Ab
756 1457 907 1513 initio
954 1459 1256 1512 seculorum
1305 1457 1550 1510 Christus
1598 1457 1649 1510 in
1688 1455 1937 1511 onmibus
1974 1455 2083 1509 suis
2127 1470 2219 1524 pa-

641 1549 792 1603 titur.
826 1547 942 1616 lpse
962 1557 1044 1601 est
1071 1547 1212 1601 enim
1235 1547 1445 1600 initium
1472 1555 1526 1599 et
1556 1543 1673 1599 linis
1705 1557 1750 1609 υ,
1779 1545 1871 1612 qui
1900 1545 1952 1598 in
1984 1544 2100 1613 lege
2129 1560 2225 1599 ve-

646 1636 806 1701 latur,
831 1636 884 1688 in
906 1633 1196 1703 Evangelio
1223 1634 1511 1697 revelatur,
1541 1631 1792 1686 mirabilis
1813 1647 2027 1700 semper
2053 1640 2109 1684 et
2136 1648 2230 1700 pa-

645 1727 803 1790 tiens,
849 1734 906 1780 et
930 1725 1264 1795 triumphans
1310 1727 1363 1777 in
1401 1729 1593 1778 sanctis
1631 1725 1736 1777 suis
1789 1723 2042 1777 Dominus
2087 1721 2140 1789 ῖς
2175 1724 2227 1776 iu

2322 572 2536 626 quoque
2559 557 2805 612 similiter
2833 565 2957 611 ante
2992 557 3103 625 jam
3141 557 3382 610 dixerat:
3427 555 3527 610 Vos
3553 555 3800 626 tucebitis,
3839 569 3880 611 et

2323 629 2575 698 Dominus
2606 643 2852 714 pugnabit
2881 660 2975 712 pro
3005 643 3142 698 vobis
3169 653 3216 697 Y.
3247 643 3415 712 Igitur
3442 644 3528 711 qui
3557 637 3813 712 conﬁdunt
3835 645 3880 698 in

2321 737 2505 788 virtute
2533 741 2624 787 aut
2651 733 2914 802 sapientia
2936 751 3057 799 sua,
3111 733 3310 803 quique
3337 735 3392 785 in
3417 732 3738 786 abundantia
3775 734 3880 787 diri-

2324 825 2513 876 tiarum
2556 839 2764 876 suarum
2789 823 3080 892 gloriantur
3110 833 3156 891 '-,
3183 832 3448 877 exacuant
3492 830 3551 876 ut
3591 822 3773 876 volunt
3795 823 3880 876 ad-

2323 930 2534 970 versum
2557 929 2653 967 nos
2679 929 2825 967 arma
2854 913 3114 979 dentium,
3145 923 3200 968 et
3220 915 3508 968 verborum
3538 914 3774 981 sagittas,
3800 930 3879 968 vc-

2325 1020 2460 1059 nena
2492 1004 2724 1061 thesauri
2753 1007 2877 1060 mali
2902 1004 3133 1074 vipereis
3150 1011 3371 1058 vomant
3393 1004 3437 1034 ⁸²
3460 1003 3684 1070 linguis;
3706 1003 3879 1058 habent

2327 1111 2424 1164 pro
2457 1096 2608 1150 nobis
2627 1095 3044 1166 respondentem
3085 1093 3186 1148 sibi
3214 1093 3519 1147 Dominum.
3553 1091 3729 1157 Tacui,
3753 1109 3879 1145 num-

2327 1185 2448 1254 quid
2496 1201 2694 1254 semper
2746 1184 2922 1239 tacebo
2970 1185 3080 1238 "?
3128 1182 3221 1244 (V.
3260 1184 3422 1252 epist.
3469 1182 3538 1249 5,
3588 1199 3644 1236 ιι.
3678 1183 3752 1250 7.)
3789 1183 3880 1238 Nos

2326 1289 2483 1330 aures
2508 1285 2718 1330 nostras
2745 1277 2931 1346 spinis,
2955 1268 3012 1328 ut
3031 1275 3286 1344 scriptum
3309 1285 3393 1329 est
3426 1274 3508 1341 Μ’,
3532 1275 3809 1344 sepiamus,
3835 1276 3877 1328 id

2327 1373 2429 1430 est,
2475 1365 2568 1418 Dei
2618 1367 2782 1420 verbo
2825 1374 2881 1420 et
2926 1365 3029 1420 lide
3068 1365 3246 1430 verbi;
3277 1379 3397 1433 qua:
3425 1364 3546 1418 vita:
3577 1371 3769 1418 nostrae
3810 1381 3880 1419 sc-

2330 1464 2510 1524 getem
2568 1454 2866 1511 ﬁrmissima
2917 1456 3237 1511 innocentia:
3269 1464 3429 1523 atque
3475 1454 3744 1524 patientia:
3771 1469 3878 1522 sape

2329 1534 2621 1602 del‘endtmt
2646 1559 2725 1614 ετ,
2749 1556 2804 1602 et
2824 1546 3039 1602 diabolo
3058 1548 3196 1602 dolis
3215 1548 3326 1600 suis
3340 1547 3516 1601 aditus
3537 1547 3591 1600 in
3614 1548 3876 1616 pnecordia

2330 1645 2510 1690 nostra
2555 1639 2815 1706 captanti,
2847 1638 2997 1706 quasi
3027 1637 3232 1692 furibus
3261 1637 3303 1668 “
3323 1637 3490 1705 spina:
3529 1636 3808 1699 resistunt;
3833 1646 3880 1689 et

2330 1726 2912 1781 viscerainimicorum
2937 1728 3109 1795 regis;
3143 1726 3195 1780 id
3223 1735 3324 1791 est,
3374 1735 3645 1781 amatores
3673 1727 3878 1780 hostium

654 1819 789 1873 Abel
819 1819 1027 1872 occisus
1073 1833 1103 1869 a
1144 1816 1306 1869 fratre
1337 1825 1382 1881 ε,
1434 1817 1486 1868 in
1514 1815 1625 1869 Noe
1656 1815 1840 1870 irrisus
1885 1831 1916 1868 a
1960 1815 2067 1868 lilio
2095 1813 2143 1881 ιι,
2177 1816 2230 1868 in
2262 1815 2304 1875 Β
2331 1815 2548 1882 Christi,
2599 1817 2700 1872 hos
2738 1817 2984 1872 videlicet
3009 1816 3442 1872 Christianorum
3492 1818 3875 1883 obtrectatores,

597 1921 610 1928 '
652 1910 921 1964 Abraham
967 1907 1334 1977 peregrinatus
1370 1903 1412 1970 ί,
1456 1904 1508 1957 in
1536 1903 1683 1958 Isaac
1723 1904 1952 1968 oblatus,
1986 1904 2038 1957 in
2060 1902 2227 1958 Jacob

647 1998 938 2053 latinilatus
971 1997 1015 2058 ὲ,
1043 1996 1094 2048 in
1121 1995 1318 2063 losepn
1350 1994 1594 2048 venditus
1625 1994 1670 2058 ⁸,
1701 1993 1754 2046 in
1801 1993 1982 2064 Moyse
2010 1995 2228 2064 exposi-

655 2101 741 2144 tus
768 2099 822 2143 et
851 2089 1060 2156 fugatus
1094 2085 1134 2151 ι,
1169 2087 1220 2139 in
1252 2085 1530 2155 prophetis
1576 2085 1839 2153 lapidatus
1882 2094 1936 2138 et
1961 2094 2138 2140 sectus
2168 2095 2227 2150 η’,

650 2181 708 2234 in
755 2177 1012 2248 apostolis
1054 2185 1195 2230 terra
1240 2175 1482 2243 marique
1505 2158 1740 2241 juctatus
1782 2184 1840 2240 ιι,
1874 2184 1930 2228 et
1964 2173 2146 2229 multis
2170 2190 2232 2230 ac

652 2271 816 2325 variis
843 2269 1123 2322 beatorum
1153 2275 1443 2336 martyrum
1472 2265 1719 2319 crucibus
1757 2264 2062 2334 frequenter
2089 2266 2233 2320 occi-

649 2375 743 2414 sus
763 2367 808 2410 °.
838 2357 980 2410 idem
1004 2356 1163 2424 igitur
1194 2355 1356 2408 etiam
1385 2369 1527 2408 nunc
1572 2352 1910 2407 inﬁrmitates
1939 2364 2148 2409 nostras
2177 2363 2231 2408 et

651 2447 1019 2517 :cgritudincm
1051 2449 1071 2476 "
1095 2453 1315 2514 portans
1343 2455 1398 2507 r;
1429 2444 1690 2512 quiaipse
1717 2452 1801 2498 est
1834 2444 1995 2498 homo
2023 2459 2234 2513 semper

653 2556 753 2611 pro
775 2538 1008 2593 nobisin
1031 2537 1183 2605 plaga
1215 2536 1438 2604 positus,
1473 2543 1526 2589 et
1549 2537 1726 2590 sciens
1773 2535 1914 2590 ferre
1955 2535 2234 2590 inﬁrmita-

660 2640 768 2684 tem
802 2639 849 2693 ιι,
882 2641 1040 2695 quam
1076 2641 1180 2679 nos
1206 2626 1323 2679 sine
1350 2625 1464 2694 ipso
1513 2640 1611 2680 nec
1639 2641 1920 2694 possumus
1949 2625 2104 2691 ferre,
2133 2641 2235 2681 nec

653 2720 918 2774 novimus.
949 2717 1087 2787 Ipse,
1117 2717 1352 2786 inquam,
1385 2732 1524 2771 nunc
1552 2731 1766 2785 quoque
1807 2733 1902 2786 pro
1934 2718 2087 2773 nobis
2114 2728 2170 2772 et
2212 2722 2233 2753 ’

651 2809 714 2878 in
735 2811 889 2866 nobis
914 2809 1185 2874 sustinens
1211 2807 1488 2872 mundum,
1522 2817 1580 2861 ut
1623 2807 1942 2876 perferendo
1973 2808 2231 2874 destruat,

655 2905 711 2954 et
743 2898 992 2952 virtutem
1029 2898 1081 2951 in
1111 2895 1423 2952 inﬁrmitate
1452 2896 1711 2964 perliciat.
1733 2896 1852 2964 Ipse
1879 2905 1936 2950 et
1978 2897 2030 2949 in
2063 2905 2114 2951 te
2141 2914 2232 2966 pa-

655 2986 799 3059 titur
817 2987 1124 3056 opprobria,
1155 2995 1209 3040 et
1239 2985 1410 3054 ipsum
1439 2985 1490 3038 in
1520 2993 1574 3038 te
1601 2986 1714 3050 odit
1742 2986 1828 3039 hic
1857 2987 2102 3040 mundus.
2128 2987 2234 3042 Sed

655 3074 855 3144 gratias
883 3073 1002 3142 ipsi,
1022 3073 1151 3142 quia
1195 3074 1359 3126 vincit
1387 3089 1508 3126 eum
1533 3072 1805 3141 judicatur
1830 3085 1874 3136 r;
1917 3084 1987 3140 et,
2016 3083 2074 3129 ut
2101 3076 2233 3130 seri-

2337 1908 2461 1962 vitte
2491 1916 2688 1962 nostrai
2733 1917 2894 1977 atque
2932 1909 3250 1963 constantia:
3283 1908 3732 1976 contemplatione
3757 1923 3880 1962 eom-

2329 2006 2590 2068 pungu‘nt.
2634 1997 2740 2052 Nos
2793 2000 2951 2067 igitur
2997 2009 3270 2052 taceamus
3318 1998 3462 2060 istis,
3514 1999 3784 2066 loquentes
3824 1998 3880 2051 ad

2329 2086 2610 2140 Dominum
2652 2087 2864 2142 silentio
2905 2087 3218 2141 humilitatis
3255 2096 3311 2140 et
3339 2102 3473 2141 voce
3501 2088 3790 2157 patientiae;
3836 2097 3880 2140 et

2332 2183 2462 2230 tunc
2488 2177 2600 2244 ipse
2630 2177 2721 2244 qui
2747 2177 2982 2230 invictus
3002 2184 3110 2240 est,
3154 2176 3410 2246 pugnabit
3438 2191 3538 2246 pro
3567 2176 3716 2230 nobis
3739 2173 3810 2240 δα,
3837 2183 3881 2229 ct

2331 2263 2507 2317 vincet
2551 2265 2602 2317 in
2653 2265 2825 2318 nobis.
2857 2265 3009 2319 Tunc
3039 2265 3286 2334 princeps
3334 2265 3524 2318 harum
3573 2267 3880 2318 tenebrarum

2323 2356 2406 2424 .(c)
2441 2356 2682 2407 mittetur
2713 2356 2887 2418 foras;
2919 2365 2973 2392 τε
3007 2356 3098 2423 qui
3121 2355 3304 2422 utique
3327 2370 3435 2408 non
3466 2358 3533 2408 ab
3563 2355 3663 2409 hoc
3687 2355 3880 2418 munda,

2332 2443 2428 2496 sed
2474 2443 2541 2495 ab
2569 2443 2783 2497 homine
2811 2444 2956 2498 foras
3003 2445 3254 2505 mittitur.
3288 2459 3409 2499 cum
3451 2460 3481 2498 a
3511 2445 3663 2498 nobis
3690 2445 3786 2497 lidc
3816 2445 3882 2496 in-

2342 2539 2589 2584 troeunte
2616 2531 2948 2596 discinditur,
2971 2540 3026 2585 et
3053 2532 3145 2585 dat
3172 2532 3348 2586 locum
3377 2533 3619 2595 Christo,
3642 2533 3785 2600 cujus
3807 2533 3882 2585 ha-

2338 2620 2530 2674 bitatio
2559 2630 2837 2689 peccatum
2865 2621 3008 2676 foras
3037 2623 3216 2688 mittit,
3233 2631 3288 2676 et
3314 2623 3452 2692 pulsi
3477 2624 3788 2693 “serpentis
3805 2639 3882 2677 ex-

2343 2711 2520 2766 silium
2546 2720 2646 2766 est.

2409 2799 2459 2854 5.
2502 2801 2556 2855 In
2587 2801 2887 2869 hujusniodi
2931 2811 3109 2856 autem
3148 2801 3400 2870 passione
3427 2803 3555 2870 quid
3601 2803 3770 2856 facere
3806 2802 3882 2855 de-

2334 2893 2555 2947 beamus
2583 2893 2841 2961 propheta
2872 2908 2970 2947 nos
2997 2893 3176 2958 docet,
3203 2893 3386 2947 dicens
3411 2911 3422 2944 :
3468 2892 3580 2963 Ego
3603 2904 3764 2946 anilem
3790 2899 3884 2944 cuni

2337 2983 2460 3035 milii
2491 2983 2688 3034 molesti
2713 2992 2902 3046 essent,
2929 2982 3198 3034 induebant
3224 2999 3304 3034 me
3331 2984 3556 3036 cilicium
3589 2985 3650 3048 ¹⁵,
3670 2993 3716 3036 et
3740 2984 3880 3035 Itami-

2337 3070 2526 3125 liabam
2553 3073 2604 3124 in
2625 3070 2825 3140 jejunio
2849 3073 3073 3124 animam
3094 3087 3258 3124 meam
3285 3070 3625 3139 “,vidclicct
3652 3081 3706 3126 ut
3725 3075 3882 3126 obtre-

650 3173 802 3235 ptum
827 3173 996 3229 tenes,
1029 3161 1319 3230 triumphat
1339 3162 1391 3215 in
1415 3164 1567 3218 nobis
1586 3179 1683 3232 per
1702 3165 1932 3232 speciem
1961 3168 2231 3222 servitutis
2257 3166 2300 3225 C
2333 3170 2566 3216 clatorcs
2596 3170 2810 3215 nostros
2837 3176 2900 3214 ea
2933 3161 3045 3230 ipsa
3071 3175 3176 3229 qua
3205 3173 3614 3216 commoventur
3642 3163 3883 3216 humilita-

655 3257 911 3310 Dominus
943 3262 988 3318 ⁸,
1021 3253 1191 3308 servis
1227 3253 1337 3307 suis
1360 3255 1584 3322 gratiam
1627 3255 1888 3311 libertatis
1928 3259 2226 3325 acquircns,

655 3346 815 3414 idque
840 3359 1003 3414 agens
1043 3345 1146 3399 hoc
1175 3344 1389 3413 pietatis
1429 3361 1538 3400 sua:
1566 3348 1840 3417 mysterio,
1871 3363 1977 3417 quo
2004 3348 2227 3403 formam

651 3439 792 3489 servi
823 3435 1015 3499 induit,
1042 3443 1096 3488 et
1123 3450 1220 3504 pro
1251 3435 1405 3489 nobis
1428 3436 1710 3490 humiliare
1737 3452 1795 3491 se
1820 3438 2066 3506 dignatus
2087 3449 2168 3493 est
2189 3441 2229 3470 '°

654 3540 825 3591 usque
849 3525 914 3578 ad
945 3535 1172 3580 mortem
1201 3526 1375 3580 crucis
1405 3527 1449 3590 ί,
1475 3535 1531 3580 ιιι
1554 3527 1846 3581 humilitate
1872 3528 2064 3582 visibili
2096 3531 2250 3584 invir

649 3613 858 3666 sibilem
900 3615 1042 3667 illam
1075 3615 1227 3668 nobis
1268 3615 1320 3667 in
1344 3616 1652 3670 caelestibus
1677 3617 2060 3672 sublimitatem
2090 3619 2230 3674 intus

651 3710 924 3768 eperetur.
950 3701 1085 3755 Vide
1113 3695 1253 3756 enim
1281 3703 1350 3756 ab
1401 3704 1553 3758 initio
1601 3705 1738 3758 unde
1783 3705 2148 3772 ceciderimus,
2177 3721 2230 3764 et

653 3788 919 3855 intelliges
948 3790 1089 3856 quod
1131 3790 1321 3843 divina:
1351 3794 1389 3822 ¹¹
1413 3793 1688 3861 sapicntim
1715 3794 2032 3862 pietatisque
2060 3798 2230 3849 consi-

657 3877 731 3931 lio
761 3877 1114 3931 reforinemur
1141 3878 1207 3931 ad
1233 3880 1396 3933 vitam
1425 3889 1472 3933 υ.
1505 3881 1559 3934 in
1591 3881 1758 3936 Adam
1805 3885 2001 3954 quippe
2041 3901 2228 3955 supcr-

648 3966 734 4020 bia
762 3967 982 4032 ruimus,
1031 3975 1192 4036 atque
1241 3968 1359 4023 ideo
1408 3969 1830 4026 humiliamurin
1877 3972 2125 4038 Christo,
2170 3987 2228 4030 ut

646 4065 926 4126 peccatum
947 4057 1165 4111 sceleris
1192 4059 1395 4126 antiqui
1424 4062 1706 4136 contraria
1735 4062 1947 4116 virtutis
1969 4064 2225 4133 obsequio

643 4148 941 4214 diluamus;
973 4157 1028 4203 et
1047 4149 1138 4217 qui
1185 4149 1542 4219 superbiendo
1571 4151 1908 4218 ollendimus,
1941 4155 2223 4210 servimido

619 4225 626 4234 ’
644 4239 933 4307 placemus.

714 4326 767 4381 4.
800 4327 1135 4382 Exsultemus
1163 4329 1342 4396 itaque
1370 4339 1424 4383 et
1450 4330 1741 4398 gloriemur
1764 4334 1814 4386 in
1839 4334 1973 4402 ipso,
2005 4336 2093 4404 qui
2124 4353 2222 4392 nos

645 4425 700 4469 et
730 4429 956 4484 pugnam
987 4427 1040 4470 et
1071 4419 1342 4471 victoriam
1373 4435 1522 4473 suam
1553 4422 1696 4484 fecit,
1729 4423 1911 4478 dicens
1937 4443 1948 4478 :
1974 4425 2224 4482 Constan-

2335 3251 2400 3306 tis
2421 3251 2598 3314 specie
2621 3248 2990 3314 destruamus;
3023 3258 3281 3318 tantoque
3309 3250 3478 3318 magis
3514 3250 3884 3305 confundantur

2334 3342 2375 3373 '°
2398 3357 2580 3395 coram
2609 3340 2838 3395 Domino
2869 3342 2919 3394 in
2943 3332 3173 3409 antiqua:
3202 3340 3376 3396 adhuc
3397 3342 3657 3410 superbiae
3683 3341 3882 3394 crimine

2329 3439 2725 3499 permanentes,
2776 3439 2980 3498 quanto
3009 3431 3178 3497 magis
3226 3432 3325 3485 nos
3375 3431 3473 3500 ipsi
3512 3431 3811 3499 gloriamur,
3838 3431 3882 3483 in

2329 3535 2437 3589 quo
2462 3519 2859 3574 confunduntur
2882 3519 2933 3573 in
2966 3519 3139 3574 nobis.
3174 3518 3598 3590 Inconfusibilem
3632 3523 3768 3576 enim
3788 3537 3883 3591 ops-

2329 3613 2523 3666 rarium
2551 3613 2689 3665 sicut
2718 3613 2931 3665 hilarem
2961 3612 3193 3665 datorem
3221 3613 3389 3684 diligit
3411 3611 3550 3666 Deus
3570 3623 3646 3665 ss.
3677 3611 3882 3667 Proinde

2327 3700 2545 3753 stabiles
2567 3701 2618 3752 in
2642 3700 2745 3753 ﬁde
2773 3684 3032 3764 veritatis,
3051 3709 3105 3754 et
3132 3701 3444 3769 operatione
3467 3701 3688 3768 justitim
3713 3699 3789 3767 ιιι»,
3815 3710 3883 3753 ta-

2328 3790 2454 3844 lium
2486 3791 2570 3844 vel
2598 3791 2721 3845 odia
2750 3791 2835 3844 vel
2865 3791 3108 3846 convicia
3139 3791 3364 3846 vivendo
3389 3793 3582 3846 melius
3615 3808 3773 3860 quam
3815 3792 3881 3846 lo-

2328 3883 2543 3952 quendo
2571 3884 2842 3949 arguimus
2865 3899 2878 3948 ;
2903 3883 3027 3950 quia
3061 3881 3269 3951 rejiciet
3317 3897 3596 3938 sermones
3635 3891 3751 3938 tuos
3779 3890 3880 3952 post

2326 3988 2384 4028 se
2411 3974 2499 4042 qui
2524 3973 2636 4027 odit
2659 3973 2992 4042 disciplinam
3028 3971 3108 4038 ίίς
3141 3983 3195 4027 et
3227 3976 3315 4045 qui
3343 3975 3666 4043 insipientem
3709 3975 3878 4044 arguit,

2329 4071 2389 4116 ut
2417 4073 2570 4117 tenes
2595 4063 2870 4131 scriptum,
2902 4065 3056 4116 sumit
3084 4064 3184 4117 sibi
3209 4065 3567 4125 contumeliam
3593 4066 3670 4119 ii.

2395 4153 2446 4205 6.
2463 4153 2573 4206 Sibi
2594 4154 2822 4206 habeant
2838 4153 3042 4208 litteras
3055 4169 3176 4207 suas
3189 4162 3454 4220 oratores,
3466 4155 3565 4208 sibi
3584 4154 3880 4224 sapientiam

2327 4259 2478 4300 suam
2496 4245 2820 4313 philosophi,
2834 4245 2932 4299 sibi
2952 4245 3165 4300 divitias
3184 4261 3308 4300 suas
3321 4246 3512 4300 divites
3525 4253 3541 4316 (
3556 4245 3619 4298 V.
3639 4261 3724 4316 ep.
3739 4245 3819 4309 23,
3831 4261 3876 4297 ιι.

2325 4334 2438 4403 41),
2459 4334 2558 4388 sibi
2583 4348 2745 4402 regna
2760 4350 2853 4388 sua
2877 4345 3056 4402 reges:
3081 4335 3234 4390 nobis
3248 4336 3434 4403 gloria,
3455 4345 3510 4390 et
3539 4338 3818 4406 possessio,
3835 4343 3881 4388 et

2324 4439 2543 4492 regnum
2571 4422 2816 4478 Christus
2843 4433 2944 4491 est,
2960 4424 3111 4478 nobis
3136 4426 3398 4494 sapientia
3437 4427 3490 4479 in
3519 4426 3742 4479 stultitia
3769 4438 3882 4495 pra:-

648 4515 719 4558 tes
746 4515 921 4569 estote,
951 4507 1070 4574 quia
1094 4523 1187 4575 ego
1226 4509 1320 4560 vici
1375 4509 1617 4561 mundum
1644 4519 1694 4562 τ.
1738 4513 1896 4580 23o
1926 4512 1992 4566 Et
2031 4514 2082 4567 in
2113 4514 2219 4570 Re-
2246 4504 2299 4562 D
2323 4515 2608 4569 dicationis
2631 4514 2707 4580 ιιι,
2735 4514 2889 4570 nobis
2909 4515 3079 4569 virtus
3098 4515 3148 4568 in
3178 4515 3486 4570 inﬁrmitate
3507 4517 3684 4570 carnis
3705 4514 3718 4553 ι
3737 4515 3776 4582 ι,
3797 4530 3880 4568 no-

644 4607 871 4660 gnorum
922 4595 1058 4648 libro
1087 4597 1334 4650 similiter
1374 4597 1534 4651 audio
1587 4599 1901 4668 prophetam
1951 4603 2216 4660 dicentem

644 4683 755 4755 regi
783 4679 1060 4751 Jnsaphat,
1101 4700 1220 4738 cum
1250 4686 1448 4752 ingenti
1477 4687 1616 4740 mole
1644 4687 1788 4751 belli,
1817 4699 1872 4742 et
1899 4705 2086 4760 magna
2115 4695 2215 4748 ho-

644 4773 804 4851 stium
829 4773 1173 4828 multitudine
1196 4784 1504 4830 terreretur.
1533 4778 1660 4830 llwc
1680 4779 1802 4831 dicit
1821 4780 2064 4837 Dominus
2084 4801 2103 4839 :
2133 4785 2217 4840 Ne

643 4863 865 4942 timentis
892 4879 1050 4933 neque
1071 4867 1423 4933 exparcscatis
1450 4885 1483 4920 α
1512 4869 1645 4938 [acie
1670 4869 2010 4926 multitudinis
2042 4874 2211 4944 hujus,

2326 4606 2408 4660 bis
2429 4606 2599 4674 gloria
2622 4607 2778 4676 231
2809 4605 2861 4659 in
2886 4605 3057 4660 crucis
3076 4605 3330 4660 seandalo
3351 4615 3453 4671 ωυι,
3477 4623 3574 4676 quo
3597 4606 3721 4659 mihi
3751 4620 3882 4658 inun-

2323 4698 2418 4750 dus
2443 4698 2710 4759 occiditur,
2733 4706 2782 4750 et
2801 4713 2895 4766 ego
2917 4697 3106 4750 mundo
3129 4705 3219 4762 Im;
3253 4705 3310 4751 ut
3337 4697 3498 4750 ricam
3529 4697 3658 4762 Deo,
3679 4714 3778 4750 non
3800 4711 3883 4748 au-

2324 4795 2430 4840 tem
2446 4787 2558 4856 jam
2589 4802 2704 4856 ego,
2725 4786 2815 4839 sed
2841 4788 2893 4838 in
2915 4802 2994 4840 me
3015 4786 3244 4844 Christus
3267 4795 3360 4851 θος
3388 4787 3473 4840 cui
3496 4787 3781 4855 conscpulti
3803 4801 3879 4836 su-

2321 4891 2432 4930 mus
2457 4887 2531 4939 rr,
2556 4876 2607 4929 in
2633 4890 2741 4942 quo
2765 4892 2903 4930 nunc
2919 4876 3297 4930 abscondimur
3319 4875 3476 4944 hujus
3495 4875 3678 4929 mundi
3708 4875 3882 4937 oculis,

715 4987 741 5014 σι
781 4975 973 5059 Matth.
1004 4995 1054 5059 vr",
1090 4979 1158 5032 Β
1195 4979 1220 5017 δ
1262 4979 1400 5059 Psal.
1419 4998 1632 5059 axxvu,
1654 4983 1742 5059 21,
1767 4985 2070 5059 se_c._Psalt.
2105 4988 2240 5044 Rom

2328 5007 2329 5010 η
2371 4989 2543 5059 lCor.
2570 4981 2656 5050 tv,
2681 4989 2766 5042 15.
2810 4989 3025 5059 dlCor.
3055 5006 3132 5057 sv,
3164 4989 3216 5045 9.
3263 5003 3285 5029 ο
3326 4991 3491 5059 Apoc.
3522 5007 3559 5054 ι,
3592 4991 3644 5044 8.
3693 4991 3715 5030 f
3749 4990 3877 5044 Psal.

641 5062 804 5126 nyt't‘,
830 5046 976 5126 ὅϐλξ
1008 5048 1142 5126 Cen.
1169 5065 1239 5126 Iv,
1265 5048 1318 5103 8.
1362 5048 1386 5088 ι·
1411 5049 1551 5126 (ἔσει)ἐ
1572 5046 1646 5118 Ix,
1676 5053 1762 5106 22.
1800 5055 1826 5126 ri.
1860 5054 1994 5110 Gen.
2027 5074 2120 5126 xu,
2143 5059 2227 5114 10.

639 5126 678 5152 ω
709 5116 724 5169 l
759 5115 878 5169 Par.
907 5116 995 5182 26,
1021 5117 1106 5170 2|.
1150 5129 1174 5154 ι·
1213 5120 1330 5173 Act.
1363 5137 1452 5184 vn,
1484 5121 1573 5176 57.

643 5195 664 5220 ⁸
707 5185 747 5239 ll
779 5185 902 5258 Cor.
931 5186 1102 5258 u,_H.
1185 5190 1200 5224 ¹
1247 5187 1441 5258 Philip.
1476 5208 1530 5254 ιι,
1557 5193 1608 5246 7.

637 5271 746 5319 xiv,
775 5253 858 5308 14.
890 5323 907 5324 η
937 5267 958 5292 ι
979 5256 1118 5309 Psal.
1151 5273 1331 5324 χινιιι,
1360 5253 1408 5322 7,
1431 5253 1541 5316 see.
1571 5261 1731 5317 Psalt.
1759 5262 1913 5316 Rom.
1939 5253 2175 5321 etvetus.

634 5323 753 5396 27.77
799 5323 863 5396 δέ
877 5323 1046 5396 Eneti.
1077 5341 1184 5391 xxv,
1209 5327 1294 5382 14.
1320 5323 1324 5324 ί
1374 5339 1426 5366 τε
1456 5329 1652 5384 Johan.
1689 5349 1779 5396 xu,
1804 5333 1889 5385 51.

633 5409 706 5456 Ix,
726 5395 774 5447 7.
851 5391 910 5430 Μ)
935 5394 952 5447 l
981 5394 1105 5449 Cor.
1137 5413 1225 5460 xv,
1249 5397 1337 5450 58.

633 5471 713 5500 mm
754 5462 773 5515 1
803 5463 929 5517 Cor.
963 5481 999 5528 ι,
1028 5463 1115 5518 25.
1163 5463 1249 5503 ἰιιι
1289 5466 1406 5522 Gal.
1432 5483 1504 5534 νι,
1544 5470 1628 5524 14.
1707 5480 1762 5506 ου
1799 5462 1919 5523 Gal.
1953 5472 2118 5540 n.20.

701 5550 779 5688 (ag
820 5552 916 5606 Ms.
940 5554 1134 5619 Vatic.,
1161 5557 1246 5625 qui
1271 5557 1320 5608 in
1351 5565 1397 5610 te
1433 5566 1528 5622 est,
1558 5560 1726 5611 odisse
1753 5569 2026 5627 coeperunt.

702 5617 755 5684 (b
801 5619 874 5688 Ita
895 5622 952 5675 S.
978 5623 1289 5678 Ambrosius
1310 5639 1371 5677 ac
1395 5623 1708 5679 Psalterium
1729 5625 2022 5681 lloinanum

2308 5060 2320 5110 ἱ
2352 5058 2485 5112 Gen.
2519 5075 2694 5124 xxvn,
2722 5059 2807 5112 45.
2887 5060 2911 5099 κ
2949 5058 3086 5114 Gen.
3120 5076 3322 5125 xxxv",
3351 5058 3438 5113 98.

1652 5132 1676 5159 ο
1717 5125 1849 5195 lleb.
1883 5141 1954 5189 xl,
1980 5126 2067 5179 57.
2108 5125 2111 5126 ⁷
2147 5140 2172 5179 P
2210 5129 2242 5182 ll

2328 5170 2330 5180 ι
2366 5143 2474 5193 un,
2507 5128 2557 5180 .5.
2634 5140 2658 5177 (ι
2701 5128 2739 5182 ll
2768 5129 2892 5183 Cor.
2927 5145 3020 5186 xu.
3051 5130 3102 5182 9.
3181 5141 3202 5167 τ
3229 5129 3366 5185 Psal.
3393 5147 3442 5192 ι..
3469 5129 3524 5181 6.
3554 5129 3710 5184 Rom.
3737 5147 3810 5195 tu,
3836 5127 3882 5178 4.

1687 5201 1712 5228 υ
1753 5193 1886 5248 Gen.
1930 5212 2016 5258 ιιι,
2043 5195 2092 5249 5.
2154 5209 2198 5251 ,ν
2238 5197 2431 5252 Johan.
2465 5213 2571 5262 xvi,
2599 5199 2687 5251 '55.

2258 5277 2312 5304 ⁸η
2333 5267 2453 5320 lsai.
2487 5283 2615 5332 XLII,
2637 5266 2718 5322 14.

1425 5334 1652 5405 Lichan.
1689 5334 1889 5405 xn,§l.
1913 5402 1938 5405 _
1971 5334 2023 5405 ll
2053 5335 2193 5390 Psal.
2219 5353 2403 5402 xxxiv,
2438 5336 2522 5402 15,
2547 5352 2655 5390 sec.
2683 5335 2906 5392 Psalter.
2937 5337 3091 5392 Rom.

1423 5399 1466 5436 ίί
1496 5399 1514 5452 l
1547 5399 1661 5474 Pet.
1695 5418 1750 5456 ιι.
1779 5402 1844 5474 i5
1869 5402 2054 5474 ;7Psal.
2080 5422 2224 5474 XLIX,
2267 5407 2344 5459 l7.

2198 5487 2254 5526 PP
2295 5475 2450 5529 llo'm.
2474 5491 2546 5542 γι,
2582 5474 2874 5540 4;(]οΙοεε.
2907 5493 2962 5541 ιι,
2997 5475 3080 5530 12.

2313 5561 2596 5634 ᾼιοιὼίουηι
2619 5572 2674 5617 et
2695 5563 3074 5634 Ethiopicum,
3099 5581 3162 5619 ac
3183 5563 3530 5634 Metaphrasis
3546 5561 3882 5632 Apollinaris.

3523 5060 3532 5096 ¹
3561 5060 3732 5115 Exod.
3765 5077 3814 5122 ιι,
3838 5060 3883 5112 5.

2766 5209 2789 5234 ι
2828 5198 2867 5251 ll
2901 5198 3023 5252 Par.
3055 5215 3142 5263 xx,
3180 5199 3268 5264 15,
3299 5215 3404 5254 sec.
3426 5197 3585 5254 LXX.
3662 5209 3690 5245 θ’
3721 5198 3882 5252 Exod.

2796 5267 2854 5306 δι’
2878 5268 3041 5322 Eecli.
3062 5285 3244 5332 xxvnl,
3269 5269 3356 5322 28.
3436 5281 3489 5306 τε
3515 5268 3680 5323 Eccli.
3712 5281 3882 5329 xxxvi,

3171 5349 3226 5386 ss
3250 5339 3292 5391 ll
3322 5337 3457 5392 Tim.
3490 5354 3546 5399 ιι,
3579 5337 3675 5402 15;
3705 5337 3746 5390 ll
3767 5337 3884 5402 Cor.

2425 5407 2470 5455 ii
2504 5405 2660 5459 Prov.
2693 5419 2769 5470 lx,
2797 5408 2846 5459 '7.
2926 5406 2978 5444 κ¹ι
3004 5407 3023 5459 1
3045 5406 3171 5461 Cor.
3191 5425 3227 5473 ι,
3253 5407 3339 5460 21.
3425 5406 3467 5445 τι
3492 5407 3533 5460 ll
3561 5401 3689 5462 Cor.
3717 5421 3806 5470 λιι,
3835 5401 3883 5458 9.

823 5622 1289 5705 iaAmbro'sius
1310 5623 1708 5705 ac_P3altei-ii|iii
1728 5622 2044 5705 ltoinanum.
2070 5629 2205 5683 LXX
2314 5631 2538 5705 Vulgata
2567 5641 2745 5705 autem
2775 5622 2935 5705 habet
2971 5622 3216 5705 sequebar
3234 5622 3531 5688 bonitatem.

633 5687 795 5768 vero,
817 5687 1126 5770 Psalterium
1157 5703 1308 5770 vetus
1337 5702 1391 5770 et
1420 5693 1476 5770 S‘.
1522 5695 1844 5770 Augustinus
1863 5738 1877 5760 ,
1911 5707 2205 5770 persecutus

629 5771 742 5808 sum
763 5760 1036 5822 justitiam.
1063 5761 1191 5816 Cum
1222 5763 1321 5816 hac
1348 5763 1576 5818 lectione
1596 5760 1920 5820 conveniunt
1950 5765 2202 5822 Psalteria

2389 5701 2459 5769 (c)
2491 5700 2586 5756 Ms.
2619 5701 2774 5772 Reg.,
2805 5704 3040 5758 mittitur.
