4078 6352
249 259 344 317 561

1571 250 1900 308 EPISTULA
1942 247 2224 306 XXXVIII.

3389 241 3504 304 562

250 379 305 425 ut
325 365 626 425 confusioni
653 365 696 400 ιτ
715 364 950 435 ejusdem
977 367 1100 418 cum
1121 361 1237 432 Ipso
1260 361 1588 428 revelemur;
1609 366 1824 431 quando
1855 367 1904 425 Α
1931 362 2095 419 fuisse
2131 368 2514 428 meminerunt,
2550 367 2703 416 tanto
2755 359 3054 416 evidentior
3101 359 3165 415 iis
3190 373 3310 414 esse
3339 357 3505 415 debet

249 461 442 515 horum
466 473 584 528 qua:
613 472 754 512 nunc
801 456 956 510 nobis
1007 453 1190 522 objicit
1240 467 1466 518 memor,
1513 452 1702 509 dicet:
1754 451 1829 506 Hi

249 557 388 616 sunt,
417 563 635 616 quorum
659 547 808 599 vitam
844 543 1228 598 mstimabamus
1274 543 1554 609 insaniam,
1581 541 1829 614 quomodo

249 637 472 707 reputati
493 645 612 690 sunt
633 634 766 688 inter
790 634 930 703 ﬁlios
959 630 1054 686 Dei
1081 633 1144 687 ιῖ
1171 631 1303 686 Sine
1331 632 1450 688 illos
1470 632 1702 695 interim,
1729 631 1833 686 ira-

251 735 334 781 ter
362 725 727 788 dilectissime,
754 725 996 778 fruantur
1015 722 1184 792 gloria
1213 730 1269 777 et
1287 722 1396 777 vita
1417 737 1534 784 sua,
1559 722 1834 792 potiantur

250 807 512 872 fructibus
533 815 641 871 suis
665 832 678 882 ;
710 816 951 886 quoniam
975 816 1110 868 sicut
1139 814 1283 868 olera
1309 813 1712 875 herbarum_cito
1741 813 1833 867 de-

249 907 423 961 cident
451 905 500 969 ιδ,
535 915 588 961 et
607 907 715 960 dies
732 923 909 960 eorum
933 907 1063 960 sicut
1083 905 1264 960 umbra
1291 915 1601 976 praetereunt
1625 915 1646 944 ε
1670 921 1684 971 ;
1709 919 1836 974 quo-

250 1013 373 1054 rum
398 1012 523 1068 spes
545 998 681 1051 intra
711 997 867 1065 hujus
890 997 990 1051 aevi
1010 997 1185 1068 spatia
1213 995 1571 1064 concluditur,
1591 996 1715 1066 quia
1737 1011 1838 1051 nec

253 1084 418 1140 ﬁdem
448 1087 563 1140 veri
591 1086 810 1151 habent,
828 1101 933 1141 nec
959 1086 1292 1141 voluntatem
1314 1085 1454 1151 fidei,
1483 1085 1574 1154 qui
1600 1101 1838 1156 praesen-

253 1179 397 1234 tibus
425 1187 633 1233 tantum
665 1177 824 1233 rebus
844 1177 1055 1244 intenti,
1078 1185 1337 1247 praestant
1368 1176 1604 1232 avaritiae
1631 1185 1688 1232 et
1714 1177 1834 1233 libi-

253 1267 368 1322 dini
395 1283 462 1322 ne
483 1267 708 1323 credant
730 1267 864 1332 Deo,
899 1267 1022 1338 quia
1057 1267 1363 1337 cupiditatis
1385 1267 1659 1337 utriusque
1679 1267 1838 1324 linem

255 1359 388 1415 facit
420 1361 581 1414 timor
611 1359 844 1426 Domini,
874 1360 964 1430 qui
995 1360 1344 1415 conﬁrmatur
1371 1359 1474 1415 ﬁde
1496 1359 1714 1428 Christi,
1742 1376 1840 1430 per

255 1467 418 1523 quam
438 1455 481 1486 ιε
504 1452 756 1507 discimus
779 1466 1070 1519 agnoscere
1083 1452 1365 1506 veritatem
1387 1451 1470 1506 vel
1494 1452 1546 1506 in
1564 1460 1838 1508 contemtu

255 1545 658 1615 temporalium,
682 1545 770 1598 vel
791 1545 844 1596 in
875 1544 1115 1613 appetitu
1133 1550 1459 1598 aeternorum
1479 1543 1764 1598 bonorum.
1793 1543 1836 1598 Α

255 1651 366 1706 quo
384 1635 564 1702 alieni,
583 1634 708 1704 quia
747 1641 801 1688 et
830 1633 1026 1688 veritas
1059 1631 1301 1688 Christus
1331 1641 1412 1688 est
1439 1630 1487 1697 ἀ,
1513 1633 1567 1688 in
1610 1633 1710 1688 hac
1730 1648 1828 1688 ne-

1934 452 2176 522 operatio
2203 452 2459 522 potentia:
2495 450 2612 517 Dei,
2659 451 2784 521 quia
2814 450 3132 521 prudentem
3155 465 3185 504 a
3225 449 3505 504 sententiae

1932 557 2041 597 suae
2077 557 2234 597 cursu
2254 542 2341 597 vel
2369 549 2509 598 statu
2559 558 2668 598 non
2696 550 2877 613 potest
2909 543 3145 606 llectere,
3169 541 3269 595 nisi
3297 555 3505 595 summa

1934 635 2047 704 ipsa
2077 633 2386 705 Sapientia,
2418 634 2562 704 quod
2605 642 2688 690 est
2726 635 2779 689 in
2818 633 3029 689 Christo
3058 633 3220 699 Deus,
3253 633 3507 688 virtutum

1933 724 2121 789 virtus,
2151 731 2207 779 et
2227 738 2378 778 mens
2417 724 2694 789 mentium,
2727 723 2982 778 Dominus
3006 721 3332 789 majestatis,
3377 720 3507 774 bra-

1935 814 2116 870 chium
2135 813 2426 882 excelsum,
2457 814 2510 868 in
2530 829 2638 883 quo
2665 814 2891 884 dispersi
2919 792 3153 883 superbi,
3179 821 3236 868 ut
3256 814 3509 882 scriptum

1935 913 2019 961 est
2043 916 2102 971 ω,
2135 921 2165 960 a
2191 914 2370 962 mente
2398 906 2576 962 cordis
2604 906 2862 976 ipsorum,
2912 906 3142 976 depositi
3171 914 3420 975 potentes
3443 905 3512 962 de

1936 997 2084 1062 sede,
2106 1005 2160 1051 et
2185 997 2402 1052 exaltati
2422 997 2668 1052 humiles.
2679 996 2802 1063 'Quo
2823 997 3060 1062 brachio,
3079 997 3130 1050 id
3149 1005 3250 1061 est,
3274 996 3511 1062 Christo,

1938 1088 2236 1144 esurientes
2265 1089 2552 1159 implentur
2572 1089 2748 1154 bonis,
2779 1097 2833 1143 et
2859 1089 3046 1143 inanes
3067 1087 3406 1142 dimittuntur
3432 1088 3514 1142 di-

1937 1179 2095 1234 vites.
2124 1178 2279 1246 Quod
2315 1180 2449 1235 etin
2479 1188 2532 1234 te
2563 1180 2832 1235 cernimus
2860 1180 2963 1248 agi.
3010 1177 3235 1248 Respice
3281 1179 3422 1233 enim
3459 1179 3513 1232 in

1940 1269 2305 1340 temetipsum,
2340 1278 2396 1324 et
2419 1270 2531 1324 hmo
2561 1278 2806 1339 utraque,
2829 1284 2948 1338 qua:
2975 1267 3158 1338 dejicit
3181 1275 3276 1322 aut
3302 1268 3514 1324 extollit

1940 1360 2103 1428 Deus,
2135 1360 2188 1414 in
2219 1369 2273 1416 te
2296 1361 2486 1416 eodem
2512 1361 2769 1416 invenies.

2009 1451 2064 1507 8.
2095 1453 2408 1510 Destructus
2430 1470 2489 1510 es
2512 1469 2542 1509 a
2572 1455 2836 1526 superbo,
2857 1462 3121 1510 assumtus
3147 1454 3202 1508 in
3228 1453 3513 1509 humilem:

1939 1539 2215 1613 depositus
2242 1543 2310 1598 ab
2334 1543 2573 1612 iniqua“
2595 1544 2846 1614 potentia:
2864 1544 3010 1610 sede,
3030 1552 3088 1598 ut
3115 1544 3169 1598 in
3185 1544 3332 1613 pacis
3359 1550 3520 1612 atque

1935 1633 2156 1703 iustitia:
2182 1634 2320 1690 solio
2348 1634 2602 1690 locareris
2633 1653 2646 1688 :
2675 1635 2908 1690 inanitas
2932 1649 2991 1691 es
3010 1650 3040 1689 a
3060 1634 3242 1700 divite,
3268 1635 3520 1690 utditeris

257 1744 413 1784 cesse
441 1735 524 1783 est
550 1743 793 1782 errorum
814 1726 1103 1781 infelicium
1125 1727 1368 1782 caecitate
1394 1735 1765 1796 permaneant,
1783 1737 1841 1782 ut
1875 1725 1917 1784 Β
1944 1723 1997 1778 in
2021 1739 2254 1794 paupere
2281 1741 2293 1777 :
2320 1733 2375 1779 et
2403 1724 2470 1779 ab
2514 1725 2602 1779 illa
2631 1739 2974 1794 supervacua:
3002 1725 3341 1780 distentionis
3366 1734 3519 1780 satu-

257 1819 312 1872 in
338 1817 515 1886 fragili
543 1817 886 1880 soliditatem,
908 1823 962 1871 et
988 1816 1042 1870 in
1069 1815 1242 1870 solido
1268 1815 1586 1870 inanitatem
1611 1820 1838 1883 putent;

258 1925 392 1964 vera
412 1925 512 1978 pro
548 1909 700 1962 vanis
725 1907 965 1973 rideant,
994 1915 1050 1961 et
1076 1921 1177 1976 pro
1219 1907 1360 1961 veris
1382 1921 1518 1961 vana
1559 1906 1838 1961 mirentur.

260 1999 365 2066 Qui
381 2001 426 2053 si
456 1999 655 2054 vellent
678 2001 718 2032 '°
744 1997 1039 2066 intelligere
1059 2005 1117 2050 ut
1136 1996 1273 2052 bene
1292 2004 1508 2064 agerent
1532 2005 1576 2062 ο,
1595 2003 1651 2050 et
1670 1995 1843 2049 oculos

165 2099 171 2110 '
255 2107 404 2154 suos,
433 2103 571 2158 quos
611 2096 900 2142 statuerunt
918 2087 963 2118 "
1000 2087 1262 2140 declinare
1291 2088 1343 2140 in
1374 2097 1567 2140 terram
1600 2083 1643 2152 τ,
1667 2085 1734 2139 ad
1753 2099 1841 2140 sa-

259 2181 435 2236 lutem
469 2179 691 2249 justitim
736 2179 994 2242 levarent,
1039 2192 1204 2246 seque
1245 2177 1328 2233 vel
1356 2177 1628 2247 paululum
1680 2177 1844 2233 humo

260 2272 505 2344 (Virgil.)
536 2271 809 2335 tollerent,
839 2269 993 2325 facile
1022 2269 1107 2325 his
1132 2268 1280 2339 ipsis,
1312 2269 1504 2339 quibus
1523 2277 1582 2322 ut
1598 2268 1846 2323 inanibus

257 2372 316 2419 et
338 2363 518 2418 stultis
543 2363 854 2430 detrahunt,
882 2361 1160 2417 hominum
1188 2361 1628 2418 conversionibus
1649 2361 1843 2416 illumi-

255 2463 539 2510 narentur.
571 2454 822 2508 Dominus
848 2455 1011 2520 enim,
1044 2464 1101 2509 ut
1121 2455 1376 2524 scriptum
1397 2463 1498 2517 est,
1531 2454 1682 2508 solvit
1703 2470 1848 2508 com-

253 2547 487 2615 peditos,
515 2553 571 2600 et
600 2545 851 2599 Dominus
907 2546 1167 2599 illuminat
1204 2561 1369 2600 cacas
1419 2553 1465 2597 Β.
1499 2543 1567 2598 Et
1612 2545 1844 2598 iterum:

258 2635 377 2690 Lex
394 2635 608 2690 Domini
635 2635 1430 2706 irreprehensibilis,conuertens
1455 2636 1677 2700 animas,
1710 2635 1851 2688 testi-

256 2729 497 2781 monium
519 2726 730 2781 Domini
748 2727 904 2796 ﬁdele
919 2745 936 2780 :
961 2727 1271 2796 sapientiam
1288 2733 1542 2796 praestans
1561 2726 1788 2794 paruulis
1801 2722 1846 2776 ιι.

1943 1815 2103 1870 ritate
2123 1825 2381 1872 vacuatus
2398 1831 2457 1872 es
2471 1856 2486 1881 ,
2515 1824 2574 1872 ut
2599 1818 2743 1872 veris
2766 1817 2867 1887 piae
2892 1817 3223 1887 paupertatis
3241 1817 3397 1871 bonis
3417 1817 3520 1870 im-

1942 1905 2138 1978 plearis
2186 1909 2429 1963 esuriens
2468 1906 2755 1978 justitiam.
2800 1905 2901 1962 Ubi
2942 1923 3085 1962 nunc
3124 1916 3184 1962 tu
3220 1908 3310 1962 ille
3333 1922 3398 1962 es
3422 1908 3496 1960 ali

1943 1997 2158 2066 quando
2186 1999 2458 2065 terribilis,
2481 1999 2566 2055 vel
2593 2015 2691 2070 pro
2717 1999 3068 2056 tribunalibus
3095 1998 3406 2066 advocatus,
3434 1998 3520 2052 vel

1943 2089 1998 2144 in
2027 2091 2377 2146 tribunalibus
2395 2090 2593 2160 judex?
2610 2091 2699 2145 ubi
2724 2099 2814 2145 tua
2835 2091 2924 2145 illa
2947 2092 3150 2156 cervix,
3176 2098 3301 2146 tunc
3320 2091 3520 2152 verius.

1946 2189 2006 2236 ut
2034 2197 2178 2237 nunc
2219 2181 2288 2237 de
2319 2190 2370 2238 te
2397 2180 2652 2236 mentitus
2681 2197 2760 2247 es,
2806 2183 2942 2235 tauri
2972 2182 3199 2251 pinguis,
3250 2180 3522 2250 quomodo

1944 2272 2086 2329 facta
2116 2280 2198 2328 est
2222 2272 2411 2328 docilis
2439 2287 2503 2327 ac
2523 2272 2697 2326 tenuis
2720 2271 2773 2325 in
2797 2269 2926 2340 jugo
2955 2268 3152 2325 Christi
3180 2285 3246 2324 ex
3269 2285 3377 2338 quo
3399 2284 3522 2324 con-

1945 2379 2134 2419 versus
2161 2363 2466 2430 ingemuisti
2489 2371 2515 2398 η
2535 2403 2551 2428 ,
2581 2369 2629 2415 et
2667 2360 3034 2430 beneplacitum
3051 2371 3130 2414 est
3154 2361 3206 2414 in
3229 2370 3284 2414 te
3311 2359 3418 2412 Deo
3447 2359 3523 2412 si-

1946 2463 2038 2510 cut
2081 2472 2234 2524 super
2261 2454 2472 2508 vitulum
2499 2453 2751 2507 novellum
2773 2453 2839 2506 οἳ
2871 2452 3120 2520 Deposita
3149 2452 3359 2505 cervice
3386 2449 3524 2503 tauri

1950 2545 2022 2615 (c)
2044 2544 2242 2599 fractus
2267 2559 2328 2598 es
2347 2545 2399 2597 in
2421 2541 2882 2598 mansuetudinem
2909 2541 3061 2595 bovis
3086 2541 3225 2595 illius
3243 2541 3335 2608 qui
3368 2556 3524 2609 agm-

1950 2636 2021 2689 uit
2043 2651 2385 2705 possessorem
2403 2649 2552 2686 suum
2581 2643 2628 2686 P.
2653 2630 2803 2686 Beati
2831 2631 2970 2685 oculi
2994 2645 3184 2685 eorum
3210 2630 3302 2698 qui
3333 2630 3448 2692 haec
3475 2630 3525 2682 in

1953 2732 2008 2779 te
2029 2724 2124 2778 Dei
2151 2723 2416 2778 mirabilia
2443 2721 2905 2794 conspiciunt,etsi
2933 2721 3009 2777 illi
3035 2722 3320 2778 miserrimi
3339 2723 3402 2790 ",
3434 2723 3525 2792 qui

255 2814 413 2886 Opus
449 2817 594 2870 enim
649 2816 743 2870 Dei
787 2825 870 2870 est
911 2824 1122 2870 mutare
1169 2816 1473 2880 hominem,
1530 2815 1656 2884 quia
1709 2815 1856 2870 solus
1952 2815 2196 2872 videntes
2222 2831 2330 2871 non
2349 2815 2548 2871 vident.

261 2913 458 2974 potest
485 2905 783 2960 instaurare
826 2906 902 2975 (α)
932 2905 1083 2973 quod
1127 2906 1268 2961 fecit.
1299 2906 1454 2972 Quod
1477 2914 1593 2962 toto
1614 2906 1724 2976 jam
1753 2906 1854 2962 du-

255 2992 400 3046 dum
421 2993 553 3047 orbe
593 3002 854 3049 terrarum
897 2995 1160 3064 sapientia
1196 2994 1290 3051 Dei
1318 2995 1559 3052 Christus
1579 3004 1850 3068 operatur,

2008 2908 2062 2962 9.
2082 2907 2208 2972 Quis
2223 2908 2369 2962 daret
2389 2908 2514 2962 mihi
2537 2923 2732 2978 pennas
2755 2910 2886 2962 sicut
2903 2906 3166 2974 columba,
3188 2916 3238 2963 et
3265 2911 3481 2964 uolarent
3497 2919 3523 2957 ιι

1964 3000 2035 3056 ad
2071 3009 2150 3068 te,
2172 3008 2226 3055 et
2248 3000 2301 3055 in
2323 3009 2614 3070 conspectu
2630 3009 2722 3055 tuo
2742 3001 3116 3072 colloquioque
3138 3002 3522 3073 requiesceran.

255 3083 468 3153 ubique
494 3101 555 3140 se
574 3088 813 3154 gentium
842 3088 1001 3144 Verbi
1020 3089 1345 3145 voluntate“
1374 3091 1768 3158 circumferens,
1799 3101 1854 3147 et
1880 3085 1926 3150 C
1955 3091 2011 3145 in
2030 3107 2150 3146 voce
2196 3090 2274 3161 (ἄ)
2305 3090 2663 3144 exsultationis
2708 3100 2759 3143 et
2803 3092 3140 3160 confessionis
3185 3091 3422 3160 epularer
3463 3100 3524 3142 τ.

257 3176 342 3249 (b)
363 3195 456 3244 per
477 3179 666 3234 electas
687 3182 888 3235 animos
914 3189 1074 3235 semet
1097 3183 1372 3236 imminens
1407 3181 1424 3220 ί
1447 3199 1462 3245 ;
1493 3191 1570 3245 ιιι,
1597 3183 1734 3238 sicut
1757 3199 1853 3254 per

260 3267 594 3340 Prophetam
624 3271 778 3340 dixit,
803 3273 856 3326 in
876 3275 1018 3326 omni
1043 3281 1195 3344 gente
1211 3276 1484 3345 primatum
1505 3275 1690 3330 habeat
1719 3277 1764 3330 ι.

343 3361 397 3415 7.
438 3360 504 3416 Et
530 3363 654 3431 quia
678 3364 789 3432 jam
817 3364 1058 3433 quotidie
1085 3366 1254 3433 magis
1283 3368 1678 3438 appropinquat
1695 3384 1850 3426 reco-

259 3452 525 3520 gnitionis
544 3454 620 3522 (id
648 3462 723 3508 est
738 3453 944 3522 judicii.
963 3455 1022 3510 γ.
1047 3471 1134 3526 ep.
1159 3456 1244 3523 l9,
1263 3458 1542 3529 n.5)dies,
1571 3460 1852 3531 omnisque

260 3558 371 3599 nos
402 3543 538 3598 hora
576 3543 778 3613 judicio
807 3547 1062 3617 applicat,
1099 3550 1294 3618 satagit
1309 3559 1370 3606 et
1401 3560 1655 3623 properat
1680 3554 1853 3611 bonus

263 3632 530 3688 Dominus
557 3637 841 3706 prmriperc
876 3653 977 3693 nos
1016 3638 1085 3693 ab
1123 3638 1202 3694 ira
1229 3649 1452 3696 ventura
1470 3681 1486 3707 ,
1528 3651 1587 3698 et
1613 3642 1680 3699 de
1701 3659 1853 3701 com-

266 3723 438 3793 plexu
457 3725 502 3756 "
531 3724 708 3794 hujus,
739 3734 798 3780 ut
823 3727 1076 3797 scriptum
1098 3737 1183 3785 est
1203 3730 1248 3796 κ,
1279 3732 1522 3788 nocentis
1548 3740 1604 3787 et
1625 3734 1855 3804 viperea

267 3815 635 3880 generationis
661 3816 943 3873 abducere.
971 3817 1107 3874 Hinc
1136 3820 1189 3874 in
1217 3823 1365 3876 omni
1391 3823 1512 3878 loco
1535 3823 1690 3892 plura
1719 3840 1854 3894 quo-

270 3905 406 3961 tidie
434 3908 698 3963 mirabilia
726 3909 885 3965 solito
929 3911 1080 3978 signa
1109 3913 1472 3980 crebrescunt,
1519 3925 1578 3970 ut
1618 3931 1851 3983 omnem,

271 4001 533 4064 quantum
559 3999 613 4053 in
641 3999 757 4070 ipso
778 4008 882 4064 est,
929 4001 1202 4056 hominem
1245 4005 1452 4059 salvum
1481 4005 1642 4062 faciat
1668 4006 1710 4062 ι.
1758 4007 1858 4062 Os-

269 4088 450 4142 tendit
470 4089 524 4143 in
545 4090 701 4153 raris,
733 4090 876 4159 quod
903 4091 1172 4157 omnibus,
1202 4091 1247 4146 si
1268 4093 1454 4160 velint,
1484 4094 1673 4164 prosit.
1704 4094 1860 4150 Sufti-

270 4179 344 4230 cit
372 4179 522 4233 enim
561 4180 935 4236 universorum
975 4181 1296 4236 institutioni
1332 4184 1490 4255 232
1519 4184 1688 4238 forma
1718 4200 1856 4254 pau-

271 4281 484 4331 corum,
507 4282 627 4337 quae
655 4269 709 4323 in
729 4277 1014 4338 utrumque
1052 4271 1372 4341 proponitur
1391 4315 1406 4341 ,
1433 4282 1490 4328 ut
1516 4272 1861 4331 credentibus

269 4359 527 4429 exemplo
553 4361 640 4425 sit,
666 4360 1032 4416 indurantibus
1048 4362 1152 4432 (An
1163 4362 1442 4431 induratis)
1459 4365 1504 4397 ³³
1527 4365 1854 4422 testimonio.

1955 3182 2154 3239 Videns
2184 3190 2237 3238 te
2267 3197 2371 3237 non
2400 3189 2474 3247 te,
2496 3191 2552 3236 et
2578 3181 2766 3236 videns
2794 3197 2860 3236 ex
2890 3182 3047 3238 leone
3065 3182 3310 3247 vitulum,
3341 3181 3526 3235 videns

1953 3275 2007 3331 in
2027 3274 2173 3346 Apro
2199 3274 2470 3329 Christum
2502 3290 2516 3326 :
2545 3288 2686 3328 nunc
2713 3287 2866 3327 versa
2887 3272 3180 3327 ferocitatis
3203 3279 3295 3324 aut
3314 3271 3527 3323 virtutis

1955 3365 2070 3421 vice
2097 3378 2285 3434 aprum
2313 3363 2526 3426 seculo,
2558 3373 2752 3431 agnum
2797 3360 2926 3416 Deo.
2969 3360 3087 3415 Non
3125 3361 3266 3414 enim
3311 3359 3422 3428 iam
3462 3357 3528 3411 do

1953 3456 2088 3512 silva
2119 3463 2166 3520 ⁸,
2190 3454 2285 3510 sed
2313 3453 2380 3509 de
2407 3462 2590 3522 segete
2619 3467 2750 3522 aper
2791 3467 2872 3514 es,
2905 3452 2976 3521 (ε)
3005 3451 3131 3520 quia
3174 3451 3330 3505 bonis
3368 3450 3528 3504 disci-

1952 3546 2217 3617 plinarum
2237 3544 2496 3600 fructibus
2515 3543 2788 3613 opimaris,
2820 3551 2875 3596 et
2900 3541 2953 3596 in
2981 3541 3131 3610 fruge
3155 3542 3408 3596 virtutum
3435 3541 3530 3595 tibi

1953 3646 2140 3710 pastus
2152 3644 2260 3703 est;
2287 3634 2512 3704 duplicis
2536 3633 2863 3689 Testamenti
2885 3632 3134 3689 dentibus
3156 3633 3221 3688 ad
3236 3631 3530 3702 rumpenda

1953 3731 2091 3787 retia
2119 3727 2356 3784 Nebroth
2369 3726 2416 3759 "
2445 3725 2540 3798 (V.
2571 3741 2656 3796 ep.
2689 3725 2742 3788 9,
2771 3741 2826 3779 ιι.
2857 3724 2914 3793 4)
2935 3724 3207 3779 venatoris
3231 3723 3458 3778 armaris
3476 3725 3529 3784 ις

1956 3829 2175 3890 totaque
2204 3819 2294 3873 illa
2323 3819 2480 3889 233
2508 3833 2628 3886 qua:
2655 3834 2753 3888 pro
2786 3817 2968 3872 seculo
2995 3817 3256 3886 superbus
3283 3816 3530 3883 gerebas,

1957 3925 2098 3965 nunc
2113 3908 2398 3964 adversum
2419 3907 2656 3962 secnlum
2684 3907 2897 3961 humilis
2913 3921 3057 3959 arma
3079 3905 3368 3960 convertis.
3383 3903 3532 3958 Nunc

1958 4015 2084 4055 vere
2111 3999 2348 4066 sapiens,
2366 4012 2489 4051 vere
2509 3997 2758 4059 disertus,
2783 4003 2839 4049 et
2859 4009 2983 4048 vere
3000 4001 3208 4062 potens,
3221 3993 3311 4060 qui
3333 3991 3534 4045 mundo

1963 4090 2089 4146 huic
2115 4089 2310 4144 stultus
2337 4096 2392 4141 et
2417 4095 2598 4140 mutus
2625 4101 2706 4152 es,
2755 4094 2813 4139 ut
2840 4085 3014 4138 autori
3042 4085 3234 4151 linguae
3260 4092 3318 4138 et
3344 4084 3536 4137 mentis

1961 4189 2066 4237 tuae
2087 4180 2343 4236 facundus
2359 4188 2415 4234 et
2425 4178 2637 4248 sapiens
2647 4177 2714 4232 de
2734 4177 2846 4233 suis
2868 4175 3175 4230 muneribus
3188 4175 3298 4231 De‘b
3312 4176 3532 4231 servias.

2035 4273 2120 4328 10.
2149 4271 2302 4327 Nunc
2329 4268 2641 4325 instructior
2655 4268 2775 4338 jure
2795 4267 2977 4323 divino
3022 4265 3314 4322 advocatus
3359 4281 3458 4336 pro
3485 4275 3536 4322 te

1961 4364 2216 4436 postules,
2248 4359 2510 4429 etjustior
2530 4357 2698 4427 judex
2718 4365 2771 4414 te
2797 4359 2972 4428 ipsum
3009 4355 3247 4426 judices;
3277 4364 3334 4412 et
3376 4356 3427 4411 in
3459 4364 3531 4417 te,

271 4449 457 4515 Quare
484 4451 531 4504 si
551 4451 678 4520 quid
700 4451 916 4506 humani
939 4453 1153 4523 sapiunt
1173 4455 1229 4519 ii,
1247 4455 1339 4524 qui
1359 4455 1660 4512 inficiantur
1678 4459 1858 4512 animo
1887 4450 1936 4510 D
1961 4462 2055 4509 aut
2074 4454 2141 4508 de
2164 4459 2216 4506 te
2258 4451 2372 4520 ipse
2425 4449 2742 4503 sententiam
2789 4447 2949 4511 feras,
2974 4455 3033 4502 ut
3060 4446 3228 4514 magis
3275 4447 3534 4502 merearis

273 4554 440 4608 quem
472 4542 638 4609 figura
681 4541 969 4612 prmferunt
1013 4544 1313 4611 hominem,
1346 4546 1674 4603 admirentur
1699 4548 1754 4603 in
1781 4558 1852 4618 te,

274 4641 331 4684 et
355 4631 578 4686 laudent
598 4630 786 4697 Deum,
812 4640 868 4687 et
894 4633 1030 4689 hanc
1053 4633 1409 4690 beatissimam
1429 4637 1854 4694 immutationem

276 4722 478 4776 mentis
508 4738 571 4777 ac
600 4723 720 4777 vitae
747 4730 850 4778 tuae
873 4740 980 4779 non
1009 4725 1316 4782 existiment
1349 4743 1586 4783 errorem
1616 4730 1854 4785 stultitim

276 4818 420 4877 tum,
473 4810 568 4866 sed
605 4812 880 4882 sapientia:
929 4813 1024 4867 Dei
1069 4829 1187 4870 esse
1231 4817 1483 4871 virtutem
1537 4817 1854 4888 intelligant.

277 4903 494 4967 Quanto
537 4902 678 4956 enim
709 4902 1108 4972 prudentiorem
1160 4912 1214 4959 te
1241 4907 1434 4960 ceteris
1458 4914 1518 4960 et
1560 4906 1859 4963 doctiorem

351 5007 374 5065 f-
410 4993 540 5065 Sap.
569 5009 621 5058 v,
653 4994 727 5065 4._
783 4993 810 5031 δ
833 4992 1012 5065 -ΡξιιΙη
1035 5011 1214 5061 xxxvr,
1241 4995 1296 5049 2.
1375 5008 1396 5037 ο
1421 4995 1561 5050 Psal.
1596 5014 1774 5065 chnt,
1804 4997 1856 5052 4.

272 5073 296 5108 ι
331 5061 669 5127 ΡέιιΙξεχιν,
703 5063 754 5117 8.
833 5061 857 5100 ¹ι
898 5061 1037 5118 Psal.
1063 5081 1210 5131 xvtn,
1235 5065 1288 5129 8,
1312 5068 1465 5131 juxta
1494 5065 1654 5121 Psalt.
1691 5061 1842 5123 Rom.

280 5134 291 5170 ¹
341 5134 360 5186 I
394 5132 534 5185 Tim.
563 5148 617 5194 ιι,
651 5132 702 5186 4.
779 5143 818 5170 ιη
857 5133 984 5188 Luc.
1016 5150 1056 5200 ι,
1086 5133 1174 5188 51.
1250 5144 1275 5171 υ
1316 5132 1505 5189 Matth.
1533 5153 1606 5204 xi,
1635 5136 1721 5191 29.

280 5219 381 5260 xu.
417 5201 473 5255 5.
552 5211 572 5237 ³
614 5200 754 5256 Psal.
779 5219 964 5260 Lxxtx.
995 5204 1083 5258 14.
1169 5208 1185 5241 ⁸
1230 5204 1366 5259 Gen.
1399 5222 1452 5260 x.
1480 5206 1528 5259 9.

347 5313 442 5393 (α’),
460 5313 582 5368 Mss.
611 5314 744 5393 Reg.
774 5325 830 5393 et
857 5316 1008 5393 Vica.
1039 5332 1160 5393 cum
1192 5317 1348 5372 editis
1370 5318 1568 5393 tribus,
1590 5337 1736 5392 quem
1766 5325 1843 5393 fe-

272 5385 363 5436 cit.
401 5383 638 5452 Utraque
664 5383 822 5440 lectio
857 5387 994 5441 bona
1027 5405 1038 5439 :
1066 5387 1276 5454 vulgata
1307 5383 1623 5444 concinnior
1652 5399 1707 5445 et
1733 5383 1846 5444 nia-

273 5454 356 5520 gis
377 5453 701 5519 significans.

350 5524 429 5594 (ὁ)
459 5522 599 5576 LXX
621 5534 676 5579 et
701 5525 944 5594 Vulgata,
983 5528 1038 5581 in
1079 5527 1282 5580 animas
1311 5538 1517 5582 sanctas
1546 5547 1600 5583 se
1626 5532 1850 5598 transfe-

274 5611 295 5646 1
303 5610 418 5647 ens.

353 5665 427 5734 (c)
469 5663 592 5718 Mss.
633 5663 761 5734 Reg.
791 5674 845 5720 et
887 5666 1064 5738 Ἥρη..
1099 5669 1283 5738 factus,
1312 5681 1431 5735 quae
1459 5673 1620 5732 lectio
1649 5675 1854 5732 admitti

276 5740 483 5803 posset,
507 5749 628 5787 cum
651 5749 717 5788 ex
741 5737 1025 5804 praemissis
1045 5736 1411 5792 cuniirmetur.
1427 5741 1616 5802 Verior
1641 5749 1751 5801 visa
1778 5753 1859 5800 est

485 5826 754 5885 ΡΑτιιοι..
804 5827 957 5886 LXI.

273 5219 381 5267 xu,
417 5201 473 5255 5.
552 5211 572 5263 ἕ
614 5200 754 5256 Psal.
779 5219 964 5269 Lxxtx,
995 5204 1083 5258 14.

1941 4995 1967 5034 ἀ
2006 4996 2195 5050 Johan.
2226 5009 2331 5056 xiv,
2357 4991 2408 5046 6.

1932 5069 1942 5104 i
1998 5068 2124 5134 Sap.
2151 5063 2354 5134 vn,}7.
2437 5059 2665 5134 i_Eccli.
2705 5059 3016 5134 _xxtv,_10._
3076 5059 3099 5097 ιι
3140 5060 3433 5134 Mattli.m_.
3481 5062 3532 5134 ἶ.

1801 5147 1825 5172 τ’
1867 5138 2004 5193 Psal.
2037 5128 2216 5199 LilVlll,
2247 5133 2335 5186 δὲ.
2410 5143 2435 5182 ι)
2473 5129 2621 5185 Isaia:
2642 5144 2677 5192 ι,
2705 5130 2758 5184 5.
2835 5141 2860 5180 ει
2900 5128 3039 5186 Psal.
3065 5146 3168 5197 LIV,
3196 5130 3248 5184 7.
3328 5142 3348 5168 τ
3393 5131 3534 5186 Psal.

1959 4542 2203 4606 absolvi;
2227 4548 2385 4608 teque
2407 4554 2514 4594 non
2536 4538 2708 4593 solum
2729 4538 2907 4602 venia,
2937 4537 3031 4592 sed
3057 4545 3114 4592 et
3126 4536 3292 4604 gloria
3315 4535 3535 4606 dignum

1958 4632 2142 4697 facias,
2167 4647 2293 4688 cum
2323 4631 2420 4685 tibi
2466 4644 2563 4699 per
2612 4630 3008 4685 accusationem
3054 4629 3133 4684 tui
3181 4628 3341 4696 ades,
3373 4638 3533 4700 teque

1958 4721 2264 4778 damnando
2290 4718 2628 4776 sanctiﬁcas:
2689 4721 2990 4791 intelligens
3045 4736 3152 4775 non
3185 4719 3328 4790 quod
3356 4721 3534 4776 homi-

1963 4814 2139 4877 nibus,
2195 4811 2290 4866 sed
2318 4809 2461 4880 quod
2506 4807 2620 4863 Deo
2649 4809 2878 4879 placeat,
2918 4818 3160 4864 sanctum
3188 4817 3243 4865 et
3271 4811 3532 4867 innocens

1969 4920 2088 4961 esse
2108 4921 2121 4969 ;
2144 4911 2200 4958 et
2225 4902 2344 4956 ideo
2371 4916 2545 4966 rarus,
2576 4908 2634 4954 ut
2654 4900 2862 4965 scribis,
2895 4901 3105 4957 urbium
3137 4899 3524 4970 frequentator,

2499 5001 2523 5027 ο
2563 4989 2704 5043 Psal.
2736 5006 2906 5057 xxxv,
2940 4990 2992 5043 4.
3085 4989 3104 5029 τ
3147 4989 3286 5046 Psal.
3314 4993 3535 5056 xv1,ll.

1949 5319 2058 5390 jam
2087 5328 2299 5390 recepta
2331 5319 2508 5376 lectio.

2030 5391 2106 5462 (ά)
2134 5385 2273 5446 Edit.
2303 5391 2469 5462 R0_sv.
2498 5389 2772 5454 mendose,
2801 5387 3132 5462 exultationjs
3152 5401 3175 5462 :_
3199 5401 3320 5441 cum
3348 5385 3399 5438 in
3419 5385 3538 5462 aliis

1954 5457 2248 5524 codicibus,
2283 5462 2334 5514 in
2365 5459 2635 5515 Psalteriis
2673 5462 2928 5530 quinque,
2979 5461 3029 5530 in
3076 5457 3299 5530 Vulgata
3326 5499 3341 5521 ,
3398 5463 3451 5530 et
3482 5458 3536 5511 in

1959 5531 2186 5612 epistola
2242 5530 2275 5582 9
2311 5531 2377 5584 ad
2407 5527 2725 5597 Amandum,
2776 5527 2922 5583 num.
2972 5528 3025 5592 4,
3076 5527 3282 5592 legatur
3307 5528 3536 5581 exsulta-

1962 5608 2222 5738 "0233's;
2252 5686 2352 5724 ms.
2387 5671 2517 5738 Reg.
2571 5679 2623 5724 et
2651 5669 2776 5738 edit.
2829 5665 2981 5738 GrTn.
3032 5665 3366 5732 reposuimus
3393 5670 3532 5738 quia,

1967 5737 2264 5807 poStnlante
2293 5737 2530 5795 secundo
2576 5737 2776 5808 periodi
2807 5737 3048 5790 membro
3101 5741 3238 5788 Ante
3285 5737 3532 5806 eratqui.

3182 5825 3253 5882 l2
