4078 6352
502 5066 512 5095 l

514 5105 524 5120 0

567 303 678 364 ὅῠδ
1717 309 1773 364 S.
1812 309 2088 370 PAULlNl
2123 308 2371 367 NOLANI
2408 307 2711 366 EPlSCOPl
3717 325 3828 381 36‘

568 418 830 474 familiare
871 425 1137 474 secretum
1163 416 1312 471 taciti
1360 417 1499 472 ruris
1555 419 1573 489 (
1602 417 1665 472 V.
1691 428 1804 474 not.
1839 419 1982 488 180)
2011 421 2139 476 ada-
2166 431 2215 486 Α
2313 420 2542 485 Sanctis,
2576 423 2769 478 merito
2794 425 3185 483 venerabilibus
3213 444 3276 485 ac
3312 430 3678 491 dilectissimis
3713 435 3829 492 fra-

567 513 750 580 masti,
773 526 881 566 non
905 511 1071 566 otium
1095 511 1311 576 negotio
1334 509 1624 578 praeferens
1642 554 1657 578 ,
1691 527 1863 581 neque
1894 522 1946 568 te
1969 515 2140 569 eccle-

567 605 796 661 siasticae
823 603 1037 658 utilitati
1063 602 1399 667 subtrahens,
1432 603 1522 657 sed
1543 603 1653 672 jam
1682 621 1819 675 pene
1845 607 2142 663 forensibus

567 699 736 753 turbis
757 699 974 752 aemulos
1001 698 1348 752 ecclesiarum
1377 700 1636 753 tumultus
1689 708 1746 753 et
1793 701 2018 755 concilia
2052 701 2136 755 in-

568 789 746 858 quieta
773 788 1070 842 declinans.
1102 787 1349 842 Arbitror
1377 795 1556 844 autem
1586 788 1816 858 idipsum
1845 791 2140 860 majoribus

565 877 806 933 ecclesia}
837 877 1154 932 utilitatibus
1179 877 1490 947 praeparari,
1520 878 1665 945 quod
1685 878 1888 933 salubri
1911 879 2137 934 consilio

562 970 901 1024 instructioni
928 976 1130 1024 sancta:
1161 984 1339 1036 vacas,
1359 978 1414 1024 et
1436 971 1671 1024 intentus
1693 973 1736 1001 ⁸⁷
1762 971 1950 1026 studiis
1977 971 2136 1040 spiri-

563 1061 776 1127 talibus,
807 1061 1004 1130 quibus
1030 1063 1265 1118 solitudo
1292 1063 1462 1116 amica
1487 1069 1571 1116 est
1597 1065 1663 1126 ’⁸,
1687 1059 1885 1117 formas
1913 1064 1965 1117 in
1989 1072 2042 1119 te
2060 1063 2134 1136 (a)

564 1153 806 1222 quotidie
833 1153 1228 1221 confirmasque
1253 1151 1545 1215 Christum,
1579 1167 1686 1221 quo
1714 1161 1768 1207 et
1808 1167 1994 1208 servus
2043 1153 2140 1206 uti-

565 1242 686 1306 lior,
713 1251 768 1298 et
792 1243 1050 1312 magister
1075 1243 1285 1297 doctior
1311 1243 1608 1312 digniorem
1634 1250 1684 1296 te
1708 1241 1781 1311 (ὁ)
1814 1257 1894 1305 ca,
1940 1244 1992 1296 in
2031 1257 2136 1311 qua

565 1342 697 1388 nutu
724 1333 818 1387 Dei
843 1334 1046 1402 positus
1073 1348 1154 1399 es,
1183 1333 1310 1386 sede
1335 1331 1609 1401 perficias,
1637 1347 1802 1402 opere
1852 1334 2059 1402 pariter
2084 1344 2138 1387 et

566 1425 728 1478 verbo
757 1433 978 1492 potent;
1010 1431 1068 1476 ut
1089 1423 1264 1490 lingua
1294 1430 1349 1476 et
1369 1432 1550 1477 mente
1572 1423 1666 1476 tibi
1686 1438 1931 1485 concors,
1955 1438 2138 1479 veram

565 1522 619 1567 te
644 1512 958 1582 apostolicae
982 1512 1276 1580 disciplina:
1305 1510 1591 1565 formulam
1622 1513 1866 1581 prmbeas
1886 1515 2139 1582 praecepti

564 1599 824 1657 Dominici
862 1609 1014 1655 actor
1040 1608 1097 1655 et
1119 1600 1310 1655 doctor
1339 1602 1384 1633 ’³
1412 1609 1459 1652 α.
1499 1598 1576 1654 lta
1607 1599 1820 1654 demum
1874 1601 2140 1656 constabit

564 1705 673 1747 non
693 1692 928 1746 humano
953 1689 1230 1761 suﬂ‘ragio,
1255 1690 1351 1745 sed
1375 1689 1556 1745 divino
1604 1698 1660 1746 te
1688 1706 1807 1746 esse
1823 1691 2024 1760 judicio
2052 1709 2137 1747 sa-

561 1782 856 1838 cerdotem.

634 1873 722 1927 Η.
753 1869 908 1940 Quod
925 1874 1037 1942 jam
1060 1875 1278 1944 probari
1322 1883 1378 1928 et
1407 1872 1510 1929 fide
1540 1882 1596 1929 et
1633 1875 1742 1929 vita
1773 1885 1861 1930 tua
1890 1877 2136 1940 credens,

564 1971 690 2033 peto
711 1971 768 2018 et
795 1963 1037 2032 impense
1063 1979 1216 2033 rogo,
1248 1972 1304 2018 ut
1325 1978 1424 2018 nos
1441 1979 1655 2033 semper
1674 1966 2006 2022 orationibus
2035 1969 2138 2022 tuis

565 2053 834 2123 implices;
863 2061 919 2107 et
936 2054 1147 2121 quoties
1179 2055 1226 2086 ³⁰
1255 2054 1662 2120 fueritoccasio,
1695 2056 1885 2111 litteris
1902 2058 2138 2114 revisere

561 2143 800 2198 studeas.
832 2141 989 2208 Quod
1024 2143 1239 2210 quidem
1265 2159 1294 2198 a
1326 2154 1377 2198 te
1425 2161 1620 2199 munus
1667 2162 1774 2201 non
1821 2156 1931 2202 tam
1975 2146 2136 2204 officii

564 2231 810 2301 capiendi
837 2231 1082 2300 cupidus,
1112 2245 1269 2300 quam
1294 2233 1455 2286 animi
1483 2233 1755 2289 reficiendi
1781 2237 2000 2291 studens
2026 2239 2138 2291 exi-

565 2336 669 2389 go;
699 2329 759 2374 ut
779 2329 834 2375 et
853 2321 1103 2376 solatium
1132 2323 1373 2377 caritatis
1387 2332 1441 2377 et
1461 2324 1710 2390 gaudium
1731 2327 1886 2380 simul
1903 2329 2134 2397 capiam,

563 2425 690 2465 cum
718 2419 772 2464 te
799 2411 908 2466 mei
935 2427 1230 2467 memorem
1257 2414 1311 2466 in
1340 2415 1570 2482 negotiis
1597 2418 1812 2482 sanctis,
1844 2434 1906 2472 ac
1955 2421 2031 2472 tui
2055 2421 2138 2473 di-

565 2500 814 2569 ligentem
839 2501 1083 2570 profectu
1110 2503 1346 2558 scientia:
1399 2505 1669 2575 spiritalis,
1703 2517 1756 2561 et
1797 2509 2070 2565 intellectu
2089 2512 2133 2542 ’λ’

564 2593 800 2648 ardentis
827 2594 880 2648 in
907 2593 1076 2649 Deum
1106 2595 1287 2651 cordis
1343 2597 1527 2664 legens
1554 2599 1756 2653 videro.
1804 2600 1917 2655 Non
1944 2603 2052 2669 jam
2087 2613 2137 2657 te

563 2683 632 2736 de
658 2698 906 2738 sermone
925 2685 1162 2754 virtutis,
1191 2686 1244 2740 id
1265 2695 1366 2752 est,
1393 2689 1771 2757 prtedicatione
1801 2690 2018 2759 Christi,
2042 2693 2136 2747 sed

563 2775 630 2828 de
659 2777 856 2830 virtute
878 2776 1045 2846 ipsius
1065 2781 1329 2834 sermonis
1347 2783 1675 2849 expendens,
1701 2781 1755 2836 id
1786 2793 1886 2848 est,
1919 2795 1978 2838 ut
2019 2801 2136 2839 cre-

562 2869 691 2923 dere
720 2877 773 2924 te
825 2869 1098 2927 Christum
1153 2871 1334 2926 Jesum
1375 2874 1688 2930 crucifixum
1746 2877 2027 2931 Dominum
2081 2885 2138 2932 et

561 2959 733 3016 Deum
764 2962 1031 3030 loquendo
1054 2964 1258 3031 pariter
1282 2972 1336 3017 et
1363 2965 1592 3020 vivendo
1635 2966 1942 3021 confirmes.
1999 2967 2133 3032 Quia

561 3051 749 3107 eodem
771 3052 966 3109 aﬂ'ectu
989 3062 1189 3124 gestare
1216 3053 1450 3108 debemus
1479 3057 1759 3126 imaginem
1796 3059 2013 3112 cwlestis
2043 3059 2136 3111 Ito-

558 3245 801 3290 nostrum
823 3245 906 3290 est
925 3236 1045 3303 quis
1072 3234 1219 3289 dabit
1248 3236 1419 3299 nobis,
1447 3236 1492 3290 si
1518 3250 1623 3290 non
1646 3236 1901 3292 fuerimus
1930 3247 2038 3291 tam
2066 3237 2130 3290 ft-

557 3327 710 3381 deles
737 3326 792 3379 in
839 3334 1024 3380 nostro
1059 3336 1103 3390 τ,
1155 3340 1315 3394 quam
1363 3325 1558 3380 fuimus
1603 3327 1654 3380 in
1685 3327 1976 3381 alieno?ln
2027 3327 2132 3384 hoc

557 3420 701 3475 enim
723 3419 846 3473 facti
876 3433 1080 3484 sumus,
1105 3427 1165 3472 ut
1190 3419 1318 3472 boni
1340 3419 1522 3482 simus,
1552 3427 1606 3473 ct
1631 3429 1816 3474 nostro
1837 3422 2131 3475 serviamus

557 3509 780 3573 Autori;
811 3518 998 3563 contra
1027 3509 1180 3578 cujus
1199 3518 1464 3579 praecepta
1495 3510 1738 3564 viventes
1788 3511 1948 3581 23!.
1996 3511 2129 3566 vitio

555 3599 847 3652 voluntatis
875 3605 1095 3665 nostrae,
1123 3615 1233 3653 non
1275 3600 1447 3653 solum
1495 3608 1680 3653 contra
1741 3601 1920 3666 vitam,
1953 3602 2048 3656 sed
2075 3611 2130 3659 et

557 3693 744 3742 contra
768 3695 1013 3741 naturam
1040 3698 1279 3744 nostram
1309 3688 1596 3752 faciemus;
1629 3697 1682 3742 et
1703 3688 1824 3743 ideo
1853 3706 2126 3759 comparas

557 3778 722 3832 bt'mur
743 3780 1010 3848 jumentis,
1039 3780 1217 3849 quibus
1247 3797 1348 3833 non
1373 3789 1448 3832 est
1473 3779 1758 3833 intellectus
1781 3779 1826 3832 ά.
1878 3781 2128 3838 Attamen

553 3869 651 3926 Dei
677 3869 892 3926 bonitas
947 3871 1020 3924 ita
1066 3871 1343 3926 nobiscum
1393 3871 1710 3940 paciscitur,
1745 3881 1800 3926 ut
1846 3876 2126 3941 prseteritze

551 3965 710 4021 nobis
731 3967 1018 4036 impietatis
1046 3967 1270 4035 gratiam
1299 3966 1523 4032 faciens,
1551 3973 1801 4022 contenta
1831 3969 1902 4022 sit
1929 3969 2015 4023 vel
2041 3977 2124 4022 ta-
2179 4019 2181 4021 ,

550 4054 631 4112 les
661 4071 759 4112 nos
778 4071 898 4112 esse
917 4058 1015 4112 sibi
1043 4071 1228 4112 servos
1277 4073 1376 4126 pro
1423 4059 1594 4124 nobis,
1626 4058 1811 4127 quales
1839 4059 2122 4113 adversum

550 4161 651 4202 nos
697 4147 912 4203 diabolo
942 4148 988 4180 “
1031 4147 1308 4215 fuerimus,
1339 4149 1550 4204 dicente
1598 4148 1878 4218 Apostolo,
1909 4157 1967 4203 ut
1994 4151 2126 4203 sicut

548 4240 868 4296 exhibuimus
888 4242 1115 4295 membra
1134 4253 1312 4295 nostra
1335 4244 1522 4295 servire
1542 4243 1821 4313 iniquitati,
1851 4243 1925 4295 sic
1945 4242 2122 4295 eadem

551 4331 880 4384 exhibeamus
907 4334 1099 4386 servire
1117 4332 1340 4401 justitiw
1367 4342 1388 4370 ο
1411 4349 1425 4397 ;
1447 4326 1716 4396 videlicet,
1744 4329 1808 4386 ut
1831 4331 2016 4386 eadem
2035 4330 2121 4384 af-

552 4419 783 4474 fectione
810 4421 1136 4475 delectemur
1156 4423 1209 4475 in
1233 4422 1480 4482 Domino,
1511 4436 1616 4489 qua
1663 4422 1915 4476 delectati
1939 4436 2122 4478 sumus

2241 511 2412 566 tribus
2441 512 2586 568 Arno
2615 521 2672 568 ct
2707 513 2943 570 Annua:
2961 558 2976 584 ,
3014 516 3277 575 Psuusus
3305 530 3359 576 et
3403 521 3669 580 Tnanasn
3696 543 3829 598 pec~

2241 609 2473 656 catores.

2311 689 2337 743 1
2350 731 2364 744 .
2382 690 2512 745 Aliis
2525 692 2726 747 reditus
2737 695 2801 747 dc
2820 695 2837 764 (
2843 695 2890 764 ε)
2905 696 3238 764 patrimoniis
3247 699 3609 768 pensitationc
3624 705 3826 760 solem-

2241 783 2652 852 niprtebeantur
2683 788 2890 851 :nobis,
2923 789 3114 855 quibus
3169 793 3438 860 possessio
3485 797 3685 850 caritas
3723 813 3826 852 ve-

2239 879 2352 927 stra
2379 873 2434 927 in
2460 872 2672 930 Christo
2694 886 2792 941 est,
2816 877 3020 932 reditus
3048 879 3114 933 ab
3149 881 3340 935 ol‘liciis
3379 882 3683 940 affectionis
3725 904 3826 942 ve-

2239 971 2361 1017 stra:
2389 965 2635 1030 sumitur,
2668 974 2723 1020 ct
2749 967 2800 1020 in
2830 967 3125 1023 litterarum
3159 980 3455 1026 vestrarum
3488 975 3824 1034 humanitate

2241 1063 2574 1109 numeratur.
2616 1053 2828 1111 Gratias
2881 1057 3108 1114 Domino
3160 1061 3270 1116 Deo
3323 1072 3532 1126 nostro,
3557 1067 3650 1133 qui
3680 1069 3825 1123 bona

2235 1143 2357 1197 viva
2387 1159 2486 1213 pro
2505 1146 2732 1199 mortuis
2774 1155 2829 1201 et
2858 1148 3072 1203 caducis
3112 1152 3434 1220 rependens,
3483 1154 3585 1207 vos
3607 1171 3826 1226 quoque

2240 1233 2394 1288 nobis
2415 1235 2739 1289 uberrimum
2768 1235 2992 1291 fundum
3023 1240 3242 1308 largitus
3265 1253 3366 1296 est.
3398 1245 3533 1300 Nam
3559 1256 3615 1300 ut
3643 1250 3695 1301 in
3737 1265 3827 1303 re-

2239 1324 2336 1379 bus
2353 1327 2583 1380 tcrrenis
2603 1329 2779 1383 carior
2801 1329 2990 1384 fundus
3016 1340 3118 1398 est,
3143 1334 3233 1401 qui
3263 1343 3354 1389 aut
3369 1337 3548 1392 avaris
3567 1341 3822 1406 agricolm

2241 1418 2324 1470 sui
2373 1419 2511 1472 votis
2557 1418 2762 1487 proﬂua
2811 1421 3056 1476 ubertate
3109 1425 3433 1492 respondet,
3467 1435 3561 1481 aut
3606 1429 3824 1484 delicati

2238 1510 2565 1577 possessoris
2593 1511 2762 1565 oculis
2818 1514 3125 1568 amoenitate
3157 1515 3456 1583 blanditur;
3489 1519 3561 1572 ita
3593 1522 3821 1575 nuncin

2239 1601 2440 1654 nostris
2470 1601 2678 1669 prrediis
2700 1603 3045 1671 spiritalibus,
3074 1604 3124 1658 id
3172 1614 3274 1673 est,
3303 1609 3502 1663 sanctis
3544 1611 3820 1675 fratribus.

2239 1705 2376 1759 quos
2406 1692 2561 1746 nobis
2587 1693 2786 1747 caritas
2813 1694 3010 1748 Christi
3039 1698 3351 1761 connexuit,
3383 1709 3438 1753 ct
3475 1701 3528 1754 in
3559 1713 3820 1758 aeternam

2168 1793 2216 1852 Β
2243 1783 2636 1852 possessionem
2667 1783 2833 1848 dedit,
2860 1785 2904 1838 is
2934 1787 3088 1839 nobis
3116 1786 3348 1855 opimior
3373 1803 3502 1856 ager
3522 1793 3825 1846 mstimatur

2241 1874 2426 1940 homo,
2484 1874 2577 1944 qui
2627 1871 2787 1927 fuerit
2841 1876 3009 1928 nostri
3054 1875 3358 1944 diligentior
3397 1888 3452 1932 et
3499 1879 3826 1937 fructuosior

2240 1965 2415 2027 nobis,
2444 1965 2758 2019 salutarium
2778 1967 3180 2021 commodorum
3217 1968 3630 2025 ministratione.
3665 1970 3820 2037 Quod

2237 2072 2361 2110 eum
2391 2057 2464 2110 ita
2493 2056 2582 2118 sit,
2615 2056 2794 2110 videte
2815 2064 3067 2124 quantam
3092 2073 3190 2112 vos
3218 2073 3448 2112 massam
3479 2059 3821 2128 hujuscemo—

2239 2145 2292 2200 di
2315 2147 2666 2216 possessionis
2691 2146 2999 2211 habeamus,
3024 2163 3143 2200 cum
3170 2155 3366 2216 printer
3379 2147 3631 2203 affectum
3659 2165 3816 2218 quem

2240 2237 2295 2292 in
2321 2253 2419 2292 nos
2449 2243 2635 2290 mutuo
2664 2236 2954 2304 effunditis,
2978 2237 3102 2300 alia,
3133 2238 3327 2304 quibus
3354 2253 3513 2307 pares
3559 2255 3679 2293 esse
3707 2256 3814 2295 non

2237 2340 2540 2396 possumus,
2572 2340 2793 2378 munera
2832 2326 3001 2394 copiis
3040 2325 3231 2394 linguze
3279 2334 3335 2380 et
3379 2327 3581 2380 mentis
3631 2337 3818 2384 vestra:

2235 2417 2430 2486 opibus
2452 2413 2761 2470 conferatis.
2793 2413 2976 2470 Ofﬁcia
3022 2416 3166 2469 enim
3195 2425 3249 2470 et
3277 2416 3490 2484 eloquia
3518 2417 3819 2473 litterarum

2237 2516 2569 2571 vestrarum,
2626 2521 2744 2574 qua:
2798 2506 2952 2560 nobis
3008 2506 3225 2574 largiter
3274 2521 3454 2561 annuo
3515 2517 3819 2563 commeatu

2237 2598 2318 2670 (ιι)
2342 2598 2588 2667 penditis,
2617 2598 2855 2650 indicant
2877 2612 3037 2665 quam
3059 2598 3234 2666 ampla
3261 2600 3530 2667 possessio
3559 2602 3733 2664 nobis,
3767 2610 3820 2655 et

2234 2704 2397 2757 quam
2417 2689 2607 2743 fertilis
2633 2697 2774 2742 terra
2804 2688 2915 2742 Deo
2939 2689 3056 2742 sitis
3088 2706 3100 2740 :
3149 2688 3258 2757 jam
3285 2689 3615 2744 tricesimum
3644 2693 3658 2721 ¹
3710 2691 3818 2747 fru-

2238 2788 2384 2834 ctum
2409 2780 2476 2833 de
2497 2788 2675 2834 vestra
2708 2780 2851 2834 inter
2878 2794 2976 2833 vos
3017 2780 3346 2833 continentia
3384 2781 3744 2850 profcrentes,
3767 2791 3818 2838 et

2236 2869 2560 2938 quotidianis
2588 2869 2710 2922 fidei
2737 2870 2896 2940 235
2916 2871 3214 2923 communis
3241 2872 3546 2939 augmentis
3595 2887 3817 2942 sexage—

2233 2961 2372 3014 simo
2401 2960 2840 3029 propinquantes,
2871 2967 2926 3014 et
2949 2960 3017 3013 de
3037 2959 3188 3029 prole
3208 2961 3445 3027 virginea
3468 2965 3817 3018 centesimum

2236 3051 2548 3120 pollicentes
2582 3049 2624 3104 τ.

489 3143 491 3146 ⁴
558 3145 734 3209 minis,
763 3161 861 3214 quo
910 3145 1152 3214 gessimus
1206 3153 1325 3197 ante
1364 3146 1551 3198 terreni
1591 3144 1640 3198 δ,
1699 3147 1947 3215 Alioquin
1991 3148 2133 3215 quod
2307 3140 2360 3193 ἓ·
2411 3140 2543 3193 Nam
2583 3140 2727 3207 quod
2766 3139 3008 3194 scribitis
3055 3139 3434 3208 impedimenta
3481 3143 3647 3195 vestri
3695 3158 3815 3198 esse

2235 3233 2497 3304 propositi
2526 3233 2892 3302 possessiones
2921 3231 3172 3296 filiorum,
3195 3231 3286 3300 qui
3309 3246 3471 3285 causa
3498 3234 3605 3286 sint
3629 3248 3816 3289 neces-

2234 3327 2406 3379 sitatis
2430 3327 2580 3379 istius
2598 3338 2703 3392 qua
2729 3334 2938 3378 terrena
2959 3325 3174 3388 curatis,
3207 3338 3330 3378 cum
3377 3325 3618 3379 cmlestia
3669 3325 3815 3379 desi-

2230 3415 2448 3479 deratis,
2473 3415 2527 3468 in
2556 3412 2925 3468 multimodam
2953 3413 3132 3483 potius
3156 3413 3309 3468 vobis
3335 3414 3656 3469 exercenda:
3686 3414 3813 3468 fidei

2229 3505 2674 3577 perﬁcicndthue
2709 3505 2921 3559 virtutis
2951 3506 3244 3560 materiam
3290 3505 3473 3560 divino
3529 3507 3644 3561 haec
3691 3521 3815 3561 esse

2228 3598 2505 3668 proposita
2549 3597 2775 3654 consilio
2801 3597 3121 3666 judicamus.
3153 3597 3288 3652 Cum
3335 3599 3478 3652 enim
3528 3600 3644 3654 hac
3692 3601 3812 3653 uni-

2228 3705 2384 3745 versa
2411 3689 2598 3743 mundi
2641 3690 2910 3758 possessio
2935 3699 3156 3759 propter
3181 3690 3453 3744 hominem
3494 3692 3810 3756 constituta,

2228 3781 2540 3848 hominique
2561 3779 2804 3848 subjecta
2830 3779 3078 3834 videatur
3107 3789 3154 3845 ε,
3183 3780 3300 3847 quis
3326 3780 3561 3848 ambigat
3605 3781 3658 3835 in
3685 3796 3810 3836 om-

2229 3871 2284 3924 ni
2305 3872 2425 3926 loco
2453 3870 2658 3933 mundi,
2691 3871 2744 3923 in
2767 3871 2912 3924 omni
2937 3879 3090 3940 parte
3119 3878 3321 3924 natura:
3342 3871 3596 3925 utilitates
3624 3872 3812 3926 homi-

2228 3963 2282 4018 ni
2311 3970 2544 4032 paratas,
2575 3977 2606 4016 e
2629 3962 2824 4031 quibus
2850 3976 2957 4016 non
2988 3961 3163 4016 solum
3188 3962 3422 4017 carnalia
3444 3963 3810 4018 emolumenta

2226 4056 2516 4123 capiamus,
2568 4053 2663 4108 sed
2708 4055 2876 4108 multo
2930 4056 3100 4121 magis
3146 4055 3402 4124 spiritalia
3443 4055 3805 4123 perlegamus.

2225 4145 2519 4215 Propterea
2545 4145 2674 4202 dicit
2712 4161 2808 4214 per
2850 4145 3195 4202 Salomonem
3235 4148 3348 4217 ipsa
3398 4160 3580 4200 rerum
3629 4147 3806 4217 opifex

2225 4237 2516 4307 Sapientia,
2545 4253 2664 4307 qua:
2692 4238 2919 4309 disponit
2939 4241 3112 4292 omnia
3140 4240 3378 4305 suaviter,
3427 4239 3491 4291 ab
3539 4240 3808 4293 Altissimo

2225 4337 2453 4382 creatam
2476 4329 2863 4382 rusticationem
2891 4327 2937 4393 ιι,
2968 4337 3027 4382 ut
3055 4343 3173 4383 eam
3200 4343 3307 4383 non
3363 4330 3634 4397 corporali
3681 4338 3809 4383 tan-

2225 4428 2357 4485 tum,
2386 4419 2484 4475 sed
2511 4421 2676 4474 etiam
2706 4421 2930 4489 spiritali
2947 4419 3124 4474 studio
3149 4419 3314 4474 colas.
3347 4418 3588 4488 Denique
3631 4434 3810 4489 quan-

551 4508 605 4562 in
629 4518 869 4576 peccato.
899 4508 988 4564 Sic
1008 4511 1302 4565 ambiamus
1331 4511 1424 4565 Dei
1454 4522 1697 4576 regnum,
1719 4511 1989 4577 quomodo
2009 4526 2122 4563 am-
2153 4525 2198 4584 ι)
2228 4517 2339 4563 tum
2368 4509 2435 4564 de
2459 4524 2583 4564 rure
2612 4509 2678 4563 ad
2706 4509 3059 4566 eruditionem
3081 4509 3271 4562 animm
3299 4509 3438 4562 trahi
3463 4511 3653 4578 possit,
3701 4509 3806 4564 do-

553 4597 782 4653 bivimus
809 4599 974 4654 seculi
995 4600 1338 4668 dignitatem;
1370 4609 1425 4655 et
1448 4599 1681 4668 denique
1709 4608 1818 4653 tam
1840 4601 2121 4669 diligenter

550 4702 799 4744 curemus
818 4690 959 4743 bona
988 4690 1247 4754 coelestia,
1276 4705 1436 4758 quam
1462 4698 1672 4744 terrena
1691 4691 2010 4745 curavimus.

1013 4777 1341 4832 EPISTOLA
1372 4781 1389 4799 ⁹
1419 4777 1655 4833 XXXIX.

547 4871 741 4942 Aprum
768 4870 914 4924 docet
937 4869 1187 4940 quomodo
1213 4883 1338 4940 ager
1360 4869 1528 4922 cordis
1553 4871 1622 4922 sit
1651 4869 1892 4926 colendus
1922 4869 2052 4923 τιώὶ
2072 4879 2121 4923 et

615 4961 767 5016 verba
792 4962 956 5016 laetis
985 4962 1049 5015 de
1074 4977 1247 5024 eruca,
1293 4962 1509 5025 locusta,
1562 4961 1752 5015 brucho
1777 4971 1826 5014 et
1872 4959 2120 5032 rubigine,

615 5053 789 5124 pulcre
846 5051 1123 5106 admodum
1199 5053 1266 5106 ad
1328 5062 1547 5125 quatuor
1612 5055 1800 5108 anima:
1854 5057 2123 5123 passiones

516 5161 524 5210 ς
620 5147 795 5200 trahit.

519 5229 522 5256 ί
617 5263 640 5290 ι·
674 5253 714 5306 ll
737 5231 923 5308 Thess.
953 5265 1029 5321 ιιι,
1059 5253 1110 5307 9.
1189 5254 1214 5293 δ
1269 5253 1289 5308 1
1333 5253 1459 5310 Cor.
1510 5229 1612 5319 xv,
1672 5256 1760 5310 49.
1841 5269 1862 5297 ο
1895 5256 2024 5312 Luc.
2081 5274 2133 5310 an

2231 5256 2316 5310 1‘2.
2393 5255 2418 5292 ά
2456 5256 2594 5311 Psal.
2625 5272 2816 5322 xum,
2859 5229 2956 5318 15,
2995 5266 3049 5311 et
3079 5273 3232 5321 xxxi,
3289 5257 3353 5322 9;
3401 5256 3537 5310 Tol).
3588 5273 3672 5318 γι,
3711 5259 3810 5312 17.

545 5323 758 5396 fultam.
782 5341 860 5396 vr,
913 5324 998 5378 19,
1048 5324 1066 5363 ί
1095 5324 1280 5396 Matth.
1305 5325 1516 5396 1111,78;
1547 5327 1709 5382 Marc.
1739 5343 1812 5396 tv,
1843 5327 1906 5392 8;
1929 5327 2055 5396 Luc.
2087 5343 2196 5392 vut,
2224 5326 2275 5379 8.
2321 5337 2345 5373 8
2369 5327 2502 5381 Gen.
2536 5326 2676 5391 1,26.

2224 4609 2327 4664 cet,
2345 4615 2466 4654 cum
2486 4606 2782 4654 sectatores
2801 4613 2926 4653 suos
2941 4598 3008 4652 ad
3024 4598 3298 4653 formicam
3317 4606 3373 4652 et
3393 4613 3552 4667 apem
3578 4600 3745 4653 mittit
3761 4609 3808 4666 ι,

2225 4708 2344 4760 quae
2371 4701 2596 4762 utraque
2619 4693 2758 4747 ruris
2785 4691 3032 4745 animalia
3049 4699 3194 4755 sunt,
3211 4689 3298 4743 illa
3327 4689 3394 4744 de
3421 4689 3662 4757 frugibus
3679 4694 3813 4746 vita

2223 4785 2467 4854 provida,
2493 4793 2548 4838 et
2576 4785 2675 4838 ista
2702 4784 2769 4838 de
2820 4782 3040 4838 ﬂoribus
3068 4784 3242 4837 mellis
3271 4783 3538 4851 operaria.
3594 4782 3662 4837 Et
3689 4783 3812 4838 Do-

2224 4875 2398 4928 minus
2425 4873 2482 4926 in
2513 4871 2800 4941 Evangelio
2829 4875 2875 4936 t,
2906 4885 3065 4939 quam
3096 4871 3261 4925 multa
3281 4870 3350 4924 de
3375 4872 3587 4925 rusticis
3617 4872 3816 4927 docuit

2224 4965 2516 5034 exemplis,
2568 4964 2636 5019 de
2694 4962 2796 5018 ficu
2824 4965 2844 4995 ³
2885 4965 3106 5025 arbore,
3165 4971 3220 5016 et
3269 4962 3336 5016 de
3383 4960 3813 5020 ﬂavescentibus

2224 5056 2522 5125 propinqua
2542 5053 2652 5123 jam
2675 5068 2848 5108 messe
2879 5053 3186 5121 regionibus
3230 5055 3538 5108 ultimorum
3590 5060 3809 5122 tempo-

2224 5162 2343 5202 rum
2369 5148 2517 5215 signa
2546 5147 2950 5212 demonstrans;
2982 5155 3035 5200 et
3063 5146 3115 5200 in
3157 5160 3284 5214 agro
3331 5162 3447 5201 esse
3485 5145 3810 5199 discendum

2758 5326 2781 5362 ¹ι
2810 5329 3056 5395 Sap.vm,
3092 5329 3140 5379 1.
3194 5329 3205 5364 ί
3244 5327 3397 5380 Prov.
3434 5342 3502 5387 γι,
3529 5327 3643 5389 6,et
3668 5343 3810 5392 xxx,

537 5393 638 5457 25;
671 5394 832 5450 Eccli.
865 5411 939 5463 x1,
969 5396 1020 5450 5.
1073 5397 1086 5445 i
1124 5395 1251 5450 Luc.
1280 5412 1389 5460 xm,
1423 5395 1486 5460 6;
1517 5396 1707 5450 Johan.
1739 5393 1811 5464 1v,
1836 5396 1933 5461 45;
1958 5395 2120 5451 Marc.

2231 5412 2254 5463 ξ,
2283 5396 2380 5454 28:
2410 5395 2534 5451 Luc.
2560 5413 2668 5462 XXI,
2693 5395 2792 5462 29;
2823 5393 3008 5450 Matth.
3044 5413 3185 5459 xxrv,
3211 5396 3309 5460 40;
3341 5396 3528 5449 Matth.
3564 5412 3676 5462 xm,
3707 5397 3813 5450 25.

616 5487 632 5503 ‘
665 5485 808 5539 Alias
836 5483 937 5545 30;
970 5499 1086 5553 quae
1112 5493 1289 5539 autem
1338 5483 1404 5538 59
1427 5494 1564 5551 erat,
1594 5502 1734 5540 nunc
1759 5485 1847 5541 25.
1891 5484 2100 5554 Scripta
2130 5501 2270 5540 anno
2299 5485 2420 5538 405.

614 5573 692 5641 (a)
714 5573 903 5626 Addita
925 5588 989 5626 ex
1020 5589 1146 5628 mss.
1179 5573 1451 5629 codicibus
1473 5573 1603 5640 Reg.
1627 5583 1679 5628 et
1704 5573 1849 5628 Vien.
1882 5581 1936 5627 et
1959 5575 2115 5628 editis

2295 5575 2368 5645 (b)
2399 5574 2487 5628 Sic
2515 5575 2916 5630 emendavimus
2934 5593 3001 5632 ex
3029 5593 3128 5633 ms.
3153 5577 3339 5634 codice
3369 5575 3535 5644 Regio
3559 5585 3615 5632 et
3635 5577 3816 5636 editis

542 5651 770 5714 quatuor
799 5643 1055 5714 particula
1105 5654 1184 5707 et,
1219 5658 1286 5700 ex
1339 5642 1524 5714 iisdem
1580 5659 1704 5698 mss.
1755 5644 2029 5714 codicibus
2053 5653 2106 5699 et
2203 5642 2452 5714 quatuor.
2488 5645 2580 5714 Ed.
2618 5645 2802 5711 Rosv.,
2832 5649 2895 5700 ei.

543 5710 692 5784 Lirin.
722 5712 1052 5784 reposuimus
1079 5714 1362 5782 [οι-νηίδα..
1387 5713 1779 5784 conﬁrnmsque.
1807 5713 1901 5768 Ed.
1921 5712 2105 5780 Rosv.,

544 5777 703 5842 Grav.
734 5777 1013 5844 etScltot.,
1041 5777 1362 5847 formans....
1395 5777 1821 5851 conﬁrmansque.

2278 5717 2348 5786 (σν)
2377 5717 2472 5786 Ms.
2506 5713 2703 5783 Vatic.,
2725 5718 3051 5786 patrimonii.

2277 5785 2354 5854 (ά)
2385 5785 2481 5840 Ms.
2509 5786 2676 5841 codex
2708 5786 3044 5853 Viennensis,
3073 5786 3387 5858 impenditis.
