4078 6352
289 243 398 306 355

1637 256 1968 313 EPISTULA
1994 254 2222 323 XXXIX.

3426 255 3542 318 ωε

287 376 533 429 monens,
558 377 667 433 quo
747 379 1033 422 caveamus
1071 366 1128 421 in
1154 367 1364 438 spiritu,
1394 382 1462 423 ne
1517 364 1640 423 fidei
1669 374 1864 422 nostra:
1890 372 1941 431 Α
1965 366 2033 421 de
2059 381 2222 422 manu
2248 367 2475 423 serentis
2496 365 2809 433 excidimus,
2847 364 2945 421 sed
2988 366 3044 420 in
3087 365 3203 437 ipsa
3245 367 3426 438 potius
3447 366 3543 427 via

286 453 531 510 mulam
560 452 829 521 fraudem,
853 457 992 512 sicut
1038 458 1296 514 zizaniam
1324 458 1345 490 ³
1375 460 1583 529 tritico,
1614 458 1860 529 inimicus

288 545 590 600 interserat.
611 544 794 616 Itaque
816 563 916 602 nos
935 561 1121 615 agrum
1147 565 1300 604 suum
1323 549 1474 617 dixit,
1501 565 1666 620 seque
1687 551 1860 620 ipsum

285 633 518 689 ostendit
540 635 592 688 in
613 636 768 690 nobis
795 637 917 691 vitae
942 646 1136 693 nostra:
1157 646 1424 706 satorem;
1453 648 1509 696 et
1562 641 1860 695 animarum

284 723 590 779 discrimina
615 727 777 781 variis
801 734 1060 783 terrarum
1084 731 1344 800 expressit
1382 730 1625 798 ingeniis.
1648 730 1725 785 Ne
1747 739 1860 786 ste-

282 815 394 869 rilis
420 814 493 870 sit
520 830 835 883 caveamus;
865 834 961 873 nos
989 834 1203 888 quoque
1230 819 1376 889 ipsos
1389 819 1454 874 ad
1480 808 1860 875 fecunditatem

283 905 394 962 Deo
421 906 656 961 debitam
676 915 734 963 et
762 909 916 963 nobis
945 911 1130 965 utilem
1158 911 1425 966 contentis
1453 911 1508 966 in
1534 909 1653 979 iege
1672 909 1861 966 Domi-

280 996 335 1050 ni
362 996 554 1051 studiis
584 998 911 1063 excolamus.

348 1088 404 1142 3.
428 1088 597 1157 Igitur
613 1105 733 1144 cum
779 1091 833 1145 in
873 1106 1002 1163 agro
1052 1108 1130 1159 es,
1161 1101 1219 1148 et
1246 1108 1338 1150 rus
1367 1101 1518 1149 tuum
1546 1102 1778 1164 spectas,
1808 1103 1863 1153 te

276 1195 495 1251 quoque
524 1181 695 1253 ipsum
712 1179 909 1239 Christi
940 1198 1126 1253 agrum
1154 1200 1273 1240 esse
1314 1186 1511 1255 cogita,
1538 1194 1593 1241 et
1637 1186 1693 1241 in
1719 1193 1773 1242 te
1798 1186 1866 1242 si-

277 1279 369 1326 cut
399 1271 454 1325 in
475 1284 657 1339 agrum
689 1280 837 1327 tuum
864 1275 1094 1345 respice.
1122 1274 1349 1342 Qualem
1380 1276 1491 1345 agri
1525 1277 1601 1332 tui
1626 1278 1862 1347 speciem

278 1360 394 1416 ﬁeri
421 1377 452 1416 a
480 1362 660 1417 villico
698 1371 793 1418 tuo
820 1365 1078 1434 postulas,
1103 1366 1266 1419 talem
1296 1367 1406 1422 Deo
1427 1366 1654 1422 Domino
1687 1366 1862 1423 cordis

274 1451 353 1505 tui
384 1450 550 1505 redde
604 1452 896 1518 culturam;
927 1461 985 1508 et
1030 1453 1283 1521 intellige,
1316 1455 1572 1525 quidquid
1627 1456 1680 1509 in
1730 1470 1862 1525 agro

273 1550 374 1596 tuo
396 1541 492 1595 tibi
521 1542 802 1611 displiceat
848 1550 940 1597 aut
989 1545 1393 1614 placeat,idem
1448 1545 1502 1598 in
1545 1545 1720 1599 anima
1770 1555 1860 1600 tua

274 1633 493 1703 placere
514 1630 748 1695 Christo,
779 1641 873 1688 aut
893 1634 1195 1704 displicere.
1227 1634 1284 1689 Si
1303 1642 1454 1689 vasta
1477 1634 1572 1706 (V.
1597 1644 1710 1689 not.
1733 1635 1857 1707 181)

1961 457 2207 515 seminati
2232 472 2416 513 sumus
2441 468 2485 523 ε,
2509 458 2559 511 id
2583 466 2665 512 est
2702 457 2755 511 in
2783 456 3059 512 catholica:
3095 456 3290 513 matris
3332 459 3539 525 gremio

1961 548 2234 603 constituti
2263 565 2276 600 :
2301 564 2332 601 a
2356 563 2463 617 quo
2493 562 2561 602 ne
2611 547 2953 617 projiciamur
2980 556 3038 602 ut
3080 547 3305 602 abortivi
3323 586 3338 613 ,
3370 547 3538 616 ipsius

1959 638 2325 695 misericordia
2351 654 2487 708 opus
2534 650 2634 702 est,
2665 647 2723 694 ut
2775 638 3103 694 intellectum
3134 638 3226 693 det
3279 638 3435 692 nobis
3478 638 3537 697 iu

1959 728 2047 783 via
2072 729 2171 785 hac
2197 745 2303 801 qua
2331 729 2536 798 ingredi
2570 730 2757 800 jussit,
2787 746 2851 785 ac
2876 729 3147 800 praestitit;
3174 736 3229 784 et
3254 727 3536 786 confirmet

1959 834 2122 889 super
2149 836 2248 876 nos
2276 821 2465 876 oculos
2521 836 2668 885 suos,
2719 836 2788 875 ne
2841 818 3135 875 efﬁciamur
3187 819 3326 875 sicut
3364 830 3537 888 equus

1960 918 2017 964 et
2043 910 2217 965 mulus
2241 910 2433 980 quibus
2454 926 2561 965 non
2584 918 2667 965 est
2688 910 2990 966 intellectus
3016 909 3062 965 τ.

2032 997 2084 1053 6.
2114 997 2222 1053 Sed
2248 999 2314 1054 ad
2341 1000 2706 1055 rusticationis
2753 1008 2951 1055 nostrae
2995 1000 3160 1053 verba
3212 998 3535 1054 redeamus:

1960 1104 2088 1144 nam
2108 1089 2222 1160 ipse
2244 1089 2386 1145 Deus
2410 1099 2595 1147 noster
2621 1098 2677 1146 et
2702 1089 2864 1144 Pater
2902 1089 3133 1160 agricola
3158 1098 3268 1154 est;
3296 1097 3353 1143 et
3397 1088 3540 1147 Deus

1960 1180 2206 1235 salutaris
2228 1188 2432 1245 noster,
2453 1198 2570 1236 uera
2589 1183 2704 1236 vitis
2729 1191 2757 1231 ε
2785 1190 2893 1247 est;
2925 1194 2983 1236 et
3023 1181 3255 1251 Spiritus
3300 1188 3538 1247 sanctus,

1960 1270 2165 1338 rigator
2191 1271 2491 1325 animarum
2512 1278 2611 1327 est.
2636 1270 2756 1325 Fiat
2786 1272 2947 1340 igitur
2962 1271 3117 1325 nobis
3143 1285 3239 1340 per
3266 1270 3542 1324 orationes

1962 1371 2187 1425 vestras,
2219 1370 2280 1415 ut
2307 1377 2544 1418 summus
2590 1361 2995 1433 paterfamilias,
3032 1369 3088 1417 et
3115 1361 3348 1417 cmiestis
3400 1359 3543 1430 agri-

1961 1454 2103 1520 cola,
2131 1462 2186 1511 et
2208 1453 2437 1522 diligens
2466 1454 2782 1510 hortulanus
2808 1454 3016 1519 visitet,
3046 1460 3102 1508 et
3128 1454 3459 1521 frequentet,
3487 1457 3544 1505 et

1960 1542 2136 1609 signet
2161 1543 2378 1597 hortum
2402 1544 2591 1597 anima:
2621 1551 2839 1610 nostrae,
2864 1543 3002 1597 sicut
3027 1542 3175 1596 illum
3224 1541 3279 1595 in
3305 1554 3413 1610 quo
3443 1538 3543 1593 do-

1961 1634 2092 1700 cuit,
2122 1634 2317 1698 oravit,
2341 1635 2633 1688 resurrexit
2680 1631 2727 1687 '1.
2760 1631 2962 1688 Firmet
3017 1633 3070 1687 in
3101 1631 3253 1686 nobis
3302 1628 3544 1683 caritatis

271 1723 512 1795 peccatis
539 1724 691 1793 quasi
716 1724 890 1779 dumis
914 1724 1159 1799 sordeat,
1190 1739 1365 1793 neque
1413 1725 1741 1795 propheticis
1766 1735 1859 1783 aut
1886 1732 1935 1793 Β
1959 1737 2069 1776 suae
2096 1737 2317 1790 nexum,
2349 1731 2407 1777 ut
2435 1722 2707 1777 manentia
2736 1723 2789 1777 in
2819 1722 2937 1792 ipso
2982 1729 3252 1776 sarmenta
3282 1719 3542 1773 vivamus.

267 1814 587 1885 apostolicis
614 1815 845 1870 nubibus
866 1816 1230 1886 compluatur,
1255 1817 1308 1870 in
1362 1817 1564 1871 aridam
1613 1816 1857 1873 solitudi-

268 1918 399 1960 nem
448 1907 619 1973 gratia
647 1906 930 1961 deserente
959 1906 1321 1961 damnabitur.
1372 1905 1429 1960 Si
1470 1922 1598 1962 vero
1628 1908 1707 1962 sui
1737 1908 1859 1962 dili-

268 2007 435 2063 gens,
466 1995 800 2051 orationibus
854 1995 1058 2051 crebris
1111 2004 1281 2051 semet
1325 1996 1559 2063 excolat,
1590 2004 1646 2053 et
1693 1999 1862 2054 sacris

269 2083 493 2139 Litteris
520 2085 809 2155 opimetur,
840 2095 895 2141 et
927 2086 1002 2157 (α)
1032 2087 1278 2141 intimum
1305 2088 1453 2141 cordi
1482 2095 1716 2142 aratrum
1738 2105 1861 2142 cru.

264 2173 350 2228 cis
382 2174 668 2244 imprimat,
700 2183 755 2230 et
806 2183 983 2229 rastro
1041 2175 1204 2230 divini
1255 2176 1461 2231 timoris
1505 2178 1685 2245 spinas
1738 2192 1862 2233 suas

268 2271 450 2325 eruat,
481 2264 758 2333 ignitoque
802 2264 896 2318 Dei
922 2264 1087 2319 verbo
1114 2273 1299 2319 uratur
1324 2264 1377 2319 in
1407 2264 1603 2334 culpis,
1634 2266 1861 2321 lumine—

268 2360 364 2406 tur
392 2353 445 2407 in
468 2353 745 2418 sensibus;
780 2360 908 2408 tunc
952 2369 1174 2409 necesse
1202 2363 1283 2409 est
1326 2363 1384 2409 ut
1412 2356 1635 2425 spatiari
1684 2356 1745 2411 in‘
1769 2366 1860 2413 tuo

268 2443 441 2499 corde
461 2441 898 2512 patremfamilias
919 2452 974 2498 et
1003 2458 1191 2498 omnes
1222 2444 1413 2499 anima:
1460 2454 1564 2499 tua:
1611 2448 1862 2514 regiones

269 2534 441 2604 236
470 2544 758 2603 peragrare
784 2532 1047 2597 delectet;
1076 2542 1132 2588 et
1157 2548 1257 2602 pro
1281 2542 1331 2589 te
1360 2532 1414 2588 in
1443 2550 1541 2589 suo
1557 2535 1863 2603 adgaudens

270 2625 377 2678 tibi
401 2624 635 2689 dicat,'si
652 2622 879 2692 diligens
908 2624 985 2678 tui
1013 2624 1190 2678 cultor
1218 2636 1481 2693 apparens
1504 2643 1516 2677 :
1542 2624 1708 2696 Euge,
1724 2643 1865 2681 serve

268 2714 432 2779 bone,
459 2717 601 2769 intra
618 2717 674 2768 in
702 2715 946 2785 gaudium
975 2714 1189 2769 Domini
1218 2717 1291 2768 tui
1314 2732 1331 2769 :
1354 2718 1474 2786 quia
1503 2717 1671 2785 ﬁdelis
1721 2719 1866 2789 fuisti

268 2804 335 2858 in
358 2804 556 2873 paucis,
587 2820 742 2873 super
768 2804 930 2858 multa
952 2814 998 2857 te
1027 2805 1331 2857 constituam
1356 2813 1404 2856 ι.

355 2892 412 2944 4.
442 2892 551 2946 Nos
598 2908 726 2948 vero
771 2895 890 2964 ipsi,
924 2896 1015 2963 qui
1055 2910 1311 2963 perverso
1356 2895 1545 2951 ordine
1588 2897 1868 2952 consilium

278 2980 483 3037 validis
508 2980 703 3035 infirmi
731 2983 939 3045 damus,
968 2984 1099 3052 quid
1120 3000 1220 3053 pro
1250 2985 1405 3040 nobis
1430 2986 1865 3057 respondeamus,

1960 1814 2191 1886 imperet
2212 1813 2443 1869 nubibus
2471 1813 2584 1868 suis
2611 1822 2671 1867 ut
2697 1813 2883 1884 pluant
2906 1826 3067 1881 super
3094 1826 3215 1873 nos,
3247 1817 3302 1863 et
3321 1823 3351 1862 a
3380 1807 3545 1863 corde

1960 1913 2146 1960 nostro
2170 1904 2441 1977 improbas
2464 1903 2759 1958 carnalium
2805 1901 3193 1970 cogitationum
3243 1898 3543 1971 passiones,

1960 2007 2019 2051 ut
2047 1996 2140 2051 illa
2170 1996 2422 2051 animalia
2471 1995 2628 2051 bonis
2673 1995 2910 2063 frugibus
2952 1994 3165 2048 inimica
3205 1992 3543 2048 submoveat.

1959 2085 2038 2142 Ne
2066 2084 2160 2139 fiat
2189 2086 2243 2139 in
2272 2086 2426 2141 nobis
2470 2087 2694 2141 verbum
2740 2084 2872 2139 illud
2910 2084 3220 2154 propheta);
3265 2080 3542 2135 Residuum

1959 2193 2127 2233 erum
2146 2176 2303 2249 337
2330 2177 2545 2230 comedit
2564 2176 2779 2242 locusta,
2814 2185 2863 2230 et
2891 2176 3151 2229 residuum
3202 2175 3414 2228 locustae
3453 2189 3542 2227 σος

1960 2267 2119 2321 medii
2148 2267 2387 2332 bruchus,
2413 2277 2462 2320 et
2485 2265 2745 2320 residuum
2790 2265 2967 2319 bruchi
3009 2263 3227 2319 comedit
3273 2261 3454 2335 rubigo
3500 2260 3545 2325 ί..

1962 2356 2100 2413 Sunt
2128 2357 2268 2411 enim
2299 2357 2353 2411 in
2377 2372 2603 2427 corpore
2632 2364 2817 2411 nostro
2859 2354 3172 2425 principalia
3217 2354 3436 2408 totidem
3467 2352 3543 2405 in.

1961 2447 2173 2502 centiva
2196 2430 2642 2516 vitiorum,'spcs,
2675 2452 2870 2509 metus,
2899 2444 3169 2511 gaudium,
3210 2441 3397 2506 dolor;
3428 2441 3544 2511 qui-

1962 2538 2063 2595 bus
2090 2539 2322 2593 maxime
2355 2553 2523 2606 genus
2553 2538 2794 2591 turbatur
2839 2537 3149 2599 humanum,
3183 2534 3390 2589 duobus
3419 2548 3545 2603 pra:-

1964 2630 2205 2701 sentibus
2232 2638 2288 2682 et
2314 2629 2519 2683 duobus
2544 2628 2770 2682 futuris:
2802 2628 3180 2697 prmsentibus,
3227 2626 3546 2695 mgritudine

1968 2717 2154 2782 animi,
2180 2716 2266 2772 vel
2292 2716 2487 2786 gaudio
2514 2735 2526 2770 :
2562 2714 2772 2782 futuris,
2803 2724 2970 2781 metu,
2997 2716 3081 2770 vel
3111 2729 3227 2784 spe.
3260 2713 3410 2769 Unde
3458 2728 3549 2768 ca-

1968 2805 2201 2861 vendum
2226 2814 2331 2873 est,
2368 2821 2435 2861 ne
2458 2805 2585 2860 dum
2608 2806 2835 2861 alterum
2857 2821 2926 2861 ex
2948 2804 3032 2862 his
3065 2805 3251 2860 vitium
3296 2804 3547 2875 fugimus,

1970 2896 2306 2951 incurramus
2332 2896 2665 2952 contrarium
2698 2896 2736 2951 ⁸.

2042 2986 2092 3039 7.
2133 2984 2273 3054 Ergo
2318 2986 2373 3040 in
2411 3001 2590 3051 eruca,
2621 2994 2683 3040 et
2722 2986 2947 3052 locusta,
2978 2995 3034 3042 et
3061 2986 3287 3053 brucho,
3319 2994 3373 3040 et
3398 2985 3545 3041 rubi-

272 3070 380 3139 qui
408 3078 520 3125 tam
548 3085 833 3141 pauperes,
861 3087 1021 3142 quam
1048 3083 1225 3144 putas,
1254 3076 1480 3145 spiritali
1510 3078 1686 3146 potius
1712 3092 1871 3146 quam
1898 3086 1944 3149 (ζ
1971 3076 2098 3145 gine
2117 3118 2133 3144 ,
2177 3084 2481 3132 nostrarum
2510 3075 2850 3132 allectionum
2878 3062 3236 3145 intelligenda:
3276 3084 3401 3132 sunt
3425 3091 3547 3147 paea

272 3167 502 3215 terrena
544 3176 605 3216 re
654 3177 871 3227 sumus;
899 3178 1008 3217 non
1053 3165 1251 3218 virtute
1298 3166 1639 3231 mentis,sed
1690 3169 1869 3236 inopia

272 3253 498 3308 virtutis
522 3252 772 3307 humiles.
797 3252 1067 3322 Angustus
1094 3254 1202 3317 ille,
1235 3270 1396 3324 quem
1416 3256 1524 3311 lato
1554 3266 1746 3327 potens
1774 3274 1869 3314 ore

272 3341 568 3404 describis,
598 3341 689 3395 vix
735 3343 879 3397 unici
900 3343 1069 3398 caulis
1117 3342 1269 3399 ferax
1296 3353 1353 3399 et
1379 3361 1548 3416 capax
1604 3347 1867 3415 hortulus,

272 3447 388 3490 nos
406 3433 510 3502 ipsi
537 3446 755 3498 sumus;
783 3441 839 3488 et
862 3433 1003 3487 ultra
1024 3434 1206 3488 betam
1248 3436 1592 3491 semicoctam
1621 3437 1711 3507 (V.
1750 3447 1863 3494 not.

274 3521 437 3591 482),
463 3530 520 3577 ut
549 3522 811 3592 propheta
854 3523 989 3577 dixit
1034 3522 1084 3590 δ,
1126 3524 1369 3593 insipidi;
1398 3523 1656 3582 faciamus
1709 3543 1775 3582 ne
1813 3528 1868 3583 in

277 3613 453 3668 domo
476 3614 859 3669 nostra-caulis
884 3613 1145 3668 ille'solus
1182 3614 1415 3669 insulsus
1441 3617 1530 3671 sit.
1569 3617 1867 3673 Excusabi-

276 3704 395 3758 lius
412 3712 597 3759 tamen
624 3704 715 3759 ille
733 3720 839 3759 non
861 3705 1023 3759 habet
1049 3705 1237 3771 salem,
1260 3721 1422 3776 quem
1452 3708 1644 3779 inopia:
1672 3719 1871 3766 nostra:

286 3796 634 3861 necessitate,
656 3803 749 3850 aut
796 3797 1137 3866 parcimonim
1185 3799 1319 3853 vitio
1365 3814 1474 3853 non
1504 3802 1740 3870 accepit;
1773 3817 1871 3857 nos

282 3884 367 3955 (ὁ)
394 3886 578 3955 potius
602 3885 747 3949 elixi,
768 3901 870 3942 nos
892 3888 1209 3958 culpabilius
1246 3889 1451 3950 insulsi,
1484 3889 1538 3945 in
1563 3893 1754 3959 quibus
1781 3907 1872 3947 su-

288 3975 695 4044 perabundante
719 3977 788 4031 de
825 3978 1059 4045 peccatis
1087 3978 1404 4033 voluntariis
1444 3979 1766 4049 insipientia,
1791 3983 1871 4036 sal

282 4068 621 4136 apostolicus
648 4070 867 4125 eVanuit
895 4079 951 4132 e;
982 4077 1039 4122 et
1062 4083 1091 4121 a
1121 4066 1257 4123 faeie
1289 4080 1632 4138 peccatorum
1656 4085 1871 4129 nostro-

277 4172 414 4211 mm
443 4158 705 4227 spiritalia
724 4159 1067 4215 condimenta
1089 4159 1356 4227 fugerunt.
1405 4162 1515 4217 Sed
1544 4165 1646 4219 nisi
1675 4167 1870 4221 vestris

282 4250 631 4305 orationibus
680 4250 1001 4315 reﬁciamur,
1033 4266 1132 4306 nec
1146 4251 1290 4320 "ipse
1316 4252 1339 4284 ⁸
1367 4253 1577 4309 unicus
1600 4256 1785 4311 caulis'
1820 4256 1870 4313 in

284 4342 451 4398 nobis
472 4343 684 4410 virebit,
706 4343 1028 4414 penitusque
1047 4342 1274 4399 desertis
1299 4345 1461 4399 etiam
1479 4344 1735 4400 insulsum
1755 4346 1872 4403 olus

285 4432 488 4489 deerit.

360 4522 419 4581 5.
443 4522 609 4579 Orate
627 4524 882 4592 igiturne
924 4528 1171 4595 germina
1191 4528 1380 4581 animae
1428 4534 1626 4583 nostra:
1672 4544 1869 4585 nocens

282 4630 461 4671 eruca
508 4616 814 4686 populetur,
840 4631 907 4671 ne
958 4620 1151 4674 mentis
1193 4627 1429 4687 segetem
1479 4620 1616 4675 edax
1665 4621 1866 4676 locusta

286 4717 601 4770 consumat.
624 4724 695 4764 ne
713 4708 1020 4778 praecordiis
1048 4712 1245 4767 nostris
1273 4712 1424 4781 piger
1465 4711 1699 4769 bruchus
1741 4715 1870 4768 insi-

290 4800 442 4864 deat,
474 4809 530 4856 et
556 4802 770 4856 intimas
791 4802 1034 4856 vitalium
1062 4802 1223 4858 libras
1250 4804 1435 4859 ultima
1463 4804 1659 4859 harum
1672 4805 1869 4861 bestio-

286 4889 472 4948 iarum
497 4907 680 4947 comes
707 4892 893 4960 rubigo
914 4891 1104 4946 exedat
1126 4889 1173 4945 δ.
1206 4890 1408 4962 Urgent
1459 4895 1603 4949 enim
1650 4895 1868 4949 interio-

282 4998 415 5039 rem
472 4990 711 5038 nostrum
743 4984 947 5038 'mala:
1002 4984 1216 5050 bestiae;
1248 4992 1304 5038 et
1351 4985 1669 5056 importuna:
1723 4986 1877 5042 alites

292 5073 611 5143 frequenter
638 5073 912 5143 infestant,
943 5066 1051 5130 uta
1072 5075 1246 5142 nobis,
1275 5077 1321 5133 si
1343 5078 1569 5147 possint,
1613 5079 1760 5134 verbi
1787 5094 1875 5133 se-

295 5181 425 5223 men
455 5156 739 5236 abripiant.
764 5163 868 5222 Sed
896 5167 1094 5234 gratias
1116 5166 1245 5232 Deo,
1270 5168 1411 5238 quod
1432 5182 1541 5223 non
1565 5169 1716 5239 juxta
1739 5172 1877 5225 viam

374 5313 403 5342 ⁸
431 5303 617 5358 Matth.
651 5319 774 5366 xxv,
806 5301 905 5368 2|;
961 5302 1090 5357 Luc.
1117 5319 1225 5368 XIX,
1261 5304 1345 5355 l7.
1413 5305 1476 5342 ’δ
1505 5302 1627 5357 lsai.
1657 5319 1729 5368 ιι,
1758 5302 1847 5367 20,
1876 5305 2024 5369 juxta
2050 5300 2211 5361 LXX.

628 5372 646 5411 ί
685 5371 879 5433 Psalm.
930 5389 1075 5437 χιιι,
1106 5372 1157 5425 8.
1256 5382 1281 5419 κ
1310 5372 1502 5427 Johan.
1529 5390 1615 5434 xv,
1650 5374 1699 5425 la.

299 5387 419 5437 xm,
465 5373 519 5428 4.

299 5461 340 5509 I,
374 5442 428 5498 4.

379 5557 456 5640 (a)_
482 5556 584 5613 Ms.
615 5554 794 5626 Vien.,
822 5568 870 5615 et
892 5554 1204 5613 in'inlimum
1229 5558 1397 5611 cordis
1415 5596 1430 5621 ,
1453 5568 1687 5613 aratrum
1713 5560 1879 5614 crucis

300 5628 587 5699 imprimat.

378 5696 455 5771 (θ)
482 5696 629 5757 Edit.
659 5698 844 5755 Schol».
866 5708 915 5753 et
942 5696 1209 5761 Saccbin.,
1240 5697 1407 5767 pejus,
1433 5714 1540 5753 non
1571 5698 1727 5761 male.

1803 5366 2038 5428 IIMatth.
2075 5390 2216 5437 xxvi,
2278 5373 2365 5437 '56,
2417 5366 2775 5437 etxxvttt,6_;
2830 5369 2992 5424 Marc.
3024 5383 3131 5430 xiv,
3180 5366 3265 5419 52.

1970 3167 2182 3232 siones;
2211 3182 2437 3237 quarum
2458 3168 2576 3221 alia:
2604 3168 2839 3223 breviter
2863 3169 2917 3222 in
2946 3168 3112 3224 corde
3139 3168 3407 3233 hmreant,
3429 3170 3548 3226 alia)

1968 3258 2224 3329 paulatim
2266 3268 2538 3322 crescant;
2570 3265 2624 3313 et
2660 3258 2707 3313 si
2736 3258 2956 3328 abiecta:
2982 3275 3090 3315 non
3130 3259 3350 3327 fuerint,
3381 3275 3548 3329 usque

1968 3350 2035 3405 ad
2073 3350 2332 3405 medullas
2372 3336 2710 3421 perveniant,
2740 3359 2794 3404 et
2814 3365 3032 3405 omnem
3060 3365 3282 3405 succum
3330 3350 3549 3405 obibant

1969 3444 2177 3497 animm.
2210 3443 2339 3497 Vide
2360 3443 2502 3496 enim
2530 3441 2761 3511 qualiter
2788 3442 2888 3495 ista
2910 3442 3012 3495 sibi
3030 3449 3327 3508 congruant
3347 3441 3403 3495 in
3421 3456 3547 3496 cor-

1968 3518 2122 3590 dibus
2162 3534 2361 3590 nostris
2405 3542 2646 3589 monstra
2674 3532 2948 3597 vitiorum,
2998 3532 3172 3601 qualia
3215 3530 3268 3586 in
3313 3530 3549 3600 frugibus

1968 3628 2214 3683 accidunt
2240 3628 2369 3682 vitia
2409 3635 2794 3682 monstrorum.
2842 3625 3014 3691 Nam,
3064 3625 3215 3679 verbi
3261 3625 3452 3693 gratia,
3501 3625 3551 3703 si

1969 3719 2098 3789 quid
2125 3719 2350 3774 vetitum
2378 3716 2784 3791 concupiscam,
2815 3724 2870 3771 et
2897 3731 3023 3771 mox
3050 3715 3295 3784 abjiciam
3344 3716 3551 3785 cogita-

1971 3811 2193 3877 tionem,
2222 3825 2381 3865 eruca
2423 3817 2506 3865 est
2534 3810 2589 3864 in
2636 3809 2763 3863 folio
2793 3808 3003 3872 sedens,
3032 3808 3103 3878 (ι’)
3137 3815 3256 3877 quis
3301 3808 3546 3881 decussa,

1970 3903 2016 3958 si
2046 3902 2293 3970 abjecero
2313 3900 2559 3970 quidem,
2589 3901 2683 3955 sed
2713 3916 2897 3958 rursus
2944 3899 3165 3955 redierit
3194 3899 3472 3968 cogitatio,
3497 3907 3549 3955 et

1972 3993 2196 4061 coeperit
2225 3992 2406 4060 abjici,
2438 4002 2495 4047 et
2521 3992 2696 4046 redire
2717 3992 3046 4056 crebrescet,
3076 3990 3284 4044 locusta
3316 3997 3397 4043 est
3421 4004 3549 4044 avo-

1973 4083 2090 4136 lans
2118 4090 2173 4137 et
2196 4064 2491 4137 revertens.
2526 4079 2678 4147 Quod
2710 4075 2759 4144 si
2777 4080 3003 4148 coeperit
3032 4078 3324 4141 immorari,
3352 4087 3408 4133 et
3435 4093 3552 4131 rua-

1968 4173 2057 4243 jus
2085 4172 2336 4227 habuerit
2357 4173 2589 4241 spatium
2618 4170 2671 4225 in
2692 4168 3053 4234 comedendo,
3080 4182 3242 4237 quam
3270 4168 3551 4235 avolando,

1973 4264 2209 4321 bruchus
2238 4261 2448 4316 dicitur.
2479 4260 2633 4327 Quod
2661 4260 2707 4316 si
2736 4260 2848 4330 ipse
2878 4259 3110 4313 bruchus
3146 4258 3237 4326 qui
3264 4271 3372 4312 non
3422 4257 3552 4315 satis

1976 4355 2173 4420 avolat,
2203 4353 2299 4409 sed
2326 4352 2493 4420 magis
2516 4351 2686 4419 sedet,
2714 4365 2821 4405 non
2843 4348 3002 4404 fuerit
3037 4346 3296 4418 abjectus,
3328 4346 3380 4403 in
3408 4330 3554 4402 rubii

1900 4439 1950 4498 D
1975 4447 2150 4515 ginem
2183 4436 2407 4500 vertitdr
2441 4462 2453 4496 :
2482 4458 2600 4514 qum
2624 4441 2736 4512 jam
2764 4434 2977 4513 penitus
3005 4434 3380 4507 inhaerescens,
3403 4446 3462 4493 ut
3488 4438 3553 4497 de

1975 4536 2188 4606 stipula,
2232 4536 2309 4590 sic
2343 4534 2409 4589 de
2432 4534 2640 4599 anima,
2689 4544 2978 4600 numquam
3007 4538 3100 4585 aut
3126 4526 3342 4585 difﬁcile
3369 4520 3553 4600 expelL

1972 4628 2120 4682 litur.
2518 4636 2526 4643 '
2724 4636 2729 4643 '
3034 4636 3040 4642 ‘
3100 4632 3109 4642 '
3258 4638 3263 4641 '
3528 4680 3539 4689 ,

2043 4717 2095 4773 8.
2137 4717 2343 4773 Vereor
2365 4730 2434 4791 ne
2453 4714 2580 4784 dum
2598 4702 2893 4784 loquacius
2903 4727 3002 4768 vos
3026 4712 3212 4783 fatigo,
3238 4698 3373 4785 ipse
3404 4708 3553 4783 vobis

1974 4810 2251 4879 molestius
2269 4824 2429 4878 quam
2449 4808 2655 4867 locusta
2670 4814 2763 4871 aut
2782 4806 3014 4883 bruchus
3035 4804 3338 4875 insederim.
3350 4801 3552 4875 (djbis-

1976 4902 2141 4958 cutite
2196 4901 2355 4971 igitur
2399 4909 2457 4954 ut
2501 4913 2747 4961 erucam,
2808 4880 2865 4953 et
2922 4880 3112 4968 procul
3157 4895 3369 4965 abjicite
3414 4894 3554 4949 hanc

1967 4982 2396 5059 'chartulam,‘ne
2427 4989 2495 5045 de
2522 4980 2764 5059 longiore
2800 4997 3053 5044 contactu
3092 4976 3354 5043 sermonis
3382 4983 3550 5039 nostri

1977 5082 2273 5149 rubiginem
2304 5070 2622 5150 insipientia:
2651 5088 2846 5134 nostrae
2874 5078 3160 5147 colligatis,
3177 5091 3282 5145 qua
3311 5073 3553 5142 despicu-

1980 5171 2160 5227 descat
2182 5172 2327 5226 nitor
2351 5170 2527 5226 cordis
2554 5166 2738 5233 vestri,
2764 5178 2819 5225 et
2845 5171 2998 5238 vigor
3019 5168 3215 5223 mentis
3240 5166 3544 5222 hebetetur.

2320 5314 2341 5341 ο
2374 5303 2561 5357 Matth.
2588 5320 2643 5368 v,
2669 5302 2755 5355 ίό.
2858 5299 2883 5337 ά
2912 5298 3049 5354 Joel.
3083 5298 3204 5359 1,·4.
3305 5305 3330 5334 ο
3359 5293 3546 5347 Matth.

2320 5373 2363 5417 Β-
2417 5381 2472 5417 nt
2496 5389 2677 5417 xxvm-
2703 5372 2774 5417 li:
2831 5369 2992 5417 Marc.
3024 5383 3131 5417 xiv.
3180 5366 3265 5417 52.
3350 5364 3366 5401 ί
3398 5363 3539 5417 ³061.

2056 5561 2127 5683 ἵ)
2158 5560 2285 5641 _Mss.
2319 5558 2449 5627 Reg.
2483 5568 2539 5613 et
2568 5532 2939 5625 .Vienqdatque
2970 5552 3203 5605 decussa.
3248 5540 3345 5607 Ed.
3394 5546 3547 5613 Griu.

2109 5639 2261 5683 atin..
2293 5648 2391 5683 aua
2422 5630 2657 5683 decussa.

1981 5640 2035 5685 et
2063 5630 2261 5701 Latin,
2293 5648 2391 5701 qua
2422 5630 2657 5701 decussa.

2048 5702 2128 5763 (di
2157 5699 2252 5755 bis.
2284 5695 2452 5759 codex
2472 5698 2651 5763 Vien.,
2674 5695 2921 5751 Decuma.
