4078 6352
502 301 607 360 567

1636 295 1692 349 S.
1724 291 1999 350 PAULINI
2037 291 2286 350 NOLAM
2324 290 2629 351 EPISCOPl

3665 291 3778 350 568

503 419 757 468 Attamen
784 411 856 468 ob
895 410 1002 466 hoc
1029 416 1238 464 tantum
1285 419 1445 476 super
1495 403 1599 459 hoc
1638 411 1862 474 peccato
1910 403 2086 468 nobis,
2122 415 2162 470 Α
2192 419 2518 475 quamquam
2547 419 2655 460 non
2677 403 2777 460 ista
2806 402 3092 460 dilectione
3129 419 3247 476 quae
3275 404 3476 462 Christi
3506 415 3626 474 est,
3677 412 3778 466 sed

503 521 613 575 quo
643 499 740 561 ves
768 513 878 558 tam
906 502 1139 574 graviter
1176 498 1481 567 fatigamus,
1507 495 1788 564 ignoscite,
1829 495 1974 563 quod
2019 495 2086 548 de

503 594 718 652 licentia
744 591 982 649 caritatis
1008 588 1279 644 abutimur
1308 584 1566 656 patientia
1581 591 1790 648 vestra;
1818 591 1876 636 et
1899 582 1971 635 ita
2000 596 2087 636 re-

501 687 708 759 pletum
735 692 923 755 pectus
942 689 1180 737 vestrum
1215 679 1386 734 nostri
1414 691 1600 731 amore
1642 666 1983 737 confidimus,
2029 681 2088 726 ut

502 777 763 836 olfensam
788 775 957 830 nostri
981 789 1087 828 non
1107 771 1305 843 capiat,
1328 769 1538 826 etiamsi
1557 766 1814 823 faciamus
1839 765 2086 835 injuriam

501 884 609 940 qua
635 882 936 924 mereamur
964 863 1256 928 ollendere,
1287 863 1333 916 si
1363 877 1458 916 vos
1486 873 1742 929 umquam
1769 873 1800 912 a
1829 856 1983 913 nobis
2003 857 2088 910 vel

503 958 832 1016 merentibus
859 956 1076 1027 possitis
1103 953 1321 1007 oftendi.

1037 1041 1365 1098 EPISTOLA
1395 1042 1412 1060 ⁵
1443 1038 1553 1094 ιιι..

503 1141 668 1214 238
695 1138 922 1214 Sanctus
948 1143 995 1190 et
1018 1133 1286 1214 Amandus
1312 1132 1436 1186 data
1465 1131 1534 1184 ad
1566 1129 1847 1214 Paulinum
1869 1126 2086 1214 epistola

573 1199 791 1281 magnas
810 1211 866 1261 in
889 1223 1004 1281 eum
1027 1205 1614 1281 laudescongesserant.
1648 1199 1754 1281 Hic
1777 1200 1854 1281 eis
1874 1213 2088 1281 Lespon:

574 1267 720 1344 dens,
753 1294 898 1332 acres
921 1277 989 1330 ad
1008 1267 1371 1396 perlectionem
1395 1271 1630 1351 stimulos
1657 1269 1848 1350 subdit:
1875 1267 2091 1320 Tractat

574 1351 724 1396 initia
771 1365 836 1396 ea:
873 1348 1035 1396 sacris
1128 1346 1321 1396 itteris.
1365 1357 1512 1395 suum
1550 1356 1727 1396 cuique
1771 1354 1848 1391 ret
1892 1345 2089 1396 tempus

572 1339 724 1405 initio
756 1365 836 1422 ξπ
873 1339 1035 1400 sacris
1081 1339 1321 1422 Litteris,
1365 1357 1512 1395 suum
1550 1341 1727 1422 cuique
1771 1339 1848 1391 rei
1892 1345 2089 1422 tempus

575 1437 706 1475 esse.
745 1418 945 1471 Deinde
992 1431 1057 1468 ex.
1090 1413 1290 1485 psalmo
1333 1427 1382 1466 cr
1427 1409 2086 1485 expositio_nem__moralem

575 1489 846 1560 pellicani,
883 1476 1317 1560 uycticoracis__e_t
1344 1476 1574 1560 passeris
1607 1479 1830 1560 solitarii
1867 1476 2087 1560 subjun-

579 1547 673 1632 ῥέε.
714 1547 844 1611 Tum
894 1547 1160 1632 attributis
1202 1552 1300 1632 sibi
1337 1547 1578 1632 laudibus
1631 1549 1700 1632 ad
1746 1547 2088 1632 humilitatem

579 1617 758 1693 utens,
807 1626 972 1680 multa
998 1624 1183 1678 atterit
1220 1623 1286 1676 de
1325 1621 1500 1693 divina
1533 1621 1703 1693 gratia
1732 1618 1822 1693 cui
1851 1617 2089 1693 debemus

575 1687 768 1764 omnia,
786 1697 850 1750 de
875 1695 1144 1766 vigilantia
1163 1692 1456 1766 necessaria
1478 1687 1646 1744 in—via
1665 1689 1900 1760 spiritus,
1929 1687 2090 1758 deque

574 1771 802 1840 perfecta
824 1767 904 1820 sui
926 1764 1292 1836 abnegatione.

575 1859 853 1914 MEROPIUS
878 1855 1144 1911 PAULINUS
1171 1861 1227 1909 et
1260 1853 1550 1920 TBEBASIA,
1579 1851 1790 1907 Sucro
1827 1855 1885 1904 et
1910 1845 2089 1902 AMAN-

506 1967 573 2008 ιιο
603 1950 680 2023 (a)
710 1949 982 2014 fratribus,
1011 1948 1064 2002 in
1092 1947 1204 2002 Deo
1234 1944 1448 2001 Christo
1469 1945 1717 1999 salutem.

575 2041 627 2094 ‘l.
659 2038 918 2095 Omnibus
940 2042 1241 2107 tempus,et
1258 2045 1455 2104 tempus
1478 2036 1616 2089 omni
1644 2035 1718 2087 rei
1747 2042 1774 2070 ι
1797 2030 1896 2086 sub
1925 2029 2090 2096 cmlo;

505 2148 668 2204 super
687 2132 884 2188 cmlum
913 2129 1057 2185 enim
1080 2143 1188 2183 non
1228 2138 1312 2182 est
1334 2135 1573 2196 tempus;
1617 2124 1743 2193 quia
1783 2137 1890 2177 non
1932 2119 2097 2174 habet

505 2233 718 2296 tempus
759 2221 1052 2286 aeternitas,
1083 2233 1245 2289 quam
1276 2218 1330 2272 in
1375 2217 1514 2272 cmlo
1564 2221 1579 2248 ⁸
1629 2217 1795 2270 etiam
1833 2210 2094 2268 creaturis

505 2315 731 2371 Creator
758 2313 924 2378 dedit,
940 2311 1033 2384 qui
1054 2311 1202 2366 solus
1227 2309 1390 2364 habet
1412 2307 1769 2363 aeternitatem
1798 2303 2091 2374 propriam,

517 2406 595 2477 (b)
625 2413 682 2462 et
709 2404 884 2460 lucem
903 2402 1110 2458 habitat
1130 2399 1577 2456 inaccessibilem.
1604 2396 1745 2452 Vera
1775 2396 1918 2450 enim
1937 2400 2097 2448 atter-

507 2505 648 2552 nttas
675 2495 779 2551 nisi
805 2495 860 2550 in
886 2494 1005 2566 ipso
1042 2509 1150 2549 non
1178 2499 1281 2558 est,
1309 2492 1399 2560 qui
1429 2490 1577 2545 solus
1601 2530 1616 2556 ,
1666 2487 1812 2557 quod
1839 2494 1942 2551 est,
1971 2492 2055 2540 est
2079 2501 2094 2550 ;

507 2590 646 2645 sicut
672 2588 787 2658 ipse
807 2586 942 2642 dixit
975 2602 988 2638 :
1019 2583 1133 2656 Ego
1162 2600 1274 2638 sum
1298 2584 1384 2655 qui
1423 2598 1555 2636 sum.
1589 2578 1803 2652 (Cetera
1833 2593 1960 2634 vero
1994 2576 2096 2632 nisi

507 2679 562 2734 in
590 2679 706 2748 ipso
743 2692 854 2733 non
892 2673 1070 2746 sunt.)
1093 2673 1313 2746 Tempus
1343 2688 1473 2744 ergo
1501 2672 1602 2728 sub
1630 2671 1770 2727 cmlo
1817 2669 1959 2724 omni
1995 2668 2093 2722 rei.

506 2769 739 2840 Tempus
760 2769 896 2834 otio,
939 2774 1154 2838 tempus
1181 2765 1432 2835 negotio;
1480 2771 1694 2833 tempus
1721 2760 1952 2816 silentiis
1977 2803 1992 2828 ,
2041 2767 2098 2812 et

509 2869 720 2931 tempus
739 2858 988 2927 alloquiis
1021 2874 1034 2910 :
1068 2866 1281 2926 tempus
1309 2854 1611 2921 esuriendi,
1643 2861 1699 2909 et
1728 2861 1939 2922 tempus
1965 2865 2098 2921 epu-

510 2951 688 3016 landi;
719 2958 780 3004 ut
807 2949 966 3004 nobis
987 2949 1249 3004 hactenus
1268 2945 1369 3001 fuit
1391 2954 1602 3016 tempus
1623 2941 1901 3014 jejunandi
1927 2958 1958 2996 a
1983 2956 2098 2997 ser-

511 3039 760 3096 monibus
796 3037 1014 3106 vestris,
1057 3037 1136 3092 sic
1183 3051 1327 3091 nunc
1364 3037 1385 3067 '
1433 3034 1624 3090 iisdem
1669 3033 1837 3089 cibari
1886 3041 2100 3100 tempus

517 3137 769 3187 exortum
798 3125 1148 3185 est.'Pavistis
1168 3127 1312 3182 enim
1340 3140 1438 3181 nos
1457 3123 1649 3180 litteris
1671 3123 1692 3155 ³
1722 3123 1914 3178 vestris
1934 3123 2098 3177 verbo

512 3224 611 3281 Dei
632 3221 901 3288 dulcibus,
926 3227 980 3275 et
1009 3219 1131 3275 oleo
1172 3217 1371 3273 lzetitite
1417 3215 1688 3280 delibutis,
1715 3229 1825 3284 quo
1871 3213 2101 3268 libenter

512 3313 585 3388 (ε)
613 3313 860 3383 ungimus
881 3317 1044 3382 caput
1079 3317 1322 3365 nostrum
1348 3306 1408 3374 ὶ’;
1442 3307 1568 3378 quia
1597 3321 1705 3360 non
1752 3312 1834 3360 est
1863 3304 1919 3359 in
1949 3303 2101 3358 vobis

513 3403 745 3460 mendax
783 3417 924 3474 opus
960 3401 1115 3456 olivae
1145 3411 1202 3468 ε,
1246 3400 1301 3454 in
1338 3399 1534 3470 quibus
1568 3397 1776 3452 habitat
1802 3396 1996 3448 caritas
2039 3394 2102 3448 de

512 3495 670 3551 corde
702 3510 851 3565 puro,
879 3502 928 3548 et
956 3491 1089 3548 bona
1119 3491 1465 3559 conscientia,
1499 3499 1548 3544 et
1575 3489 1680 3561 ﬁde
1699 3505 1804 3544 non
1843 3489 1969 3559 ﬁcta
1995 3487 2018 3518 ⁸
2047 3488 2096 3541 α.

513 3586 622 3643 Sed
648 3587 774 3656 quia
817 3601 976 3641 nemo
1019 3585 1112 3656 qui
1155 3584 1381 3642 multum
1405 3583 1575 3638 esurit
1610 3589 1787 3654 potest
1825 3597 1933 3636 uno
1961 3594 2102 3651 pane

514 3677 720 3744 satiari,
751 3675 981 3731 fatemur
1002 3690 1102 3730 nos
1129 3674 1358 3730 necdum
1386 3673 1663 3744 expletos;
1695 3673 1789 3729 sed
1810 3674 1991 3744 potius
2019 3673 2101 3726 in-

516 3770 715 3826 citatos
742 3769 810 3823 ad
851 3767 1176 3824 desiderium
1205 3766 1505 3822 litterarum
1529 3773 1830 3820 vestrarum
1877 3781 1982 3820 una
2012 3765 2102 3819 illa

518 3860 748 3934 epistola
772 3862 792 3892 ⁸
813 3867 1020 3925 vestra;
1043 3873 1205 3928 quam
1235 3872 1397 3912 unam
1424 3864 1800 3927 computamus
1821 3897 1836 3924 ,
1869 3856 1992 3926 quia
2024 3865 2102 3909 ta—

518 3955 626 4010 lem
651 3969 682 4009 a
711 3953 888 4018 vobis,
919 3966 1026 4021 qua
1055 3953 1188 4006 sicut
1224 3952 1377 4022 adipe
1415 3959 1464 4005 et
1499 3949 1810 4022 pinguedine
1844 3950 2103 4021 repleatur

519 4049 697 4101 anima
712 4053 890 4101 nostra
923 4058 966 4110 ν,
987 4043 1161 4099 adhuc
1188 4043 1357 4098 semel
1384 4042 1710 4112 accepimus.

589 4137 644 4194 2.
683 4137 1085 4202 Verumtamen,
1117 4136 1218 4193 etsi
1245 4136 1386 4191 inter
1413 4134 1590 4192 officia
1627 4143 1811 4191 nostra
1837 4135 2105 4191 vicissitu-

520 4233 674 4290 dines
701 4240 1004 4304 temporum
1032 4229 1247 4299 fuerint,
1273 4238 1334 4285 ut
1359 4238 1556 4302 tempus
1584 4229 1810 4295 tacendi,
1840 4239 1889 4283 et
1910 4238 2104 4300 tempus

523 4326 763 4398 loquendi
790 4324 833 4391 ί,
859 4338 968 4380 non
996 4324 1069 4379 ita
1090 4323 1252 4378 etiam
1280 4322 1534 4390 diligendi
1558 4337 1622 4378 ac
1643 4319 1948 4390 negligendi
1970 4328 2106 4375 tem-

524 4434 627 4492 pus
653 4415 768 4472 fuit.
801 4415 1009 4472 Dudum
1037 4416 1202 4483 enim,
1245 4423 1305 4469 ut
1331 4413 1685 4484 proculdubio
1726 4413 2069 4482 recognoscis
2089 4453 2104 4479 ,

2187 497 2278 552 illa
2308 496 2685 552 familiaritatis
2707 497 2952 551 humana:
2981 496 3234 563 amicitia,
3265 512 3386 567 qua:
3407 497 3775 554 blandimenta

2188 588 2243 643 in
2273 588 2426 643 labiis
2470 588 2656 654 habet,
2703 596 2757 644 et
2803 588 3037 643 radicem
3089 590 3251 660 239
3277 589 3332 644 in
3361 590 3617 653 cordibus
3663 607 3777 646 non

2189 677 2376 743 habet;
2405 679 2529 747 quia
2559 693 2665 732 non
2693 687 2778 732 est
2804 677 3022 732 fundata
3049 694 3212 748 super
3252 688 3486 750 petram,
3515 695 3636 750 qua:
3663 697 3777 737 non

2187 769 2482 825 :editlcatur
2510 769 2565 824 in
2591 768 2828 826 Christo.
2859 767 3012 825 Unde
3039 770 3283 839 quolibet
3311 771 3580 827 interdum
3609 782 3779 829 vento

2188 859 2424 915 levitatis
2445 860 2645 931 agitata
2673 861 2999 927 dissolvitur,
3041 870 3097 916 et
3136 863 3418 934 temporali
3441 865 3617 932 gratia
3645 866 3776 922 bre-

2191 969 2306 1007 vem
2347 952 2534 1008 ﬂorem
2562 961 2753 1009 tenens
2775 995 2791 1020 ,
2823 957 2954 1008 sicut
2983 959 3156 1026 fenum
3188 956 3426 1010 velociter
3469 961 3694 1025 arescit,
3726 972 3781 1015 et

2187 1042 2318 1096 sicut
2345 1042 2423 1111 (ά)
2453 1044 2551 1112 ﬂos
2579 1045 2717 1114 agri,
2745 1045 2845 1098 cito
2867 1045 3058 1099 decidit
3082 1055 3106 1094 ε
3133 1064 3146 1099 :
3179 1047 3378 1103 caritas
3406 1065 3536 1104 vero
3559 1049 3782 1106 Domini

2189 1141 2372 1188 manet
2399 1134 2450 1187 in
2480 1142 2759 1200 aeternum,
2791 1151 2896 1204 qua
2920 1136 3149 1192 invicem
3178 1141 3409 1194 connexi
3438 1142 3458 1172 ⁷
3493 1157 3681 1198 sumus
3724 1155 3782 1198 et

2189 1221 2260 1277 ad
2289 1224 2681 1278 convivendum
2719 1234 2774 1280 et
2801 1225 2868 1280 ad
2913 1227 3410 1296 commoriendum,
3448 1232 3576 1299 quia
3623 1233 3781 1302 [ortis

2188 1321 2245 1366 ut
2272 1330 2410 1369 mors
2440 1315 2462 1347 ⁸
2487 1316 2680 1369 caritas
2706 1313 2735 1354 ιι
2765 1314 2986 1372 Christi.
3019 1317 3169 1373 Sicut
3190 1319 3332 1373 enim
3363 1321 3448 1374 lex
3478 1323 3670 1377 mortis
3699 1324 3778 1377 ir-

2188 1413 2369 1476 rupta,
2398 1405 2474 1460 ita
2502 1413 2558 1461 et
2585 1407 2826 1462 caritatis
2861 1416 3054 1463 catena
3097 1424 3285 1480 parem
3312 1411 3419 1465 vim
3448 1413 3694 1468 caritatis
3721 1425 3779 1470 et

2189 1497 2380 1553 mortis
2420 1513 2541 1554 esse
2585 1505 2832 1554 testatur.
2875 1499 3010 1556 Nam
3048 1502 3187 1556 sicut
3230 1503 3497 1573 propheta
3545 1506 3676 1561 dicit
3705 1510 3769 1560 ἐ

2193 1587 2321 1654 Quis
2344 1599 2420 1644 est
2445 1591 2594 1646 homo
2613 1593 2698 1662 qui
2731 1592 2799 1664 (e)
2823 1595 2969 1660 vivet,
2997 1604 3047 1649 et
3093 1613 3197 1651 non
3224 1597 3411 1651 uidebit
3450 1609 3668 1653 mortem
3710 1601 3720 1636 ί
3752 1604 3775 1654 ‘.'

2191 1685 2261 1739 ita
2291 1694 2348 1740 et
2375 1687 2662 1756 Apostolus
2689 1687 2886 1743 clamat
2910 1707 2923 1742 :
2958 1687 3083 1754 Quis
3104 1709 3200 1746 nos
3218 1692 3478 1763 separabit
3501 1712 3532 1748 a
3561 1698 3778 1750 caritate

2120 1783 2162 1840 ll
2190 1779 2379 1834 Christi
2429 1779 2444 1830 Ξ
2467 1781 2491 1834 ?
2532 1779 2599 1850 (Γ)
2649 1781 3014 1848 Quamobrem
3054 1784 3182 1851 tibi,
3229 1785 3532 1852 benedicte,
3575 1786 3778 1844 fructus

2195 1871 2413 1926 uberior
2439 1885 2507 1926 ex
2535 1886 2600 1926 ea
2626 1872 2826 1938 veniet,
2857 1873 2950 1942 qui
2975 1873 3125 1944 prior
3148 1875 3306 1944 hujus
3333 1877 3577 1933 caritatis
3602 1880 3776 1948 spicu-

2196 1959 2259 2014 lis
2284 1960 2620 2028 vulneratus,
2645 1963 2937 2031 prtevenisti
2968 1979 3061 2019 nos
3089 1965 3143 2018 in
3169 1964 3523 2021 benedictione
3545 1969 3777 2023 dulcedi-

2196 2051 2278 2103 nis
2329 2048 2352 2088 ¹ι
2383 2065 2482 2120 per
2509 2050 2724 2119 eloquia
2750 2050 3049 2106 litterarum
3078 2062 3288 2109 tuarum
3311 2064 3456 2110 casta
3483 2072 3547 2112 ac
3578 2057 3779 2126 fidelia,

2197 2141 2250 2194 in
2275 2141 2470 2211 quibus
2489 2156 2521 2196 a
2548 2142 2716 2197 verbo
2739 2139 2953 2198 Domini
2978 2145 3083 2200 mel
3107 2155 3163 2200 et
3189 2146 3271 2202 lac
3297 2147 3575 2204 distillavit
3601 2150 3778 2219 lingua

2196 2239 2286 2285 tua
2315 2229 2358 2286 ι.

2266 2321 2318 2377 '5.
2360 2320 2693 2394 Scripseram
2722 2341 2852 2382 vero
2896 2335 2953 2384 et
2978 2327 3127 2398 prius
3166 2329 3507 2385 unanimitati
3555 2339 3681 2395 tua},
3727 2341 3781 2387 et

2197 2429 2320 2469 eum
2347 2429 2379 2469 a
2410 2423 2462 2470 te
2499 2417 2779 2486 epistolam
2819 2426 2965 2474 tuam
3011 2421 3232 2476 bret'em
3270 2437 3370 2492 pro
3398 2437 3462 2477 ea
3506 2423 3583 2494 (g)
3611 2439 3777 2492 quam

2197 2505 2312 2575 ipse
2337 2506 2610 2578 miseram,
2637 2511 2980 2581 recepissem,
3005 2520 3276 2582 tamquam
3306 2513 3588 2583 persoluto
3616 2515 3782 2571 ofllcii

2196 2597 2402 2668 debito,
2426 2599 2619 2655 iterum
2647 2617 2735 2656 me
2761 2601 3027 2658 diuturnte
3056 2605 3408 2659 taciturnitati
3449 2606 3780 2661 refuderam.

2197 2691 2305 2747 Sed
2333 2692 2530 2756 acrius,
2562 2693 2816 2761 vigilante
2853 2692 3100 2762 Christo,
3149 2696 3292 2765 apud
3319 2704 3560 2752 mentem
3591 2705 3741 2751 tuam
3764 2740 3781 2766 ,

2197 2783 2346 2853 prior
2372 2782 2663 2838 reﬂoruisti
2685 2799 2878 2855 sapere
2897 2786 2964 2840 ad
2993 2787 3332 2842 excitandam
3352 2789 3392 2819 ¹⁰
3422 2788 3476 2842 in
3507 2789 3664 2844 nobis
3691 2789 3782 2843 ob-

2197 2875 2525 2931 servantiam
2551 2876 2816 2945 caritatis,
2846 2892 2916 2933 ne
2943 2878 3275 2933 obdormiret
3302 2880 3357 2934 in
3383 2889 3617 2935 mortem
3646 2881 3786 2936 obli-

2200 2969 2372 3024 vionis
2405 2986 2418 3022 :
2448 2977 2504 3024 et
2529 2969 2655 3039 quia
2690 2969 3056 3024 abundaverat
3097 2969 3195 3024 tibi
3224 2970 3591 3026 inhumanitas
3620 2987 3740 3026 mea
3763 3011 3780 3035 ,

2200 3060 2656 3132 superabundavit
2699 3061 2829 3115 mihi
2897 3061 3202 3116 humanitas
3259 3068 3371 3115 tua.
3415 3059 3786 3131 Multiplicasti

2127 3153 2172 3217 C
2202 3153 2347 3209 enim
2368 3152 2697 3222 locupletare
2718 3167 2805 3207 me
2834 3150 3031 3207 all'ectu
3057 3159 3114 3207 et
3140 3149 3320 3207 ofﬁcio
3333 3151 3635 3208 dilectionis
3656 3161 3783 3218 tuae,

2199 3259 2309 3314 quo
2337 3245 2679 3301 benedictum
2716 3245 2928 3301 Domini
2963 3249 3190 3315 puerum
3230 3246 3452 3302 fratrem
3480 3247 3785 3302 Amandum

2198 3336 2524 3392 visitationis
2569 3345 2764 3390 nostrae
2792 3336 2997 3391 socium
3030 3337 3331 3392 assmnsisti
3369 3337 3486 3402 tibi,
3522 3346 3578 3392 et
3625 3339 3787 3393 nobis

2203 3427 2281 3499 (ιι)
2311 3426 2547 3481 validum
2575 3426 2872 3497 apposuisti
2900 3435 3202 3497 patronum.
3253 3425 3588 3482 Confidimus
3617 3429 3787 3497 enim,

2199 3517 2324 3586 quia
2353 3517 2493 3571 sicut
2519 3517 2788 3572 scribendi
2815 3519 2884 3571 ad
2919 3533 3019 3573 nos
3040 3519 3308 3588 particeps
3338 3519 3431 3573 tibi
3459 3519 3634 3574 lactus
3655 3530 3739 3575 est
3772 3539 3786 3573 :

2199 3607 2274 3662 ita
2299 3606 2462 3661 etiam
2488 3605 2674 3660 orandi
2722 3621 2820 3676 pro
2871 3607 3028 3662 nobis
3067 3607 3274 3675 collega
3299 3609 3388 3663 sit.
3452 3607 3522 3662 Et
3563 3609 3783 3678 quidem

2201 3697 2525 3766 germanitas
2549 3697 2842 3767 spiritualis
2886 3699 2958 3751 ita
2999 3699 3256 3766 postulat,
3290 3707 3348 3753 ut
3386 3700 3527 3755 sicut
3565 3701 3792 3770 Spiritus

2202 3790 2355 3846 vobis
2385 3805 2521 3845 unus
2549 3790 2603 3844 in
2632 3789 2736 3845 ﬁde
2763 3797 2820 3845 et
2863 3789 3201 3846 confessione
3228 3791 3428 3846 Christi
3474 3801 3581 3859 est,
3611 3793 3684 3846 ita
3716 3793 3794 3848 sit

2203 3899 2356 3938 amor
2382 3891 2437 3939 et
2464 3883 2618 3938 labor
2647 3897 2784 3937 unus
2809 3883 2863 3937 in
2889 3883 3151 3952 proximis
3181 3883 3243 3954 (i)
3271 3883 3590 3939 asserendis.
3629 3883 3791 3940 Unde

2203 3987 2546 4029 communem
2575 3972 2795 4041 largiter
2822 3987 2852 4026 a
2883 3987 3094 4028 summo
3122 3974 3450 4029 retributore
3479 3975 3792 4030 mercedem

2204 4067 2420 4123 metetis
2448 4065 2668 4122 exaltati
2697 4067 2753 4122 in
2781 4067 3020 4122 turribus
3045 4067 3186 4136 ejus,
3219 4069 3540 4140 quia'frater
3569 4071 3792 4139 fratrem

2205 4157 2458 4229 adjuvans
2478 4156 2865 4212 exattabiturm.
2888 4157 2945 4213 Si
2961 4166 3141 4213 tamen
3157 4173 3369 4228 semper
3392 4173 3549 4212 orare
3579 4168 3789 4213 tantum

2210 4251 2248 4280 “
2280 4257 2336 4304 et
2359 4249 2630 4320 suspirare
2673 4264 2774 4320 pro
2801 4250 2956 4304 nobis
2980 4250 3359 4318 memineritis,
3389 4259 3446 4305 et
3487 4251 3559 4306 de
3605 4261 3795 4308 cetero

2208 4342 2444 4396 caveatis
2480 4355 2708 4396 onerare
2748 4355 2847 4395 nos
2889 4341 3068 4396 verbis
3119 4339 3584 4408 beatilicantibus,
3631 4358 3700 4397 ne
3737 4351 3796 4398 et

2211 4434 2362 4488 vobis
2406 4432 2629 4488 forsitan
2675 4431 3053 4488 offendiculum
3098 4435 3421 4504 comparetis
3446 4475 3462 4503 ,
3505 4436 3552 4490 si
3597 4435 3797 4490 dicatis

527 4507 726 4564 Sancte
766 4507 950 4571 frater,
992 4506 1214 4576 diligere
1241 4505 1382 4575 οωρί
1405 4513 1485 4570 te;
1529 4511 1584 4559 et
1621 4503 1786 4560 dilexi
1807 4503 2009 4573 jugiter
2040 4504 2060 4535 ⁸
2083 4544 2098 4569 ,

2205 4524 2380 4588 dulce,
2393 4521 2539 4590 quod
2563 4537 2805 4577 amarum
2833 4523 3150 4595 esttam
3183 4503 3412 4592 Legistis
3435 4527 3638 4580 etenim
3663 4529 3795 4596 quia

601 4627 628 4654 λ
656 4617 821 4673 Eccli.
845 4633 923 4685 ιιι,
954 4615 1042 4670 l7.
1116 4615 1354 4685 bealth.
1379 4629 1448 4680 γι,
1473 4613 1562 4669 l7.
1639 4612 1982 4685 efﬂabaan,
2009 4613 2094 4666 l7.

531 4701 716 4757 xxxvi,
744 4687 797 4753 2,
826 4683 1117 4757 et_t:xxvm,
1138 4684 1190 4738 6.
1263 4683 1482 4757 PACant,
1524 4700 1633 4757 vm,
1663 4684 1716 4739 6.

531 4774 606 4825 tv,
639 4752 726 4812 Μ’.
785 4752 840 4795 ⁷ω
868 4755 1028 4812 Prov.
1080 4752 1226 4820 va,
1256 4752 1342 4808 l9.
1417 4763 1444 4790 ιι
1465 4754 1587 4809 lsai.
1617 4771 1670 4820 v,
1717 4753 1804 4808 20.

2171 4613 2229 4667 δι
2259 4612 2398 4668 Tim.
2427 4629 2464 4678 ι,
2492 4611 2541 4666 5.
2623 4612 2806 4668 ePsal.
2835 4629 2962 4676 an.
2996 4614 3050 4668 6.
3130 4614 3326 4670 fEccli.
3351 4631 3428 4678 ιιι,
3463 4616 3514 4669 7.
3592 4627 3619 4664 κ
3646 4616 3792 4672 Psal.

1803 4685 1814 4721 ί
1851 4682 1990 4738 Psal.
2039 4699 2292 4750 Lxxxvm,
2343 4683 2428 4736 49.
2510 4681 2712 4738 iRom.
2757 4699 2865 4752 vni,
2905 4683 2992 4738 55.
3069 4684 3089 4721 ¹ί
3116 4684 3256 4740 Psal.
3299 4702 3388 4749 xx,
3443 4685 3498 4738 4.

3579 4686 3594 4724 ¹
3632 4688 3797 4744 Cant.

607 4851 624 4869 ⁸
651 4847 796 4903 Alias
820 4845 912 4910 26,
941 4859 1065 4917 pars
1093 4843 1158 4912 l,
1187 4858 1307 4914 qua:
1347 4851 1528 4899 autem
1554 4843 1623 4899 40
1669 4853 1803 4912 erat,
1833 4860 1975 4901 nunc
2007 4845 2095 4901 26.
2137 4845 2346 4917 Scripta
2375 4845 2516 4900 circa
2544 4861 2741 4900 annum
2769 4845 2890 4900 405.

607 4961 690 5042 (εὶ
729 4958 972 5042 Sic‘mss.
1005 4956 1217 5042 c'odices
1243 4954 1482 5042 Cluniae.
1518 4955 1775 5042 ﬁet‘Yien.
1807 4973 1938 5042 .cm'n
1980 4960 2110 5042 edit.

764 5030 852 5116 At.
1030 5026 1216 5093 Rosv.,
1265 5027 1460 5080 sanctis
1511 5027 1756 5100 fratribus
1801 5030 1856 5083 in
1887 5027 2111 5085 Domino

536 5100 742 5157 Christo
771 5099 1010 5153 salutem.
1514 5099 1517 5100 ⁷

611 5172 700 5298 (ὸέ
861 5167 1162 5224 addidimus
1189 5183 1258 5224 ex
1293 5183 1395 5251 ms.
1441 5168 1630 5225 codice
1674 5169 2012 5226 Cluniacensi
2057 5179 2112 5226 et

537 5242 626 5298 ed.
704 5241 833 5296 hilll.
869 5239 1006 5293 Ante
1031 5248 1148 5293 erat
1171 5255 1456 5298 propriam.
1483 5232 1701 5298 Tempus
1721 5257 1864 5298 erao.
1894 5251 1998 5296 etc.

537 5232 629 5299 ed.‘
659 5232 833 5298 Chilll.
869 5239 1148 5312 Anteerat
1170 5241 1456 5312 propriam.
1483 5232 1701 5312 Tempus
1721 5257 1864 5312 ergo,
1894 5251 1998 5312 etc.

550 5382 562 5394 _
613 5315 686 5396 (ελ
715 5313 793 5366 Ita
819 5320 950 5365 mss.
975 5307 1130 5364 Clun.
1159 5307 1376 5364 etVien.
1409 5324 1531 5364 cum
1559 5307 1689 5366 edit.
1713 5307 1888 5365 Cliifll.
1915 5311 2105 5375 Rosv.,

535 5399 1146 5535 vulgata,
1178 5447 1437 5535 Psalteria
1455 5448 2118 5535 ‘llornset‘CallicHlotera

539 5519 830 5590 herbarum,
854 5519 1173 5578 Psaltérium
1200 5528 1354 5574 vetus
1373 5527 1428 5574 et
1455 5519 1513 5573 S.
1543 5520 1869 5588 Augustinus
1883 5521 1936 5574 in
1957 5521 2119 5574 Com-

541 5593 809 5672 mentario
836 5607 996 5672 super
1024 5590 1280 5672 psalmos,
1312 5589 1466 5672 plerd
1484 5589 1650 5672 prati.
1758 5589 2118 5660 Hieronymus

543 5671 599 5718 et
619 5662 682 5739 β.
713 5651 1042 5739 éugusiinus:
1056 5661 1110 5714 in
1129 5651 1384 5739 Speculo,
1415 5651 1526 5739 olus
1556 5658 1732 5739 viride.

581 5730 686 5807 '(e)
716 5727 949 5811 Eri—mss.
982 5730 1139 5811 Clun.
1171 5727 1229 5811 et
1257 5727 1410 5811 Vieln.
1435 5734 1493 5781 et
1527 5728 1612 5782 ed.
1643 5728 1820 5811 Clu“).
1851 5728 2108 5811 emenda-

549 5797 721 5858 vinms
743 5800 890 5864 viret,
915 5800 1073 5866 juxta
1093 5805 1302 5857 textum
1338 5797 1583 5854 Graecum
1611 5807 1668 5855 et
1699 5798 2007 5868 Vulgatam;
2033 5800 2112 5855 sic

2216 4974 2431 5030 quoque
2458 4959 2799 5030 smpiuslegit
2825 4959 3146 5028 Augustinus
3173 4963 3226 5016 in
3256 4963 3659 5022 Commentario
3699 4982 3801 5022 su-

2202 5028 2316 5100 per
2344 5028 2596 5100 psalmos.
2631 5028 2730 5083 Ed.
2765 5029 2951 5094 Rosv.,
2979 5032 3113 5084 vivit.

2289 5097 2359 5170 (fi
2388 5099 2498 5171 Ms._
2523 5097 2892 5171 Cluniacensis
2926 5101 3098 5155 codex
3134 5119 3253 5158 cum
3289 5105 3372 5159 ed.
3409 5105 3616 5171 Chiﬂl.,
3652 5106 3806 5171 Qua-

2213 5179 2421 5248 propter
2441 5169 2531 5248 tibi
2555 5169 2704 5238 hujus
2743 5171 2977 5248 caritatis
3007 5171 3205 5248 [ructus
3234 5175 3452 5248 uberior
3481 5169 3808 5248 venietpqui

2213 5241 2390 5362 engem
2412 5241 2705 5362 uulrlteratus
2725 5241 3016 5312 pra’renisti
3038 5259 3131 5298 nos
3147 5245 3200 5298 in
3223 5246 3658 5302 benedictionibus
3678 5241 3809 5303 dial-

2214 5327 2270 5362 ee
2307 5327 2429 5362 ιηιε.
2465 5326 2496 5362 e
2523 5327 2574 5362 c.

2214 5320 2429 5376 eedtnts,
2465 5320 2574 5366 etc.

2255 5451 2265 5462 .
2289 5381 2364 5450 (ῃ)
2392 5382 2464 5462 lta
2491 5396 2620 5436 mss.
2642 5379 2798 5435 Clun.
2816 5392 2872 5462 e_t
2890 5383 3040 5462 Vien.
3069 5401 3190 5441 cum
3218 5386 3344 5442 edit.
3367 5387 3543 5462 Chiﬂl.
3574 5387 3676 5442 Alii
3703 5403 3810 5445 εο-

2216 5451 2630 5533 ιὶὶςςξ,.ρνειίςνῃ,
2658 5469 2812 5522 quam
2835 5455 2944 5533 ipse
2965 5457 3200 5533 miseras,
3230 5461 3553 5533 recepissem.

2290 5522 2366 5642 (ἦ)
2391 5521 2486 5576 Ms.
2516 5520 2684 5603 Yatic.
2709 5520 3009 5594 opposuisti.
3034 5525 3132 5581 Ms.
3165 5520 3515 5584 eodex'Clun.
3565 5537 3622 5583 et
3663 5528 3810 5584 cdit.

2290 5607 2312 5642 ιι
2354 5592 2416 5642 ι..
2447 5591 2672 5642 validum
2718 5594 2900 5642 salutis
2940 5599 3223 5642 annosuixti
3267 5609 3567 5642 rmlrmmm-
3617 5600 3810 5642 minue

2213 5590 2416 5715 (ἕξει,
2447 5591 2672 5646 validum
2718 5590 2900 5649 salutis
2940 5599 3223 5667 opposuisti
3266 5609 3570 5668 patronum,
3616 5600 3812 5655 minus

2287 5735 2346 5812 (i)
2377 5729 2686 5812 Ms..codex
2737 5733 3104 5791 Cluniacensis
3193 5737 3518 5792 sustinendis.
3569 5737 3812 5810 Vulgata

2214 5799 2377 5856 lectio
2398 5803 2591 5856 verior.
