4078 6352
279 409 386 464 369

1698 411 2024 470 EPISTOLA
2063 412 2171 470 XL.

3433 427 3540 484 570

279 535 443 580 rectos
491 532 547 580 et
564 539 689 580 vere
716 534 930 581 sanctos
957 527 1100 579 decet
1127 524 1442 579 collaudatio
1471 533 1495 560 σι
1517 563 1534 590 ,
1595 541 1707 579 non
1725 541 1853 580 vero
1883 531 1931 588 Α
1960 527 2220 592 struendi,
2270 527 2513 595 ridendi;
2562 537 2618 584 et
2663 530 2881 587 tandem
2922 533 3164 600 sanandi,
3195 533 3494 598 aedificandi
3517 581 3532 603 ,

278 621 598 687 peccatores
641 615 695 670 in
739 615 862 672 lelle
910 614 1282 670 amaritudinis
1307 615 1335 654 δ
1383 615 1610 686 positos,
1658 614 1758 670 sed
1801 624 1858 670 et

277 709 455 763 adhuc
485 723 593 762 non
623 716 730 764 tam
759 709 905 764 tenui
943 723 1084 764 nexu
1109 709 1408 778 iniquitatis
1435 709 1513 780 (a)
1542 706 1854 776 adstrictos,

277 809 337 854 ut
377 800 631 856 contritio
679 808 734 856 et
779 799 1062 856 infelicitas
1103 801 1157 855 in
1196 800 1298 856 viis
1346 801 1544 858 nostris
1595 811 1618 840 ε
1668 801 1858 857 deesse

275 891 352 960 (b)
377 891 488 958 jam
519 891 707 960 possit.

348 980 402 1033 4.
434 981 817 1036 Verumtamen
861 982 941 1038 sic
974 997 1193 1053 quoque
1221 983 1493 1039 mentibus
1539 981 1736 1037 nostris
1762 982 1859 1036 de-

274 1074 373 1126 bet
415 1071 589 1126 inesse
626 1072 911 1138 contritio,
951 1074 1108 1142 quia,
1147 1091 1236 1129 cor
1267 1073 1340 1145 (c)
1378 1071 1777 1128 contribulatum
1811 1081 1861 1125 et

275 1165 610 1218 humiliatum
638 1163 776 1219 Deus
815 1181 916 1219 non
955 1167 1153 1236 spernit
1183 1164 1233 1220 ά.
1265 1165 1334 1220 Et
1377 1166 1498 1235 quis
1531 1164 1680 1220 dabit
1706 1163 1861 1218 nobis

273 1274 379 1312 eor
422 1271 678 1312 carneum
705 1266 758 1322 ο,
807 1265 867 1311 ut
907 1257 1148 1312 emollita
1188 1272 1377 1313 sensus
1423 1255 1596 1312 nostri
1629 1254 1858 1320 duritia,

274 1348 576 1402 sentiamus
603 1347 823 1416 sagittas
851 1347 1065 1403 Domini
1094 1347 1424 1417 conligentes
1453 1347 1648 1402 timore
1674 1354 1861 1400 sancto

273 1457 474 1496 carnes
512 1449 722 1495 nostras
756 1439 812 1504 ί,
864 1448 919 1495 et
965 1441 1202 1496 excitato
1230 1441 1510 1495 vulnerum
1554 1446 1860 1494 nostrorum

272 1534 487 1597 dolore,
511 1533 766 1602 ploremus
795 1541 917 1586 ante
941 1531 1219 1586 Dominum
1247 1534 1333 1602 qui
1349 1533 1469 1603 fecit
1503 1547 1598 1585 nos
1622 1531 1686 1583 Ir?
1707 1528 1864 1584 Com-

273 1625 467 1680 modet
497 1625 650 1679 nobis
693 1623 954 1679 .leremias
982 1623 1130 1677 illum
1173 1622 1372 1677 fontem
1413 1622 1768 1692 lacrymarum
1811 1618 1858 1684 ιι,

273 1733 392 1788 quo
419 1717 559 1772 diem
583 1732 739 1772 suum
769 1724 824 1771 et
863 1716 1118 1786 populum
1160 1715 1482 1770 lamentatus
1517 1722 1638 1768 est:
1671 1728 1864 1783 super-

273 1807 471 1862 fundat
515 1807 672 1862 nobis
711 1815 766 1861 et
810 1806 977 1860 David
1023 1805 1242 1860 ﬂumina
1287 1805 1568 1860 oculorum
1615 1819 1859 1868 suorum,

1961 615 2205 685 plorandi
2244 625 2453 688 tempus
2485 616 2784 675 advenerit.
2824 617 2961 676 Ecce
2991 625 3128 677 enim
3165 641 3300 679 nunc
3340 634 3536 696 tempus

1961 706 2028 776 (f)
2049 715 2329 776 acceptum,
2351 723 2468 762 ecce
2495 725 2630 762 nunc
2661 709 2774 764 dies
2800 710 2985 766 salutis
3010 722 3061 766 ι.
3094 711 3147 766 Ν
3151 730 3218 768 os
3248 719 3535 784 pracessit,

1960 797 2070 851 dies
2095 805 2265 852 autem
2283 799 2735 870 appropinquavit.
2760 799 3076 872 Abjiciamus
3105 821 3261 874 opera
3305 807 3541 861 tenebra-

1960 905 2093 954 rum,
2123 897 2175 944 et
2201 889 2643 960 apprehendamus
2671 907 2820 945 arma
2840 893 2970 947 lucis
2998 903 3050 949 I.
3095 895 3164 950 Ut
3188 895 3287 966 ﬁlii
3307 897 3409 952 diei
3427 915 3541 952 am-

1961 979 2186 1034 bulemus
2205 981 2260 1034 in
2281 980 2511 1036 lumine:
2542 983 2785 1052 quoniam
2813 999 2930 1037 ecce
2955 984 3153 1041 inimici
3183 986 3353 1040 nostri
3381 1003 3540 1058 para-

1961 1079 2138 1124 uerunt
2155 1072 2374 1143 sagittas
2399 1073 2456 1126 in
2489 1072 2756 1143 pharetra,
2794 1082 2851 1126 ut
2879 1075 3121 1144 sagitteut
3152 1077 3207 1131 in
3252 1075 3468 1134 obscuro
3492 1087 3541 1130 ι.

1963 1160 2147 1230 Neque
2165 1163 2308 1218 enim
2337 1164 2391 1219 in
2411 1164 2530 1220 luce
2558 1164 2767 1235 positos
2793 1174 3050 1236 poterunt
3076 1168 3351 1237 sagittare,
3383 1179 3536 1226 ante-

1961 1267 2122 1322 quam
2169 1253 2364 1311 feriant
2389 1256 2716 1327 praevidendi
2749 1259 2813 1323 “,
2845 1268 2903 1314 et
2930 1261 3357 1331 prtecaventibus
3384 1260 3542 1318 facile

1963 1343 2184 1400 vitandi.
2212 1343 2398 1402 Potest
2423 1355 2605 1403 autem
2635 1347 2689 1403 in
2719 1349 2913 1405 eodem
2941 1351 3059 1422 ipso
3079 1367 3246 1422 opere
3275 1360 3544 1408 utrorum-

1962 1447 2069 1502 que
2102 1441 2406 1505 temporum
2453 1438 2592 1494 ratio
2637 1441 2908 1506 connecti,
2935 1450 2994 1496 ut
3038 1442 3129 1497 illa
3167 1444 3413 1514 superius
3456 1442 3540 1498 di-

1961 1523 2155 1578 stincta
2186 1533 2429 1594 tempora
2463 1527 2668 1596 pariter
2705 1539 3000 1599 operentur
3039 1531 3092 1586 iu
3122 1533 3295 1589 nobis.
3328 1533 3458 1587 Nam
3488 1543 3544 1588 et

1963 1613 2017 1668 in
2044 1628 2152 1682 quo
2179 1615 2532 1686 vivificamur,
2549 1620 2871 1686 occidimur;
2899 1623 2982 1677 vel
3007 1623 3060 1677 in
3086 1638 3195 1692 quo
3224 1624 3538 1688 occidimur,

1961 1702 2294 1769 vivilieamur
2319 1721 2418 1775 per
2443 1721 2567 1762 eum
2595 1709 2688 1777 qui
2707 1709 2843 1764 dixit
2887 1729 2900 1764 :
2944 1711 3057 1783 Ego
3098 1715 3353 1779 occidam,
3383 1725 3433 1770 et
3469 1719 3545 1770 vi-

1964 1811 2079 1849 vere
2098 1797 2291 1867 faciam
2308 1807 2386 1852 ιο.
2416 1798 2524 1854 Nisi
2553 1801 2695 1855 enim
2736 1818 2836 1857 nos
2864 1803 3108 1861 Christus
3127 1807 3404 1873 occiderit,
3435 1823 3543 1864 non

273 1901 478 1972 quibus
505 1901 710 1969 rigabat
733 1900 931 1955 lectum
959 1914 1114 1954 suum
1151 1897 1207 1962 i;
1237 1912 1414 1967 neque
1452 1904 1661 1951 tantum
1698 1911 1865 1965 genas
1898 1898 1942 1957 Β
1965 1885 2233 1952 νὶνεωυε;
2265 1886 2332 1942 (ιθ
2357 1903 2465 1957 quo
2509 1891 2770 1961 scriptum
2799 1903 2884 1948 est
2929 1912 2942 1948 :
2981 1895 3232 1951 Dominus
3265 1899 3544 1968 mortiﬁcat

276 1992 464 2046 vultus
487 1991 591 2057 sui,
631 1990 726 2047 sed
756 1999 811 2044 ct
839 1998 1012 2045 totum
1059 1989 1302 2059 corporis
1347 1997 1576 2043 stratum
1617 1985 1865 2058 laerymis

274 2083 675 2138 exundantibus
703 2081 1003 2152 proluebat.
1030 2079 1475 2150 Superposuerunt
1502 2079 1644 2134 enim
1668 2077 1863 2149 iniqui-

273 2183 412 2227 tates
443 2182 632 2227 nostri:
654 2182 805 2242 caput
833 2180 1086 2236 nostrum,
1115 2182 1163 2224 et
1181 2171 1539 2240 multiplicata:
1572 2177 1690 2222 sunt
1712 2184 1864 2235 super

273 2265 497 2334 capillos
527 2265 708 2333 capitis
747 2263 909 2317 nostri
944 2262 992 2327 i,
1038 2262 1162 2331 quia
1204 2262 1356 2331 plura
1382 2260 1436 2315 in
1478 2260 1634 2315 nobis
1678 2258 1867 2328 iniqui-

274 2357 407 2410 tatis
435 2372 594 2426 quam
633 2355 852 2424 justitize
893 2371 1056 2425 opera
1095 2363 1444 2410 numerantur
1478 2371 1490 2408 :
1523 2361 1578 2409 et
1614 2352 1740 2409 ideo
1782 2353 1862 2425 (ιι)

264 2455 698 2517 ίοηιριιιηιεηιηι
744 2457 794 2500 et
826 2447 1264 2502 deterioraverunt
1300 2447 1564 2502 cicatrices
1605 2454 1794 2501 nostra:
1831 2462 1864 2500 a

272 2537 414 2607 {acie
433 2537 748 2606 insipientior
776 2546 970 2591 nostrae
999 2538 1050 2603 κ,
1077 2545 1133 2592 et
1154 2538 1438 2591 inueterata
1477 2545 1596 2591 sunt
1617 2552 1737 2592 ossa
1771 2553 1864 2591 no-

275 2639 407 2692 stra,
431 2629 673 2697 quoniam
696 2629 998 2682 tacuimus“
1026 2627 1138 2683 Deo
1171 2627 1185 2665 ¹
1213 2646 1228 2694 ;
1259 2637 1314 2684 et
1341 2637 1655 2699 apponentes
1681 2628 1867 2700 iniqui-

274 2728 435 2772 tatem
471 2735 625 2788 super
677 2719 998 2790 iniquitatem
1019 2729 1083 2786 ιη,
1125 2734 1246 2774 cum
1289 2720 1648 2772 statuissemus
1689 2717 1865 2772 oculos

273 2820 482 2864 nostros
506 2810 767 2863 declinare
790 2811 843 2863 in
872 2819 1062 2864 terram
1093 2819 1145 2875 υ,
1179 2808 1333 2864 tarde
1365 2823 1461 2862 eos
1489 2817 1541 2863 et
1561 2822 1703 2876 aegre
1731 2811 1869 2862 lera-

273 2901 445 2954 eimus
474 2900 544 2952 ad
567 2910 764 2954 montes
793 2901 910 2965 Dei,
941 2901 1076 2954 unde
1096 2899 1244 2955 nobis
1268 2900 1520 2954 auxilium
1548 2901 1685 2954 venit
1707 2917 1738 2952 a
1759 2899 1870 2954 Do-

279 2991 427 3044 mino
458 2998 506 3053 ο,
539 2990 630 3058 qui
658 2991 807 3045 solus
831 2997 1024 3060 potens
1052 2999 1135 3046 est
1163 3006 1352 3044 sanare
1383 3005 1557 3044 omnes
1593 2990 1866 3060 languores

274 3089 487 3134 nostros
509 3091 557 3142 ι),
590 3089 644 3134 et
666 3083 864 3150 eripere
902 3097 995 3135 nos
1036 3082 1099 3135 de
1145 3098 1360 3153 corpore
1387 3083 1564 3136 mortis
1600 3082 1751 3152 hujus
1781 3093 1807 3132 «ι
1836 3099 1851 3133 :

271 3169 353 3238 (ε)
386 3170 477 3238 qui
501 3185 598 3239 per
626 3170 797 3224 Adam
828 3173 1123 3236 constricti,
1147 3188 1246 3242 per
1273 3171 1542 3229 Christum
1564 3174 1821 3228 solvimur
1847 3192 1860 3228 :

1963 1984 2015 2028 et
2039 1977 2263 2046 viri/icat
2275 1977 2355 2044 δδς
2385 1980 2510 2048 quia
2536 1982 2636 2036 nisi
2660 1993 2878 2052 peccata
2900 1995 3081 2041 nostra
3110 1990 3420 2058 peremerit,
3435 2005 3542 2045 non

1966 2065 2257 2123 vivificabit
2296 2070 2521 2126 animas.
2565 2071 2691 2130 Ideo
2721 2074 2797 2130 illi
2838 2079 3102 2148 propheta
3141 2079 3270 2134 dicit
3297 2099 3309 2133 :
3339 2079 3542 2135 Exsur-

1965 2158 2097 2221 rexi,
2128 2169 2178 2212 et
2221 2159 2386 2214 adhuc
2427 2171 2591 2217 tecum
2629 2181 2760 2219 sum.
2804 2165 2867 2222 Si
2899 2169 3104 2224 occidas
3134 2169 3274 2225 Deus
3302 2180 3543 2241 peccato-

1964 2263 2075 2302 rem
2106 2259 2182 2303 οο.
2214 2247 2569 2321 Exsurgemus
2593 2255 2670 2326 (g)
2710 2249 3048 2327 emergentes
3073 2259 3141 2315 de
3164 2260 3276 2317 luto
3323 2261 3466 2317 faecis
3493 2269 3547 2316 et

1965 2342 2153 2398 umbra
2196 2346 2404 2410 mortis,
2436 2356 2640 2404 etcum
2688 2351 2806 2420 ipso
2833 2366 2952 2408 esse
2993 2354 3447 2422 permanebimus,
3496 2355 3542 2409 si

1966 2433 2223 2488 occiderit
2253 2435 2304 2489 in
2333 2436 2488 2492 nobis
2525 2448 2890 2507 peccatorem,
2936 2450 2992 2497 et
3016 2442 3220 2512 justum
3243 2443 3547 2509 creaverit;

1965 2525 2087 2596 quia
2114 2526 2254 2579 ralia:
2277 2526 2579 2595 fragilitatis
2599 2538 2797 2583 nostra:
2817 2532 2871 2584 in
2899 2547 3056 2586 manu
3085 2531 3329 2596 Domini,
3359 2533 3413 2587 in
3441 2548 3550 2603 qun

1967 2615 2100 2668 hunc
2119 2616 2376 2681 humiliat,
2391 2626 2440 2670 et
2467 2617 2601 2670 hunc
2628 2617 2915 2673 exaltat“.
2942 2620 3053 2677 Nisi
3077 2621 3218 2675 enim
3243 2621 3551 2677 humilietur

1967 2705 2226 2771 exterior,
2257 2721 2363 2762 non
2393 2707 2664 2762 exaltatur
2703 2708 2946 2764 interior.
2977 2709 3055 2765 Ac
3083 2710 3162 2766 sic
3189 2711 3469 2767 occidendi
3497 2721 3552 2767 et

1970 2795 2054 2868 (ἡ)
2078 2797 2322 2862 sanandi,
2348 2799 2432 2854 vel
2454 2799 2763 2855 destruendi
2795 2809 2852 2857 et
2877 2800 3174 2859 :edillcandi
3219 2812 3463 2875 tempora
3496 2805 3551 2861 in

1969 2902 2136 2943 unum
2165 2888 2322 2943 simul
2343 2897 2541 2945 coeunt
2561 2905 2696 2961 opus
2723 2900 2801 2956 σι’,
2833 2906 2954 2947 cum
2978 2891 3270 2948 destruitur
3296 2894 3350 2949 in
3398 2895 3552 2952 nobis

1968 2979 2079 3033 vita
2108 2981 2332 3049 peccati,
2363 2989 2422 3036 ut
2459 2979 2757 3037 aedificetur
2783 2983 2890 3038 vita
2913 2984 3155 3053 justitire.
3187 2985 3373 3057 Neque
3402 2988 3548 3042 enim

1967 3071 2218 3127 aediﬁcari
2241 3081 2419 3143 potest
2447 3074 2678 3143 novitas,
2712 3075 2811 3130 nisi
2840 3075 3148 3133 destruatur
3170 3088 3427 3148 vetustas,
3457 3088 3550 3137 aut

1968 3180 2150 3220 amare
2170 3168 2211 3198 "
2236 3181 2521 3236 possumus
2562 3168 2850 3241 Christum,
2879 3172 2980 3226 nisi
3009 3189 3372 3231 mammonam
3414 3175 3547 3232 inci-

271 3261 318 3316 si
351 3268 526 3314 tamen
551 3263 626 3314 ita
649 3271 909 3330 portemus
932 3263 1146 3317 caelestis
1176 3264 1400 3317 hominis
1432 3265 1711 3334 imaginem
1732 3266 1863 3318 sicut
1891 3265 1933 3326 ο
1964 3256 2174 3325 Diaulus
2202 3259 2380 3314 Odisse
2410 3258 2485 3314 η.
2535 3259 2639 3315 Sed
2671 3277 2843 3332 neque
2885 3263 3118 3333 gaudere
3157 3261 3454 3336 poterimus
3497 3271 3550 3326 in

271 3352 470 3405 terreni
495 3353 810 3420 portavimus
841 3362 863 3389 τ
885 3369 898 3415 ;
924 3353 1026 3407 hoc
1055 3362 1158 3423 est,
1188 3354 1235 3410 si
1265 3364 1372 3409 tam
1394 3355 1436 3386 ¹³
1465 3355 1688 3411 fideliter
1707 3355 1865 3424 justi-

272 3445 367 3498 tia:
395 3453 449 3499 et
475 3444 686 3498 veritati
715 3445 1010 3501 serviamus
1030 3463 1128 3516 pro
1165 3448 1338 3504 salute
1367 3458 1572 3518 nostra,
1595 3466 1754 3520 quam
1785 3453 1866 3507 di-

271 3535 509 3604 ligenter
529 3535 800 3604 iniustitia:
827 3544 882 3591 et
912 3537 1283 3594 inbumanitati
1304 3541 1345 3572 ¹¹⁶
1369 3557 1466 3612 pro
1494 3552 1668 3598 morte
1697 3545 1866 3599 servi-

273 3627 476 3682 vimus.
508 3625 808 3680 Humanum
838 3627 979 3682 enim
1021 3645 1049 3682 a
1090 3630 1246 3686 nobis
1271 3631 1560 3702 Apostolus
1588 3634 1821 3702 postulat
1847 3652 1862 3701 ;

274 3717 732 3786 quemadmodum
761 3717 1081 3774 exhibuimus
1097 3722 1326 3775 membra
1348 3733 1525 3777 nostra
1545 3726 1731 3778 servire
1759 3726 1863 3779 ini-

275 3808 468 3878 quitati
492 3807 557 3861 ad
584 3808 855 3863 interitum
891 3817 945 3864 et
976 3810 1366 3879 confusionem,
1398 3816 1471 3868 sic
1499 3817 1677 3870 eadem
1719 3817 1866 3870 exhi-

277 3899 490 3954 beamus
510 3901 696 3955 servire
719 3902 938 3972 justitice
969 3912 990 3939 '
1021 3904 1088 3959 ad
1118 3906 1281 3959 vitam
1313 3914 1368 3960 et
1397 3907 1644 3975 gloriam.
1673 3909 1863 3965 Nobis-

281 4008 409 4048 cum
459 3993 602 4048 enim
650 3993 910 4051 habemus
951 3997 1180 4052 fructum
1233 3997 1444 4052 illorum
1493 4015 1750 4069 operum,
1801 4002 1865 4058 de

279 4084 479 4153 quibus
505 4100 646 4140 nunc
674 4085 1060 4142 erubescimus.

351 4175 408 4230 5.
449 4176 555 4230 Sed
583 4177 766 4245 gratiae
792 4178 1079 4248 Sapientiae
1108 4178 1220 4244 Dei,
1252 4179 1465 4234 Christo
1481 4180 1590 4233 Deo
1608 4183 1669 4246 ¹³,
1695 4183 1784 4251 qui
1816 4183 1866 4237 in

277 4284 339 4323 se
371 4284 598 4323 manens
639 4269 818 4322 omnia
857 4269 1099 4337 innovat,
1139 4285 1202 4324 ac
1236 4271 1461 4340 disponit
1500 4272 1674 4324 omnia
1699 4275 1868 4327 suavi-

279 4371 357 4413 ter
383 4361 428 4420 ί,
465 4368 523 4413 ut
567 4359 636 4413 sit
677 4358 913 4414 omnibus
955 4359 1107 4413 rebus
1153 4360 1308 4432 241
1341 4370 1536 4432 tempus
1565 4371 1625 4427 υς
1672 4373 1868 4435 tempus

279 4450 573 4514 occidendi,
597 4457 646 4502 et
668 4459 862 4520 tempus
899 4451 1124 4504 sanandi
1151 4467 1169 4505 :
1192 4460 1387 4522 tempus
1414 4451 1634 4517 ridendi,
1661 4463 1709 4506 et
1739 4463 1866 4507 tem-

279 4559 377 4609 pus
397 4542 668 4612 plorandi:
687 4556 884 4608 tempus
896 4545 1214 4614 wdiﬁcandi,
1230 4556 1278 4600 et
1298 4556 1490 4617 tempus
1507 4546 1798 4602 destruendi
1815 4559 1861 4604 ν.

1970 3349 2064 3405 illo
2091 3351 2294 3418 seculo,
2345 3351 2446 3407 nisi
2478 3352 2530 3406 in
2558 3352 2665 3407 isto
2706 3353 3003 3423 lugeamus,
3035 3356 3159 3426 quia
3179 3359 3266 3429 qui
3295 3359 3549 3414 seminaut

1966 3445 2018 3499 in
2046 3444 2312 3515 lacrymis,
2334 3445 2386 3500 in
2409 3445 2598 3516 gaudio
2618 3456 2805 3501 metent
2827 3457 2906 3503 κε.

2037 3539 2091 3591 6.
2131 3535 2395 3592 Convenit
2424 3553 2551 3607 ergo
2578 3553 2719 3594 nunc
2749 3537 2903 3597 nobis
2942 3542 3029 3596 illa
3060 3542 3128 3598 de
3159 3543 3380 3614 psalmis
3407 3560 3545 3616 pau-

1968 3631 2112 3701 peris
2140 3630 2282 3686 anxii
2313 3639 2367 3687 et
2397 3631 2626 3700 lugentis
2655 3635 2849 3701 oratio,
2881 3637 3124 3706 quoniam
3163 3653 3302 3708 pene
3325 3638 3436 3708 jam
3461 3641 3551 3693 de-

1966 3726 2194 3796 fecerunt
2219 3725 2346 3777 sicut
2373 3728 2540 3792 fumus
2577 3725 2687 3779 dies
2727 3728 2887 3781 nostri
2912 3724 2989 3793 ιιδ,
3014 3736 3068 3783 et
3097 3730 3323 3786 necdum
3350 3731 3550 3788 malitia

1967 3824 2149 3870 nostra
2176 3815 2389 3870 defecit.
2422 3813 2559 3871 Ecce
2587 3817 2730 3871 enim
2753 3814 2965 3874 veteres
2985 3817 3165 3890 posuit
3191 3821 3307 3878 dies
3337 3832 3550 3879 nostros

1967 3906 2258 3976 productos
2287 3921 2444 3961 cursu
2473 3909 2663 3973 (etatis,
2689 3924 2788 3964 nec
2823 3911 3026 3979 spargit
3067 3913 3216 3967 cauis
3244 3922 3426 3982 caput,
3455 3913 3551 3970 sed

1970 4001 2034 4071 (i)
2067 3999 2336 4070 perfundit
2375 4009 2623 4055 senectus
2657 4019 2668 4053 :
2703 4009 2759 4055 et
2786 4017 2885 4057 nos
2918 4002 3093 4058 adhuc
3119 4004 3306 4073 primis
3329 4012 3549 4074 reptan-

1968 4097 2076 4144 tem
2114 4087 2394 4143 conatibus
2435 4091 2533 4144 mvi
2563 4090 2817 4159 spiritalis
2854 4091 3130 4146 infantiam
3159 4093 3396 4161 parvulis
3423 4109 3551 4148 sen-

1968 4179 2115 4234 sibus
2159 4179 2397 4247 agimus;
2443 4187 2498 4232 et
2523 4179 2609 4231 vix
2641 4179 2801 4232 modo
2833 4181 2883 4234 in
2907 4181 3074 4234 verbo
3102 4180 3198 4235 Dei
3238 4181 3553 4251 incipientes

1969 4268 2132 4337 loqui,
2167 4277 2436 4337 tamquam
2477 4269 2662 4338 primis
2687 4269 2910 4326 vdbibus
2947 4271 3126 4327 anima
3152 4273 3397 4340 vagiente
3441 4289 3533 4327 mu

1971 4369 2080 4414 tam
2113 4368 2168 4416 et
2197 4358 2384 4414 rudem
2413 4361 2615 4416 sanctis
2661 4360 2880 4418 Litteris
2925 4363 3159 4432 linguam
3196 4363 3470 4431 solvimus,
3501 4374 3555 4420 ct

1968 4451 2237 4522 quondam
2267 4450 2318 4506 in
2340 4451 2532 4507 litteris
2561 4451 2909 4507 humanarum
2939 4453 3236 4509 fabularum
3277 4454 3552 4523 loquaces,

1969 4559 2110 4599 nunc
2138 4544 2192 4599 in
2214 4542 2458 4598 veritatis
2485 4541 2643 4615 242
2672 4543 3001 4600 balbutimus
3029 4545 3274 4616 eloquiis,
3306 4546 3550 4601 stultitia:

278 4630 512 4698 Abierit,
555 4647 758 4702 quasso,
777 4633 890 4702 jam
934 4634 1089 4691 nobis
1125 4643 1336 4706 tempus
1387 4635 1665 4692 occidendi
1687 4677 1702 4701 ,
1766 4639 1861 4694 de-
1896 4633 1946 4694 Ι)
1969 4637 2261 4708 sapientes,
2293 4644 2348 4692 et
2375 4636 2651 4707 sapientia:
2679 4636 2862 4703 stulti;
2894 4639 3100 4694 robusti
3126 4640 3288 4703 vitiis,
3314 4647 3369 4694 et
3394 4641 3555 4695 virtu-

351 4748 546 4803 ‘Psal.
596 4764 760 4814 xxx",
814 4748 862 4802 l.

281 4817 418 4883 120;
466 4817 604 4872 Psal.
651 4833 796 4885 cxtx,
831 4819 882 4875 4.
961 4817 1150 4874 sPsal.
1194 4836 1332 4880 χειν,
1384 4819 1435 4872 6.

282 4889 574 4952 xxxix,l5.
651 4887 675 4924 ¹ί
702 4887 840 4943 Psal.
873 4899 1074 4954 χχιιι-ιι,
1123 4888 1178 4956 6,
1212 4889 1364 4956 juxta
1404 4889 1626 4944 Psalter.
1660 4891 1817 4946 Rom.

284 4967 308 4993 ο
360 4956 503 5012 Psal.
543 4974 666 5020 cxx,
716 4958 764 5010 l.

287 5029 302 5063 ι
332 5026 462 5098 Sap.
487 5045 595 5092 vul,
630 5028 680 5082 l.

873 4899 1074 4954 χχιιι-ιι,
1123 4889 1178 4956 6,
1212 4889 1364 4956 juxta
1404 4889 1626 4944 Psalter.
1660 4891 1817 4946 Rom.

843 4959 1029 5014 PPsal.
1073 4975 1162 5020 cu,
1222 4958 1274 5023 5,
1309 4975 1416 5014 sec.
1471 4958 1698 5015 Psalter.
1750 4962 1861 5016 Rnn

1965 4893 2082 4947 ’sal.
2125 4907 2268 4953 xxxi,
2321 4889 2374 4944 5.
2449 4889 2655 4944 mPsal.
2691 4903 2873 4950 va'm.
2902 4889 2994 4944 28.
3071 4889 3257 4944 uPsal.
3315 4907 3422 4952 xvi,
3469 4891 3552 4944 ll.

1984 4963 2189 5015 qRom.
2229 4975 2323 5025 vu,
2376 4959 2464 5014 2i.
2545 4957 2762 5014 rlCor.
2817 4977 2905 5024 xv,
2936 4959 3024 5014 49.
3104 4959 3302 5015 aRom.
3355 4975 3427 5021 γι,
3468 4960 3554 5014 19.

757 5037 782 5064 ιι
823 5028 998 5085 Eccle.
1028 5043 1102 5093 ιιι,
1140 5029 1224 5083 17.
1302 5040 1324 5066 ν
1364 5028 1518 5091 lbid.,
1553 5031 1732 5086 5et4.
1811 5042 1830 5068 ι

1965 5033 2060 5086 lor.
2083 5047 2154 5093 vi,
2188 5029 2240 5083 2.
2315 5040 2342 5078 γ
2377 5029 2530 5082 Rom.
2567 5041 2690 5092 xui,
2725 5029 2809 5082 l2.
2858 5039 2910 5066 ἰ
2938 5027 3079 5084 Psal.
3106 5047 3160 5096 ι,
3191 5029 3244 5083 5.
3315 5040 3370 5066 ﬂ
3399 5030 3552 5083 Dent.

941 4747 969 4787 δ
991 4750 1108 4803 Act.
1139 4764 1248 4809 vm.
1273 4749 1360 4803 2'5.
1442 4760 1465 4789 ο
1490 4748 1631 4805 Psal.
1679 4768 1789 4816 xm,
1819 4754 1861 4806 5.

961 4817 1150 4874 sPsal.
1194 4836 1332 4875 χειν.
1384 4819 1435 4872 6.
1515 4817 1671 4875 h.ler.
1705 4837 1776 4875 Ix.
1830 4823 1849 4875 1

1965 4750 1972 4788 ι
2003 4751 2141 4806 Psal.
2188 4767 2241 4815 L,
2291 4748 2376 4803 l9.
2458 4756 2482 4786 ο
2506 4747 2700 4804 Ezech.
2748 4765 2949 4815 xxxvi,
2979 4747 3066 4803 26.
3149 4748 3170 4788 ί
3194 4749 3334 4804 Psal.
3363 4767 3550 4813 cxvm.

1965 4822 1974 4860 ί
2005 4822 2146 4875 Psal.
2187 4836 2259 4875 Vl.
2316 4819 2366 4872 7.
2447 4819 2460 4868 i
2493 4817 2632 4872 Psal.
2668 4825 2870 4875 xxxvii.
2900 4819 2950 4875 5.
2994 4835 3102 4875 sec.
3139 4816 3360 4875 LXXX:
3414 4821 3550 4875 Psal.

1594 4838 1671 4875 er.
1705 4837 1776 4884 ιιι,
1830 4837 1849 4875 1
1865 4864 1876 4876 .

1961 4822 1974 4860 ί
2005 4822 2146 4876 Psal.
2187 4836 2259 4883 Vl,
2316 4819 2366 4872 7.
2447 4819 2460 4868 i
2493 4817 2632 4872 Psal.
2668 4825 2870 4887 xxxvii,
2900 4819 2950 4882 5,
2994 4835 3102 4875 sec.
3139 4816 3360 4884 LXXX;
3414 4821 3554 4876 Psal.

2449 4899 2486 4926 ω
2513 4887 2655 4944 Psal.
2691 4903 2873 4950 va'm.
2902 4889 2994 4944 28.
3071 4888 3257 4944 uPsal.
3315 4907 3422 4952 xvi,
3469 4891 3552 4944 ll.

283 5113 451 5167 χχχιι,
487 5099 572 5152 59.
653 5097 708 5136 ω)
735 5097 750 5150 Ι
784 5098 916 5167 Reg.
943 5116 998 5158 ιι,
1025 5101 1077 5153 6.
1132 5109 1185 5138 σο
1217 5097 1356 5152 Psal.
1380 5115 1632 5165 cxxxvm,
1665 5101 1731 5154 18
1757 5111 1811 5156 et
1839 5103 1852 5154 l

1965 5100 2007 5140 Id
2050 5099 2190 5156 Psal.
2223 5115 2400 5164 Lxxiv,
2434 5098 2487 5152 8.
2537 5107 2592 5135 °°
2619 5098 2794 5154 Eccle.
2822 5114 2910 5166 ιιι,
2939 5100 2990 5154 5.
3074 5099 3126 5140 τί
3161 5097 3347 5154 Matth.
3372 5114 3442 5163 γι,
3465 5097 3555 5154 24.

283 5177 339 5213 κε
360 5166 500 5222 Psal.
534 5185 691 5233 cxxv,
725 5168 775 5234 5,
800 5166 910 5224 sec.
944 5169 1167 5226 Psalter.
1201 5168 1355 5224 Rom.
1418 5168 1474 5206 ¹ι¹³
1518 5168 1653 5224 Psal.
1687 5188 1756 5236 Cl,
1799 5171 1851 5226 4.

357 5259 435 5321 (a)
468 5257 563 5311 Ms.
592 5256 748 5311 Clun.
779 5266 832 5314 et
859 5259 944 5313 ed.
975 5259 1228 5321 Chifl‘let.,
1259 5258 1551 5314 obstrictos.

359 5325 441 5398 (l1)!
472 5326 636 5398 Abest
677 5329 790 5398 jam
820 5344 848 5382 a
878 5345 979 5384 ms.
1022 5328 1590 5398 codiceCluniacensi
1633 5339 1687 5384 et
1729 5331 1857 5386 edit.

284 5395 466 5450 Chiﬂl.
500 5396 631 5451 Tres
661 5395 790 5453 vero
818 5415 947 5453 mss.
972 5399 1186 5454 codices
1217 5397 1360 5454 Nol..
1395 5398 1566 5454 Vatic.
1597 5409 1650 5454 et
1679 5400 1857 5466 Vien.,

288 5483 393 5520 non
405 5505 420 5529 ,
449 5467 730 5522 mendose.

362 5535 434 5658 (σθ
462 5535 550 5591 Sic
578 5554 715 5591 mss-
734 5537 1079 5600 Clun.,Vien.
1105 5545 1158 5590 et
1179 5537 1266 5591 ed.
1291 5536 1523 5592 Cbilllet.
1553 5537 1628 5592 lta
1658 5547 1712 5593 et
1741 5539 1865 5594 alibi

362 5622 402 5658 λυ
427 5607 569 5658 inus-
597 5609 753 5658 enist.
784 5607 852 5658 49
881 5607 945 5658 ad
973 5607 1278 5658 Macariuvn.
1313 5624 1459 5658 num.
1505 5606 1588 5658 15.
1621 5618 1675 5658 et
1703 5610 1860 5658 enist-

288 5604 570 5677 [’a'ulinus,
597 5609 753 5677 epist.
784 5607 852 5660 49
881 5607 945 5661 ad
973 5607 1278 5677 Macariuni,
1313 5624 1459 5677 num.
1505 5606 1588 5671 15,
1621 5618 1675 5662 et
1703 5610 1860 5676 epist.

291 5673 445 5728 50ml
480 5673 859 5745 Augustinum,
906 5693 1047 5731 num.
1091 5675 1143 5729 2.
1191 5675 1290 5729 Ed.
1333 5675 1518 5740 llosv.,
1551 5694 1639 5731 cor
1675 5673 1866 5733 contri-

291 5753 514 5816 tum.....
545 5758 648 5802 non
678 5749 940 5816 despiciet.

365 5815 441 5884 (ά)
471 5816 546 5869 lla
578 5815 830 5869 Psalteria
866 5817 1046 5882 Rniu.,
1067 5815 1312 5870 llebraic.
1346 5823 1395 5866 et
1430 5821 1601 5882 vetus,
1630 5818 1722 5870 SS.
1748 5819 1870 5871 Am-

298 5883 526 5948 brosius,
582 5887 932 5957 Hieronymus
973 5899 1023 5940 ct
1057 5886 1381 5954 Augustinus
1426 5885 1475 5938 in
1518 5901 1864 5942 cmmnculnr.

296 5969 460 6014 super
482 5957 736 6013 ιιετιιιιιος.

2037 5260 2105 5334 (e)
2122 5259 2246 5334 Mss.
2259 5258 2470 5334 codices
2481 5258 2717 5334 Cluniae.
2733 5269 2788 5314 et
2801 5259 2951 5334 Vien.
2965 5305 2979 5328 ,
2995 5279 3115 5334 qua.
3140 5259 3557 5334 Ms._Nol._,_quia.

2038 5328 2106 5402 (fi
2295 5329 2509 5384 codices
2532 5328 2772 5384 Cluniae.
2796 5338 2852 5385 et
2874 5328 3026 5385 Vicn'.
3047 5345 3168 5386 cum
3199 5331 3326 5384 edit.
3353 5329 3554 5396 Chilll.,

1965 5400 2294 5470 acceptabile.

2037 5474 2113 5543 lg)
2146 5470 2268 5524 Mss.
2291 5469 2431 5543 Nol.,
2459 5467 2630 5543 Yatic.
2656 5478 2711 5523 et
2731 5469 2894 5543 Vien.
2917 5484 3036 5543 eum
3065 5469 3558 5543 egit._l{osv.,enim

1967 5537 2174 5614 gentes;
2200 5540 2342 5614 unde
2363 5540 2672 5614 conjectura
2695 5547 2776 5593 est
2791 5539 3068 5614 scripsisse
3092 5537 3558 5614 Paulinumemer-

1970 5607 2157 5682 pentesq
2175 5612 2241 5682 de
2267 5611 2372 5664 luto
2405 5607 2594 5682 :quod
2625 5626 2744 5663 cum
2788 5607 3052 5662 Sacchiuo
3082 5616 3136 5661 et
3164 5608 3558 5682 Cbiflletionsic

1971 5675 2388 5762 emendavimus.
2421 5675 2586 5734 Abest
2628 5694 2730 5733 vox
2760 5688 2934 5749 gentes
2977 5691 3008 5730 a
3048 5693 3149 5732 ms.
3206 5678 3390 5734 codice
3433 5675 3556 5736 Clu-

1975 5765 2235 5805 macensn.

2048 5820 2124 5889 (h)
2167 5820 2261 5875 Ms.
2287 5817 2442 5874 Clun.
2475 5828 2528 5873 et
2551 5818 2677 5872 edit.
2702 5817 2900 5889 Chilll.,
2923 5818 3236 5889 riui/icundi.

2052 5887 2114 5956 (ἱ)
2152 5890 2227 5944 lla
2277 5906 2400 5945 cum
2453 5903 2578 5943 mss.
2624 5888 2894 5944 codicibus
2923 5887 3077 5940 Clun.
3111 5899 3166 5944 et
3207 5892 3356 5949 Vien.
3389 5897 3542 5951 ρειῑιία

1982 5958 2154 6013 Cliil'll.
2188 5960 2322 6016 Ante
2353 5959 2542 6014 eratin
2573 5957 2696 6013 cdil.
2733 5959 2919 6014 Rosv..
2950 5958 3234 6011 profundit.
