4078 6352
517 349 623 413 571
670 406 675 407 ,

1653 355 1712 411 S.
1753 355 2027 414 PAULINI
2062 355 2310 415 NOLANl
2346 357 2647 417 EPISCOPI

3656 358 3777 418 572

518 474 666 533 tibus
678 471 865 533 adhuc
882 466 1084 537 teneri;
1112 468 1203 527 vix
1239 474 1501 525 nascente
1526 468 1593 525 ad
1616 467 1879 540 justitiam
1895 471 2089 527 volun—
2117 475 2169 536 Α
2197 482 2420 544 tentem,
2440 476 2635 546 opibus
2653 484 2841 546 graus:
2858 485 3211 548 pauperatum
3234 476 3331 551 (V.
3351 491 3444 549 ep.
3457 473 3553 548 32,
3572 494 3631 535 ιι.
3649 476 3778 552 ﬁl),

519 571 632 620 tate
659 564 883 629 tirones,
910 569 966 617 et
991 567 1270 617 consumto
1292 560 1355 614 in
1379 561 1616 631 peccatis
1643 567 1803 617 aetate
1822 564 2086 619 veterani.

518 656 840 729 Aliquandiu
867 655 1030 719 enim,
1072 660 1131 707 ut
1152 660 1208 707 tu
1235 652 1430 708 Sancte
1447 652 1727 709 benedicta
1751 652 1920 711 frater
1939 656 2092 710 novi-

517 748 610 815 sti,
639 748 695 801 in
721 748 825 800 hoc
852 743 1034 802 seculo
1060 743 1292 799 volutari
1315 743 1729 800 inveteravimus
1754 745 1896 800 inter
1922 745 2093 799 inimi-

517 853 611 893 cos
655 844 899 902 nostros;
931 844 1092 906 atque
1136 836 1340 891 utinam
1383 836 1860 891 inveteraverimus
1906 835 2089 891 inimi-

516 931 614 995 cis,
637 937 694 983 ut
722 928 812 982 illa
836 928 950 997 jam
988 928 1144 983 nobis
1172 929 1360 983 otiosis
1376 928 1607 998 spatiosi
1628 928 1971 984 itineris'vita
1997 929 2092 984 de-

513 1017 720 1082 fecerit,
752 1025 815 1073 et
832 1027 1102 1073 renovetur
1129 1017 1185 1073 in
1203 1016 1441 1084 Christo,
1464 1019 1600 1072 sicut
1622 1018 1835 1088 aquilae,
1852 1018 2090 1089 juventus

513 1116 691 1163 nostra
715 1118 739 1145 ι·
763 1125 782 1173 ;
810 1116 872 1162 ut
888 1108 1057 1163 'senio
1085 1108 1283 1163 veteris
1308 1107 1546 1163 hominis
1568 1114 1845 1174 exuamur,
1868 1109 2089 1161 induen-

513 1207 588 1253 tes
610 1205 806 1252 novum
819 1198 991 1266 illum,
1011 1200 1096 1271 qui
1114 1199 1392 1256 secundum
1416 1197 1583 1251 Deum
1601 1208 1801 1252 creatus
1820 1206 1896 1252 est
1910 1196 1960 1252 δ.
1983 1196 2091 1252 Sed

513 1288 609 1357 qui
634 1303 735 1344 nec
760 1290 1014 1362 pellicano
1040 1287 1334 1342 solitudinis
1353 1287 1527 1344 adhuc
1545 1289 1587 1321 ⁸⁸
1613 1288 1805 1343 similes
1825 1302 1936 1343 esse
1960 1302 2088 1357 pos-

513 1391 721 1442 sumus,
750 1378 964 1446 quando
992 1379 1095 1435 erit
1122 1385 1183 1431 ut
1216 1375 1510 1436 elﬁciamttr
1536 1377 1677 1432 sicut
1716 1378 2016 1448 nyctieorax
2047 1377 2088 1410 ⁸⁸

512 1471 571 1525 in
611 1472 870 1526 domicilio
904 1482 925 1509 ο
952 1471 974 1524 ?
999 1468 1223 1536 Quando
1251 1470 1605 1525 excitahimur
1629 1469 1683 1525 in
1705 1483 1829 1523 eum
1864 1467 2091 1525 excelsa:

512 1562 709 1618 mentis
735 1561 996 1629 vigorem,
1019 1570 1078 1615 ut
1103 1560 1329 1631 spiritali
1357 1560 1635 1615 alacritate
1658 1559 1922 1624 volucres,
1942 1562 2015 1628 (a)
2036 1564 2093 1613 et

513 1652 568 1705 in
596 1651 704 1706 alta
732 1652 987 1706 virtn’tum
1026 1652 1189 1706 ardua
1225 1666 1400 1721 penna
1425 1652 1663 1720 pervecti
1702 1651 1968 1721 possimus
2005 1650 2091 1705 di-

513 1758 637 1799 cere
665 1760 678 1797 :
719 1742 960 1813 Vigilaui,
989 1751 1038 1796 et
1059 1744 1227 1813 {actus
1249 1758 1362 1796 sum
1389 1744 1520 1796 sicut
1546 1757 1725 1811 passer
1747 1741 1822 1812 (ὁ)
1852 1741 2086 1812 singula-

2192 573 2249 620 et
2274 567 2487 621 conscia
2525 567 2845 623 miserorum
2885 567 3129 638 lapsuum
3155 568 3317 644 2&3
3341 577 3559 638 mente,
3583 568 3780 639 gloria

2189 668 2302 709 suae
2337 653 2533 709 damna
2586 656 2885 724 lugentem,
2921 664 2977 711 et
3003 657 3346 714 alliictatione
3373 659 3669 715 miserabili
3693 660 3778 715 la-

2190 743 2472 800 borantem
2498 745 2550 800 in
2572 746 2771 815 gemitu
2791 760 2917 812 suo,
2935 755 2992 802 et
3011 747 3079 802 de
3098 749 3328 817 propria:
3346 750 3526 809 carnis
3550 751 3778 810 interitu

2192 834 2354 889 vitam
2384 836 2577 890 anima:
2612 838 2853 907 recipere
2890 838 3149 893 nitentem
3170 879 3185 904 ,
3216 854 3421 909 perque
3460 841 3778 897 orationum

2191 926 2458 997 impendia
2484 968 2500 992 ,
2531 936 2586 982 et
2615 929 2693 998 (ά)
2716 929 3012 997 gemituum
3052 929 3301 998 suli'ragia
3326 971 3342 998 ,
3372 932 3663 988 ambitiosa
3691 931 3778 987 la-

2190 1031 2491 1087 crymarum
2537 1018 2828 1077 vulneratae
2881 1019 3070 1075 salutis
3114 1019 3349 1077 remedia
3412 1031 3773 1089 querentem.

2190 1105 2362 1174 Quam
2399 1118 2525 1179 apte
2569 1110 2873 1180 huiusmodi
2914 1127 3119 1182 pauper
3152 1119 3207 1166 et
3233 1122 3487 1183 peccator
3514 1112 3779 1186 Egyptian

2189 1204 2285 1252 aut
2326 1206 2589 1253 nocturna
2633 1200 2749 1254 avis
2775 1200 2972 1256 dicitur
3002 1218 3015 1254 :
3040 1202 3114 1273 (ε)
3141 1201 3246 1268 Qui
3285 1203 3428 1258 enim
3469 1219 3532 1260 se
3577 1205 3649 1259 ad
3675 1205 3776 1260 de-

2189 1283 2365 1342 ﬂenda
2411 1294 2470 1342 et
2504 1289 2810 1345 conﬁtenda
2844 1300 3065 1361 peccata
3105 1307 3394 1348 secernens
3430 1309 3463 1348 a
3495 1296 3780 1351 communi

2188 1373 2441 1432 Ecclesia:
2481 1388 2623 1434 cmtu
2650 1381 2789 1435 intra
2817 1382 3142 1450 ergastulum
3168 1383 3373 1439 cellula:
3397 1400 3508 1439 sum
3545 1395 3782 1444 tumstus

2190 1466 2441 1535 includit,
2472 1477 2528 1524 et
2546 1469 2829 1540 elongatur
2854 1471 2923 1525 ab
2952 1471 3058 1527 hoc
3082 1473 3265 1527 seculo
3294 1473 3504 1542 fugiens
3524 1516 3540 1542 ,
3571 1484 3632 1528 ut
3658 1491 3777 1530 ma-

2189 1566 2318 1614 neat
2346 1559 2415 1613 in
2461 1559 2748 1615 solitudine
2786 1560 3207 1631 deplorationis,
3259 1570 3315 1617 et
3352 1564 3463 1619 illic
3514 1564 3777 1621 adversus

2188 1651 2368 1706 carnis
2394 1665 2505 1706 sua:
2536 1651 2801 1710 desideria
2827 1652 3101 1723 conﬂigat,
3136 1663 3191 1710 et
3217 1656 3273 1710 in
3292 1665 3517 1725 peccata
3538 1673 3636 1712 sua
3659 1657 3775 1728 spi-

2188 1739 2333 1794 ritali
2355 1740 2649 1795 certamine
2671 1741 2998 1796 conterenda
3025 1743 3333 1813 depugnet,
3363 1756 3514 1800 certe
3532 1756 3592 1801 et
3617 1747 3773 1803 habi-

511 1834 587 1888 ris
624 1848 778 1903 super
816 1841 1002 1888 tectum
1021 1830 1072 1886 ἀ.
1103 1832 1393 1888 Videamus
1416 1832 1521 1887 hoc
1549 1832 1669 1886 loco
1691 1870 1705 1895 ,
1736 1832 1780 1886 si
1808 1831 1999 1900 placet,
2033 1831 2086 1885 in
2118 1837 2163 1898 Β
2190 1832 2368 1887 taculo
2395 1831 2598 1903 pariter
2626 1840 2681 1886 et
2707 1833 2893 1902 prailio
2936 1834 2997 1887 lit
3017 1835 3202 1888 similis
3230 1834 3486 1905 pellicano
3527 1836 3768 1889 solitudi-

512 1939 675 1994 quam
704 1924 970 1979 rationem
996 1923 1110 1979 haec
1137 1923 1315 1978 avium
1335 1934 1552 1990 genera,
1576 1923 1758 1978 ethoc
1780 1922 2087 1977 ordine'sub

511 2029 743 2086 persona
787 2014 1041 2085 pauperis
1075 2014 1221 2069 anxii
1247 2055 1263 2078 ,
1297 2012 1349 2067 id
1375 2022 1489 2078 est,
1517 2013 1845 2082 paenitentis,
1877 2012 1944 2067 ad
1970 2013 2087 2068 ino-

512 2107 654 2177 piam
697 2107 813 2177 spei
842 2121 940 2176 per
965 2105 1200 2176 aliquem
1231 2106 1434 2176 lapsum
1464 2106 1707 2170 redacti,
1741 2105 2089 2175 propheticus

509 2210 690 2255 sermo
709 2196 975 2266 disponat.
1005 2196 1259 2262 Fertis",
1286 2204 1348 2250 ut
1370 2196 1583 2265 opinor,
1605 2195 1985 2263 loquacitatem
2006 2195 2088 2248 in-

509 2288 767 2358 sipientite
793 2302 950 2355 mete,
978 2303 1141 2358 quam
1169 2287 1236 2343 ad
1264 2295 1595 2343 contemtum
1623 2294 1859 2341 vestrum
1884 2288 1925 2318 ³⁸
1954 2300 2085 2356 pro-

509 2378 766 2435 vocastis.
797 2378 991 2448 Accepi
1037 2378 1181 2435 enim
1210 2392 1240 2433 a
1268 2376 1505 2446 quodam
1549 2385 1736 2432 sancto
1774 2376 2087 2433 doctissimo

511 2467 626 2523 viro
653 2465 886 2538 (Ruﬁno
908 2467 929 2538 )
955 2476 1012 2523 et
1061 2468 1337 2524 carissimo
1363 2467 1493 2521 mihi
1511 2507 1526 2532 ,
1556 2468 1649 2536 qui
1679 2483 1786 2523 non
1810 2468 1982 2524 solum
2010 2468 2087 2523 ιθ.

507 2557 705 2628 gendo,
733 2558 829 2615 sed
862 2560 1026 2614 etiam
1054 2557 1444 2628 peregrinando
1481 2557 1647 2612 multa
1674 2558 1942 2626 cognovit,
1966 2558 2084 2628 pel-

507 2648 739 2713 licanum
764 2664 919 2706 avem
947 2665 1066 2705 esse
1106 2650 1158 2705 in
1187 2648 1442 2721 Egypto,
1483 2648 1569 2704 vel
1597 2649 1702 2704 illis
1722 2649 1875 2717 juxta
1913 2649 2085 2719 parti-

507 2738 609 2799 bus
636 2740 888 2796 usitatam
912 2741 1175 2811 proximis
1195 2740 1318 2797 Nilo
1346 2741 1551 2796 llumini
1591 2740 1817 2795 desertis
1836 2741 2082 2808 uberare,

508 2831 851 2901 serpentibus
886 2832 1037 2887 ‘vesei
1061 2872 1075 2897 ,
1107 2830 1179 2903 (c)
1211 2832 1263 2887 in
1291 2847 1428 2902 quos
1455 2832 1758 2888 dimicando
1787 2833 2084 2902 prmvalue~

506 2922 597 2981 rit.
622 2920 764 2991 Ergo
792 2930 994 2991 pugnat
1030 2933 1089 2976 ut
1121 2923 1321 2989 vincat,
1350 2930 1406 2977 et
1426 2923 1566 2977 victa
1589 2923 1813 2979 moritur
1846 2923 2084 2977 :‘victrix

505 3028 637 3077 vero
694 3021 750 3071 et
802 3013 982 3071 evadit
1035 3021 1301 3077 mortem,
1369 3020 1424 3069 et
1473 3013 1700 3083 acquirit
1753 3014 2085 3071 alimoniam.

508 3104 660 3172 Quod
706 3112 886 3161 autem
933 3105 1242 3175 nycticorax
1290 3105 1547 3173 scriptum
1587 3112 1704 3168 est,
1753 3106 2081 3175 nycticoram

2188 1923 2269 1977 nis
2290 1961 2306 1987 ,
2338 1929 2394 1976 et
2432 1921 2576 1976 illam
2621 1922 2892 1978 inimicam
2931 1924 3271 1992 serpentibus
3306 1925 3583 1980 volucrem
3608 1967 3624 1991 ,
3666 1926 3767 1997 ipsi

2186 2013 2399 2068 diabolo
2420 2015 2465 2046 "
2512 2021 2568 2069 et
2593 2015 2921 2084 principibus
2955 2016 3313 2082 tenebrarum,
3346 2018 3400 2071 in
3436 2020 3677 2087 peccatis
3712 2027 3770 2075 et

2186 2104 2600 2172 cogitationibus
2635 2106 2811 2161 carnis
2839 2106 3225 2176 expugnandis,
3256 2107 3519 2162 dimicans
3544 2108 3767 2164 aemula-

2186 2203 2291 2250 tur.
2323 2194 2391 2249 Et
2430 2196 2477 2251 si
2522 2196 2577 2251 in
2619 2212 2685 2253 eo
2731 2211 2906 2267 agone
2949 2199 3304 2269 superaverit,
3341 2199 3491 2253 vivet
3529 2200 3763 2256 hostiam

2185 2302 2401 2343 suorum
2430 2296 2701 2357 superstes
2725 2306 2738 2341 :
2762 2303 2942 2345 escam
2968 2288 3036 2344 de
3060 2289 3347 2344 victoria"
3370 2306 3470 2345 sua
3498 2291 3601 2345 sibi
3624 2306 3767 2360 quae.-

2184 2377 2275 2441 rit,
2305 2377 2429 2446 quia
2456 2377 2581 2432 vita:
2606 2378 2855 2432 meritum
2876 2416 2893 2443 ,
2926 2378 3225 2453 (n'peccati
3271 2388 3329 2435 et
3362 2380 3566 2435 diaboli
3593 2382 3765 2437 victor

2186 2467 2432 2536 acquirit,
2462 2481 2623 2536 quem
2643 2482 2766 2524 cum
2786 2468 2932 2523 omni
2959 2469 3211 2538 nequitiae
3237 2469 3493 2540 spiritalis
3521 2472 3765 2527 exercitu

2186 2556 2239 2612 in
2266 2555 2558 2625 perniciem
2580 2564 2816 2612 nostram
2835 2559 2997 2614 variis
3014 2559 3218 2614 artibus
3244 2574 3462 2630 serpere
3489 2560 3761 2630 quotidia-

2184 2649 2268 2705 nis
2295 2649 2566 2704 interioris
2591 2651 2763 2707 nostri
2794 2651 3046 2731 periculis
3074 2651 3400 2721 experimur.
3427 2650 3537 2707 Sed
3564 2652 3764 2720 gratias

2183 2739 2323 2806 Deo,
2351 2741 2444 2810 qui
2469 2741 2617 2796 dedit
2662 2741 2817 2797 nobis
2850 2742 3131 2815 victoriam
3159 2758 3256 2813 per
3282 2742 3462 2798 Jesum
3490 2740 3763 2799 Christum

2182 2829 2466 2895 Dominum
2485 2838 2750 2895 nostrum,
2768 2838 2827 2885 ut
2844 2847 2997 2902 super
3014 2831 3246 2903 aspidem
3267 2840 3315 2884 et
3336 2830 3635 2886 basiliscum
3656 2849 3762 2886 am-

2184 2919 2429 2984 bulemus,
2457 2930 2506 2973 et
2531 2921 2881 2975 conculcemus
2918 2920 3114 2975 leonem
3140 2930 3190 2975 et
3234 2921 3510 2975 draconem
3545 2932 3594 2977 °.
3621 2920 3762 2990 Ergo

2183 3011 2424 3066 adversus
2462 3010 2765 3079 hujusmodi
2793 3012 2871 3081 (g)
2899 3013 3156 3082 principes
3186 3012 3508 3066 tenebrarum
3555 3026 3762 3083 pugne-

2183 3116 2334 3165 mus,
2369 3100 2474 3157 hoc
2501 3108 2583 3157 est
2599 3140 2615 3166 ,
2641 3101 2915 3157 hominum
2959 3110 3303 3172 peccatorum
3328 3111 3599 3172 potentes,
3625 3119 3763 3173 quos

507 3210 630 3263 esse
652 3194 832 3253 verius
859 3194 1168 3260 asserebat;
1209 3193 1368 3262 idque
1395 3192 1659 3263 probabili
1698 3193 1906 3248 ratione
1933 3192 2081 3249 vide-
2108 3188 2153 3252 C
2184 3176 2470 3261 Apostolus
2498 3191 2747 3247 tenebras
2774 3191 2904 3247 dicit
2930 3191 2971 3267 ξ,
2998 3207 3118 3246 cum
3140 3191 3332 3260 quibus
3368 3192 3524 3247 nobis
3571 3193 3760 3246 aemula

504 3287 663 3343 batur
691 3287 1016 3353 ostendere;
1069 3302 1193 3342 cum
1220 3286 1365 3340 illam
1393 3299 1548 3339 avom
1577 3285 1682 3340 hoc
1708 3285 1829 3341 loco
1855 3286 2083 3356 positam

506 3377 729 3442 diceret,
754 3370 913 3447 quam
943 3377 1274 3447 appellamus
1297 3383 1570 3442 noctuam,
1598 3375 1722 3445 quia
1752 3384 1961 3431 secreto
1981 3392 2081 3431 no-

507 3466 682 3523 ctibus
706 3475 897 3523 cantus
921 3475 1170 3522 exerceat
1207 3474 1265 3521 et
1290 3466 1496 3521 volatus
1521 3482 1534 3531 ;
1566 3472 1621 3520 et
1648 3465 1975 3522 obscuritate
2004 3474 2084 3521 te-

507 3556 940 3625 nebrarum,qua
959 3555 1071 3610 fere
1092 3563 1285 3611 cuncta
1304 3556 1536 3625 caligant
1556 3556 1828 3622 animalia,
1853 3557 2083 3617 lumine.

508 3653 634 3699 tur:
664 3644 804 3701 unde
833 3646 1106 3716 nycticora
1133 3646 1309 3716 aptius
1337 3661 1496 3717 quam
1516 3647 1828 3718 nycticorax
1853 3647 2078 3704 dicitur:

508 3734 634 3802 quia
680 3735 1012 3805 nycticorax,
1064 3742 1357 3790 nocturnus
1381 3750 1597 3791 corvus
1643 3735 2015 3808 interpretatio
2036 3739 2080 3769 ²²

506 3834 623 3893 cst;
652 3825 926 3897 nycticora
974 3832 1153 3880 autem
1175 3864 1191 3890 ,
1239 3833 1394 3880 nocte
1417 3825 1640 3892 videns;
1697 3842 1765 3883 eo
1792 3828 1935 3896 quod
1978 3844 2080 3899 pu-

504 3917 637 3992 pilla
691 3916 857 3974 oculis
892 3919 1012 3994 κόρη
1076 3932 1106 3970 a
1154 3915 1355 3972 Grzccis
1415 3929 1656 3972 vocetur.
1709 3916 1849 3973 Nihil
1902 3928 2080 3974 autem

507 4014 763 4062 noctuam
799 4006 972 4065 simile
1017 4006 1164 4062 corvi
1212 4006 1413 4061 habere
1455 4005 1794 4063 manifestum
1817 4016 1918 4066 est.
1949 4008 2082 4065 Por-

504 4112 568 4153 ro
606 4098 945 4167 perspicuum
994 4113 1150 4160 eam,
1198 4105 1257 4152 ut
1303 4096 1434 4163 dixi,
1489 4098 1627 4154 sicut
1666 4100 1921 4169 quasdam
1949 4103 2081 4158 alias

505 4202 651 4251 aves,
696 4189 867 4243 noctis
896 4189 948 4242 in
997 4187 1232 4244 tenebris
1278 4188 1447 4257 magis
1493 4203 1735 4254 cernere,
1792 4198 1848 4245 et
1899 4191 1951 4246 in
1999 4193 2081 4247 lu-

505 4278 648 4334 mine
676 4280 959 4344 cmcutire,
988 4286 1202 4335 noctem
1228 4278 1419 4335 diebus
1448 4280 1590 4349 pati,
1622 4280 1795 4353 lucem
1834 4284 2081 4340 noctibus

508 4380 788 4438 usurpare.

577 4462 629 4516 7.
669 4460 821 4518 Nunc
844 4477 1001 4534 ergo,
1022 4463 1289 4521 benedicti
1316 4465 1451 4532 mei,
1474 4465 1654 4521 videte
1692 4468 1922 4537 qualiter
1966 4468 2079 4525 haec

2184 3297 2283 3355 pro
2310 3281 2481 3336 salute
2509 3284 2761 3336 contentio
2788 3291 2883 3348 est,
2916 3291 3067 3337 orate
3096 3289 3155 3335 ut
3181 3281 3281 3337 hos
3306 3290 3606 3350 serpentes,
3631 3282 3757 3336 dum

2185 3374 2239 3428 in
2269 3372 2420 3427 istius
2461 3371 2643 3426 mundi
2684 3371 2902 3428 deserto
2948 3372 3190 3441 agimus,
3222 3373 3469 3441 exemplo
3498 3373 3638 3428 illius
3679 3374 3758 3442 (li)

2182 3462 2430 3518 salutaris
2455 3463 2595 3516 alitis
2618 3462 2885 3518 tollamus.
2910 3461 3113 3530 Quibus
3135 3463 3364 3531 obtritis,
3388 3472 3443 3518 et
3472 3479 3571 3533 per
3592 3464 3763 3519 victo-

2181 3556 2317 3615 riam
2343 3555 2632 3622 devoratis,
2655 3555 2806 3624 quasi
2829 3554 3065 3610 discussa
3085 3555 3227 3610 nube
3256 3554 3622 3621 tenebrarum,
3646 3554 3763 3609 illu-

2182 3646 2473 3702 minabitur
2506 3654 2688 3700 noster
2716 3645 3018 3712 interior”,
3048 3653 3102 3700 et
3142 3654 3267 3700 tunc
3295 3644 3387 3698 iiet
3416 3645 3566 3715 quasi
3593 3644 3763 3714 ηνςιὶέ

2181 3754 2303 3791 cora
2355 3737 2410 3790 in
2457 3735 2744 3799 domicilio,
2790 3736 2895 3791 hoc
2930 3744 3045 3803 est,
3093 3736 3147 3790 in
3187 3735 3347 3789 domo
3394 3733 3636 3799 Domini,
3701 3745 3761 3787 ut

2181 3829 2323 3883 inter
2349 3826 2506 3896 hujus
2533 3827 2697 3882 seculi
2736 3827 2983 3882 tenebras
3030 3833 3242 3881 acutam
3287 3825 3456 3879 aciem
3487 3824 3761 3879 defaecata:

2181 3919 2376 3975 mentis
2398 3912 2658 3983 intendat,
2683 3926 2738 3972 et
2777 3919 2945 3989 possit
2973 3916 3263 3973 secundum
3286 3915 3598 3986 prophetam
3625 3917 3759 3971 tali-

2179 4008 2280 4063 bus
2308 4008 2477 4064 oculis
2525 4010 2586 4080 (i)
2627 4008 2914 4063 luminatus
2965 4007 3143 4062 dicere
3175 4025 3187 4059 :
3220 4003 3354 4071 Quia
3394 4008 3617 4062 tenebrm
3652 4026 3756 4062 non

2181 4100 2586 4156 obscurabuntur
2611 4117 2643 4154 α
2670 4117 2771 4164 me,
2799 4109 2847 4153 et
2874 4098 3134 4154 nox‘sicut
3162 4099 3269 4154 dies
3308 4099 3686 4154 illuminabitur
3707 4110 3751 4155 ε.

2180 4188 2336 4258 Quod
2382 4190 2567 4258 utique
2608 4189 2688 4256 lit,
2711 4205 2831 4245 cum
2863 4197 3086 4259 utraque
3114 4189 3407 4244 substantia
3451 4190 3505 4243 in
3540 4189 3756 4245 homine

2179 4282 2280 4337 sibi
2304 4280 2570 4350 congruit,
2610 4289 2665 4334 ut
2701 4279 2862 4335 etiam
2888 4296 3017 4336 caro
3046 4290 3312 4335 terrenam
3336 4280 3573 4335 inliciata
3605 4288 3758 4336 natu-

2179 4390 2294 4431 ram
2325 4373 2393 4429 ad
2421 4374 2610 4428 animae
2649 4370 2993 4428 concordiam
3024 4370 3246 4442 spiritali
3285 4370 3479 4439 migret
3516 4370 3711 4427 ali'ectu
3740 4390 3752 4424 :

2181 4476 2237 4522 et
2263 4476 2387 4521 tunc
2414 4480 2518 4519 nox
2546 4465 2676 4517 sicut
2715 4462 2824 4517 dies
2854 4460 2918 4535 (ᾖ)
2955 4461 3347 4525 illuminabitur,
3392 4476 3510 4515 cum
3536 4469 3588 4514 et
3615 4476 3754 4525 caro,

507 4552 622 4607 avis
647 4561 905 4625 congruat
933 4554 1001 4610 ad
1018 4569 1308 4626 pauperem
1346 4556 1750 4621 mmstum,'hoc
1780 4566 1883 4622 est,
1911 4559 2082 4630 pmni-
2106 4552 2157 4615 D
2181 4561 2319 4615 sicut
2346 4556 2543 4621 anima,
2573 4553 2827 4626 spiritalis
2852 4551 3129 4609 efﬁcietur.

580 4658 900 4751 tim-£31321,
942 4661 995 4715 7.
1074 4662 1105 4751 δ’
1141 4660 1337 4731 Ephes,
1394 4677 1476 4724 ιν,
1506 4660 1599 4720 24.
1671 4676 1693 4703 ο
1738 4664 1876 4720 Psal.
1907 4683 1976 4733 Ct,
2004 4668 2064 4729 7..

2195 4668 2353 4735 lbid.,
2376 4667 2428 4719 8.
2508 4677 2529 4703 ε
2560 4663 2699 4719 Psal.
2734 4680 2818 4728 xc,
2854 4663 2938 4717 1⁸5.
3017 4659 3037 4699 τ
3058 4661 3258 4731 Ephes.
3283 4678 3354 4721 γι.
3386 4662 3473 4717 12.
3563 4661 3754 4721 8Psal.

508 4745 763 4795 cxxxvut,
791 4729 879 4785 l2.

578 4832 660 4912 ia)
684 4845 973 4919 vulgatam
982 4845 1280 4919 retinemus
1299 4844 1599 4919 lectionem,
1623 4862 1731 4901 non
1752 4849 1892 4904 enim
1910 4849 2088 4919 placet

506 4930 636 4970 mss.
665 4913 908 4971 codicum
935 4915 1091 4969 Clnn.
1122 4915 1343 4969 etVien.
1368 4913 1548 4982 lectio,
1566 4927 1615 4970 et
1635 4919 1688 4970 in
1717 4920 1825 4972 alta
1847 4913 2085 4974 uirtutum

507 4986 671 5040 arduo
692 4985 795 5067 (ine
815 4987 1057 5057 perfecti;
1100 5001 1199 5041 nec
1219 4984 1468 5040 Chililetii
1491 4989 1772 5053 correctio,
1800 4991 1961 5044 arduo
1981 4990 2085 5058 ﬁne

507 5064 775 5195 Ρεῖἵῖεὲἰί
802 5138 931 5178 mss.
961 5123 1141 5195 (litin...
1171 5124 1289 5180 Nol.
1322 5135 1376 5178 et
1401 5124 1555 5179 Vien.
1599 5134 1653 5180 et
1680 5126 1763 5180 ed.
1789 5125 1963 5183 Chiill.
1994 5142 2083 5181 re-.

506 5193 784 5275 posuimus
802 5194 1078 5273 singularis
1094 5211 1251 5275 super
1283 5202 1470 5275 tectum
1488 5195 1611 5275 :usic
1638 5197 1781 5249 enim
1806 5195 2078 5275 lianlinus,

507 5261 562 5319 ἱι.
594 5262 629 5317 8
657 5270 710 5318 et
733 5262 798 5324 9,
831 5261 1064 5331 itemque
1091 5261 1269 5334 in'ep.
1301 5261 1370 5318 49
1401 5265 1468 5319 ad
1496 5262 1694 5320 Macar.
1726 5281 1781 5320 n.
1816 5263 1865 5330 5,
1897 5282 2078 5335 passer

506 5336 859 5402 unicussuper
881 5341 1084 5389 tectum.

579 5403 651 5472 (ε)
688 5401 893 5472 ιιαῐηε.
922 5403 1111 5472 codex
1158 5402 1332 5459 Vatic.
1362 5411 1428 5472 et
1472 5402 1600 5472 edit.
1648 5403 1811 5458 Rosv.
1838 5404 1907 5456 At
1949 5420 2083 5461 mss.

507 5469 812 5545 Clun._l‘tol.
837 5479 894 5545 et
917 5471 1074 5545 Vien.
1101 5487 1222 5528 cum
1250 5473 1378 5529 edit.
1409 5471 1608 5540 Chim.,
1637 5491 1763 5545 quos
1786 5472 2080 5528 dimicando

506 5540 796 5602 verculerit,
826 5541 1002 5595 minus
1029 5543 1186 5597 bene.

580 5609 662 5678 (α)
700 5606 791 5663 Sic
809 5626 935 5664 mss.
959 5610 1141 5679 Clun.,
1171 5610 1290 5665 Not.
1323 5618 1379 5664 et
1405 5609 1561 5665 Vicn.
1591 5626 1712 5666 cum
1745 5612 1872 5667 edit.
1899 5611 2077 5667 Cliil'll.

509 5673 654 5732 Ante
669 5686 784 5731 erat
805 5679 1089 5749 ingentium
1128 5673 1410 5750 'suﬂ‘ragia,
1440 5679 1744 5746 ambitiosae,
1777 5691 1908 5748 etc.,
1936 5682 2081 5737 nullo

508 5758 761 5890 κιῧῗὶιίι
782 5831 907 5872 mss.
931 5816 1281 5886 Clun.,Vien.
1296 5828 1356 5879 et
1372 5818 1504 5878 edit.
1527 5818 1701 5878 Cirim.
1725 5818 1861 5876 Edit.
1888 5820 2078 5888 Rosv.,

2187 4858 2235 4903 et
2257 4851 2309 4902 in
2338 4864 2435 4918 quo
2457 4863 2511 4900 se
2528 4856 2796 4918 secretum,
2821 4855 2928 4918 etc.

2261 4920 2328 4988 (ι’)
2351 4912 2508 4971 Ἠιιιιε
2519 4932 2711 4988 νοοθιῃ
2737 4915 3033 4988 addidimus
3047 4928 3114 4968 ex
3133 4928 3261 4967 mss.
3275 4912 3550 4969 codicibus
3576 4913 3730 4968 Clnn.
3742 4954 3758 4981 ,

2187 4982 2333 5051 Noli,
2361 4988 2517 5041 Vien.
2549 4995 2604 5041 et
2632 4986 2761 5039 edit.
2790 4982 3025 5039 Chimet.

2258 5050 2332 5127 (g)
2372 5055 2463 5127 Sic
2489 5056 2888 5127 emendavimus
2926 5068 3136 5127 ex_m_s.
3165 5052 3320 5127 Clun.
3352 5050 3540 5106 codice
3581 5056 3636 5127 et
3670 5053 3758 5107 ed.

2185 5122 2359 5185 Chilil.
2390 5125 2489 5178 Ed.
2520 5125 2706 5188 Rosv.,
2736 5123 2977 5178 adversus
2999 5122 3289 5194 Imjusmodi
3307 5131 3501 5182 noetes,
3529 5123 3617 5191 qui
3644 5136 3762 5176 sunt

2186 5198 2440 5265 oriucipes
2464 5195 2807 5265 tenebrarum,
2838 5194 2933 5248 Itoc
2961 5204 3038 5246 est
3066 5194 3293 5245 homines
3321 5200 3647 5261 peccatorum
3673 5210 3762 5257 po-

2185 5264 2364 5329 tentes,
2387 5280 2532 5329 quos,
2556 5264 2701 5318 nullo
2720 5280 2899 5319 sensu.

2256 5282 2364 5329 nes,
2421 5282 2532 5327 uos,
2556 5282 2701 5318 nuuo
2720 5282 2899 5319 sensu.

2256 5334 2339 5411 (It)_
2372 5282 2468 5386 ﬁlis.
2493 5332 2640 5411 _Nol.,
2666 5329 3073 5411 solitariw._§ed
3099 5330 3349 5411 convenit
3366 5329 3642 5401 epitheton
3672 5346 3763 5411 sa;-

2182 5402 2392 5480 (utaris,
2404 5404 2543 5480 quia
2575 5413 2850 5480 serpentes
2880 5402 3035 5455 tollit.
3250 5470 3280 5480 __
3393 5466 3447 5480 Μ
3600 5467 3664 5480 m

2254 5475 2318 5541 (i)
2360 5466 2451 5527 Sic
2471 5466 2817 5541 emendamus
2843 5488 2909 5525 ex
2936 5486 3062 5525 mss.
3092 5469 3365 5524 codicibus
3389 5466 3573 5541 C‘lun.,
3600 5467 3759 5522 Vien.

2185 5537 2412 5597 et'edit.
2464 5539 2639 5596 Chim.
2691 5550 2745 5595 et
2792 5541 3054 5594 correctio
3096 5548 3273 5592 nostra
3306 5537 3658 5593 continuatur
3698 5554 3763 5593 ex

2186 5612 2341 5679 epist.
2374 5609 2433 5664 4|
2459 5650 2474 5673 ,
2499 5626 2553 5663 n.
2583 5611 2636 5673 2,
2669 5612 2842 5664 oculus
2866 5610 3080 5662 interior
3106 5608 3403 5661 luminatur.
3436 5607 3534 5662 Ed.
3568 5607 3762 5668 Rosv.,

2186 5681 2549 5733 illuminatum.
3235 5724 3240 5729 .
3458 5720 3479 5743 ,

2183 5817 2200 5872 Ι
2256 5749 2323 5871 (ii)
2361 5748 2523 5873 Ligem
2550 5748 2788 5814 codices,
2827 5746 3216 5802 itluminatur...
3248 5744 3479 5816 eﬁicilur.
3520 5743 3766 5816 Utraque

2203 5833 2262 5873 ec
2291 5836 2342 5873 ιο
2438 5834 2521 5872 na.

2203 5829 2342 5873 θειιο
2364 5829 2521 5873 bona.
