4008 6346
453 325 561 387 575

1583 323 1641 382 S.
1685 322 1955 382 PAULINI
1997 324 2243 382 NOLANI
2285 325 2587 384 EPlSCOPl

3611 326 3719 383 δια

455 440 740 515 perﬁcitur.
795 437 906 496 Nec
943 437 997 494 in
1024 437 1186 511 246
1231 437 1426 492 virtute
1475 437 1518 468 “
1571 454 1667 492 sua
1717 447 1912 509 potens
1949 447 2031 494 est
2059 442 2103 500 Α
2135 457 2252 496 mus
2276 447 2606 497 contemtum
2639 437 2967 510 patrimonii,
2999 437 3321 508 accipiamus
3347 436 3512 491 etiam
3551 438 3721 494 nostri

457 531 559 598 vir,
590 529 684 588 sed
713 530 968 586 Dominus
1013 528 1280 585 inﬁrmum
1325 527 1450 584 facit
1490 529 1853 588 adversarium
1897 530 2030 601 ejus,

457 635 620 693 quem
661 621 774 691 ipse
814 619 1069 674 Dominus
1114 619 1374 674 virtutum
1423 618 1534 673 Rex
1578 619 1762 688 gloria:
1802 621 1894 674 tali
1934 636 2033 690 pro

459 715 618 770 nobis
667 712 1058 781 congressionis
1101 726 1300 783 genere
1348 710 1618 777 confudit,
1673 718 1732 765 ut
1776 710 1926 766 illum
1979 712 2032 765 in

457 823 617 864 cruce
642 805 839 862 Christi
866 823 972 863 non
1002 807 1181 862 divina
1204 808 1399 876 virtus,
1427 807 1521 862 sed
1549 807 1781 861 humana
1809 823 2034 877 supera-

456 905 540 952 ret
579 894 876 951 inﬁrmitas.
917 897 1216 968 Sequamur
1261 899 1440 967 itaque
1486 899 1906 969 triumphantem
1948 897 2036 954 Je-

457 999 595 1053 sum,
624 993 680 1042 et
705 987 749 1018 ³³
776 996 920 1042 scuto
964 987 1084 1043 ﬁdei
1113 989 1392 1043 circumdet
1427 1005 1518 1044 nos
1562 990 1750 1043 veritas
1793 991 1936 1061 ejus,
1977 1000 2038 1044 ut

454 1092 561 1134 non
599 1080 870 1134 timeamus
909 1098 941 1134 a
977 1082 1156 1136 timore
1183 1090 1451 1146 nocturno,
1475 1089 1530 1138 et
1575 1098 1606 1134 a
1627 1082 1808 1154 jacqu
1834 1082 2036 1136 volante

455 1184 549 1238 per
571 1169 728 1223 diem.
760 1167 959 1224 Cadent
987 1187 1018 1223 a
1046 1171 1206 1224 latere
1233 1181 1406 1226 nostro
1432 1171 1590 1237 mille,
1618 1181 1668 1225 et
1717 1172 1888 1226 decem
1915 1173 2035 1226 mil-

455 1259 530 1314 lia
569 1279 601 1316 a
639 1262 838 1317 dextris
863 1265 1051 1318 nostris
1077 1272 1122 1330 ι,
1154 1279 1262 1319 non
1291 1273 1471 1320 nostra
1493 1306 1507 1330 ,
1538 1265 1634 1321 sed
1659 1266 1855 1322 virtute
1882 1266 2036 1322 Chri-

454 1357 527 1413 sti
549 1358 595 1390 ⁸⁶
621 1359 772 1428 cujus
801 1372 973 1429 pugna
999 1367 1082 1415 est
1107 1375 1210 1429 qua
1233 1375 1552 1430 pugnamus,
1580 1367 1636 1415 et
1663 1361 1813 1427 cujus
1837 1376 2037 1417 corona

454 1461 561 1516 qua
583 1449 844 1505 vincimus
867 1490 882 1515 ,
908 1450 1036 1531 quia
1067 1451 1306 1505 membra
1333 1467 1518 1506 sumus
1555 1452 1798 1522 corporis
1827 1451 1962 1522 ejus,
1993 1453 2039 1509 si

454 1553 635 1600 tamen
665 1544 1046 1602 mortiﬁcemus
1067 1547 1120 1601 in
1147 1555 1289 1602 terra
1317 1547 1558 1601 membra
1585 1556 1790 1612 nostra,
1822 1556 1882 1602 ut
1910 1540 2039 1602 ﬁant

454 1649 603 1689 arma
637 1633 882 1703 iustitiae,
908 1637 1099 1704 quibus
1143 1637 1392 1703 accincti,
1421 1645 1476 1692 et
1495 1636 1731 1704 Christo,
1757 1646 1812 1694 et
1839 1639 2040 1708 angelis

455 1724 591 1792 ejus,
623 1731 677 1778 et
704 1724 857 1780 vobis
903 1724 1078 1780 laetum
1115 1726 1182 1782 dc
1213 1735 1400 1784 nostro
1430 1729 1724 1784 certamine
1756 1739 2040 1800 spectacu-

2135 538 2465 586 contcmtum
2497 547 2510 582 :
2538 538 2761 599 angusta
2789 528 2931 584 enim
2971 528 3057 582 via
3085 526 3374 597 gradimur,
3401 535 3457 581 et
3483 528 3638 595 quasi
3663 529 3720 585 in

2136 619 2266 674 fune
2319 635 2580 690 suspenso
2627 619 2887 690 ancipites
2913 618 3289 673 ambulamus:
3320 625 3377 672 et
3430 619 3533 672 nisi
3572 629 3723 674 certo

2135 710 2418 766 libramine
2447 711 2669 779 vestigia
2695 710 2990 775 ﬁxerimus,
3017 719 3076 764 ut
3104 726 3211 763 non
3231 709 3564 764 declinemus
3588 709 3721 764 dex-

2136 807 2217 853 tra
2247 801 2333 855 vel
2357 801 2594 869 sinistra,
2625 800 2780 856 facile
2811 817 2910 856 nos
2937 802 2991 855 in
3036 800 3194 869 hujus
3227 808 3319 854 aut
3363 801 3506 854 illius
3558 801 3724 870 partis

2136 891 2346 946 ruinam
2375 892 2621 948 inimicus
2669 893 2926 962 impellet.
2976 891 3101 948 ideo
3143 892 3298 947 nobis
3338 892 3393 946 in
3431 891 3724 947 Salomone

2137 981 2411 1052 Sapientia
2426 983 2570 1037 canit
2591 1001 2603 1036 :
2622 981 2746 1037 Non
2760 983 3042 1052 deﬂectatis
3063 999 3094 1036 a
3110 981 3352 1048 Domino,
3372 999 3437 1036 ne
3455 983 3720 1037 cadatis'".

2139 1069 2256 1142 Ipse
2283 1071 2426 1126 enim
2448 1071 2708 1129 Dominus
2735 1071 2980 1128 Christus
3007 1075 3088 1127 via
3117 1074 3330 1138 veritas,
3361 1082 3410 1127 et
3436 1074 3541 1126 vita
3572 1081 3650 1127 est
3671 1083 3718 1139 ο,

2135 1164 2229 1234 qui
2277 1163 2408 1220 dicit
2439 1182 2451 1218 :
2486 1163 2641 1218 Omni
2694 1166 2870 1235 vigilia
2894 1182 3041 1221 serva
3069 1181 3159 1219 cor
3187 1175 3329 1218 tuum
3358 1173 3415 1230 ο,
3463 1164 3592 1234 quia
3629 1180 3722 1234 per

2139 1257 2284 1328 ipsas
2311 1257 2568 1312 virtutum
2609 1257 2725 1312 vias
2754 1257 2808 1312 in
2832 1258 2959 1313 vitia
3000 1257 3175 1314 delabi
3201 1272 3510 1328 possumus;
3543 1265 3600 1313 et
3623 1259 3721 1315 nisi

2139 1359 2310 1416 certo,
2342 1357 2402 1404 ut
2427 1349 2555 1416 dixi,
2587 1358 2730 1405 statu
2759 1350 3049 1420 dirigentes
3077 1352 3240 1405 animi
3263 1360 3538 1406 momenta
3567 1351 3723 1407 libre-

2139 1454 2278 1504 mus,
2329 1439 2397 1493 de
2445 1439 2561 1509 ipsa
2605 1439 2908 1495 humilitate
2960 1441 3233 1510 capiemus
3287 1440 3622 1511 superbiam;
3672 1451 3725 1495 et

2140 1537 2427 1584 evanescet
2456 1530 2662 1600 species
2686 1530 2932 1600 pietatis,
2961 1531 3005 1588 si
3033 1546 3132 1601 per
3158 1531 3367 1586 laudem
3397 1532 3726 1600 paupertatis

2141 1621 2367 1691 obrepat
2394 1619 2619 1676 inﬂatio.
2644 1620 2713 1676 Et
2741 1621 2869 1692 quid
2900 1621 3140 1692 proderit
3168 1622 3404 1677 caruisse
3431 1621 3652 1684 divitiis,
3683 1620 3726 1674 si

2141 1728 2479 1769 remanemus
2501 1713 2695 1770 divites
2720 1716 2897 1770 vitiis?
2929 1714 3079 1771 Unde
3104 1730 3429 1784 quaesumus,
3457 1729 3526 1770 ne
3551 1729 3617 1769 ex
3641 1715 3727 1769 illo

453 1812 564 1867 lum
592 1814 924 1883 pmbeamus
942 1859 958 1885 ,
989 1824 1044 1872 ει
1079 1819 1355 1874 evolant“
1391 1818 1460 1875 de
1493 1819 1688 1889 laqueo
1716 1830 2034 1878 venatorum
2073 1813 2116 1872 Β
2144 1803 2298 1860 nobis
2311 1803 2477 1859 verbo
2501 1803 2713 1860 Domini
2735 1805 3102 1872 blandiamini,
3126 1807 3250 1877 quia
3272 1805 3580 1869 fecerimus,
3602 1804 3729 1859 Ven-

452 1905 665 1976 garrula
690 1908 1045 1975 gratulatione
1090 1918 1368 1966 cantemus
1399 1928 1412 1965 :
1456 1912 1647 1966 Anima
1692 1922 1872 1966 nostra
1902 1913 2037 1966 sicut

453 2014 632 2067 passer
652 2005 825 2068 erepta
851 2007 928 2052 est
953 1998 1016 2052 de
1044 1999 1222 2072 laqueo
1254 2001 1577 2066 venantium;
1604 2002 1817 2073 laqueus
1841 2003 2038 2057 contri-

455 2097 534 2141 tus
562 2097 656 2152 est,
687 2098 736 2141 et
757 2105 849 2143 nos
877 2087 1079 2143 liberati
1105 2107 1302 2158 sumus,
1325 2093 1449 2160 quia
1471 2092 1786 2165 adjutorium
1807 2104 2038 2148 nostrum

454 2189 530 2234 est
566 2181 619 2234 in
645 2183 855 2236 nomine
893 2181 1106 2240 Domini
1143 2183 1270 2240 Jesu
1309 2183 1510 2242 Christi
1539 2187 1588 2242 δ.
1636 2186 1757 2242 Non
1785 2195 1870 2244 est
1897 2187 2040 2242 enim

455 2268 598 2324 aliud
645 2285 838 2326 nomen
883 2273 983 2328 sub
1013 2275 1149 2330 cmlo
1187 2273 1372 2329 datum
1400 2275 1706 2331 hominibus
1749 2287 1796 2341 ο,
1847 2276 1902 2330 in
1931 2292 2039 2346 quo

456 2367 708 2429 oporteat
753 2363 930 2418 salvos
956 2363 1033 2434 (a)
1063 2365 1176 2420 ﬁeri
1217 2380 1334 2420 nos.
1363 2363 1422 2419 In
1469 2365 1574 2421 hoc
1605 2367 1820 2422 nomine
1849 2367 2040 2420 trium-

454 2449 702 2518 phantes,
728 2449 800 2520 (ὑ)
833 2453 1166 2521 conﬁteamur
1191 2451 1417 2508 Domino
1443 2456 1825 2509 misericordias
1852 2455 1962 2526 ejus
1989 2451 2037 2519 ἀ,

453 2545 505 2590 et
533 2537 814 2607 gloriemur
839 2541 894 2592 in
919 2539 1071 2594 laude
1090 2541 1200 2611 ejus
1230 2553 1273 2610 θ,
1302 2559 1410 2598 ιιοη
1443 2544 1496 2598 in
1527 2552 1728 2600 nostra.
1753 2544 2037 2611 Quoniam,

455 2638 513 2684 ut
535 2631 795 2700 propheta
821 2631 967 2697 dicit,
993 2633 1040 2688 si
1059 2635 1187 2703 quid
1208 2636 1407 2690 bonum
1439 2637 1492 2690 in
1528 2637 1599 2705 (e)
1632 2636 1806 2702 nobis,
1831 2635 1898 2691 ab
1924 2635 2041 2705 ipso

455 2730 566 2786 est;
589 2730 645 2776 et
672 2722 717 2777 si
737 2723 865 2791 quid
887 2725 1170 2795 Optimum,
1195 2727 1262 2781 ab
1286 2727 1450 2797 ipsius
1471 2729 1750 2798 majestate
1771 2737 1852 2784 est
1876 2747 1888 2782 :
1920 2729 2045 2800 Ipse

455 2816 590 2868 enim
617 2817 736 2886 fecit
769 2832 882 2879 nos,
935 2824 1119 2872 etnon
1171 2819 1270 2888 ipsi
1318 2835 1413 2872 nos
1460 2816 1505 2872 ί.
1536 2817 1604 2872 Ει
1656 2826 1941 2888 propterea
1987 2827 2042 2873 et

458 2903 655 2962 Paulus
678 2907 810 2963 dicit
841 2925 856 2962 :
884 2905 1022 2972 Quid
1065 2920 1237 2964 autem
1265 2908 1444 2974 habes,
1477 2925 1507 2962 ο
1537 2909 1706 2973 homo,
1755 2909 1891 2978 quod
1936 2925 2039 2964 non

459 2998 750 3066 acceperis?
779 2997 929 3062 Quod
954 3001 999 3053 si
1026 3001 1292 3070 accepisti,
1315 2999 1437 3069 quid
1464 2998 1706 3070 gloriaris
1749 2999 1897 3069 quasi
1937 3015 2042 3052 non

460 3091 717 3157 acceperis
742 3091 802 3144 εἳ
825 3089 883 3143 In
906 3105 1014 3158 quo
1035 3100 1219 3148 monet
1247 3099 1324 3157 ut,
1343 3094 1428 3161 qui
1452 3091 1723 3163 gloriatur,
1745 3092 1797 3144 in
1818 3089 2042 3144 Domino

2143 1893 2248 1947 dite
2271 1909 2386 1964 qua:
2411 1895 2722 1963 possidetis;
2749 1895 2878 1964 quia
2893 1895 3012 1965 plus
3035 1904 3116 1950 est
3136 1894 3278 1964 quod
3300 1903 3550 1965 superest
3569 1893 3726 1949 illud:

2145 1983 2212 2038 Et
2240 1987 2373 2053 veni,
2398 2002 2606 2058 sequere
2625 2004 2706 2040 me
2723 1998 2769 2042 ι’.
2801 1987 2980 2042 Facile
3000 1995 3082 2042 est
3101 1995 3281 2042 autem
3309 1987 3493 2043 videre
3507 1989 3553 2020 "'
3573 2003 3731 2056 quan-

2143 2084 2256 2132 tum
2285 2079 2353 2132 sit
2381 2079 2535 2148 sequi
2557 2078 2852 2145 Christum,
2871 2088 2930 2134 ut
2957 2080 3122 2135 homo
3147 2079 3384 2134 imitetur
3405 2080 3600 2135 Deum.
3625 2079 3729 2134 Sed

2142 2175 2197 2222 et
2225 2166 2355 2220 illud
2377 2167 2524 2222 scitis
2557 2184 2570 2220 :
2605 2167 2739 2234 Quia
2790 2169 2946 2224 semel
2973 2170 3169 2225 locutus
3191 2178 3265 2223 est
3295 2169 3466 2237 Deus,
3499 2170 3601 2224 duo
3629 2171 3730 2223 Iure

2144 2258 2316 2313 audivi
2346 2269 2372 2308 ιι
2397 2275 2412 2324 ;
2436 2272 2561 2313 nam
2591 2267 2646 2314 et
2677 2260 2779 2314 iste
2807 2276 3004 2327 sermo,
3036 2261 3176 2316 sicut
3203 2262 3380 2316 omnis
3407 2260 3521 2316 fere
3551 2260 3729 2331 Scripx

2145 2357 2261 2402 tura
2293 2348 2496 2418 divina,
2538 2350 2590 2404 in
2632 2350 2833 2404 bivium
2879 2360 3072 2420 patet:
3119 2352 3261 2405 Vade
3283 2360 3332 2404 et
3375 2353 3533 2406 vende
3558 2354 3731 2406 omnia

2143 2449 2252 2494 tua.
2284 2440 2401 2495 Non
2430 2441 2573 2496 enim
2600 2443 2880 2512 pecuniam
2911 2451 3116 2498 tantum
3132 2451 3186 2498 et
3211 2443 3424 2509 fundos,
3449 2453 3732 2499 extraneas

2143 2529 2456 2596 facultates;
2489 2530 2584 2586 sed
2606 2532 2767 2586 etiam
2799 2533 2962 2586 animi
2987 2535 3155 2588 nostri
3178 2534 3414 2588 internas
3434 2549 3588 2604 opes,
3618 2550 3732 2603 qm:

2143 2634 2271 2674 vere
2290 2628 2473 2674 nostra
2490 2619 2785 2675 substantia
2809 2631 2913 2689 est,
2931 2623 3284 2692 possidemus.
3311 2622 3459 2679 Hanc
3479 2625 3729 2688 vendere,

2141 2714 2248 2770 hoc
2260 2722 2343 2769 est
2369 2715 2603 2770 alienare
2625 2730 2654 2769 a
2684 2716 2862 2784 nobis,
2890 2725 3040 2772 tanto
3069 2717 3243 2786 major
3257 2717 3506 2783 victoria,
3529 2717 3732 2787 quanto

2143 2805 2304 2860 altior
2326 2804 2610 2860 dilitcultas
2631 2814 2712 2861 est
2740 2806 2978 2874 ingenita
2999 2822 3161 2876 quam
3190 2807 3437 2876 apposita
3458 2822 3730 2876 separare;

2143 2903 2199 2950 et
2226 2895 2369 2949 intus
2398 2893 2562 2949 inﬁxa
2591 2895 2868 2959 divellere,
2905 2911 3066 2966 quam
3097 2895 3257 2950 aﬂixa
3288 2898 3626 2953 extrinsecus
3647 2914 3732 2953 re-

2138 2985 2326 3054 jicere.
2370 2985 2452 3055 (ά)
2499 2983 2571 3040 Se
2593 2986 2735 3040 enim
2767 2987 2942 3056 ipsum
2968 2987 3136 3042 vincit
3175 2997 3235 3041 et
3263 2997 3504 3056 superat,
3531 2989 3624 3057 qui
3653 3004 3731 3044 re-

2146 3077 2355 3131 nuntiat
2384 3076 2625 3131 moribus
2648 3078 2778 3142 suis,
2809 3085 2864 3131 et
2889 3092 2948 3132 se
2977 3076 3197 3132 abdicat
3225 3077 3347 3141 sibi,
3376 3085 3437 3132 ut
3464 3077 3595 3133 illud
3625 3077 3732 3132 for-

461 3176 704 3246 glorietur
732 3176 779 3232 ιι.
832 3178 986 3234 Unde
1035 3179 1147 3249 jam
1191 3181 1347 3236 nobis
1393 3182 1538 3237 leves
1576 3183 1831 3250 angustiae
1883 3181 2037 3247 ﬁunt,

2148 3169 2408 3224 tissimum
2436 3168 2530 3223 Dei
2570 3168 2793 3223 verbum
2834 3168 3097 3238 impleat:
3139 3165 3242 3232 Qui
3280 3169 3457 3238 perdet
3510 3169 3732 3222 animum

459 3265 674 3333 quando
704 3266 907 3322 laudari
934 3269 1180 3324 videmur
1215 3287 1227 3323 :
1262 3269 1395 3324 nihil
1439 3271 1580 3325 enim
1627 3271 1784 3325 nobis
1829 3272 2029 3326 conscri

459 3369 644 3409 sumus
671 3354 738 3410 de
782 3358 1003 3426 proprio
1033 3359 1198 3427 bono,
1236 3367 1296 3414 ut
1335 3367 1608 3428 tamquam
1634 3361 2037 3429 agnoscentium

460 3444 716 3513 pudorem
739 3445 986 3504 laudator
1005 3459 1291 3518 perurgeat
1315 3491 1326 3502 .
1352 3451 1476 3520 quia
1505 3465 1613 3505 non
1639 3451 1783 3520 ipsos
1810 3465 1931 3516 nos,
1947 3450 2040 3504 sed

462 3532 654 3587 divina:
698 3533 960 3591 bonitatis
1000 3553 1222 3592 munera
1250 3548 1411 3608 atque
1439 3554 1603 3609 opera
1631 3539 1909 3610 pnudicari
1945 3555 2041 3594 co-

464 3627 768 3693 gnoscimus
801 3645 816 3680 :
843 3629 889 3682 si
915 3629 1042 3697 quid
1088 3631 1230 3685 enim
1260 3631 1312 3684 in
1352 3632 1507 3686 nobis
1554 3631 1681 3685 boni
1711 3631 1922 3686 videtur
1948 3639 2043 3684 aut

466 3715 720 3779 creditur,
767 3717 910 3771 illius
950 3726 1032 3773 est
1061 3720 1150 3789 qui
1181 3719 1318 3773 solus
1349 3721 1508 3773 bonus
1535 3728 1610 3773 est
1649 3719 1661 3756 ί
1690 3759 1705 3784 ,
1731 3729 1778 3772 et
1807 3721 1870 3774 de
1898 3721 2044 3790 cujus

465 3802 779 3873 plenitudine
807 3820 984 3859 omnes
1006 3808 1282 3876 accipimus
1309 3807 1352 3872 ι,
1382 3815 1438 3861 et
1476 3824 1573 3876 pro
1601 3808 1776 3861 meriti
1803 3808 1889 3862 vel
1921 3808 2044 3863 ﬁdei

467 3893 767 3961 capacitate
812 3895 1192 3965 respergimur.
1243 3895 1354 3950 Ros
1406 3896 1550 3950 enim
1577 3896 1666 3964 qui
1702 3896 1769 3950 ab
1810 3897 1902 3951 illo
1931 3906 2042 3960 est,

465 3985 667 4039 sanitas
706 3992 790 4040 est
827 3984 1003 4050 nobis,
1055 3992 1110 4039 et
1153 3984 1389 4039 lwtamur
1432 3987 1485 4038 in
1540 3986 1816 4040 stillicidiis
1853 3986 1963 4056 ejus
1993 3985 2044 4042 κ.

465 4069 607 4140 Ergo
650 4081 705 4127 et
731 4089 885 4129 error
937 4073 1056 4139 iste,
1088 4088 1195 4143 quo
1223 4091 1322 4130 nos
1353 4074 1611 4140 laudatis,
1644 4077 1905 4132 innocuus
1944 4078 2047 4132 erit

465 4163 639 4218 nobis.
660 4161 884 4232 Insuper
910 4171 966 4218 et
987 4163 1292 4218 mercedem
1333 4165 1483 4219 vobis
1509 4166 1786 4234 copiosam
1817 4173 1927 4219 tam
1957 4167 2046 4236 pia

465 4251 598 4305 tides
616 4260 872 4320 congeret
902 4270 916 4305 :
946 4252 1070 4321 quia
1099 4261 1158 4306 ut
1186 4268 1285 4308 nos
1313 4262 1496 4308 nostra
1526 4262 1707 4309 mente
1735 4255 1967 4324 iniquos,
1995 4265 2048 4310 et

466 4336 536 4392 de
556 4353 809 4408 perversa
830 4340 988 4408 hujus
1006 4341 1173 4396 seculi
1193 4343 1540 4410 generatione
1560 4358 1755 4413 pravos
1779 4346 2049 4401 existime-

467 4431 538 4485 tis
564 4433 722 4502 247
752 4432 924 4488 bonos
953 4433 1140 4500 factos,
1165 4434 1278 4489 Deo
1301 4435 1657 4504 omnipotenti
1683 4436 1922 4499 creditis,
1954 4436 2048 4504 qui

2147 3278 2292 3315 suam
2318 3271 2526 3332 propter
2547 3279 2645 3326 me,
2686 3261 2903 3315 inveniet
2929 3277 3046 3316 eam
3078 3271 3122 3314 τ.
3169 3259 3291 3315 Hmc
3333 3261 3546 3315 Domini
3574 3261 3730 3314 verba

2147 3352 2516 3418 recordantes,
2567 3350 2640 3421 (e)
2671 3350 3006 3406 ell‘undamus
3050 3351 3102 3404 in
3152 3351 3301 3404 illum
3349 3350 3587 3404 animam
3630 3366 3727 3405 no-

2147 3451 2336 3505 stram,
2367 3449 2420 3496 et
2441 3443 2556 3511 ipse
2586 3457 2684 3496 nos
2709 3442 2964 3508 enutriet,
2999 3451 3056 3496 et
3075 3441 3443 3496 absconditam
3481 3443 3536 3496 in
3565 3457 3633 3496 se
3652 3442 3733 3496 vi-

2150 3543 2258 3588 tam
2287 3541 2527 3587 nostram
2582 3531 2820 3595 fovebit,
2851 3541 2906 3586 et
2933 3547 2992 3587 se
3019 3547 3140 3586 cum
3169 3532 3340 3601 gloria
3363 3532 3663 3587 revelabit:
3692 3531 3733 3586 si

2150 3635 2328 3680 tamen
2357 3640 2457 3695 pro
2479 3625 2579 3679 hac
2608 3623 2794 3678 eadem
2823 3623 3000 3677 anima
3030 3637 3248 3678 oremus
3289 3624 3340 3677 in
3368 3631 3615 3692 tempore
3642 3638 3710 3692 op

2149 3724 2381 3786 portuno
2408 3728 2552 3768 nunc
2580 3713 2624 3744 ³⁸
2650 3713 2705 3766 in
2731 3713 2832 3767 isto
2860 3711 3062 3768 seculo.
3107 3710 3175 3764 In
3213 3713 3421 3782 inferno
3447 3713 3589 3766 enim
3626 3714 3734 3781 quis

2150 3804 2474 3876 conﬁtebitur
2499 3803 2589 3858 tibi
2619 3803 2660 3837 ”
2687 3812 2710 3840 ι
2732 3803 2755 3856 ἳ
2779 3801 2903 3857 istic
2923 3802 3216 3858 moriamur
3243 3802 3509 3871 peccatis,
3535 3817 3602 3857 ne
3628 3803 3732 3858 illic

2149 3897 2393 3951 vivamus
2421 3893 2614 3964 pretiis.
2647 3891 2790 3947 Mors
2820 3891 2985 3958 enim,
3008 3907 3127 3962 quae
3155 3891 3389 3948 secunda
3419 3890 3629 3959 dicitur,
3660 3891 3733 3945 ui-

2150 3987 2225 4042 hil
2245 3985 2387 4041 aliud
2413 3992 2496 4039 est
2516 3999 2675 4052 quam
2698 3983 2806 4038 vita
2837 3998 3138 4054 poenarum.

2223 4075 2503 4148 24812.
2546 4073 2844 4129 Caveamus
2879 4075 3048 4144 igitur
3087 4074 3157 4130 ab
3195 4072 3449 4129 inferiore
3503 4072 3726 4136 inferno,

2153 4169 2240 4224 ubi
2271 4182 2468 4236 corpus
2497 4174 2553 4220 et
2597 4165 2829 4219 animam
2875 4165 3118 4233 gehenna
3155 4163 3446 4233 torquebit,
3472 4170 3733 4216 mternum

2150 4261 2416 4313 moriente
2444 4257 2742 4327 peccatoris
2765 4256 2962 4320 anima,
2993 4262 3244 4308 manumte
3273 4254 3318 4284 ⁸⁸
3343 4268 3506 4307 sensu
3551 4262 3607 4308 et
3627 4252 3723 4307 du-

2151 4355 2304 4403 rante
2348 4347 2570 4400 materia
2624 4346 3004 4414 corruptionis.
3036 4343 3167 4398 Nam
3193 4354 3243 4398 et
3269 4345 3489 4411 mortui,
3524 4353 3582 4398 ut
3607 4345 3734 4399 scri-

2153 4446 2298 4506 ptum
2321 4445 2421 4501 est,
2447 4445 2710 4508 resurgent
2731 4437 3013 4506 incorrupti
3049 4437 3093 4501 ί,
3125 4451 3230 4488 non
3253 4434 3439 4503 gloriae
3460 4435 3733 4489 immorta-

468 4528 660 4589 potens
687 4529 769 4576 est
792 4521 1086 4590 justiﬁeare
1133 4525 1372 4594 impium,
1400 4533 1456 4580 et
1481 4523 1751 4580 viviﬁcare
1778 4534 2040 4593 mortuos,
2077 4542 2123 4599 ι)
2148 4527 2317 4593 litate,
2346 4527 2440 4582 sed
2463 4543 2654 4598 ptume.
2689 4525 2887 4599 Infelix
2915 4543 3008 4598 ego
3031 4527 3202 4590 homo,
3242 4527 3355 4598 quis
3396 4525 3735 4599 meliberabit

469 4618 526 4665 et
553 4611 852 4667 illuminare
879 4615 1146 4680 tenebras,
1177 4623 1233 4669 et
1260 4613 1586 4683 phoenicium
1606 4613 1893 4669 candidare
1926 4613 1968 4667 ι.

543 4702 628 4756 11.
654 4701 1008 4768 Quamobrem
1039 4711 1190 4759 orate
1209 4703 1422 4760 solliciti
1447 4712 1506 4758 ut
1533 4711 1684 4758 tanto
1699 4718 1793 4758 ore
1813 4703 1899 4759 vel
1927 4718 2044 4757 mu-

468 4805 599 4849 nere
625 4792 722 4847 Dei
746 4792 962 4861 dignum
992 4793 1102 4848 Deo
1130 4808 1224 4848 cor
1243 4793 1595 4862 accipiamus;
1622 4801 1677 4847 et
1703 4794 1794 4863 qui
1823 4796 2035 4866 accepi-

543 4918 570 4946 ι
608 4906 747 4962 Psal.
782 4923 865 4969 xc,
893 4907 944 4972 5,
975 4906 1028 4971 6,
1058 4908 1113 4960 7.
1186 4905 1212 4945 δ
1251 4907 1391 4960 Psal.
1423 4922 1603 4971 cxxm,
1637 4908 1690 4974 7,
1722 4907 1775 4962 8.
1855 4921 1876 4947 ο
1918 4909 2034 4964 Act.

604 4987 630 5012 ιι
669 4976 822 5012 Ιίῗην
868 4993 918 5012 nr
972 4978 1002 5012 ’7
1101 4975 1125 5012 h
1167 4976 1321 5012 Iﬂnp
1373 4994 1386 5012 1
1441 4976 1499 5012 Ἅι
1612 4978 1624 5012 i
1673 4979 1834 5012 Μηηιι
1891 4996 1975 5012 νιν

2176 4910 2258 4963 12.
2336 4909 2360 4946 ἀ
2401 4910 2544 4964 Psal.
2576 4927 2678 4974 CVI,
2705 4910 2758 4964 8.
2840 4919 2862 4948 θ
2893 4909 3036 4965 Psal.
3069 4925 3152 4973 CV,
3182 4908 3270 4962 47.

2220 4982 2230 5012 i
2285 4979 2449 5012 ιιιιυιη
2531 4997 2545 5012 .
2602 4981 2667 5012 ιιι
2767 4979 2788 5012 ιι
2830 4979 2948 5012 θέαι
3019 4995 3145 5012 ..ην
3195 4983 3254 5012 η

471 4979 526 5034 5.
603 4987 630 5024 κ
667 4979 837 5031 lCor.
868 4993 938 5042 tv,
972 4979 1022 5030 7.
1101 4979 1125 5013 δ
1167 4979 1184 5030 l
1213 4979 1338 5031 Cor.
1373 4994 1407 5039 ι,
1440 4979 1526 5030 51.
1612 4979 1624 5012 ί
1671 4979 1856 5033 Matth.
1891 4996 1977 5034 xxx
1999 5019 2013 5042 ,

471 5057 513 5086 ω
551 5047 713 5103 Eccli.
740 5062 800 5113 ιι,
828 5047 880 5100 7.
956 5055 982 5083 η
1021 5044 1214 5100 Joban.
1248 5063 1358 5109 XIV,
1388 5045 1441 5101 6.
1519 5055 1544 5083 ο
1583 5045 1741 5102 Prov.
1790 5065 1859 5113 tv,
1892 5048 1979 5103 εδ.

2217 4982 2230 5030 i
2277 4979 2471 5035 Johan.
2531 4997 2566 5044 ῃ

2148 5050 2310 5104 τίθιιιι.
2347 5066 2454 5112 ιιι,
2485 5050 2574 5105 2|.

469 4975 526 5034 '5.
603 4987 630 5024 κ
667 4976 837 5031 lCor.
868 4993 938 5042 tv,
972 4978 1022 5030 7.
1101 4975 1125 5013 δ
1167 4976 1338 5031 lCor.
1373 4994 1407 5039 ι,
1440 4976 1526 5030 51.

473 5126 497 5154 ⁸
536 5117 675 5173 Psal.
710 5133 778 5182 vr,
809 5117 862 5171 6.
943 5118 960 5153 ί
1002 5116 1169 5171 lCor.
1201 5134 1300 5182 xv,
1331 5117 1420 5171 52.

541 5255 618 5320 (a)
647 5253 737 5311 Sic
762 5255 926 5312 editio
949 5253 1126 5312 Chim.
1148 5271 1267 5310 cum
1296 5270 1423 5309 mss.
1454 5255 1611 5310 codd.
1639 5255 1797 5312 Clun.
1825 5257 2052 5312 etVien.

469 5320 529 5446 gs
559 5325 795 5449 editiqlne
815 5325 976 5382 Rosv.
1003 5325 1299 5396 legebatur,
1319 5326 1421 5380 alia
1440 5325 1888 5398 interpunctione,
1914 5328 2049 5396 ﬁeri.

532 5411 590 5449 os
618 5412 674 5448 in
737 5413 814 5449 oc.

532 5411 590 5449 08
618 5412 674 5448 ιη
700 5411 814 5450 noc.

546 5462 620 5533 (ὁ)
656 5465 733 5519 ita
762 5465 1016 5522 Paulinus
1044 5473 1226 5522 noster
1249 5466 1407 5535 epist.
1439 5465 1504 5520 19
1527 5465 1595 5519 ad
1624 5466 1962 5535 Delphinum,
1991 5482 2047 5519 ιι.

473 5529 528 5596 2,
556 5529 769 5588 sccutus
798 5539 1098 5591 versionem
1127 5529 1370 5590 Psaltérii
1400 5551 1466 5590 ex
1511 5529 1756 5598 Hebrzeo,
1785 5551 1907 5590 cum
1935 5536 1988 5589 in
2017 5535 2050 5587 4

474 5600 595 5673 aliis
622 5605 884 5670 psalteriis
909 5615 965 5660 et
991 5608 1042 5660 in
1072 5607 1459 5661 commentario
1497 5603 1552 5658 S.
1590 5605 1866 5670 Augustini
1888 5620 2050 5673 super

473 5671 708 5746 psalmos
727 5685 926 5746 quater
952 5676 1159 5746 legatur
1179 5673 1541 5746 Conﬁteantur
1583 5673 1806 5728 Domino
1848 5671 2050 5728 miseri-

477 5740 816 5811 curdiwejus.
843 5745 892 5796 in
915 5740 1053 5797 vers.
1085 5744 1139 5811 8,
1171 5743 1259 5807 25,
1290 5740 1484 5807 2l,5l.

553 5811 625 5873 (e)
665 5809 971 5866 Addidimus
1023 5809 1336 5875 particulam
1382 5815 1437 5867 in
1495 5828 1559 5868 ex
1608 5828 1737 5869 mss.
1771 5812 2045 5870 codicnbus

1499 5125 1524 5152 ιι
1563 5116 1721 5172 Rom.
1750 5136 1820 5173 vn
1845 5160 1859 5184 ,
1895 5119 1984 5172 24.
2065 5131 2087 5157 ν
2121 5119 2267 5176 Psal.
2294 5136 2444 5184 xxlu,
2480 5119 2534 5173 8.

2151 4619 2213 4670 de
2242 4633 2453 4686 corpore
2497 4619 2676 4670 mortis
2705 4618 2858 4688 hujus
2889 4619 2942 4672 "‘2
2972 4613 3223 4670 Dominus
3266 4618 3414 4688 fortis
3443 4625 3494 4670 et
3532 4626 3728 4688 potens,

2149 4707 2402 4762 Dominus
2429 4717 2612 4777 potens
2640 4706 2694 4760 in
2722 4707 2901 4776 praelia
2931 4717 2978 4773 ν,
3001 4706 3092 4776 qui
3117 4715 3277 4760 vectes
3304 4707 3370 4777 (ί)
3402 4709 3600 4777 ferreos
3623 4722 3735 4758 con-

2145 4800 2292 4870 fregit
2329 4809 2372 4864 ι,
2403 4806 2459 4852 et
2508 4797 2797 4851 humiliavit
2844 4798 3263 4852 calumniatorem
3291 4806 3339 4860 ἓν,
3384 4803 3444 4850 ιιι
3479 4797 3733 4850 exultaret

3352 4907 3371 4946 ἲ
3415 4907 3556 4961 Psal.
3591 4921 3731 4968 xcrx,

2121 5021 2170 5058 .__
2217 4979 2566 5058 i_Johan.nt,
2602 4981 2686 5035 16.
2720 4979 2788 5058 *ιι
2823 4979 2972 5058 _Psal.
3019 4995 3164 5058 sxw,
3195 4983 3285 5058 it:
3324 4976 3382 5058 ,ι
3415 4977 3540 5032 lsai.
3575 4990 3611 5041 ι,
3643 4974 3731 5058 ιδ.

2654 5061 2679 5098 q
2720 5048 2860 5104 Psal.
2895 5065 3002 5115 ut,
3032 5049 3117 5102 l2.
3196 5059 3217 5087 ι’
3257 5047 3450 5104 Johan.
3492 5063 3590 5112 xu,
3643 5044 3728 5115 ἓξ.

2615 5128 2641 5154 ι
2679 5118 2824 5173 Psal.
2855 5134 2962 5186 cvi,
2990 5111 3094 5174 ⁷16.
3205 5128 3234 5168 ι’
3307 5117 3450 5172 Psal.
3481 5111 3629 5182 uxr,
3677 5111 3727 5166 ὁ.

2160 5257 2313 5312 Clun.
2339 5265 2394 5311 et
2421 5256 2575 5310 Vien.
2607 5265 2664 5310 et
2689 5255 2778 5312 ed.
2799 5253 3000 5322 Chim.,
3032 5256 3085 5310 in
3113 5254 3306 5324 quibus
3333 5255 3380 5308 si
3400 5253 3523 5325 quid
3549 5254 3732 5305 bonum

2157 5327 2212 5380 iu
2261 5326 2425 5392 nobis,
2462 5327 2526 5380 ab
2583 5327 2696 5396 ipso
2750 5335 2872 5380 est:
2916 5335 2966 5379 et
3023 5327 3069 5380 si
3121 5327 3245 5398 quid
3273 5327 3536 5395 optimum,
3577 5325 3734 5393 ipsius

2155 5408 2252 5451 εει.

2251 5467 2305 5532 ιι)
2337 5465 2426 5520 Sic
2453 5465 2858 5520 emendavimus
2887 5481 2954 5520 ex
2994 5481 3121 5520 mss.
3167 5466 3440 5520 codicibus
3474 5462 3632 5518 Clun.
3681 5472 3733 5516 et

2153 5536 2310 5590 Vien.
2343 5544 2397 5590 et
2425 5535 2551 5590 edit.
2579 5533 2757 5590 Chil'ﬁ.
2788 5537 2838 5590 in
2865 5535 3056 5604 quibus
3085 5545 3248 5589 mutat
3274 5552 3374 5605 pro
3401 5535 3576 5588 vincit.
3599 5534 3734 5588 Ante

2155 5614 2270 5660 erat
2300 5606 2361 5660 Si
2389 5607 2524 5659 enim
2551 5606 2774 5674 seipsum
2794 5606 2970 5672 vincit,
2995 5606 3140 5660 nullo
3166 5621 3348 5661 sensu.

2227 5678 2297 5744 (e)
2335 5675 2408 5728 Ita
2440 5672 2776 5743 reposuimus
2823 5691 2889 5729 ex
2939 5676 3128 5730 iisdem
3174 5675 3466 5731 codicibus.
3498 5673 3556 5727 In
3603 5672 3731 5728 edit.

2155 5745 2342 5807 Rosv.,
2369 5745 2708 5812 a/j'uudemus.

2222 5817 2290 5879 If)
2329 5811 2483 5868 Juxta
2515 5823 2714 5870 textum
2743 5813 3004 5881 Gnecum,
3036 5816 3332 5884 Vulgatam,
3365 5829 3490 5869 mss.
3523 5811 3734 5867 codices
