4008 6346
154 375 256 432 377

1541 377 1872 432 EPISTOLA
1913 376 2038 432 XLI.

3322 377 3425 430 578

155 505 237 542 ine
257 487 321 541 de
347 485 510 554 portis
531 487 732 555 mortis,
753 497 808 541 ut
834 505 1100 544 narrarem
1122 492 1380 544 mirabilia
1406 492 1517 562 ejus
1547 492 1600 544 in
1624 508 1740 562 por-
1773 498 1815 553 Α
1843 500 2187 560 corruptione
2237 505 2394 559 mnus
2437 490 2601 545 seculi
2645 489 2832 546 mortis
2857 491 3079 548 odorem
3111 491 3386 546 trahamus
3411 509 3422 543 :

129 582 225 666 'tis
251 579 380 648 ﬁlice
410 577 540 632 Sion
585 589 631 632 ⁸.
664 578 939 633 Benedicat
987 599 1072 636 vos
1118 581 1368 636 Dominus
1415 601 1478 636 ea:
1511 585 1660 646 Sion,
1693 594 1742 636 et

156 672 374 726 rideatis
403 686 517 739 qua:
545 669 677 723 bona
705 680 827 725 sunt
857 671 1202 738 Hierusalem,
1232 683 1286 727 et
1315 675 1478 728 oretis
1517 690 1616 744 pro
1645 690 1741 728 no-

155 762 240 817 bis
260 761 495 816 omnibus
511 761 686 816 diebus
701 765 815 818 vitae
841 775 1019 820 vestra:
1047 764 1096 833 δ,
1122 775 1178 820 ut
1205 768 1373 836 portio
1405 777 1579 821 nostra
1600 783 1743 822 com-

156 854 394 907 muniter
415 853 486 906 sit
510 854 562 905 in
585 862 723 906 terra
744 856 1010 911 viventium
1039 868 1084 912 ε.

663 943 992 1000 EPISTOLA
1034 951 1050 968 ‘
1092 947 1226 1002 XLI.

157 1029 418 1113 Paulinus
445 1051 477 1086 a
495 1033 688 1113 Sancto
717 1039 1048 1105 prtemonitus
1069 1041 1240 1110 fuerat
1261 1050 1316 1093 ut
1344 1039 1568 1112 faculam
1597 1057 1744 1113 suam

226 1103 639 1177 diligenterduin
662 1103 858 1176 teinpus
883 1118 958 1162 est
986 1103 1267 1177 appararet
1292 1129 1310 1164 :
1338 1103 1608 1164 occasione
1626 1111 1746 1163 inde

227 1183 462 1253 accepta,
491 1176 545 1228 in
565 1174 941 1253 _Evangelicam
971 1174 1035 1231 de
1055 1174 1406 1253 lampadibus
1428 1198 1490 1253 a_c
1529 1181 1592 1234 de
1616 1197 1742 1252 pru-

227 1243 1040 1323 dentibusqut'ttquetotidemque
1073 1243 1232 1318 fatuis
1265 1251 1546 1323 virginibus
1581 1243 1744 1322 para-

227 1313 403 1366 bolam
428 1313 511 1383 pie
530 1313 806 1370 admodum
835 1313 1196 1391 ingenioseque
1217 1313 1462 1376 excurrit.

230 1404 282 1457 1.
329 1403 579 1473 Legimus
599 1408 652 1462 in
683 1417 832 1478 tergo
857 1411 1096 1480 epistola:
1111 1412 1515 1468 adnotationem
1541 1413 1745 1482 episto-

159 1497 356 1564 larum,
381 1513 517 1568 quas
537 1515 683 1555 meas
708 1517 828 1557 esse
853 1506 926 1574 (a)
959 1504 1254 1561 indicastis.
1277 1503 1409 1558 Nam
1432 1519 1558 1558 vere
1579 1518 1748 1574 prope

157 1587 404 1662 omnium
447 1603 632 1644 earum
683 1591 755 1645 ita
785 1593 1068 1649 immemor
1120 1610 1302 1660 eram,
1333 1603 1392 1650 ut
1428 1611 1580 1651 meas
1626 1610 1747 1650 csse

155 1696 263 1734 non
295 1696 741 1750 recognoscerem
761 1686 798 1749 ¹,
817 1685 916 1741 nisi
945 1687 1137 1742 vestris
1159 1687 1352 1742 litteris
1377 1685 1740 1744 credidissem.

155 1765 314 1825 Unde
368 1771 542 1841 majus
597 1775 781 1844 accepi
832 1775 1214 1832 documentum
1257 1778 1498 1832 caritatis
1530 1786 1744 1846 vestras,

1845 597 2019 652 neque
2065 597 2162 652 per
2209 590 2423 651 gustum
2473 582 2668 637 illicem
2707 583 2843 652 gula:
2872 584 3090 638 morbus
3119 583 3345 653 irrepat,
3375 591 3432 637 et

1843 674 2397 743 concupiscentiarum
2438 673 2518 743 (ιι)
2557 674 2692 729 cibis
2719 675 3058 730 continentia:
3083 675 3248 730 robur
3275 689 3431 729 ener-

1843 772 1933 818 vet
1958 781 1970 816 :
2005 779 2180 833 neque
2209 763 2462 819 mollibus
2487 764 2821 820 vestimentis
2839 766 3054 837 corpori
3076 765 3446 829 blandiamur;

1843 871 1945 910 nec
1992 871 2220 912 carneos
2269 863 2450 911 tactus
2503 863 2560 911 et
2610 856 2888 927 amplexus
2934 856 3148 913 illicitos
3191 856 3435 912 delicati.-

1846 947 1991 1003 male
2045 947 2262 1018 palpata
2310 947 2636 1016 tegminibus
2681 946 2921 1003 membra
2971 946 3044 1020 (e)
3082 947 3431 1018 disquatiant.

1844 1037 1923 1092 lta
1973 1037 2065 1093 fiet
2107 1046 2165 1093 ut
2204 1037 2257 1092 in
2289 1053 2616 1109 unoquoque
2641 1045 2886 1094 nostrum
2915 1039 3162 1094 omnibus
3189 1038 3436 1094 sensibus

1845 1128 2008 1183 castis
2027 1136 2084 1184 et
2105 1128 2226 1184 oleo
2247 1128 2506 1185 doctrina:
2534 1129 2704 1185 fidelis
2726 1129 2963 1195 imbutis,
2986 1128 3219 1198 virgines
3247 1144 3437 1184 omnes

1845 1222 2084 1292 quinque
2123 1221 2397 1292 sapientes
2433 1230 2709 1289 maneant,
2741 1222 2863 1278 oleo
2886 1221 2942 1276 in
2969 1220 3113 1277 vasis
3139 1220 3250 1276 suis
3277 1235 3437 1290 repo-

1845 1312 1972 1378 sito,
2003 1314 2411 1384 exspectatione
2440 1329 2630 1370 secura
2657 1313 2972 1383 quiescant,
3003 1312 3159 1368 facile
3187 1327 3314 1368 mox
3342 1327 3437 1382 pa-

1846 1401 2029 1457 randis
2057 1400 2262 1458 facibus
2297 1418 2600 1458 occursurae
2630 1419 2752 1459 cum
2795 1403 2971 1474 primo
3008 1402 3438 1472 supervenientis

1845 1493 2029 1562 sponsi
2059 1494 2289 1548 tumultu
2318 1493 2516 1550 fuerint
2543 1496 2805 1551 excitatae.
2837 1493 2968 1550 Nam
2992 1495 3046 1550 in
3065 1496 3228 1550 tantis
3249 1494 3437 1550 Eccle-

1846 1587 1938 1641 sia:
1965 1586 2177 1655 populis
2201 1629 2217 1654 ,
2270 1587 2321 1641 in
2368 1588 2562 1657 quibus
2589 1603 2697 1642 non
2723 1587 2898 1643 solum
2927 1587 3182 1656 virgines,
3213 1602 3437 1656 quarum

1847 1685 2027 1732 tamen
2056 1679 2336 1732 innumera
2364 1678 2654 1733 multitudo
2683 1687 2798 1744 est;
2842 1677 2940 1733 sed
2968 1685 3024 1733 et
3051 1678 3315 1732 maritatae
3340 1719 3355 1743 ,
3386 1686 3440 1731 et

1846 1767 2018 1823 vidua:
2063 1768 2290 1823 diversis
2339 1776 2396 1824 et
2437 1769 2677 1823 moribus
2703 1776 3001 1824 cernuntur
3040 1776 3096 1822 et
3143 1767 3437 1832 fructibus;

154 1860 282 1927 quia
307 1861 432 1931 plus
459 1878 544 1917 me
570 1864 724 1920 vobis
752 1881 912 1935 quam
941 1868 1073 1922 mihi
1104 1876 1291 1922 notum
1323 1883 1443 1923 esse
1472 1869 1741 1940 perspexi.
1778 1857 1824 1918 Β
1850 1875 1960 1915 non
2009 1859 2244 1914 arbitror
2288 1859 2392 1913 alia
2439 1859 2650 1914 ratione
2693 1859 2932 1928 quinque
2969 1865 3176 1913 tantum
3208 1858 3442 1926 virgines

154 1945 419 2020 Hymnos,
451 1968 587 2022 quos
614 1953 1002 2022 desiderabam,
1035 1958 1308 2027 accepisse
1327 1959 1569 2027 gratulor
1597 1978 1610 2013 :
1639 1975 1747 2029 quo

153 2054 407 2108 munere,
449 2043 646 2100 Sancte
675 2045 858 2111 frater,
905 2046 1230 2104 admonuisti
1276 2064 1383 2114 me,
1434 2059 1493 2105 ut
1521 2050 1748 2107 faculam

154 2143 338 2186 meam
387 2133 690 2202 diligenter,
723 2138 851 2192 dum
881 2147 1092 2210 tempus
1139 2151 1244 2210 est,
1297 2158 1646 2213 appararem,
1681 2159 1750 2199 ne

153 2237 279 2275 cum
308 2220 472 2279 fatuis
499 2227 835 2295 cxcluderer,
862 2231 906 2285 si
935 2247 1055 2286 cum
1079 2234 1408 2304 sapientibus
1435 2252 1542 2291 non
1569 2253 1753 2293 occur-

154 2327 363 2368 rercm.
407 2312 570 2373 Orate
616 2326 796 2373 autem
815 2359 830 2385 ,
862 2329 920 2374 ut
948 2330 1003 2375 et
1031 2323 1264 2392 virgines
1291 2335 1347 2381 et
1371 2325 1616 2383 fecundas
1643 2329 1751 2382 sint

153 2404 356 2459 animte
385 2415 617 2473 nostrm;
644 2410 759 2465 sine
784 2413 1066 2469 sterilitate
1109 2415 1361 2486 virgines,
1385 2420 1502 2475 sine
1527 2436 1750 2490 corrup-

155 2495 312 2551 tione
352 2496 614 2555 fecundae.
654 2499 771 2556 lioc
797 2505 939 2558 enim
986 2509 1242 2577 mysterio
1270 2517 1326 2564 et
1355 2511 1407 2564 in
1435 2511 1553 2579 lege
1579 2510 1749 2564 male-

151 2589 341 2646 dictus
369 2600 471 2658 est,
503 2593 596 2661 qui
625 2596 645 2625 ¹
674 2610 858 2650 semen
886 2598 940 2652 in
976 2597 1140 2654 lsrael
1181 2617 1287 2656 non
1325 2601 1571 2657 dederit:
1613 2613 1669 2658 et
1697 2604 1750 2656 in

152 2678 461 2750 Evangelio
498 2684 648 2752 virgo
676 2688 893 2755 sapiens
921 2689 998 2760 (ιι)
1027 2689 1224 2745 dicitur
1251 2708 1369 2762 qua:
1409 2693 1532 2749 oleo
1555 2709 1751 2763 procu-

149 2779 283 2826 rato
311 2772 459 2840 vigili
487 2776 864 2844 sollicitudine,
898 2789 1059 2835 uncta
1088 2782 1158 2848 (ε)
1177 2781 1313 2847 face,
1345 2783 1532 2851 sponsi
1559 2799 1753 2853 exspe-

146 2869 279 2914 ctat
299 2863 851 2937 adventumgjamque
892 2873 1130 2926 venienti
1160 2889 1266 2928 non
1308 2874 1754 2942 exstinguendum

150 2951 356 3017 pingui
387 2951 571 3007 fomite
601 2955 779 3011 lumen
807 2960 1076 3016 accendit.

234 3037 294 3091 2.
326 3039 470 3108 Ergo
491 3059 641 3099 mens
662 3056 845 3116 nostra
875 3047 1066 3106 fertilis
1086 3051 1200 3108 Deo
1219 3053 1308 3121 sit,
1333 3063 1388 3109 et
1417 3057 1534 3110 vita:
1553 3055 1756 3110 fructus

147 3128 422 3199 operibus
447 3131 603 3188 bonis
635 3137 828 3204 pariat.
877 3138 960 3194 Sit
987 3150 1043 3195 et
1070 3143 1288 3212 spiritus
1316 3147 1487 3214 virgo,
1521 3156 1579 3202 ut
1610 3147 1752 3202 nulla

1849 1950 2024 2007 fatuas
2069 1960 2126 2006 et
2172 1951 2394 2006 totidem
2431 1952 2704 2022 sapientes
2741 1965 2861 2005 esse
2904 1951 3132 2019 positas,
3167 1950 3268 2004 nisi
3294 1949 3440 2018 quod

1850 2051 2080 2113 utraque
2119 2058 2350 2114 persona
2393 2043 2446 2097 in
2477 2043 2642 2097 totius
2669 2041 2854 2112 populi
2883 2040 3232 2095 universitate
3259 2039 3440 2093 diver-

1850 2150 1940 2200 sa,
1967 2148 2222 2188 numerus
2265 2141 2447 2187 autem
2497 2133 2707 2187 ratione
2752 2130 3059 2201 supradicta
3088 2131 3358 2200 sigillalim
3387 2127 3441 2185 iit

1851 2227 2102 2282 omnibus
2143 2225 2482 2289 continetur;
2535 2234 2594 2279 ut
2640 2225 3006 2294 unusquisque
3054 2224 3106 2278 in
3150 2225 3442 2295 semetipso

1851 2325 1944 2373 aut
1989 2316 2181 2372 stultas
2224 2325 2318 2371 aut
2364 2316 2655 2387 prudentes
2702 2315 2900 2371 habeat
2929 2315 2987 2377 ⁸,
3038 2331 3138 2384 pro
3183 2315 3442 2384 qualitate

1851 2425 2106 2466 sensuum
2134 2425 2355 2465 suorum
2393 2427 2404 2461 :
2440 2409 2492 2463 in
2522 2409 2718 2479 quibus
2765 2406 3002 2478 providis
3029 2408 3267 2476 sapiens,
3297 2407 3442 2462 incr-

1855 2501 1996 2555 tibus
2025 2509 2206 2554 autem
2231 2500 2395 2553 stulta
2427 2499 2703 2567 virginitas
2727 2493 2829 2553 est.
2873 2498 3003 2552 Nam
3034 2498 3156 2553 ideo
3178 2507 3234 2552 et
3261 2496 3442 2562 fatuae,

1854 2593 1999 2646 sicut
2045 2592 2318 2661 sapientes
2363 2591 2415 2643 in
2445 2598 2596 2643 tanta
2623 2589 2707 2644 sui
2737 2584 3171 2642 dissimilitudine
3199 2586 3445 2641 similiter

1855 2682 2093 2748 virgines
2131 2680 2488 2749 appellantur,
2531 2679 2656 2747 quia
2685 2678 2978 2746 virginibus
3007 2675 3299 2731 secundum
3328 2689 3446 2728 car-

1856 2787 1980 2825 nem
2005 2771 2261 2825 sterilitas
2289 2767 2591 2832 inl‘ecunda,
2623 2767 2919 2824 secundum
2943 2768 3189 2837 spiritum
3210 2766 3446 2820 fructuo-

1855 2876 1916 2916 sa
1947 2861 2017 2931 (f)
2047 2861 2267 2914 castitas
2309 2857 2479 2912 adest.
2527 2858 2704 2923 Quare
2752 2873 2853 2912 nec
2901 2857 3172 2926 sapientes
3208 2854 3448 2910 sterilem

1856 2950 2216 3018 virginitatem
2243 2949 2477 3016 habent,
2509 2948 2634 3018 quia
2662 2949 2934 3018 sapientes
2961 2956 3113 3013 sunt;
3143 2962 3243 3007 nec
3270 2946 3446 3000 stulta:

1855 3042 2220 3109 fructuosam,
2265 3039 2390 3108 quia
2441 3039 2617 3093 stulta:
2653 3046 2797 3093 sunt.
2843 3038 3081 3104 Quarum
3112 3037 3281 3091 forma
3312 3036 3443 3090 mihi

1853 3131 2065 3186 videtur
2097 3145 2215 3185 esse
2243 3130 2503 3200 sapientia
2536 3129 2688 3200 hujus
2720 3129 2931 3192 mundi,
2958 3143 3076 3198 quae
3116 3128 3336 3182 stultitia
3373 3139 3447 3181 est

150 3219 330 3276 seculi
353 3234 731 3287 corrumpatur
758 3229 1032 3298 illecebra,
1061 3242 1116 3286 et
1143 3235 1211 3288 ab
1236 3237 1405 3298 ,omni
1436 3237 1555 3292 labe
1585 3237 1746 3292 vitio-

1861 3223 1990 3293 apud
2033 3222 2237 3286 Deum,
2285 3230 2341 3276 et
2385 3221 2642 3290 sapientia
2691 3223 2862 3275 carnis
2888 3217 2915 3258 ιι
2947 3259 2961 3283 ,
2993 3235 3112 3290 qua:
3143 3237 3267 3275 vere
3296 3221 3446 3287 virgo

154 3327 278 3364 rum
332 3311 541 3382 integer
579 3327 812 3373 maneat.
843 3319 1032 3376 Stulta:
1057 3325 1198 3396 enim
1231 3327 1462 3394 virgines
1491 3329 1593 3382 illa:
1619 3328 1751 3384 mihi

155 3402 416 3457 videntur
465 3406 656 3462 animm
684 3409 724 3473 ³,
767 3425 888 3480 quze
932 3413 1218 3471 virtutibus
1265 3419 1476 3474 steriles
1523 3431 1649 3475 sunt
1681 3419 1743 3486 τίς

157 3504 210 3550 et
237 3498 346 3589 ill.e
369 3498 641 3589 sapientes
662 3541 678 3566 ,
721 3516 841 3570 quae
863 3504 1003 3560 vitiis
1049 3507 1374 3582 incorrupte
1403 3523 1546 3569 sunt.
1589 3515 1752 3589 249

160 3588 404 3658 Denique
445 3588 497 3642 in
547 3599 774 3659 utroque
819 3594 1084 3663 virginum
1140 3614 1338 3668 genere
1377 3608 1615 3676 quinque
1655 3588 1750 3678 po-

161 3688 366 3734 nuntur
392 3718 408 3744 ,
461 3689 520 3734 ut
539 3681 864 3753 intelligatur
885 3727 902 3753 ,
950 3687 1020 3741 ad
1047 3705 1239 3748 sensus
1267 3693 1500 3752 hominis
1529 3697 1750 3769 integri-

163 3779 331 3823 tatem
365 3779 461 3824 aut
487 3775 889 3843 corruptionem
931 3779 1158 3836 referri:
1192 3799 1318 3838 nam
1361 3787 1598 3857 quinque
1629 3807 1754 3845 sen-

165 3860 306 3915 sibus
339 3876 528 3916 omnes
556 3864 763 3934 przcditi
791 3882 1003 3936 sumus,
1053 3887 1150 3940 per
1187 3888 1326 3944 quos
1353 3887 1447 3930 aut
1471 3878 1634 3933 vitam
1667 3897 1754 3935 re-

168 3954 407 4024 cepimus
437 3965 528 4010 aut
558 3967 806 4014 mortem.
850 3959 926 4015 De
956 3963 1085 4032 ipsis
1112 3967 1256 4021 enim
1277 3967 1467 4024 dolens
1492 3974 1754 4041 propheta

167 4043 290 4098 dicit
317 4063 330 4097 :
365 4045 512 4100 Mors
533 4048 760 4102 introivit
787 4067 880 4120 per
905 4053 1160 4122 fenestras
1186 4067 1380 4112 vestras
1399 4067 1447 4112 θ.
1482 4059 1628 4125 Quas
1655 4063 1754 4115 oh-

167 4144 437 4192 struamus
464 4139 657 4194 timore
687 4140 817 4205 Dei,
850 4149 909 4196 ut
937 4143 1005 4196 ad
1034 4160 1224 4199 omnes
1251 4147 1404 4202 istius
1432 4152 1613 4205 mundi
1645 4152 1753 4205 for-

167 4243 272 4282 mas
319 4236 381 4283 et
429 4245 588 4284 voces
627 4232 774 4285 surdi
819 4233 988 4287 simus
1025 4242 1081 4288 et
1109 4237 1275 4290 (neci:
1305 4239 1574 4307 sepiamus
1603 4257 1758 4297 aures

171 4327 384 4372 nostras
418 4320 587 4390 spinis
612 4331 801 4376 contra
833 4323 1068 4392 linguam
1098 4341 1327 4395 nequam
1357 4337 1413 4382 et
1441 4329 1754 4388 illecebrosa

169 4410 528 4466 modulamina
563 4414 624 4489 fg:
657 4424 950 4470 avertamus
973 4419 1152 4473 oculos
1184 4429 1386 4476 nostros
1406 4465 1421 4489 ,
1461 4440 1526 4478 ne
1551 4426 1756 4481 rideant

1855 3318 2020 3372 stulta
2047 3325 2164 3382 est,
2195 3317 2280 3387 (g)
2310 3315 2433 3384 quia
2469 3331 2571 3369 non
2608 3325 2685 3368 est
2709 3315 2894 3383 juncta
2922 3322 3083 3383 atque
3111 3313 3338 3384 subjecta
3366 3315 3443 3366 le-

1853 3411 1904 3482 gi
1942 3410 1953 3447 ί
1993 3418 2048 3464 et
2088 3409 2366 3480 sapientize
2409 3408 2543 3463 Dei:
2576 3416 2633 3463 et
2669 3409 2880 3462 lucerna
2921 3408 3034 3478 ejus
3064 3406 3220 3462 facile
3245 3408 3445 3459 exstin-

1855 3504 2028 3575 guitur
2057 3504 2069 3552 i
2098 3544 2114 3570 ,
2139 3501 2264 3572 quia
2294 3515 2403 3555 non
2433 3499 2598 3554 habet
2627 3498 2807 3554 oleum
2836 3497 3103 3562 veritatis,
3134 3512 3302 3551 vacua
3329 3495 3446 3565 Spi-

1853 3594 1988 3648 ritus
2035 3592 2244 3654 sancti,
2295 3605 2404 3659 quo
2433 3589 2623 3644 oculus
2648 3589 2872 3643 interior
2894 3588 3186 3642 luminatur
3216 3589 3234 3618 ⁸
3261 3595 3316 3642 et
3347 3588 3445 3642 im-

1854 3685 2140 3755 pinguatur
2152 3683 2344 3737 anima:
2369 3681 2755 3752 caputhquod
2784 3689 2867 3735 est
2897 3680 3024 3735 fides
3049 3681 3212 3752 250
3239 3689 3444 3746 nostra,

1857 3777 1946 3832 cui
1971 3776 2151 3830 oleum
2179 3783 2263 3830 est
2291 3774 2546 3829 doctrinae
2575 3774 2810 3829 cmlestis
2839 3772 3032 3828 inlusio
3071 3771 3079 3808 ¹
3105 3774 3128 3828 ‘l

1925 3887 1979 3941 5.
2019 3886 2203 3955 Itaque
2254 3887 2422 3942 oleum
2463 3887 2751 3958 peccatoris
2800 3903 2902 3940 non
2961 3887 3245 3957 impinguet
3293 3895 3446 3953 caput

1856 3986 2110 4041 nostrum,
2143 3993 2317 4046 neque
2345 3992 2544 4033 muscae
2574 3981 2848 4032 moritura:
2875 3977 3239 4031 exterminent
3267 3975 3446 4029 oleum

1857 4069 2179 4124 suavitatis:
2217 4076 2279 4122 ut
2313 4085 2530 4137 semper
2567 4069 2722 4122 nabis
2762 4075 2924 4137 caput
2952 4067 3198 4121 Christhs
3226 4065 3316 4127 sit,
3349 4080 3448 4119 nec

1859 4175 2096 4230 unquam
2123 4161 2143 4191 °
2183 4159 2400 4214 deficiat
2425 4161 2605 4214 oleum
2635 4160 2798 4228 capiti
2825 4167 3030 4223 nostro,
3062 4158 3188 4226 quia
3217 4171 3448 4224 unguen-

1861 4259 1966 4304 tum
2009 4251 2335 4304 exinanitum
2375 4259 2451 4302 est
2497 4265 2684 4302 nomen
2727 4249 2838 4319 ejus
2873 4265 2890 4302 :
2922 4257 2977 4302 et
3027 4257 3153 4301 tunc
3199 4244 3447 4300 omnibus

1861 4342 1942 4412 (Ii)
1974 4343 2227 4411 perfectis
2254 4342 2500 4396 sensibus
2543 4341 2742 4395 erimus
2791 4341 3021 4410 virgines
3069 4339 3371 4408 sapientes,
3400 4337 3445 4392 si

1861 4434 1916 4487 in
1941 4434 2100 4490 nobis
2140 4434 2397 4488 manserit
2426 4433 2704 4503 Sapientia
2736 4434 2859 4497 Dei,
2879 4444 2988 4503 per
3013 4448 3173 4502 quam
3200 4431 3337 4486 facta
3364 4439 3448 4486 est

171 4505 441 4556 vanitatem
489 4515 556 4558 ες
611 4507 949 4563 obstruamus
997 4517 1052 4564 ct
1095 4527 1250 4566 nares
1298 4525 1546 4572 nostras.
1591 4533 1660 4572 ne
1686 4521 1753 4574 de
1786 4517 2020 4578 Deliam
2071 4525 2125 4579 in
2168 4540 2396 4596 corpore
2445 4524 2671 4580 fecunda
2722 4525 3017 4593 virginitas.
3078 4522 3306 4578 Nimium
3347 4538 3446 4578 vos

230 4626 253 4653 ⁸
310 4616 461 4670 Psal.
504 4633 576 4675 Ix.
639 4616 704 4669 η
748 4627 802 4671 et
850 4619 930 4672 l5.

174 4683 382 4742 'Eccli.
452 4703 647 4750 xxvnl,
698 4688 782 4740 28.

171 4771 277 4820 cu,
310 4755 368 4809 5.
453 4757 466 4794 ¹
503 4756 656 4812 Cant.
693 4775 728 4823 ι,
758 4758 810 4814 2.

1035 4619 1064 4693 δέ
1127 4620 1268 4676 Psal.
1323 4641 1520 4693 cxxvn,
1561 4627 1614 4682 ὅ.

891 4701 914 4736 6
950 4689 1089 4745 Psal.
1122 4710 1312 4758 cxvm,
1370 4696 1458 4750 57.

1689 4644 1710 4704 ὲ
1753 4632 1893 4688 Psal.
1968 4653 2121 4704 cm,
2162 4639 2216 4692 6.

1555 4697 1579 4736 ιι
1607 4699 1626 4752 Ι
1656 4700 1779 4756 Cor.
1811 4720 1896 4770 ιιι,
1948 4707 2035 4761 19.

2317 4634 2344 4674 ἀ
2403 4638 2592 4692 Matth.
2640 4655 2764 4701 xxv,
2808 4639 2858 4694 5.

2119 4708 2133 4746 ί
2191 4709 2350 4763 Rom.
2383 4725 2490 4774 vm,
2519 4710 2571 4764 7.

2990 4649 3013 4676 ο
3063 4638 3170 4693 Jer.
3227 4654 3300 4703 Ix,
3351 4638 3440 4696 ΩΙ.

2672 4713 2684 4760 i
2726 4709 2885 4765 Prov.
2921 4725 3009 4776 xx,
3038 4709 3126 4765 20.
3226 4709 3250 4747 ¹ι
3299 4709 3441 4766 Psal.

235 4873 248 4889 ’
284 4871 438 4926 Alias
461 4872 548 4937 26,
583 4889 706 4942 pars
736 4872 798 4939 2;
821 4890 936 4943 quae
959 4886 1138 4931 autem
1171 4877 1229 4932 41
1266 4889 1399 4945 erat,
1433 4898 1574 4939 nunc
1603 4887 1655 4939 4.
1685 4885 1895 4960 Scripta
1926 4900 1982 4946 et
2019 4893 2180 4948 missa
2210 4908 2334 4947 cum
2362 4894 2642 4963 superiore
2661 4895 2806 4950 circa
2833 4910 3034 4949 annum
3067 4893 3188 4949 405.

172 5005 524 5091 Clun.,.Nol.,
559 5007 712 5091 Vien.
745 5018 801 5063 et
829 5010 1182 5091 editi-Chii“.
1214 5015 1614 5072 emendavimus
1644 5021 1750 5091 fer-

175 5096 292 5132 reos.
331 5078 473 5133 Ante
502 5088 620 5133 erat
642 5096 802 5134 wreos
835 5081 886 5134 in
909 5081 1036 5136 edit.
1071 5082 1235 5137 Rosv.

233 5156 303 5216 (a)
341 5148 418 5202 Ita
446 5166 572 5204 mss.
594 5149 806 5204 codices
835 5151 988 5205 Clun.
1017 5162 1070 5206 et
1103 5154 1252 5208 Vien.
1277 5172 1395 5211 cum
1418 5158 1543 5212 edit.
1570 5157 1747 5213 Chilﬂ.

176 5213 297 5273 Edit;
346 5219 850 5290 Rosv.,jmlicastis.
884 5238 982 5277 ms.
1011 5223 1147 5287 Nol.,
1171 5227 1428 5280 indicatis.

235 5291 306 5354 tbi
352 5290 668 5343 Addidnnus
689 5292 908 5344 verbum
936 5293 1124 5346 dicitur
1148 5310 1215 5348 ex
1241 5314 1336 5349 IIIS.
1383 5298 1574 5352 codice
1622 5299 1742 5352 Clu-

172 5359 403 5415 niacensi
433 5369 488 5414 et
518 5359 646 5416 edit.
679 5361 855 5415 Chiﬂi.

242 5441 309 5497 (ο)
353 5431 443 5484 Sic
472 5432 808 5498 reposuimus
848 5447 915 5486 ex
946 5448 1074 5487 mss.
1105 5435 1379 5490 codicibus
1411 5437 1530 5491 Nol.
1563 5447 1617 5491 et
1647 5440 1753 5492 Va-

175 5498 259 5554 tic.
293 5500 583 5554 Verissima
632 5501 789 5573 lectio
837 5504 1003 5570 petita
1032 5519 1097 5557 ex
1127 5504 1381 5573 Evangel.
1418 5507 1651 5561 Matthaai
1699 5527 1748 5563 (τ.

176 5583 299 5643 xxv,
329 5586 505 5640 eaque
550 5571 899 5625 conlirmatur
937 5590 990 5626 n.
1023 5573 1057 5626 2
1089 5584 1142 5628 et
1167 5589 1252 5643 ep.
1285 5571 1384 5640 ‘25,
1431 5593 1482 5630 n.
1529 5577 1614 5630 49..
1651 5579 1748 5632 Alii

177 5641 346 5704 codd.,
377 5651 534 5694 uncta
533 5643 715 5763 Iafacie,
759 5643 934 5697 minus
963 5643 1130 5708 bene;
1173 5641 1278 5698 non
1319 5648 1461 5700 enim
1509 5647 1749 5702 Christus

178 5711 424 5763 Diaecenit
453 5713 505 5763 in
577 5711 822 5763 vanuelio
859 5722 913 5763 ut
942 5722 1203 5763 nnaerent
1232 5715 1419 5763 faciem
1458 5734 1607 5763 suum
1643 5720 1749 5763 vir-

178 5711 424 5785 pizecepit
453 5713 505 5764 in
533 5711 822 5778 Evangelia
859 5722 1203 5785 utungerent
1232 5715 1419 5770 faciem
1458 5734 1607 5770 suam
1643 5720 1749 5771 vir-

178 5784 318 5852 gines
345 5791 720 5850 exspectantes
750 5784 929 5852 sponsi
953 5786 1258 5850 adventum,
1292 5787 1384 5840 scd
1414 5796 1464 5840 ut
1492 5789 1750 5843 haberent

180 5848 347 5905 oleum
375 5854 422 5906 in
445 5848 805 5924 lampadibus.

1928 5025 2005 5094 (tl)
2046 5025 2171 5080 Mss.
2204 5026 2606 5093 codicesClun.,
2632 5025 2782 5080 Vicn.
2812 5036 2867 5081 et
2889 5026 3018 5082 edit.
3051 5027 3247 5091 Chil‘ll.,
3281 5027 3438 5092 ribus,

1859 5095 2035 5150 minus
2065 5097 2220 5150 bene.

1931 5173 2006 5233 te)
2045 5165 2436 5235 Manuscriptus
2462 5167 2634 5222 codex
2665 5168 2979 5222 Viennensis
3008 5175 3062 5220 et
3084 5166 3211 5222 edit.
3237 5166 3438 5227 Chim.,

1861 5237 2180 5297 descateant,
2214 5236 2488 5291 mendose.
2522 5237 2619 5290 Ms.
2650 5236 2830 5300 Clun.,
2861 5238 3140 5290 descatent.

1935 5309 2006 5376 (fi
2047 5306 2436 5374 Manuscriptus
2465 5307 2644 5366 Clun..
2677 5308 2850 5361 codex
2885 5314 2938 5359 et
2967 5306 3050 5359 ed.
3081 5302 3281 5366 Chim.,
3308 5306 3441 5376 cari-

1865 5373 1967 5428 tas.
1997 5376 2101 5429 Sed
2127 5378 2263 5430 bene
2289 5373 2578 5442 respondet
2622 5383 2882 5446 fructuosa
2913 5376 3136 5446 castitas
3163 5373 3441 5426 secundum

1859 5447 2095 5516 spiritum
2120 5447 2413 5516 infecunda;
2441 5445 2702 5500 sterilitati
2729 5445 3007 5500 secundum
3034 5460 3260 5516 carnem.

1931 5515 2007 5585 (ῃ)
2050 5513 2227 5570 Etlitio
2265 5515 2517 5569 Chiﬂletii
2560 5532 2677 5570 cum
2708 5514 3044 5585 Cluniacensi
3075 5513 3439 5585 manuscripto

1858 5581 2042 5640 entheo
2065 5627 2080 5649 ,
2129 5588 2249 5656 quia
2291 5587 2389 5656 legi
2431 5597 2479 5639 et
2525 5588 2793 5656 sapientia:
2822 5584 2916 5635 Dei
2947 5599 3046 5634 non
3085 5591 3160 5634 est
3188 5581 3434 5653 subjecta.

1859 5657 2014 5726 Cujus
2037 5655 2246 5709 lucerna
2271 5655 2424 5725 facile
2451 5655 2811 5726 exstinguitur.

1931 5720 2006 5794 lli)
2050 5727 2172 5780 Mss.
2204 5720 2443 5779 Cluniae.
2477 5733 2531 5778 et
2563 5720 2713 5776 Vico.
2742 5739 2803 5776 ac
2835 5720 2962 5775 edit.
2997 5720 3194 5786 (ηψπ,
3227 5723 3438 5795 perfet’ti

1858 5797 2106 5849 sensibus.
2142 5795 2374 5865 Utraque
2402 5796 2558 5850 lectio
2589 5795 2746 5847 bona.
