4008 6346
509 338 620 406 $79

1659 334 1715 389 8.
1741 329 2016 388 PAUUNI
2053 326 2305 383 NOLANI
2343 326 2638 386 EPISCOPI

3667 336 3789 397 380

509 454 711 527 latigo,
760 464 816 513 et
860 455 989 512 mihi
1018 467 1286 525 praesumo
1312 452 1539 508 multum
1568 451 1637 508 de
1663 447 1921 521 patientia
1948 443 2086 501 cari-
2114 444 2165 503 Δ
2188 442 2425 512 pulcrius
2453 443 2507 497 in
2534 443 2751 498 Christo
2779 441 3041 496 formatus
3067 456 3147 505 es,
3176 441 3410 511 speciem
3440 448 3541 498 tua:
3573 445 3801 498 mentis

509 548 657 604 tatis.
714 545 819 603 Sed
849 547 928 618 (α)
960 551 1177 614 oportet
1203 549 1265 601 ut
1291 542 1504 598 audiam
1539 539 1882 599 Salomouem
1912 537 1966 591 in
1993 535 2091 591 Sa-

509 639 712 711 pientia
741 638 837 694 Dei
865 639 1209 708 loquentem,
1235 620 1295 691 ut
1319 634 1561 705 parcius,
1602 633 1670 689 ad
1697 629 2092 687 amantissimos

509 729 676 793 licet,
717 725 943 783 inferam
986 725 1137 781 verbi
1181 723 1396 795 pedem,
1425 738 1494 779 ne
1521 721 1702 779 satiati
1727 718 1939 777 oderint
1963 732 2086 775 me:

506 819 623 877 scio
649 827 852 886 autem,
878 816 1023 887 quod
1050 806 1187 877 sicut
1215 814 1394 879 odisse
1421 814 1542 883 quis
1558 829 1667 869 non
1686 819 1867 882 potest
1884 810 2090 865 viscera

504 925 625 973 sua,
654 911 730 964 ita
759 924 861 966 nec
889 925 986 969 vos
1012 892 1369 989 humilitatem
1386 900 1657 989 nostram,
1689 919 1850 975 quam
1871 903 2093 959 visceri—

505 1000 613 1059 bus
633 1000 829 1057 vestris
872 984 1277 1071 perm’iscuistis.
1306 984 1461 1064 'Pax',
1489 1004 1542 1051 et
1569 996 1789 1059 caritas,
1816 1001 1871 1048 et
1896 991 2089 1061 gratia,

502 1098 561 1148 et
580 1090 852 1149 humilitas
879 1088 1079 1149 Christi
1104 1088 1316 1145 Domini
1342 1086 1587 1142 altissimi
1636 1082 1870 1140 abundet
1907 1083 1961 1136 in
1990 1097 2089 1136 vo-

499 1177 609 1248 bis,
638 1168 1147 1247 benedicti,'lratres
1174 1178 1367 1239 merito
1394 1168 1730 1235 venerabiles
1761 1173 1838 1246 (b)
1870 1181 1926 1229 et
1951 1171 2088 1228 dile-

502 1271 748 1331 ctissimi.
1004 1260 1029 1267 ”
1236 1262 1239 1269 ’

970 1351 981 1367 ’
1016 1356 1346 1417 EPISTOLA
1378 1359 1395 1380 ⁶
1422 1354 1580 1413 XLII.

504 1469 738 1528 Latatur
780 1489 837 1528 se
884 1472 1145 1543 adeptum.
1171 1470 1431 1543 Florentii
1477 1469 1818 1543 Cadurcensis
1861 1468 2088 1543 episcopi

576 1542 860 1622 amicitiam
883 1558 903 1596 :
925 1538 1418 1622 iuumhcommendat
1434 1582 1448 1603 ,
1480 1540 1592 1621 ejus
1616 1555 1796 1622 preces
1820 1538 2087 1607 exposcit;

569 1611 1036 1683 pultuerrimasque
1060 1610 1249 1666 Christi
1278 1610 1454 1664 laudes
1484 1610 1753 1663 immiscet.

576 1703 898 1758 Beatissimo
919 1716 983 1757 ac
1007 1703 1205 1757 merito
1228 1701 1527 1756 venerabili
1561 1700 1637 1770 (c)
1666 1696 1809 1752 Patri
1837 1696 2087 1753 Fconzu:

502 1786 593 1851 vto
619 1794 714 1865 (V.
743 1803 861 1849 not.
895 1786 1041 1859 184),
1073 1791 1358 1848 ΡΑιιιιιιιιε.

574 1883 626 1938 1.
670 1883 937 1939 Laetamur
982 1882 1036 1938 in
1088 1882 1315 1938 Domino
1349 1882 1597 1937 visitatus
1624 1894 1723 1934 nos
1747 1878 1937 1934 litteris
1959 1892 2089 1933 san—

502 1973 704 2029 ctitatis
733 1983 856 2046 tuas,
887 1980 942 2028 et
968 1981 1310 2046 provocatos,
1340 1979 1400 2028 ut
1426 1972 1517 2043 qui
1548 1987 1721 2042 neque
1754 1971 1957 2027 notitia:
1985 1978 2090 2025 tua:

506 2064 658 2136 prius
681 2044 908 2133 gratiam
934 2044 1273 2133 gesseramus
1301 2066 1340 2128 ⁸,
1373 2078 1515 2118 nunc
1533 2062 1817 2132 repentino
1846 2060 1941 2116 Dei
1969 2056 2088 2115 mu-l

504 2169 639 2210 nere
667 2155 880 2225 plenam
911 2165 1015 2209 tuac
1041 2162 1316 2225 tamquam
1345 2155 1545 2209 veteris
1564 2152 1813 2209 amicitia:
1843 2152 2089 2207 ﬁduciam

501 2244 859 2303 sumeremus?
915 2240 1104 2299 Vinum
1126 2285 1140 2310 ,
1173 2246 1363 2314 inquit,
1402 2255 1451 2300 et
1481 2247 1677 2299 amicus
1704 2253 2014 2309 oeterascet,
2042 2253 2090 2298 et

501 2353 617 2391 cum
640 2340 890 2391 suavitate
916 2336 1055 2391 bibes
1084 2339 1249 2408 ipsum
1279 2339 1299 2368 ²
1333 2347 1381 2391 ⁸.
1430 2336 1572 2409 Ecce
1611 2338 1768 2392 istam
1805 2337 2083 2407 propheta

500 2428 822 2486 sententiam
850 2427 1430 2499 superavit‘sanctitas
1459 2436 1547 2482 tua
1577 2442 1695 2497 qua:
1718 2437 1821 2482 tam
1850 2426 2089 2498 perfecto

501 2515 727 2588 diligere
756 2533 856 2574 nos
884 2520 1049 2589 erepit
1078 2517 1300 2581 aﬂectu,
1347 2527 1407 2573 ut
1434 2519 1741 2574 inveterata:
1768 2520 1922 2574 nobis
1950 2519 2087 2574 dile-

500 2600 697 2664 ctionis
744 2610 1066 2666 suavitatem
1114 2612 1167 2665 in
1217 2612 1390 2681 prima
1420 2611 1578 2680 hujus
1607 2612 1821 2667 fmderis
1848 2612 2089 2668 novitate

501 2698 865 2769 reddiderint;
897 2699 955 2757 ut
984 2719 1092 2758 non
1123 2717 1345 2759 necesse
1374 2703 1669 2758 habeamus
1697 2713 1884 2774 optare
1912 2705 2086 2759 incre-

501 2802 682 2851 menta
730 2795 1008 2862 caritatis,
1056 2797 1208 2865 cujus
1249 2797 1612 2851 maturitatem
1660 2807 2086 2854 consummatam

499 2885 779 2956 principiis
839 2886 1232 2941 abundantibus
1278 2887 1604 2956 experimur.
1672 2885 1742 2941 Ut
1789 2888 2087 2944 ubertatem

505 2975 699 3029 anima:
736 2982 846 3029 tua:
900 2978 1107 3045 magnis
1156 2977 1393 3034 fontibus
1437 2996 1754 3049 comparare
1801 2983 2084 3050 possimus,

505 3064 598 3133 qui
628 3063 893 3135 originem
921 3078 1071 3119 suam
1096 3066 1206 3120 late
1230 3066 1452 3137 profuso
1481 3083 1576 3123 ore
1606 3078 1943 3140 rumpentes,
1974 3080 2086 3125 sta-

2194 530 2445 586 ostendit.
2475 530 2545 600 (e)
2578 531 2762 587 Sermo
2792 529 2958 597 enim,
2990 530 3184 599 inquit,
3216 532 3311 585 viri
3337 530 3531 584 indicat
3556 528 3633 584 de
3663 530 3787 592 illo.

2194 630 2250 676 et
2273 637 2340 676 ex
2362 621 2679 677 abundantia
2707 622 2878 677 cordis
2904 639 2964 676 os
2993 621 3215 693 loquitur
3240 619 3285 679 ί.
3614 676 3621 681 .

2266 709 2319 765 2.
2361 710 2552 767 Sermo
2581 713 2761 782 itaque
2788 720 2910 768 tuus
2936 710 3096 767 nobis
3122 710 3423 783 apostolico
3445 715 3554 769 sale
3586 713 3794 770 condi-

2196 810 2280 858 tus
2308 804 2575 873 expressit
2600 819 2847 874 saporem
2872 803 3057 873 gratiae
3085 813 3133 870 ες,
3165 818 3285 873 quae
3308 804 3403 860 tibi
3433 804 3556 860 data
3587 812 3712 872 est;
3735 816 3796 863 et

2192 893 2261 955 de
2305 894 2589 950 stillicidiis
2633 895 2894 950 labinrum
2948 901 3160 950 tuorum
3222 895 3547 964 gustavimus
3616 914 3793 969 quam

2192 983 2371 1038 suavis
2418 984 2490 1041 sit
2537 984 2588 1039 in
2638 994 2691 1040 te
2717 983 2976 1040 Dominus
3005 982 3059 1052 ιι,
3091 983 3183 1056 qui
3211 983 3383 1042 factus
3408 1002 3465 1041 es
3489 994 3542 1043 et
3565 991 3795 1060 positus

2193 1073 2247 1130 in
2274 1078 2435 1144 caput
2473 1077 2656 1146 populi
2677 1117 2694 1144 ,
2724 1076 2927 1134 electus
2953 1092 3022 1132 ex
3048 1077 3239 1133 ovibus
3268 1077 3323 1133 in
3357 1077 3528 1134 virum
3552 1080 3793 1150 gregis,

2193 1174 2253 1221 ut
2276 1179 2495 1235 regeres
2539 1181 2669 1224 oves
2712 1182 2925 1237 pascua:
2962 1168 3112 1237 ejus,
3139 1169 3233 1237 qui
3260 1168 3493 1223 animam
3521 1186 3624 1239 pro
3649 1172 3789 1225 ovi-

2191 1253 2292 1310 bus
2335 1256 2447 1311 suis
2487 1256 2667 1327 posuit
2705 1255 2749 1310 ί.
2808 1254 2955 1311 Idem
2992 1250 3163 1325 agnus
3198 1264 3253 1312 et
3284 1265 3469 1326 pastor
3494 1267 3648 1327 reget
3679 1273 3792 1314 nos

2191 1346 2245 1400 in
2293 1346 2493 1411 secula,
2547 1347 2641 1416 qui
2687 1360 2788 1402 nos
2824 1346 2893 1402 de
2929 1347 3068 1417 lupis
3111 1361 3242 1403 oves
3272 1347 3436 1414 ,fecit;
3477 1362 3789 1419 earumque

2192 1440 2335 1489 nunc
2354 1434 2535 1490 ovium
2559 1442 2744 1506 pastor
2771 1442 2855 1491 est
2877 1434 2947 1489 ad
2976 1428 3292 1502 custodiam,
3330 1450 3427 1506 pro
3453 1438 3650 1507 quibus
3674 1434 3789 1495 fuit

2191 1539 2359 1594 agnus
2383 1525 2435 1579 in
2463 1526 2733 1580 victimam
2764 1526 2811 1579 ἱ.
2845 1524 2944 1582 Hic
2982 1539 3111 1593 ergo
3138 1524 3398 1581 Dominus
3425 1533 3480 1581 et
3504 1526 3648 1583 Deus
3678 1544 3789 1584 no-

2192 1625 2321 1681 ster,
2344 1618 2436 1689 qui
2464 1621 2516 1672 in
2548 1621 2698 1673 terris
2738 1620 2875 1674 visus
2903 1626 3011 1686 est,
3060 1628 3111 1673 et
3136 1620 3270 1673 inter
3306 1620 3535 1674 homines
3560 1636 3787 1674 conuer-

2190 1715 2334 1762 satus
2361 1718 2439 1762 est
2464 1706 2491 1746 k
2518 1722 2620 1778 pro
2648 1707 2805 1763 nobis
2827 1749 2842 1775 ,
2891 1708 3007 1763 ovis
3055 1708 3108 1763 et
3151 1715 3337 1778 pastor
3385 1708 3438 1762 in
3479 1708 3639 1765 nobis
3664 1719 3784 1778 est,

2006 1849 2023 1865 ,
2074 1810 2077 1813 ‘
2118 1809 2164 1873 Β
2191 1797 2317 1869 quia
2346 1813 2446 1853 nos
2487 1796 2739 1853 invisibili
2778 1796 2970 1853 baculo
3000 1804 3056 1852 et
3094 1796 3317 1852 salutari
3342 1798 3490 1867 virga
3522 1799 3785 1854 intusre-
3852 1804 3855 1807 '

2200 1887 2276 1957 git
2304 1889 2346 1954 ‘,
2381 1895 2441 1943 ut
2468 1889 2629 1943 etiam
2658 1885 2703 1942 si
2734 1885 3069 1943 ambulemus
3096 1887 3151 1942 in
3176 1886 3367 1940 umbra
3396 1887 3585 1942 mortis
3609 1929 3625 1953 ,
3667 1902 3779 1944 non

2192 1978 2474 2034 timeamus
2501 1977 2643 2033 mala
2669 2020 2683 2046 ,
2727 1978 2851 2047 quia
2878 1976 3157 2032 nobiscum
3186 1976 3328 2032 Deus
3356 1982 3437 2031 est
3462 1974 3510 2041 1,
3556 1975 3778 2032 Emma-

2190 2071 2317 2127 nuel
2357 2070 2446 2126 ille
2475 2079 2551 2135 ’τις
2599 2069 2855 2124 Dominus
2900 2066 3198 2137 majestatis
3245 2074 3301 2122 et
3338 2066 3478 2122 filius
3519 2068 3769 2133 ancillae,

2191 2174 2419 2229 quorum
2450 2160 2516 2231 (Γ)
2540 2158 2683 2214 aliud
2708 2164 2926 2224 natura,
2955 2156 3099 2213 aliud
3124 2156 3295 2229 factus
3315 2166 3415 2213 est.
3449 2157 3593 2213 Idem
3623 2170 3777 2214 crea-

2190 2259 2279 2306 tor
2316 2250 2548 2306 hominis
2592 2258 2649 2305 et
2691 2250 2984 2318 redemtor,
3026 2246 3168 2304 Deus
3203 2263 3275 2304 ex
3319 2247 3452 2315 Deo,
3491 2249 3657 2304 homo
3678 2264 3776 2319 pro

2190 2343 2436 2407 homine;
2492 2341 2658 2398 Filius
2704 2340 2800 2397 Dei
2849 2349 2973 2396 ante
3016 2340 3219 2408 secula,
3250 2340 3389 2396 illius
3417 2342 3653 2397 hominis
3679 2359 3776 2413 pro

2189 2434 2371 2490 seculo
2402 2443 2462 2499 u;
2516 2433 2685 2489 forma
2733 2434 2877 2488 servi
2928 2448 3028 2502 pro
3076 2430 3323 2511 libertate
3368 2447 3682 2500 servorum;
3724 2440 3775 2488 et

2190 2540 2385 2593 pauper
2404 2523 2595 2594 factus,
2616 2530 2672 2577 ut
2695 2538 2959 2593 pauperes
2997 2538 3094 2577 sua
3123 2528 3363 2590 egestate
3386 2518 3688 2595 locupletet
3711 2528 3770 2577 οε

2189 2614 2314 2682 quia
2345 2614 2459 2687 ipse
2499 2620 2582 2668 est
2623 2614 2760 2667 dives
2798 2615 2852 2667 in
2887 2629 3064 2668 omnes
3093 2614 3267 2669 omnis
3296 2612 3421 2668 boni
3454 2624 3515 2680 r;
3548 2615 3637 2687 qui
3663 2631 3770 2669 om-

2189 2707 2277 2758 nia
2304 2708 2357 2759 in
2383 2704 2617 2760 omnibus
2644 2705 2953 2776 adimpletur
2981 2706 3065 2774 'q,
3098 2706 3362 2774 plenitudo
3406 2705 3704 2764 Divinitatis
3726 2718 3772 2775 τ,

2188 2812 2305 2865 spes
2332 2797 2561 2849 omnium
2597 2796 2779 2866 ﬁnium
2807 2804 2989 2862 terrae,
3031 2806 3079 2851 et
3107 2796 3160 2849 in
3181 2781 3336 2850 imari
3364 2797 3520 2867 longe
3552 2808 3609 2865 ⁸,
3640 2798 3773 2854 Deus

2190 2886 2438 2940 salutaris
2483 2892 2687 2949 noster,
2739 2885 2996 2939 mediator
3039 2885 3304 2938 hominum
3349 2896 3399 2939 et
3445 2884 3587 2952 Dei,
3632 2887 3772 2942 homo

2189 2976 2422 3032 Christus
2447 2974 2601 3032 Jesus
2632 2979 2651 3014 ί
2672 3016 2687 3042 ,
2717 2978 2810 3047 qui
2839 2986 2915 3031 est
2952 2979 3007 3031 in
3033 2977 3201 3048 gloria
3229 2975 3327 3031 Dei
3348 2976 3529 3032 Patris
3556 2987 3586 3014 ιι
3617 2993 3773 3048 super
3854 3020 3859 3024 .

2190 3083 2378 3123 omnes
2401 3069 2544 3123 Deus
2566 3068 2884 3125 benedictus
2912 3069 2966 3123 in
2986 3068 3187 3124 secula.

506 3158 605 3212 tim
635 3157 688 3211 in
732 3168 856 3213 ortu
903 3173 1001 3213 suo
1032 3157 1247 3213 [lumina
1276 3169 1420 3215 sunt.
1454 3161 1772 3217 Benedictus
1801 3167 1957 3236 251
1988 3165 2089 3218 ita-
2116 3176 2159 3238 ρ
2262 3159 2317 3214 5.
2358 3159 2458 3215 Hic
2493 3171 2623 3228 ergo
2642 3201 2658 3226 ,
2707 3160 2798 3229 qui
2826 3166 2881 3214 te
2910 3159 2964 3213 in
2993 3167 3193 3213 sortem
3224 3159 3599 3228 apostolorum
3623 3161 3774 3233 252

509 3264 615 3319 que
638 3248 918 3317 Dominus,
951 3250 1041 3321 qui
1072 3253 1304 3321 peccatis
1332 3255 1528 3309 nostris
1559 3256 1648 3310 tali
1677 3257 1844 3324 gratia
1873 3273 2091 3327 supera-

504 3341 766 3395 bundavit
784 3385 800 3410 ,
838 3350 897 3397 ut
927 3358 1024 3398 nos
1052 3358 1154 3399 nec
1178 3344 1365 3398 notitia
1391 3353 1480 3399 tua
1512 3346 1726 3415 dignos,
1759 3348 1922 3403 etiam
1950 3348 2090 3404 cari-

510 3439 622 3486 tate
670 3431 897 3499 ditarct;
949 3441 1004 3489 et
1049 3434 1259 3488 minore
1301 3434 1562 3490 hactenus
1590 3436 1733 3491 bono
1763 3438 2088 3506 carentibus,

502 3528 630 3577 ‘eum
687 3516 880 3579 vestra:
933 3526 1232 3596 corporalis
1288 3527 1495 3593 notitia:
1521 3542 1759 3583 essemus
1815 3539 2088 3600 expertes,

509 3621 661 3668 tanto
691 3615 864 3684 majus
907 3615 974 3671 de
1020 3625 1074 3672 te
1101 3632 1296 3674 munus
1322 3618 1558 3685 indulsit,
1603 3628 1803 3687 quanto
1832 3622 2010 3691 potior
2037 3623 2091 3677 in

502 3704 731 3760 homine
749 3708 1046 3762 substantia
1067 3706 1149 3765 est
1172 3711 1410 3778 spiritus,
1442 3727 1601 3780 quam
1621 3726 1767 3766 caro.
1801 3712 2091 3784 Propterea

512 3796 753 3850 exsultat
779 3812 875 3851 cor
902 3807 1166 3866 nostrum,
1196 3810 1252 3854 et
1279 3802 1487 3870 repleto
1507 3803 1712 3870 gaudiis
1727 3819 1820 3859 ore
1844 3804 2088 3863 dicimus.

512 3882 873 3957 Magniﬁcauit
916 3887 1169 3943 Dominus
1213 3888 1385 3961 facere
1430 3892 1694 3946 nobiscum
1742 3893 1769 3931 lt
1794 3934 1809 3957 ,
1851 3898 2093 3966 quoniam

511 3979 802 4052 pratvenisti
831 3994 927 4033 nos
974 3980 1031 4034 in
1069 3980 1420 4036 benedictione
1464 3983 1754 4037 dulcedinis
1802 3995 1953 4055 sper
1976 3987 2094 4041 elo-

412 4113 421 4122 .
498 4068 637 4139 quia
661 4076 867 4136 sancta,
897 4078 955 4126 et
976 4071 1115 4126 sicut
1128 4082 1395 4143 argentum
1413 4084 1688 4146 purgatum
1712 4078 2012 4131 examinata
2026 4076 2090 4131 δε

511 4158 732 4215 visitaus
755 4176 889 4227 nos,
913 4169 983 4215 .ut
1011 4162 1091 4232 (ά)
1122 4162 1231 4217 dixi
1249 4203 1266 4230 ,
1292 4172 1347 4219 et
1373 4165 1614 4220 excitans
1639 4165 1708 4220 de
1736 4166 1963 4235 pigritia:
1991 4182 2096 4223 no-

508 4257 637 4303 atrae
661 4251 767 4306 situ
796 4250 865 4305 ad
892 4252 1289 4307 observantiam
1326 4255 1567 4309 caritatis
1594 4263 1716 4310 tum.
1757 4255 1816 4311 In
1845 4272 1949 4327 qua
1974 4258 2096 4328 qui-

512 4337 634 4397 dem
661 4353 771 4394 non
811 4341 1173 4396 somnolentia
1201 4342 1626 4411 dormiebamus,
1675 4346 1772 4401 sed
1796 4347 2095 4415 ignorantia

513 4427 821 4485 silMus.
872 4430 957 4486 Sit
986 4447 1118 4501 ergo
1146 4449 1333 4488 nomen
1357 4433 1569 4489 Domini
1597 4436 1919 4493 benedictum
1949 4448 2004 4495 ο.
2034 4447 2091 4494 et

2193 3268 2411 3309 suorum
2431 3253 2678 3323 dignatus
2699 3254 3042 3321 assumsit“,
3061 3264 3118 3308 ut
3144 3269 3332 3309 eorum
3355 3262 3473 3309 arte
3501 3254 3775 3310 hominum

2192 3345 2432 3415 piscator
2458 3344 2718 3400 existeres
2748 3352 2774 3380 ³
2803 3387 2817 3413 ,
2874 3353 2929 3399 et
2955 3344 3024 3399 de
3049 3343 3245 3398 amaris
3273 3345 3647 3415 acprot'nndis
3671 3344 3773 3402 hu-

2191 3437 2281 3507 jus
2317 3437 2486 3492 seeuli
2533 3434 2781 3491 ﬂuctibus
2821 3435 3192 3492 vivificandam
3230 3437 3412 3505 potius
3442 3450 3601 3507 quam
3633 3440 3774 3509 peri-

2194 3527 2443 3585 mendam
2468 3529 2580 3585 Deo
2607 3528 2844 3599 pmdam
2874 3528 3035 3584 hamo
3062 3528 3215 3597 verbi
3243 3530 3494 3585 salutaris
3533 3532 3775 3587 extrahe-

2195 3637 2284 3677 res
2308 3662 2323 3689 ,
2371 3621 2518 3692 quod
2560 3622 2745 3689 utique
2785 3619 3027 3692 quotidie
3070 3620 3219 3676 facis.
3276 3621 3375 3676 llic
3414 3620 3580 3684 Deus,
3611 3624 3776 3692 quite

2197 3714 2499 3784 adjutorem
2543 3711 2914 3768 :edilicationis
2956 3719 3010 3769 et
3042 3712 3274 3769 culturae
3303 3729 3413 3768 sua:
3443 3714 3572 3770 fecit
3600 3726 3661 3782 F,
3691 3715 3778 3785 qui

2194 3809 2469 3865 insinuare
2495 3805 2744 3877 dignatus
2772 3813 2856 3861 est
2882 3803 3223 3861 dilectionem
3245 3805 3562 3861 humilitatis
3584 3817 3780 3863 nostra:

2196 3897 2409 3955 sublimi
2458 3910 2559 3967 per
2602 3892 2959 3950 humilitatem
3009 3895 3190 3950 cordis
3241 3895 3433 3950 anima:
3479 3903 3603 3957 tuae,
3656 3897 3779 3965 quia

2195 3989 2554 4063 proculdubio
2604 4001 2701 4057 per
2746 3985 3214 4041 mansuetudinem
3258 3986 3374 4041 ovis
3397 3995 3453 4041 et
3477 3987 3602 4056 agni
3630 3990 3778 4044 inno-

2197 4082 2430 4139 centiam
2459 4084 2645 4149 pastor
2672 4092 2791 4132 esse
2810 4077 3085 4143 meruisti;
3114 4076 3213 4133 hic
3231 4086 3311 4145 te,
3345 4078 3590 4149 inquam,
3622 4080 3776 4145 Deus,

2198 4173 2289 4244 qui
2324 4177 2593 4226 amantem
2633 4168 2804 4224 nostri
2845 4165 3024 4223 facere
3052 4168 3321 4238 dignatur,
3354 4183 3463 4222 non
3490 4170 3645 4239 juxta
3671 4184 3778 4225 me-

2199 4264 2360 4318 ritum
2386 4262 2586 4317 malum
2615 4259 2808 4326 facies,
2841 4259 2933 4315 sed
2960 4258 3255 4314 secundum
3286 4257 3502 4314 divitias
3531 4260 3779 4314 bonitatis

2198 4368 2325 4419 suae,
2356 4360 2417 4407 ut
2461 4351 2618 4408 nobis
2659 4349 2983 4420 adjutorium
3016 4348 3084 4404 de
3129 4348 3429 4419 patrocinio
3474 4351 3778 4404 orationum

2201 4451 2416 4499 tuarum
2438 4482 2454 4507 ,
2506 4441 2603 4496 tibi
2644 4454 2884 4506 merces,
2929 4438 2999 4494 de
3023 4438 3393 4508 proximorum
3422 4439 3587 4493 etiam
3614 4440 3782 4493 mino-

514 4520 735 4610 intente
766 4524 823 4578 in
864 4524 967 4583 hoc
1000 4525 1163 4580 etiam
1192 4541 1359 4596 opere
1384 4527 1600 4595 pietatis
1622 4544 1732 4582 suae
1749 4570 1763 4595 ,
1804 4544 1913 4598 quo
1939 4530 2093 4599 igno-
2122 4552 2173 4611 ο
2198 4547 2319 4591 rum
2338 4535 2360 4566 ⁷
2394 4544 2587 4600 magna
2608 4531 2835 4586 caritate
2863 4529 3163 4585 cumuletur
3192 4537 3214 4564 ι
3236 4570 3251 4597 ,
3282 4542 3580 4583 memorem
3611 4537 3665 4584 te
3687 4544 3782 4584 no-

516 4612 777 4689 tantibus
808 4615 863 4675 in
909 4631 1073 4673 carne
1113 4616 1306 4674 faciem
1354 4627 1530 4682 tuam,
1564 4620 1703 4701 hanc
1726 4623 1944 4690 potius,
1991 4638 2098 4694 qua

586 4736 614 4763 ἰ
643 4726 917 4798 Eccli.-tx,
949 4727 1035 4784 15.
1110 4728 1139 4769 ιν
1170 4727 1308 4783 Psal.
1334 4746 1492 4798 ουν,
1518 4730 1568 4786 5.
1666 4745 1688 4772 ι’
1723 4732 1861 4789 Psal.
1890 4752 1940 4791 x.
1969 4738 2021 4792 ι.

2204 4625 2304 4681 stri
2353 4628 2614 4693 perpetuo
2654 4619 2845 4684 faciat;
2905 4617 3156 4675 omnibus
3208 4617 3545 4674 orationibus
3581 4620 3688 4674 tuis
3732 4628 3784 4673 et

2110 4740 2137 4778 ἀ
2163 4739 2303 4794 Psal.
2327 4754 2401 4802 xi,
2427 4736 2480 4791 7.
2558 4745 2582 4774 ο
2605 4733 2729 4802 Job,
2802 4748 2839 4796 ι,
2869 4733 2969 4800 2|;
3003 4734 3144 4788 Psal.
3195 4748 3324 4797 cm,
3339 4730 3426 4802 A2:
3478 4722 3623 4789 Psal.
3675 4751 3781 4798 cut.

515 4794 634 4875 §l._
712 4798 731 4835 τ
766 4794 981 4875 Matth_._
1000 4815 1103 4875 xu_,
1135 4800 1254 4875 Δἒ⁷>1ν;
1282 4794 1530 4875 Luc.__vi,
1561 4802 1648 4875 ιιξς.
1726 4815 1751 4851 ις
1779 4804 1896 4860 Col.
1938 4823 2010 4875 iv,
2040 4810 2090 4864 6.

2222 4808 2362 4864 Psal.
2388 4794 2582 4870 'sxxui,
2614 4804 2667 4859 9.
2716 4794 2766 4842 ’ί
2798 4794 2983 4875 ῐῐίςᾴ.
3018 4820 3105 4875 xv,
3126 4803 3239 4875 '_l7;_
3286 4794 3485 4875 11188.-
3523 4820 3634 4869 xvi,
3683 4804 3737 4856 11
3765 4794 3783 4869 ξ

517 4866 656 4927 Psal.
690 4882 887 4945 Lami,
922 4868 1023 4933 70;
1066 4869 1259 4924 Johan.
1296 4888 1346 4935 χ,
1376 4870 1459 4926 15.
1518 4866 1553 4924 Vi
1588 4872 1780 4928 .lohan.
1812 4891 1846 4938 ι,
1880 4866 2147 4945 29ςἸδειί.
2178 4894 2297 4943 Lm,
2330 4877 2382 4930 7.
2459 4875 2486 4914 κ
2524 4866 2750 4930 Baruch.
2782 4889 2858 4936 ut.
2891 4866 2980 4928 53-

517 4952 603 4979 \'ll,
646 4936 726 4979 IL
832 4938 1046 4979 "Matth
1103 4952 1117 4979 I
1164 4939 1257 4979 Ιίῖο
1295 4938 1401 4979 [Ann
1448 4959 1483 4979 n
1531 4943 1563 4979 ’1
1662 4956 1686 4979 ι)
1717 4943 1756 4979 ΙΙ
1779 4945 1887 4979 Γιιιι
1935 4964 2025 4979 ιη..
2071 4949 2104 4979 α
2219 4960 2243 4979 n
2275 4947 2408 4979 Dnm
2467 4963 2495 4979 ν
2552 4943 2618 4979 IQ
2714 4942 2879 4979 anh
2933 4959 2950 4979 ι

1716 4943 1757 4998 ll
1779 4945 1904 5000 Cor.
1935 4943 2045 5013 viti,
2071 4949 2122 5002 9.
2218 4960 2243 4998 ρ
2275 4947 2431 5002 Rom.
2465 4963 2515 5009 ιι,
2552 4943 2636 4998 12.
2714 4943 2772 4994 al

1739 5015 1822 5071 H.
1900 5028 1925 5054 ν
1957 5019 2074 5075 Act.
2122 5019 2287 5084 1,20;
2333 5016 2452 5072 Col.
2484 5031 2521 5078 ι,
2581 5014 2668 5068 l2.
2747 5022 2772 5049 ³

515 4952 607 4997 vn,
646 4936 760 5009 ti.‘
832 4948 856 4974 ἰ
881 4938 1067 5009 Matth.
1103 4939 1258 5009 1,16;
1290 4938 1419 4996 Luc.
1448 4959 1503 5007 ιι,
1531 4943 1579 4996 7.

516 5021 658 5070 thv,
681 5007 736 5060 (ἰ.
844 5011 857 5044 ι
894 5008 914 5061 l
944 5009 1082 5064 Tim.
1132 5025 1187 5075 ιι,
1220 5007 1280 5064 ’5.

1358 5022 1380 5048 υ
1415 5010 1605 5083 Philip.
1650 5031 1707 5080 ιι,
1739 5015 1822 5071 11.

519 5084 543 5119 ι
574 5074 763 5133 Matth.
797 5093 920 5144 xxv,
953 5078 1041 5135 40.

3066 4873 3079 4912 ι
3123 4871 3262 4928 Psal.
3296 4888 3425 4937 uti,
3459 4873 3511 4926 4.
3591 4884 3631 4911 ω
3664 4874 3785 4928 Isai.

2218 4960 2243 4998 ι)
2275 4942 2431 5002 Rom.
2465 4963 2515 5009 ιι,
2552 4943 2636 4998 12.
2714 4955 2740 4993 (ι
2765 4942 2901 5010 Eph.
2933 4959 2971 5010 ι,
2994 4942 3082 4997 23.
3163 4954 3183 4981 τ
3212 4942 3329 4997 Col.
3373 4957 3428 5005 tl,
3453 4942 3504 4997 9.
3589 4952 3611 4977 ⁸
3644 4943 3784 4996 Psal.

2857 5015 2992 5068 atth.
3025 5028 3098 5077 tv,
3153 5011 3239 5066 19.
3316 5021 3346 5060 γ
3395 5012 3573 5067 lCor.
3624 5029 3702 5079 ιιι,
3731 5012 3785 5065 9.

591 5172 609 5193 '
647 5170 796 5227 Alias
835 5173 938 5239 32;
982 5188 1103 5243 qua:
1130 5184 1307 5231 autem
1338 5170 1407 5229 i2
1443 5185 1593 5240 erat,
1628 5193 1769 5233 nunc
1794 5177 1848 5232 6.
1879 5178 2091 5252 Scripta
2132 5181 2271 5237 circa
2302 5192 2499 5234 annum
2528 5173 2650 5230 405.

587 5282 667 5356 (α)
702 5282 1052 5356 Manuscripti
1098 5288 1309 5343 codices
1355 5288 1509 5345 Clun.
1546 5300 1601 5344 et
1634 5291 1787 5349 Vicn.
1819 5310 1940 5349 eum
1970 5295 2096 5348 edit.

2279 5293 2357 5363 (ά)
2395 5290 2485 5347 Sic
2509 5289 2929 5363 reposuimusex
2959 5302 3070 5363 ms._
3095 5285 3282 5340 codice
3310 5284 3602 5363 Viennensi
3621 5327 3639 5351 ,
3668 5303 3793 5340 cum

511 5350 776 5434 _Chilllet.,
826 5350 1027 5427 oportet
1071 5359 1285 5413 audiam
1324 5358 1658 5419 Salomonem
1703 5365 1957 5434 sapientia
2002 5363 2102 5419 Dei
2206 5350 2503 5434 ante'csset
2537 5350 2594 5434 u_'t
2628 5359 2781 5414 dixit.
2830 5356 3110 5413 Correctio
3134 5364 3319 5411 nostra
3339 5355 3690 5411 conﬁrmatur
3716 5370 3788 5412 ex

514 5423 826 5498 inquamin.

595 5495 669 5565 (li)
706 5494 887 5552 Editin
917 5497 1108 5563 Rosv.,
1140 5515 1202 5552 ac
1230 5499 1587 5565 dilectissimi;
1617 5510 1671 5556 et
1699 5498 1881 5555 addit:
1917 5501 2101 5559 Valete

522 5564 575 5618 in
603 5563 855 5622 Domino.

592 5637 643 5705 (ς
705 5634 783 5705 lta
828 5652 956 5705 mss.
1006 5635 1222 5690 codices
1268 5635 1435 5705 Reg.,
1465 5636 1583 5692 Vat.
1617 5648 1672 5694 et
1699 5640 1853 5695 Vien.
1886 5653 1941 5697 et
1968 5642 2096 5697 edit.

522 5700 677 5767 Bad.,
698 5703 1065 5781 (Erin_._,Rosv.
1092 5714 1148 5781 et
1176 5700 1391 5781 quidem
1418 5700 1590 5769 recte,
1623 5727 1745 5763 cum
1782 5710 1848 5764 ad
1891 5712 2099 5781 episco-

563 5787 650 5851 unt
712 5772 961 5851 Paulinus
1008 5772 1243 5851 nonduin
1286 5779 1567 5848 episcopus
1590 5772 2094 5851 .scripscrit.'Edit.

552 5841 687 5903 irav.
711 5852 767 5901 st
787 5842 995 5909 Sehot.,
1023 5847 1192 5917 (miri.

2208 5434 2361 5489 initio
2387 5430 2649 5489 epistolae.

2279 5444 2361 5562 (teli?
2387 5444 2909 5555 famlngaulinus
2953 5498 3111 5566 epist,
3154 5495 3224 5566 1ξι
3263 5495 3333 5550 ad
3358 5493 3789 5566 Pammachium.

2206 5591 2258 5630 η.
2285 5572 2338 5626 2.
2375 5570 2567 5626 Verum
2589 5570 2701 5625 haec
2730 5583 2905 5637 neque
2932 5564 3070 5637 apud
3093 5564 3252 5628 LXX,
3273 5579 3453 5637 neque
3474 5564 3795 5637 invulgati:

2205 5643 2489 5703 habentur,
2522 5638 2609 5695 ubi
2639 5632 2902 5708 ingressus
2924 5632 3146 5708 hominis
3167 5632 3397 5691 enuntiat
3417 5635 3483 5708 de
3500 5632 3617 5708 illo.

2275 5713 2346 5781 (fl
2386 5710 2487 5781 Bis,
2492 5704 2791 5781 repositum
2821 5715 2904 5781 est
2931 5705 3076 5760 aliud
3103 5720 3171 5761 ex
3200 5719 3327 5760 mss.
3352 5704 3630 5761 codicibus
3655 5704 3796 5773 Reg.

2178 5791 2255 5838 .et
2285 5777 2437 5836 Ἥρη.
2471 5777 2575 5835 Ed;
2603 5779 2783 5846 llosv.,
2818 5777 3056 5835 alterum.
