2004 3173
86 192 132 220 581

768 187 933 216 EPISTULA
953 187 1040 215 XLIII.

1662 188 1716 219 53!

86 250 266 280 oblationibus
282 257 373 277 curam
390 254 486 276 nostra!
500 248 593 276 salutis
613 247 775 278 immisceat,
797 253 831 273 ne
846 246 871 273 in
887 248 912 275 Λ
924 252 1060 272 ceasurum
1080 251 1255 280 praesumam;
1272 253 1325 273 non
1340 246 1479 281 ambigens
1501 251 1602 274 tantam
1615 247 1717 275 habere

86 296 272 324 etl‘endiculum
293 295 370 322 nobis
388 295 497 322 accedat
510 298 583 321 tanta
599 294 664 325 ista,
682 300 735 327 qua
749 293 760 308 '
773 292 872 326 gloria-

85 350 141 369 ntur
153 342 178 368 in
194 341 320 374 Domino,
336 345 387 367 tuze
401 340 550 367 dilectionis
566 339 710 374 impensio,
726 338 747 365 si
763 345 872 372 rapaces

86 387 276 414 indomitorum
300 394 425 413 sensuum
447 385 546 413 bestias
565 385 663 412 vestitu
677 384 766 411 ovium
782 387 874 411 conte-

85 439 176 466 gamus
193 438 216 458 ιι.
242 431 287 459 Sic
311 432 390 466 igitur
412 439 459 458 ora
473 452 480 463 ,
504 431 590 458 donec
605 438 711 462 exores,
728 434 756 457 ut
767 429 813 456 flat
827 436 874 456 cor

86 482 205 505 nostrum
221 477 419 504 immaculatum
436 477 461 504 in
478 481 623 512 conspectu
638 476 762 508 Domini,
779 479 808 502 ut
821 484 873 502 non

85 522 279 550 confundantur
299 520 314 540 δ
332 529 419 556 neque
442 522 518 549 simul
543 521 682 548 trahamnr
704 528 765 548 cum
786 520 817 547 iis
832 521 874 556 qui

85 568 223 602 loquuntur
246 575 334 602 pacem
351 576 408 594 cum
423 568 541 602 proximo
561 575 620 599 suo,
636 566 703 593 ntala
718 571 801 593 autem
815 570 875 593 sunt

84 614 110 641 in
121 614 243 641 cordibus
255 623 342 641 eorum
356 621 384 647 c;
400 614 449 658 sed.
462 614 552 649 lingua
571 618 597 641 et
612 618 701 640 mente
716 613 873 644 concordes.

84 660 165 687 corde
188 660 328 687 credamus
354 660 386 687 ad
405 660 539 694 justitiam
552 679 559 691 ,
586 667 634 686 ore
653 659 827 686 conﬁteantur
842 658 875 685 ad

84 707 166 733 vitam
177 705 202 733 ἀ.
224 706 261 733 Ita
280 706 387 733 demum
412 707 498 742 pictas
516 713 569 740 qua
584 713 633 733 nos
646 705 743 739 diligis,
760 705 807 732 tibi
822 704 876 731 fru-

84 756 179 779 ctuosa
194 751 334 783 referetur,
355 752 377 778 si
399 756 452 778 tam
468 751 564 778 eflicax
575 758 623 786 pro
637 751 715 777 nobis
729 751 815 777 oratio
831 754 874 777 tua

84 797 179 831 fuerit,
195 803 225 824 ut
237 805 252 824 a
270 803 360 825 nostra
375 798 496 825 terrestri
516 798 604 832 specie
618 797 746 824 dentntati
762 796 787 823 in
802 800 874 823 tuam

83 842 285 869 similitudinem
300 843 501 876 transferanturI
519 847 547 870 ut
561 843 667 869 caelestis
681 842 797 868 hominis
807 842 874 868 inta-

82 888 169 923 ginem
184 888 241 923 pari
255 889 369 915 veritate
384 894 508 923 gestamus
523 894 545 914 υ.

923 294 950 318 te
963 291 1130 326 patientiam,
1146 295 1272 325 quantam
1288 292 1370 319 habes
1385 292 1534 319 caritatem.

1170 346 1337 374 EPISTOLA
1353 349 1361 357 '
1376 346 1466 379 XLIII.

925 390 1040 418 Excusat
1060 391 1187 419 Victorem
1202 392 1269 427 quod
1290 393 1373 419 serius
1396 393 1430 419 sit
1449 378 1583 424 reserauit,
1607 400 1717 420 causam

960 427 1049 453 hiemis
1066 431 1249 462 tempestatem,
1265 432 1289 454 et
1298 427 1437 462 adversam
1457 427 1512 462 ejus
1527 427 1716 457 valetudinem.-

961 466 1012 488 tum
1027 470 1073 496 pro
1092 463 1184 489 (sitam
1199 462 1247 489 sibi
1261 470 1276 488 a
1291 461 1426 489 Desiderio
1441 461 1589 497 presbytero
1603 463 1717 497 explica-

963 497 1058 522 tionem
1073 470 1277 522 gettedictianum
1289 498 1497 522 ntriarchartmt
1511 498 1645 522 excellenti
1666 499 1715 522 hu-

963 498 1058 524 tionent
1073 498 1277 524 benedictionum
1289 498 1497 532 patriarcharum
1511 498 1645 524 excellenti
1666 499 1715 524 Im-

960 533 1070 559 militate
1083 532 1117 559 ad
1131 533 1265 566 ipsummet
1284 533 1383 567 reﬁcit;
1399 538 1423 559 et
1439 534 1494 567 ipse
1513 533 1719 560 maledictionent

961 567 1079 602 ﬁculnea:
1093 575 1109 594 a
1124 567 1234 595 Domino
1249 568 1391 603 irrogatth
1405 568 1535 603 sapienter
1547 568 1663 602 exponit.

961 612 1062 640 Sancto
1077 618 1104 640 et
1118 614 1214 641 merito
1225 614 1371 641 venerabili
1385 614 1471 648 fratri,
1487 618 1514 641 et
1529 614 1568 649 (ά)
1583 613 1719 641 desidera-

926 658 1030 686 tissimo
1044 659 1188 687 DESIDERIO
1210 659 1257 694 (V.
1274 664 1331 687 not.
1347 659 1408 695 185)
1426 659 1619 687 desideriorum
1642 666 1717 686 meo-

926 711 994 735 rum,
1020 702 1152 731 PAt‘Ltsus
1172 708 1200 731 et
1218 703 1350 731 THI-ZRASIA
1373 709 1540 739 peccatores,
1563 704 1589 731 in
1612 703 1719 731 Christo

927 747 1041 774 Domino
1053 748 1178 775 salutem.

963 791 988 818 I.
1009 791 1048 819 Ad
1060 796 1086 819 te
1100 792 1208 819 brevem
1223 793 1363 828 epistolam
1376 793 1449 828 (Non
1464 798 1548 822 exstat
1564 794 1619 821 hac
1628 794 1719 829 episto-

926 837 963 871 la)
976 838 1031 871 jam
1047 836 1092 864 diu
1106 841 1168 864 ante
1191 838 1225 872 le)
1242 838 1317 866 fratri
1333 837 1436 866 Victori
1455 839 1624 873 dederamus,
1638 847 1719 873 quam

927 886 955 908 et
970 882 1054 916 ipsam
1070 881 1181 917 perferri
1195 883 1228 910 ad
1242 884 1412 912 sanctitatem
1428 889 1500 912 tuam
1515 885 1605 916 volui,
1627 889 1656 912 ut
1669 885 1720 920 ipsi

117 934 143 961 4.
166 935 241 961 Tunc
252 942 315 961 vere
330 935 430 962 erimus
439 935 473 962 de
488 939 532 961 tua
547 935 659 961 caritate
671 933 771 965 felices,
788 933 810 960 si
824 933 874 960 ob-

934 927 1055 961 aerlatori
1066 935 1115 954 suo
1129 928 1311 955 testimonium
1325 929 1479 964 perhiberet
1491 937 1546 957 non
1559 929 1720 957 voluntaria

83 980 172 1007 tineas
186 988 219 1007 ne
232 975 317 1007 simus
332 988 346 1006 a
361 984 406 1006 tua
424 980 537 1007 caritate
548 979 700 1006 dissimiles.
726 978 754 1005 In
768 986 822 1013 qtto
837 983 876 1005 ta-

83 1032 143 1052 men
160 1033 214 1052 non
230 1029 355 1057 eatenus,
372 1025 447 1059 quasi
463 1024 609 1059 superbum
625 1024 758 1050 tendimus
772 1028 874 1055 votutn,

82 1074 110 1096 ut
125 1070 233 1104 apicem
253 1070 342 1096 meriti
358 1070 394 1096 tui
414 1077 552 1105 speremus
566 1070 712 1103 attingere;
728 1068 776 1096 sed
792 1073 820 1095 ut
834 1077 876 1096 sa-

82 1115 144 1142 lutis
161 1115 213 1142 line
227 1116 346 1142 conclusi
356 1136 363 1146 .
378 1115 454 1149 juxta
473 1114 586 1144 formam
603 1114 662 1142 fidei
677 1119 728 1143 tuac
742 1115 767 1142 in
782 1115 876 1142 itinere

80 1160 186 1188 directo
209 1162 330 1187 veritatis
352 1161 461 1194 vestigia
487 1161 671 1196 pcrlegamus,
695 1164 722 1188 et
742 1161 776 1188 sit
800 1161 877 1188 nobis

81 1205 141 1233 linis
154 1205 213 1240 ipse
227 1207 271 1240 qui
288 1207 390 1232 initium
404 1211 453 1238 est,
468 1210 548 1241 caput
560 1210 588 1233 et
602 1205 801 1234 fundamentum
817 1214 877 1233 cor-

79 1252 157 1286 poris
172 1252 213 1278 sui
228 1257 302 1286 petra
318 1252 442 1279 Christus
455 1253 462 1270 ι
475 1262 481 1284 ;
504 1253 549 1279 illa
562 1256 637 1287 petra
647 1271 653 1283 ,
670 1259 729 1286 qua:
745 1259 793 1278 nos
808 1251 878 1278 inter

79 1298 163 1332 hujus
179 1298 261 1325 seculi
278 1299 382 1325 deserta
399 1299 520 1326 sitientes
532 1298 661 1333 justitiam
680 1297 789 1332 sequaci
804 1297 878 1324 fonte

78 1343 267 1376 prosequitur,
284 1349 310 1369 ct
323 1344 392 1370 dulci
409 1349 473 1378 potu
495 1344 635 1378 refrigerat
647 1364 655 1374 ,
678 1351 712 1370 ne
731 1343 877 1370 carnalium

77 1388 261 1422 cupiditatum
286 1391 395 1416 testibus
417 1398 592 1424 peruratnur;
614 1390 658 1416 illa
677 1393 773 1424 petra,
798 1396 879 1423 super

75 1442 165 1467 quam
181 1435 276 1461 domus
290 1436 407 1462 stabilita
419 1445 472 1463 non
488 1436 607 1469 corruit,
622 1440 648 1462 et
663 1436 706 1462 illa
718 1440 793 1470 petra
808 1444 876 1470 qum,

74 1479 172 1505 latere
197 1479 288 1506 lancea
313 1481 463 1514 perforato,
487 1489 556 1515 aqua
576 1482 651 1508 lluxit
666 1486 694 1508 ct
711 1482 840 1516 sanguine
854 1487 877 1514 Β,

74 1527 107 1550 ut
132 1524 237 1557 pariter
259 1524 412 1552 salutiferos
434 1526 512 1553 nobis
527 1526 648 1558 funderet
663 1526 761 1559 fontes,
778 1535 876 1561 aquam

75 1568 177 1603 gratim
189 1589 196 1601 ,
214 1573 240 1595 et
255 1570 411 1603 sanguinem
425 1572 587 1598 sacramenti
599 1592 606 1604 ,
631 1572 676 1605 qui
688 1571 757 1598 idem
771 1576 811 1599 est
825 1573 835 1588 ⁹
850 1576 877 1599 et

77 1614 141 1641 fons
157 1618 256 1640 nostrae
270 1615 375 1646 salutis,
393 1620 419 1642 et
432 1617 557 1650 pretium.

114 1659 198 1695 253
217 1658 244 1686 5.
265 1659 317 1687 Sed
334 1668 372 1687 vm
386 1661 449 1688 mihi
472 1662 623 1695 peccatori,
639 1669 754 1696 quonam
772 1663 792 1678 ¹⁰
809 1670 874 1697 pro-

78 1712 206 1739 gressus,
231 1705 313 1731 immo
333 1706 473 1740 prolapsus
493 1707 570 1733 sum?
586 1707 651 1733 Dum
668 1707 786 1741 pluribus
806 1707 877 1741 apud

79 1756 106 1779 te
120 1752 215 1778 verbis
229 1758 290 1786 ago,
306 1755 335 1778 ut
348 1760 397 1787 pro
412 1753 529 1789 peccatis
543 1752 610 1779 meis
625 1752 666 1779 vel
680 1753 768 1787 potius
782 1753 877 1780 adver-

80 1805 124 1824 sus
140 1801 254 1831 peccata
276 1804 335 1823 mea
359 1797 534 1831 patrocinium
550 1805 721 1832 promercar,
738 1806 798 1824 cum
814 1806 876 1825 ora-

81 1842 202 1869 tionibus
218 1842 355 1875 intendas;
373 1842 409 1878 (α)
424 1843 561 1870 accumulo
572 1842 694 1869 eamdem
708 1842 741 1870 de
757 1843 876 1877 loquaci-

81 1890 135 1913 tate
152 1894 213 1913 mea
225 1887 371 1918 sarcinam,
388 1895 467 1921 quam
489 1887 522 1913 de
545 1887 713 1914 orationibus
728 1888 780 1914 tuis
794 1888 877 1915 minui

83 1937 159 1967 peto;
179 1936 313 1966 tamquam
325 1932 464 1959 immemor
474 1933 612 1967 scriptum,
625 1932 658 1959 'de
669 1933 827 1968 multiloqnio
840 1933 876 1968 (ὁ)

83 1986 133 2004 non
148 1977 256 2012 eﬂ‘ugies
271 1982 402 2012 peccatum
414 1975 436 2003 δ.
451 1976 483 2004 Et
497 1976 560 2011 quid
575 1978 669 2011 agam?
682 1985 736 2011 quo
750 1985 797 2004 ore
813 1986 876 2012 pur-

82 2023 137 2056 gari
154 2022 308 2057 postulem?
323 2022 363 2049 vel
387 2030 446 2056 qua,
460 2030 475 2048 a
497 2025 523 2048 te
537 2022 642 2049 ratione
657 2021 800 2054 defendar,
817 2030 878 2049 cum

83 2069 171 2095 sciens
183 2067 353 2102 prudensque
364 2067 528 2094 contrarium
537 2067 697 2102 prophetico
709 2067 790 2093 verbo
803 2075 877 2094 com—

84 2114 214 2147 miserim,
231 2118 260 2140 ut
281 2118 394 2148 peccato
409 2113 571 2147 multiloquii
595 2117 622 2140 et
646 2120 689 2139 me
703 2112 838 2145 lmderem,
852 2117 880 2141 et

84 2160 254 2186 sanctitatem
277 2163 350 2186 luant
374 2159 534 2194 fatigarem?
558 2158 672 2186 Ilmrebo
696 2167 806 2194 prorsus
827 2159 879 2187 hoc

85 2204 207 2235 Crimine,
221 2210 309 2238 neque
322 2204 365 2231 vel
377 2208 422 2230 tua
437 2211 481 2231 me
495 2207 587 2238 tegere
601 2203 700 2231 valebit
715 2204 813 2238 oratio,
829 2204 879 2232 nisi

85 2252 110 2275 tu
124 2249 184 2283 ipse
195 2248 258 2275 mihi
273 2248 346 2283 prius
357 2248 427 2275 hanc
441 2248 543 2282 injuria:
558 2252 609 2275 tua:
624 2248 729 2283 culpam
739 2249 876 2283 remittas;

926 971 997 1005 apud
1012 978 1060 998 nos
1085 972 1282 1000 remorationis.
1305 973 1366 1001 Hzec
1385 974 1456 1001 enim
1476 982 1558 1002 causa
1581 974 1720 1002 brevitatis

926 1015 984 1049 ejus
1007 1015 1066 1049 fuit,
1087 1016 1158 1050 quod
1182 1022 1243 1052 post
1264 1018 1398 1046 modicum
1412 1018 1542 1046 adventus
1555 1019 1597 1046 sui
1616 1023 1720 1054 tempus

926 1061 1019 1089 Victor
1032 1069 1047 1088 a
1060 1062 1137 1089 nobis
1147 1062 1180 1089 ad
1193 1071 1239 1090 vos
1253 1063 1422 1096 refestinans,
1438 1068 1511 1091 tanta
1527 1072 1557 1091 se
1571 1064 1604 1091 ad
1618 1064 1670 1091 iter
1679 1071 1720 1091 re-

926 1105 1066 1139 legendum
1081 1106 1261 1135 obstinatione
1274 1108 1426 1141 duraverat,
1442 1113 1471 1135 ut
1485 1108 1528 1135 vix
1543 1108 1585 1135 vel
1600 1108 1720 1136 brevium

927 1152 960 1178 ad
975 1156 1002 1179 te
1023 1152 1172 1180 litterarum
1193 1153 1269 1180 nobis
1285 1154 1414 1181 tribueret
1436 1153 1600 1183 facultatem.
1616 1153 1721 1181 Interea

926 1196 1142 1232 proﬁciscentem
1157 1198 1236 1225 subiti
1251 1206 1339 1226 rerum
1354 1199 1445 1226 obices
1464 1203 1644 1232 retraxerunt,
1660 1207 1721 1227 cum

927 1242 1013 1268 hiems
1024 1242 1231 1276 navigationem,
1246 1249 1274 1271 et
1288 1244 1384 1271 itinera
1398 1248 1485 1271 metus
1496 1244 1534 1279 (f)
1546 1244 1722 1273 clauderent:

927 1286 1024 1320 quibus
1039 1286 1181 1321 impeditus
1195 1292 1274 1322 atque
1289 1293 1431 1315 revocatus
1451 1288 1605 1315 necessitati
1620 1288 1723 1322 praesti:

928 1333 961 1359 tit
974 1332 1081 1366 longam
1096 1333 1264 1366 dilationem,
1287 1334 1333 1368 qui
1353 1334 1623 1368 procrastinationem
1642 1333 1725 1370 255

929 1383 1038 1412 rogatus
1053 1384 1197 1413 negaverat
1219 1380 1335 1408 caritati.
1362 1380 1435 1408 Inter
1456 1382 1505 1408 has
1529 1389 1618 1410 moras
1641 1383 1723 1410 etiam

929 1432 1000 1459 :eger
1013 1425 1071 1457 fuit,
1088 1430 1115 1453 et
1128 1426 1234 1461 quidem
1249 1426 1285 1454 ita
1300 1428 1417 1461 graviter
1431 1427 1571 1460 laboravit,
1585 1432 1613 1454 ut
1628 1436 1643 1455 a
1656 1435 1722 1464 por-

929 1472 963 1498 tis
976 1472 1070 1499 mortis
1084 1472 1208 1499 reductus
1228 1473 1287 1508 plus
1300 1473 1429 1509 temporis
1449 1474 1475 1501 in
1491 1474 1632 1501 relicienda
1646 1475 1722 1502 vale-

931 1518 1022 1545 tudine
1043 1518 1230 1553 consumserit,
1244 1527 1324 1554 quam
1346 1520 1503 1554 mgritudine
1525 1521 1636 1549 tolerata
1657 1529 1721 1556 pro-

930 1563 1054 1591 duxerat.
1069 1563 1164 1591 Postea
1178 1565 1232 1599 jam
1256 1566 1344 1593 vicini)
1368 1567 1552 1602 apostolorum
1576 1567 1659 1595 natali
1679 1567 1722 1595 di-

891 1615 913 1646 c
928 1610 1034 1637 ntittere
1049 1618 1109 1637 eum
1125 1610 1294 1638 inhumanum
1310 1612 1574 1647 putavimus.ltaque
1594 1612 1727 1647 longiori.

927 1657 977 1684 bus
990 1658 1047 1692 ejus
1061 1658 1153 1691 moris,
1169 1667 1235 1693 quas
1248 1659 1407 1693 supradictis
1422 1660 1627 1692 necessitatibus
1641 1658 1723 1687 ded&

927 1706 978 1733 rat.
994 1703 1102 1731 brevem
1117 1703 1187 1731 hanc
1210 1704 1247 1731 illi
1270 1705 1277 1720 ¹
1293 1713 1397 1732 moram
1420 1705 1453 1732 de
1468 1709 1560 1732 nostra
1585 1705 1724 1732 voluntate

927 1747 1086 1781 adjecimus,
1110 1754 1149 1780 ut,
1175 1757 1235 1776 cum
1257 1750 1432 1784 apostolicam
1453 1749 1651 1777 solemnitatem
1667 1750 1723 1777 voti

928 1793 1010 1819 nostri
1026 1798 1053 1820 et
1068 1794 1169 1821 itineris
1181 1795 1261 1821 annui
1272 1796 1361 1822 socius
1375 1795 1548 1828 celebrasset,
1565 1795 1643 1830 hujus
1652 1803 1722 1830 quo-

927 1846 979 1873 que
992 1840 1024 1866 ad
1042 1848 1088 1867 vos
1104 1841 1203 1874 negotii
1218 1841 1303 1868 nostri
1318 1842 1426 1869 nuntius
1441 1846 1631 1869 reverteretur.

963 1884 988 1911 2.
1003 1885 1074 1912 Sane
1089 1886 1226 1920 epistolas,
1242 1894 1309 1921 quas
1323 1887 1355 1914 ad
1372 1887 1541 1914 benedictum
1564 1887 1611 1915 Dei
1633 1887 1723 1915 homi-

927 1938 989 1958 nem
1004 1931 1111 1958 fratrem
1133 1937 1253 1960 nostrum
1276 1933 1405 1960 Severum
1420 1934 1518 1967 habet,
1533 1934 1640 1960 diverso
1655 1938 1723 1960 tem.

928 1984 1004 2011 pore,
1022 1982 1098 2011 prout
1115 1978 1228 2013 impetus
1243 1979 1443 2007 festinationum
1457 1980 1585 2013 habebat,
1600 1980 1722 2012 fecimus,

928 2022 997 2049 sicut
1013 2023 1129 2057 ipsarum
1142 2024 1213 2050 varia
1229 2024 1345 2052 lectione
1356 2025 1565 2052 monstrabitur:
1583 2031 1643 2052 nam
1659 2025 1722 2052 bre-

928 2067 1018 2094 viores
1034 2066 1097 2102 (Illae
1111 2068 1230 2102 cpistola:
1245 2069 1393 2103 perierunt)
1416 2077 1509 2095 earum
1531 2068 1606 2102 quasi
1624 2076 1723 2103 propo-

930 2119 993 2138 rans
1007 2116 1034 2138 et
1049 2112 1074 2138 in
1089 2111 1260 2146 profectionis
1271 2113 1362 2147 jauuis
1376 2113 1496 2148 pendens
1508 2113 1600 2140 Victor
1613 2114 1705 2148 exegit
1716 2124 1727 2145 ιτ

930 2155 1090 2192 prolixiores
1103 2161 1192 2184 autem
1206 2165 1266 2185 cum
1287 2158 1321 2186 de
1335 2158 1413 2193 longa
1428 2158 1487 2193 ejus
1500 2159 1668 2186 remansione
1682 2166 1725 2190 se.

930 2201 987 2230 curi
1001 2209 1060 2230 esse
1072 2203 1253 2238 ompissemus,
1264 2208 1400 2240 tamquam
1415 2205 1524 2234 remissa
1539 2209 1621 2240 atque
1635 2206 1730 2238 laxato.

930 2248 956 2276 in
972 2248 1056 2276 otium
1071 2251 1214 2286 mente-lg)
1229 2252 1394 2287 scripsimus.
1408 2252 1558 2288 Scripserat
1571 2258 1660 2282 autem
1674 2263 1724 2285 no,

84 2298 110 2321 et
122 2301 174 2329 pro
188 2301 243 2325 me,
259 2293 326 2320 sicut
342 2293 376 2328 (ί)
392 2293 485 2320 beatus
500 2292 550 2321 Job
573 2302 623 2329 pro
637 2294 793 2329 loquacibus
807 2296 875 2323 ami-
891 2298 915 2328 υ
927 2295 968 2323 bis
983 2295 1065 2323 frater
1080 2301 1172 2324 noster
1185 2297 1309 2333 Severus,
1326 2303 1355 2326 ut
1375 2307 1438 2329 eum
1450 2299 1526 2327 vobis
1541 2300 1614 2328 illico
1629 2301 1723 2328 remit-

85 2338 120 2366 cis
141 2339 233 2366 facere
246 2344 396 2374 prteceptus
409 2343 459 2371 est,
473 2340 588 2367 hostiam
607 2338 765 2375 placationis
779 2341 876 2370 otl'eras

86 2382 137 2410 Deo
155 2383 180 2411 1.
196 2382 310 2411 Tantum
325 2384 396 2411 enim
419 2384 451 2411 de
473 2385 562 2411 animo
576 2388 624 2412 tuo
638 2385 704 2412 mihi
721 2384 827 2413 vindico
844 2386 876 2418 “,

86 2433 113 2456 ut
126 2430 181 2457 hoc
194 2430 259 2457 mihi
271 2430 466 2464 multiloquium
479 2430 512 2457 de
533 2435 575 2458 tua
591 2430 755 2465 indulgentia
770 2431 878 2466 impune

81 2508 85 2515 _
120 2489 133 2503 ι
148 2484 245 2512 Matth.
257 2493 304 2517 vn,
322 2485 364 2513 15.

403 2485 416 2504 δ
432 2484 501 2513 Psal.
514 2494 604 2518 cxvm,
615 2486 658 2513 80.
697 2491 709 2506 ε
723 2486 794 2515 Psal.
809 2496 888 2521 xxv",
900 2488 926 2515 '5.

929 2347 1056 2376 teremus,
1072 2348 1153 2379 atque
1168 2345 1204 2372 ita
1225 2346 1427 2381 prmscripserat
1441 2350 1556 2381 tempus,
1573 2351 1602 2374 ut
1616 2347 1650 2374 ad
1664 2347 1725 2375 vina

929 2388 1023 2416 demite
1037 2389 1095 2417 dies
1108 2391 1235 2419 remissus
1256 2397 1420 2420 occurreret.
1437 2392 1465 2420 ltt
1487 2400 1542 2427 quo
1554 2414 1563 2426 ,
1583 2394 1646 2428 quia
1670 2401 1730 2425 nors

932 2435 1068 2468 potuimus
1085 2435 1122 2462 illi
1137 2443 1243 2471 parere,
1258 2438 1308 2465 hac
1329 2438 1425 2466 saltem
1439 2439 1529 2473 specie
1543 2439 1730 2466 obedientiam

966 2489 1068 2530 dﬂRom.
1091 2499 1116 2530 ις.
1209 2497 1228 2530 >9
1243 2492 1334 2530 ICor._
1347 2502 1395 2530 ixv,
1412 2494 1455 2521 ιι».
1498 2495 1506 2514 τ
1522 2495 1606 2530 Apoc.
1633 2503 1653 2530 Vl.
1684 2495 1700 2522 8
1717 2504 1723 2527 ;

81 2518 190 2562 'Eph._t,
205 2520 254 2562 225
270 2529 305 2562 iv,
324 2520 366 2549 l5.
381 2525 447 2562 etv,
462 2520 511 2552 23;
527 2521 620 2562 (50L).
638 2521 670 2560 Il}
681 2531 697 2562 ι.
719 2522 733 2562 _I
748 2522 811 2549 Cor.
828 2531 865 2562 ιιι,
883 2518 929 2554 ll;
946 2524 955 2551 I
971 2526 1033 2552 Cor.
1051 2534 1078 2558 χ,
1089 2518 1120 2554 ιξ
1142 2518 1311 2562 Μειιιιιίιῖιιέ
1321 2518 1369 2560 Ξιίξ
1377 2518 1497 2559 1'..."ch
1513 2518 1609 2556 4'87"}
1627 2518 1722 2557 ἱὸιιᾶιιῖ

88 2563 139 2587 ιιι,
157 2556 204 2583 54.
243 2556 255 2574 ιι
272 2555 350 2583 Prov.
367 2563 392 2587 κ,
411 2556 454 2588 I9,
470 2565 523 2583 sec.
539 2556 618 2583 LXX.
654 2556 666 2580 .i
684 2556 744 2584 Job.
762 2566 825 2589 χιιι,
846 2559 873 2586 8.

121 2601 130 2610 '
143 2599 221 2645 ﬁlias
242 2600 295 2632 55,
318 2608 377 2635 qum
392 2605 479 2627 autem
495 2600 529 2628 45
543 2606 614 2632 erat,
637 2610 706 2629 nunc
735 2601 777 2629 50.
807 2604 910 2638 Scripta
930 2612 1001 2631 anno
1025 2604 1076 2632 406
1099 2606 1169 2634 circa
1197 2607 1293 2635 lestum
1320 2609 1367 2637 SS.
1397 2611 1581 2645 apostolorum
1606 2609 1678 2637 Petri
1699 2615 1726 2638 ct

88 2633 175 2662 Pauli.

124 2691 162 2725 (a)
179 2690 229 2718 Ms.
244 2690 328 2718 codex
342 2691 510 2724 Viennensis,
524 2691 695 2718 adcumulem.

123 2726 163 2760 (bi
178 2725 215 2752 Ita
237 2726 306 2753 LXX
321 2730 348 2753 et
362 2726 390 2753 S.
406 2727 555 2760 Cyprianus
569 2726 613 2752 lib.
639 2734 667 2753 ιιι
686 2726 719 2754 ad
742 2726 880 2760 Quirinum

123 2734 163 2760 (υ)
178 2734 215 2752 tta
237 2734 306 2753 mu
321 2734 348 2753 et
362 2734 390 2753 δ.
406 2734 443 2753 ων
454 2734 484 2752 )ι·ι

90 2761 217 2788 adversus
228 2760 345 2792 indutos,
358 2765 408 2788 art.
427 2734 488 2787 llJS.

123 2796 161 2831 (ε)
176 2795 221 2823 Sic
234 2804 299 2822 mss.
315 2796 380 2831 Reg.
395 2801 422 2824 et
433 2796 518 2823 Vatic.
532 2795 640 2831 codices
655 2804 715 2823 cum
731 2797 809 2823 editis
820 2805 883 2830 qua-

90 2830 159 2859 tuOr.
183 2831 218 2857 At
232 2839 282 2857 ms.
305 2830 381 2858 Vien.
406 2835 433 2858 et
448 2832 508 2858 edit.
525 2830 613 2863 G‘rin.,
629 2831 693 2858 sicut
705 2832 778 2859 beato
797 2832 880 2859 Job...

90 2871 244 2900 praequam
257 2871 304 2892 est.

125 2902 164 2936 (ά)
179 2901 230 2928 Ms.
243 2901 332 2933 Vit-n.,
350 2902 598 2931 'lcsitlcrantissinto;
615 2910 664 2928 tus.
683 2901 747 2935 Reg.
764 2902 835 2929 hunc
848 2904 882 2928 ti-

91 2936 173 2964 tulum
188 2937 272 2965 habet
288 2945 293 2962 :
313 2936 405 2967 Incipit
424 2936 457 2962 ml
480 2936 640 2964 Desiderinm
663 2937 784 2964 seruttda.
802 2936 882 2964 Abest

935 2699 1024 2735 tamen
1040 2703 1054 2722 τι
1069 2703 1118 2735 ms.
1135 2697 1227 2735 codice
1239 2698 1322 2735 Regio
1343 2700 1429 2733 prima
1443 2700 1475 2727 ad
1492 2700 1655 2728 Desiderium
1670 2702 1726 2735 epi-

933 2730 1018 2769 stola,
1041 2731 1116 2769 cujus
1139 2732 1264 2769 meminit
1281 2730 1407 2762 Paulinus
1429 2736 1454 2761 in
1475 2735 1585 2768 hujusce
1608 2730 1728 2769 epistolas

932 2764 1105 2826 :5Pfxstll'tlln,
1130 2771 1157 2793 et
1176 2767 1231 2795 lucc
1250 2768 1426 2797 desideratur.
1443 2764 1571 2796 Vide'Vit.
1596 2764 1680 2803 cf“,
1698 2779 1724 2799 ιι.

942 2821 1218 2897 Vittt'lgllllinuscriptus
1239 2838 1324 2866 codex
1350 2838 1525 2871 Viennensis,
1550 2848 1595 2874 per
1622 2841 1732 2876 fratrem

1106 2906 1170 2940 Reg.
1188 2912 1215 2934 et
1229 2907 1317 2939 Vien.,
1333 2907 1471 2935 clauderet.

973 2941 1010 2975 (gl
1027 2939 1074 2966 Ms.
1092 2939 1175 2969 codex
1191 2942 1279 2979 \‘_ien.,
1291 2944 1446 2973 adurimus.
