4008 6346
518 322 627 381 585

1647 322 1703 377 S.
1746 320 2015 376 PAULlNl
2052 320 2303 377 NOLANI
2340 316 2645 374 EPISCOP.

3672 313 3785 370 58}

519 436 763 508 praebere
789 436 1126 502 tentavimus,
1151 444 1209 488 ut
1235 435 1382 489 illum
1411 434 1456 488 si
1484 450 1590 489 non
1615 438 1805 489 eodem
1829 446 2100 503 annoquo
2130 437 2177 496 Α
2205 429 2373 486 ricors
2398 438 2455 484 et
2480 431 2765 484 miserator
2802 428 3076 496 dominus,
3103 428 3369 485 neminem
3396 425 3513 481 vult
3541 426 3612 499 (ε)
3643 427 3788 485 mori

521 532 855 595 speraverat,
886 533 1063 578 tamen
1087 523 1274 579 eodem
1304 530 1547 594 tempore
1586 536 1694 591 quo
1717 521 1969 591 iusserat,
2000 537 2094 577 oc-

522 629 803 669 cursurum
830 613 1091 683 recipiat:
1125 620 1179 667 et
1223 612 1268 666 si
1297 613 1600 667 tarditatem
1628 608 1768 666 illius
1809 609 2098 666 necessita-

524 704 686 771 tibus,
716 718 855 772 quas
879 702 1120 773 exposui,
1154 718 1260 757 non
1290 702 1403 757 vult
1440 701 1723 771 imputare,
1754 715 1877 756 meo
1903 699 2098 755 delicto

521 803 736 864 reputet
761 792 903 862 quod
925 791 1203 860 remansit,
1224 790 1335 846 suis
1362 799 1541 845 tamen
1564 788 1891 845 orationibus
1909 787 2101 844 debeat

520 884 606 939 vel
634 882 843 939 tardum
867 883 1021 938 istius
1046 880 1307 947 reditum;
1335 879 1458 950 quia
1486 894 1607 935 cum
1625 878 1735 947 jam
1758 878 1979 932 omnino
2004 876 2100 931 de-

519 975 727 1044 positus
754 980 1061 1042 aegrotaret.
1104 971 1171 1027 de
1200 971 1386 1027 Severi
1430 970 1534 1025 ﬁde
1577 968 1788 1040 speravi
1816 969 2098 1023 sanitatem

521 1064 659 1134 ejus,
690 1079 849 1135 quam
897 1063 963 1118 de
1010 1064 1145 1118 meis
1189 1063 1395 1118 meritis
1442 1062 1792 1133 desperabam
1822 1064 1863 1117 ⁸.
1895 1062 2100 1128 Quibus

521 1152 768 1207 videbam
799 1153 1029 1209 Victoris
1075 1154 1433 1210 innocentiam
1477 1154 1778 1221 verberari,
1826 1163 1885 1209 ut
1924 1157 1977 1209 in
2008 1155 2100 1209 illo

523 1260 647 1301 mea
680 1244 931 1314 iniquitas
957 1246 1302 1316 plecteretur,
1334 1246 1387 1300 in
1415 1260 1520 1315 quo
1548 1245 1728 1301 divina
1746 1244 1954 1316 justitia
1979 1247 2099 1300 viu-

525 1335 761 1404 dicabat,
789 1335 933 1404 quod
962 1336 1015 1390 in
1060 1334 1349 1392 dilectione
1377 1337 1678 1407 peccatoris
1705 1336 1939 1401 errabat.
1968 1335 2101 1391 Nam

524 1430 583 1477 et
608 1425 737 1478 mihi
776 1439 988 1495 pinnam
1030 1425 1224 1480 caritas
1268 1426 1555 1489 excitabat,
1583 1433 1642 1480 ut
1678 1424 2097 1491 tribulationem,

524 1529 685 1583 quam
732 1514 1013 1571 unanimus
1055 1515 1185 1570 mihi
1211 1516 1376 1571 homo
1412 1516 1710 1585 patiebatur
1758 1515 1813 1569 in
1855 1530 2100 1584 corpore,

525 1606 764 1661 cruciatu
800 1607 1067 1661 viscerum
1105 1607 1376 1676 animique
1404 1608 1735 1676 compatiens
1762 1605 2097 1661 sustinerem.

598 1696 651 1750 ὅ.
695 1696 770 1751 De
822 1712 929 1766 quo
977 1706 1156 1752 autem
1209 1698 1339 1752 mihi
1398 1714 1495 1768 per
1548 1698 1717 1767 ipsum
1772 1698 2101 1768 scripseras,

2199 518 2553 584 morientem;
2599 533 2775 589 neque
2817 527 3118 580 creaturam
3146 535 3300 575 suam
3338 520 3393 574 in
3430 520 3525 575 illa
3562 520 3781 587 arbore,

2198 612 2294 668 sed
2358 613 2631 668 inimicum
2688 612 2766 684 (d)
2822 612 3139 683 plantationi
3180 627 3291 668 sum
3339 612 3527 667 vitium
3574 612 3786 668 arboris

2199 701 2570 758 maledicendo
2623 703 2899 758 damnavit
2952 720 2967 757 :
3023 717 3121 759 oro
3173 710 3227 758 te
3279 703 3499 773 potius,
3549 711 3614 758 ut
3665 718 3785 759 ma—

2199 788 2399 847 ledicas
2443 792 2711 847 sterilitati
2750 807 2914 861 meae,
2960 808 3031 847 ne
3058 807 3293 861 unquam
3333 808 3401 847 ex
3444 793 3536 848 illa
3579 792 3786 849 fructus

2201 889 2471 947 nascatur,
2505 889 2563 936 ut
2589 883 2759 951 possit
2801 898 2871 937 ex
2913 897 3001 938 me
3051 884 3168 953 ipso
3210 881 3413 938 fructus
3455 883 3610 938 nasci
3650 883 3781 940 Deo.

2201 969 2431 1040 Expedit
2456 972 2599 1026 enim
2647 972 2780 1027 mihi
2819 972 3067 1027 interitus
3110 972 3405 1028 sterilitatis
3432 988 3587 1037 mem,
3632 981 3689 1027 ut
3730 974 3785 1029 in

2200 1074 2288 1115 me
2317 1061 2660 1131 plantationis
2703 1062 2986 1117 dominica:
3029 1061 3333 1118 fecunditas
3377 1063 3702 1128 reviviscat;
3731 1073 3789 1117 et

2201 1153 2465 1209 moriente
2500 1153 2664 1220 vitio,
2709 1169 2818 1223 quo
2867 1152 3227 1210 infructuosus
3272 1152 3498 1222 elﬁcior,
3538 1154 3788 1223 agricola:

2202 1259 2325 1301 meo
2354 1244 2674 1301 revireseam
2700 1244 2875 1300 reditu
2915 1246 3071 1301 bonae
3114 1246 3432 1311 voluntatis;
3460 1253 3520 1300 ut
3545 1246 3789 1304 esuriens

2202 1336 2366 1390 vitam
2391 1350 2567 1389 meam
2596 1335 2874 1403 Dominus,
2899 1337 3015 1407 ipse
3041 1337 3277 1393 inveniat
3298 1352 3387 1394 me
3407 1335 3681 1393 feracibus
3702 1351 3790 1394 ra-

2201 1425 2304 1479 mis
2330 1424 2531 1480 lructus
2556 1424 2657 1480 sibi
2684 1425 2895 1482 debitos
2913 1425 3248 1482 oﬁ‘erentem.

2273 1516 2327 1572 5.
2367 1515 2471 1570 Sed
2501 1516 2555 1569 in
2584 1515 2684 1571 hac
2714 1515 2901 1571 eadem
2931 1517 3126 1571 arbore
3153 1532 3261 1571 non
3289 1516 3515 1572 modicae
3536 1519 3788 1586 quaestio-

2204 1605 2286 1659 nis
2313 1612 2682 1672 argumentum
2711 1603 2919 1659 Marcus
2939 1604 3153 1674 adjecit.
3178 1604 3310 1659 Nam
3336 1605 3427 1659 alii
3447 1606 3787 1673 evangelista

2204 1697 2272 1752 de
2300 1695 2582 1750 maledicta
2628 1703 2684 1751 et
2728 1693 2960 1750 arefacta
3004 1693 3103 1751 ﬁcu
3148 1710 3467 1760 consonans,
3498 1695 3610 1750 hoc
3638 1696 3787 1751 altius

529 1803 724 1859 aquam
753 1788 964 1844 dulcem
984 1798 1039 1844 et
1064 1790 1335 1860 copiosam
1366 1791 1417 1845 in
1455 1807 1637 1847 amaro
1666 1799 1721 1846 et
1748 1800 1934 1847 arente
1961 1792 2104 1847 rivu—
2136 1804 2183 1865 Β
2207 1795 2290 1842 est
2316 1787 2556 1853 locutus,
2586 1784 2731 1855 quod
2761 1800 2883 1840 cum
2916 1786 3134 1841 dixisset
3163 1800 3269 1841 non
3309 1785 3585 1841 invenisse
3610 1786 3788 1840 Domi-

524 1875 580 1931 lo
610 1891 855 1945 quaerens
885 1889 931 1944 η,
963 1887 1068 1934 tum
1095 1881 1272 1950 potius
1307 1882 1491 1950 gratiae
1518 1883 1890 1954 explicandum
1918 1883 2102 1939 refun-

528 1967 640 2023 do:
673 1984 796 2023 nam
826 1985 912 2025 me
939 1969 1112 2026 fateor
1138 1979 1408 2028 tantorum
1432 1975 1703 2029 nominum
1732 1982 1787 2030 et
1823 1977 2107 2048 mysterio-

528 2070 647 2111 rum
674 2058 914 2128 pondera
945 2075 1042 2116 nec
1065 2061 1230 2131 digito
1259 2063 1279 2094 ³
1307 2079 1492 2118 ausum
1521 2073 1755 2133 tangere.
1787 2050 1915 2135 Legi
1939 2068 2103 2135 enim,

531 2148 649 2219 quia
676 2149 731 2202 in
760 2150 1062 2206 malevolam
1092 2152 1111 2183 ⁸
1131 2156 1357 2208 animum
1385 2172 1487 2209 non
1511 2157 1738 2210 introibit
1767 2160 2021 2227 sapientia
2045 2159 2103 2225 l‘;

531 2245 588 2292 et
616 2237 737 2293 ideo
766 2241 980 2297 malitia:
1028 2258 1160 2297 meae
1186 2245 1432 2300 conscius
1471 2262 1578 2301 non
1618 2248 1766 2316 potui
1797 2248 1989 2302 divinae
2017 2265 2105 2305 re-

533 2329 817 2386 velationis
844 2332 1045 2389 habere
1075 2332 1343 2405 ﬁduciam,
1370 2353 1489 2394 cum
1519 2339 1812 2409 prudentia:
1841 2343 1998 2414 255
2027 2343 2109 2399 lu-

534 2436 652 2478 cem
681 2424 965 2480 tenebroso
993 2426 1159 2483 corde
1196 2444 1303 2483 non
1340 2444 1607 2499 caperem.
1651 2430 1729 2486 Tu
1772 2448 1900 2492 vero
1941 2432 2108 2489 bene-

534 2513 697 2581 dicte,
719 2530 811 2571 vas
836 2516 1092 2571 mundum
1130 2525 1186 2572 et
1213 2525 1394 2588 aptum
1420 2518 1551 2583 Deo,
1594 2519 1638 2574 si
1667 2521 1919 2591 accepisti
1949 2522 2108 2577 intel-

533 2604 735 2659 lectum
762 2605 1152 2663 benedictionis
1175 2608 1331 2675 illius,
1356 2624 1461 2678 qua
1486 2608 1620 2665 ﬁlios
1645 2626 1770 2666 suos
1797 2613 2112 2683 prophetico

535 2695 727 2766 spiritu
751 2697 1051 2766 patriarcha
1075 2699 1126 2752 in
1149 2699 1387 2756 cmcitate
1410 2703 1649 2773 corporis
1668 2702 1953 2758 luminntus
1979 2704 2113 2759 allo-

537 2786 741 2856 quitur,
769 2803 979 2859 expone
1005 2791 1136 2844 mihi
1162 2790 1426 2862 rescripto
1470 2795 1718 2866 mysteria
1746 2796 1914 2864 regni,
1946 2804 2001 2850 et
2027 2811 2114 2851 sa-

538 2887 812 2935 cramenta
839 2895 870 2935 a
898 2882 1093 2938 seculis
1120 2886 1353 2954 reposita
1379 2895 1431 2954 ε,
1461 2896 1516 2941 et
1543 2902 1639 2956 pro
1657 2888 1852 2943 seculis
1880 2888 2114 2942 revelata

542 2969 598 3024 in
627 2968 838 3025 Christo
866 2968 1020 3037 Jesu;
1070 2972 1125 3026 in
1172 2987 1279 3041 quo
1324 2976 1594 3030 concurrit
1619 2976 1828 3030 diversa
1876 2977 2114 3031 omnium

540 3057 710 3112 forma
734 3067 1072 3127 sanctorum;
1096 3061 1188 3131 qui
1208 3062 1260 3117 in
1285 3064 1603 3133 patriarchis
1624 3063 1893 3133 ﬁguratur,
1918 3068 1971 3123 in
2000 3084 2119 3138 pro-

2206 1891 2334 1931 num
2362 1877 2416 1930 in
2444 1876 2639 1930 arbore
2679 1875 2766 1929 illa
2796 1874 3045 1943 fructum,
3078 1874 3148 1942 id,
3179 1875 3322 1944 quod
3349 1876 3606 1952 arborem
3634 1892 3789 1931 escu-

2205 1983 2327 2023 sare
2354 1966 2615 2035 videatur,
2638 1967 2904 2037 apposuit,
2928 1967 3113 2022 dicens
3137 1985 3150 2019 :
3177 1964 3299 2020 Non
3331 1967 3493 2038 256
3521 1968 3666 2019 enim
3687 1976 3789 2020 erat

2208 2068 2403 2128 tentpus
2446 2069 2502 2112 ut
2550 2061 2775 2124 fructum
2817 2059 3023 2112 haberet
3056 2059 3105 2113 i.
3135 2059 3289 2125 Quod
3331 2060 3379 2113 si
3427 2061 3502 2114 ita
3547 2068 3652 2123 est,
3683 2061 3792 2115 sine

2207 2167 2367 2206 causa
2396 2151 2603 2204 videtur
2647 2150 2808 2206 arbor
2835 2151 3113 2220 excepisse
3141 2150 3501 2217 maledictum,
3535 2167 3658 2221 quae
3685 2154 3789 2207 cul-

2207 2256 2274 2313 pa
2306 2240 2600 2296 sterilitatis
2624 2241 2864 2309 carebat,
2888 2242 2932 2294 si
2958 2242 3131 2297 adhuc
3158 2257 3254 2312 per
3280 2243 3407 2297 anni
3428 2250 3645 2313 tempus
3666 2246 3791 2299 alie-

2208 2349 2335 2387 num
2363 2330 2566 2387 fructus
2594 2346 2702 2387 non
2744 2331 2976 2387 habebat
3004 2341 3242 2403 paratos,
3267 2350 3378 2389 non
3406 2333 3697 2390 infecunda
3733 2336 3794 2391 de

2209 2423 2360 2489 vitio,
2391 2421 2485 2478 sed
2513 2423 2797 2477 immatura
2821 2422 2888 2478 de
2910 2432 3174 2496 tempore.
3205 2425 3311 2480 Sed
3339 2425 3484 2496 quod
3509 2426 3582 2481 de
3608 2443 3795 2496 pecore

2211 2514 2500 2585 Apostolus
2529 2514 2624 2583 ait,
2650 2522 2703 2569 et
2727 2514 2795 2569 de
2826 2515 2970 2584 ligno
3011 2531 3293 2586 possumus
3320 2532 3606 2587 usurpare,
3636 2528 3695 2572 ut
3718 2519 3795 2572 di-

2211 2620 2395 2661 camus
2419 2623 2431 2658 :
2460 2602 2726 2677 Numquid
2752 2605 2819 2661 dc
2839 2607 3120 2663 arboribus
3142 2625 3268 2661 cura
3294 2616 3368 2662 est
3390 2607 3560 2663 Deo"?
3577 2608 3797 2679 Propter

2212 2711 2313 2751 nos
2340 2696 2524 2765 utique
2550 2695 2809 2765 scriptum
2837 2704 2941 2764 est,
2972 2697 3025 2751 in
3049 2697 3242 2767 quibus
3270 2713 3452 2753 escam
3480 2715 3640 2754 suam
3661 2698 3798 2754 Deus

2212 2801 2427 2856 semper
2453 2786 2566 2841 vult
2593 2786 2850 2842 invenire.
2884 2785 3018 2841 Nam
3061 2794 3117 2842 et
3163 2802 3349 2856 agrum
3386 2795 3443 2843 et
3488 2790 3702 2845 vineam
3746 2789 3798 2844 in

2216 2879 2372 2934 nobis
2395 2877 2576 2933 habet.
2608 2877 2717 2932 Nos
2745 2878 2799 2932 in
2828 2892 2956 2933 area
2992 2893 3088 2932 sua
3118 2879 3363 2946 ventilat,
3396 2879 3450 2933 in
3493 2877 3653 2934 nobis
3681 2896 3799 2949 pur-

2217 2978 2308 3039 gat
2331 2969 2586 3034 triticum,
2617 2967 2686 3038 (e)
2715 2966 2921 3023 dissicit
2943 2966 3021 3038 (id
3047 2977 3124 3022 est
3162 2979 3397 3037 separat.
3432 2967 3497 3022 V.
3529 2976 3647 3023 not.
3682 2960 3797 3036 l86)

2217 3058 2420 3129 paleas,
2464 3056 2571 3111 urit
2616 3056 2819 3110 zizania
2849 3054 2891 3111 ι.
2921 3056 3108 3128 Itaque
3136 3058 3189 3112 in
3229 3058 3315 3112 illa
3344 3058 3538 3114 arbore
3577 3059 3801 3113 salutem

540 3144 718 3214 phetis
734 3146 996 3216 loquitur;
1022 3150 1075 3203 in
1096 3152 1354 3219 apostolis
1374 3162 1646 3222 operatur,
1671 3162 1725 3210 et
1748 3157 1921 3210 omnia
1942 3158 1993 3210 iu
2016 3173 2119 3211 om-
2147 3172 2187 3231 ε
2220 3151 2454 3205 hominis
2478 3149 2767 3213 esuriebat,
2792 3156 2846 3203 et
2868 3149 2935 3204 ab
2955 3149 3173 3206 homine
3194 3150 3430 3206 debitum
3452 3151 3556 3206 sibi
3578 3150 3803 3206 fructum

542 3235 689 3290 nibus
720 3238 796 3309 (α)
826 3238 1173 3309 αάὶοηριειιινδ
1204 3259 1222 3297 :
1253 3246 1372 3314 quia
1399 3246 1452 3299 in
1480 3246 1589 3315 ipso
1613 3248 1807 3319 placuit
1832 3249 2111 3302 inhabitare

2219 3238 2456 3307 petebat.
2489 3237 2595 3293 Sed
2624 3244 2817 3293 etcum
2834 3238 2855 3268 ⁸
2882 3239 2934 3291 in
2965 3255 3061 3292 sua
3083 3240 3295 3310 propria
3317 3241 3559 3304 venisset,
3589 3242 3669 3294 sui
3691 3256 3805 3293 eum

544 3327 710 3382 omnis
739 3328 1016 3409 plenitudo;
1035 3341 1078 3397 θ,
1109 3333 1199 3400 qui
1226 3334 1462 3388 omnium
1486 3335 1698 3391 initium
1726 3348 1782 3393 et
1809 3338 1927 3392 linis
1955 3347 2037 3393 est
2074 3337 2116 3391 τ.

547 3418 700 3485 Quod
713 3420 758 3475 si
780 3419 1004 3477 necdum
1021 3424 1294 3496 accepisti,
1311 3425 1436 3495 quia
1465 3424 1602 3481 forte
1615 3426 1739 3480 dum
1762 3428 2009 3496 proximo
2031 3435 2121 3481 tuo

544 3510 676 3564 mihi
698 3510 894 3567 donata
915 3515 1105 3581 credis,
1123 3518 1275 3586 quasi
1292 3518 1401 3586 jam
1428 3519 1480 3572 in
1503 3528 1594 3574 tuo
1615 3529 1800 3590 parata
1815 3531 2124 3593 promptua-

549 3599 655 3663 rio,
676 3607 862 3667 petere
880 3602 976 3656 tibi
1005 3605 1310 3671 specialiter
1337 3621 1365 3659 a
1383 3606 1607 3662 Domino
1635 3607 2043 3680 distulisti,pete
2071 3622 2126 3666 et

550 3687 782 3756 accipies
802 3691 1091 3746 secundum
1110 3693 1266 3750 ﬁdem
1289 3704 1343 3751 et
1362 3697 1592 3752 animam
1606 3705 1750 3754 tuam
1769 3719 1780 3754 :
1797 3699 1915 3771 quae
1925 3712 2125 3771 quanto

554 3777 753 3832 castior
779 3781 1049 3848 membris,
1082 3792 1232 3840 tanto
1262 3787 1499 3843 vivacior
1524 3791 1767 3847 sensibus
1798 3810 1810 3845 :
1843 3800 1899 3847 et
1924 3803 2126 3863 quanta

553 3866 801 3923 mundior
842 3871 1031 3936 corde,
1082 3882 1230 3931 tanto
1273 3880 1520 3948 capacior
1565 3876 1760 3936 Christi
1799 3892 1910 3949 est;
1941 3886 2031 3955 qui
2060 3889 2128 3941 ab

554 3958 740 4013 humili
784 3960 1118 4032 possidetur,
1148 3972 1203 4020 et
1230 3981 1260 4020 a
1308 3967 1507 4024 mundo
1541 3971 1705 4026 corde
1732 3973 2056 4044 conspicitur
2079 3987 2126 4032 ετ.

628 4050 679 4105 4.
720 4051 796 4107 Te
824 4062 1021 4122 autem,
1054 4062 1114 4110 ut
1141 4064 1230 4112 tua
1261 4060 1514 4128 opinione
1541 4061 1821 4132 deceptum
1851 4065 1919 4119 ab
1948 4067 2137 4136 inopia,

553 4157 672 4198 mea
718 4144 897 4200 minus
921 4145 1146 4202 moleste
1184 4148 1344 4216 feras,
1373 4151 1451 4205 sic
1495 4150 1651 4218 habe,
1683 4160 1952 4223 tamquam
1993 4155 2131 4210 idem

556 4232 623 4287 de
651 4247 738 4287 me
761 4247 948 4301 passus
972 4236 1062 4300 sis,
1089 4237 1234 4305 quod
1257 4237 1373 4307 ipse
1408 4237 1666 4295 Dominus
1695 4242 1763 4296 ab
1792 4242 1880 4296 illa
1910 4242 2034 4307 ﬁcu,
2062 4246 2130 4299 ad

556 4335 717 4389 quam
746 4323 986 4378 esuriens
1013 4327 1254 4392 accessit,
1285 4338 1340 4383 et
1363 4328 1480 4384 sine
1506 4328 1682 4385 fructu
1710 4330 1978 4387 inventam
2007 4350 2131 4404 per-

559 4411 729 4467 cussit
749 4414 914 4467 verbo
940 4415 1049 4470 oris
1074 4417 1188 4483 sui;
1219 4426 1278 4472 ut
1304 4433 1421 4488 qua:
1442 4420 1642 4476 sterilis
1662 4419 1838 4477 fuerat
1866 4421 1939 4494 (b)
1968 4424 2135 4480 bene-

2220 3330 2324 3381 non
2353 3334 2649 3398 receperunt
2673 3335 2742 3393 m;
2770 3335 2825 3382 et
2851 3326 3086 3382 debitam
3117 3327 3238 3384 ﬁdei
3265 3329 3491 3400 frugem,
3518 3345 3684 3401 quam
3714 3338 3806 3402 per

2223 3417 2395 3486 legam
2424 3423 2479 3472 et
2507 3416 2799 3488 prophetas
2843 3416 2898 3474 in
2933 3434 3026 3474 eos
3054 3420 3430 3484 seminaverat,
3462 3420 3663 3475 sterilis
3691 3418 3807 3475 inﬁ-

2223 3509 2421 3564 delium
2465 3508 2771 3564 Iudaeorum
2812 3509 3091 3581 Synagoga
3134 3525 3243 3565 non
3270 3511 3522 3565 reddidit.
3558 3511 3719 3566 Venit
3746 3510 3810 3565 ad

2225 3602 2472 3655 arborem
2501 3614 2707 3664 eorum,
2740 3614 2984 3670 quaerens
3010 3615 3040 3653 a
3066 3599 3186 3654 ﬁliis
3213 3599 3561 3670 plantationis
3589 3615 3701 3654 suae
3722 3617 3812 3655 ex-

2225 3692 2452 3762 spectati
2480 3690 2735 3759 germinis
2762 3688 2973 3745 dulcem
3000 3689 3178 3745 cibum
3224 3707 3238 3742 :
3286 3696 3343 3743 at
3382 3689 3493 3756 illa,
3537 3690 3816 3745 subductis

2227 3783 2440 3854 pietatis
2467 3781 2745 3849 fructibus,
2787 3780 2935 3835 dedit
2962 3780 3014 3834 in
3043 3795 3223 3836 escam
3254 3781 3396 3835 illius
3422 3780 3493 3836 lel
3518 3790 3567 3846 η,
3599 3789 3655 3835 ει
3686 3795 3818 3837 uvas

2228 3874 2433 3943 petenti
2478 3872 2670 3928 obtulit
2695 3873 2894 3942 spinas,
2927 3881 2982 3926 et
3010 3872 3182 3942 ipsum
3227 3871 3382 3927 bonae
3410 3871 3575 3926 Vinea:
3602 3871 3818 3941 planta-

2230 3974 2422 4032 torem,
2449 3964 2621 4035 ipsum
2642 3979 2825 4019 veram
2850 3965 3015 4019 vitem
3036 3972 3092 4019 et
3109 3964 3325 4019 botrum
3344 3964 3626 4019 suavitatis
3664 3976 3817 4020 aceto

2232 4064 2421 4112 urente
2448 4056 2653 4125 potavit
2684 4066 2731 4109 ο.
2766 4053 2918 4111 Unde
2946 4072 3189 4110 conversa
3222 4065 3299 4111 est
3336 4056 3462 4124 ipsis
3503 4072 3689 4110 mensa
3731 4074 3818 4111 ea-

2231 4164 2345 4201 rum
2366 4147 2419 4200 in
2443 4146 2677 4218 laqueum
2700 4156 2747 4213 P,
2776 4156 2826 4201 et
2844 4163 2939 4200 uva
2962 4163 3137 4200 eorum
3160 4147 3523 4200 amaritudinis
3546 4145 3691 4202 facta
3720 4157 3823 4213 est,

2233 4245 2289 4293 et
2313 4240 2393 4292 ira
2418 4238 2702 4292 draconum
2728 4238 3041 4292 insanabilis
3062 4240 3235 4292 vinum
3261 4255 3435 4292 eorum
3458 4249 3511 4293 ιι.

2305 4328 2358 4382 6.
2391 4326 2473 4383 Tu
2498 4344 2651 4396 vero,
2683 4329 2755 4382 mi
2785 4326 2980 4395 frater,
3012 4344 3107 4385 ora
3135 4330 3421 4386 Dominum
3457 4345 3528 4385 ne
3556 4345 3629 4385 ex
3672 4332 3826 4390 viues

2236 4418 2424 4474 talium
2473 4420 2594 4474 vitis
2640 4427 2820 4475 nostra
2850 4421 3145 4490 procedat,
3184 4422 3308 4491 quia
3353 4437 3597 4493 propago
3641 4439 3827 4479 eorum

561 4506 710 4560 dicto
737 4505 969 4571 Domini,
995 4508 1149 4564 ﬁeret
1175 4502 1323 4565 arida
1351 4511 1632 4568 maledicto
1658 4515 1680 4546 ⁸
1709 4512 1758 4569 δ.
1782 4513 1888 4569 Sed
1910 4516 2135 4572 obsecro
2167 4540 2216 4602 ι)
2239 4524 2305 4567 cx
2334 4511 2488 4566 vinea
2516 4510 2731 4565 Domini
2758 4510 2995 4566 Sabaoth
3024 4511 3376 4581 degeneravit
3402 4512 3459 4567 in
3485 4514 3703 4568 vineam
3734 4513 3828 4568 So-

565 4596 953 4652 fraternitatem
982 4608 1146 4665 tuam,
1178 4616 1248 4656 ne
1290 4618 1405 4669 me,
1436 4602 1562 4659 licet
1588 4605 1814 4661 similem
1845 4607 1918 4663 illi
1958 4610 2137 4665 arbori
2170 4596 2205 4602 '
2242 4601 2524 4657 domorum
2556 4611 2600 4653 τε
2630 4600 2697 4654 Et
2721 4601 2823 4655 nisi
2850 4599 3109 4656 Dominus
3129 4601 3184 4655 in
3205 4601 3572 4671 apostolomm
3597 4603 3829 4671 palmiti-

568 4686 765 4742 iut'elici
807 4688 1095 4760 inveneris,
1128 4692 1289 4748 simili
1319 4708 1451 4750 voce
1488 4697 1787 4764 percutias;
1835 4712 1903 4752 ne
1928 4700 2142 4768 penitus
2245 4693 2368 4760 bus,
2390 4690 2458 4746 de
2485 4690 2911 4761 patriarcharum
2937 4691 3207 4747 radicibus
3234 4692 3539 4761 reliquisset
3564 4693 3728 4749 nobis
3752 4709 3833 4749 se-

568 4792 808 4832 arescam
836 4786 894 4834 et
910 4795 1109 4836 vacuus
1126 4783 1310 4838 debito
1336 4784 1529 4848 fructu,
1554 4784 1714 4840 etiam
1744 4785 1989 4842 foliorum
2013 4791 2145 4844 ami—
2246 4784 2531 4839 miliarium
2558 4784 2701 4852 vitae,
2743 4783 2812 4838 de
2846 4798 2954 4854 quo
2996 4783 3139 4838 salus
3166 4784 3404 4852 gentium
3441 4783 3759 4853 pullularet.
3783 4794 3835 4840 ει

569 4876 680 4931 ctu,
710 4868 763 4922 id
788 4877 870 4924 est
894 4872 1078 4938 gratiae
1104 4871 1291 4928 fronde
1310 4872 1577 4943 despolier
1603 4873 1618 4911 ί
1653 4873 1747 4946 (ν.
1778 4890 1943 4932 carm.
1973 4877 2062 4946 52,
2094 4898 2143 4933 v.
2250 4877 2303 4931 in
2332 4890 2441 4945 quo
2468 4874 2687 4930 seminis
2719 4873 2987 4929 benedicti
3014 4889 3150 4929 vena
3193 4873 3443 4940 duraret;
3472 4880 3588 4929 tota
3616 4875 3837 4929 malitia:

571 4957 659 5023 46,
688 4967 743 5013 et
769 4975 854 5029 ep.
886 4960 975 5030 30,
1004 4979 1056 5016 n.
1082 4961 1159 5033 ιι).
1189 4962 1297 5018 Sed
1327 4964 1523 5019 iterum
1551 4964 1812 5033 cogitans,
1836 4965 1959 5035 quia
1987 4969 2146 5022 mise-
2250 4967 2582 5039 plenitudine
2604 4965 2845 5022 Sodomis
2872 4975 2922 5020 et
2942 4964 3243 5021 Gomorrlua
3261 4966 3454 5020 similes
3482 4967 3764 5037 fuissemus
3790 4976 3836 5020 ⁸.

643 5082 669 5110 ³
695 5073 806 5151 Jac.
843 5091 918 5151 lli,
951 5076 1036 5151 ll.
1112 5075 1139 5113 ι’
1161 5075 1286 5151 Sgp.
1320 5091 1357 5151 ι,
1388 5076 1440 5151 ᾧ.
1520 5089 1539 5151 ‘_'
1566 5073 1700 5131 Gen.
1735 5093 1876 5151 x1._lx,
1900 5079 1975 5151 2._
2028 5080 2053 5115 ά
2083 5080 2111 5133 Ε

2217 5097 2278 5137 ξε.
2307 5099 2344 5146 l,
2375 5080 2466 5135 25.
2545 5078 2708 5134 ι’(101.
2740 5094 2778 5141 ι,
2812 5078 2898 5151 l9,
2938 5084 2994 5134 et
3016 5077 3157 5151 ll,_9.
3239 5077 3259 5117 ί
3292 5077 3456 5151 Apoc.
3488 5095 3526 5151 ι2
3550 5077 3688 5151 8_._8
3713 5079 3837 5134 lsai.

574 5159 717 5215 ιλιι,
763 5145 832 5215 2;
875 5147 1060 5199 Matlb.
1104 5153 1157 5209 ν,
1198 5145 1252 5215 8.
1330 5146 1354 5183 ι·
1390 5146 1576 5201 Matth.
1629 5164 1738 5210 XXI,
1792 5148 1895 5215 l9;
1927 5148 2088 5205 Marc.

2225 5145 2337 5205 Μ.
2395 5152 2406 5190 ί
2445 5151 2639 5205 Ezecb.
2664 5165 2810 5212 xvlll,
2836 5150 2924 5203 51.
2999 5155 3013 5201 l
3055 5148 3218 5203 Marc.
3249 5166 3321 5213 xl,
3341 5145 3442 5202 15.
3515 5147 3538 5183 κ
3565 5147 3742 5203 lCor.
3766 5166 3837 5207 lx.

574 5213 629 5286 ξ).
711 5214 947 5286 lMattb.
989 5231 1064 5278 ιιι,
1101 5215 1195 5286 12ς
1232 5214 1356 5286 Luc.
1380 5233 1454 5282 ιιι,
1487 5216 1573 5286 l7.
1646 5227 1683 5255 ω
1711 5213 1901 5272 «ιοιιτιιι.
1932 5218 2078 5286 1,“.
2158 5231 2180 5257 υ
2214 5222 2399 5275 Matth.
2434 5237 2597 5283 xxvll,
2646 5217 2747 5282 Si;
2797 5219 2960 5272 Marc.
3028 5235 3116 5278 xv,
3163 5218 3247 5271 56.
3327 5228 3352 5255 ο
3379 5216 3571 5270 Juhall-
3624 5234 3719 5283 XV.
3782 5222 3839 5281 ίὶ

580 5282 707 5340 Luc.
736 5301 887 5354 χχιιι,
922 5285 1011 5340 56.
1087 5294 1114 5333 ι)
1141 5285 1278 5340 Psal.
1313 5303 1491 5352 vam,
1522 5285 1610 5341 25.
1685 5300 1712 5338 ιι
1745 5288 1897 5342 Deut.
1927 5282 2093 5356 mn,

2253 5308 2360 5347 sec.
2402 5282 2589 5344 LXX.
2643 5300 2665 5328 τ
2698 5289 2818 5343 lsai.
2847 5305 2899 5353 v,
2930 5289 2979 5343 7.
3057 5297 3076 5323 '
3114 5288 3267 5343 Rom.
3301 5305 3368 5353 lx,
3404 5286 3502 5351 29;
3534 5286 3656 5341 lsai.
3691 5282 3734 5355 ι,
3762 5290 3812 5340 7.

650 5400 726 5470 (α)
747 5398 824 5454 lla
846 5416 948 5456 ms.
974 5401 1144 5471 codex
1165 5401 1361 5471 Regius
1384 5417 1505 5455 cum
1529 5401 1684 5456 editis
1702 5399 1862 5456 Grav.
1889 5410 1945 5457 et
1966 5402 2151 5459 Schot.

582 5469 709 5536 Alii,
738 5472 1005 5542 adimplet.
1045 5470 1235 5542 Sedet
1256 5469 1582 5542 vadfmpletur
1617 5488 1715 5542 pro
1759 5472 2003 5542 adimplet
2031 5473 2155 5542 alibi
2259 5474 2536 5528 moriatur.
2568 5472 2671 5526 Alii
2698 5471 2934 5539 codices,
2963 5471 3068 5525 vult
3089 5479 3251 5542 morte
3278 5472 3595 5542 morientem2

583 5550 805 5612 usurpat
829 5539 1081 5596 Paulinus
1120 5540 1266 5612 ‘Vide
1285 5539 1442 5612 epist.
1462 5540 1563 5612 A40,
1586 5539 1639 5594 ιι.
1670 5541 1724 5604 9,
1754 5550 1807 5594 ει
1834 5539 1921 5604 42,
1953 5557 2005 5595 ιι.
2032 5541 2084 5594 2.

2329 5542 2406 5612 (d)
2429 5542 2518 5598 Sic
2537 5541 2937 5612 emendavimus
2957 5556 3029 5595 ex
3044 5541 3231 5612 codice
3257 5556 3355 5612 ms.
3388 5539 3538 5596 Vien.
3563 5539 3697 5608 Qua:
3726 5559 3845 5598 cor-

658 5608 1051 5680 (blBenedicto,
1083 5609 1137 5664 id
1183 5619 1266 5666 est
1312 5610 1659 5680 benedictione
1682 5618 1797 5680 ,_ut
1839 5611 2161 5680 respondeat
2260 5608 2429 5667 recti'n
2457 5611 2802 5667 conﬁrmatur
2838 5627 2904 5665 ex
2944 5626 3029 5679 ep.
3072 5609 3140 5664 40
3180 5612 3246 5666 ad
3275 5610 3527 5666 Sanctum
3555 5621 3615 5665 et
3640 5613 3849 5668 Aman-

588 5679 861 5750 malediclo
881 5683 1024 5749 quod
1044 5681 1304 5750 sequitur.
1328 5678 1453 5734 Mss.
1479 5679 1611 5747 Reg.
1635 5678 1861 5734 etVien.
1888 5678 2007 5735 cum
2031 5681 2156 5735 Ctlll.
2262 5682 2407 5745 dum,
2442 5699 2494 5736 ιι.
2533 5682 2585 5747 7,
2604 5684 2865 5736 inimicam
2904 5678 3219 5750 serpentibus
3249 5682 3516 5735 volucrem.
3559 5683 3703 5737 Ante
3731 5693 3851 5739 erat

592 5748 1087 5821 Schot._,l::nedicto
1120 5748 1357 5821 Domina,
1381 5749 1657 5805 mendose.
1704 5819 1713 5821 _
1778 5818 1804 5821 _
1846 5820 1853 5821 ί
1902 5756 1917 5789 τ
1974 5819 2015 5821 Α
2265 5750 2623 5821 plantationis.

669 5828 737 5887 te)
768 5819 839 5873 ll:
877 5836 953 5875 nis
990 5860 1002 5876 .
1036 5820 1204 5876 Vatis.
1237 5829 1289 5875 ct
1322 5819 1451 5873 Vien
1504 5835 1619 5874 cum
1654 5819 1734 5875 ed.
1766 5818 1939 5886 Grill.,
1972 5819 2018 5871 id
2051 5830 2163 5886 ct,
2265 5818 2274 5821 “
2340 5822 2410 5889 (ρ)
2435 5821 2515 5876 Ita
2542 5839 2666 5878 mss.
2699 5820 2929 5877 codices.
2963 5819 3375 5892 Editi,llisjirit.
3411 5821 3537 5877 Vide
3568 5831 3677 5875 nol.
3720 5823 3849 5876 ΜΓ).

2262 5403 2533 5458 neminem
2558 5403 2674 5458 vult
2699 5410 2875 5457 morte
2916 5410 3123 5456 interna
3163 5402 3318 5465 mori,
3359 5401 3483 5455 licet
3521 5402 3845 5457 naturaliter
