4008 6346
540 269 646 326 587

1673 262 1726 316 S.
1767 254 2037 312 PAULINI
2073 254 2320 310 NOLANI
2361 253 2660 313 EPISCOPI

3694 265 3812 324 338

541 384 763 450 faciunt,
794 397 917 440 cum
943 397 1112 452 epuns
1139 378 1304 450 opimi
1331 376 1560 432 convivii
1587 373 1807 441 digestis
1831 375 2024 428 iterum
2046 372 2114 426 de
2143 377 2194 432 Α
2221 373 2445 426 dextera
2477 373 2499 404 ⁸
2529 372 2737 426 Excelsi
2769 372 2810 437 ι,
2852 388 2968 442 qua:
3011 375 3064 426 in
3104 389 3164 428 se
3190 389 3414 428 manens
3438 375 3616 429 omnia
3643 378 3809 436 inno-
3841 365 3851 375 ’

543 492 641 532 sua
672 474 850 544 inopia
877 471 1077 527 esurire
1105 467 1394 537 cmperint,
1428 464 1622 518 famem
1651 478 1801 517 suam
1832 461 2120 532 praeterita:

543 564 841 623 saturitatis
867 559 1243 617 recordatione
1270 558 1532 621 solantur,
1559 562 1614 609 et
1643 554 1875 607 animam
1905 552 2119 605 inanem

548 655 799 726 praesenti
826 652 1151 720 cogitatione
1171 649 1404 703 absentis
1425 645 1654 702 convivii
1675 646 1835 716 259
1853 650 2078 713 pascunt
2101 657 2118 706 ;

550 748 624 801 ita
653 759 753 814 ego
782 744 923 797 hanc
945 741 1227 811 epistolam
1253 740 1305 793 in
1334 738 1407 792 tui
1437 736 1699 792 sermonis
1736 733 2119 789 retractatione

543 842 827 890 contexam
847 871 862 896 ,
906 840 962 886 et
987 830 1319 899 voluptatem
1348 841 1522 881 meam
1551 825 1778 879 referam
1805 865 1820 891 ,
1850 822 1983 876 nihil
2024 819 2121 876 tibi

547 925 778 993 largiens
803 941 817 990 ;
851 937 952 977 nec
977 930 1161 976 votum
1189 933 1317 987 erga
1348 927 1398 972 te
1419 925 1594 973 meum
1624 917 1801 986 potius
1847 930 2005 984 quam
2051 913 2121 969 de

547 1026 602 1070 te
642 1014 1072 1082 experimentum
1107 1011 1318 1078 loquar.
1380 1007 1774 1076 Expresserunt
1819 1006 1963 1060 enim
1989 1005 2121 1060 mihi

547 1107 740 1162 faciem
771 1103 953 1160 cordis
982 1103 1058 1157 tui
1087 1103 1279 1156 litterae
1309 1109 1430 1165 tum,
1464 1099 1566 1153 illae
1590 1099 1782 1152 littera:
1805 1098 1919 1167 spei
1941 1099 2118 1164 bonze,

547 1199 741 1253 litterae
772 1195 894 1250 fidei
924 1210 1030 1249 non
1061 1194 1196 1248 ficta:
1219 1235 1233 1260 ,
1276 1192 1466 1246 litterae
1496 1205 1642 1260 pura:
1670 1189 1905 1244 caritatis
1927 1227 1942 1253 ,
1991 1187 2118 1256 quid

547 1289 748 1344 amoris
772 1285 1094 1341 sanctissimi
1124 1284 1365 1353 spirant;
1417 1296 1576 1352 quam
1615 1280 1796 1335 suavis
1837 1279 1889 1332 in
1935 1279 2018 1334 his
2065 1287 2121 1332 et

545 1387 781 1448 quantus
820 1376 1016 1431 Christi
1065 1374 1200 1430 odor
1241 1374 1479 1443 fragrat,
1514 1371 1588 1442 (a)
1617 1379 1816 1440 quanta
1845 1369 2119 1439 opulentia

545 1469 741 1523 sinceri
788 1467 965 1522 cordis
1012 1466 1316 1520 exmstuat?
1357 1463 1628 1532 quomodo
1671 1462 1825 1516 nobis
1865 1461 2120 1515 anhelant

545 1560 688 1613 sitim
721 1568 866 1612 tuam
887 1600 902 1623 ,
953 1566 1007 1612 et
1042 1556 1365 1611 desiderium
1395 1555 1768 1623 delectumque
1796 1554 1988 1608 animm
2015 1562 2118 1609 tua:

547 1650 600 1703 in
632 1651 767 1703 atria
798 1648 1010 1703 Domini
1033 1649 1057 1701 ?
1096 1661 1232 1716 quas
1261 1653 1426 1714 agunt
1454 1646 1653 1711 gratias
1678 1644 1788 1698 Deo
1809 1645 1832 1696 ?
1857 1659 1993 1712 quas
2021 1644 2120 1696 im-

2223 472 2332 528 vat,
2357 472 2413 517 et
2434 466 2677 518 convertit
2696 482 2836 518 mare
2859 467 2912 518 in
2935 466 3137 518 aridam
3161 476 3218 530 m,
3243 467 3308 520 ad
3331 467 3670 524 continentia:
3694 473 3804 528 sic-

2221 553 2436 607 citatem
2457 553 2722 621 stringens
2750 553 2948 608 ﬂuenta
2972 555 3244 609 vitiorum.
3272 555 3557 612 Benedicta
3579 557 3697 616 haec
3719 562 3812 616 in-

2221 651 2305 696 ter
2328 644 2595 706 mulieres,
2621 653 2675 700 et
2699 646 2800 700 hac
2820 661 3034 715 quoque
3059 646 3346 702 devotione
3370 649 3531 720 260
3555 651 3732 707 fidelis
3747 664 3809 709 et

2221 736 2591 804 acceptissima
2623 737 2850 792 Domino
2875 779 2890 805 ,
2937 752 3043 806 qua
3081 753 3140 793 se
3173 743 3578 798 necessitatibus
3627 747 3806 801 seculi

2219 839 2320 895 pro
2351 835 2400 880 te
2423 867 2437 891 ,
2477 828 2626 882 velut
2650 829 2893 896 quaedam
2918 830 3167 898 procellis
3200 831 3253 884 in
3284 832 3539 886 immobili
3569 837 3806 904 scopulo

2219 917 2450 972 stabilita
2482 919 2660 982 turris,
2685 921 2954 988 opposuit.
2995 919 3133 974 Vere
3159 920 3212 973 in
3243 921 3356 990 ipsa
3377 929 3530 991 petra
3556 923 3664 986 illa,
3699 939 3803 978 su-

2218 1021 2317 1077 per
2341 1022 2504 1076 quam
2526 1007 2785 1063 mdificata
2812 1009 3004 1066 domus
3029 1025 3137 1064 non
3167 1011 3328 1065 cadet
3354 1021 3380 1048 ιι
3406 1051 3421 1074 ,
3453 1013 3624 1067 solido
3651 1023 3804 1068 stre-

2220 1111 2338 1151 nuae
2361 1097 2554 1152 mentis
2575 1095 2792 1160 fundata
2815 1100 3060 1168 vestigio,
3091 1099 3230 1154 facta
3261 1109 3342 1154 est
3371 1103 3464 1156 tibi
3497 1105 3649 1157 turris
3671 1121 3804 1172 pro-

2221 1190 2452 1242 tectionis
2479 1189 2574 1258 (al.
2604 1188 2951 1259 fortitudinis)
2986 1206 3018 1242 a
3057 1192 3192 1262 facie
3219 1193 3415 1245 inimici
3447 1201 3470 1228 ο
3500 1233 3515 1258 ,
3539 1194 3714 1248 undas
3741 1203 3806 1248 et

2219 1279 2455 1334 turbines
2480 1279 2646 1333 seculi
2673 1279 2919 1349 frangens
2945 1281 3046 1350 pia:
3073 1282 3346 1336 servitutis
3371 1283 3625 1350 obiectu;
3655 1293 3720 1337 ut
3740 1294 3802 1339 tu

2217 1371 2456 1424 seclusus
2498 1385 2529 1424 a
2567 1371 2758 1440 pelago
2781 1408 2795 1432 ,
2845 1379 3010 1425 tutam
3041 1372 3096 1426 in
3125 1370 3378 1426 Ecclesiae
3407 1381 3565 1441 portu
3594 1375 3802 1430 mentis

2219 1461 2545 1516 inconcussas
2566 1471 2734 1515 ratem
2762 1461 2832 1532 (f)
2853 1462 3201 1518 meditatione
3221 1464 3474 1520 continua
3494 1464 3802 1519 studiorum

2218 1565 2548 1621 operumque
2575 1552 2872 1606 caelestium
2899 1552 3050 1620 quasi
3079 1553 3312 1620 quodam
3354 1554 3580 1622 remigio
3608 1554 3804 1610 salutis

2218 1655 2487 1695 exerceas.
2528 1640 2822 1708 Corporalis
2848 1642 3001 1707 enim,
3033 1642 3224 1708 inquit,
3252 1643 3556 1696 emercitatio
3583 1643 3655 1695 ad
3679 1661 3802 1698 ato-

547 1748 762 1808 petrant
787 1755 818 1793 a
847 1739 957 1793 Deo
981 1740 1003 1792 ἲ
1029 1753 1148 1806 quae
1177 1736 1374 1804 legenti
1403 1735 1532 1789 mihi
1562 1733 1956 1789 florescentium
1986 1733 2038 1786 in
2068 1742 2120 1787 te
2151 1732 2196 1792 Β
2222 1733 2408 1794 dirum,
2439 1747 2561 1785 nam
2591 1733 2756 1800 pictas
2784 1733 2850 1785 ad
2879 1734 3053 1786 omnia
3077 1733 3217 1785 utilis
3260 1742 3336 1786 est
3358 1744 3384 1782 Ρ
3402 1775 3418 1799 ,
3442 1750 3564 1803 qua:
3593 1744 3647 1790 le
3670 1738 3800 1790 sub-

545 1831 833 1898 gratiarum
863 1829 977 1894 Dei,
1006 1830 1223 1898 jamque
1244 1825 1580 1896 operantium
1604 1824 1860 1878 virtutum
1883 1823 2120 1892 pnebent

546 1922 852 1991 spectacula
873 1922 897 1973 ?

616 2012 671 2066 5.
712 2010 787 2065 ibi
826 2011 1074 2080 parvuli,
1126 2010 1238 2063 sive
1268 2009 1429 2062 etiam
1462 2005 1537 2076 (b)
1578 2003 2120 2074 adultuli'Babylonis

547 2103 642 2158 filii
669 2103 938 2157 eliduntur
967 2102 1032 2157 ad
1060 2112 1268 2172 petram
1302 2111 1324 2138 ιι
1349 2143 1363 2166 ,
1395 2101 1522 2153 vitia
1559 2099 1764 2153 scilicet
1789 2096 2119 2150 confusionis

546 2195 916 2265 superbimque
936 2194 1212 2259 secularis,
1234 2207 1352 2260 qua:
1378 2191 1664 2259 proclivius
1686 2187 1812 2242 fides
1835 2202 2117 2254 congressa

545 2285 839 2356 superabit,
870 2283 913 2339 si
945 2285 996 2338 in
1021 2283 1329 2353 primordiis
1360 2281 1426 2334 ad
1450 2281 1718 2334 Christum
1749 2279 1953 2332 illidere
1980 2279 2120 2331 anti-

544 2378 720 2446 cipata
754 2375 1107 2430 crescentium
1145 2371 1453 2426 infirmitate
1483 2371 1812 2440 praicaverit.
1853 2369 1929 2423 lbi
1959 2378 2014 2424 et
2037 2383 2121 2423 ce-

543 2467 628 2522 dri
659 2465 840 2520 Libani
872 2466 936 2518 ad
967 2474 1163 2518 terram
1193 2463 1449 2531 depositae
1473 2461 1520 2526 δ,
1549 2470 1603 2514 et
1630 2461 1684 2513 in
1707 2475 1844 2514 arae
1864 2459 2116 2513 fabricam

545 2559 858 2626 compagine
887 2555 1127 2611 caritatis
1149 2563 1364 2618 erectae,
1390 2549 1572 2604 mundi
1605 2550 1761 2618 hujus
1793 2547 1985 2602 fluctus
2015 2549 2115 2601 im-

542 2649 781 2719 putribili
823 2647 1018 2700 robore
1057 2653 1262 2700 secant.
1303 2644 1501 2696 ibidem
1545 2642 1808 2696 excitatus
1852 2640 2116 2705 Christus,

541 2746 604 2792 ut
627 2737 936 2792 directionis
958 2747 1058 2789 tua:
1080 2751 1292 2790 cursum
1314 2734 1378 2787 ad
1398 2733 1743 2787 stabilitatem
1764 2746 1913 2785 suam
1935 2731 2116 2797 ducat,

543 2838 736 2886 ventos
763 2837 818 2884 et
845 2830 1012 2882 maria
1050 2828 1146 2881 tibi
1188 2828 1408 2896 placans
1455 2825 1664 2878 videtur
1700 2837 1743 2875 υ.
1785 2823 1884 2876 Cui
1922 2822 2033 2890 jam
2059 2822 2115 2876 in

542 2920 789 2990 corporis
816 2920 893 2973 tui
923 2933 1060 2972 nave
1103 2917 1332 2971 vectatio
1355 2955 1370 2978 ,
1412 2924 1467 2968 et
1496 2916 1546 2968 in
1579 2923 1671 2968 tuo
1699 2914 1860 2968 corde
1888 2913 2116 2967 cervical

542 3015 647 3075 est,
669 3008 794 3077 quia
822 3007 1014 3059 invenit
1041 3005 1148 3059 illic
1174 3020 1351 3074 passer
1377 3004 1581 3056 domum
1608 3003 1704 3055 sibi
1723 3001 1775 3064 ά,
1805 3010 1860 3055 et
1881 3002 2038 3055 habet
2062 3002 2116 3055 in

2222 1823 2356 1876 d‘dit
2375 1822 2608 1887 Christo,
2629 1823 2999 1892 prmfereutem
3015 1824 3101 1877 vel
3121 1825 3296 1894 jacere
3314 1841 3368 1878 in
3392 1825 3547 1879 domo
3562 1826 3796 1892 Domini,

2221 1931 2371 1984 quam
2401 1916 2453 1967 in
2482 1925 2805 1983 peccatorum
2827 1915 3170 1968 tabernaculis
3199 1927 3226 1965 (ι
3259 1917 3496 1970 eminere
3521 1957 3536 1979 ,
3579 1927 3636 1971 et
3662 1934 3796 1972 con-

2221 2019 2428 2058 servam
2451 2013 2597 2058 tuam
2630 2005 2706 2075 (g)
2739 2006 2793 2058 in
2818 2005 3032 2059 labores
3059 2020 3349 2074 corporeos
3377 2020 3444 2059 ex
3471 2006 3668 2061 affectu
3693 2009 3798 2076 spi-

2220 2095 2358 2148 ritali
2389 2111 2484 2164 pro
2505 2104 2597 2148 tua
2621 2095 2797 2148 anima
2823 2095 3144 2164 pignoravit,
3177 2103 3238 2148 ut
3263 2097 3496 2164 pretium
3529 2097 3796 2150 libertatis

2220 2197 2326 2240 tua:
2351 2188 2551 2240 faceret
2570 2186 2881 2239 servitutem
2908 2200 3059 2239 suam
3084 2202 3097 2250 ;
3131 2202 3236 2240 non
3265 2186 3352 2239 illa
3385 2186 3438 2239 in
3461 2187 3795 2242 secularibus

2220 2277 2448 2344 negotiis
2483 2275 2682 2330 mundo
2725 2286 2746 2316 ι’
2775 2314 2791 2337 ,
2842 2276 2938 2330 sed
2977 2276 3194 2330 Christo
3237 2275 3514 2340 serviens,
3574 2286 3798 2347 propter

2219 2379 2378 2433 quem
2406 2365 2663 2420 mundum
2702 2367 2933 2435 patitur,
2966 2381 3036 2420 ne
3063 2376 3121 2420 ut
3150 2366 3387 2434 patiaris.
3431 2366 3571 2420 Vere
3598 2406 3614 2430 ,
3641 2366 3796 2434 juxta

2219 2457 2455 2510 divinum
2484 2473 2619 2526 opus
2647 2466 2706 2511 et
2733 2457 2952 2511 verbum
2976 2497 2991 2519 ,
3025 2456 3163 2511 facta
3192 2458 3243 2510 in
3273 2457 3597 2525 at‘jutorium
3626 2459 3720 2512 tibi
3746 2467 3795 2522 ⁸,

2219 2558 2275 2603 et
2319 2549 2388 2603 ad
2437 2557 2489 2603 te
2517 2549 2720 2604 habens
2759 2549 3164 2603 conversionem
3204 2563 3356 2603 suam
3404 2548 3472 2601 de
3520 2558 3653 2602 nutu
3700 2559 3798 2604 tuo

2217 2641 2434 2711 pendet,
2457 2651 2511 2694 et
2531 2642 2583 2694 in
2606 2650 2697 2696 tuo
2717 2650 2860 2696 statu
2879 2641 3039 2703 sistit,
3069 2640 3122 2693 in
3145 2640 3381 2708 vestigiis
3403 2641 3509 2694 tuis
3529 2642 3793 2704 ambulat,

2219 2733 2272 2786 in
2299 2734 2474 2786 anima
2502 2741 2591 2787 tua
2619 2737 2904 2794 animatur,
2935 2748 3034 2800 pro
3057 2732 3163 2786 vita
3194 2734 3285 2785 tua
3309 2730 3506 2798 deﬁcit,
3541 2745 3600 2787 ut
3626 2735 3678 2787 in
3700 2743 3797 2788 tua

2217 2823 2324 2876 vita
2355 2822 2624 2876 reliciatur
2650 2824 2693 2875 ι.
2724 2821 2888 2875 Curat
2918 2821 3007 2874 illa
3031 2821 3200 2874 seculi
3226 2837 3406 2884 curas,
3438 2837 3504 2877 ne
3525 2832 3583 2876 tu
3602 2837 3794 2886 cures;

2219 2914 2297 2984 (It)
2328 2914 2602 2982 possidere
2630 2913 2858 2980 videtur,
2887 2927 2954 2966 ne
2993 2921 3050 2965 tu
3075 2911 3396 2982 possidearis
3421 2927 3453 2966 a
3487 2912 3704 2976 mundo,
3741 2923 3797 2966 et

2219 3014 2278 3058 ut
2305 3006 2326 3036 ⁵
2354 3003 2676 3074 possidearis
2702 3019 2732 3056 a
2760 3003 2994 3057 Christo.
3030 3001 3148 3056 Non
3171 3002 3314 3054 illam
3341 3017 3370 3055 ιι
3394 3003 3674 3072 proposito
3696 3011 3795 3056 tuo

543 3109 627 3162 te,
675 3099 761 3152 ubi
785 3097 1009 3152 reclinet
1037 3103 1198 3165 caput
1239 3109 1394 3149 suum
1426 3103 1471 3146 θ.
1512 3093 1623 3146 Illic
1659 3103 1714 3145 et
1737 3090 1932 3160 eonjux
1965 3092 1985 3122 ³
2018 3091 2111 3162 (γ.
2142 3095 2187 3157 C
2216 3097 2421 3151 discors
2446 3096 2684 3164 abjungit
2702 3096 2968 3158 voluntas,
2998 3092 3092 3147 sed
3114 3093 3257 3160 quod
3278 3094 3447 3162 magis
3471 3094 3666 3147 mirum
3685 3105 3792 3156 est,

542 3196 658 3243 not.
687 3185 835 3258 188),
867 3201 975 3240 ιιοιι
1001 3185 1070 3257 (c)
1099 3185 1206 3239 dux
1235 3183 1302 3236 ad
1321 3181 1708 3237 mollitudinem
1729 3181 1813 3235 vel
1836 3181 2113 3236 avaritiam

541 3281 660 3334 viro
678 3294 799 3346 suo,
828 3279 924 3333 sed
952 3276 1020 3332 ad
1041 3275 1424 3332 continentiam
1454 3283 1509 3328 et
1550 3273 1917 3329 fortitudinem
1948 3275 2114 3330 redux

538 3373 595 3426 in
625 3389 746 3427 ossa
774 3372 874 3425 viri
916 3372 998 3424 sui
1026 3369 1042 3408 ί
1071 3409 1088 3434 ,
1137 3381 1328 3434 magna
1372 3367 1461 3420 illa
1501 3366 1665 3420 divini
1712 3381 1832 3421 cum
1877 3365 2112 3422 Ecclesia

538 3463 771 3531 conjugii
800 3461 1162 3524 :emulationc,
1202 3457 1459 3513 mirabilis
1488 3465 1573 3510 est
1599 3466 1622 3502 ε
1653 3473 1665 3508 :
1698 3471 1857 3524 quam
1889 3458 1939 3510 in
1968 3465 2110 3510 tuam

539 3555 800 3607 unitatem
826 3552 904 3621 (ά)
935 3550 1208 3604 redactam
1249 3561 1313 3602 ac
1343 3546 1601 3600 redditam
1627 3584 1643 3608 ,
1688 3555 1744 3599 et
1786 3546 2112 3614 spiritalibus

541 3643 637 3700 tibi
669 3650 817 3696 tanto
848 3640 1190 3704 firmioribus,
1213 3645 1416 3706 quanto
1442 3635 1760 3689 castioribus
1789 3635 2012 3688 nexibus
2031 3651 2112 3689 ca-

539 3733 675 3790 ritas
717 3730 914 3786 Christi
955 3729 1211 3798 copulat,
1260 3727 1310 3780 in
1353 3725 1506 3794 cujus
1541 3740 1736 3793 corpus
1777 3725 2111 3782 transistisa

538 3831 743 3877 vestro.
1113 3870 1116 3872 η

607 3912 662 3966 4.
703 3910 974 3967 Benedicti
989 3925 1086 3964 vos
1101 3907 1345 3972 Domino,
1361 3909 1445 3979 qui
1465 3909 1583 3978 fecit
1611 3918 1877 3979 utrumque
1893 3925 2046 3964 unum
2063 3909 2109 3974 δ,

534 4005 761 4061 condens
788 4005 842 4057 in
871 4002 1190 4071 semetipsum
1219 4000 1320 4053 duo
1338 4036 1353 4063 ,
1395 4000 1588 4070 faciens
1621 3999 1879 4054 mirabilia
1905 4005 2044 4056 solus
2067 4001 2107 4064 ί,

533 4095 629 4164 qui
662 4092 926 4150 convertit
961 4106 1067 4144 non
1108 4090 1281 4146 solum
1321 4088 1573 4142 animasi
1605 4129 1623 4154 ,
1669 4089 1764 4144 sed
1791 4100 1845 4145 et
1869 4091 2108 4160 affectus,

535 4186 854 4256 temporalia
883 4185 934 4238 in
965 4191 1188 4237 interna.
1221 4181 1292 4252 (ε)
1325 4180 1549 4235 Manetis
1585 4195 1714 4236 ecce
1742 4181 1899 4236 iidem
1925 4183 2113 4250 conju-

533 4294 649 4348 ges,
679 4279 771 4348 qui
793 4277 986 4342 luistis,
1012 4275 1106 4329 sed
1136 4290 1245 4328 non
1275 4273 1347 4332 ita
1375 4272 1632 4340 conjuges
1657 4281 1716 4326 ut
1736 4272 1910 4328 fuistis
1938 4292 1952 4339 ;
1985 4275 2113 4330 estis

537 4371 660 4440 ipsi,
685 4383 784 4423 nec
813 4367 915 4436 ipsi
940 4384 953 4418 :
985 4373 1040 4419 et
1069 4365 1206 4420 sicut
1232 4362 1536 4426 Christum,
1569 4363 1643 4418 ita
1673 4371 1728 4418 et
1754 4366 2110 4434 vosmetipsos

2212 3202 2437 3242 concors
2484 3185 2615 3240 fides
2660 3200 2823 3255 opere
2868 3185 3054 3240 dividit
3097 3186 3376 3240 voluntate
3423 3185 3792 3252 coniunctam.

2211 3276 2342 3330 Nam
2371 3277 2486 3330 sine
2514 3275 2679 3329 animi
2707 3275 3018 3343 captivitate
3045 3291 3157 3330 rem
3185 3268 3513 3344 captivitatis
3543 3275 3596 3328 in
3628 3275 3795 3328 liber-

2212 3377 2321 3422 tate
2349 3367 2565 3436 spiritus
2585 3366 2974 3430 administrans,
2998 3366 3218 3435 ﬁrmavit
3239 3380 3421 3418 manus
3446 3381 3569 3418 suas
3589 3365 3642 3417 in
3667 3382 3793 3431 ope-

2209 3478 2272 3514 ra
2298 3463 2318 3493 ⁶
2351 3460 2447 3529 (γ.
2479 3467 2591 3514 ιιοι.
2625 3457 2751 3523 189)
2780 3459 3027 3521 virtutis;
3069 3457 3278 3514 brachia
3315 3472 3410 3510 sua
3449 3456 3683 3509 extendit
3722 3456 3793 3508 ad

2209 3554 2378 3619 utilia,
2400 3553 2631 3605 accincta
2659 3553 2861 3622 fortiter
2891 3550 3088 3606 lumbos
3113 3564 3234 3604 suos
3255 3589 3270 3613 ,
3310 3557 3360 3603 et
3386 3564 3534 3602 escas
3565 3549 3794 3619 pigritiae

2210 3660 2313 3696 non
2335 3643 2508 3706 edens,
2543 3643 2683 3712 facta
2711 3653 2787 3696 est
2816 3641 2907 3695 tibi
2933 3650 3190 3712 tamquam
3219 3640 3382 3705 navis,
3424 3655 3542 3707 qua:
3582 3655 3790 3692 merca~

2209 3743 2293 3788 tur
2311 3751 2342 3787 a
2370 3735 2688 3804 longinquo;
2718 3733 3018 3788 necessaria
3047 3731 3311 3786 divisione
3337 3729 3572 3786 reddens
3601 3746 3703 3800 per
3731 3746 3794 3784 se

2211 3824 2406 3879 Caesari
2433 3839 2551 3892 qua:
2575 3832 2699 3879 sunt
2725 3821 2986 3886 Caesaris;
3017 3831 3108 3886 ut,
3138 3837 3258 3889 qua:
3288 3821 3382 3875 Dei
3407 3829 3531 3874 sunt
3557 3861 3573 3886 ,
3605 3836 3710 3890 per
3739 3829 3795 3874 te

2217 3915 2486 3968 ministret
2513 3914 2622 3968 Deo
2651 3921 2700 3966 ιι.
2741 3912 2871 3966 Nam
2901 3927 3022 3966 cum
3055 3913 3329 3977 tributum,
3360 3912 3494 3965 sicut
3519 3914 3792 3980 scriptum

2211 4013 2293 4060 est
2315 4014 2364 4071 ν,
2391 4003 2598 4058 dederit
2617 4003 2702 4057 cui
2729 4002 2891 4056 debet
2915 4002 3167 4056 tributum
3184 4042 3199 4068 ,
3228 4010 3356 4056 tunc
3376 4009 3432 4055 et
3457 4017 3648 4054 manus
3669 4018 3793 4054 suas

2210 4096 2514 4165 adaperiens
2545 4096 2563 4125 ⁷
2595 4094 2810 4163 pauperi
2845 4102 2893 4160 ι,
2923 4101 2978 4147 et
3007 4091 3235 4146 fructum
3264 4093 3284 4123 ⁸
3313 4106 3491 4161 operm
3520 4107 3632 4147 sua:
3662 4107 3794 4160 por—

2211 4187 2389 4253 rigens
2417 4184 2561 4252 inopi
2586 4225 2601 4247 ,
2629 4184 2870 4252 spiritale
2897 4182 3124 4251 vectigal
3154 4181 3387 4252 pensitat
3412 4199 3427 4247 ;
3474 4192 3533 4236 et
3559 4183 3794 4237 reditum

2213 4273 2564 4345 possessionis
2591 4273 2643 4326 in
2665 4281 2768 4326 tum
2797 4273 2996 4326 militia:
3018 4272 3338 4342 stipendium
3365 4274 3626 4340 suggerit,
3655 4275 3800 4326 salu-

2213 4365 2344 4418 taris
2371 4368 2391 4398 ⁹
2421 4363 2599 4417 damni
2629 4363 2840 4416 avarior
2867 4378 3025 4430 quam
3069 4361 3240 4416 letalis
3283 4362 3439 4416 lucri.
3499 4361 3632 4427 Quae
3673 4364 3800 4417 talis
3885 4367 3889 4370 ’

531 4461 647 4529 iam
690 4456 987 4512 secundum
1027 4469 1243 4509 carnem
1287 4469 1395 4507 non
1439 4454 1608 4507 nostis
1638 4451 1686 4507 ιι.
1729 4452 1858 4508 Hcce
1900 4457 2113 4510 mutatio
2142 4450 2191 4510 ι)
2216 4463 2320 4523 est,
2351 4455 2464 4524 ﬁdit
2493 4455 2545 4507 in
2567 4469 2628 4506 ea
2648 4469 2735 4506 cor
2757 4453 2929 4506 mariti
2957 4453 3088 4522 ejus.
3122 4449 3378 4522 Operatur
3395 4453 3554 4514 enim,
3580 4462 3640 4505 ut
3660 4455 3768 4508 seri
3789 4485 3801 4497 -

609 4577 636 4606 ι
667 4567 804 4621 Psal.
837 4580 1050 4623 cxxxvr.
1082 4565 1135 4618 9.
1211 4561 1238 4601 δ
1269 4561 1410 4616 Psal.
1443 4578 1638 4626 xxviii,
1670 4562 1722 4616 5.
1803 4573 1824 4601 ε
1850 4564 2036 4618 Matth.
2069 4581 2114 4619 v1

2222 4566 2309 4631 l6;
2355 4565 2480 4619 Luc.
2513 4581 2620 4628 vm,
2647 4564 2734 4616 24.
2811 4563 2835 4602 ἀ
2872 4563 3006 4618 Psal.
3035 4581 3254 4630 Lxxxtn,
3283 4565 3334 4617 4.
3412 4576 3437 4601 ε
3467 4565 3659 4618 Matth.
3685 4583 3800 4630 vni,

532 4639 626 4692 ΞΟ.
706 4638 723 4674 ί
753 4635 887 4689 Gen.
919 4651 994 4701 ιι,
1041 4633 1130 4688 23.
1209 4643 1231 4680 Β
1265 4633 1469 4702 Ephesi
1491 4647 1559 4695 γ.
1591 4635 1677 4687 52.
1756 4633 1783 4671 ιι
1808 4632 1944 4702 Eph.
1978 4651 2034 4694 ιι,
2064 4635 2114 4688 il

2222 4645 2235 4690 l
2263 4636 2348 4690 15.

1382 4713 1420 4740 ιη
1449 4701 1587 4757 Psal.
1615 4720 1737 4770 va,
1771 4706 1822 4757 ϐ.
1858 4701 1869 4702 ί
1899 4713 1924 4739 ιι
1953 4704 2143 4758 Matth.
2199 4722 2289 4771 vn,
2319 4705 2406 4758 24.

1970 4777 1985 4810 ¹
2031 4773 2114 4829 Ge:

2222 4791 2270 4842 ιι,
2304 4775 2392 4828 16.
2469 4786 2494 4812 ιι
2525 4775 2711 4829 Matth.
2741 4791 2870 4838 xm,
2903 4774 2963 4826 2|
2995 4791 3008 4835 ;
3052 4773 3216 4826 Marc.
3246 4785 3347 4838 xu,
3380 4773 3444 4825 17
3473 4813 3488 4838 ,
3533 4771 3667 4828 Luc.
3705 4792 3803 4836 xx.

787 4705 800 4743 ι
833 4704 975 4759 Psal.
1007 4720 1188 4766 Lxxvt,
1220 4702 1306 4756 11.
1382 4713 1420 4740 ιη
1449 4702 1587 4757 Psal.
1615 4720 1737 4770 va,
1771 4706 1822 4757 ϐ.

795 4774 881 4828 11.
961 4784 982 4811 ι’
1007 4771 1056 4826 11
1086 4772 1221 4826 Tim.
1256 4787 1325 4833 ll,
1357 4773 1410 4826 4.
1491 4782 1510 4808 ⁸
1543 4771 1677 4828 Gen.
1713 4789 1766 4838 ιι,
1801 4772 1886 4827 18.

1236 4852 1261 4879 ι
1292 4841 1450 4897 Prov.
1482 4858 1608 4896 xm
1635 4883 1650 4909 ,
1677 4842 1746 4897 20
1767 4885 1781 4909 ,
1814 4859 1922 4900 sec.
1957 4843 2114 4899 LXX.

533 4720 591 4773 v.
618 4705 704 4760 16.

535 4792 762 4842 Lxxxm,
795 4774 881 4828 11.

534 4847 625 4902 25.
701 4857 729 4884 τ
759 4845 916 4900 Rom.
942 4858 1072 4909 xm,
1107 4843 1156 4896 ’1.

608 4963 684 5046 (α)
716 4963 870 5046 Apud
889 4965 1240 5046 Augustinum
1268 4963 1515 5046 epist.”
1539 4964 1608 5046 ad
1630 4964 1936 5046 Paulinum,
1957 4982 2104 5022 num.

529 5030 568 5090 δ
593 5030 626 5141 ,ἐ
667 5030 863 5141 Ιιίξῖξιιι·
908 5030 1153 5105 quantam
1201 5030 1519 5105 opulentiam
1562 5036 1752 5090 sinceri
1793 5038 1964 5090 cordis
2019 5054 2109 5090 ea:-

527 5113 757 5160 arctuant
784 5113 797 5157 Ξ

630 5175 681 5313 ὸῖ
712 5173 1103 5243 Manuscriptus
1128 5172 1300 5228 codex
1327 5166 1671 5238 Viennensis,
1705 5176 1888 5229 adulti.

630 5261 653 5296 c
708 5242 1019 5313 Addidimus
1047 5243 1152 5296 dua:
1180 5259 1248 5296 ex
1271 5244 1334 5298 2|
1369 5260 1495 5298 mss.
1526 5260 1574 5298 et
1594 5244 1832 5309 dicibus,
1877 5262 1888 5298 :

627 5242 675 5313 c)
708 5242 1019 5314 Addidimus
1047 5243 1152 5296 dua:
1180 5244 1334 5314 exii
1369 5260 1495 5298 mss.
1526 5260 1574 5314 et
1594 5244 1832 5309 dicibus,
1877 5244 1942 5298 ad
1972 5259 2108 5314 quos

530 5311 726 5369 collata
770 5323 854 5368 est
899 5311 956 5367 S.
987 5311 1264 5380 Augustini
1313 5314 1469 5382 epist.
1520 5313 1583 5366 εἰ
1633 5315 1685 5368 in
1733 5316 1859 5368 edit.
1907 5311 2103 5370 Bened.

529 5383 732 5438 Aberat
760 5383 875 5437 hmo
901 5398 1008 5437 vox
1040 5383 1233 5452 (inquit
1259 5382 1594 5450 Sacchinus),
1627 5384 1720 5438 sed
1759 5393 1811 5438 et
1840 5387 2106 5438 sententia

529 5454 645 5534 visa
691 5461 775 5534 est
801 5452 1132 5534 postulare,
1187 5452 1428 5534 ethabet
1455 5452 1712 5534 διῄει-52
1741 5453 1905 5534 (nunc
1929 5454 2104 5534 ‘27)73.

529 5521 836 5592 Augustini,
865 5523 1006 5592 unde
1037 5530 1178 5592 totus
1206 5522 1293 5575 hic
1318 5521 1468 5575 locus
1497 5521 1883 5592 pulcherrimus
1902 5521 2110 5578 sumtus

529 5589 650 5662 est,
693 5592 968 5646 conversis
979 5591 1048 5662 _in
1077 5590 1279 5662 Aprum
1311 5599 1373 5662 et
1399 5589 1683 5662 coniugem
1707 5591 1949 5648 laudibus
1976 5609 2109 5662 quas

531 5659 595 5718 ὃ.
624 5659 950 5718 Augustinus
979 5658 1202 5716 Paulino
1227 5670 1282 5716 et
1309 5658 1577 5714 Therasize
1607 5661 1880 5716 tribuerat.

605 5730 688 5797 (αι
717 5729 808 5786 Sic
835 5731 1156 5798 Augustinus
1195 5732 1245 5786 in
1275 5731 1431 5800 epist.
1458 5729 1530 5785 52
1555 5769 1568 5795 ,
1621 5746 1676 5784 n.
1706 5729 1742 5782 ἑ
1827 5730 1967 5786 unde
1996 5731 2110 5788 haec

2432 4635 2447 4672 ί
2482 4635 2621 4690 Psal.
2655 4651 2796 4697 mu,
2831 4635 2917 4688 18.
2997 4637 3010 4684 i
3049 4633 3186 4688 Psal.
3242 4650 3372 4700 χχιι,
3403 4634 3454 4687 5.
3536 4635 3560 4672 ¹ι
3591 4635 3634 4688 ll
3668 4637 3799 4690 Cur.

2488 4705 2678 4759 °Psal.
2723 4721 2808 4768 1.x,
2867 4706 2918 4756 4.
2996 4704 3070 4756 Pl
3119 4703 3251 4756 Tim.
3309 4721 3378 4766 Iv,
3437 4704 3490 4756 8.
3570 4715 3596 4753 ιι
3655 4705 3803 4760 Psal.

2214 4964 2469 5020 desumsit
2497 4964 2767 5018 Paulinus.
2831 4964 2888 5018 In
2937 4965 3065 5020 edit.
3116 4962 3275 5018 Rosv.
3329 4971 3446 5017 erat
3497 4965 3803 5021 reductam.

2221 5033 2456 5105 Utraque
2486 5036 2644 5090 lectio
2673 5035 2832 5089 bona.

2289 5101 2466 5186 (eflta
2497 5120 2643 5186 mss._
2662 5105 2879 5186 codices
2907 5103 3126 5186 Regaet
3162 5101 3316 5186 Vica.
3349 5101 3478 5184 Quae
3514 5103 3692 5186 lectio
3723 5121 3812 5160 ve-

2215 5172 2422 5243 nuStior
2449 5184 2533 5230 est
2558 5175 2792 5242 vulgata,
2824 5173 2877 5227 in
2907 5189 3011 5243 qua
3042 5172 3342 5243 temporalia
3375 5173 3429 5225 in
3457 5183 3661 5226 azterna
3692 5193 3814 5228 mu-

2217 5255 2351 5298 tans.
2379 5241 2513 5298 Ecce
2542 5241 2696 5298 iidem
2723 5241 2962 5314 conjuges
2992 5242 3077 5314 qui
3104 5241 3290 5314 fuistis.

2283 5317 2353 5437 δι’)
2395 5314 2758 5385 Expunximus
2789 5310 3113 5382 particulam
3134 5313 3212 5375 in,
3261 5326 3379 5381 qute
3409 5310 3597 5365 aberat
3629 5327 3663 5366 ει
3698 5327 3812 5368 tus.

2321 5387 2396 5437 ice
2427 5385 2596 5437 Vatic.
2627 5392 2682 5437 et
2703 5383 2832 5437 edit.
2862 5380 3012 5435 Grin.

2214 5380 2396 5440 codice
2427 5380 2596 5439 \‘atic.
2627 5392 2682 5437 et
2703 5380 2832 5437 edit.
2862 5380 3012 5435 Grin.

2287 5455 2363 5525 (g)
2405 5454 2751 5522 Manuscripti
2788 5452 3006 5508 codices
3043 5450 3218 5525 \‘tatic.
3272 5457 3325 5503 et
3352 5448 3687 5525 V_ien.._cum
3715 5451 3814 5508 ed.

2406 5527 2472 5599 _i_n
2502 5519 2968 5599 labore—corporeo,
2993 5520 3084 5575 sed
3111 5520 3308 5599 affecta
3325 5519 3574 5599 spiritali.

2285 5595 2362 5664 (It)
2405 5593 2528 5648 Mss.
2563 5593 2692 5662 Reg.
2723 5633 2735 5655 ,
2793 5587 2940 5646 Vien.
2995 5600 3050 5645 ct
3091 5591 3220 5645 edit.
3271 5587 3420 5644 Grin.
3453 5589 3540 5645 hic
3562 5588 3817 5661 addunt.

2213 5673 2358 5717 curat
2381 5673 2435 5716 ut
2462 5679 2626 5716 (ωηο.
