4008 6346
257 286 370 344 539

1612 285 1943 342 EPISTULA
1984 285 2158 340 XLIV.

3413 298 3518 354 390

260 414 414 476 ptum
443 411 526 458 est
553 412 602 468 ⁸,
631 404 738 457 viro
758 417 850 457 suo
875 402 1009 456 bona
1035 410 1139 455 tota
1169 403 1270 454 vita
1295 417 1407 463 sua,
1445 410 1493 454 et
1520 417 1619 455 non
1659 403 1796 455 mala
1822 419 1837 456 :
1871 408 1918 462 Α
1947 398 2135 451 cadant
2159 399 2362 452 alatere
2382 409 2468 454 tuo
2479 402 2638 466 mille,
2655 410 2704 456 et
2723 403 3068 460 decemmillia
3091 423 3122 458 a
3142 407 3338 462 dextris
3359 411 3522 473 tuis”;

262 506 319 552 et
349 495 471 550 ideo
501 509 607 548 non
633 495 894 548 sollicitus
921 493 1034 561 agis
1071 507 1190 560 qua:
1234 493 1286 545 in
1317 492 1478 546 domo
1509 501 1596 544 tua
1627 501 1841 546 terrena

261 595 539 656 aguntur;
588 586 733 656 quod
785 587 828 618 "
875 586 928 639 in
977 585 1139 639 domo
1187 586 1344 655 261
1393 585 1598 638 cmlesti
1646 585 1842 650 agitur,

262 687 484 732 strenue
503 676 640 730 liber
658 676 987 745 exsequeris.
1007 673 1121 728 Nec
1143 689 1235 728 catt
1242 675 1472 746 funderis
1488 690 1601 727 cum
1622 675 1846 745 loqueris

263 765 493 820 inimicis
540 768 642 819 tuis
679 767 734 819 in
761 774 913 835 porta
941 763 970 802 ιδ
992 805 1006 830 ,
1056 765 1178 833 quia
1212 763 1288 834 (ιι)
1315 764 1590 833 sapientia:
1617 763 1841 829 mulier,

264 857 441 926 qualis
471 856 568 910 libi
595 856 791 911 donata
818 867 928 923 est,
971 855 1258 925 pretiosior
1285 853 1546 923 lapidibus
1573 854 1845 922 pretiosis,

264 948 715 1016 circumspectum
738 955 791 1000 te
816 945 940 1000 facit
961 946 1013 999 in
1030 945 1232 999 foribus
1244 944 1515 1000 Ecclesiae.
1533 944 1601 997 Et
1619 945 1848 1013 duplicia

268 1039 344 1106 (ὁ)
368 1039 531 1106 pallia
551 1077 564 1100 ,
598 1037 790 1105 inquit,
814 1038 934 1108 fecit
963 1038 1070 1090 viro
1100 1053 1192 1091 suo
1223 1047 1267 1090 ο.
1301 1036 1488 1090 Nonne
1516 1035 1613 1090 tibi
1641 1036 1847 1090 videtur

265 1137 320 1182 et
343 1129 456 1182 haec
475 1128 706 1197 duplicia
732 1128 823 1181 tibi
846 1128 1026 1197 pallia,
1053 1143 1115 1183 ac
1136 1141 1403 1197 purpurea
1426 1127 1508 1182 vel
1527 1127 1739 1198 byssina
1771 1126 1846 1197 (c)

265 1219 364 1272 sibi
393 1219 716 1272 vestimenta
743 1226 1056 1284 contexere,
1087 1233 1206 1272 cum
1236 1226 1292 1272 et
1311 1217 1452 1272 illius
1473 1216 1601 1271 ﬁdes
1619 1217 1844 1286 gratiam

267 1317 411 1362 tuam
441 1307 680 1377 duplicat
702 1309 762 1371 ¹¹,
795 1309 918 1377 quia
947 1311 1128 1362 mulier
1157 1310 1234 1378 (tl)
1265 1309 1400 1364 bona
1419 1325 1609 1363 corona
1637 1317 1712 1362 est
1737 1310 1845 1362 riro

265 1392 430 1459 suo“;
455 1404 509 1450 et
528 1397 760 1451 vicissim
786 1397 861 1450 illi
883 1397 1056 1452 honor
1082 1406 1206 1452 tuus
1234 1413 1466 1468 purpura
1495 1405 1596 1461 est,
1628 1399 1750 1466 quia
1774 1397 1844 1466 (e)

268 1494 607 1554 temperante
635 1486 844 1541 Domini
873 1487 1043 1555 gratia
1068 1528 1082 1551 ,
1129 1488 1444 1557 simpliciter
1481 1486 1600 1541 ﬁdei
1642 1489 1847 1542 unitate

267 1578 467 1639 vestiti,
499 1576 882 1646 superinduitis
911 1579 954 1608 “
985 1593 1083 1631 vos
1110 1578 1337 1632 invicem
1365 1577 1680 1647 spiritalium
1711 1592 1845 1646 ope-

268 1668 477 1722 ratione
507 1667 785 1720 virtutum.
829 1666 908 1720 Tu
937 1667 1012 1720 illi
1041 1667 1094 1719 in
1121 1667 1336 1721 Christo
1363 1675 1525 1735 caput
1555 1676 1578 1702 ε
1607 1705 1621 1730 ,
1670 1674 1726 1720 et
1755 1666 1844 1720 illa

1947 489 2109 558 262
2138 488 2210 540 ita
2257 495 2313 542 et
2361 490 2454 545 lilii
2512 492 2586 545 tui
2629 506 2866 546 mensam
2915 493 3126 550 Domini
3170 503 3347 554 tecum
3389 499 3528 554 sicut

1947 577 2168 630 novella:
2224 577 2483 632 olivarum
2537 581 2934 638 circumsistere
2989 583 3336 642 merebuntur
3389 605 3525 658 quos

1947 681 2088 721 nunc
2101 667 2336 721 arbitror
2349 669 2538 723 divina:
2565 672 2856 739 sapientiae,
2881 674 3035 728 bona:
3051 677 3092 708 ¹⁸
3105 678 3528 734 conversationis

1947 765 2138 809 vestra:
2160 758 2298 812 escis
2315 799 2330 824 ,
2362 767 2420 812 ut
2443 759 2616 828 pullos
2640 763 2938 830 aquilarum
2965 764 3154 828 cibari,
3187 773 3246 818 ut
3275 765 3518 836 depopu-

1948 845 2086 902 latas
2114 847 2291 915 prteda
2321 856 2601 916 parentum
2630 865 2839 917 carnes,
2867 852 2919 906 id
2946 861 3047 917 est,
3075 855 3318 910 carnales
3347 855 3525 909 inimi-

1947 935 2120 999 citias,
2151 951 2270 1004 qua:
2295 937 2646 994 adversantur
2672 941 2900 1010 spiritui,
2925 941 3037 1010 jam
3066 959 3206 996 nunc
3233 946 3392 999 edere
3417 945 3525 1000 dis-

1949 1035 2097 1090 cant,
2131 1036 2186 1081 et
2205 1029 2429 1096 spiritali
2458 1031 2752 1085 voracitate
2780 1048 3116 1098 consumere,
3142 1043 3194 1088 et
3215 1035 3268 1088 in
3292 1051 3523 1106 superna

1947 1115 2201 1172 virtutum
2244 1117 2572 1173 conﬁrmatis
2600 1120 2802 1174 alarum
2841 1122 3076 1189 remigiis
3111 1123 3345 1177 evolare.
3375 1123 3522 1181 Edu-

1947 1213 2136 1260 centur
2157 1207 2298 1261 sicut
2345 1208 2433 1261 lilii
2471 1209 2886 1277 prophetarum,
2917 1211 3010 1278 qui
3038 1211 3420 1267 tumultuosam
3445 1215 3523 1270 ci-

1951 1295 2134 1350 vitatis
2162 1297 2574 1364 habitationem,
2625 1300 2693 1354 ad
2733 1302 3160 1372 componendam
3189 1305 3250 1373 (i)
3279 1320 3412 1375 pace
3445 1308 3523 1362 si-

1947 1384 2097 1439 lentii
2144 1388 2376 1441 animam
2403 1429 2419 1453 ,
2468 1388 2819 1456 declinantes,
2855 1391 3010 1460 juxta
3033 1392 3283 1463 Jordanis
3311 1397 3522 1454 alveum

1947 1475 2046 1528 sibi
2086 1476 2388 1532 habitacula
2428 1490 2636 1536 secreta
2673 1485 2857 1537 metati
2897 1493 3021 1539 sunt
3049 1494 3096 1540 ιι.
3127 1485 3523 1546 Consecrentur

1947 1567 2087 1622 sicut
2115 1569 2208 1622 lilii
2247 1570 2428 1625 Aaron
2449 1611 2463 1634 ,
2504 1588 2612 1628 non
2653 1583 2828 1628 tamen
2859 1576 2936 1630 illi
2961 1578 3054 1645 qui
3083 1578 3258 1645 ignem
3289 1581 3522 1636 alienum

1946 1658 2174 1714 Domino
2213 1663 2569 1719 accendentes
2609 1667 2780 1720 exusti
2817 1675 2939 1720 sunt
2967 1668 3088 1736 igne
3115 1670 3295 1726 divino
3325 1683 3381 1738 ο,
3413 1687 3523 1742 quo

269 1755 670 1811 tumcum,“
702 1756 746 1788 ιι
767 1756 880 1820 ηδε,
908 1755 1060 1824 cuius
1085 1771 1247 1826 opere
1276 1772 1370 1825 pes
1397 1733 1518 1811 ιάυε
1545 1763 1650 1809 sui
1677 1756 1730 1810 ίη
1756 1757 1842 1810 via
1875 1733 1918 1792 Β
1945 1747 2046 1818 ipsi
2076 1750 2364 1818 carebant;
2397 1752 2491 1807 sed
2520 1763 2578 1808 ut
2603 1753 2828 1808 Eleazar
2848 1764 2904 1809 et
2923 1733 3156 1811 Ithamar
3182 1733 3377 1815 merito
3400 1733 3521 1831 per-

268 1849 479 1904 Domini
503 1893 520 1917 ,
548 1859 607 1904 et
642 1865 802 1918 quam
829 1851 1016 1920 capitis
1045 1851 1120 1903 tui
1151 1851 1470 1919 participem
1507 1847 1666 1903 faciet
1690 1865 1844 1903 eom~

268 1941 566 1995 membrata
595 1939 650 1996 in
671 1939 882 1994 Domini
899 1951 1132 2008 corpore
1155 1938 1276 1994 ﬁdei
1304 1953 1567 2008 compago
1591 1954 1605 2003 ;
1637 1939 1763 2006 quia
1791 1947 1848 1992 et

268 2031 324 2083 in
362 2030 738 2085 sollicitudinis
783 2029 1092 2084 diversitate
1116 2071 1132 2095 ,
1182 2029 1332 2083 salvo
1372 2038 1551 2084 tamen
1592 2044 1846 2086 consona:

272 2122 468 2176 mentis
489 2135 731 2186 assensu,
759 2136 822 2174 ac
852 2121 917 2190 (ί)
950 2120 1210 2189 propositi
1239 2120 1318 2173 tui
1338 2119 1524 2188 juncta
1551 2121 1841 2184 sententia,

265 2211 393 2266 dum
423 2219 484 2264 tu
518 2212 778 2265 creditam
809 2211 902 2265 tibi
932 2211 1385 2280 dispensationem
1424 2209 1594 2264 ﬁdelis
1623 2210 1639 2247 ί
1675 2219 1730 2264 et
1757 2226 1845 2264 so-

265 2301 375 2355 lers
418 2301 745 2355 talentorum
791 2300 1038 2354 herilium
1082 2300 1468 2369 multiplicator
1509 2315 1732 2355 exerces
1773 2310 1842 2356 ες

266 2408 368 2448 nec
394 2395 484 2448 illa
501 2433 518 2458 ,
547 2394 692 2462 quod
718 2393 785 2447 de
814 2394 1039 2448 terrenis
1065 2394 1305 2448 elaborat
1327 2394 1369 2426 ί*
1399 2393 1687 2459 fructibus,
1736 2395 1847 2450 the-

263 2483 498 2538 saurizat
528 2484 581 2537 in
611 2492 756 2538 terra
786 2482 809 2519 ιι
830 2524 845 2546 ,
877 2483 973 2537 sed
1002 2485 1104 2538 tuis
1131 2485 1309 2552 potius
1335 2485 1586 2552 operibus
1611 2486 1655 2516 ¹⁵
1683 2500 1844 2553 quam

263 2573 545 2629 damnosis
580 2574 818 2628 avaritia:
847 2575 1137 2644 quaestibus
1172 2574 1249 2644 (g)
1289 2573 1577 2630 feneratur.
1629 2574 1697 2628 Et
1724 2575 1842 2629 ideo

261 2664 475 2717 dabitur
501 2666 579 2717 illi
606 2667 800 2734 {ructus
829 2682 861 2717 a
898 2665 1133 2718 manibus
1179 2666 1284 2719 suis
1308 2707 1322 2730 ,
1372 2675 1424 2719 et
1465 2667 1758 2720 laudabitur
1788 2668 1842 2721 in

259 2755 430 2823 portis
460 2755 588 2823 ﬁlice
615 2754 747 2809 Sion
769 2757 981 2808 maritus
1009 2757 1122 2825 ejus
1151 2756 1202 2809 in
1237 2757 1460 2811 Domino
1493 2759 1504 2794 ί
1528 2799 1542 2823 ,
1572 2758 1665 2827 qui
1691 2758 1842 2814 vobis

261 2843 338 2896 ab
367 2845 548 2912 operis
573 2844 811 2911 ejusdem
851 2845 1033 2899 labore
1059 2845 1272 2901 diverso
1294 2887 1310 2912 ,
1360 2848 1453 2901 sed
1500 2849 1614 2916 pari
1663 2847 1840 2902 studio

267 2933 539 2999 consitam
576 2943 811 3000 segetem
845 2935 897 2988 in
932 2950 1269 2990 communem
1294 2946 1559 3006 prmparat
1585 2952 1835 3004 messem,

267 3035 335 3077 ut
364 3022 541 3078 in.an
565 3025 652 3078 die
679 3026 878 3095 pariter
903 3027 958 3080 in
981 3029 1333 3084 exsultatione
1363 3030 1585 3084 veniatis
1612 3028 1839 3083 all'eren-

264 3123 352 3170 tes
379 3115 686 3185 manipulos
715 3121 917 3172 vestros
946 3117 991 3180 l,
1019 3119 1261 3172 ministra
1289 3119 1378 3173 illa
1404 3120 1649 3182 seminis,
1698 3128 1753 3174 et
1780 3131 1836 3176 tu

263 3203 551 3260 ministerii
595 3205 904 3263 seminator.
941 3203 1058 3264 Non
1099 3209 1244 3264 enim
1279 3208 1677 3266 dcirandahitur
1703 3227 1836 3267 con-

261 3295 433 3351 sortio
479 3296 741 3350 mercedis
789 3305 890 3351 tua:
939 3315 1037 3368 per
1091 3301 1340 3354 meritum
1388 3303 1839 3371 compensationis

262 3385 435 3450 istius,
466 3401 572 3454 qua
600 3402 710 3441 non
730 3387 990 3443 voluntati
1011 3405 1118 3444 sua:
1138 3391 1533 3462 obtemperans.
1563 3393 1658 3446 sed
1681 3393 1837 3446 saluti

261 3484 365 3528 tua:
388 3516 404 3540 ,
453 3475 611 3543 hujus
651 3477 814 3545 ipsius
841 3480 1022 3548 operis
1066 3480 1388 3536 documento
1419 3483 1461 3513 ¹⁶
1485 3483 1676 3552 probat
1697 3483 1838 3553 judi-

258 3564 402 3618 cium
435 3566 477 3596 ¹⁷
510 3563 633 3620 ﬁdei
661 3582 797 3631 suae,
827 3569 958 3623 satis
984 3570 1252 3634 indicans,
1285 3581 1486 3640 quanto
1510 3581 1564 3626 et
1593 3574 1705 3642 ipsa
1735 3589 1836 3643 po-

260 3656 454 3710 tiorem
481 3658 650 3712 seculi
691 3667 1019 3715 contemtum
1047 3674 1208 3728 quam
1239 3676 1391 3715 usum
1429 3660 1632 3728 judicet
1653 3703 1668 3726 ,
1719 3678 1837 3732 qua:

259 3746 516 3813 spiritalia
548 3747 642 3801 tibi
691 3748 912 3812 maluit,
943 3764 1053 3806 non
1079 3751 1183 3806 hoc
1218 3751 1453 3804 seculum
1482 3750 1713 3818 Christo,
1744 3753 1838 3809 sed

261 3843 315 3889 te
340 3836 441 3890 sibi
469 3837 783 3905 praeferens.

334 3926 384 3980 5.
421 3929 658 3998 Adjiciat
700 3930 952 3986 Dominus
993 3951 1148 4004 super
1192 3952 1280 3990 vos
1322 3945 1371 3990 et
1408 3937 1543 4006 ﬁlios
1571 3937 1833 3993 vestros“.

259 4013 624 4072 Ilisericordia
665 4019 759 4089 (V.
791 4031 904 4076 not.
939 4023 1071 4092 190)
1113 4025 1256 4078 enim
1289 4024 1500 4080 Domini
1542 4028 1835 4096 promerita

257 4107 568 4173 parentibus
582 4109 956 4177 (li)suscitabit,
981 4122 1038 4166 ut
1060 4115 1315 4184 scriptum
1345 4124 1443 4182 est,
1475 4118 1610 4187 ﬁlios
1639 4134 1832 4184 eorum,

255 4203 307 4249 et
350 4196 792 4267 locupletabuntur
832 4201 886 4255 in
934 4200 1079 4256 bonis
1131 4203 1357 4258 Domini.
1405 4204 1575 4275 Spero
1623 4214 1832 4272 autem,

247 4286 397 4353 quod
424 4288 556 4340 sicut
585 4305 717 4343 uxor
745 4300 833 4343 tua
865 4293 918 4344 in
957 4292 1197 4348 lateribus
1225 4296 1406 4348 domus
1437 4306 1534 4351 tuw
1562 4297 1692 4349 sicut
1722 4298 1834 4354 vitis

1945 1842 2094 1910 petui
2124 1859 2459 1899 successores
2487 1845 2760 1912 dignitatis
2784 1858 3043 1916 paternae,
3073 1850 3196 1920 quia
3224 1867 3328 1906 non
3356 1852 3520 1921 dege-

1948 1949 2105 1988 neres
2132 1936 2432 1990 sanctitatis
2461 1936 2706 2000 heredes.

2018 2022 2070 2076 6.
2111 2023 2291 2090 Ignem
2331 2035 2506 2079 autem
2545 2027 2673 2081 mihi
2699 2028 2930 2082 alienum
2960 2030 3172 2085 videtur
3199 2034 3516 2098 accendere,

1947 2116 2190 2183 quisquis
2235 2131 2515 2185 corporea:
2555 2119 2641 2180 vel
2683 2121 2941 2177 secularis
2967 2123 3188 2190 alicujus
3217 2123 3521 2193 cupiditatis

1946 2205 2122 2273 ignem
2153 2207 2205 2260 in
2248 2209 2483 2262 sacrario
2511 2210 2592 2263 sui
2623 2211 2799 2265 cordis
2841 2213 3137 2267 accendens
3183 2214 3380 2268 audeat
3423 2230 3519 2286 ap-

1945 2299 2304 2368 propinquare
2349 2301 2606 2355 altaribus
2653 2302 2880 2368 Domini,
2933 2319 3049 2372 qua:
3099 2320 3207 2360 non
3254 2307 3520 2376 recipiunt

1944 2391 2044 2445 nisi
2075 2391 2215 2445 illius
2242 2391 2379 2460 ignis
2409 2394 2806 2459 accensionem,
2829 2395 2896 2447 de
2923 2410 3030 2464 quo
3055 2396 3130 2449 ait
3158 2414 3168 2448 :
3203 2395 3384 2468 Ignem
3405 2401 3521 2452 veni

1945 2481 2144 2533 mittere
2185 2483 2238 2534 in
2290 2491 2513 2545 terram;
2561 2493 2609 2535 et
2647 2483 2770 2552 quid
2815 2485 3089 2554 130100)δὶ
3123 2485 3238 2554 jam
3275 2502 3521 2543 accensus

1943 2580 2019 2623 est
2050 2573 2116 2623 υἱ)
2147 2569 2257 2624 Hoc
2285 2571 2406 2639 igne
2437 2588 2566 2635 nos,
2598 2571 2821 2626 Domine
2848 2571 2995 2638 Jesu,
3025 2589 3238 2643 semper
3264 2575 3516 2640 accende,

1942 2667 2002 2712 ut
2048 2659 2409 2714 illuminemur
2437 2662 2710 2725 sensibus,
2758 2661 3108 2728 deﬁagremus
3148 2663 3204 2716 in
3229 2664 3399 2730 vitiis;
3430 2659 3520 2721 hic

1942 2749 2084 2804 enim
2114 2749 2288 2815 solus,
2321 2751 2410 2819 qni
2441 2767 2471 2804 a
2505 2759 2557 2804 te
2585 2758 2669 2805 est
2697 2751 2852 2819 ignis,
2884 2752 2991 2818 igni
3017 2752 3090 2822 (k)
3118 2753 3331 2808 resistet
3354 2762 3516 2808 arter-

1943 2854 2032 2892 no.
2065 2837 2336 2892 Habentes
2359 2848 2538 2892 autem
2567 2855 2662 2894 cor
2681 2841 2873 2895 ardens
2901 2842 2954 2895 in
2979 2843 3064 2895 via
3094 2841 3305 2896 Domini
3334 2853 3384 2911 ιι,
3406 2860 3514 2899 non

1941 2927 2214 2993 alienum,
2257 2929 2354 2983 sed
2399 2945 2552 2984 suum
2592 2931 2766 2998 ignem
2798 2931 3025 2985 Domino
3053 2933 3428 3001 accendimus,
3458 2945 3515 2990 et

1942 3018 2084 3072 inter
2112 3018 2261 3087 ignes
2289 3019 2488 3084 seculi,
2538 3020 2640 3074 hoc
2669 3021 2792 3087 igne
2819 3021 3042 3086 muniti,
3074 3022 3210 3076 sicut
3236 3022 3312 3076 illi
3348 3039 3397 3078 in
3422 3038 3514 3080 ca-

1864 3086 1908 3147 C
1940 3109 2085 3164 mino
2131 3109 2280 3181 pueri
2322 3110 2461 3166 inter
2488 3110 2762 3170 sibilantes
2784 3111 2986 3183 impetu
3021 3111 3262 3167 ﬁammas
3292 3115 3334 3148 ¹⁹
3362 3129 3515 3168 rora-

1940 3202 2116 3258 bimur
2146 3214 2190 3267 τ,
2227 3213 2281 3258 et
2309 3205 2564 3276 hymnum
2596 3204 2828 3260 Domino
2859 3206 2998 3259 inter
3023 3205 3266 3263 incendia
3293 3205 3514 3276 refrige-

1938 3296 2112 3349 rantia
2142 3295 2235 3348 Dei
2257 3295 2392 3349 Filio
2421 3297 2738 3351 concinente
2768 3297 3102 3352 cantabimus
3133 3307 3178 3350 ⁸.
3228 3297 3346 3368 Ipse
3374 3299 3517 3358 enim

1941 3389 2076 3452 dixit
2098 3389 2150 3442 in
2179 3389 2403 3443 duorum
2433 3403 2648 3458 quoque
2676 3390 2762 3444 vel
2792 3391 2950 3444 trium
2980 3390 3270 3445 concordia
3297 3405 3357 3446 se
3375 3406 3515 3447 sem-

1937 3494 2038 3549 per
2063 3479 2459 3535 interfuturum.
2494 3479 2642 3537 Unde
2663 3481 3001 3545 conlidimus,
3025 3484 3149 3551 quia
3181 3491 3237 3538 et
3259 3484 3314 3537 in
3337 3483 3516 3540 medio

1940 3571 2135 3627 domns
2183 3580 2286 3628 tute
2330 3573 2648 3640 diversatur,
2699 3573 2790 3627 ubi
2837 3582 2892 3627 et
2939 3575 2991 3627 in
3031 3575 3180 3628 vobis
3218 3583 3273 3630 et
3313 3576 3366 3630 in
3395 3575 3516 3632 ﬁliis

1944 3678 2080 3718 unus
2109 3679 2512 3719 numerosarum
2543 3665 2717 3732 agitur
2743 3672 2915 3720 cattus
2943 3666 3260 3720 animarum.
3313 3666 3370 3721 In
3408 3683 3514 3738 quo

1939 3771 2041 3811 nos
2065 3773 2298 3826 quoque,
2328 3760 2445 3813 solo
2474 3759 2720 3814 absentes
2747 3775 2995 3828 corpore,
3019 3761 3246 3830 spiritali
3277 3777 3515 3832 praesen-

1943 3849 2014 3902 tia
2045 3850 2107 3917 (Ι)
2138 3850 2432 3904 conseratis
2474 3865 2773 3919 precamur,
2819 3858 2876 3904 ut
2917 3851 3107 3906 anima:
3134 3860 3332 3908 nostra:
3383 3853 3511 3908 hor-

1943 3937 2110 3990 tulum
2156 3939 2424 4000 sitientem
2473 3954 2580 3993 non
2626 3940 2799 3994 solum
2845 3942 3044 4008 verbo,
3093 3941 3269 3997 sedet
3297 3950 3513 4012 precatu

1941 4028 2144 4097 rigetis.
2175 4045 2333 4099 quem
2362 4045 2534 4098 neque
2565 4032 2763 4085 nostris
2793 4033 3056 4098 manibus,
3087 4041 3144 4086 ut
3171 4031 3389 4100 inﬁrmi,
3419 4048 3516 4088 ne-

1941 4131 2046 4185 que
2070 4117 2365 4181 conductis,
2389 4125 2449 4172 ut
2473 4119 2714 4186 inopes"
2738 4119 2982 4174 excolere
3000 4133 3312 4189 possumus;
3343 4130 3397 4176 et
3418 4122 3511 4195 (ni)

1941 4222 2045 4276 qua
2077 4208 2160 4260 via
2202 4215 2344 4260 tuam
2369 4209 2510 4262 viam
2533 4223 2836 4277 quazramus
2861 4224 2966 4263 non
2994 4211 3295 4266 invenimus
3319 4230 3332 4266 :
3383 4212 3508 4282 quia

1944 4298 1988 4330 "
2017 4297 2198 4352 fodere
2228 4315 2333 4352 non
2362 4297 2624 4368 valemus,
2656 4308 2708 4354 et
2732 4299 3033 4356 mendicare
3061 4303 3428 4359 erubescimus
3466 4308 3510 4360 ί.

255 4375 568 4433 alntmtansl
599 4389 714 4447 est,
755 4381 1012 4439 fructibus
1040 4384 1134 4440 tibi
1156 4387 1369 4454 pietatis
1405 4387 1733 4452 exuberans,
1781 4396 1838 4442 ut
1867 4377 1914 4436 Ι)
1940 4392 2097 4463 263
2132 4391 2282 4446 Unde
2314 4391 2609 4462 impensius
2648 4391 2912 4462 adjutorio
2959 4393 3260 4449 orationum
3310 4405 3512 4451 vestra-

327 4523 353 4550 ι
383 4511 556 4596 Ριδονι
570 4516 811 4596 ηιμ-12
837 4528 892 4572 et
934 4519 1023 4596 l5,
1039 4521 1426 4596 _juxta__LXX.
1501 4523 1530 4563 ι’
1560 4523 1700 4596 Psal.
1729 4541 1844 4596 cxx‘

1946 4527 1995 4582 5.
2078 4539 2099 4565 ⁸
2131 4527 2452 4594 Prov.xxxr,
2472 4528 2685 4591 9.2,sec.
2710 4528 2870 4584 LXX.
2945 4531 2968 4565 "
2999 4524 3156 4584 Prov.
3184 4547 3278 4596 xit,
3309 4531 3361 4586 4.
3439 4543 3464 4571 ε
3493 4532 3511 4590 Ι

255 4583 382 4637 Cor.
415 4599 491 4645 xl,
526 4585 578 4638 3.

255 4669 439 4724 cxxv_,_
470 4655 526 4706 6.
605 4653 628 4724 [-
662 4653 803 4710 Psal.
855 4672 998 4724 cxm,
1034 4661 1119 4714 14.

327 4839 404 4917 (α)
444 4835 524 4917 Ita
552 4854 682 4917 mss.
708 4841 933 4917 codices
949 4861 980 4917 _:_
1004 4843 1058 4898 id
1060 4854 1170 4917 _est
1212 4848 1404 4902 mulier
1431 4847 1498 4902 de
1522 4863 1628 4917 qua
1661 4849 1834 4905 loaui-

243 4907 598 4986 tur-Sapiens
626 4910 678 4986 in
708 4908 1030 4986 Proverbiis.
1060 4913 1222 4983 Editi,
1255 4919 1459 4986 sapiens
1485 4907 1683 4973 mulier.

327 4974 607 5054 (b)_._LXX_,
637 4978 860 5054 duplices
881 4993 1052 5054 restes
1081 4974 1343 5054 fecit'viro
1371 5004 1480 5041 suo.
1513 4988 1569 5041 S.
1605 4989 1833 5045 Ambro-

245 5047 364 5125 sius
388 5048 479 5101 lib.
504 5063 541 5101 ιι
568 5048 635 5102 de
665 5047 812 5125 Fide,
839 5049 988 5125 binas
1009 5047 1186 5109 vestes.
1219 5053 1408 5124 Aquila
1435 5065 1489 5112 et
1511 5055 1826 5125 Theodotio,

246 5117 646 5196 peristramata;
669 5168 673 5172 .
696 5118 1065 5196 Symmachus,
1095 5117 1308 5194 tapetia'.
1362 5125 1611 5186 Paulinus
1649 5117 1832 5185 noster

246 5185 386 5264 dixit
429 5187 636 5264 pallia:
667 5185 791 5243 sunt
839 5191 983 5264 enim
1030 5185 1210 5248 vestes
1245 5197 1474 5264 propria:
1503 5213 1726 5264 crassae,
1773 5209 1831 5254 ut

246 5254 561 5331 chlamydes
587 5260 938 5331 aut_peiiu|:e,
971 5261 1144 5331 inquit
1172 5254 1412 5320 Nobilius
1439 5269 1491 5320 in
1523 5254 1740 5322 scholiis
1763 5271 1829 5325 ad

246 5274 561 5326 emamyues
587 5274 679 5311 aut
684 5274 938 5381 fenum,
971 5274 1144 5331 inquit
1172 5274 1412 5320 Nobilius
1439 5274 1491 5320 in
1523 5274 1740 5322 scholiis

244 5325 558 5410 versionem
589 5325 680 5381 LX
747 5347 762 5410 _:
789 5329 892 5384 huc
921 5332 1063 5385 enim
1091 5334 1304 5410 videtur
1325 5335 1501 5410 valere
1532 5339 1762 5410 χλᾳίνᾳς.

328 5395 399 5463 (c)
437 5395 514 5450 Ita
547 5399 880 5466 reposuimus
910 5416 977 5454 ex
1004 5418 1102 5456 ms.
1133 5404 1317 5459 codice
1340 5395 1642 5461 Viennensi.
1696 5395 1829 5462 Vide

243 5478 316 5518 ea
334 5479 464 5540 una;
489 5469 803 5540 pgpcedunt
823 5477 877 5521 et
905 5472 1318 5540 subsequuntur.
1352 5476 1489 5530 Ante
1516 5485 1632 5529 erat
1662 5476 1770 5530 tibi.

327 5534 402 5605 (d)
443 5533 606 5616 LXX,
659 5537 850 5616 Mulier
887 5533 1434 5616 fortis.__"l_‘heodotio,
1485 5547 1821 5616 fortitudinis.

242 5602 622 5684 Syni‘nmchus,
653 5602 1006 5684 abundantia.
1043 5611 1292 5684 Yulgata,
1316 5602 1559 5684 diligens.

324 5674 404 5753 (e)_
430 5675 1016 5753 Manuscripti__codices
1043 5674 1214 5753 Yatic.
1241 5691 1294 5735 et
1313 5674 1492 5750 Victi,
1517 5694 1827 5753 temperante

247 5741 474 5799 Domino
491 5741 739 5814 gratiam.
774 5745 1010 5817 Utraque
1047 5749 1204 5806 lectio
1233 5761 1460 5819 recepta.

663 4585 732 4660 [1
759 4586 972 4660 Corax,
1004 4585 1090 4643 l7.
1167 4602 1192 4639 8
1217 4592 1406 4648 Matth.
1429 4611 1552 4656 xxv.
1583 4594 1668 4648 15.
1742 4594 1771 4633 ιι
1801 4585 1984 4651 Matth.
2036 4614 2107 4660 vi,
2163 4597 2249 4651 l9.

1205 4661 1218 4699 ι
1253 4661 1396 4717 Psal.
1425 4681 1620 4737 cxxvu,
1641 4666 1704 4737 [ᾇ.
1773 4677 1816 4737 ίιη

1952 4669 1985 4720 l.
2014 4684 2099 4733 xc,
2126 4669 2174 4721 7.
2252 4668 2371 4737 ιιιν
2426 4669 2556 4737 Reg.
2602 4685 2672 4733 vi,
2723 4661 2776 4722 2.
2853 4661 2877 4704 ἀ
2908 4669 3034 4725 Lev.
3085 4687 3138 4734 x,
3189 4671 3239 4725 l.

254 4737 346 4786 ιιι,
379 4722 466 4775 49.
547 4734 574 4773 ιι
603 4722 731 4781 Luc.
763 4743 910 4794 xxxv,
933 4722 1018 4784 32.
1097 4741 1117 4768 ι’
1151 4731 1281 4787 Dan.
1316 4748 1392 4800 ιιι,
1420 4733 1507 4787 24.
1588 4722 1617 4770 ι’
1639 4733 1822 4788 Matth.

1946 4754 2000 4801 ιι,
2024 4722 2109 4792 2οί

2332 4598 2344 4635 ί
2379 4598 2534 4652 Prov.
2584 4615 2732 4662 xxxi,
2783 4599 2870 4664 51,
2919 4615 3026 4655 sec.
3076 4599 3274 4660 ιχχ..
3314 4602 3329 4652 l
3369 4601 3508 4658 Psal.

2252 4672 2371 4737 "pr
2426 4672 2556 4737 Reg.
2602 4685 2672 4733 vi,
2723 4672 2776 4722 2.
2853 4679 2877 4704 ο
2908 4672 3034 4725 Lev.
3085 4687 3138 4734 x,
3189 4672 3239 4725 l.
3310 4683 3342 4722 ιι
3373 4672 3504 4729 Luc.

2193 4741 2207 4774 ¹
2246 4737 2371 4793 Luc.
2407 4755 2514 4803 xvi,
2541 4739 2592 4794 3.

2009 4853 2074 4921 (Ῑ)
2117 4851 2210 4906 Ms.
2262 4851 2435 4922 codex,
2481 4850 2788 4920 Vaticanus,
2831 4852 2900 4905 ad
2939 4853 3190 4922 propositi
3219 4852 3291 4904 tui
3325 4851 3510 4920 juncta

1935 4920 2260 5002 sententigm.
2286 4920 2386 5002 Ms.
2421 4921 2575 5002 Reg,
2606 4920 2976 5002 ad..._.'juncta
3005 4920 3280 5002 sententia.

2006 4989 2519 5061 (g)__Manuscriptus
2544 4992 2712 5046 codex
2734 4989 2887 5046 Vien.
2918 5000 2971 5046 et
2998 4991 3126 5046 edit.
3159 4989 3335 5053 Grin.,
3364 4992 3503 5060 fene-

1932 5058 2048 5140 rat;-
2067 5058 2317 5140 ;U_traque
2345 5060 2695 5140 lectiobona.
3027 5131 3058 5140 __
3172 5130 3233 5140 _,,

2006 5129 2084 5198 (Ii)
2124 5129 2201 5183 lta
2250 5130 2648 5184 emendavimus
2695 5145 2762 5186 ex
2797 5146 2896 5186 ms.
2941 5131 3127 5186 codice
3172 5130 3327 5184 Vien.
3371 5130 3509 5186 Ante

1932 5209 2058 5280 erat
2078 5200 2359 5280 suscitavit.
2401 5199 2534 5253 Vide
2563 5214 2716 5280 seqq.

2004 5269 2064 5340 (i)
2105 5268 2201 5322 Ms.
2237 5269 2367 5337 Reg.
2394 5281 2512 5322 cum
2538 5267 2692 5322 editis
2708 5276 2956 5337 quatuor.
2986 5285 3196 5338 pacem;
3225 5268 3502 5323 mendose.

1933 5339 2031 5393 Ms.
2065 5337 2252 5393 Vien..‘
2274 5355 2450 5393 uocem
2481 5338 2689 5393 silentii.
2722 5355 2752 5390 a
2780 5340 2912 5392 mari
2935 5337 3266 5390 declinantes.

1987 5355 2031 5394 s.
2072 5355 2241 5402 vien.,
2312 5355 2450 5392 acem
2481 5355 2689 5401 meum,
2722 5355 2752 5390 a
2780 5355 2911 5392 mari
2935 5355 3266 5390 aecunantes.

1999 5408 2065 5477 (j)
2105 5409 2194 5462 Sic
2233 5357 2426 5476 ubique
2456 5408 2582 5476 legit
2610 5406 2863 5462 Paulinus
2884 5416 3087 5461 noster.
3119 5403 3362 5474 Vulgata,
3398 5406 3500 5458 nisi

1933 5487 1987 5528 ut
2008 5479 2340 5531 accendatur.

2005 5547 2084 5616 (k)
2122 5547 2218 5600 Ms.
2253 5547 2432 5612 Vien.,
2460 5547 2668 5601 resistit.

2005 5619 2071 5686 (ι)
2114 5616 2208 5686 Ms.
2243 5616 2410 5671 codex
2440 5617 2615 5686 Vien.,
2645 5615 2886 5669 conserti.

1968 5678 2097 5766 L('in)
2138 5685 2214 5740 Ita
2237 5702 2333 5741 ms.
2363 5685 2531 5742 codex
2562 5685 2740 5740 Vien..
2770 5697 2890 5739 cum
2917 5678 3074 5738 editis
3097 5688 3348 5751 quatuor.
3383 5686 3500 5742 Ali'.

1931 5765 2054 5809 tuta.
