4008 6346
557 285 657 345 391

1686 282 1742 336 S.
1789 282 2056 336 PAULlNl
2093 284 2340 339 NOLANI
2377 281 2680 340 EPISCOP]

3707 290 3822 348 592

556 416 675 454 rum
706 399 1001 469 indigemus
1031 417 1043 452 :
1076 399 1201 470 quia
1223 397 1342 470 quis
1371 406 1463 453 aut
1491 396 1704 452 inutiles
1726 397 1990 451 conducet
2011 412 2133 466 ope-
2162 406 2207 460 Α
2237 397 2548 464 ignorantiae
2591 405 2751 452 nocte
2789 395 3010 466 depulsa
3033 436 3048 463 ,
3095 405 3154 452 et
3202 401 3428 468 caligine
3465 401 3818 460 dubitationis

558 491 767 553 rarius,
813 499 905 545 aut
950 491 1151 544 tribuet
1198 505 1304 544 non
1352 488 1694 560 petentibus?
1741 503 2138 556 nonnumquam

559 592 769 646 tamen,
817 583 909 650 qui
950 595 1108 649 agros
1137 581 1326 650 inopes
1351 588 1406 634 et
1435 580 1665 634 incultos
1690 579 1918 644 habent,
1950 579 2140 647 despe-

557 677 688 730 ratis
716 675 783 727 ab
810 687 914 742 Ope
938 672 1023 726 vel
1048 687 1208 725 manu
1237 687 1334 726 sua
1363 671 1624 726 fructibus
1651 686 1774 740 spes
1803 686 1990 726 omnes
2013 685 2138 726 suas

556 766 623 819 ad
651 765 848 819 auxilia
895 763 1074 817 divina
1119 769 1473 828 convertunt;
1515 771 1571 816 et
1597 777 1739 831 saepe
1769 769 1962 816 eventu
1984 759 2136 828 juxta

557 855 715 908 fidem
756 854 1014 924 praestito,
1060 861 1445 922 compensante
1485 852 1814 920 diligentiam
1854 851 2133 920 religione,

554 959 691 1013 quos
717 944 887 997 solers
915 943 1125 997 cultura
1152 943 1422 1010 deseruit,
1452 943 1540 1012 pia
1569 951 1692 998 vola
1717 942 1992 1012 juverunt.

624 1038 678 1091 7.
718 1035 880 1091 Orate
910 1050 1058 1104 ergo,
1092 1044 1150 1090 ut
1177 1035 1434 1091 Dominus
1460 1035 1822 1104 omnipotens,
1848 1035 1940 1103 qui
1966 1035 2138 1102 posuit

553 1131 771 1199 flumina
811 1131 865 1182 in
904 1129 1190 1192 desertum,
1239 1133 1517 1181 convertat
1563 1127 1766 1180 aridam
1809 1135 2047 1182 nostram
2080 1128 2135 1180 in

552 1222 720 1274 exitus
749 1235 999 1292 aquarum
1031 1229 1086 1284 ⁸;
1128 1219 1391 1287 percutiat
1423 1226 1477 1272 et
1506 1217 1859 1286 interrumpat
1885 1218 2134 1271 duritiam

553 1313 732 1368 cordis
780 1312 948 1367 nostri
975 1353 988 1378 ,
1037 1319 1093 1364 ut
1123 1311 1262 1365 hanc
1298 1325 1512 1379 quoque
1539 1318 1746 1379 petram
1774 1319 2052 1364 convertat
2080 1312 2133 1364 in

551 1412 798 1471 stagnum
824 1417 974 1470 aquae
1005 1399 1051 1454 δ.
1085 1401 1258 1469 Atque
1289 1401 1489 1454 utinam
1523 1401 1612 1455 illo
1641 1417 1739 1454 nos
1769 1415 1892 1454 rore
1919 1416 2134 1470 resper-

552 1503 643 1564 gat
674 1506 721 1561 ο,
751 1511 858 1564 quo
902 1494 1029 1548 illud
1077 1493 1361 1564 mysticum
1393 1495 1472 1562 (a)
1503 1493 1555 1545 in
1603 1507 1728 1545 area
1774 1493 1942 1546 vellus
1986 1490 2130 1546 fecit.

552 1585 660 1639 Ros
707 1585 804 1654 (V.
831 1593 943 1640 not.
970 1583 1093 1654 191)
1142 1585 1283 1639 enim
1329 1583 1422 1652 qui
1465 1583 1532 1638 ab
1561 1583 1650 1637 illo
1678 1591 1794 1646 est,
1823 1582 2025 1637 sanitas
2050 1591 2134 1637 est

548 1675 722 1731 nobis.
753 1674 945 1741 Orate,
979 1676 1225 1743 inquam,
1256 1681 1316 1728 ut
1345 1674 1612 1728 hortulum
1644 1682 1884 1728 nostrum
1910 1674 2132 1730 introire

2241 488 2500 542 abstersa.
2561 486 2715 554 Quod
2745 503 2867 542 cum
2895 503 3038 558 saepe
3077 489 3211 544 alias
3237 506 3333 558 per
3362 507 3581 546 munera
3611 494 3818 562 episto-

2242 578 2412 633 larum
2433 586 2644 633 tuarum
2667 579 2796 633 mihi
2825 579 3081 634 donatum
3103 581 3383 645 senserim,
3414 590 3524 636 tum
3545 586 3816 654 praecipuo

2241 670 2345 725 isto
2392 671 2688 726 recentium
2735 671 3032 726 litterarum
3079 672 3260 728 libello
3285 714 3300 737 ,
3351 675 3505 744 cujus
3538 677 3667 731 mihi
3701 688 3814 732 tam

2238 770 2422 829 gratus
2447 777 2609 832 quam
2636 761 2828 832 dignus
2871 763 3105 832 portitor
3144 763 3246 818 fuit
3273 765 3353 818 vir
3378 768 3692 822 benedictus
3716 767 3816 824 Do-

2238 854 2367 907 mini
2407 854 2571 909 frater
2611 862 2798 910 noster
2823 854 3054 920 Quintus
3084 855 3180 928 (V.
3218 866 3332 912 not.
3365 857 3489 928 195)
3531 859 3810 924 diaconus,

2237 944 2328 1013 qui
2357 944 2515 1012 longo
2543 945 2757 1012 quidem
2785 953 3136 1015 posteaquam
3161 947 3228 1000 ad
3255 947 3445 1002 Urbem
3476 958 3700 1004 venerat
3727 951 3812 1005 in-

2237 1035 2481 1101 tervallo,
2513 1050 2634 1088 cum
2663 1051 2730 1090 eo
2752 1034 2908 1104 juxta
2924 1036 3221 1092 solemnem
3239 1053 3417 1093 meum
3438 1055 3666 1106 morem,
3690 1053 3814 1111 post

2236 1125 2438 1180 Pascha
2465 1125 2694 1191 Domini,
2727 1142 2825 1196 pro
2854 1128 3219 1197 apostolorum
3248 1138 3302 1184 et
3329 1140 3622 1201 martyrum
3651 1148 3813 1188 vene-

2235 1216 2444 1271 ratione
2474 1216 2777 1282 venissem,
2828 1217 3260 1273 benedictionem
3305 1222 3417 1274 oris
3465 1222 3542 1274 tui
3583 1221 3812 1278 reddidit

2236 1308 2408 1362 nobis.
2471 1308 2850 1363 Verumtamen
2893 1309 3181 1365 obliterato
3227 1312 3370 1380 quod
3399 1298 3674 1368 nesciente
3700 1331 3806 1383 me,

2236 1399 2418 1454 Roma:
2445 1410 2812 1456 consumserat
2843 1410 3113 1472 tempore,
3146 1404 3543 1460 recentissimus
3571 1407 3706 1461 mihi
3733 1409 3810 1462 vi-

2233 1507 2324 1546 sus
2352 1499 2436 1546 est
2463 1507 2494 1544 a
2515 1500 2808 1561 conspectu
2837 1501 2930 1546 tuo
2947 1534 2961 1558 ,
2996 1494 3068 1548 ita
3100 1503 3159 1548 ut
3185 1502 3315 1550 tunc
3337 1497 3518 1550 statim
3545 1513 3670 1552 eum
3697 1514 3727 1552 a
3756 1508 3806 1553 te

2232 1583 2362 1636 mihi
2391 1584 2597 1638 venisse
2617 1584 2704 1637 vix
2725 1584 3022 1648 crederem,
3055 1601 3176 1640 cum
3203 1586 3432 1656 primum
3457 1588 3727 1653 videbam,
3753 1599 3806 1645 et

2232 1688 2353 1727 cum
2383 1673 2510 1726 mihi
2548 1673 2764 1743 plenum
2792 1674 3013 1728 odorem
3042 1676 3321 1731 suavitatis
3361 1685 3466 1731 tuae.
3495 1678 3547 1732 in
3577 1680 3805 1748 eloquiis

548 1766 796 1834 dignatus
820 1806 834 1830 ,
884 1781 1172 1834 exsurgere
1218 1767 1525 1835 aquilonem
1565 1767 1774 1837 jubeat,
1805 1776 1860 1822 et
1889 1777 2128 1824 austrum
2159 1762 2205 1823 Β
2232 1764 2338 1817 tuis
2357 1764 2588 1818 caelestis
2608 1765 2862 1831 unguenti
2883 1765 3127 1820 castitate
3147 1765 3504 1835 fragrantibus
3527 1769 3800 1825 oflerebat.

549 1856 735 1909 venire
767 1855 824 1920 ἀ,
867 1855 1061 1923 quibus
1112 1865 1269 1908 auras
1312 1856 1501 1910 vitales
1547 1855 1852 1911 aﬂlantibus
1889 1859 2128 1925 germina

549 1955 734 2000 nostra
774 1946 1052 1999 vivescant
1083 1945 1176 2016 (V.
1206 1961 1294 2015 ep.
1321 1946 1408 2012 24,
1437 1963 1492 2000 n.
1520 1947 1630 2016 18).
1678 1948 1782 2002 Sed
1814 1956 1867 2003 et
1895 1950 1940 2005 si
1969 1951 2016 1982 "
2047 1951 2127 2004 vi-

549 2051 706 2090 neam
734 2051 886 2088 suam
911 2035 1210 2103 ingressus,
1251 2035 1501 2090 arborem
1543 2045 1780 2091 nostram
1810 2039 1926 2092 sine
1955 2036 2126 2094 fructu

550 2127 855 2191 invenerit,
909 2134 1097 2196 parcat
1141 2126 1416 2193 excidere;
1466 2135 1522 2181 et
1561 2128 1932 2184 misericordia
1978 2129 2129 2184 diffe-

549 2229 719 2285 rente,
753 2219 935 2274 credat
964 2220 1212 2287 agricola:
1241 2220 1616 2275 intervenienti
1639 2264 1653 2288 ,
1683 2223 1773 2292 qui
1802 2230 2129 2292 extorquen-

549 2313 672 2368 dum
716 2313 990 2380 diligentia
1037 2327 1132 2366 sua
1173 2312 1404 2366 fructum
1428 2313 1494 2367 de
1521 2315 1690 2368 sterili
1721 2315 1944 2370 ficulnea
1971 2317 2128 2385 polli-

548 2411 701 2458 cetur
731 2413 778 2456 ο.
809 2401 1006 2457 Potens
1027 2409 1107 2456 est
1130 2403 1270 2457 enim
1295 2402 1408 2471 ipse
1433 2402 1705 2469 Dominus,
1729 2406 1814 2474 qui
1834 2406 2128 2475 interpellat

547 2511 640 2566 pro
668 2496 895 2564 peccatis
936 2494 1126 2546 nostris
1151 2535 1166 2560 ,
1209 2501 1265 2547 et
1291 2494 1375 2564 qui
1419 2503 1564 2547 vocat
1607 2511 1668 2548 ea
1695 2512 1808 2566 qua:
1836 2512 1939 2549 non
1967 2507 2084 2550 sunt
2107 2539 2122 2562 ,

547 2595 806 2656 tamquam
853 2601 968 2653 quae
1016 2585 1124 2637 sint
1153 2583 1195 2649 τ,
1228 2585 1406 2638 facere
1453 2593 1508 2639 et
1552 2585 1618 2639 de
1664 2586 1820 2641 nobis
1861 2589 2044 2654 egenis
2071 2597 2127 2642 et

545 2676 708 2730 aridis
738 2676 983 2730 arborem
1015 2675 1358 2736 fructuosam,
1391 2685 1446 2730 et
1468 2676 1700 2730 animam
1723 2677 1936 2731 inanem
1965 2677 2125 2748 adipe

545 2766 695 2819 verbi
723 2767 804 2820 sui
832 2774 1103 2835 tamquam
1132 2767 1365 2836 cophino
1397 2768 1651 2821 stercoris
1672 2768 1932 2837 opimare.
1984 2769 2120 2835 Quia

546 2856 800 2924 scriptum
841 2863 954 2908 est:
991 2855 1066 2909 De
1109 2856 1274 2924 ipsius
1312 2857 1482 2923 gratia
1522 2857 1851 2927 pinguescent
1881 2859 1960 2929 (ὁ)
1993 2860 2123 2928 ﬁnes

548 2944 647 3015 (V.
677 2952 792 2998 not.
827 2943 952 3012 192)
986 2945 1171 2998 deserti
1195 2955 1240 2997 ιι.
1272 2943 1548 3013 C0phiuus
1587 2955 1762 3000 autem
1805 2948 1891 3002 hic
1919 2957 2124 3003 sterco-

547 3038 639 3101 ris,
681 3036 772 3106 qui
800 3035 865 3089 dc
896 3037 1064 3090 sterili
1096 3035 1325 3090 fertilem
1366 3037 1613 3091 arborem
1635 3038 1788 3104 facit,
1821 3040 2126 3109 specialiter

2232 1853 2428 1908 Fateor
2457 1861 2633 1908 tamen
2661 1855 2981 1909 veneranda:
3012 1857 3352 1912 unanimitati
3391 1867 3494 1912 tua:
3519 1903 3533 1926 ,
3574 1877 3681 1915 non
3705 1877 3801 1931 po-

2231 1946 2394 2000 tuisse
2413 1959 2501 1999 me
2528 1945 2776 2000 volumen
2808 1945 2979 2014 ipsum
2998 1987 3012 2011 ,
3039 1947 3221 2000 statim
3250 1955 3308 2002 ut
3335 1964 3670 2019 acceperam,
3699 1950 3803 2006 Ro‘

2228 2053 2330 2092 ma:
2374 2037 2572 2104 legere.
2626 2035 2810 2090 Tantae
2854 2038 2997 2091 enim
3039 2037 3146 2090 illic
3175 2038 3342 2093 turbae
3367 2049 3558 2105 erant,
3612 2048 3670 2094 ut
3698 2057 3801 2095 non

2228 2143 2442 2200 possem
2481 2144 2672 2183 munus
2705 2136 2851 2181 tuum
2879 2128 3161 2195 diligenter
3188 2129 3451 2198 inspicere
3473 2169 3488 2195 ,
3530 2139 3588 2185 et
3612 2146 3680 2186 eo
3706 2173 3721 2197 ,
3750 2141 3801 2186 ut

2228 2219 2533 2289 cupiebam,
2564 2218 2765 2288 perfrui
2790 2235 2804 2284 ;
2837 2219 3040 2273 scilicet
3065 2227 3122 2274 ut
3150 2219 3481 2288 perlegerem
3507 2220 3730 2289 jugiter,
3758 2223 3800 2276 si

2228 2311 2406 2380 legere
2435 2312 2736 2382 coepissem.
2774 2311 2960 2380 Itaque
2982 2353 2996 2378 ,
3043 2321 3102 2365 ut
3129 2311 3242 2366 ﬁeri
3268 2313 3440 2376 solet,
3487 2328 3678 2368 secura
3707 2329 3800 2368 ex-

2227 2403 2560 2473 spectatione
2588 2402 2820 2456 convivii
2845 2404 3132 2473 praeparati
3157 2446 3172 2470 ,
3202 2403 3374 2458 avidce
3402 2404 3528 2458 licet
3555 2405 3570 2438 ¹
3604 2406 3800 2459 mentis

2227 2495 2461 2548 esuriem
2487 2493 2750 2548 refrenari
2777 2534 2792 2559 ,
2823 2503 2879 2549 et
2906 2509 2999 2564 spe
3027 2503 3177 2550 certa
3204 2495 3477 2565 capienda:
3504 2497 3800 2551 saturitatis

2229 2591 2372 2658 (cum
2412 2587 2463 2641 in
2495 2602 2654 2641 manu
2679 2597 2918 2643 tenerem
2949 2603 3116 2659 panes
3142 2589 3393 2644 desiderii
3433 2591 3538 2644 mei
3565 2591 3620 2645 in
3650 2592 3799 2646 volu-

2227 2677 2370 2732 mine
2400 2677 2728 2742 devorando,
2759 2679 2902 2749 quod
2932 2688 3117 2748 postea
3149 2681 3357 2733 voranti
3386 2681 3517 2736 mihi
3543 2691 3601 2735 et
3629 2683 3684 2736 in
3711 2697 3800 2736 ore

2226 2775 2282 2822 et
2305 2769 2358 2821 in
2388 2777 2575 2823 ventre
2598 2768 2959 2823 dulcissinmm
2981 2768 3099 2839 fuit)
3131 2770 3424 2824 inhiantem
3452 2771 3507 2824 in
3536 2770 3691 2825 favos
3717 2772 3798 2825 lit-

2226 2867 2464 2913 terarum
2495 2868 2702 2912 tuarum
2731 2860 2908 2928 gulam
2937 2859 3093 2914 facile
3121 2861 3371 2930 suspendi
3389 2900 3405 2925 ,
3453 2861 3631 2916 donec
3661 2859 3798 2916 Urbe

2228 2951 2600 3020 proficiscerer
2625 2993 2638 3017 ,
2687 2959 2744 3005 et
2784 2951 3228 3020 interponendum
3268 2951 3332 3005 ad
3373 2952 3584 3007 itineris
3607 2952 3797 3005 stativa

2229 3041 2369 3094 diem
2395 3079 2409 3102 ,
2461 3056 2619 3110 quem
2649 3040 2701 3094 in
2731 3041 2929 3110 oppido
2966 3039 3256 3096 Formiano
3282 3041 3598 3106 habuimus,
3631 3049 3796 3096 totum

547 3127 678 3182 mihi
707 3127 916 3180 videtur
943 3125 1215 3179 humilitas
1244 3126 1528 3194 spiritalis,
1572 3141 1676 3195 qua
1705 3129 2126 3184 contribulantes
2151 3127 2196 3189 C
2231 3131 2352 3186 huic
2385 3130 2927 3202 operimanciparem
2950 3173 2965 3199 ,
3021 3139 3080 3185 ut
3106 3131 3159 3185 in
3185 3132 3387 3186 deliciis
3429 3133 3676 3200 epistola:
3703 3142 3799 3186 tum

548 3233 644 3273 eor
669 3228 911 3273 nostrum
932 3218 1265 3288 paenitudine
1296 3221 1576 3288 praeterita:
1605 3221 1868 3286 vanitatis,
1901 3237 2125 3278 evacua-

547 3323 666 3365 mus
692 3309 898 3373 inania,
926 3319 981 3363 et
1009 3324 1224 3363 succum
1251 3310 1462 3364 virtutis
1489 3311 1859 3380 accipimus",
1891 3327 2014 3381 qua,
2037 3314 2126 3383 qui

547 3402 799 3472 operibus
825 3399 1044 3469 justitite
1067 3400 1277 3455 steriles
1296 3415 1530 3468 eramus,
1552 3402 1823 3456 reddimur
1848 3402 2123 3459 fructuosi.

547 3492 754 3547 Bonum
801 3503 930 3559 ergo
977 3498 1134 3546 nobis
1179 3491 1379 3546 intrare
1429 3491 1481 3545 in
1528 3507 1773 3548 recessus
1812 3506 2042 3561 nostros,
2074 3505 2129 3552 et

547 3584 829 3640 humiliare
876 3586 928 3638 in
973 3583 1214 3654 jejunio,
1261 3599 1368 3652 quo
1405 3583 1753 3653 jejunatur“
1789 3587 1856 3640 ab
1877 3588 2129 3656 operibus

546 3677 910 3743 tenebrarum,
961 3678 1192 3731 animam
1230 3686 1464 3731 nostram
1493 3696 1504 3730 :
1543 3687 1599 3732 ut
1629 3679 1695 3732 ab
1722 3679 1881 3747 hujus
1911 3681 2124 3733 humili-

547 3766 676 3819 tatis
705 3774 966 3831 stercore,
997 3782 1116 3835 qum
1144 3767 1326 3822 seculo
1354 3769 1491 3832 vilis,
1525 3768 1636 3822 Deo
1657 3784 1780 3822 cara
1809 3778 1907 3834 est,
1957 3771 2128 3837 eriga-

549 3865 637 3911 tur
665 3872 761 3927 per
782 3871 902 3912 eum
932 3857 1022 3926 qui
1052 3860 1262 3911 suscitat
1299 3858 1362 3911 de
1403 3867 1541 3912 terra
1587 3860 1808 3928 inopem,
1841 3869 1888 3913 et
1917 3861 1980 3914 de
1999 3872 2128 3915 ster-

548 3963 664 4003 core
685 3947 838 4019 erigit
863 3965 1138 4019 pauperem
1173 3947 1218 4001 δ.
1261 3948 1442 4003 Gratia
1474 3949 1568 4003 Dei
1595 3950 1889 4005 vobiscum.

1041 4039 1372 4094 EPISTOLA
1401 4042 1418 4060 ⁶
1449 4040 1609 4096 XLV.
1799 4031 1802 4033 λ

546 4129 1020 4203 εθῇνΑιιᾳιιειὶηο
1049 4130 1248 4201 gratias
1278 4145 1432 4203 agens
1462 4146 1554 4203 pro
1597 4129 1748 4203 libro_
1788 4132 1885 4203 uel
1910 4133 2128 4203 epistola

618 4199 823 4269 ib’ipso'
847 4199 1084 4270 recepta,-
1140 4199 1471 4270 prosequitur
1486 4199 1661 4253 laudes
1692 4199 2127 4257 Melauiw'senio-

620 4271 693 4323 ris
717 4309 733 4334 ,
779 4278 832 4342 et
870 4269 1011 4342 unici
1047 4270 1157 4340 ejus
1197 4270 1295 4342 lilii
1339 4269 1622 4342 Publicola:
1663 4287 1825 4342 nuper
1864 4273 2125 4342 defuncti;

617 4340 869 4392 nonnulla
897 4339 1152 4392 disserens
1184 4340 1246 4410 de
1287 4343 1462 4410 futura
1507 4340 1561 4392 in
1598 4340 1737 4393 caelis
1775 4339 1978 4395 actione
2006 4342 2127 4396 bea-

618 4418 784 4461 torum
810 4417 923 4477 post
953 4409 1397 4462 resurrectionem.

615 4501 814 4557 Sancto
839 4501 1052 4556 Domini‘
1063 4501 1392 4568 beatissimo,
1417 4514 1470 4558 et
1492 4505 1646 4559 unice
1671 4505 1822 4560 nobis
1844 4507 2121 4574 unanimo,
2157 4489 2202 4548 ί)

547 4607 614 4647 ac
641 4593 930 4646 venerabili
959 4594 1132 4663 patri,
1167 4593 1351 4659 fratri,
1384 4598 1643 4662 magistro
1671 4596 1980 4653 Ancusrmo
2010 4601 2128 4670 epi-

547 4683 736 4752 scopo;
766 4680 1028 4737 quusus
1055 4691 1110 4737 et
1134 4683 1404 4739 Tusnxsrx
1430 4693 1765 4754 peccatores.

620 4773 671 4825 1.
714 4772 955 4827 Lucerna
1001 4789 1215 4844 semper
1256 4783 1340 4830 est
1369 4785 1448 4829 est
1488 4774 1703 4845 pedibus
1750 4777 1877 4831 meis
1921 4778 2124 4834 verbum

549 4873 710 4934 tuum,
736 4873 787 4918 et
807 4863 976 4918 lumen
994 4866 1188 4919 semitis
1207 4867 1335 4919 meis
1371 4863 1412 4919 ί.
1465 4865 1545 4919 Ita
1571 4866 2012 4939 quotiescumque
2041 4871 2127 4926 lit-

548 4963 694 5010 teras
728 4953 1050 5009 beatissimae
1089 4955 1391 5010 sanctitatis
1429 4960 1533 5008 tuac
1581 4955 1786 5026 accipio
1809 4995 1825 5022 ,
1875 4959 2127 5015 tenebras

549 5048 866 5118 insipientia:
895 5063 1027 5103 mea:
1054 5047 1247 5103 discuti
1275 5048 1448 5102 sentio
1472 5084 1488 5112 ,
1519 5055 1575 5102 et
1611 5049 1767 5116 quasi
1793 5051 2016 5120 collyrio
2053 5053 2124 5123 (ε)

546 5140 922 5196 declarationis
949 5139 1145 5204 infuso,
1174 5138 1344 5193 oculis
1366 5139 1559 5193 mentis
1578 5153 1712 5194 meae
1732 5141 1915 5209 purius
1939 5141 2118 5209 video,

619 5245 643 5270 ἰ
674 5232 816 5288 Psal.
847 5250 953 5301 ενι,
981 5234 1050 5288 55
1075 5241 1130 5288 et
1155 5231 1243 5286 55.
1322 5231 1349 5271 δ
1375 5231 1544 5286 Exod.
1571 5249 1700 5299 xvn,
1731 5232 1783 5287 6.
1863 5243 1884 5271 ο
1915 5232 2088 5292 Judic.
2121 5253 2197 5299 vi,
2231 5236 2317 5288 57.

2231 3223 2560 3292 spiritalibus
2587 3224 2654 3296 ab
2683 3223 2828 3275 omni
2858 3209 3017 3294 265
3047 3222 3175 3277 (athe
3208 3229 3457 3276 curarum
3489 3232 3544 3276 et
3571 3221 3796 3278 suffoca-

2229 3318 2377 3371 tione
2407 3316 2680 3370 turbarum
2711 3316 2844 3370 liber
2869 3317 3131 3385 epularer.

2301 3409 2353 3463 2.
2395 3406 2532 3474 Quid
2558 3423 2686 3477 ergo
2714 3408 2931 3462 humilis
2972 3415 3029 3462 et
3067 3416 3316 3462 terrenus
3351 3405 3708 3477 respondeam
3736 3407 3799 3460 ad

2229 3503 2368 3557 hanc
2405 3503 2720 3571 sapientiam
2746 3540 2760 3566 ,
2805 3515 2923 3570 qua:
2951 3499 3072 3554 data
3098 3506 3180 3553 est
3206 3499 3301 3552 tibi
3329 3497 3561 3568 desuper
3583 3539 3600 3560 ,
3647 3515 3800 3567 quam

2229 3593 2317 3648 hic
2345 3592 2571 3646 mundus
2596 3606 2704 3644 non
2733 3590 2910 3659 capit,
2954 3598 3010 3644 et
3048 3604 3208 3658 quam
3239 3591 3257 3620 ²
3287 3603 3447 3643 nemo
3473 3591 3618 3659 sapit
3643 3632 3657 3655 ,
3707 3589 3800 3643 nisi

2227 3685 2490 3755 sapientia
2518 3681 2614 3737 Dei
2639 3683 2868 3751 sapiens,
2899 3689 2956 3735 et
2980 3681 3074 3735 Dei
3102 3677 3265 3735 verbo
3286 3680 3589 3749 eloquens?
3619 3679 3802 3750 Itaque

2227 3778 2351 3848 quia
2396 3775 2821 3846 experimentum
2850 3773 3022 3827 habeo
3048 3771 3245 3827 Christi
3281 3773 3335 3827 in
3374 3779 3428 3826 te
3454 3772 3728 3840 loquentis
3758 3784 3800 3837 ι,

2228 3873 2279 3926 in
2294 3870 2399 3924 Deo
2417 3868 2638 3923 laudabo
2663 3883 2922 3922 sermones
2937 3867 2961 3904 ’ί
2989 3875 3129 3931 tuos,
3155 3875 3210 3920 et
3230 3882 3333 3920 non
3362 3865 3542 3918 timebo
3562 3882 3596 3917 a
3618 3867 3804 3919 timore

2227 3974 2484 4020 nocturno
2519 3961 2560 4027 ι,
2607 3963 2731 4030 quia
2760 3961 2988 4015 docuiSti
3017 3974 3104 4014 me
3143 3961 3197 4014 in
3226 3959 3414 4028 Spiritu
3442 3958 3689 4012 veritatis
3716 3973 3801 4013 sa-

2228 4055 2382 4110 lubre
2403 4055 2426 4086 ³
2455 4052 2768 4109 moderandi
2797 4053 2848 4106 in
2880 4050 3116 4106 ecetduis
3133 4051 3454 4104 mortalibus
3481 4051 3651 4104 animi
3673 4058 3802 4105 tem-

2228 4154 2624 4217 peramentum,
2652 4159 2761 4216 quo
2789 4151 2845 4197 et
2873 4143 3016 4196 illam
3045 4142 3259 4197 beatam
3288 4149 3516 4196 matrem
3546 4138 3606 4196 e'l
3633 4143 3799 4196 aviam

2228 4239 2509 4293 Melaniam
2532 4235 2741 4291 flevisse
2766 4235 3036 4290 carnalem
3065 4233 3267 4289 obitum
3299 4235 3442 4288 un'ici
3466 4233 3557 4288 lilii
3602 4234 3803 4306 (Publi-

2226 4327 2401 4398 colae),
2433 4326 2698 4382 taciturno
2727 4323 2940 4392 quidem
2962 4322 3111 4388 fletu,
3143 4337 3249 4378 non
3276 4332 3452 4377 tamen
3477 4324 3630 4379 sicco
3650 4340 3681 4378 a
3698 4340 3803 4379 ma-

2230 4418 2396 4472 ternis
2437 4416 2689 4488 lacrymis
2713 4415 2900 4468 dolore
2927 4407 3128 4468 vidisti.
3179 4413 3342 4483 Cujus
3367 4414 3587 4482 quidem
3623 4417 3804 4471 metie-

2227 4519 2340 4564 stas
2368 4515 2420 4562 et
2448 4520 2638 4574 graves
2666 4506 2928 4576 lacrymas
2948 4544 2964 4569 ,
3014 4504 3151 4559 sicut
3186 4503 3408 4574 propior
3435 4505 3522 4558 vel
3548 4507 3804 4576 :equalior

2227 4601 2417 4655 animae
2444 4599 2559 4667 ejus
2586 4598 2824 4667 spiritus,
2855 4597 3012 4651 altius
3035 4596 3361 4660 intellexisti,
3393 4606 3448 4651 et
3469 4597 3730 4667 perfecta:
3757 4600 3805 4652 in

2227 4691 2442 4746 Christo
2469 4689 2679 4744 feminae
2701 4727 2717 4753 ,
2748 4688 2896 4742 salva
2928 4687 3096 4742 virilis
3133 4687 3296 4741 animi
3326 4687 3648 4744 fortitudine
3671 4731 3688 4754 ,
3718 4706 3806 4744 cor

2228 4791 2528 4838 maternum
2557 4780 2623 4835 de
2651 4779 2830 4836 cordis
2857 4780 2934 4834 tui
2961 4779 3309 4835 similitudine
3337 4782 3529 4835 melius
3551 4797 3627 4836 ex
3657 4797 3808 4851 teque

2227 4881 2370 4928 statu
2408 4871 2802 4942 contemplatus
2828 4885 2888 4926 es
2910 4910 2925 4935 ,
2956 4878 3016 4925 ut
3036 4885 3155 4925 eam
3185 4871 3412 4941 primum
3444 4887 3543 4941 pro
3571 4872 3808 4925 naturali

2229 4963 2515 5017 affectione
2541 4969 2860 5032 permotam,
2887 4961 3079 5016 deinde
3108 4976 3269 5017 causa
3297 4961 3508 5032 potiore
3538 4977 3808 5033 compun-

2228 5065 2366 5111 ctam
2395 5053 2603 5108 flevisse
2631 5053 3002 5122 perspiceres;
3048 5068 3156 5107 non
3192 5059 3300 5106 tam
3327 5051 3455 5107 illud
3487 5053 3807 5115 humanmn,

2228 5143 2373 5215 quod
2403 5143 2614 5198 unicum
2645 5143 2810 5197 ﬁlium
2837 5143 3146 5198 conditione
3169 5143 3381 5197 mortali
3411 5142 3735 5198 defunctum
3757 5141 3808 5195 in

2395 5233 2421 5270 ἀ
2453 5234 2606 5288 Cant.
2643 5250 2712 5298 tv,
2770 5235 2856 5289 16.
2935 5241 2957 5269 ε
2993 5232 3120 5288 Luc.
3175 5249 3286 5296 xm,
3333 5233 3385 5287 8.
3467 5233 3485 5270 ί
3523 5233 3685 5288 Rom.
3739 5250 3807 5297 tv,

2281 5306 2310 5324 ιη

545 5305 635 5360 17.
711 5303 903 5374 ᾳΡεεΙ.
955 5319 1100 5374 thv,
1142 5302 1227 5369 15,
1271 5317 1380 5358 sec.
1429 5301 1593 5358 Psalt.
1643 5304 1799 5360 Rom.
1876 5301 2072 5360 hPsal.
2121 5325 2129 5359 ι

2232 5348 2246 5374 ,
2281 5306 2330 5359 7.
2379 5305 2390 5342 ί
2425 5304 2562 5360 Psal.
2594 5320 2773 5368 cxvm,
2799 5303 2916 5359 105.
2961 5307 2975 5353 1
3014 5303 3058 5358 ll
3077 5302 3200 5360 Cor.
3239 5320 3345 5368 xm,
3375 5306 3428 5359 '5.
3489 5304 3514 5343 ιι
3541 5307 3688 5360 l'sal.
3721 5320 3807 5366 ιτ,

546 5375 635 5429 11.
715 5373 734 5412 1
768 5371 911 5431 Psal.
941 5391 1026 5438 xc,
1057 5371 1109 5428 5.

677 5466 823 5522 Alias
849 5466 940 5531 44,
969 5483 1088 5537 quae
1115 5475 1292 5522 autem
1318 5465 1386 5521 45
1407 5474 1539 5532 erat,
1573 5483 1714 5524 nunc
1743 5467 1794 5520 5.
1827 5465 2038 5538 Scripta
2061 5468 2269 5524 videtur
2295 5483 2436 5524 anno
2465 5466 2586 5530 408,
2615 5466 2702 5522 die
2734 5463 2798 5519 15
2823 5465 2967 5521 Maii.

619 5576 694 5641 la)
734 5575 831 5630 Ms.
865 5576 1040 5641 Vien.,
1066 5595 1219 5632 areae.

616 5644 691 5724 (ὁ)
731 5644 807 5699 lta
837 5647 887 5724 in
917 5645 1186 5724 Psalteriis
1215 5649 1376 5724 veteri
1400 5657 1453 5702 et.
1483 5647 1744 5724 Romano,
1778 5645 1915 5716 apud
1945 5646 2001 5701 S.
2026 5645 2111 5724 lli-

546 5713 736 5767 larium
766 5726 819 5769 et
845 5715 901 5768 Β.
933 5717 1278 5784 Augustinum
1305 5718 1354 5770 iu
1377 5719 1761 5771 commentario
1791 5713 1951 5784 super
1978 5719 2111 5786 psal-

547 5800 663 5839 ιιιιις
687 5825 700 5846 ,
735 5786 803 5837 ita
847 5796 900 5838 ut
932 5804 1028 5854 pro
1051 5787 1137 5859 ὅρη
1167 5788 1443 5840 vidcantur
1473 5789 1660 5851 legisse
1682 5787 1808 5842 ὅοοι.
1874 5788 2112 5855 Vulgata,

2225 5581 2451 5649 speciosa
2472 5579 2678 5633 deserti.
2703 5578 2840 5649 ,Vide
2868 5588 2980 5633 not.
3013 5577 3130 5633 192.

2302 5652 2372 5716 (c)
2409 5650 2496 5703 Sic
2524 5648 2863 5703 emendatum
2901 5667 2964 5704 ex
2999 5666 3094 5703 ms.
3140 5650 3322 5703 codice
3364 5649 3806 5706 Phimarconensi

2225 5719 2424 5800 etcdit.
2461 5719 2657 5772 Bened.
2692 5718 2976 5774 Verissima
3023 5720 3198 5774 lectio.
3251 5721 3387 5774 Ante
3427 5730 3536 5773 erat
3573 5722 3804 5775 delecto-

2225 5801 2393 5841 1101118.
