  <div class='ocr_page' id='page_1' title='image "/cluster/home/n/w/nwhite01/storage/ocr_20150623/61/hvd.32044004824777/202.png"; bbox 0 0 4008 6346; ppageno 0'>
   <div class='ocr_carea' id='block_1_1' title="bbox 258 280 372 336">
    <p class='ocr_par' dir='ltr' id='par_1_1' title="bbox 258 280 372 336">
     <span class='ocr_line' id='line_1_1' title="bbox 258 280 372 336; baseline -0.009 0"><span class='ocrx_word' id='word_1_1' title='bbox 258 280 372 336; x_wconf 70' lang='lat'><strong>393</strong></span> 
     </span>
    </p>
   </div>
   <div class='ocr_carea' id='block_1_2' title="bbox 1662 261 2188 321">
    <p class='ocr_par' dir='ltr' id='par_1_2' title="bbox 1662 261 2188 321">
     <span class='ocr_line' id='line_1_2' title="bbox 1662 261 2188 321; baseline -0.002 0"><span class='ocrx_word' id='word_1_2' title='bbox 1662 261 1995 321; x_wconf 77' lang='lat' dir='ltr'><strong>EPISTOLA</strong></span> <span class='ocrx_word' id='word_1_3' title='bbox 2033 263 2163 319; x_wconf 69' lang='lat' dir='ltr'><strong>XLV</strong></span> <span class='ocrx_word' id='word_1_4' title='bbox 2175 306 2188 320; x_wconf 91' lang='lat'><strong>.</strong></span> 
     </span>
    </p>
   </div>
   <div class='ocr_carea' id='block_1_3' title="bbox 3426 264 3549 319">
    <p class='ocr_par' dir='ltr' id='par_1_3' title="bbox 3426 264 3549 319">
     <span class='ocr_line' id='line_1_3' title="bbox 3426 264 3549 319; baseline -0.016 0"><span class='ocrx_word' id='word_1_5' title='bbox 3426 264 3549 319; x_wconf 70' lang='grc' dir='ltr'><strong>5θῖ-</strong></span> 
     </span>
    </p>
   </div>
   <div class='ocr_carea' id='block_1_4' title="bbox 259 376 3531 463">
    <p class='ocr_par' dir='ltr' id='par_1_4' title="bbox 259 376 3531 463">
     <span class='ocr_line' id='line_1_4' title="bbox 259 376 3531 463; baseline -0.002 -21"><span class='ocrx_word' id='word_1_6' title='bbox 259 386 515 463; x_wconf 68' lang='lat' dir='ltr'><strong>presenti</strong></span> <span class='ocrx_word' id='word_1_7' title='bbox 537 384 723 442; x_wconf 89' lang='lat' dir='ltr'><strong>seculo</strong></span> <span class='ocrx_word' id='word_1_8' title='bbox 748 381 1031 447; x_wconf 84' lang='lat' dir='ltr'><strong>amisisset,</strong></span> <span class='ocrx_word' id='word_1_9' title='bbox 1047 395 1211 451; x_wconf 87' lang='lat' dir='ltr'><strong>quam</strong></span> <span class='ocrx_word' id='word_1_10' title='bbox 1229 377 1372 449; x_wconf 89' lang='lat' dir='ltr'><strong>quod</strong></span> <span class='ocrx_word' id='word_1_11' title='bbox 1392 377 1778 449; x_wconf 78' lang='lat' dir='ltr'><strong>propemodum</strong></span> <span class='ocrx_word' id='word_1_12' title='bbox 1801 378 1853 430; x_wconf 88' lang='lat' dir='ltr'><strong>in</strong></span> <span class='ocrx_word' id='word_1_13' title='bbox 1881 381 1930 437; x_wconf 78' lang='grc' dir='ltr'><strong>Α</strong></span> <span class='ocrx_word' id='word_1_14' title='bbox 2028 378 2080 432; x_wconf 75' lang='grc'><strong>4.</strong></span> <span class='ocrx_word' id='word_1_15' title='bbox 2120 376 2248 443; x_wconf 75' lang='lat' dir='ltr'><strong>Qua:</strong></span> <span class='ocrx_word' id='word_1_16' title='bbox 2275 393 2399 432; x_wconf 84' lang='lat' dir='ltr'><strong>vero</strong></span> <span class='ocrx_word' id='word_1_17' title='bbox 2427 387 2545 448; x_wconf 89' lang='lat' dir='ltr'><strong>post</strong></span> <span class='ocrx_word' id='word_1_18' title='bbox 2569 378 3014 453; x_wconf 83' lang='lat' dir='ltr'><strong>resurrectionem</strong></span> <span class='ocrx_word' id='word_1_19' title='bbox 3043 377 3221 433; x_wconf 86' lang='lat' dir='ltr'><strong>carnis</strong></span> <span class='ocrx_word' id='word_1_20' title='bbox 3247 376 3301 432; x_wconf 89' lang='lat' dir='ltr'><strong>in</strong></span> <span class='ocrx_word' id='word_1_21' title='bbox 3332 377 3422 433; x_wconf 89' lang='lat' dir='ltr'><strong>illo</strong></span> <span class='ocrx_word' id='word_1_22' title='bbox 3442 392 3531 433; x_wconf 51' lang='lat' dir='ltr'><strong>sev</strong></span> 
     </span>
    </p>
   </div>
   <div class='ocr_carea' id='block_1_5' title="bbox 258 468 1853 545">
    <p class='ocr_par' dir='ltr' id='par_1_5' title="bbox 258 468 1853 545">
     <span class='ocr_line' id='line_1_5' title="bbox 258 468 1853 545; baseline -0.01 -9"><span class='ocrx_word' id='word_1_23' title='bbox 258 479 498 536; x_wconf 88' lang='lat' dir='ltr'><strong>seculari</strong></span> <span class='ocrx_word' id='word_1_24' title='bbox 527 476 765 532; x_wconf 85' lang='lat' dir='ltr'><strong>vanitate</strong></span> <span class='ocrx_word' id='word_1_25' title='bbox 790 480 1141 545; x_wconf 52' lang='lat' dir='ltr'><strong>praeventum,</strong></span> <span class='ocrx_word' id='word_1_26' title='bbox 1168 471 1294 540; x_wconf 84' lang='lat' dir='ltr'><strong>quia</strong></span> <span class='ocrx_word' id='word_1_27' title='bbox 1327 469 1554 525; x_wconf 85' lang='lat' dir='ltr'><strong>necdum</strong></span> <span class='ocrx_word' id='word_1_28' title='bbox 1576 468 1730 522; x_wconf 75' lang='lat' dir='ltr'><strong>illum</strong></span> <span class='ocrx_word' id='word_1_29' title='bbox 1759 468 1853 521; x_wconf 84' lang='lat' dir='ltr'><strong>de-</strong></span> 
     </span>
    </p>
   </div>
   <div class='ocr_carea' id='block_1_6' title="bbox 255 562 1854 634">
    <p class='ocr_par' dir='ltr' id='par_1_6' title="bbox 255 562 1854 634">
     <span class='ocr_line' id='line_1_6' title="bbox 255 562 1854 634; baseline -0.007 -7"><span class='ocrx_word' id='word_1_30' title='bbox 255 579 513 628; x_wconf 87' lang='lat' dir='ltr'><strong>seruerat</strong></span> <span class='ocrx_word' id='word_1_31' title='bbox 534 568 832 624; x_wconf 64' lang='lat' dir='ltr'><strong>Senatoria:</strong></span> <span class='ocrx_word' id='word_1_32' title='bbox 850 562 1128 634; x_wconf 73' lang='lat' dir='ltr'><strong>dignitatis</strong></span> <span class='ocrx_word' id='word_1_33' title='bbox 1151 564 1392 628; x_wconf 89' lang='lat' dir='ltr'><strong>ambitio,</strong></span> <span class='ocrx_word' id='word_1_34' title='bbox 1424 578 1531 618; x_wconf 92' lang='lat' dir='ltr'><strong>non</strong></span> <span class='ocrx_word' id='word_1_35' title='bbox 1550 562 1701 632; x_wconf 74' lang='lat' dir='ltr'><strong>juxta</strong></span> <span class='ocrx_word' id='word_1_36' title='bbox 1729 577 1854 616; x_wconf 90' lang='lat' dir='ltr'><strong>san-</strong></span> 
     </span>
    </p>
   </div>
   <div class='ocr_carea' id='block_1_7' title="bbox 255 657 1853 725">
    <p class='ocr_par' dir='ltr' id='par_1_7' title="bbox 255 657 1853 725">
     <span class='ocr_line' id='line_1_7' title="bbox 255 657 1853 725; baseline -0.007 -6"><span class='ocrx_word' id='word_1_37' title='bbox 255 672 404 719; x_wconf 86' lang='lat' dir='ltr'><strong>ctam</strong></span> <span class='ocrx_word' id='word_1_38' title='bbox 446 669 703 717; x_wconf 77' lang='lat' dir='ltr'><strong>votorum</strong></span> <span class='ocrx_word' id='word_1_39' title='bbox 751 674 973 715; x_wconf 88' lang='lat' dir='ltr'><strong>suorum</strong></span> <span class='ocrx_word' id='word_1_40' title='bbox 1019 658 1297 713; x_wconf 75' lang='lat' dir='ltr'><strong>avaritiam</strong></span> <span class='ocrx_word' id='word_1_41' title='bbox 1343 657 1604 725; x_wconf 73' lang='lat' dir='ltr'><strong>cogitaret</strong></span> <span class='ocrx_word' id='word_1_42' title='bbox 1647 671 1853 710; x_wconf 81' lang='lat' dir='ltr'><strong>assum-</strong></span> 
     </span>
    </p>
   </div>
   <div class='ocr_carea' id='block_1_8' title="bbox 254 746 1852 822">
    <p class='ocr_par' dir='ltr' id='par_1_8' title="bbox 254 746 1852 822">
     <span class='ocr_line' id='line_1_8' title="bbox 254 746 1852 822; baseline -0.005 -13"><span class='ocrx_word' id='word_1_43' title='bbox 254 764 398 822; x_wconf 85' lang='lat' dir='ltr'><strong>tum,</strong></span> <span class='ocrx_word' id='word_1_44' title='bbox 430 760 495 808; x_wconf 78' lang='lat' dir='ltr'><strong>ut</strong></span> <span class='ocrx_word' id='word_1_45' title='bbox 520 753 591 809; x_wconf 90' lang='lat' dir='ltr'><strong>de</strong></span> <span class='ocrx_word' id='word_1_46' title='bbox 625 750 993 808; x_wconf 89' lang='lat' dir='ltr'><strong>conversionis</strong></span> <span class='ocrx_word' id='word_1_47' title='bbox 1020 749 1189 818; x_wconf 90' lang='lat' dir='ltr'><strong>gloria</strong></span> <span class='ocrx_word' id='word_1_48' title='bbox 1219 748 1505 804; x_wconf 86' lang='lat' dir='ltr'><strong>transisset</strong></span> <span class='ocrx_word' id='word_1_49' title='bbox 1533 746 1601 802; x_wconf 92' lang='lat' dir='ltr'><strong>ad</strong></span> <span class='ocrx_word' id='word_1_50' title='bbox 1627 746 1852 815; x_wconf 84' lang='lat' dir='ltr'><strong>gloriam</strong></span> 
     </span>
    </p>
   </div>
   <div class='ocr_carea' id='block_1_9' title="bbox 254 836 1855 910">
    <p class='ocr_par' dir='ltr' id='par_1_9' title="bbox 254 836 1855 910">
     <span class='ocr_line' id='line_1_9' title="bbox 254 836 1855 910; baseline -0.005 -13"><span class='ocrx_word' id='word_1_51' title='bbox 254 841 680 899; x_wconf 82' lang='lat' dir='ltr'><strong>resurrectionis</strong></span> <span class='ocrx_word' id='word_1_52' title='bbox 699 883 719 910; x_wconf 93' lang='lat'><strong>,</strong></span> <span class='ocrx_word' id='word_1_53' title='bbox 766 854 1108 897; x_wconf 85' lang='lat' dir='ltr'><strong>communem</strong></span> <span class='ocrx_word' id='word_1_54' title='bbox 1137 855 1260 894; x_wconf 90' lang='lat' dir='ltr'><strong>cum</strong></span> <span class='ocrx_word' id='word_1_55' title='bbox 1302 845 1474 892; x_wconf 84' lang='lat' dir='ltr'><strong>matre</strong></span> <span class='ocrx_word' id='word_1_56' title='bbox 1501 836 1741 905; x_wconf 79' lang='lat' dir='ltr'><strong>requiem</strong></span> <span class='ocrx_word' id='word_1_57' title='bbox 1769 850 1855 890; x_wconf 90' lang='lat' dir='ltr'><strong>co-</strong></span> 
     </span>
    </p>
   </div>
   <div class='ocr_carea' id='block_1_10' title="bbox 260 927 1854 1003">
    <p class='ocr_par' dir='ltr' id='par_1_10' title="bbox 260 927 1854 1003">
     <span class='ocr_line' id='line_1_10' title="bbox 260 927 1854 1003; baseline -0.007 -11"><span class='ocrx_word' id='word_1_58' title='bbox 260 946 570 1003; x_wconf 82' lang='lat' dir='ltr'><strong>ronamque</strong></span> <span class='ocrx_word' id='word_1_59' title='bbox 597 939 854 1002; x_wconf 89' lang='lat' dir='ltr'><strong>capturus</strong></span> <span class='ocrx_word' id='word_1_60' title='bbox 875 972 891 998; x_wconf 95' lang='lat'><strong>,</strong></span> <span class='ocrx_word' id='word_1_61' title='bbox 942 931 988 986; x_wconf 89' lang='lat' dir='ltr'><strong>si</strong></span> <span class='ocrx_word' id='word_1_62' title='bbox 1019 929 1072 986; x_wconf 91' lang='lat' dir='ltr'><strong>in</strong></span> <span class='ocrx_word' id='word_1_63' title='bbox 1097 929 1263 999; x_wconf 86' lang='lat' dir='ltr'><strong>hujus</strong></span> <span class='ocrx_word' id='word_1_64' title='bbox 1308 929 1474 985; x_wconf 85' lang='lat' dir='ltr'><strong>seculi</strong></span> <span class='ocrx_word' id='word_1_65' title='bbox 1515 929 1623 983; x_wconf 86' lang='lat' dir='ltr'><strong>vita</strong></span> <span class='ocrx_word' id='word_1_66' title='bbox 1665 927 1854 983; x_wconf 80' lang='lat' dir='ltr'><strong>matris</strong></span> 
     </span>
    </p>
   </div>
   <div class='ocr_carea' id='block_1_11' title="bbox 259 1018 1853 1095">
    <p class='ocr_par' dir='ltr' id='par_1_11' title="bbox 259 1018 1853 1095">
     <span class='ocr_line' id='line_1_11' title="bbox 259 1018 1853 1095; baseline -0.006 -14"><span class='ocrx_word' id='word_1_67' title='bbox 259 1022 520 1095; x_wconf 75' lang='lat' dir='ltr'><strong>exemplo</strong></span> <span class='ocrx_word' id='word_1_68' title='bbox 548 1036 764 1078; x_wconf 89' lang='lat' dir='ltr'><strong>saccum</strong></span> <span class='ocrx_word' id='word_1_69' title='bbox 790 1028 947 1090; x_wconf 74' lang='lat' dir='ltr'><strong>togxe,</strong></span> <span class='ocrx_word' id='word_1_70' title='bbox 977 1028 1032 1075; x_wconf 91' lang='lat' dir='ltr'><strong>et</strong></span> <span class='ocrx_word' id='word_1_71' title='bbox 1054 1019 1437 1075; x_wconf 87' lang='lat' dir='ltr'><strong>monasterium</strong></span> <span class='ocrx_word' id='word_1_72' title='bbox 1458 1018 1687 1085; x_wconf 83' lang='lat' dir='ltr'><strong>senatui,</strong></span> <span class='ocrx_word' id='word_1_73' title='bbox 1714 1032 1853 1088; x_wconf 72' lang='lat' dir='ltr'><strong>prce-</strong></span> 
     </span>
    </p>
   </div>
   <div class='ocr_carea' id='block_1_12' title="bbox 268 1116 507 1172">
    <p class='ocr_par' dir='ltr' id='par_1_12' title="bbox 268 1116 507 1172">
     <span class='ocr_line' id='line_1_12' title="bbox 268 1116 507 1172; baseline -0.013 -1"><span class='ocrx_word' id='word_1_74' title='bbox 268 1116 507 1172; x_wconf 68' lang='lat' dir='ltr'><strong>tutisset.</strong></span> 
     </span>
    </p>
   </div>
   <div class='ocr_carea' id='block_1_13' title="bbox 334 1198 1857 1273">
    <p class='ocr_par' dir='ltr' id='par_1_13' title="bbox 334 1198 1857 1273">
     <span class='ocr_line' id='line_1_13' title="bbox 334 1198 1857 1273; baseline -0.003 -13"><span class='ocrx_word' id='word_1_75' title='bbox 334 1207 392 1260; x_wconf 85' lang='lat'><strong>&#39;5.</strong></span> <span class='ocrx_word' id='word_1_76' title='bbox 431 1204 818 1260; x_wconf 78' lang='lat' dir='ltr'><strong>Verumtamen</strong></span> <span class='ocrx_word' id='word_1_77' title='bbox 875 1202 1015 1258; x_wconf 86' lang='lat' dir='ltr'><strong>idem</strong></span> <span class='ocrx_word' id='word_1_78' title='bbox 1049 1202 1157 1269; x_wconf 70' lang='lat' dir='ltr'><strong>‘vir,</strong></span> <span class='ocrx_word' id='word_1_79' title='bbox 1209 1210 1268 1256; x_wconf 90' lang='lat' dir='ltr'><strong>ut</strong></span> <span class='ocrx_word' id='word_1_80' title='bbox 1306 1209 1466 1258; x_wconf 81' lang='lat' dir='ltr'><strong>antea</strong></span> <span class='ocrx_word' id='word_1_81' title='bbox 1497 1198 1577 1273; x_wconf 87' lang='lat' dir='ltr'><strong>(a)</strong></span> <span class='ocrx_word' id='word_1_82' title='bbox 1607 1201 1857 1258; x_wconf 79' lang='lat' dir='ltr'><strong>retulisse</strong></span> 
     </span>
    </p>
   </div>
   <div class='ocr_carea' id='block_1_14' title="bbox 258 1292 1859 1366">
    <p class='ocr_par' dir='ltr' id='par_1_14' title="bbox 258 1292 1859 1366">
     <span class='ocr_line' id='line_1_14' title="bbox 258 1292 1859 1366; baseline -0.003 -14"><span class='ocrx_word' id='word_1_83' title='bbox 258 1311 356 1352; x_wconf 82' lang='lat' dir='ltr'><strong>me</strong></span> <span class='ocrx_word' id='word_1_84' title='bbox 376 1303 509 1366; x_wconf 92' lang='lat' dir='ltr'><strong>puto</strong></span> <span class='ocrx_word' id='word_1_85' title='bbox 528 1293 799 1350; x_wconf 84' lang='lat' dir='ltr'><strong>sanctitati</strong></span> <span class='ocrx_word' id='word_1_86' title='bbox 822 1301 947 1362; x_wconf 75' lang='lat' dir='ltr'><strong>tuae,</strong></span> <span class='ocrx_word' id='word_1_87' title='bbox 979 1293 1061 1348; x_wconf 87' lang='lat' dir='ltr'><strong>his</strong></span> <span class='ocrx_word' id='word_1_88' title='bbox 1081 1292 1334 1365; x_wconf 80' lang='lat' dir='ltr'><strong>operibus</strong></span> <span class='ocrx_word' id='word_1_89' title='bbox 1361 1292 1716 1362; x_wconf 87' lang='lat' dir='ltr'><strong>locupletatus</strong></span> <span class='ocrx_word' id='word_1_90' title='bbox 1742 1293 1859 1347; x_wconf 83' lang='lat' dir='ltr'><strong>abs-</strong></span> 
     </span>
    </p>
   </div>
   <div class='ocr_carea' id='block_1_15' title="bbox 264 1382 1857 1455">
    <p class='ocr_par' dir='ltr' id='par_1_15' title="bbox 264 1382 1857 1455">
     <span class='ocr_line' id='line_1_15' title="bbox 264 1382 1857 1455; baseline -0.004 -10"><span class='ocrx_word' id='word_1_91' title='bbox 264 1392 460 1455; x_wconf 85' lang='lat' dir='ltr'><strong>cessit,</strong></span> <span class='ocrx_word' id='word_1_92' title='bbox 517 1394 577 1441; x_wconf 92' lang='lat' dir='ltr'><strong>ut</strong></span> <span class='ocrx_word' id='word_1_93' title='bbox 604 1396 861 1442; x_wconf 74' lang='lat' dir='ltr'><strong>materna:</strong></span> <span class='ocrx_word' id='word_1_94' title='bbox 887 1383 1202 1440; x_wconf 80' lang='lat' dir='ltr'><strong>humilitatis</strong></span> <span class='ocrx_word' id='word_1_95' title='bbox 1244 1382 1582 1438; x_wconf 83' lang='lat' dir='ltr'><strong>nobilitatem</strong></span> <span class='ocrx_word' id='word_1_96' title='bbox 1636 1383 1681 1439; x_wconf 91' lang='lat' dir='ltr'><strong>si</strong></span> <span class='ocrx_word' id='word_1_97' title='bbox 1710 1392 1857 1439; x_wconf 81' lang='lat' dir='ltr'><strong>veste</strong></span> 
     </span>
    </p>
   </div>
   <div class='ocr_carea' id='block_1_16' title="bbox 266 1473 1853 1552">
    <p class='ocr_par' dir='ltr' id='par_1_16' title="bbox 266 1473 1853 1552">
     <span class='ocr_line' id='line_1_16' title="bbox 266 1473 1853 1552; baseline -0.007 -15"><span class='ocrx_word' id='word_1_98' title='bbox 266 1497 379 1537; x_wconf 88' lang='lat' dir='ltr'><strong>non</strong></span> <span class='ocrx_word' id='word_1_99' title='bbox 411 1480 662 1552; x_wconf 86' lang='lat' dir='ltr'><strong>gesserit,</strong></span> <span class='ocrx_word' id='word_1_100' title='bbox 692 1486 873 1533; x_wconf 84' lang='lat' dir='ltr'><strong>tamen</strong></span> <span class='ocrx_word' id='word_1_101' title='bbox 903 1483 1083 1530; x_wconf 85' lang='lat' dir='ltr'><strong>mente</strong></span> <span class='ocrx_word' id='word_1_102' title='bbox 1112 1474 1438 1544; x_wconf 63' lang='lat' dir='ltr'><strong>praetulerit;</strong></span> <span class='ocrx_word' id='word_1_103' title='bbox 1476 1473 1549 1528; x_wconf 87' lang='lat' dir='ltr'><strong>ita</strong></span> <span class='ocrx_word' id='word_1_104' title='bbox 1578 1473 1720 1529; x_wconf 90' lang='lat' dir='ltr'><strong>enim</strong></span> <span class='ocrx_word' id='word_1_105' title='bbox 1766 1488 1853 1527; x_wconf 91' lang='lat' dir='ltr'><strong>se-</strong></span> 
     </span>
    </p>
   </div>
   <div class='ocr_carea' id='block_1_17' title="bbox 166 1565 1854 1629">
    <p class='ocr_par' dir='ltr' id='par_1_17' title="bbox 166 1565 1854 1629">
     <span class='ocr_line' id='line_1_17' title="bbox 166 1565 1854 1629; baseline -0.006 1"><span class='ocrx_word' id='word_1_106' title='bbox 166 1580 180 1592; x_wconf 91' lang='lat'><strong>&#39;</strong></span> <span class='ocrx_word' id='word_1_107' title='bbox 265 1574 506 1629; x_wconf 86' lang='lat' dir='ltr'><strong>cundum</strong></span> <span class='ocrx_word' id='word_1_108' title='bbox 532 1573 751 1628; x_wconf 84' lang='lat' dir='ltr'><strong>verbum</strong></span> <span class='ocrx_word' id='word_1_109' title='bbox 773 1568 985 1624; x_wconf 91' lang='lat' dir='ltr'><strong>Domini</strong></span> <span class='ocrx_word' id='word_1_110' title='bbox 1008 1567 1152 1621; x_wconf 89' lang='lat' dir='ltr'><strong>mitis</strong></span> <span class='ocrx_word' id='word_1_111' title='bbox 1181 1567 1420 1621; x_wconf 87' lang='lat' dir='ltr'><strong>moribus</strong></span> <span class='ocrx_word' id='word_1_112' title='bbox 1448 1565 1547 1621; x_wconf 86' lang='lat' dir='ltr'><strong>fuit</strong></span> <span class='ocrx_word' id='word_1_113' title='bbox 1574 1574 1629 1621; x_wconf 91' lang='lat' dir='ltr'><strong>et</strong></span> <span class='ocrx_word' id='word_1_114' title='bbox 1674 1566 1854 1622; x_wconf 89' lang='lat' dir='ltr'><strong>humi-</strong></span> 
     </span>
    </p>
   </div>
   <div class='ocr_carea' id='block_1_18' title="bbox 265 1655 1859 1727">
    <p class='ocr_par' dir='ltr' id='par_1_18' title="bbox 265 1655 1859 1727">
     <span class='ocr_line' id='line_1_18' title="bbox 265 1655 1859 1727; baseline -0.006 -8"><span class='ocrx_word' id='word_1_115' title='bbox 265 1663 335 1720; x_wconf 87' lang='lat' dir='ltr'><strong>lis</strong></span> <span class='ocrx_word' id='word_1_116' title='bbox 355 1662 523 1718; x_wconf 86' lang='lat' dir='ltr'><strong>corde</strong></span> <span class='ocrx_word' id='word_1_117' title='bbox 556 1670 603 1727; x_wconf 83' lang='grc' dir='ltr'>ι,</span> <span class='ocrx_word' id='word_1_118' title='bbox 637 1670 694 1716; x_wconf 87' lang='grc' dir='ltr'><strong>ιιι</strong></span> <span class='ocrx_word' id='word_1_119' title='bbox 722 1675 827 1715; x_wconf 93' lang='lat' dir='ltr'><strong>non</strong></span> <span class='ocrx_word' id='word_1_120' title='bbox 851 1657 1118 1714; x_wconf 90' lang='lat' dir='ltr'><strong>immerito</strong></span> <span class='ocrx_word' id='word_1_121' title='bbox 1146 1655 1397 1712; x_wconf 85' lang='lat' dir='ltr'><strong>credatur</strong></span> <span class='ocrx_word' id='word_1_122' title='bbox 1426 1657 1675 1713; x_wconf 84' lang='lat' dir='ltr'><strong>introisse</strong></span> <span class='ocrx_word' id='word_1_123' title='bbox 1696 1656 1748 1727; x_wconf 88' lang='lat' dir='ltr'><strong>in</strong></span> <span class='ocrx_word' id='word_1_124' title='bbox 1780 1673 1859 1711; x_wconf 86' lang='lat' dir='ltr'><strong>re-</strong></span> 
     </span>
    </p>
   </div>
   <div class='ocr_carea' id='block_1_19' title="bbox 1955 466 3533 541">
    <p class='ocr_par' dir='ltr' id='par_1_19' title="bbox 1955 466 3533 541">
     <span class='ocr_line' id='line_1_19' title="bbox 1955 466 3533 541; baseline 0.001 -21"><span class='ocrx_word' id='word_1_125' title='bbox 1955 466 2077 520; x_wconf 90' lang='lat' dir='ltr'><strong>culo</strong></span> <span class='ocrx_word' id='word_1_126' title='bbox 2100 467 2380 523; x_wconf 87' lang='lat' dir='ltr'><strong>beatorum</strong></span> <span class='ocrx_word' id='word_1_127' title='bbox 2409 468 2584 522; x_wconf 85' lang='lat' dir='ltr'><strong>futura</strong></span> <span class='ocrx_word' id='word_1_128' title='bbox 2604 471 2673 524; x_wconf 85' lang='lat' dir='ltr'><strong>sit</strong></span> <span class='ocrx_word' id='word_1_129' title='bbox 2700 469 2841 524; x_wconf 87' lang='lat' dir='ltr'><strong>actio</strong></span> <span class='ocrx_word' id='word_1_130' title='bbox 2871 470 2970 541; x_wconf 84' lang='lat' dir='ltr'><strong>(g).</strong></span> <span class='ocrx_word' id='word_1_131' title='bbox 3002 477 3058 523; x_wconf 93' lang='lat' dir='ltr'><strong>tu</strong></span> <span class='ocrx_word' id='word_1_132' title='bbox 3083 484 3169 523; x_wconf 87' lang='lat' dir='ltr'><strong>me</strong></span> <span class='ocrx_word' id='word_1_133' title='bbox 3200 469 3533 536; x_wconf 83' lang='lat' dir='ltr'><strong>interrogare</strong></span> 
     </span>
    </p>
   </div>
   <div class='ocr_carea' id='block_1_20' title="bbox 1955 557 3534 631">
    <p class='ocr_par' dir='ltr' id='par_1_20' title="bbox 1955 557 3534 631">
     <span class='ocr_line' id='line_1_20' title="bbox 1955 557 3534 631; baseline 0.001 -20"><span class='ocrx_word' id='word_1_134' title='bbox 1955 557 2204 625; x_wconf 85' lang='lat' dir='ltr'><strong>dignatus</strong></span> <span class='ocrx_word' id='word_1_135' title='bbox 2250 574 2329 615; x_wconf 89' lang='lat' dir='ltr'><strong>es.</strong></span> <span class='ocrx_word' id='word_1_136' title='bbox 2380 558 2448 613; x_wconf 75' lang='lat' dir='ltr'><strong>At</strong></span> <span class='ocrx_word' id='word_1_137' title='bbox 2494 575 2596 631; x_wconf 89' lang='lat' dir='ltr'><strong>ego</strong></span> <span class='ocrx_word' id='word_1_138' title='bbox 2633 560 2700 615; x_wconf 90' lang='lat' dir='ltr'><strong>de</strong></span> <span class='ocrx_word' id='word_1_139' title='bbox 2728 562 2977 631; x_wconf 75' lang='lat' dir='ltr'><strong>prmsenti</strong></span> <span class='ocrx_word' id='word_1_140' title='bbox 2996 560 3118 616; x_wconf 67' lang='lat' dir='ltr'><strong>vitae</strong></span> <span class='ocrx_word' id='word_1_141' title='bbox 3147 574 3278 615; x_wconf 82' lang='lat' dir='ltr'><strong>meae</strong></span> <span class='ocrx_word' id='word_1_142' title='bbox 3306 568 3450 614; x_wconf 88' lang='lat' dir='ltr'><strong>statu</strong></span> <span class='ocrx_word' id='word_1_143' title='bbox 3478 568 3534 614; x_wconf 82' lang='lat' dir='ltr'><strong>et</strong></span> 
     </span>
    </p>
   </div>
   <div class='ocr_carea' id='block_1_21' title="bbox 1956 638 3535 723">
    <p class='ocr_par' dir='ltr' id='par_1_21' title="bbox 1956 638 3535 723">
     <span class='ocr_line' id='line_1_21' title="bbox 1956 638 3535 723; baseline 0.003 -21"><span class='ocrx_word' id='word_1_144' title='bbox 1956 650 2269 718; x_wconf 87' lang='lat' dir='ltr'><strong>magistrum</strong></span> <span class='ocrx_word' id='word_1_145' title='bbox 2296 660 2351 706; x_wconf 91' lang='lat' dir='ltr'><strong>et</strong></span> <span class='ocrx_word' id='word_1_146' title='bbox 2379 652 2640 709; x_wconf 88' lang='lat' dir='ltr'><strong>medicum</strong></span> <span class='ocrx_word' id='word_1_147' title='bbox 2668 638 2961 723; x_wconf 82' lang='lat' dir='ltr'><strong>spiritalem</strong></span> <span class='ocrx_word' id='word_1_148' title='bbox 2989 652 3232 716; x_wconf 82' lang='lat' dir='ltr'><strong>consulo,</strong></span> <span class='ocrx_word' id='word_1_149' title='bbox 3256 662 3315 711; x_wconf 89' lang='lat' dir='ltr'><strong>ut</strong></span> <span class='ocrx_word' id='word_1_150' title='bbox 3334 651 3535 707; x_wconf 84' lang='lat' dir='ltr'><strong>doceas</strong></span> 
     </span>
    </p>
   </div>
   <div class='ocr_carea' id='block_1_22' title="bbox 1955 738 3536 813">
    <p class='ocr_par' dir='ltr' id='par_1_22' title="bbox 1955 738 3536 813">
     <span class='ocr_line' id='line_1_22' title="bbox 1955 738 3536 813; baseline 0.004 -21"><span class='ocrx_word' id='word_1_151' title='bbox 1955 754 2041 794; x_wconf 91' lang='lat' dir='ltr'><strong>me</strong></span> <span class='ocrx_word' id='word_1_152' title='bbox 2068 738 2246 796; x_wconf 85' lang='lat' dir='ltr'><strong>facere</strong></span> <span class='ocrx_word' id='word_1_153' title='bbox 2268 743 2576 798; x_wconf 87' lang='lat' dir='ltr'><strong>voluntates</strong></span> <span class='ocrx_word' id='word_1_154' title='bbox 2595 743 2712 808; x_wconf 88' lang='lat' dir='ltr'><strong>Dei,</strong></span> <span class='ocrx_word' id='word_1_155' title='bbox 2739 738 2841 800; x_wconf 77' lang='lat' dir='ltr'><strong>tuis</strong></span> <span class='ocrx_word' id='word_1_156' title='bbox 2864 744 3096 812; x_wconf 74' lang='lat' dir='ltr'><strong>vestigiis</strong></span> <span class='ocrx_word' id='word_1_157' title='bbox 3118 744 3399 800; x_wconf 87' lang='lat' dir='ltr'><strong>ambulare</strong></span> <span class='ocrx_word' id='word_1_158' title='bbox 3412 753 3536 813; x_wconf 87' lang='lat' dir='ltr'><strong>post</strong></span> 
     </span>
    </p>
   </div>
   <div class='ocr_carea' id='block_1_23' title="bbox 1954 828 3532 905">
    <p class='ocr_par' dir='ltr' id='par_1_23' title="bbox 1954 828 3532 905">
     <span class='ocr_line' id='line_1_23' title="bbox 1954 828 3532 905; baseline 0.003 -22"><span class='ocrx_word' id='word_1_159' title='bbox 1954 828 2246 897; x_wconf 86' lang='lat' dir='ltr'><strong>Christum,</strong></span> <span class='ocrx_word' id='word_1_160' title='bbox 2280 840 2335 887; x_wconf 89' lang='lat' dir='ltr'><strong>et</strong></span> <span class='ocrx_word' id='word_1_161' title='bbox 2364 834 2436 905; x_wconf 73' lang='lat' dir='ltr'><strong>(li;</strong></span> <span class='ocrx_word' id='word_1_162' title='bbox 2473 842 2646 889; x_wconf 89' lang='lat' dir='ltr'><strong>morte</strong></span> <span class='ocrx_word' id='word_1_163' title='bbox 2676 835 2776 889; x_wconf 86' lang='lat' dir='ltr'><strong>ista</strong></span> <span class='ocrx_word' id='word_1_164' title='bbox 2805 834 3111 901; x_wconf 76' lang='lat' dir='ltr'><strong>evangelica</strong></span> <span class='ocrx_word' id='word_1_165' title='bbox 3140 835 3289 904; x_wconf 86' lang='lat' dir='ltr'><strong>prius</strong></span> <span class='ocrx_word' id='word_1_166' title='bbox 3339 835 3532 896; x_wconf 86' lang='lat' dir='ltr'><strong>emori.</strong></span> 
     </span>
    </p>
   </div>
   <div class='ocr_carea' id='block_1_24' title="bbox 1954 921 3536 994">
    <p class='ocr_par' dir='ltr' id='par_1_24' title="bbox 1954 921 3536 994">
     <span class='ocr_line' id='line_1_24' title="bbox 1954 921 3536 994; baseline 0.003 -21"><span class='ocrx_word' id='word_1_167' title='bbox 1954 933 2059 987; x_wconf 89' lang='lat' dir='ltr'><strong>qua</strong></span> <span class='ocrx_word' id='word_1_168' title='bbox 2112 921 2383 976; x_wconf 85' lang='lat' dir='ltr'><strong>carnalem</strong></span> <span class='ocrx_word' id='word_1_169' title='bbox 2440 922 2825 987; x_wconf 85' lang='lat' dir='ltr'><strong>resolutionem</strong></span> <span class='ocrx_word' id='word_1_170' title='bbox 2852 924 3150 979; x_wconf 79' lang='lat' dir='ltr'><strong>voluntario</strong></span> <span class='ocrx_word' id='word_1_171' title='bbox 3180 924 3536 994; x_wconf 73' lang='lat' dir='ltr'><strong>przcvenintus</strong></span> 
     </span>
    </p>
   </div>
   <div class='ocr_carea' id='block_1_25' title="bbox 1955 1013 3537 1079">
    <p class='ocr_par' dir='ltr' id='par_1_25' title="bbox 1955 1013 3537 1079">
     <span class='ocr_line' id='line_1_25' title="bbox 1955 1013 3537 1079; baseline 0.004 -16"><span class='ocrx_word' id='word_1_172' title='bbox 1955 1025 2181 1067; x_wconf 80' lang='lat' dir='ltr'><strong>excessu</strong></span> <span class='ocrx_word' id='word_1_173' title='bbox 2209 1031 2222 1065; x_wconf 91' lang='lat'>:</span> <span class='ocrx_word' id='word_1_174' title='bbox 2256 1030 2363 1068; x_wconf 89' lang='lat' dir='ltr'><strong>non</strong></span> <span class='ocrx_word' id='word_1_175' title='bbox 2394 1013 2563 1079; x_wconf 86' lang='lat' dir='ltr'><strong>obitu,</strong></span> <span class='ocrx_word' id='word_1_176' title='bbox 2597 1015 2690 1070; x_wconf 89' lang='lat' dir='ltr'><strong>sed</strong></span> <span class='ocrx_word' id='word_1_177' title='bbox 2717 1016 2981 1071; x_wconf 78' lang='lat' dir='ltr'><strong>sententia</strong></span> <span class='ocrx_word' id='word_1_178' title='bbox 3003 1016 3321 1073; x_wconf 78' lang='lat' dir='ltr'><strong>recedentes</strong></span> <span class='ocrx_word' id='word_1_179' title='bbox 3346 1018 3413 1071; x_wconf 84' lang='lat' dir='ltr'><strong>ab</strong></span> <span class='ocrx_word' id='word_1_180' title='bbox 3434 1016 3537 1071; x_wconf 87' lang='lat' dir='ltr'><strong>hu-</strong></span> 
     </span>
    </p>
   </div>
   <div class='ocr_carea' id='block_1_26' title="bbox 1951 1099 3537 1176">
    <p class='ocr_par' dir='ltr' id='par_1_26' title="bbox 1951 1099 3537 1176">
     <span class='ocr_line' id='line_1_26' title="bbox 1951 1099 3537 1176; baseline 0.003 -21"><span class='ocrx_word' id='word_1_181' title='bbox 1951 1099 2043 1170; x_wconf 86' lang='lat' dir='ltr'><strong>jus</strong></span> <span class='ocrx_word' id='word_1_182' title='bbox 2090 1102 2257 1159; x_wconf 90' lang='lat' dir='ltr'><strong>scculi</strong></span> <span class='ocrx_word' id='word_1_183' title='bbox 2289 1105 2417 1172; x_wconf 82' lang='lat' dir='ltr'><strong>vita,</strong></span> <span class='ocrx_word' id='word_1_184' title='bbox 2446 1122 2564 1176; x_wconf 81' lang='lat' dir='ltr'><strong>quae</strong></span> <span class='ocrx_word' id='word_1_185' title='bbox 2609 1115 2721 1161; x_wconf 89' lang='lat' dir='ltr'><strong>tota</strong></span> <span class='ocrx_word' id='word_1_186' title='bbox 2755 1106 3107 1163; x_wconf 84' lang='lat' dir='ltr'><strong>tentationum</strong></span> <span class='ocrx_word' id='word_1_187' title='bbox 3128 1106 3309 1176; x_wconf 89' lang='lat' dir='ltr'><strong>plena,</strong></span> <span class='ocrx_word' id='word_1_188' title='bbox 3341 1106 3444 1172; x_wconf 84' lang='lat' dir='ltr'><strong>vel,</strong></span> <span class='ocrx_word' id='word_1_189' title='bbox 3478 1115 3537 1160; x_wconf 87' lang='lat' dir='ltr'><strong>ut</strong></span> 
     </span>
    </p>
   </div>
   <div class='ocr_carea' id='block_1_27' title="bbox 1959 1191 3537 1267">
    <p class='ocr_par' dir='ltr' id='par_1_27' title="bbox 1959 1191 3537 1267">
     <span class='ocr_line' id='line_1_27' title="bbox 1959 1191 3537 1267; baseline 0.004 -22"><span class='ocrx_word' id='word_1_190' title='bbox 1959 1199 2015 1245; x_wconf 90' lang='lat' dir='ltr'><strong>tu</strong></span> <span class='ocrx_word' id='word_1_191' title='bbox 2044 1191 2327 1262; x_wconf 89' lang='lat' dir='ltr'><strong>aliquando</strong></span> <span class='ocrx_word' id='word_1_192' title='bbox 2357 1195 2424 1249; x_wconf 91' lang='lat' dir='ltr'><strong>ad</strong></span> <span class='ocrx_word' id='word_1_193' title='bbox 2453 1212 2538 1251; x_wconf 85' lang='lat' dir='ltr'><strong>me</strong></span> <span class='ocrx_word' id='word_1_194' title='bbox 2566 1196 2774 1251; x_wconf 90' lang='lat' dir='ltr'><strong>locutus</strong></span> <span class='ocrx_word' id='word_1_195' title='bbox 2796 1212 2877 1267; x_wconf 89' lang='lat' dir='ltr'><strong>es,</strong></span> <span class='ocrx_word' id='word_1_196' title='bbox 2909 1205 3020 1255; x_wconf 83' lang='lat' dir='ltr'><strong>tota</strong></span> <span class='ocrx_word' id='word_1_197' title='bbox 3053 1197 3278 1253; x_wconf 86' lang='lat' dir='ltr'><strong>tentatio</strong></span> <span class='ocrx_word' id='word_1_198' title='bbox 3306 1205 3407 1252; x_wconf 88' lang='lat' dir='ltr'><strong>est.</strong></span> <span class='ocrx_word' id='word_1_199' title='bbox 3428 1194 3537 1251; x_wconf 84' lang='lat' dir='ltr'><strong>Uti-</strong></span> 
     </span>
    </p>
   </div>
   <div class='ocr_carea' id='block_1_28' title="bbox 1957 1285 3535 1359">
    <p class='ocr_par' dir='ltr' id='par_1_28' title="bbox 1957 1285 3535 1359">
     <span class='ocr_line' id='line_1_28' title="bbox 1957 1285 3535 1359; baseline 0.003 -23"><span class='ocrx_word' id='word_1_200' title='bbox 1957 1298 2082 1338; x_wconf 88' lang='lat' dir='ltr'><strong>nam</strong></span> <span class='ocrx_word' id='word_1_201' title='bbox 2110 1299 2238 1354; x_wconf 88' lang='lat' dir='ltr'><strong>ergo</strong></span> <span class='ocrx_word' id='word_1_202' title='bbox 2266 1285 2344 1342; x_wconf 86' lang='lat' dir='ltr'><strong>sic</strong></span> <span class='ocrx_word' id='word_1_203' title='bbox 2371 1286 2665 1355; x_wconf 87' lang='lat' dir='ltr'><strong>dirigantur</strong></span> <span class='ocrx_word' id='word_1_204' title='bbox 2695 1288 2791 1343; x_wconf 71' lang='lat' dir='ltr'><strong>via:</strong></span> <span class='ocrx_word' id='word_1_205' title='bbox 2819 1303 2952 1343; x_wconf 68' lang='lat' dir='ltr'><strong>meae</strong></span> <span class='ocrx_word' id='word_1_206' title='bbox 2996 1297 3117 1359; x_wconf 90' lang='lat' dir='ltr'><strong>post</strong></span> <span class='ocrx_word' id='word_1_207' title='bbox 3163 1288 3384 1357; x_wconf 83' lang='lat' dir='ltr'><strong>vestigia</strong></span> <span class='ocrx_word' id='word_1_208' title='bbox 3422 1295 3535 1352; x_wconf 87' lang='lat' dir='ltr'><strong>tua,</strong></span> 
     </span>
    </p>
   </div>
   <div class='ocr_carea' id='block_1_29' title="bbox 1959 1377 3537 1449">
    <p class='ocr_par' dir='ltr' id='par_1_29' title="bbox 1959 1377 3537 1449">
     <span class='ocr_line' id='line_1_29' title="bbox 1959 1377 3537 1449; baseline 0.002 -20"><span class='ocrx_word' id='word_1_209' title='bbox 1959 1383 2018 1430; x_wconf 89' lang='lat' dir='ltr'><strong>ut</strong></span> <span class='ocrx_word' id='word_1_210' title='bbox 2038 1377 2285 1447; x_wconf 81' lang='lat' dir='ltr'><strong>exemplo</strong></span> <span class='ocrx_word' id='word_1_211' title='bbox 2314 1386 2406 1433; x_wconf 92' lang='lat' dir='ltr'><strong>tuo</strong></span> <span class='ocrx_word' id='word_1_212' title='bbox 2426 1378 2640 1435; x_wconf 89' lang='lat' dir='ltr'><strong>solvens</strong></span> <span class='ocrx_word' id='word_1_213' title='bbox 2660 1379 3084 1436; x_wconf 88' lang='lat' dir='ltr'><strong>calceameutum</strong></span> <span class='ocrx_word' id='word_1_214' title='bbox 3113 1388 3267 1435; x_wconf 87' lang='lat' dir='ltr'><strong>vetus</strong></span> <span class='ocrx_word' id='word_1_215' title='bbox 3289 1379 3357 1434; x_wconf 90' lang='lat' dir='ltr'><strong>de</strong></span> <span class='ocrx_word' id='word_1_216' title='bbox 3383 1378 3537 1449; x_wconf 87' lang='lat' dir='ltr'><strong>pedi-</strong></span> 
     </span>
    </p>
   </div>
   <div class='ocr_carea' id='block_1_30' title="bbox 1958 1464 3537 1545">
    <p class='ocr_par' dir='ltr' id='par_1_30' title="bbox 1958 1464 3537 1545">
     <span class='ocr_line' id='line_1_30' title="bbox 1958 1464 3537 1545; baseline 0.003 -26"><span class='ocrx_word' id='word_1_217' title='bbox 1958 1464 2057 1545; x_wconf 80' lang='lat' dir='ltr'><strong>bus</strong></span> <span class='ocrx_word' id='word_1_218' title='bbox 2084 1466 2105 1498; x_wconf 84' lang='grc'>⁸</span> <span class='ocrx_word' id='word_1_219' title='bbox 2128 1467 2278 1533; x_wconf 86' lang='lat' dir='ltr'><strong>meis,</strong></span> <span class='ocrx_word' id='word_1_220' title='bbox 2306 1468 2632 1540; x_wconf 78' lang='lat' dir='ltr'><strong>disrumpam</strong></span> <span class='ocrx_word' id='word_1_221' title='bbox 2667 1471 2875 1526; x_wconf 87' lang='lat' dir='ltr'><strong>vincula</strong></span> <span class='ocrx_word' id='word_1_222' title='bbox 2904 1486 3045 1535; x_wconf 90' lang='lat' dir='ltr'><strong>mea,</strong></span> <span class='ocrx_word' id='word_1_223' title='bbox 3076 1479 3131 1525; x_wconf 90' lang='lat' dir='ltr'><strong>et</strong></span> <span class='ocrx_word' id='word_1_224' title='bbox 3167 1472 3301 1526; x_wconf 85' lang='lat' dir='ltr'><strong>liber</strong></span> <span class='ocrx_word' id='word_1_225' title='bbox 3354 1468 3537 1543; x_wconf 66' lang='lat' dir='ltr'><strong>exsul-</strong></span> 
     </span>
    </p>
   </div>
   <div class='ocr_carea' id='block_1_31' title="bbox 1959 1557 3537 1631">
    <p class='ocr_par' dir='ltr' id='par_1_31' title="bbox 1959 1557 3537 1631">
     <span class='ocr_line' id='line_1_31' title="bbox 1959 1557 3537 1631; baseline 0.002 -20"><span class='ocrx_word' id='word_1_226' title='bbox 1959 1564 2068 1611; x_wconf 88' lang='lat' dir='ltr'><strong>tem</strong></span> <span class='ocrx_word' id='word_1_227' title='bbox 2089 1557 2155 1611; x_wconf 88' lang='lat' dir='ltr'><strong>ad</strong></span> <span class='ocrx_word' id='word_1_228' title='bbox 2178 1558 2491 1614; x_wconf 87' lang='lat' dir='ltr'><strong>currendam</strong></span> <span class='ocrx_word' id='word_1_229' title='bbox 2516 1560 2684 1627; x_wconf 88' lang='lat' dir='ltr'><strong>viam;</strong></span> <span class='ocrx_word' id='word_1_230' title='bbox 2710 1575 2819 1631; x_wconf 82' lang='lat' dir='ltr'><strong>quo</strong></span> <span class='ocrx_word' id='word_1_231' title='bbox 2849 1561 3048 1630; x_wconf 82' lang='lat' dir='ltr'><strong>possim</strong></span> <span class='ocrx_word' id='word_1_232' title='bbox 3069 1560 3281 1631; x_wconf 84' lang='lat' dir='ltr'><strong>assequi</strong></span> <span class='ocrx_word' id='word_1_233' title='bbox 3305 1569 3537 1615; x_wconf 84' lang='lat' dir='ltr'><strong>mortem</strong></span> 
     </span>
    </p>
   </div>
   <div class='ocr_carea' id='block_1_32' title="bbox 1960 1646 3538 1719">
    <p class='ocr_par' dir='ltr' id='par_1_32' title="bbox 1960 1646 3538 1719">
     <span class='ocr_line' id='line_1_32' title="bbox 1960 1646 3538 1719; baseline 0.003 -19"><span class='ocrx_word' id='word_1_234' title='bbox 1960 1646 2139 1711; x_wconf 88' lang='lat' dir='ltr'><strong>istam,</strong></span> <span class='ocrx_word' id='word_1_235' title='bbox 2168 1664 2273 1719; x_wconf 88' lang='lat' dir='ltr'><strong>qua</strong></span> <span class='ocrx_word' id='word_1_236' title='bbox 2304 1656 2361 1703; x_wconf 90' lang='lat' dir='ltr'><strong>tu</strong></span> <span class='ocrx_word' id='word_1_237' title='bbox 2389 1658 2632 1704; x_wconf 89' lang='lat' dir='ltr'><strong>mortuus</strong></span> <span class='ocrx_word' id='word_1_238' title='bbox 2659 1665 2719 1705; x_wconf 86' lang='lat' dir='ltr'><strong>es</strong></span> <span class='ocrx_word' id='word_1_239' title='bbox 2766 1650 2890 1706; x_wconf 87' lang='lat' dir='ltr'><strong>huic</strong></span> <span class='ocrx_word' id='word_1_240' title='bbox 2933 1650 3136 1718; x_wconf 87' lang='lat' dir='ltr'><strong>seculo,</strong></span> <span class='ocrx_word' id='word_1_241' title='bbox 3167 1659 3225 1706; x_wconf 92' lang='lat' dir='ltr'><strong>ut</strong></span> <span class='ocrx_word' id='word_1_242' title='bbox 3251 1651 3401 1707; x_wconf 83' lang='lat' dir='ltr'><strong>vivas</strong></span> <span class='ocrx_word' id='word_1_243' title='bbox 3426 1650 3538 1706; x_wconf 87' lang='lat' dir='ltr'><strong>Deo</strong></span> 
     </span>
    </p>
   </div>
   <div class='ocr_carea' id='block_1_33' title="bbox 267 1736 1861 1823">
    <p class='ocr_par' dir='ltr' id='par_1_33' title="bbox 267 1748 1855 1823">
     <span class='ocr_line' id='line_1_33' title="bbox 267 1748 1855 1823; baseline -0.004 -15"><span class='ocrx_word' id='word_1_244' title='bbox 267 1754 448 1823; x_wconf 87' lang='lat' dir='ltr'><strong>quiem</strong></span> <span class='ocrx_word' id='word_1_245' title='bbox 461 1752 695 1815; x_wconf 85' lang='lat' dir='ltr'><strong>Domini,</strong></span> <span class='ocrx_word' id='word_1_246' title='bbox 719 1749 972 1815; x_wconf 81' lang='lat' dir='ltr'><strong>Quoniam</strong></span> <span class='ocrx_word' id='word_1_247' title='bbox 987 1756 1105 1803; x_wconf 87' lang='lat' dir='ltr'><strong>sunt</strong></span> <span class='ocrx_word' id='word_1_248' title='bbox 1119 1748 1347 1820; x_wconf 65' lang='lat' dir='ltr'><strong>reliquit:</strong></span> <span class='ocrx_word' id='word_1_249' title='bbox 1364 1748 1556 1803; x_wconf 81' lang='lat' dir='ltr'><strong>homini</strong></span> <span class='ocrx_word' id='word_1_250' title='bbox 1569 1749 1785 1819; x_wconf 73' lang='lat' dir='ltr'><strong>paciﬁca</strong></span> <span class='ocrx_word' id='word_1_251' title='bbox 1808 1766 1813 1775; x_wconf 67' lang='lat'><strong>&#39;</strong></span> <span class='ocrx_word' id='word_1_252' title='bbox 1839 1787 1855 1813; x_wconf 88' lang='lat'><strong>,</strong></span> 
     </span>
    </p>
   </div>
   <div class='ocr_carea' id='block_1_34' title="bbox 1965 1736 3539 1823">
    <p class='ocr_par' dir='ltr' id='par_1_34' title="bbox 1965 1736 3539 1809">
     <span class='ocr_line' id='line_1_34' title="bbox 1965 1736 3539 1809; baseline 0.001 -17"><span class='ocrx_word' id='word_1_253' title='bbox 1965 1738 2014 1791; x_wconf 89' lang='lat' dir='ltr'><strong>in</strong></span> <span class='ocrx_word' id='word_1_254' title='bbox 2043 1736 2257 1794; x_wconf 88' lang='lat' dir='ltr'><strong>Christo</strong></span> <span class='ocrx_word' id='word_1_255' title='bbox 2278 1739 2490 1794; x_wconf 85' lang='lat' dir='ltr'><strong>vivente</strong></span> <span class='ocrx_word' id='word_1_256' title='bbox 2512 1740 2562 1794; x_wconf 88' lang='lat' dir='ltr'><strong>in</strong></span> <span class='ocrx_word' id='word_1_257' title='bbox 2590 1748 2663 1806; x_wconf 92' lang='lat' dir='ltr'><strong>te,</strong></span> <span class='ocrx_word' id='word_1_258' title='bbox 2686 1739 2839 1809; x_wconf 88' lang='lat' dir='ltr'><strong>cujus</strong></span> <span class='ocrx_word' id='word_1_259' title='bbox 2858 1747 2914 1795; x_wconf 90' lang='lat' dir='ltr'><strong>et</strong></span> <span class='ocrx_word' id='word_1_260' title='bbox 2936 1756 3083 1796; x_wconf 86' lang='lat' dir='ltr'><strong>mors</strong></span> <span class='ocrx_word' id='word_1_261' title='bbox 3110 1748 3165 1796; x_wconf 91' lang='lat' dir='ltr'><strong>et</strong></span> <span class='ocrx_word' id='word_1_262' title='bbox 3192 1740 3295 1794; x_wconf 73' lang='lat' dir='ltr'><strong>vita</strong></span> <span class='ocrx_word' id='word_1_263' title='bbox 3332 1740 3387 1795; x_wconf 90' lang='lat' dir='ltr'><strong>in</strong></span> <span class='ocrx_word' id='word_1_264' title='bbox 3414 1754 3539 1795; x_wconf 88' lang='lat' dir='ltr'><strong>cor-</strong></span> 
     </span>
    </p>
   </div>
   <div class='ocr_carea' id='block_1_35' title="bbox 267 1837 1859 1912">
    <p class='ocr_par' dir='ltr' id='par_1_35' title="bbox 267 1837 1859 1912">
     <span class='ocr_line' id='line_1_35' title="bbox 267 1837 1859 1912; baseline -0.003 -15"><span class='ocrx_word' id='word_1_265' title='bbox 267 1852 321 1897; x_wconf 79' lang='lat' dir='ltr'><strong>et</strong></span> <span class='ocrx_word' id='word_1_266' title='bbox 342 1844 600 1897; x_wconf 75' lang='lat' dir='ltr'><strong>mansueti</strong></span> <span class='ocrx_word' id='word_1_267' title='bbox 628 1840 958 1912; x_wconf 83' lang='lat' dir='ltr'><strong>possidebunt</strong></span> <span class='ocrx_word' id='word_1_268' title='bbox 985 1846 1177 1893; x_wconf 82' lang='lat' dir='ltr'><strong>terram</strong></span> <span class='ocrx_word' id='word_1_269' title='bbox 1211 1849 1255 1905; x_wconf 70' lang='grc' dir='ltr'><strong>ο,</strong></span> <span class='ocrx_word' id='word_1_270' title='bbox 1282 1840 1539 1909; x_wconf 72' lang='lat' dir='ltr'><strong>plorantes</strong></span> <span class='ocrx_word' id='word_1_271' title='bbox 1567 1837 1675 1894; x_wconf 84' lang='lat' dir='ltr'><strong>Dea</strong></span> <span class='ocrx_word' id='word_1_272' title='bbox 1703 1840 1755 1894; x_wconf 77' lang='lat' dir='ltr'><strong>in</strong></span> <span class='ocrx_word' id='word_1_273' title='bbox 1779 1856 1859 1893; x_wconf 85' lang='lat' dir='ltr'><strong>re-</strong></span> 
     </span>
    </p>
   </div>
   <div class='ocr_carea' id='block_1_36' title="bbox 266 1927 1861 2006">
    <p class='ocr_par' dir='ltr' id='par_1_36' title="bbox 266 1927 1861 2006">
     <span class='ocr_line' id='line_1_36' title="bbox 266 1927 1861 2006; baseline -0.003 -20"><span class='ocrx_word' id='word_1_274' title='bbox 266 1934 419 2006; x_wconf 76' lang='lat' dir='ltr'><strong>gione</strong></span> <span class='ocrx_word' id='word_1_275' title='bbox 438 1934 663 1988; x_wconf 81' lang='lat' dir='ltr'><strong>virorum</strong></span> <span class='ocrx_word' id='word_1_276' title='bbox 680 1928 732 1986; x_wconf 71' lang='grc' dir='ltr'><strong>ά.</strong></span> <span class='ocrx_word' id='word_1_277' title='bbox 750 1930 884 1985; x_wconf 81' lang='lat' dir='ltr'><strong>Nam</strong></span> <span class='ocrx_word' id='word_1_278' title='bbox 906 1935 1051 1987; x_wconf 91' lang='lat' dir='ltr'><strong>certe</strong></span> <span class='ocrx_word' id='word_1_279' title='bbox 1066 1935 1121 1983; x_wconf 89' lang='lat' dir='ltr'><strong>et</strong></span> <span class='ocrx_word' id='word_1_280' title='bbox 1142 1927 1272 1983; x_wconf 83' lang='lat' dir='ltr'><strong>illud</strong></span> <span class='ocrx_word' id='word_1_281' title='bbox 1295 1928 1536 1998; x_wconf 81' lang='lat' dir='ltr'><strong>Apostoli</strong></span> <span class='ocrx_word' id='word_1_282' title='bbox 1562 1943 1670 1983; x_wconf 91' lang='lat' dir='ltr'><strong>non</strong></span> <span class='ocrx_word' id='word_1_283' title='bbox 1688 1928 1861 1983; x_wconf 86' lang='lat' dir='ltr'><strong>solum</strong></span> 
     </span>
    </p>
   </div>
   <div class='ocr_carea' id='block_1_37' title="bbox 268 2017 1861 2093">
    <p class='ocr_par' dir='ltr' id='par_1_37' title="bbox 268 2017 1861 2093">
     <span class='ocr_line' id='line_1_37' title="bbox 268 2017 1861 2093; baseline -0.001 -18"><span class='ocrx_word' id='word_1_284' title='bbox 268 2023 432 2077; x_wconf 83' lang='lat' dir='ltr'><strong>tacito</strong></span> <span class='ocrx_word' id='word_1_285' title='bbox 464 2022 661 2076; x_wconf 86' lang='lat' dir='ltr'><strong>mentis</strong></span> <span class='ocrx_word' id='word_1_286' title='bbox 705 2018 919 2083; x_wconf 84' lang='lat' dir='ltr'><strong>affectu,</strong></span> <span class='ocrx_word' id='word_1_287' title='bbox 951 2017 1045 2073; x_wconf 88' lang='lat' dir='ltr'><strong>sed</strong></span> <span class='ocrx_word' id='word_1_288' title='bbox 1067 2025 1121 2073; x_wconf 88' lang='lat' dir='ltr'><strong>et</strong></span> <span class='ocrx_word' id='word_1_289' title='bbox 1144 2018 1449 2088; x_wconf 87' lang='lat' dir='ltr'><strong>conspicuis</strong></span> <span class='ocrx_word' id='word_1_290' title='bbox 1469 2018 1545 2088; x_wconf 73' lang='grc' dir='ltr'><strong>(ὁ)</strong></span> <span class='ocrx_word' id='word_1_291' title='bbox 1579 2018 1861 2093; x_wconf 85' lang='lat' dir='ltr'><strong>religiosus</strong></span> 
     </span>
    </p>
   </div>
   <div class='ocr_carea' id='block_1_38' title="bbox 268 2095 1860 2181">
    <p class='ocr_par' dir='ltr' id='par_1_38' title="bbox 268 2095 1860 2181">
     <span class='ocr_line' id='line_1_38' title="bbox 268 2095 1860 2181; baseline -0.001 -15"><span class='ocrx_word' id='word_1_292' title='bbox 268 2111 511 2181; x_wconf 82' lang='lat' dir='ltr'><strong>implevit</strong></span> <span class='ocrx_word' id='word_1_293' title='bbox 538 2110 749 2177; x_wconf 84' lang='lat' dir='ltr'><strong>oiliciis,</strong></span> <span class='ocrx_word' id='word_1_294' title='bbox 782 2116 840 2164; x_wconf 92' lang='lat' dir='ltr'><strong>ut</strong></span> <span class='ocrx_word' id='word_1_295' title='bbox 859 2125 981 2165; x_wconf 90' lang='lat' dir='ltr'><strong>cum</strong></span> <span class='ocrx_word' id='word_1_296' title='bbox 1007 2116 1149 2164; x_wconf 89' lang='lat' dir='ltr'><strong>esset</strong></span> <span class='ocrx_word' id='word_1_297' title='bbox 1170 2109 1401 2164; x_wconf 90' lang='lat' dir='ltr'><strong>altorum</strong></span> <span class='ocrx_word' id='word_1_298' title='bbox 1430 2095 1591 2179; x_wconf 84' lang='lat' dir='ltr'><strong>hujus</strong></span> <span class='ocrx_word' id='word_1_299' title='bbox 1618 2110 1783 2166; x_wconf 89' lang='lat' dir='ltr'><strong>seculi</strong></span> <span class='ocrx_word' id='word_1_300' title='bbox 1810 2112 1860 2165; x_wconf 90' lang='lat' dir='ltr'><strong>in</strong></span> 
     </span>
    </p>
   </div>
   <div class='ocr_carea' id='block_1_39' title="bbox 268 2199 1860 2273">
    <p class='ocr_par' dir='ltr' id='par_1_39' title="bbox 268 2199 1860 2273">
     <span class='ocr_line' id='line_1_39' title="bbox 268 2199 1860 2273; baseline -0.001 -17"><span class='ocrx_word' id='word_1_301' title='bbox 268 2201 458 2256; x_wconf 86' lang='lat' dir='ltr'><strong>ordine</strong></span> <span class='ocrx_word' id='word_1_302' title='bbox 475 2209 530 2257; x_wconf 89' lang='lat' dir='ltr'><strong>et</strong></span> <span class='ocrx_word' id='word_1_303' title='bbox 544 2202 752 2258; x_wconf 90' lang='lat' dir='ltr'><strong>honore</strong></span> <span class='ocrx_word' id='word_1_304' title='bbox 772 2200 1111 2268; x_wconf 89' lang='lat' dir='ltr'><strong>collega,non</strong></span> <span class='ocrx_word' id='word_1_305' title='bbox 1134 2208 1311 2255; x_wconf 89' lang='lat' dir='ltr'><strong>tamen</strong></span> <span class='ocrx_word' id='word_1_306' title='bbox 1335 2209 1392 2255; x_wconf 86' lang='lat' dir='ltr'><strong>ut</strong></span> <span class='ocrx_word' id='word_1_307' title='bbox 1405 2199 1668 2269; x_wconf 86' lang='lat' dir='ltr'><strong>gloriosus</strong></span> <span class='ocrx_word' id='word_1_308' title='bbox 1683 2210 1860 2273; x_wconf 65' lang='lat' dir='ltr'><strong>terrm,</strong></span> 
     </span>
    </p>
   </div>
   <div class='ocr_carea' id='block_1_40' title="bbox 271 2286 1864 2361">
    <p class='ocr_par' dir='ltr' id='par_1_40' title="bbox 271 2286 1864 2361">
     <span class='ocr_line' id='line_1_40' title="bbox 271 2286 1864 2361; baseline 0.001 -17"><span class='ocrx_word' id='word_1_309' title='bbox 271 2290 378 2345; x_wconf 79' lang='lat' dir='ltr'><strong>alta</strong></span> <span class='ocrx_word' id='word_1_310' title='bbox 398 2298 674 2361; x_wconf 62' lang='lat' dir='ltr'><strong>saperete,</strong></span> <span class='ocrx_word' id='word_1_311' title='bbox 697 2289 789 2345; x_wconf 89' lang='lat' dir='ltr'><strong>sed</strong></span> <span class='ocrx_word' id='word_1_312' title='bbox 802 2288 1067 2345; x_wconf 89' lang='lat' dir='ltr'><strong>uthristi</strong></span> <span class='ocrx_word' id='word_1_313' title='bbox 1095 2286 1363 2359; x_wconf 88' lang='lat' dir='ltr'><strong>perfectus</strong></span> <span class='ocrx_word' id='word_1_314' title='bbox 1384 2290 1624 2345; x_wconf 89' lang='lat' dir='ltr'><strong>imitator</strong></span> <span class='ocrx_word' id='word_1_315' title='bbox 1656 2290 1864 2345; x_wconf 86' lang='lat' dir='ltr'><strong>humili-</strong></span> 
     </span>
    </p>
   </div>
   <div class='ocr_carea' id='block_1_41' title="bbox 270 2378 1865 2443">
    <p class='ocr_par' dir='ltr' id='par_1_41' title="bbox 270 2378 1865 2443">
     <span class='ocr_line' id='line_1_41' title="bbox 270 2378 1865 2443; baseline 0.001 -8"><span class='ocrx_word' id='word_1_316' title='bbox 270 2380 373 2435; x_wconf 82' lang='lat' dir='ltr'><strong>bus</strong></span> <span class='ocrx_word' id='word_1_317' title='bbox 400 2380 749 2443; x_wconf 88' lang='lat' dir='ltr'><strong>consentiret,</strong></span> <span class='ocrx_word' id='word_1_318' title='bbox 782 2387 837 2434; x_wconf 92' lang='lat' dir='ltr'><strong>et</strong></span> <span class='ocrx_word' id='word_1_319' title='bbox 862 2386 978 2433; x_wconf 88' lang='lat' dir='ltr'><strong>tota</strong></span> <span class='ocrx_word' id='word_1_320' title='bbox 1003 2378 1270 2434; x_wconf 90' lang='lat' dir='ltr'><strong>etiamdie</strong></span> <span class='ocrx_word' id='word_1_321' title='bbox 1298 2380 1537 2435; x_wconf 90' lang='lat' dir='ltr'><strong>misereri</strong></span> <span class='ocrx_word' id='word_1_322' title='bbox 1556 2389 1609 2436; x_wconf 91' lang='lat' dir='ltr'><strong>et</strong></span> <span class='ocrx_word' id='word_1_323' title='bbox 1631 2396 1865 2436; x_wconf 90' lang='lat' dir='ltr'><strong>commo-</strong></span> 
     </span>
    </p>
   </div>
   <div class='ocr_carea' id='block_1_42' title="bbox 269 2466 1861 2542">
    <p class='ocr_par' dir='ltr' id='par_1_42' title="bbox 269 2466 1861 2542">
     <span class='ocr_line' id='line_1_42' title="bbox 269 2466 1861 2542; baseline 0.001 -20"><span class='ocrx_word' id='word_1_324' title='bbox 269 2469 401 2523; x_wconf 85' lang='lat' dir='ltr'><strong>dare</strong></span> <span class='ocrx_word' id='word_1_325' title='bbox 431 2468 746 2538; x_wconf 87' lang='lat' dir='ltr'><strong>persisteret</strong></span> <span class='ocrx_word' id='word_1_326' title='bbox 766 2466 977 2523; x_wconf 56' lang='lat' dir='ltr'><strong>LUnde</strong></span> <span class='ocrx_word' id='word_1_327' title='bbox 1002 2477 1056 2523; x_wconf 85' lang='lat' dir='ltr'><strong>et</strong></span> <span class='ocrx_word' id='word_1_328' title='bbox 1075 2485 1245 2523; x_wconf 78' lang='lat' dir='ltr'><strong>semen</strong></span> <span class='ocrx_word' id='word_1_329' title='bbox 1280 2469 1442 2541; x_wconf 72' lang='lat'><strong>266</strong></span> <span class='ocrx_word' id='word_1_330' title='bbox 1469 2469 1580 2540; x_wconf 81' lang='lat' dir='ltr'><strong>ejus</strong></span> <span class='ocrx_word' id='word_1_331' title='bbox 1602 2478 1782 2542; x_wconf 78' lang='lat' dir='ltr'><strong>potens</strong></span> <span class='ocrx_word' id='word_1_332' title='bbox 1810 2473 1861 2524; x_wconf 86' lang='lat' dir='ltr'><strong>in</strong></span> 
     </span>
    </p>
   </div>
   <div class='ocr_carea' id='block_1_43' title="bbox 273 2560 1862 2633">
    <p class='ocr_par' dir='ltr' id='par_1_43' title="bbox 273 2560 1862 2633">
     <span class='ocr_line' id='line_1_43' title="bbox 273 2560 1862 2633; baseline 0.003 -19"><span class='ocrx_word' id='word_1_333' title='bbox 273 2570 414 2614; x_wconf 81' lang='lat' dir='ltr'><strong>terra</strong></span> <span class='ocrx_word' id='word_1_334' title='bbox 446 2570 472 2610; x_wconf 73' lang='grc' dir='ltr'><strong><em>ε</em></strong></span> <span class='ocrx_word' id='word_1_335' title='bbox 506 2560 704 2617; x_wconf 83' lang='lat' dir='ltr'><strong>factum</strong></span> <span class='ocrx_word' id='word_1_336' title='bbox 729 2571 835 2625; x_wconf 88' lang='lat' dir='ltr'><strong>est,</strong></span> <span class='ocrx_word' id='word_1_337' title='bbox 860 2561 999 2616; x_wconf 91' lang='lat' dir='ltr'><strong>inter</strong></span> <span class='ocrx_word' id='word_1_338' title='bbox 1027 2575 1123 2616; x_wconf 89' lang='lat' dir='ltr'><strong>eos</strong></span> <span class='ocrx_word' id='word_1_339' title='bbox 1143 2560 1234 2630; x_wconf 89' lang='lat' dir='ltr'><strong>qui</strong></span> <span class='ocrx_word' id='word_1_340' title='bbox 1264 2561 1337 2631; x_wconf 85' lang='lat' dir='ltr'><strong>(c)</strong></span> <span class='ocrx_word' id='word_1_341' title='bbox 1386 2561 1460 2615; x_wconf 85' lang='lat' dir='ltr'><strong>dii</strong></span> <span class='ocrx_word' id='word_1_342' title='bbox 1503 2563 1662 2633; x_wconf 78' lang='lat' dir='ltr'><strong>fortes</strong></span> <span class='ocrx_word' id='word_1_343' title='bbox 1709 2573 1862 2619; x_wconf 64' lang='lat' dir='ltr'><strong>terra</strong></span> 
     </span>
    </p>
   </div>
   <div class='ocr_carea' id='block_1_44' title="bbox 272 2648 1861 2707">
    <p class='ocr_par' dir='ltr' id='par_1_44' title="bbox 272 2648 1861 2707">
     <span class='ocr_line' id='line_1_44' title="bbox 272 2648 1861 2707; baseline 0.001 -2"><span class='ocrx_word' id='word_1_344' title='bbox 272 2651 491 2705; x_wconf 68' lang='lat' dir='ltr'><strong>nirnium</strong></span> <span class='ocrx_word' id='word_1_345' title='bbox 511 2652 695 2705; x_wconf 79' lang='lat' dir='ltr'><strong>elevati</strong></span> <span class='ocrx_word' id='word_1_346' title='bbox 721 2661 839 2706; x_wconf 78' lang='lat' dir='ltr'><strong>sunt</strong></span> <span class='ocrx_word' id='word_1_347' title='bbox 866 2648 895 2687; x_wconf 61' lang='grc' dir='ltr'>δ</span> <span class='ocrx_word' id='word_1_348' title='bbox 920 2669 933 2704; x_wconf 90' lang='lat'><strong>:</strong></span> <span class='ocrx_word' id='word_1_349' title='bbox 965 2658 1025 2706; x_wconf 90' lang='lat' dir='ltr'><strong>ut</strong></span> <span class='ocrx_word' id='word_1_350' title='bbox 1045 2651 1206 2707; x_wconf 90' lang='lat' dir='ltr'><strong>etiam</strong></span> <span class='ocrx_word' id='word_1_351' title='bbox 1228 2650 1294 2706; x_wconf 89' lang='lat' dir='ltr'><strong>de</strong></span> <span class='ocrx_word' id='word_1_352' title='bbox 1315 2651 1625 2707; x_wconf 74' lang='lat' dir='ltr'><strong>beatissima</strong></span> <span class='ocrx_word' id='word_1_353' title='bbox 1647 2650 1861 2707; x_wconf 75' lang='lat' dir='ltr'><strong>familia:</strong></span> 
     </span>
    </p>
   </div>
   <div class='ocr_carea' id='block_1_45' title="bbox 272 2740 1860 2811">
    <p class='ocr_par' dir='ltr' id='par_1_45' title="bbox 272 2740 1860 2811">
     <span class='ocr_line' id='line_1_45' title="bbox 272 2740 1860 2811; baseline 0.002 -16"><span class='ocrx_word' id='word_1_354' title='bbox 272 2756 345 2796; x_wconf 84' lang='lat' dir='ltr'><strong>ac</strong></span> <span class='ocrx_word' id='word_1_355' title='bbox 371 2741 564 2796; x_wconf 90' lang='lat' dir='ltr'><strong>domus</strong></span> <span class='ocrx_word' id='word_1_356' title='bbox 590 2741 709 2811; x_wconf 87' lang='lat' dir='ltr'><strong>ejus</strong></span> <span class='ocrx_word' id='word_1_357' title='bbox 737 2740 1044 2795; x_wconf 86' lang='lat' dir='ltr'><strong>visitatione</strong></span> <span class='ocrx_word' id='word_1_358' title='bbox 1073 2749 1316 2796; x_wconf 88' lang='lat' dir='ltr'><strong>sanctum</strong></span> <span class='ocrx_word' id='word_1_359' title='bbox 1349 2742 1581 2798; x_wconf 83' lang='lat' dir='ltr'><strong>hominis</strong></span> <span class='ocrx_word' id='word_1_360' title='bbox 1610 2744 1860 2798; x_wconf 90' lang='lat' dir='ltr'><strong>meritum</strong></span> 
     </span>
    </p>
   </div>
   <div class='ocr_carea' id='block_1_46' title="bbox 275 2830 1859 2901">
    <p class='ocr_par' dir='ltr' id='par_1_46' title="bbox 275 2830 1859 2901">
     <span class='ocr_line' id='line_1_46' title="bbox 275 2830 1859 2901; baseline 0.002 -16"><span class='ocrx_word' id='word_1_361' title='bbox 275 2831 572 2885; x_wconf 82' lang='lat' dir='ltr'><strong>reveletur.</strong></span> <span class='ocrx_word' id='word_1_362' title='bbox 624 2830 918 2899; x_wconf 79' lang='lat' dir='ltr'><strong>Generatio,</strong></span> <span class='ocrx_word' id='word_1_363' title='bbox 968 2831 1159 2901; x_wconf 87' lang='lat' dir='ltr'><strong>inquit,</strong></span> <span class='ocrx_word' id='word_1_364' title='bbox 1208 2841 1460 2887; x_wconf 84' lang='lat' dir='ltr'><strong>rectorum</strong></span> <span class='ocrx_word' id='word_1_365' title='bbox 1490 2832 1859 2889; x_wconf 82' lang='lat' dir='ltr'><strong>benedicetur:</strong></span> 
     </span>
    </p>
   </div>
   <div class='ocr_carea' id='block_1_47' title="bbox 282 2920 1861 2990">
    <p class='ocr_par' dir='ltr' id='par_1_47' title="bbox 282 2920 1861 2990">
     <span class='ocr_line' id='line_1_47' title="bbox 282 2920 1861 2990; baseline 0.006 -18"><span class='ocrx_word' id='word_1_366' title='bbox 282 2920 461 2990; x_wconf 77' lang='lat' dir='ltr'><strong>gloria</strong></span> <span class='ocrx_word' id='word_1_367' title='bbox 500 2936 607 2975; x_wconf 89' lang='lat' dir='ltr'><strong>non</strong></span> <span class='ocrx_word' id='word_1_368' title='bbox 638 2921 863 2989; x_wconf 85' lang='lat' dir='ltr'><strong>caduca;</strong></span> <span class='ocrx_word' id='word_1_369' title='bbox 891 2932 937 2977; x_wconf 83' lang='lat' dir='ltr'><strong>et</strong></span> <span class='ocrx_word' id='word_1_370' title='bbox 968 2923 1157 2977; x_wconf 75' lang='lat' dir='ltr'><strong>divitia:</strong></span> <span class='ocrx_word' id='word_1_371' title='bbox 1184 2938 1291 2978; x_wconf 89' lang='lat' dir='ltr'><strong>non</strong></span> <span class='ocrx_word' id='word_1_372' title='bbox 1321 2924 1560 2981; x_wconf 84' lang='lat' dir='ltr'><strong>labentes</strong></span> <span class='ocrx_word' id='word_1_373' title='bbox 1610 2925 1664 2980; x_wconf 87' lang='lat' dir='ltr'><strong>in</strong></span> <span class='ocrx_word' id='word_1_374' title='bbox 1711 2933 1861 2982; x_wconf 78' lang='lat' dir='ltr'><strong>domo</strong></span> 
     </span>
    </p>
   </div>
   <div class='ocr_carea' id='block_1_48' title="bbox 278 3012 1862 3085">
    <p class='ocr_par' dir='ltr' id='par_1_48' title="bbox 278 3012 1862 3085">
     <span class='ocr_line' id='line_1_48' title="bbox 278 3012 1862 3085; baseline 0.009 -22"><span class='ocrx_word' id='word_1_375' title='bbox 278 3012 434 3081; x_wconf 75' lang='lat' dir='ltr'><strong>ejus;</strong></span> <span class='ocrx_word' id='word_1_376' title='bbox 465 3012 543 3080; x_wconf 82' lang='grc' dir='ltr'><strong>(ά)</strong></span> <span class='ocrx_word' id='word_1_377' title='bbox 574 3013 737 3069; x_wconf 90' lang='lat' dir='ltr'><strong>domo</strong></span> <span class='ocrx_word' id='word_1_378' title='bbox 764 3029 879 3085; x_wconf 75' lang='lat' dir='ltr'><strong>qua:</strong></span> <span class='ocrx_word' id='word_1_379' title='bbox 898 3015 1184 3071; x_wconf 65' lang='lat' dir='ltr'><strong>aediﬁcatur</strong></span> <span class='ocrx_word' id='word_1_380' title='bbox 1211 3017 1267 3072; x_wconf 91' lang='lat' dir='ltr'><strong>in</strong></span> <span class='ocrx_word' id='word_1_381' title='bbox 1306 3018 1473 3082; x_wconf 76' lang='lat' dir='ltr'><strong>etnlis,</strong></span> <span class='ocrx_word' id='word_1_382' title='bbox 1524 3036 1630 3075; x_wconf 91' lang='lat' dir='ltr'><strong>non</strong></span> <span class='ocrx_word' id='word_1_383' title='bbox 1678 3021 1862 3077; x_wconf 86' lang='lat' dir='ltr'><strong>labore</strong></span> 
     </span>
    </p>
   </div>
   <div class='ocr_carea' id='block_1_49' title="bbox 1964 1828 3581 1900">
    <p class='ocr_par' dir='ltr' id='par_1_49' title="bbox 1964 1828 3581 1900">
     <span class='ocr_line' id='line_1_49' title="bbox 1964 1828 3581 1900; baseline 0.002 -18"><span class='ocrx_word' id='word_1_384' title='bbox 1964 1828 2097 1899; x_wconf 81' lang='lat' dir='ltr'><strong>pore</strong></span> <span class='ocrx_word' id='word_1_385' title='bbox 2121 1837 2231 1896; x_wconf 92' lang='lat' dir='ltr'><strong>tuo,</strong></span> <span class='ocrx_word' id='word_1_386' title='bbox 2256 1838 2311 1885; x_wconf 89' lang='lat' dir='ltr'><strong>et</strong></span> <span class='ocrx_word' id='word_1_387' title='bbox 2349 1830 2532 1899; x_wconf 86' lang='lat' dir='ltr'><strong>corde,</strong></span> <span class='ocrx_word' id='word_1_388' title='bbox 2564 1840 2620 1886; x_wconf 91' lang='lat' dir='ltr'><strong>et</strong></span> <span class='ocrx_word' id='word_1_389' title='bbox 2647 1847 2742 1887; x_wconf 91' lang='lat' dir='ltr'><strong>ore</strong></span> <span class='ocrx_word' id='word_1_390' title='bbox 2768 1832 3139 1900; x_wconf 87' lang='lat' dir='ltr'><strong>cognoscitur;</strong></span> <span class='ocrx_word' id='word_1_391' title='bbox 3166 1831 3291 1900; x_wconf 81' lang='lat' dir='ltr'><strong>quia</strong></span> <span class='ocrx_word' id='word_1_392' title='bbox 3318 1846 3428 1886; x_wconf 88' lang='lat' dir='ltr'><strong>non</strong></span> <span class='ocrx_word' id='word_1_393' title='bbox 3456 1846 3541 1886; x_wconf 82' lang='lat' dir='ltr'><strong>sa-</strong></span> <span class='ocrx_word' id='word_1_394' title='bbox 3576 1874 3581 1879; x_wconf 89' lang='lat'><strong>.</strong></span> 
     </span>
    </p>
   </div>
   <div class='ocr_carea' id='block_1_50' title="bbox 1965 1914 3541 1991">
    <p class='ocr_par' dir='ltr' id='par_1_50' title="bbox 1965 1914 3541 1991">
     <span class='ocr_line' id='line_1_50' title="bbox 1965 1914 3541 1991; baseline 0.003 -20"><span class='ocrx_word' id='word_1_395' title='bbox 1965 1917 2043 1988; x_wconf 92' lang='lat' dir='ltr'><strong>pit</strong></span> <span class='ocrx_word' id='word_1_396' title='bbox 2086 1933 2182 1973; x_wconf 87' lang='lat' dir='ltr'><strong>cor</strong></span> <span class='ocrx_word' id='word_1_397' title='bbox 2229 1926 2378 1974; x_wconf 90' lang='lat' dir='ltr'><strong>tuum</strong></span> <span class='ocrx_word' id='word_1_398' title='bbox 2429 1927 2664 1987; x_wconf 87' lang='lat' dir='ltr'><strong>terrena,</strong></span> <span class='ocrx_word' id='word_1_399' title='bbox 2713 1936 2811 1976; x_wconf 90' lang='lat' dir='ltr'><strong>nec</strong></span> <span class='ocrx_word' id='word_1_400' title='bbox 2851 1936 2913 1977; x_wconf 90' lang='lat' dir='ltr'><strong>os</strong></span> <span class='ocrx_word' id='word_1_401' title='bbox 2938 1930 3087 1976; x_wconf 90' lang='lat' dir='ltr'><strong>tuum</strong></span> <span class='ocrx_word' id='word_1_402' title='bbox 3110 1914 3351 1991; x_wconf 72' lang='lat' dir='ltr'><strong>loquitur</strong></span> <span class='ocrx_word' id='word_1_403' title='bbox 3377 1935 3541 1990; x_wconf 84' lang='lat' dir='ltr'><strong>opera</strong></span> 
     </span>
    </p>
   </div>
   <div class='ocr_carea' id='block_1_51' title="bbox 1964 2008 3541 2082">
    <p class='ocr_par' dir='ltr' id='par_1_51' title="bbox 1964 2008 3541 2082">
     <span class='ocr_line' id='line_1_51' title="bbox 1964 2008 3541 2082; baseline 0.001 -19"><span class='ocrx_word' id='word_1_404' title='bbox 1964 2008 2270 2079; x_wconf 87' lang='lat' dir='ltr'><strong>hominum;</strong></span> <span class='ocrx_word' id='word_1_405' title='bbox 2317 2011 2414 2066; x_wconf 89' lang='lat' dir='ltr'><strong>sed</strong></span> <span class='ocrx_word' id='word_1_406' title='bbox 2467 2012 2688 2068; x_wconf 83' lang='lat' dir='ltr'><strong>verbum</strong></span> <span class='ocrx_word' id='word_1_407' title='bbox 2736 2012 2934 2068; x_wconf 87' lang='lat' dir='ltr'><strong>Christi</strong></span> <span class='ocrx_word' id='word_1_408' title='bbox 2981 2011 3216 2067; x_wconf 86' lang='lat' dir='ltr'><strong>abundat</strong></span> <span class='ocrx_word' id='word_1_409' title='bbox 3240 2013 3298 2067; x_wconf 87' lang='lat' dir='ltr'><strong>in</strong></span> <span class='ocrx_word' id='word_1_410' title='bbox 3326 2020 3541 2082; x_wconf 80' lang='lat' dir='ltr'><strong>pectora</strong></span> 
     </span>
    </p>
   </div>
   <div class='ocr_carea' id='block_1_52' title="bbox 1964 2102 3541 2175">
    <p class='ocr_par' dir='ltr' id='par_1_52' title="bbox 1964 2102 3541 2175">
     <span class='ocr_line' id='line_1_52' title="bbox 1964 2102 3541 2175; baseline 0.003 -20"><span class='ocrx_word' id='word_1_411' title='bbox 1964 2110 2057 2157; x_wconf 88' lang='lat' dir='ltr'><strong>tuo</strong></span> <span class='ocrx_word' id='word_1_412' title='bbox 2092 2102 2135 2169; x_wconf 74' lang='grc' dir='ltr'><strong>ί,</strong></span> <span class='ocrx_word' id='word_1_413' title='bbox 2160 2112 2213 2159; x_wconf 91' lang='lat' dir='ltr'><strong>et</strong></span> <span class='ocrx_word' id='word_1_414' title='bbox 2234 2102 2463 2175; x_wconf 88' lang='lat' dir='ltr'><strong>Spiritus</strong></span> <span class='ocrx_word' id='word_1_415' title='bbox 2492 2105 2729 2161; x_wconf 81' lang='lat' dir='ltr'><strong>veritatis</strong></span> <span class='ocrx_word' id='word_1_416' title='bbox 2751 2104 3039 2162; x_wconf 80' lang='lat' dir='ltr'><strong>eiiunditur</strong></span> <span class='ocrx_word' id='word_1_417' title='bbox 3059 2107 3113 2161; x_wconf 90' lang='lat' dir='ltr'><strong>in</strong></span> <span class='ocrx_word' id='word_1_418' title='bbox 3135 2105 3313 2173; x_wconf 80' lang='lat' dir='ltr'><strong>lingua</strong></span> <span class='ocrx_word' id='word_1_419' title='bbox 3338 2113 3428 2160; x_wconf 87' lang='lat' dir='ltr'><strong>tua</strong></span> <span class='ocrx_word' id='word_1_420' title='bbox 3449 2120 3541 2159; x_wconf 84' lang='lat' dir='ltr'><strong>su-</strong></span> 
     </span>
    </p>
   </div>
   <div class='ocr_carea' id='block_1_53' title="bbox 1964 2192 3388 2267">
    <p class='ocr_par' dir='ltr' id='par_1_53' title="bbox 1964 2192 3388 2267">
     <span class='ocr_line' id='line_1_53' title="bbox 1964 2192 3388 2267; baseline 0.001 -18"><span class='ocrx_word' id='word_1_421' title='bbox 1964 2195 2116 2265; x_wconf 89' lang='lat' dir='ltr'><strong>perni</strong></span> <span class='ocrx_word' id='word_1_422' title='bbox 2146 2192 2376 2250; x_wconf 69' lang='lat' dir='ltr'><strong>fluunt-is</strong></span> <span class='ocrx_word' id='word_1_423' title='bbox 2399 2196 2600 2267; x_wconf 90' lang='lat' dir='ltr'><strong>impetu</strong></span> <span class='ocrx_word' id='word_1_424' title='bbox 2630 2196 2902 2253; x_wconf 72' lang='lat' dir='ltr'><strong>lmtiiicans</strong></span> <span class='ocrx_word' id='word_1_425' title='bbox 2922 2198 3194 2253; x_wconf 74' lang='lat' dir='ltr'><strong>civitatem</strong></span> <span class='ocrx_word' id='word_1_426' title='bbox 3225 2197 3319 2252; x_wconf 91' lang='lat' dir='ltr'><strong>Dei</strong></span> <span class='ocrx_word' id='word_1_427' title='bbox 3342 2198 3388 2250; x_wconf 71' lang='grc' dir='ltr'>ι.</span> 
     </span>
    </p>
   </div>
   <div class='ocr_carea' id='block_1_54' title="bbox 1985 2284 3542 2370">
    <p class='ocr_par' dir='ltr' id='par_1_54' title="bbox 1985 2284 3542 2370">
     <span class='ocr_line' id='line_1_54' title="bbox 1985 2284 3542 2370; baseline 0.004 -33"><span class='ocrx_word' id='word_1_428' title='bbox 1985 2360 1994 2370; x_wconf 22' lang='grc' dir='ltr'><em>κ</em></span> <span class='ocrx_word' id='word_1_429' title='bbox 2037 2284 2087 2340; x_wconf 87' lang='grc'><strong>5.</strong></span> <span class='ocrx_word' id='word_1_430' title='bbox 2128 2285 2256 2354; x_wconf 77' lang='lat' dir='ltr'><strong>Qua:</strong></span> <span class='ocrx_word' id='word_1_431' title='bbox 2276 2294 2455 2344; x_wconf 89' lang='lat' dir='ltr'><strong>autem</strong></span> <span class='ocrx_word' id='word_1_432' title='bbox 2482 2288 2652 2344; x_wconf 89' lang='lat' dir='ltr'><strong>virtus</strong></span> <span class='ocrx_word' id='word_1_433' title='bbox 2673 2290 2811 2345; x_wconf 90' lang='lat' dir='ltr'><strong>hanc</strong></span> <span class='ocrx_word' id='word_1_434' title='bbox 2840 2290 2892 2345; x_wconf 93' lang='lat' dir='ltr'><strong>in</strong></span> <span class='ocrx_word' id='word_1_435' title='bbox 2923 2290 3076 2346; x_wconf 90' lang='lat' dir='ltr'><strong>nobis</strong></span> <span class='ocrx_word' id='word_1_436' title='bbox 3104 2290 3265 2346; x_wconf 81' lang='lat' dir='ltr'><strong>enicit</strong></span> <span class='ocrx_word' id='word_1_437' title='bbox 3290 2300 3542 2354; x_wconf 86' lang='lat' dir='ltr'><strong>mortem,</strong></span> 
     </span>
    </p>
   </div>
   <div class='ocr_carea' id='block_1_55' title="bbox 1965 2377 3544 2453">
    <p class='ocr_par' dir='ltr' id='par_1_55' title="bbox 1965 2377 3544 2453">
     <span class='ocr_line' id='line_1_55' title="bbox 1965 2377 3544 2453; baseline 0.001 -22"><span class='ocrx_word' id='word_1_438' title='bbox 1965 2377 2063 2432; x_wconf 88' lang='lat' dir='ltr'><strong>nisi</strong></span> <span class='ocrx_word' id='word_1_439' title='bbox 2085 2377 2283 2433; x_wconf 88' lang='lat' dir='ltr'><strong>caritas</strong></span> <span class='ocrx_word' id='word_1_440' title='bbox 2311 2395 2429 2450; x_wconf 64' lang='lat' dir='ltr'><strong>qua:</strong></span> <span class='ocrx_word' id='word_1_441' title='bbox 2450 2381 2600 2452; x_wconf 81' lang='lat' dir='ltr'><strong>fortis</strong></span> <span class='ocrx_word' id='word_1_442' title='bbox 2629 2389 2704 2435; x_wconf 86' lang='lat' dir='ltr'><strong>est</strong></span> <span class='ocrx_word' id='word_1_443' title='bbox 2730 2391 2786 2434; x_wconf 88' lang='lat' dir='ltr'><strong>ut</strong></span> <span class='ocrx_word' id='word_1_444' title='bbox 2813 2398 2951 2437; x_wconf 77' lang='lat' dir='ltr'><strong>mors</strong></span> <span class='ocrx_word' id='word_1_445' title='bbox 2987 2379 3052 2436; x_wconf 69' lang='lat' dir='ltr'><strong>l“2</strong></span> <span class='ocrx_word' id='word_1_446' title='bbox 3080 2381 3237 2453; x_wconf 71' lang='lat'><strong>267</strong></span> <span class='ocrx_word' id='word_1_447' title='bbox 3268 2379 3357 2437; x_wconf 88' lang='lat' dir='ltr'><strong>Sic</strong></span> <span class='ocrx_word' id='word_1_448' title='bbox 3399 2380 3544 2436; x_wconf 86' lang='lat' dir='ltr'><strong>enim</strong></span> 
     </span>
    </p>
   </div>
   <div class='ocr_carea' id='block_1_56' title="bbox 1965 2468 3544 2543">
    <p class='ocr_par' dir='ltr' id='par_1_56' title="bbox 1965 2468 3544 2543">
     <span class='ocr_line' id='line_1_56' title="bbox 1965 2468 3544 2543; baseline 0.001 -20"><span class='ocrx_word' id='word_1_449' title='bbox 1965 2468 2217 2526; x_wconf 82' lang='lat' dir='ltr'><strong>obliterat</strong></span> <span class='ocrx_word' id='word_1_450' title='bbox 2264 2472 2418 2529; x_wconf 91' lang='lat' dir='ltr'><strong>nobis</strong></span> <span class='ocrx_word' id='word_1_451' title='bbox 2472 2482 2526 2527; x_wconf 90' lang='lat' dir='ltr'><strong>et</strong></span> <span class='ocrx_word' id='word_1_452' title='bbox 2568 2473 2918 2543; x_wconf 74' lang='lat' dir='ltr'><strong>perimithoc</strong></span> <span class='ocrx_word' id='word_1_453' title='bbox 2955 2472 3217 2541; x_wconf 68' lang='lat' dir='ltr'><strong>sedulum,</strong></span> <span class='ocrx_word' id='word_1_454' title='bbox 3248 2481 3307 2527; x_wconf 91' lang='lat' dir='ltr'><strong>ut</strong></span> <span class='ocrx_word' id='word_1_455' title='bbox 3327 2472 3544 2543; x_wconf 85' lang='lat' dir='ltr'><strong>impleat</strong></span> 
     </span>
    </p>
   </div>
   <div class='ocr_carea' id='block_1_57' title="bbox 1966 2561 3541 2635">
    <p class='ocr_par' dir='ltr' id='par_1_57' title="bbox 1966 2561 3541 2635">
     <span class='ocr_line' id='line_1_57' title="bbox 1966 2561 3541 2635; baseline 0.001 -21"><span class='ocrx_word' id='word_1_456' title='bbox 1966 2561 2154 2616; x_wconf 87' lang='lat' dir='ltr'><strong>mortis</strong></span> <span class='ocrx_word' id='word_1_457' title='bbox 2183 2561 2430 2619; x_wconf 71' lang='lat' dir='ltr'><strong>effectum</strong></span> <span class='ocrx_word' id='word_1_458' title='bbox 2460 2580 2555 2635; x_wconf 89' lang='lat' dir='ltr'><strong>per</strong></span> <span class='ocrx_word' id='word_1_459' title='bbox 2583 2562 2832 2617; x_wconf 86' lang='lat' dir='ltr'><strong>allectum</strong></span> <span class='ocrx_word' id='word_1_460' title='bbox 2857 2561 3072 2626; x_wconf 89' lang='lat' dir='ltr'><strong>Christi,</strong></span> <span class='ocrx_word' id='word_1_461' title='bbox 3100 2562 3151 2616; x_wconf 92' lang='lat' dir='ltr'><strong>in</strong></span> <span class='ocrx_word' id='word_1_462' title='bbox 3197 2576 3358 2630; x_wconf 88' lang='lat' dir='ltr'><strong>quem</strong></span> <span class='ocrx_word' id='word_1_463' title='bbox 3405 2577 3541 2617; x_wconf 79' lang='lat' dir='ltr'><strong>cou—</strong></span> 
     </span>
    </p>
   </div>
   <div class='ocr_carea' id='block_1_58' title="bbox 1965 2652 3543 2719">
    <p class='ocr_par' dir='ltr' id='par_1_58' title="bbox 1965 2652 3543 2719">
     <span class='ocr_line' id='line_1_58' title="bbox 1965 2652 3543 2719; baseline 0.001 -14"><span class='ocrx_word' id='word_1_464' title='bbox 1965 2653 2125 2718; x_wconf 88' lang='lat' dir='ltr'><strong>versi,</strong></span> <span class='ocrx_word' id='word_1_465' title='bbox 2157 2655 2446 2709; x_wconf 87' lang='lat' dir='ltr'><strong>avertimur</strong></span> <span class='ocrx_word' id='word_1_466' title='bbox 2466 2655 2532 2709; x_wconf 89' lang='lat' dir='ltr'><strong>ab</strong></span> <span class='ocrx_word' id='word_1_467' title='bbox 2562 2654 2663 2709; x_wconf 91' lang='lat' dir='ltr'><strong>hoc</strong></span> <span class='ocrx_word' id='word_1_468' title='bbox 2685 2652 2907 2719; x_wconf 84' lang='lat' dir='ltr'><strong>mundo,</strong></span> <span class='ocrx_word' id='word_1_469' title='bbox 2948 2661 3002 2711; x_wconf 87' lang='lat' dir='ltr'><strong>et</strong></span> <span class='ocrx_word' id='word_1_470' title='bbox 3022 2654 3105 2708; x_wconf 90' lang='lat' dir='ltr'><strong>cui</strong></span> <span class='ocrx_word' id='word_1_471' title='bbox 3138 2654 3396 2717; x_wconf 85' lang='lat' dir='ltr'><strong>viventes,</strong></span> <span class='ocrx_word' id='word_1_472' title='bbox 3427 2669 3543 2708; x_wconf 84' lang='lat' dir='ltr'><strong>mo-</strong></span> 
     </span>
    </p>
   </div>
   <div class='ocr_carea' id='block_1_59' title="bbox 1965 2743 3544 2814">
    <p class='ocr_par' dir='ltr' id='par_1_59' title="bbox 1965 2743 3544 2814">
     <span class='ocr_line' id='line_1_59' title="bbox 1965 2743 3544 2814; baseline 0 -17"><span class='ocrx_word' id='word_1_473' title='bbox 1965 2743 2132 2798; x_wconf 89' lang='lat' dir='ltr'><strong>rimur</strong></span> <span class='ocrx_word' id='word_1_474' title='bbox 2184 2744 2251 2799; x_wconf 89' lang='lat' dir='ltr'><strong>ab</strong></span> <span class='ocrx_word' id='word_1_475' title='bbox 2281 2744 2564 2799; x_wconf 89' lang='lat' dir='ltr'><strong>elementis</strong></span> <span class='ocrx_word' id='word_1_476' title='bbox 2609 2744 2767 2814; x_wconf 87' lang='lat' dir='ltr'><strong>hujus</strong></span> <span class='ocrx_word' id='word_1_477' title='bbox 2792 2743 2998 2800; x_wconf 85' lang='lat' dir='ltr'><strong>mundi.</strong></span> <span class='ocrx_word' id='word_1_478' title='bbox 3022 2743 3131 2801; x_wconf 85' lang='lat' dir='ltr'><strong>Nec</strong></span> <span class='ocrx_word' id='word_1_479' title='bbox 3161 2753 3431 2814; x_wconf 86' lang='lat' dir='ltr'><strong>tamquam</strong></span> <span class='ocrx_word' id='word_1_480' title='bbox 3461 2744 3544 2798; x_wconf 87' lang='lat' dir='ltr'><strong>vi-</strong></span> 
     </span>
    </p>
   </div>
   <div class='ocr_carea' id='block_1_60' title="bbox 1966 2835 3539 2905">
    <p class='ocr_par' dir='ltr' id='par_1_60' title="bbox 1966 2835 3539 2905">
     <span class='ocr_line' id='line_1_60' title="bbox 1966 2835 3539 2905; baseline 0.001 -18"><span class='ocrx_word' id='word_1_481' title='bbox 1966 2843 2151 2890; x_wconf 89' lang='lat' dir='ltr'><strong>ventes</strong></span> <span class='ocrx_word' id='word_1_482' title='bbox 2189 2835 2240 2890; x_wconf 92' lang='lat' dir='ltr'><strong>in</strong></span> <span class='ocrx_word' id='word_1_483' title='bbox 2272 2850 2458 2890; x_wconf 90' lang='lat' dir='ltr'><strong>eorum</strong></span> <span class='ocrx_word' id='word_1_484' title='bbox 2507 2843 2798 2905; x_wconf 83' lang='lat' dir='ltr'><strong>conspectu</strong></span> <span class='ocrx_word' id='word_1_485' title='bbox 2830 2835 2892 2904; x_wconf 86' lang='lat' dir='ltr'><strong>(i)</strong></span> <span class='ocrx_word' id='word_1_486' title='bbox 2929 2835 3149 2903; x_wconf 85' lang='lat' dir='ltr'><strong>visuque</strong></span> <span class='ocrx_word' id='word_1_487' title='bbox 3181 2835 3244 2905; x_wconf 65' lang='lat' dir='ltr'><strong>Ij.</strong></span> <span class='ocrx_word' id='word_1_488' title='bbox 3289 2835 3539 2890; x_wconf 87' lang='lat' dir='ltr'><strong>decerni-</strong></span> 
     </span>
    </p>
   </div>
   <div class='ocr_carea' id='block_1_61' title="bbox 1965 2919 3546 2994">
    <p class='ocr_par' dir='ltr' id='par_1_61' title="bbox 1965 2919 3546 2994">
     <span class='ocr_line' id='line_1_61' title="bbox 1965 2919 3546 2994; baseline 0.001 -17"><span class='ocrx_word' id='word_1_489' title='bbox 1965 2938 2084 2977; x_wconf 88' lang='lat' dir='ltr'><strong>mus</strong></span> <span class='ocrx_word' id='word_1_490' title='bbox 2116 2919 2130 2959; x_wconf 75' lang='grc' dir='ltr'><strong>ι</strong></span> <span class='ocrx_word' id='word_1_491' title='bbox 2157 2939 2171 2989; x_wconf 87' lang='lat'><strong>;</strong></span> <span class='ocrx_word' id='word_1_492' title='bbox 2195 2923 2317 2992; x_wconf 87' lang='lat' dir='ltr'><strong>quia</strong></span> <span class='ocrx_word' id='word_1_493' title='bbox 2349 2923 2524 2994; x_wconf 85' lang='lat' dir='ltr'><strong>portio</strong></span> <span class='ocrx_word' id='word_1_494' title='bbox 2557 2932 2738 2979; x_wconf 86' lang='lat' dir='ltr'><strong>nostra</strong></span> <span class='ocrx_word' id='word_1_495' title='bbox 2769 2939 2915 2979; x_wconf 88' lang='lat' dir='ltr'><strong>mors</strong></span> <span class='ocrx_word' id='word_1_496' title='bbox 2943 2924 3138 2979; x_wconf 81' lang='lat' dir='ltr'><strong>Christi</strong></span> <span class='ocrx_word' id='word_1_497' title='bbox 3169 2933 3269 2990; x_wconf 89' lang='lat' dir='ltr'><strong>est,</strong></span> <span class='ocrx_word' id='word_1_498' title='bbox 3323 2923 3474 2993; x_wconf 83' lang='lat' dir='ltr'><strong>cujus</strong></span> <span class='ocrx_word' id='word_1_499' title='bbox 3512 2939 3546 2979; x_wconf 73' lang='grc' dir='ltr'><strong>ι</strong></span> 
     </span>
    </p>
   </div>
   <div class='ocr_carea' id='block_1_62' title="bbox 1964 3015 3543 3088">
    <p class='ocr_par' dir='ltr' id='par_1_62' title="bbox 1964 3015 3543 3088">
     <span class='ocr_line' id='line_1_62' title="bbox 1964 3015 3543 3088; baseline -0.001 -18"><span class='ocrx_word' id='word_1_500' title='bbox 1964 3015 2190 3072; x_wconf 89' lang='lat' dir='ltr'><strong>mortuis</strong></span> <span class='ocrx_word' id='word_1_501' title='bbox 2210 3017 2659 3072; x_wconf 85' lang='lat' dir='ltr'><strong>resurrectionem</strong></span> <span class='ocrx_word' id='word_1_502' title='bbox 2684 3031 2790 3071; x_wconf 91' lang='lat' dir='ltr'><strong>non</strong></span> <span class='ocrx_word' id='word_1_503' title='bbox 2807 3016 3253 3088; x_wconf 84' lang='lat' dir='ltr'><strong>apprehendimus</strong></span> <span class='ocrx_word' id='word_1_504' title='bbox 3278 3017 3331 3071; x_wconf 91' lang='lat' dir='ltr'><strong>in</strong></span> <span class='ocrx_word' id='word_1_505' title='bbox 3344 3016 3543 3085; x_wconf 81' lang='lat' dir='ltr'><strong>gloria,</strong></span> 
     </span>
    </p>
   </div>
   <div class='ocr_carea' id='block_1_63' title="bbox 277 3103 3550 3181">
    <p class='ocr_par' dir='ltr' id='par_1_63' title="bbox 277 3103 3550 3181">
     <span class='ocr_line' id='line_1_63' title="bbox 277 3103 3550 3181; baseline 0.001 -23"><span class='ocrx_word' id='word_1_506' title='bbox 277 3117 562 3169; x_wconf 76' lang='lat' dir='ltr'><strong>manuum,</strong></span> <span class='ocrx_word' id='word_1_507' title='bbox 592 3103 689 3158; x_wconf 89' lang='lat' dir='ltr'><strong>sed</strong></span> <span class='ocrx_word' id='word_1_508' title='bbox 717 3120 932 3174; x_wconf 87' lang='lat' dir='ltr'><strong>operum</strong></span> <span class='ocrx_word' id='word_1_509' title='bbox 953 3107 1257 3163; x_wconf 85' lang='lat' dir='ltr'><strong>sanctitate.</strong></span> <span class='ocrx_word' id='word_1_510' title='bbox 1281 3107 1386 3164; x_wconf 88' lang='lat' dir='ltr'><strong>Sed</strong></span> <span class='ocrx_word' id='word_1_511' title='bbox 1416 3124 1570 3165; x_wconf 90' lang='lat' dir='ltr'><strong>cesso</strong></span> <span class='ocrx_word' id='word_1_512' title='bbox 1607 3111 1757 3181; x_wconf 85' lang='lat' dir='ltr'><strong>plura</strong></span> <span class='ocrx_word' id='word_1_513' title='bbox 1795 3111 1863 3170; x_wconf 90' lang='lat' dir='ltr'><strong>de</strong></span> <span class='ocrx_word' id='word_1_514' title='bbox 1889 3113 1935 3178; x_wconf 86' lang='lat' dir='ltr'><strong>C</strong></span> <span class='ocrx_word' id='word_1_515' title='bbox 1966 3108 2065 3165; x_wconf 84' lang='lat' dir='ltr'><strong>nisi</strong></span> <span class='ocrx_word' id='word_1_516' title='bbox 2117 3117 2344 3164; x_wconf 87' lang='lat' dir='ltr'><strong>mortem</strong></span> <span class='ocrx_word' id='word_1_517' title='bbox 2393 3108 2548 3176; x_wconf 85' lang='lat' dir='ltr'><strong>hujus</strong></span> <span class='ocrx_word' id='word_1_518' title='bbox 2578 3108 2630 3161; x_wconf 91' lang='lat' dir='ltr'><strong>in</strong></span> <span class='ocrx_word' id='word_1_519' title='bbox 2679 3124 2837 3164; x_wconf 82' lang='lat' dir='ltr'><strong>cruce</strong></span> <span class='ocrx_word' id='word_1_520' title='bbox 2866 3107 3199 3164; x_wconf 82' lang='lat' dir='ltr'><strong>mortificatis</strong></span> <span class='ocrx_word' id='word_1_521' title='bbox 3220 3108 3474 3163; x_wconf 86' lang='lat' dir='ltr'><strong>membris</strong></span> <span class='ocrx_word' id='word_1_522' title='bbox 3491 3116 3550 3161; x_wconf 87' lang='lat' dir='ltr'><strong>et</strong></span> 
     </span>
    </p>
   </div>
   <div class='ocr_carea' id='block_1_64' title="bbox 279 3193 1868 3266">
    <p class='ocr_par' dir='ltr' id='par_1_64' title="bbox 279 3193 1868 3266">
     <span class='ocr_line' id='line_1_64' title="bbox 279 3193 1868 3266; baseline 0.008 -21"><span class='ocrx_word' id='word_1_523' title='bbox 279 3193 545 3247; x_wconf 83' lang='lat' dir='ltr'><strong>memoria</strong></span> <span class='ocrx_word' id='word_1_524' title='bbox 570 3203 677 3247; x_wconf 89' lang='lat' dir='ltr'><strong>tam</strong></span> <span class='ocrx_word' id='word_1_525' title='bbox 705 3193 881 3250; x_wconf 89' lang='lat' dir='ltr'><strong>dilecti</strong></span> <span class='ocrx_word' id='word_1_526' title='bbox 911 3197 1040 3251; x_wconf 87' lang='lat' dir='ltr'><strong>mihi</strong></span> <span class='ocrx_word' id='word_1_527' title='bbox 1062 3212 1222 3266; x_wconf 87' lang='lat' dir='ltr'><strong>quam</strong></span> <span class='ocrx_word' id='word_1_528' title='bbox 1247 3198 1429 3254; x_wconf 88' lang='lat' dir='ltr'><strong>devoti</strong></span> <span class='ocrx_word' id='word_1_529' title='bbox 1456 3199 1671 3258; x_wconf 89' lang='lat' dir='ltr'><strong>Christo</strong></span> <span class='ocrx_word' id='word_1_530' title='bbox 1699 3202 1868 3258; x_wconf 90' lang='lat' dir='ltr'><strong>homi-</strong></span> 
     </span>
    </p>
   </div>
   <div class='ocr_carea' id='block_1_65' title="bbox 282 3283 1864 3361">
    <p class='ocr_par' dir='ltr' id='par_1_65' title="bbox 282 3283 1864 3361">
     <span class='ocr_line' id='line_1_65' title="bbox 282 3283 1864 3361; baseline 0.008 -25"><span class='ocrx_word' id='word_1_531' title='bbox 282 3283 371 3337; x_wconf 88' lang='lat' dir='ltr'><strong>nis</strong></span> <span class='ocrx_word' id='word_1_532' title='bbox 399 3298 673 3351; x_wconf 88' lang='lat' dir='ltr'><strong>enarrare,</strong></span> <span class='ocrx_word' id='word_1_533' title='bbox 704 3300 824 3342; x_wconf 88' lang='lat' dir='ltr'><strong>cum</strong></span> <span class='ocrx_word' id='word_1_534' title='bbox 854 3294 909 3342; x_wconf 90' lang='lat' dir='ltr'><strong>et</strong></span> <span class='ocrx_word' id='word_1_535' title='bbox 937 3288 1175 3358; x_wconf 84' lang='lat' dir='ltr'><strong>pristinis</strong></span> <span class='ocrx_word' id='word_1_536' title='bbox 1202 3287 1393 3345; x_wconf 89' lang='lat' dir='ltr'><strong>litteris</strong></span> <span class='ocrx_word' id='word_1_537' title='bbox 1421 3305 1527 3345; x_wconf 91' lang='lat' dir='ltr'><strong>non</strong></span> <span class='ocrx_word' id='word_1_538' title='bbox 1558 3308 1726 3361; x_wconf 88' lang='lat' dir='ltr'><strong>pauca</strong></span> <span class='ocrx_word' id='word_1_539' title='bbox 1772 3310 1864 3349; x_wconf 85' lang='lat' dir='ltr'><strong>su—</strong></span> 
     </span>
    </p>
   </div>
   <div class='ocr_carea' id='block_1_66' title="bbox 283 3380 1868 3455">
    <p class='ocr_par' dir='ltr' id='par_1_66' title="bbox 283 3380 1868 3455">
     <span class='ocr_line' id='line_1_66' title="bbox 283 3380 1868 3455; baseline 0.01 -29"><span class='ocrx_word' id='word_1_540' title='bbox 283 3389 385 3444; x_wconf 90' lang='lat' dir='ltr'><strong>per</strong></span> <span class='ocrx_word' id='word_1_541' title='bbox 424 3389 492 3430; x_wconf 92' lang='lat' dir='ltr'><strong>eo</strong></span> <span class='ocrx_word' id='word_1_542' title='bbox 545 3390 795 3432; x_wconf 87' lang='lat' dir='ltr'><strong>narrasse</strong></span> <span class='ocrx_word' id='word_1_543' title='bbox 843 3393 929 3435; x_wconf 89' lang='lat' dir='ltr'><strong>mc</strong></span> <span class='ocrx_word' id='word_1_544' title='bbox 967 3388 1213 3450; x_wconf 88' lang='lat' dir='ltr'><strong>repntcm</strong></span> <span class='ocrx_word' id='word_1_545' title='bbox 1242 3380 1284 3448; x_wconf 75' lang='grc'><strong>⁸,</strong></span> <span class='ocrx_word' id='word_1_546' title='bbox 1333 3390 1388 3437; x_wconf 91' lang='lat' dir='ltr'><strong>et</strong></span> <span class='ocrx_word' id='word_1_547' title='bbox 1415 3383 1545 3438; x_wconf 80' lang='lat' dir='ltr'><strong>nihil</strong></span> <span class='ocrx_word' id='word_1_548' title='bbox 1578 3386 1778 3455; x_wconf 89' lang='lat' dir='ltr'><strong>possim</strong></span> <span class='ocrx_word' id='word_1_549' title='bbox 1801 3387 1868 3442; x_wconf 92' lang='lat' dir='ltr'><strong>de</strong></span> 
     </span>
    </p>
   </div>
   <div class='ocr_carea' id='block_1_67' title="bbox 283 3464 1867 3546">
    <p class='ocr_par' dir='ltr' id='par_1_67' title="bbox 283 3464 1867 3546">
     <span class='ocr_line' id='line_1_67' title="bbox 283 3464 1867 3546; baseline 0.009 -28"><span class='ocrx_word' id='word_1_550' title='bbox 283 3465 442 3519; x_wconf 85' lang='lat' dir='ltr'><strong>beata</strong></span> <span class='ocrx_word' id='word_1_551' title='bbox 471 3464 629 3534; x_wconf 85' lang='lat' dir='ltr'><strong>hujus</strong></span> <span class='ocrx_word' id='word_1_552' title='bbox 658 3465 749 3521; x_wconf 81' lang='lat' dir='ltr'><strong>lilii</strong></span> <span class='ocrx_word' id='word_1_553' title='bbox 778 3476 973 3538; x_wconf 81' lang='lat' dir='ltr'><strong>matre,</strong></span> <span class='ocrx_word' id='word_1_554' title='bbox 1016 3478 1071 3525; x_wconf 93' lang='lat' dir='ltr'><strong>et</strong></span> <span class='ocrx_word' id='word_1_555' title='bbox 1098 3479 1408 3526; x_wconf 90' lang='lat' dir='ltr'><strong>sanctorum</strong></span> <span class='ocrx_word' id='word_1_556' title='bbox 1440 3475 1512 3541; x_wconf 79' lang='grc' dir='ltr'><strong>(ε)</strong></span> <span class='ocrx_word' id='word_1_557' title='bbox 1543 3476 1657 3546; x_wconf 86' lang='lat' dir='ltr'><strong>pari</strong></span> <span class='ocrx_word' id='word_1_558' title='bbox 1689 3478 1867 3533; x_wconf 87' lang='lat' dir='ltr'><strong>radice</strong></span> 
     </span>
    </p>
   </div>
   <div class='ocr_carea' id='block_1_68' title="bbox 282 3558 1868 3632">
    <p class='ocr_par' dir='ltr' id='par_1_68' title="bbox 282 3558 1868 3632">
     <span class='ocr_line' id='line_1_68' title="bbox 282 3558 1868 3632; baseline 0.009 -21"><span class='ocrx_word' id='word_1_559' title='bbox 282 3571 582 3627; x_wconf 82' lang='lat' dir='ltr'><strong>ramorum,</strong></span> <span class='ocrx_word' id='word_1_560' title='bbox 611 3558 840 3617; x_wconf 79' lang='lat' dir='ltr'><strong>Melania</strong></span> <span class='ocrx_word' id='word_1_561' title='bbox 871 3560 966 3632; x_wconf 84' lang='lat' dir='ltr'><strong>(V.</strong></span> <span class='ocrx_word' id='word_1_562' title='bbox 991 3571 1102 3618; x_wconf 88' lang='lat' dir='ltr'><strong>not.</strong></span> <span class='ocrx_word' id='word_1_563' title='bbox 1137 3562 1260 3631; x_wconf 75' lang='grc'><strong>158)</strong></span> <span class='ocrx_word' id='word_1_564' title='bbox 1296 3566 1485 3619; x_wconf 75' lang='lat' dir='ltr'><strong>melius</strong></span> <span class='ocrx_word' id='word_1_565' title='bbox 1511 3575 1603 3621; x_wconf 89' lang='lat' dir='ltr'><strong>aut</strong></span> <span class='ocrx_word' id='word_1_566' title='bbox 1630 3571 1868 3625; x_wconf 86' lang='lat' dir='ltr'><strong>sanctius</strong></span> 
     </span>
    </p>
   </div>
   <div class='ocr_carea' id='block_1_69' title="bbox 284 3647 1867 3726">
    <p class='ocr_par' dir='ltr' id='par_1_69' title="bbox 284 3647 1867 3726">
     <span class='ocr_line' id='line_1_69' title="bbox 284 3647 1867 3726; baseline 0.009 -25"><span class='ocrx_word' id='word_1_567' title='bbox 284 3647 600 3717; x_wconf 67' lang='lat' dir='ltr'><strong>praedicare,</strong></span> <span class='ocrx_word' id='word_1_568' title='bbox 630 3665 790 3720; x_wconf 87' lang='lat' dir='ltr'><strong>quam</strong></span> <span class='ocrx_word' id='word_1_569' title='bbox 818 3653 1077 3708; x_wconf 87' lang='lat' dir='ltr'><strong>sanctitas</strong></span> <span class='ocrx_word' id='word_1_570' title='bbox 1109 3662 1197 3708; x_wconf 89' lang='lat' dir='ltr'><strong>tua</strong></span> <span class='ocrx_word' id='word_1_571' title='bbox 1228 3655 1279 3709; x_wconf 92' lang='lat' dir='ltr'><strong>in</strong></span> <span class='ocrx_word' id='word_1_572' title='bbox 1301 3670 1419 3710; x_wconf 89' lang='lat' dir='ltr'><strong>eam</strong></span> <span class='ocrx_word' id='word_1_573' title='bbox 1452 3656 1648 3726; x_wconf 86' lang='lat' dir='ltr'><strong>profari</strong></span> <span class='ocrx_word' id='word_1_574' title='bbox 1678 3668 1731 3714; x_wconf 92' lang='lat' dir='ltr'><strong>et</strong></span> <span class='ocrx_word' id='word_1_575' title='bbox 1756 3661 1867 3715; x_wconf 90' lang='lat' dir='ltr'><strong>dis-</strong></span> 
     </span>
    </p>
   </div>
   <div class='ocr_carea' id='block_1_70' title="bbox 284 3737 1867 3816">
    <p class='ocr_par' dir='ltr' id='par_1_70' title="bbox 284 3737 1867 3816">
     <span class='ocr_line' id='line_1_70' title="bbox 284 3737 1867 3816; baseline 0.007 -24"><span class='ocrx_word' id='word_1_576' title='bbox 284 3746 479 3807; x_wconf 82' lang='lat' dir='ltr'><strong>putare</strong></span> <span class='ocrx_word' id='word_1_577' title='bbox 517 3737 733 3809; x_wconf 87' lang='lat' dir='ltr'><strong>dignata</strong></span> <span class='ocrx_word' id='word_1_578' title='bbox 781 3749 895 3809; x_wconf 88' lang='lat' dir='ltr'><strong>est;</strong></span> <span class='ocrx_word' id='word_1_579' title='bbox 928 3751 987 3797; x_wconf 93' lang='lat' dir='ltr'><strong>ut</strong></span> <span class='ocrx_word' id='word_1_580' title='bbox 1012 3743 1135 3812; x_wconf 90' lang='lat' dir='ltr'><strong>quia</strong></span> <span class='ocrx_word' id='word_1_581' title='bbox 1174 3751 1298 3815; x_wconf 83' lang='lat' dir='ltr'><strong>ego‘</strong></span> <span class='ocrx_word' id='word_1_582' title='bbox 1321 3755 1571 3816; x_wconf 89' lang='lat' dir='ltr'><strong>peccator</strong></span> <span class='ocrx_word' id='word_1_583' title='bbox 1596 3747 1867 3804; x_wconf 86' lang='lat' dir='ltr'><strong>immunda</strong></span> 
     </span>
    </p>
   </div>
   <div class='ocr_carea' id='block_1_71' title="bbox 288 3828 1866 3908">
    <p class='ocr_par' dir='ltr' id='par_1_71' title="bbox 288 3828 1866 3908">
     <span class='ocr_line' id='line_1_71' title="bbox 288 3828 1866 3908; baseline 0.009 -25"><span class='ocrx_word' id='word_1_584' title='bbox 288 3828 430 3884; x_wconf 84' lang='lat' dir='ltr'><strong>labia</strong></span> <span class='ocrx_word' id='word_1_585' title='bbox 448 3830 670 3897; x_wconf 82' lang='lat' dir='ltr'><strong>habens,</strong></span> <span class='ocrx_word' id='word_1_586' title='bbox 696 3833 827 3888; x_wconf 83' lang='lat' dir='ltr'><strong>nihil</strong></span> <span class='ocrx_word' id='word_1_587' title='bbox 854 3833 1072 3904; x_wconf 86' lang='lat' dir='ltr'><strong>dignum</strong></span> <span class='ocrx_word' id='word_1_588' title='bbox 1104 3834 1249 3905; x_wconf 90' lang='lat' dir='ltr'><strong>loqui</strong></span> <span class='ocrx_word' id='word_1_589' title='bbox 1280 3846 1583 3908; x_wconf 88' lang='lat' dir='ltr'><strong>potueram,</strong></span> <span class='ocrx_word' id='word_1_590' title='bbox 1636 3850 1694 3894; x_wconf 90' lang='lat' dir='ltr'><strong>nt</strong></span> <span class='ocrx_word' id='word_1_591' title='bbox 1746 3843 1866 3897; x_wconf 91' lang='lat' dir='ltr'><strong>lon-</strong></span> 
     </span>
    </p>
   </div>
   <div class='ocr_carea' id='block_1_72' title="bbox 290 3919 1867 3999">
    <p class='ocr_par' dir='ltr' id='par_1_72' title="bbox 290 3919 1867 3999">
     <span class='ocr_line' id='line_1_72' title="bbox 290 3919 1867 3999; baseline 0.009 -25"><span class='ocrx_word' id='word_1_592' title='bbox 290 3919 521 3989; x_wconf 85' lang='lat' dir='ltr'><strong>ginquus</strong></span> <span class='ocrx_word' id='word_1_593' title='bbox 545 3936 576 3977; x_wconf 87' lang='lat' dir='ltr'><strong>a</strong></span> <span class='ocrx_word' id='word_1_594' title='bbox 597 3923 802 3979; x_wconf 85' lang='lat' dir='ltr'><strong>meritis</strong></span> <span class='ocrx_word' id='word_1_595' title='bbox 822 3922 945 3980; x_wconf 82' lang='lat' dir='ltr'><strong>ﬁdei</strong></span> <span class='ocrx_word' id='word_1_596' title='bbox 969 3923 1104 3996; x_wconf 84' lang='lat' dir='ltr'><strong>ejus,</strong></span> <span class='ocrx_word' id='word_1_597' title='bbox 1136 3929 1434 3997; x_wconf 67' lang='lat' dir='ltr'><strong>animmque</strong></span> <span class='ocrx_word' id='word_1_598' title='bbox 1476 3932 1787 3999; x_wconf 82' lang='lat' dir='ltr'><strong>virtutibus;</strong></span> <span class='ocrx_word' id='word_1_599' title='bbox 1814 3943 1867 3988; x_wconf 90' lang='lat' dir='ltr'><strong>tu</strong></span> 
     </span>
    </p>
   </div>
   <div class='ocr_carea' id='block_1_73' title="bbox 290 4009 1865 4092">
    <p class='ocr_par' dir='ltr' id='par_1_73' title="bbox 290 4009 1865 4092">
     <span class='ocr_line' id='line_1_73' title="bbox 290 4009 1865 4092; baseline 0.01 -29"><span class='ocrx_word' id='word_1_600' title='bbox 290 4009 383 4065; x_wconf 83' lang='lat' dir='ltr'><strong>ille</strong></span> <span class='ocrx_word' id='word_1_601' title='bbox 398 4011 482 4065; x_wconf 85' lang='lat' dir='ltr'><strong>vir</strong></span> <span class='ocrx_word' id='word_1_602' title='bbox 506 4010 727 4081; x_wconf 87' lang='lat' dir='ltr'><strong>Christi,</strong></span> <span class='ocrx_word' id='word_1_603' title='bbox 747 4015 945 4070; x_wconf 87' lang='lat' dir='ltr'><strong>doctor</strong></span> <span class='ocrx_word' id='word_1_604' title='bbox 965 4016 1033 4087; x_wconf 78' lang='grc' dir='ltr'><strong>(ι’)</strong></span> <span class='ocrx_word' id='word_1_605' title='bbox 1064 4016 1227 4073; x_wconf 78' lang='lat' dir='ltr'><strong>Israel</strong></span> <span class='ocrx_word' id='word_1_606' title='bbox 1257 4019 1309 4073; x_wconf 90' lang='lat' dir='ltr'><strong>in</strong></span> <span class='ocrx_word' id='word_1_607' title='bbox 1336 4018 1574 4075; x_wconf 87' lang='lat' dir='ltr'><strong>Ecclesia</strong></span> <span class='ocrx_word' id='word_1_608' title='bbox 1602 4023 1865 4092; x_wconf 84' lang='lat' dir='ltr'><strong>veritatis,</strong></span> 
     </span>
    </p>
   </div>
   <div class='ocr_carea' id='block_1_74' title="bbox 289 4105 1870 4183">
    <p class='ocr_par' dir='ltr' id='par_1_74' title="bbox 289 4105 1870 4183">
     <span class='ocr_line' id='line_1_74' title="bbox 289 4105 1870 4183; baseline 0.009 -28"><span class='ocrx_word' id='word_1_609' title='bbox 289 4110 612 4170; x_wconf 75' lang='lat' dir='ltr'><strong>praeurante</strong></span> <span class='ocrx_word' id='word_1_610' title='bbox 667 4105 721 4159; x_wconf 83' lang='lat' dir='ltr'><strong>in</strong></span> <span class='ocrx_word' id='word_1_611' title='bbox 774 4107 964 4161; x_wconf 89' lang='lat' dir='ltr'><strong>melius</strong></span> <span class='ocrx_word' id='word_1_612' title='bbox 1020 4107 1113 4162; x_wconf 88' lang='lat' dir='ltr'><strong>Dei</strong></span> <span class='ocrx_word' id='word_1_613' title='bbox 1141 4110 1330 4177; x_wconf 87' lang='lat' dir='ltr'><strong>gratia,</strong></span> <span class='ocrx_word' id='word_1_614' title='bbox 1362 4112 1633 4180; x_wconf 89' lang='lat' dir='ltr'><strong>parareris</strong></span> <span class='ocrx_word' id='word_1_615' title='bbox 1661 4113 1870 4183; x_wconf 89' lang='lat' dir='ltr'><strong>dignior</strong></span> 
     </span>
    </p>
   </div>
   <div class='ocr_carea' id='block_1_75' title="bbox 289 4192 1870 4272">
    <p class='ocr_par' dir='ltr' id='par_1_75' title="bbox 289 4192 1870 4272">
     <span class='ocr_line' id='line_1_75' title="bbox 289 4192 1870 4272; baseline 0.011 -28"><span class='ocrx_word' id='word_1_616' title='bbox 289 4197 399 4245; x_wconf 85' lang='lat' dir='ltr'><strong>tam</strong></span> <span class='ocrx_word' id='word_1_617' title='bbox 420 4192 588 4249; x_wconf 75' lang='lat' dir='ltr'><strong>virilis</strong></span> <span class='ocrx_word' id='word_1_618' title='bbox 614 4194 667 4249; x_wconf 88' lang='lat' dir='ltr'><strong>in</strong></span> <span class='ocrx_word' id='word_1_619' title='bbox 689 4193 908 4252; x_wconf 85' lang='lat' dir='ltr'><strong>Christo</strong></span> <span class='ocrx_word' id='word_1_620' title='bbox 936 4198 1127 4252; x_wconf 65' lang='lat' dir='ltr'><strong>anima:</strong></span> <span class='ocrx_word' id='word_1_621' title='bbox 1156 4201 1497 4270; x_wconf 68' lang='lat' dir='ltr'><strong>praedicator,</strong></span> <span class='ocrx_word' id='word_1_622' title='bbox 1521 4204 1609 4272; x_wconf 88' lang='lat' dir='ltr'><strong>qui</strong></span> <span class='ocrx_word' id='word_1_623' title='bbox 1640 4213 1694 4259; x_wconf 93' lang='lat' dir='ltr'><strong>et</strong></span> <span class='ocrx_word' id='word_1_624' title='bbox 1723 4219 1870 4262; x_wconf 56' lang='lat' dir='ltr'><strong>men-</strong></span> 
     </span>
    </p>
   </div>
   <div class='ocr_carea' id='block_1_76' title="bbox 291 4283 1869 4368">
    <p class='ocr_par' dir='ltr' id='par_1_76' title="bbox 291 4283 1869 4368">
     <span class='ocr_line' id='line_1_76' title="bbox 291 4283 1869 4368; baseline 0.01 -31"><span class='ocrx_word' id='word_1_625' title='bbox 291 4290 402 4338; x_wconf 86' lang='lat' dir='ltr'><strong>tem</strong></span> <span class='ocrx_word' id='word_1_626' title='bbox 429 4283 546 4352; x_wconf 87' lang='lat' dir='ltr'><strong>ejus</strong></span> <span class='ocrx_word' id='word_1_627' title='bbox 560 4284 739 4341; x_wconf 88' lang='lat' dir='ltr'><strong>divina</strong></span> <span class='ocrx_word' id='word_1_628' title='bbox 766 4288 959 4343; x_wconf 73' lang='lat' dir='ltr'><strong>virtute</strong></span> <span class='ocrx_word' id='word_1_629' title='bbox 988 4290 1269 4357; x_wconf 75' lang='lat' dir='ltr'><strong>(innatam,</strong></span> <span class='ocrx_word' id='word_1_630' title='bbox 1293 4302 1351 4348; x_wconf 91' lang='lat' dir='ltr'><strong>ut</strong></span> <span class='ocrx_word' id='word_1_631' title='bbox 1370 4293 1501 4358; x_wconf 77' lang='lat' dir='ltr'><strong>dixi,</strong></span> <span class='ocrx_word' id='word_1_632' title='bbox 1528 4295 1716 4365; x_wconf 89' lang='lat' dir='ltr'><strong>spiritu</strong></span> <span class='ocrx_word' id='word_1_633' title='bbox 1746 4314 1869 4368; x_wconf 87' lang='lat' dir='ltr'><strong>pro-</strong></span> 
     </span>
    </p>
   </div>
   <div class='ocr_carea' id='block_1_77' title="bbox 288 4372 1867 4458">
    <p class='ocr_par' dir='ltr' id='par_1_77' title="bbox 288 4372 1867 4458">
     <span class='ocr_line' id='line_1_77' title="bbox 288 4372 1867 4458; baseline 0.011 -30"><span class='ocrx_word' id='word_1_634' title='bbox 288 4372 444 4443; x_wconf 82' lang='lat' dir='ltr'><strong>piore</strong></span> <span class='ocrx_word' id='word_1_635' title='bbox 460 4378 823 4448; x_wconf 75' lang='lat' dir='ltr'><strong>conspiceres,</strong></span> <span class='ocrx_word' id='word_1_636' title='bbox 876 4388 933 4435; x_wconf 91' lang='lat' dir='ltr'><strong>et</strong></span> <span class='ocrx_word' id='word_1_637' title='bbox 975 4382 1196 4437; x_wconf 78' lang='lat' dir='ltr'><strong>mixtam</strong></span> <span class='ocrx_word' id='word_1_638' title='bbox 1225 4399 1347 4440; x_wconf 86' lang='lat' dir='ltr'><strong>cum</strong></span> <span class='ocrx_word' id='word_1_639' title='bbox 1375 4386 1572 4442; x_wconf 89' lang='lat' dir='ltr'><strong>virtute</strong></span> <span class='ocrx_word' id='word_1_640' title='bbox 1615 4389 1867 4458; x_wconf 76' lang='lat' dir='ltr'><strong>pietatem</strong></span> 
     </span>
    </p>
   </div>
   <div class='ocr_carea' id='block_1_78' title="bbox 288 4464 1074 4537">
    <p class='ocr_par' dir='ltr' id='par_1_78' title="bbox 288 4464 1074 4537">
     <span class='ocr_line' id='line_1_78' title="bbox 288 4464 1074 4537; baseline 0.011 -18"><span class='ocrx_word' id='word_1_641' title='bbox 288 4464 508 4533; x_wconf 85' lang='lat' dir='ltr'><strong>eloquio</strong></span> <span class='ocrx_word' id='word_1_642' title='bbox 536 4467 781 4537; x_wconf 86' lang='lat' dir='ltr'><strong>digniore</strong></span> <span class='ocrx_word' id='word_1_643' title='bbox 809 4471 1074 4528; x_wconf 86' lang='lat' dir='ltr'><strong>laudares.</strong></span> 
     </span>
    </p>
   </div>
   <div class='ocr_carea' id='block_1_79' title="bbox 1965 3198 3546 3269">
    <p class='ocr_par' dir='ltr' id='par_1_79' title="bbox 1965 3198 3546 3269">
     <span class='ocr_line' id='line_1_79' title="bbox 1965 3198 3546 3269; baseline -0.001 -15"><span class='ocrx_word' id='word_1_644' title='bbox 1965 3199 2210 3255; x_wconf 85' lang='lat' dir='ltr'><strong>sensibus</strong></span> <span class='ocrx_word' id='word_1_645' title='bbox 2255 3199 2430 3254; x_wconf 86' lang='lat' dir='ltr'><strong>carnis</strong></span> <span class='ocrx_word' id='word_1_646' title='bbox 2468 3200 2735 3253; x_wconf 85' lang='lat' dir='ltr'><strong>imitemur</strong></span> <span class='ocrx_word' id='word_1_647' title='bbox 2758 3210 2826 3266; x_wconf 74' lang='lat' dir='ltr'><strong>m;</strong></span> <span class='ocrx_word' id='word_1_648' title='bbox 2877 3209 2934 3254; x_wconf 93' lang='lat' dir='ltr'><strong>ut</strong></span> <span class='ocrx_word' id='word_1_649' title='bbox 2952 3198 3070 3269; x_wconf 82' lang='lat' dir='ltr'><strong>jam</strong></span> <span class='ocrx_word' id='word_1_650' title='bbox 3101 3215 3207 3255; x_wconf 88' lang='lat' dir='ltr'><strong>non</strong></span> <span class='ocrx_word' id='word_1_651' title='bbox 3238 3209 3421 3254; x_wconf 88' lang='lat' dir='ltr'><strong>nostra</strong></span> <span class='ocrx_word' id='word_1_652' title='bbox 3450 3215 3546 3253; x_wconf 82' lang='lat' dir='ltr'><strong>vu-</strong></span> 
     </span>
    </p>
   </div>
   <div class='ocr_carea' id='block_1_80' title="bbox 1967 3288 3601 3360">
    <p class='ocr_par' dir='ltr' id='par_1_80' title="bbox 1967 3288 3601 3360">
     <span class='ocr_line' id='line_1_80' title="bbox 1967 3288 3601 3360; baseline -0.001 -15"><span class='ocrx_word' id='word_1_653' title='bbox 1967 3291 2170 3346; x_wconf 81' lang='lat' dir='ltr'><strong>luntale</strong></span> <span class='ocrx_word' id='word_1_654' title='bbox 2194 3289 2452 3356; x_wconf 83' lang='lat' dir='ltr'><strong>vivamus,</strong></span> <span class='ocrx_word' id='word_1_655' title='bbox 2480 3290 2572 3345; x_wconf 91' lang='lat' dir='ltr'><strong>sed</strong></span> <span class='ocrx_word' id='word_1_656' title='bbox 2596 3290 2735 3345; x_wconf 88' lang='lat' dir='ltr'><strong>illius</strong></span> <span class='ocrx_word' id='word_1_657' title='bbox 2756 3291 2907 3360; x_wconf 86' lang='lat' dir='ltr'><strong>cujus</strong></span> <span class='ocrx_word' id='word_1_658' title='bbox 2928 3291 3173 3346; x_wconf 88' lang='lat' dir='ltr'><strong>voluntas</strong></span> <span class='ocrx_word' id='word_1_659' title='bbox 3195 3288 3547 3346; x_wconf 76' lang='lat' dir='ltr'><strong>sanctificatio</strong></span> <span class='ocrx_word' id='word_1_660' title='bbox 3598 3332 3601 3335; x_wconf 93' lang='lat'><strong>.</strong></span> 
     </span>
    </p>
   </div>
   <div class='ocr_carea' id='block_1_81' title="bbox 1967 3382 3548 3453">
    <p class='ocr_par' dir='ltr' id='par_1_81' title="bbox 1967 3382 3548 3453">
     <span class='ocr_line' id='line_1_81' title="bbox 1967 3382 3548 3453; baseline -0.002 -15"><span class='ocrx_word' id='word_1_661' title='bbox 1967 3393 2151 3439; x_wconf 87' lang='lat' dir='ltr'><strong>nostra</strong></span> <span class='ocrx_word' id='word_1_662' title='bbox 2201 3393 2304 3447; x_wconf 83' lang='lat' dir='ltr'><strong>est,</strong></span> <span class='ocrx_word' id='word_1_663' title='bbox 2362 3392 2417 3437; x_wconf 89' lang='lat' dir='ltr'><strong>et</strong></span> <span class='ocrx_word' id='word_1_664' title='bbox 2456 3383 2546 3453; x_wconf 89' lang='lat' dir='ltr'><strong>qui</strong></span> <span class='ocrx_word' id='word_1_665' title='bbox 2572 3382 2691 3438; x_wconf 92' lang='lat' dir='ltr'><strong>ideo</strong></span> <span class='ocrx_word' id='word_1_666' title='bbox 2703 3398 2808 3453; x_wconf 92' lang='lat' dir='ltr'><strong>pro</strong></span> <span class='ocrx_word' id='word_1_667' title='bbox 2834 3383 2986 3437; x_wconf 89' lang='lat' dir='ltr'><strong>nobis</strong></span> <span class='ocrx_word' id='word_1_668' title='bbox 3008 3389 3250 3438; x_wconf 86' lang='lat' dir='ltr'><strong>mortuus</strong></span> <span class='ocrx_word' id='word_1_669' title='bbox 3277 3390 3358 3436; x_wconf 87' lang='lat' dir='ltr'><strong>est</strong></span> <span class='ocrx_word' id='word_1_670' title='bbox 3378 3389 3433 3437; x_wconf 88' lang='lat' dir='ltr'><strong>et</strong></span> <span class='ocrx_word' id='word_1_671' title='bbox 3460 3396 3548 3435; x_wconf 88' lang='lat' dir='ltr'><strong>re-</strong></span> 
     </span>
    </p>
   </div>
   <div class='ocr_carea' id='block_1_82' title="bbox 1967 3471 3547 3545">
    <p class='ocr_par' dir='ltr' id='par_1_82' title="bbox 1967 3471 3547 3545">
     <span class='ocr_line' id='line_1_82' title="bbox 1967 3471 3547 3545; baseline -0.003 -14"><span class='ocrx_word' id='word_1_672' title='bbox 1967 3476 2217 3542; x_wconf 79' lang='lat' dir='ltr'><strong>surrexit,</strong></span> <span class='ocrx_word' id='word_1_673' title='bbox 2252 3484 2308 3529; x_wconf 94' lang='lat' dir='ltr'><strong>ut</strong></span> <span class='ocrx_word' id='word_1_674' title='bbox 2330 3474 2442 3545; x_wconf 85' lang='lat' dir='ltr'><strong>jam</strong></span> <span class='ocrx_word' id='word_1_675' title='bbox 2475 3474 2779 3538; x_wconf 89' lang='lat' dir='ltr'><strong>nonnobis,</strong></span> <span class='ocrx_word' id='word_1_676' title='bbox 2811 3473 2904 3528; x_wconf 93' lang='lat' dir='ltr'><strong>sed</strong></span> <span class='ocrx_word' id='word_1_677' title='bbox 2936 3473 3009 3527; x_wconf 89' lang='lat' dir='ltr'><strong>illi</strong></span> <span class='ocrx_word' id='word_1_678' title='bbox 3041 3472 3300 3537; x_wconf 90' lang='lat' dir='ltr'><strong>vivamus,</strong></span> <span class='ocrx_word' id='word_1_679' title='bbox 3330 3471 3422 3541; x_wconf 88' lang='lat' dir='ltr'><strong>qui</strong></span> <span class='ocrx_word' id='word_1_680' title='bbox 3450 3487 3547 3541; x_wconf 90' lang='lat' dir='ltr'><strong>pro</strong></span> 
     </span>
    </p>
   </div>
   <div class='ocr_carea' id='block_1_83' title="bbox 1969 3562 3549 3633">
    <p class='ocr_par' dir='ltr' id='par_1_83' title="bbox 1969 3562 3549 3633">
     <span class='ocr_line' id='line_1_83' title="bbox 1969 3562 3549 3633; baseline -0.003 -13"><span class='ocrx_word' id='word_1_681' title='bbox 1969 3566 2123 3622; x_wconf 89' lang='lat' dir='ltr'><strong>nobis</strong></span> <span class='ocrx_word' id='word_1_682' title='bbox 2146 3574 2384 3620; x_wconf 88' lang='lat' dir='ltr'><strong>mortuus</strong></span> <span class='ocrx_word' id='word_1_683' title='bbox 2406 3572 2489 3620; x_wconf 86' lang='lat' dir='ltr'><strong>est</strong></span> <span class='ocrx_word' id='word_1_684' title='bbox 2509 3574 2562 3620; x_wconf 91' lang='lat' dir='ltr'><strong>et</strong></span> <span class='ocrx_word' id='word_1_685' title='bbox 2590 3565 2905 3631; x_wconf 80' lang='lat' dir='ltr'><strong>resurrexit,</strong></span> <span class='ocrx_word' id='word_1_686' title='bbox 2926 3572 2981 3619; x_wconf 93' lang='lat' dir='ltr'><strong>et</strong></span> <span class='ocrx_word' id='word_1_687' title='bbox 3006 3563 3152 3620; x_wconf 88' lang='lat' dir='ltr'><strong>dedit</strong></span> <span class='ocrx_word' id='word_1_688' title='bbox 3179 3562 3333 3619; x_wconf 86' lang='lat' dir='ltr'><strong>nobis</strong></span> <span class='ocrx_word' id='word_1_689' title='bbox 3359 3563 3549 3633; x_wconf 89' lang='lat' dir='ltr'><strong>pignus</strong></span> 
     </span>
    </p>
   </div>
   <div class='ocr_carea' id='block_1_84' title="bbox 1968 3656 3546 3730">
    <p class='ocr_par' dir='ltr' id='par_1_84' title="bbox 1968 3656 3546 3730">
     <span class='ocr_line' id='line_1_84' title="bbox 1968 3656 3546 3730; baseline -0.003 -15"><span class='ocrx_word' id='word_1_690' title='bbox 1968 3658 2398 3730; x_wconf 88' lang='lat' dir='ltr'><strong>repromissionis</strong></span> <span class='ocrx_word' id='word_1_691' title='bbox 2425 3673 2534 3713; x_wconf 79' lang='lat' dir='ltr'><strong>sua:</strong></span> <span class='ocrx_word' id='word_1_692' title='bbox 2554 3656 2756 3730; x_wconf 89' lang='lat' dir='ltr'><strong>Spiritu</strong></span> <span class='ocrx_word' id='word_1_693' title='bbox 2785 3657 3067 3723; x_wconf 75' lang='lat' dir='ltr'><strong>suo,‘sicut</strong></span> <span class='ocrx_word' id='word_1_694' title='bbox 3092 3656 3284 3726; x_wconf 84' lang='lat' dir='ltr'><strong>pignus</strong></span> <span class='ocrx_word' id='word_1_695' title='bbox 3304 3656 3425 3710; x_wconf 72' lang='lat' dir='ltr'><strong>vita:</strong></span> <span class='ocrx_word' id='word_1_696' title='bbox 3444 3669 3546 3710; x_wconf 86' lang='lat' dir='ltr'><strong>no-</strong></span> 
     </span>
    </p>
   </div>
   <div class='ocr_carea' id='block_1_85' title="bbox 1967 3749 3548 3822">
    <p class='ocr_par' dir='ltr' id='par_1_85' title="bbox 1967 3749 3548 3822">
     <span class='ocr_line' id='line_1_85' title="bbox 1967 3749 3548 3822; baseline -0.003 -15"><span class='ocrx_word' id='word_1_697' title='bbox 1967 3760 2091 3807; x_wconf 78' lang='lat' dir='ltr'><strong>stra:</strong></span> <span class='ocrx_word' id='word_1_698' title='bbox 2121 3751 2295 3822; x_wconf 90' lang='lat' dir='ltr'><strong>posuit</strong></span> <span class='ocrx_word' id='word_1_699' title='bbox 2325 3750 2377 3805; x_wconf 91' lang='lat' dir='ltr'><strong>in</strong></span> <span class='ocrx_word' id='word_1_700' title='bbox 2400 3750 2551 3807; x_wconf 82' lang='lat' dir='ltr'><strong>caelis</strong></span> <span class='ocrx_word' id='word_1_701' title='bbox 2580 3751 2630 3805; x_wconf 89' lang='lat' dir='ltr'><strong>in</strong></span> <span class='ocrx_word' id='word_1_702' title='bbox 2654 3765 2884 3821; x_wconf 89' lang='lat' dir='ltr'><strong>corpore</strong></span> <span class='ocrx_word' id='word_1_703' title='bbox 2911 3765 3030 3817; x_wconf 89' lang='lat' dir='ltr'><strong>suo,</strong></span> <span class='ocrx_word' id='word_1_704' title='bbox 3060 3749 3205 3819; x_wconf 86' lang='lat' dir='ltr'><strong>quod</strong></span> <span class='ocrx_word' id='word_1_705' title='bbox 3231 3757 3315 3804; x_wconf 90' lang='lat' dir='ltr'><strong>est</strong></span> <span class='ocrx_word' id='word_1_706' title='bbox 3339 3757 3500 3821; x_wconf 87' lang='lat' dir='ltr'><strong>caput</strong></span> <span class='ocrx_word' id='word_1_707' title='bbox 3527 3750 3548 3779; x_wconf 80' lang='grc'>⁸</span> 
     </span>
    </p>
   </div>
   <div class='ocr_carea' id='block_1_86' title="bbox 1969 3840 3548 3912">
    <p class='ocr_par' dir='ltr' id='par_1_86' title="bbox 1969 3840 3548 3912">
     <span class='ocr_line' id='line_1_86' title="bbox 1969 3840 3548 3912; baseline -0.001 -15"><span class='ocrx_word' id='word_1_708' title='bbox 1969 3841 2210 3912; x_wconf 89' lang='lat' dir='ltr'><strong>corporis</strong></span> <span class='ocrx_word' id='word_1_709' title='bbox 2231 3841 2419 3897; x_wconf 90' lang='lat' dir='ltr'><strong>nostri.</strong></span> <span class='ocrx_word' id='word_1_710' title='bbox 2452 3840 2602 3897; x_wconf 87' lang='lat' dir='ltr'><strong>Unde</strong></span> <span class='ocrx_word' id='word_1_711' title='bbox 2632 3858 2770 3897; x_wconf 88' lang='lat' dir='ltr'><strong>nunc</strong></span> <span class='ocrx_word' id='word_1_712' title='bbox 2794 3842 3127 3912; x_wconf 82' lang='lat' dir='ltr'><strong>exspectatio</strong></span> <span class='ocrx_word' id='word_1_713' title='bbox 3151 3849 3334 3896; x_wconf 86' lang='lat' dir='ltr'><strong>nostra</strong></span> <span class='ocrx_word' id='word_1_714' title='bbox 3363 3842 3548 3907; x_wconf 86' lang='lat' dir='ltr'><strong>Domi-</strong></span> 
     </span>
    </p>
   </div>
   <div class='ocr_carea' id='block_1_87' title="bbox 1970 3930 3552 4001">
    <p class='ocr_par' dir='ltr' id='par_1_87' title="bbox 1970 3930 3552 4001">
     <span class='ocr_line' id='line_1_87' title="bbox 1970 3930 3552 4001; baseline -0.001 -16"><span class='ocrx_word' id='word_1_715' title='bbox 1970 3948 2069 3986; x_wconf 89' lang='lat' dir='ltr'><strong>nus</strong></span> <span class='ocrx_word' id='word_1_716' title='bbox 2090 3940 2172 3985; x_wconf 87' lang='lat' dir='ltr'><strong>est</strong></span> <span class='ocrx_word' id='word_1_717' title='bbox 2198 3940 2245 3996; x_wconf 78' lang='grc' dir='ltr'><strong>η,</strong></span> <span class='ocrx_word' id='word_1_718' title='bbox 2269 3940 2323 3986; x_wconf 89' lang='lat' dir='ltr'><strong>et</strong></span> <span class='ocrx_word' id='word_1_719' title='bbox 2350 3931 2647 3985; x_wconf 87' lang='lat' dir='ltr'><strong>substantia</strong></span> <span class='ocrx_word' id='word_1_720' title='bbox 2676 3946 2793 3999; x_wconf 70' lang='lat' dir='ltr'><strong>qua:</strong></span> <span class='ocrx_word' id='word_1_721' title='bbox 2812 3931 2879 3985; x_wconf 89' lang='lat' dir='ltr'><strong>ab</strong></span> <span class='ocrx_word' id='word_1_722' title='bbox 2908 3931 3023 4000; x_wconf 88' lang='lat' dir='ltr'><strong>ipso</strong></span> <span class='ocrx_word' id='word_1_723' title='bbox 3052 3930 3190 3985; x_wconf 82' lang='lat' dir='ltr'><strong>facta</strong></span> <span class='ocrx_word' id='word_1_724' title='bbox 3213 3938 3289 3985; x_wconf 89' lang='lat' dir='ltr'><strong>est</strong></span> <span class='ocrx_word' id='word_1_725' title='bbox 3314 3931 3455 3999; x_wconf 86' lang='lat' dir='ltr'><strong>apud</strong></span> <span class='ocrx_word' id='word_1_726' title='bbox 3478 3930 3552 4001; x_wconf 90' lang='lat' dir='ltr'><strong>ip-</strong></span> 
     </span>
    </p>
   </div>
   <div class='ocr_carea' id='block_1_88' title="bbox 1970 4017 3603 4089">
    <p class='ocr_par' dir='ltr' id='par_1_88' title="bbox 1970 4017 3603 4089">
     <span class='ocr_line' id='line_1_88' title="bbox 1970 4017 3603 4089; baseline -0.004 -14"><span class='ocrx_word' id='word_1_727' title='bbox 1970 4035 2109 4086; x_wconf 89' lang='lat' dir='ltr'><strong>sum,</strong></span> <span class='ocrx_word' id='word_1_728' title='bbox 2132 4031 2186 4074; x_wconf 86' lang='lat' dir='ltr'><strong>et</strong></span> <span class='ocrx_word' id='word_1_729' title='bbox 2207 4019 2257 4073; x_wconf 91' lang='lat' dir='ltr'><strong>in</strong></span> <span class='ocrx_word' id='word_1_730' title='bbox 2288 4019 2425 4088; x_wconf 88' lang='lat' dir='ltr'><strong>ipso,</strong></span> <span class='ocrx_word' id='word_1_731' title='bbox 2451 4028 2504 4074; x_wconf 88' lang='lat' dir='ltr'><strong>et</strong></span> <span class='ocrx_word' id='word_1_732' title='bbox 2524 4034 2624 4088; x_wconf 84' lang='lat' dir='ltr'><strong>per</strong></span> <span class='ocrx_word' id='word_1_733' title='bbox 2654 4018 2844 4089; x_wconf 65' lang='lat' dir='ltr'><strong>ipsum,</strong></span> <span class='ocrx_word' id='word_1_734' title='bbox 2892 4018 2945 4088; x_wconf 75' lang='lat' dir='ltr'><strong>Ic)</strong></span> <span class='ocrx_word' id='word_1_735' title='bbox 2975 4018 3065 4086; x_wconf 87' lang='lat' dir='ltr'><strong>qui</strong></span> <span class='ocrx_word' id='word_1_736' title='bbox 3087 4017 3450 4075; x_wconf 79' lang='lat' dir='ltr'><strong>conformatus</strong></span> <span class='ocrx_word' id='word_1_737' title='bbox 3469 4028 3553 4074; x_wconf 86' lang='lat' dir='ltr'><strong>est</strong></span> <span class='ocrx_word' id='word_1_738' title='bbox 3596 4064 3603 4069; x_wconf 94' lang='lat'><strong>.</strong></span> 
     </span>
    </p>
   </div>
   <div class='ocr_carea' id='block_1_89' title="bbox 1971 4106 3548 4178">
    <p class='ocr_par' dir='ltr' id='par_1_89' title="bbox 1971 4106 3548 4178">
     <span class='ocr_line' id='line_1_89' title="bbox 1971 4106 3548 4178; baseline -0.001 -14"><span class='ocrx_word' id='word_1_739' title='bbox 1971 4109 2182 4178; x_wconf 75' lang='lat' dir='ltr'><strong>corpori</strong></span> <span class='ocrx_word' id='word_1_740' title='bbox 2210 4108 2527 4162; x_wconf 89' lang='lat' dir='ltr'><strong>humilitatis</strong></span> <span class='ocrx_word' id='word_1_741' title='bbox 2571 4117 2790 4175; x_wconf 62' lang='lat' dir='ltr'><strong>nostrae,</strong></span> <span class='ocrx_word' id='word_1_742' title='bbox 2824 4116 2883 4160; x_wconf 91' lang='lat' dir='ltr'><strong>ut</strong></span> <span class='ocrx_word' id='word_1_743' title='bbox 2909 4123 3007 4161; x_wconf 89' lang='lat' dir='ltr'><strong>nos</strong></span> <span class='ocrx_word' id='word_1_744' title='bbox 3036 4106 3397 4163; x_wconf 84' lang='lat' dir='ltr'><strong>conformaret</strong></span> <span class='ocrx_word' id='word_1_745' title='bbox 3420 4122 3548 4163; x_wconf 86' lang='lat' dir='ltr'><strong>cor-</strong></span> 
     </span>
    </p>
   </div>
   <div class='ocr_carea' id='block_1_90' title="bbox 1971 4197 3549 4270">
    <p class='ocr_par' dir='ltr' id='par_1_90' title="bbox 1971 4197 3549 4270">
     <span class='ocr_line' id='line_1_90' title="bbox 1971 4197 3549 4270; baseline 0.001 -17"><span class='ocrx_word' id='word_1_746' title='bbox 1971 4198 2089 4270; x_wconf 87' lang='lat' dir='ltr'><strong>pori</strong></span> <span class='ocrx_word' id='word_1_747' title='bbox 2119 4198 2299 4267; x_wconf 75' lang='lat' dir='ltr'><strong>gloria:</strong></span> <span class='ocrx_word' id='word_1_748' title='bbox 2327 4214 2453 4260; x_wconf 66' lang='lat' dir='ltr'><strong>suae,</strong></span> <span class='ocrx_word' id='word_1_749' title='bbox 2486 4207 2539 4252; x_wconf 91' lang='lat' dir='ltr'><strong>et</strong></span> <span class='ocrx_word' id='word_1_750' title='bbox 2561 4212 2743 4253; x_wconf 88' lang='lat' dir='ltr'><strong>secum</strong></span> <span class='ocrx_word' id='word_1_751' title='bbox 2767 4197 2820 4254; x_wconf 88' lang='lat' dir='ltr'><strong>iu</strong></span> <span class='ocrx_word' id='word_1_752' title='bbox 2850 4197 3154 4253; x_wconf 76' lang='lat' dir='ltr'><strong>ctelestibus</strong></span> <span class='ocrx_word' id='word_1_753' title='bbox 3181 4199 3473 4255; x_wconf 84' lang='lat' dir='ltr'><strong>collocaret</strong></span> <span class='ocrx_word' id='word_1_754' title='bbox 3502 4208 3549 4255; x_wconf 88' lang='grc' dir='ltr'><strong>ο.</strong></span> 
     </span>
    </p>
   </div>
   <div class='ocr_carea' id='block_1_91' title="bbox 1973 4288 3601 4362">
    <p class='ocr_par' dir='ltr' id='par_1_91' title="bbox 1973 4288 3601 4362">
     <span class='ocr_line' id='line_1_91' title="bbox 1973 4288 3601 4362; baseline 0.002 -18"><span class='ocrx_word' id='word_1_755' title='bbox 1973 4290 2263 4362; x_wconf 80' lang='lat' dir='ltr'><strong>Propterea</strong></span> <span class='ocrx_word' id='word_1_756' title='bbox 2286 4299 2339 4345; x_wconf 92' lang='lat' dir='ltr'><strong>et</strong></span> <span class='ocrx_word' id='word_1_757' title='bbox 2367 4291 2455 4360; x_wconf 90' lang='lat' dir='ltr'><strong>qui</strong></span> <span class='ocrx_word' id='word_1_758' title='bbox 2488 4290 2632 4362; x_wconf 87' lang='lat' dir='ltr'><strong>digni</strong></span> <span class='ocrx_word' id='word_1_759' title='bbox 2664 4288 2860 4345; x_wconf 87' lang='lat' dir='ltr'><strong>fuerint</strong></span> <span class='ocrx_word' id='word_1_760' title='bbox 2881 4290 2984 4345; x_wconf 88' lang='lat' dir='ltr'><strong>vita</strong></span> <span class='ocrx_word' id='word_1_761' title='bbox 3010 4299 3235 4358; x_wconf 69' lang='lat' dir='ltr'><strong>acterna,</strong></span> <span class='ocrx_word' id='word_1_762' title='bbox 3284 4299 3444 4351; x_wconf 87' lang='lat' dir='ltr'><strong>erunt</strong></span> <span class='ocrx_word' id='word_1_763' title='bbox 3496 4292 3550 4347; x_wconf 89' lang='lat' dir='ltr'><strong>in</strong></span> <span class='ocrx_word' id='word_1_764' title='bbox 3596 4334 3601 4337; x_wconf 83' lang='lat'><strong>.</strong></span> 
     </span>
    </p>
   </div>
   <div class='ocr_carea' id='block_1_92' title="bbox 1972 4382 3552 4456">
    <p class='ocr_par' dir='ltr' id='par_1_92' title="bbox 1972 4382 3552 4456">
     <span class='ocr_line' id='line_1_92' title="bbox 1972 4382 3552 4456; baseline -0.001 -16"><span class='ocrx_word' id='word_1_765' title='bbox 1972 4386 2140 4456; x_wconf 87' lang='lat' dir='ltr'><strong>gloria</strong></span> <span class='ocrx_word' id='word_1_766' title='bbox 2186 4384 2335 4453; x_wconf 87' lang='lat' dir='ltr'><strong>regni</strong></span> <span class='ocrx_word' id='word_1_767' title='bbox 2364 4382 2500 4453; x_wconf 78' lang='lat' dir='ltr'><strong>ejus,</strong></span> <span class='ocrx_word' id='word_1_768' title='bbox 2553 4391 2608 4438; x_wconf 89' lang='lat' dir='ltr'><strong>ut</strong></span> <span class='ocrx_word' id='word_1_769' title='bbox 2648 4398 2768 4437; x_wconf 90' lang='lat' dir='ltr'><strong>cum</strong></span> <span class='ocrx_word' id='word_1_770' title='bbox 2814 4382 2934 4451; x_wconf 92' lang='lat' dir='ltr'><strong>ipso</strong></span> <span class='ocrx_word' id='word_1_771' title='bbox 2954 4382 3083 4450; x_wconf 88' lang='lat' dir='ltr'><strong>sint,</strong></span> <span class='ocrx_word' id='word_1_772' title='bbox 3106 4382 3243 4437; x_wconf 90' lang='lat' dir='ltr'><strong>sicut</strong></span> <span class='ocrx_word' id='word_1_773' title='bbox 3263 4382 3552 4453; x_wconf 82' lang='lat' dir='ltr'><strong>Apostolus</strong></span> 
     </span>
    </p>
   </div>
   <div class='ocr_carea' id='block_1_93' title="bbox 1902 4475 3549 4549">
    <p class='ocr_par' dir='ltr' id='par_1_93' title="bbox 1902 4475 3549 4549">
     <span class='ocr_line' id='line_1_93' title="bbox 1902 4475 3549 4549; baseline -0.003 -12"><span class='ocrx_word' id='word_1_774' title='bbox 1902 4477 1946 4537; x_wconf 91' lang='lat' dir='ltr'><strong>D</strong></span> <span class='ocrx_word' id='word_1_775' title='bbox 1972 4483 2067 4549; x_wconf 86' lang='lat' dir='ltr'><strong>ait,</strong></span> <span class='ocrx_word' id='word_1_776' title='bbox 2097 4490 2150 4536; x_wconf 89' lang='lat' dir='ltr'><strong>et</strong></span> <span class='ocrx_word' id='word_1_777' title='bbox 2173 4496 2293 4535; x_wconf 91' lang='lat' dir='ltr'><strong>cum</strong></span> <span class='ocrx_word' id='word_1_778' title='bbox 2325 4479 2439 4549; x_wconf 88' lang='lat' dir='ltr'><strong>ipso</strong></span> <span class='ocrx_word' id='word_1_779' title='bbox 2461 4485 2732 4541; x_wconf 83' lang='lat' dir='ltr'><strong>maneant,</strong></span> <span class='ocrx_word' id='word_1_780' title='bbox 2762 4477 2899 4531; x_wconf 89' lang='lat' dir='ltr'><strong>sicut</strong></span> <span class='ocrx_word' id='word_1_781' title='bbox 2938 4485 2993 4531; x_wconf 90' lang='lat' dir='ltr'><strong>et</strong></span> <span class='ocrx_word' id='word_1_782' title='bbox 3022 4475 3135 4546; x_wconf 83' lang='lat' dir='ltr'><strong>ipse</strong></span> <span class='ocrx_word' id='word_1_783' title='bbox 3187 4476 3445 4532; x_wconf 85' lang='lat' dir='ltr'><strong>Dominus</strong></span> <span class='ocrx_word' id='word_1_784' title='bbox 3482 4478 3549 4533; x_wconf 86' lang='lat' dir='ltr'><strong>ad</strong></span> 
     </span>
    </p>
   </div>
   <div class='ocr_carea' id='block_1_94' title="bbox 365 4578 1861 4662">
    <p class='ocr_par' dir='ltr' id='par_1_94' title="bbox 365 4578 1861 4662">
     <span class='ocr_line' id='line_1_94' title="bbox 365 4578 1861 4662; baseline 0.014 -32"><span class='ocrx_word' id='word_1_785' title='bbox 365 4587 391 4615; x_wconf 75' lang='grc' dir='ltr'><strong>ι</strong></span> <span class='ocrx_word' id='word_1_786' title='bbox 422 4578 611 4662; x_wconf 47' lang='grc' dir='ltr'>ἕλιμι.</span> <span class='ocrx_word' id='word_1_787' title='bbox 650 4582 835 4662; x_wconf 50' lang='lat' dir='ltr'><strong>unﬁt}.</strong></span> <span class='ocrx_word' id='word_1_788' title='bbox 895 4584 941 4662; x_wconf 47' lang='grc' dir='ltr'><strong>λ’</strong></span> <span class='ocrx_word' id='word_1_789' title='bbox 972 4584 1110 4662; x_wconf 51' lang='lat' dir='ltr'><strong>Psal.</strong></span> <span class='ocrx_word' id='word_1_790' title='bbox 1142 4606 1341 4662; x_wconf 57' lang='lat' dir='ltr'><strong>signi,</strong></span> <span class='ocrx_word' id='word_1_791' title='bbox 1377 4592 1468 4662; x_wconf 71' lang='grc' dir='ltr'><strong>ξιἸ.</strong></span> <span class='ocrx_word' id='word_1_792' title='bbox 1546 4604 1569 4631; x_wconf 73' lang='grc' dir='ltr'><strong>ο</strong></span> <span class='ocrx_word' id='word_1_793' title='bbox 1594 4594 1781 4650; x_wconf 79' lang='lat' dir='ltr'><strong>Matth.</strong></span> <span class='ocrx_word' id='word_1_794' title='bbox 1838 4614 1861 4652; x_wconf 82' lang='lat' dir='ltr'><strong>v</strong></span> 
     </span>
    </p>
   </div>
   <div class='ocr_carea' id='block_1_95' title="bbox 1965 4578 3548 4662">
    <p class='ocr_par' dir='ltr' id='par_1_95' title="bbox 1965 4590 3548 4662">
     <span class='ocr_line' id='line_1_95' title="bbox 1965 4590 3548 4662; baseline 0 -12"><span class='ocrx_word' id='word_1_795' title='bbox 1965 4639 1968 4650; x_wconf 90' lang='grc'>.</span> <span class='ocrx_word' id='word_1_796' title='bbox 2045 4596 2073 4636; x_wconf 73' lang='grc' dir='ltr'><strong>ά</strong></span> <span class='ocrx_word' id='word_1_797' title='bbox 2100 4596 2241 4653; x_wconf 85' lang='lat' dir='ltr'><strong>Psal.</strong></span> <span class='ocrx_word' id='word_1_798' title='bbox 2274 4612 2413 4660; x_wconf 77' lang='lat' dir='ltr'><strong>exnv,</strong></span> <span class='ocrx_word' id='word_1_799' title='bbox 2438 4595 2488 4649; x_wconf 89' lang='lat'><strong>9.</strong></span> <span class='ocrx_word' id='word_1_800' title='bbox 2568 4604 2593 4632; x_wconf 74' lang='grc' dir='ltr'>θ</span> <span class='ocrx_word' id='word_1_801' title='bbox 2625 4594 2780 4649; x_wconf 84' lang='lat' dir='ltr'><strong>Rom.</strong></span> <span class='ocrx_word' id='word_1_802' title='bbox 2832 4609 2934 4662; x_wconf 77' lang='lat' dir='ltr'><strong>xu,</strong></span> <span class='ocrx_word' id='word_1_803' title='bbox 2982 4590 3069 4645; x_wconf 82' lang='lat' dir='ltr'><strong>l6.</strong></span> <span class='ocrx_word' id='word_1_804' title='bbox 3150 4590 3167 4631; x_wconf 72' lang='grc' dir='ltr'><strong>ί</strong></span> <span class='ocrx_word' id='word_1_805' title='bbox 3196 4591 3336 4647; x_wconf 89' lang='lat' dir='ltr'><strong>Psal.</strong></span> <span class='ocrx_word' id='word_1_806' title='bbox 3368 4606 3548 4662; x_wconf 73' lang='lat' dir='ltr'><strong>nm,</strong></span> 
     </span>
    </p>
   </div>
   <div class='ocr_carea' id='block_1_96' title="bbox 283 4646 1798 4728">
    <p class='ocr_par' dir='ltr' id='par_1_96' title="bbox 283 4646 1798 4728">
     <span class='ocr_line' id='line_1_96' title="bbox 283 4646 1798 4728; baseline 0.015 -29"><span class='ocrx_word' id='word_1_807' title='bbox 283 4646 550 4728; x_wconf 45' lang='lat' dir='ltr'><strong>ﬁgul’sal</strong></span> <span class='ocrx_word' id='word_1_808' title='bbox 578 4667 684 4728; x_wconf 59' lang='grc' dir='ltr'><strong>ςιιι3</strong></span> <span class='ocrx_word' id='word_1_809' title='bbox 827 4650 1033 4728; x_wconf 41' lang='lat' dir='ltr'><strong>{Psal.</strong></span> <span class='ocrx_word' id='word_1_810' title='bbox 1055 4673 1164 4728; x_wconf 63' lang='lat' dir='ltr'><strong>est,</strong></span> <span class='ocrx_word' id='word_1_811' title='bbox 1196 4659 1248 4712; x_wconf 75' lang='lat'><strong>2;</strong></span> <span class='ocrx_word' id='word_1_812' title='bbox 1321 4646 1357 4698; x_wconf 75' lang='grc' dir='ltr'><strong>ἰι</strong></span> <span class='ocrx_word' id='word_1_813' title='bbox 1381 4646 1519 4717; x_wconf 81' lang='lat' dir='ltr'><strong>Psal.</strong></span> <span class='ocrx_word' id='word_1_814' title='bbox 1546 4646 1798 4728; x_wconf 38' lang='lat' dir='ltr'><strong>xcvi-li).</strong></span> 
     </span>
    </p>
   </div>
   <div class='ocr_carea' id='block_1_97' title="bbox 360 4827 1867 4921">
    <p class='ocr_par' dir='ltr' id='par_1_97' title="bbox 360 4827 1867 4921">
     <span class='ocr_line' id='line_1_97' title="bbox 360 4827 1867 4921; baseline 0.011 -36"><span class='ocrx_word' id='word_1_815' title='bbox 360 4829 444 4921; x_wconf 44' lang='lat' dir='ltr'><strong>in)</strong></span> <span class='ocrx_word' id='word_1_816' title='bbox 467 4827 672 4921; x_wconf 42' lang='lat' dir='ltr'><strong>beans.</strong></span> <span class='ocrx_word' id='word_1_817' title='bbox 696 4833 1157 4921; x_wconf 68' lang='lat' dir='ltr'><strong>Phimarconensis</strong></span> <span class='ocrx_word' id='word_1_818' title='bbox 1181 4841 1353 4921; x_wconf 80' lang='lat' dir='ltr'><strong>codex</strong></span> <span class='ocrx_word' id='word_1_819' title='bbox 1391 4850 1447 4897; x_wconf 92' lang='lat' dir='ltr'><strong>et</strong></span> <span class='ocrx_word' id='word_1_820' title='bbox 1484 4843 1614 4900; x_wconf 89' lang='lat' dir='ltr'><strong>edit.</strong></span> <span class='ocrx_word' id='word_1_821' title='bbox 1670 4843 1867 4901; x_wconf 86' lang='lat' dir='ltr'><strong>Bened.</strong></span> 
     </span>
    </p>
   </div>
   <div class='ocr_carea' id='block_1_98' title="bbox 285 4900 1330 4967">
    <p class='ocr_par' dir='ltr' id='par_1_98' title="bbox 285 4900 1330 4967">
     <span class='ocr_line' id='line_1_98' title="bbox 285 4900 1330 4967; baseline 0.012 -14"><span class='ocrx_word' id='word_1_822' title='bbox 285 4900 462 4967; x_wconf 81' lang='lat' dir='ltr'><strong>Alias,</strong></span> <span class='ocrx_word' id='word_1_823' title='bbox 493 4904 641 4956; x_wconf 68' lang='lat' dir='ltr'><strong>retuli</strong></span> <span class='ocrx_word' id='word_1_824' title='bbox 663 4921 728 4958; x_wconf 75' lang='lat' dir='ltr'><strong>ea:</strong></span> <span class='ocrx_word' id='word_1_825' title='bbox 754 4915 868 4960; x_wconf 76' lang='lat' dir='ltr'><strong>voto</strong></span> <span class='ocrx_word' id='word_1_826' title='bbox 889 4910 1181 4965; x_wconf 72' lang='lat' dir='ltr'><strong>sanctitatis</strong></span> <span class='ocrx_word' id='word_1_827' title='bbox 1211 4920 1330 4966; x_wconf 67' lang='lat' dir='ltr'><strong>tuae.</strong></span> 
     </span>
    </p>
   </div>
   <div class='ocr_carea' id='block_1_99' title="bbox 284 4970 1868 5106">
    <p class='ocr_par' dir='ltr' id='par_1_99' title="bbox 284 4970 1868 5106">
     <span class='ocr_line' id='line_1_99' title="bbox 364 4970 1868 5053; baseline 0.006 -23"><span class='ocrx_word' id='word_1_828' title='bbox 364 4970 442 5051; x_wconf 58' lang='grc' dir='ltr'><strong>(ρ)</strong></span> <span class='ocrx_word' id='word_1_829' title='bbox 472 4970 561 5053; x_wconf 76' lang='lat' dir='ltr'><strong>Sic</strong></span> <span class='ocrx_word' id='word_1_830' title='bbox 579 4973 708 5028; x_wconf 86' lang='lat' dir='ltr'><strong>edit.</strong></span> <span class='ocrx_word' id='word_1_831' title='bbox 731 4974 932 5031; x_wconf 88' lang='lat' dir='ltr'><strong>Bened.</strong></span> <span class='ocrx_word' id='word_1_832' title='bbox 954 4974 1053 5045; x_wconf 66' lang='lat' dir='ltr'><strong>Ed.</strong></span> <span class='ocrx_word' id='word_1_833' title='bbox 1079 4978 1263 5048; x_wconf 83' lang='lat' dir='ltr'><strong>Rosv.,</strong></span> <span class='ocrx_word' id='word_1_834' title='bbox 1295 4981 1570 5053; x_wconf 79' lang='lat' dir='ltr'><strong>religiosis.</strong></span> <span class='ocrx_word' id='word_1_835' title='bbox 1597 4981 1868 5052; x_wconf 87' lang='lat' dir='ltr'><strong>Sacchin.,</strong></span> 
     </span>
     <span class='ocr_line' id='line_1_100' title="bbox 284 5040 579 5106; baseline 0 -11"><span class='ocrx_word' id='word_1_836' title='bbox 284 5040 579 5106; x_wconf 71' lang='lat' dir='ltr'><strong>religionis.</strong></span> 
     </span>
    </p>
   </div>
   <div class='ocr_carea' id='block_1_100' title="bbox 284 5106 1869 5235">
    <p class='ocr_par' dir='ltr' id='par_1_100' title="bbox 284 5106 1869 5235">
     <span class='ocr_line' id='line_1_101' title="bbox 284 5106 1869 5235; baseline 0.008 -70"><span class='ocrx_word' id='word_1_837' title='bbox 284 5106 663 5235; x_wconf 49' lang='lat' dir='ltr'><strong>60:31:de</strong></span> <span class='ocrx_word' id='word_1_838' title='bbox 689 5130 794 5169; x_wconf 87' lang='lat' dir='ltr'><strong>vox</strong></span> <span class='ocrx_word' id='word_1_839' title='bbox 822 5116 895 5169; x_wconf 81' lang='lat' dir='ltr'><strong>dii</strong></span> <span class='ocrx_word' id='word_1_840' title='bbox 916 5131 985 5172; x_wconf 82' lang='lat' dir='ltr'><strong>ex</strong></span> <span class='ocrx_word' id='word_1_841' title='bbox 1009 5117 1137 5173; x_wconf 87' lang='lat' dir='ltr'><strong>edit.</strong></span> <span class='ocrx_word' id='word_1_842' title='bbox 1191 5119 1392 5176; x_wconf 87' lang='lat' dir='ltr'><strong>Bened.</strong></span> <span class='ocrx_word' id='word_1_843' title='bbox 1426 5137 1546 5179; x_wconf 90' lang='lat' dir='ltr'><strong>cum</strong></span> <span class='ocrx_word' id='word_1_844' title='bbox 1576 5138 1704 5179; x_wconf 85' lang='lat' dir='ltr'><strong>mss.</strong></span> <span class='ocrx_word' id='word_1_845' title='bbox 1747 5125 1869 5180; x_wconf 90' lang='lat' dir='ltr'><strong>cod.</strong></span> 
     </span>
    </p>
   </div>
   <div class='ocr_carea' id='block_1_101' title="bbox 366 5247 1460 5319">
    <p class='ocr_par' dir='ltr' id='par_1_101' title="bbox 366 5247 1460 5319">
     <span class='ocr_line' id='line_1_102' title="bbox 366 5247 1460 5319; baseline 0.014 -18"><span class='ocrx_word' id='word_1_846' title='bbox 366 5250 451 5319; x_wconf 76' lang='grc' dir='ltr'><strong>(ά)</strong></span> <span class='ocrx_word' id='word_1_847' title='bbox 481 5247 555 5304; x_wconf 89' lang='lat' dir='ltr'><strong>lta</strong></span> <span class='ocrx_word' id='word_1_848' title='bbox 575 5252 706 5307; x_wconf 89' lang='lat' dir='ltr'><strong>edit.</strong></span> <span class='ocrx_word' id='word_1_849' title='bbox 738 5253 935 5312; x_wconf 86' lang='lat' dir='ltr'><strong>Bened.</strong></span> <span class='ocrx_word' id='word_1_850' title='bbox 963 5258 1099 5314; x_wconf 85' lang='lat' dir='ltr'><strong>Ante</strong></span> <span class='ocrx_word' id='word_1_851' title='bbox 1121 5268 1236 5315; x_wconf 89' lang='lat' dir='ltr'><strong>erat</strong></span> <span class='ocrx_word' id='word_1_852' title='bbox 1260 5260 1460 5316; x_wconf 79' lang='lat' dir='ltr'><strong>domus.</strong></span> 
     </span>
    </p>
   </div>
   <div class='ocr_carea' id='block_1_102' title="bbox 260 5319 1870 5388">
    <p class='ocr_par' dir='ltr' id='par_1_102' title="bbox 260 5319 1870 5388">
     <span class='ocr_line' id='line_1_103' title="bbox 260 5319 1870 5388; baseline 0.009 -17"><span class='ocrx_word' id='word_1_853' title='bbox 260 5336 269 5348; x_wconf 64' lang='grc' dir='ltr'><strong>ι</strong></span> <span class='ocrx_word' id='word_1_854' title='bbox 365 5326 437 5387; x_wconf 83' lang='lat' dir='ltr'><strong>(e)</strong></span> <span class='ocrx_word' id='word_1_855' title='bbox 469 5319 626 5377; x_wconf 77' lang='lat' dir='ltr'><strong>Juxta</strong></span> <span class='ocrx_word' id='word_1_856' title='bbox 656 5338 757 5378; x_wconf 84' lang='lat' dir='ltr'><strong>ms.</strong></span> <span class='ocrx_word' id='word_1_857' title='bbox 789 5326 1030 5382; x_wconf 89' lang='lat' dir='ltr'><strong>codicem</strong></span> <span class='ocrx_word' id='word_1_858' title='bbox 1089 5327 1595 5386; x_wconf 85' lang='lat' dir='ltr'><strong>Phimarconensem</strong></span> <span class='ocrx_word' id='word_1_859' title='bbox 1644 5340 1698 5386; x_wconf 88' lang='lat' dir='ltr'><strong>et</strong></span> <span class='ocrx_word' id='word_1_860' title='bbox 1742 5332 1870 5388; x_wconf 87' lang='lat' dir='ltr'><strong>edit.</strong></span> 
     </span>
    </p>
   </div>
   <div class='ocr_carea' id='block_1_103' title="bbox 284 5388 1881 5466">
    <p class='ocr_par' dir='ltr' id='par_1_103' title="bbox 284 5388 1881 5466">
     <span class='ocr_line' id='line_1_104' title="bbox 284 5388 1881 5466; baseline 0.01 -24"><span class='ocrx_word' id='word_1_861' title='bbox 284 5388 499 5444; x_wconf 62' lang='lat' dir='ltr'><strong>Bene].</strong></span> <span class='ocrx_word' id='word_1_862' title='bbox 510 5394 916 5466; x_wconf 66' lang='lat' dir='ltr'><strong>emendavimus</strong></span> <span class='ocrx_word' id='word_1_863' title='bbox 932 5400 1072 5465; x_wconf 82' lang='lat' dir='ltr'><strong>pari.</strong></span> <span class='ocrx_word' id='word_1_864' title='bbox 1092 5398 1226 5455; x_wconf 83' lang='lat' dir='ltr'><strong>Vera</strong></span> <span class='ocrx_word' id='word_1_865' title='bbox 1249 5400 1428 5466; x_wconf 89' lang='lat' dir='ltr'><strong>lectio,</strong></span> <span class='ocrx_word' id='word_1_866' title='bbox 1450 5417 1570 5455; x_wconf 90' lang='lat' dir='ltr'><strong>cum</strong></span> <span class='ocrx_word' id='word_1_867' title='bbox 1592 5410 1717 5456; x_wconf 89' lang='lat' dir='ltr'><strong>ante</strong></span> <span class='ocrx_word' id='word_1_868' title='bbox 1737 5410 1881 5458; x_wconf 87' lang='lat' dir='ltr'><strong>esset</strong></span> 
     </span>
    </p>
   </div>
   <div class='ocr_carea' id='block_1_104' title="bbox 283 5460 1873 5549">
    <p class='ocr_par' dir='ltr' id='par_1_104' title="bbox 283 5460 1873 5549">
     <span class='ocr_line' id='line_1_105' title="bbox 283 5460 1873 5549; baseline 0.01 -39"><span class='ocrx_word' id='word_1_869' title='bbox 283 5460 627 5549; x_wconf 27' lang='lat' dir='ltr'><strong>avenge“</strong></span> <span class='ocrx_word' id='word_1_870' title='bbox 644 5460 900 5545; x_wconf 78' lang='lat' dir='ltr'><strong>Paulinus</strong></span> <span class='ocrx_word' id='word_1_871' title='bbox 1136 5460 1795 5549; x_wconf 54' lang='lat' dir='ltr'><strong>epist._5_2_ad_severum,</strong></span> <span class='ocrx_word' id='word_1_872' title='bbox 1819 5488 1873 5549; x_wconf 69' lang='grc' dir='ltr'><strong>ῃ.</strong></span> 
     </span>
    </p>
   </div>
   <div class='ocr_carea' id='block_1_105' title="bbox 283 5528 1872 5677">
    <p class='ocr_par' dir='ltr' id='par_1_105' title="bbox 283 5528 1872 5677">
     <span class='ocr_line' id='line_1_106' title="bbox 283 5528 1872 5613; baseline 0.007 -32"><span class='ocrx_word' id='word_1_873' title='bbox 283 5528 388 5595; x_wconf 71' lang='grc'><strong>17,</strong></span> <span class='ocrx_word' id='word_1_874' title='bbox 416 5544 541 5598; x_wconf 79' lang='lat' dir='ltr'><strong>pare</strong></span> <span class='ocrx_word' id='word_1_875' title='bbox 583 5528 860 5613; x_wconf 66' lang='lat' dir='ltr'><strong>Gerrasio;</strong></span> <span class='ocrx_word' id='word_1_876' title='bbox 888 5544 945 5590; x_wconf 88' lang='lat' dir='ltr'><strong>et</strong></span> <span class='ocrx_word' id='word_1_877' title='bbox 965 5537 1123 5606; x_wconf 84' lang='lat' dir='ltr'><strong>epist.</strong></span> <span class='ocrx_word' id='word_1_878' title='bbox 1157 5528 1224 5592; x_wconf 65' lang='lat' dir='ltr'><strong>i8</strong></span> <span class='ocrx_word' id='word_1_879' title='bbox 1252 5539 1319 5594; x_wconf 91' lang='lat' dir='ltr'><strong>ad</strong></span> <span class='ocrx_word' id='word_1_880' title='bbox 1346 5539 1679 5609; x_wconf 80' lang='lat' dir='ltr'><strong>Victrieium,</strong></span> <span class='ocrx_word' id='word_1_881' title='bbox 1712 5528 1793 5595; x_wconf 53' lang='lat' dir='ltr'><strong>n.&#39;</strong></span> <span class='ocrx_word' id='word_1_882' title='bbox 1819 5540 1872 5605; x_wconf 79' lang='lat'><strong>3,</strong></span> 
     </span>
     <span class='ocr_line' id='line_1_107' title="bbox 283 5598 1494 5677; baseline 0.012 -27"><span class='ocrx_word' id='word_1_883' title='bbox 283 5614 424 5677; x_wconf 61' lang='lat' dir='ltr'><strong>pars</strong></span> <span class='ocrx_word' id='word_1_884' title='bbox 451 5598 756 5677; x_wconf 56' lang='lat' dir='ltr'><strong>formatio,</strong></span> <span class='ocrx_word' id='word_1_885' title='bbox 788 5612 836 5657; x_wconf 78' lang='lat' dir='ltr'><strong>et</strong></span> <span class='ocrx_word' id='word_1_886' title='bbox 859 5614 906 5659; x_wconf 81' lang='lat' dir='ltr'><strong>te</strong></span> <span class='ocrx_word' id='word_1_887' title='bbox 932 5607 1211 5662; x_wconf 70' lang='lat' dir='ltr'><strong>amborum“</strong></span> <span class='ocrx_word' id='word_1_888' title='bbox 1228 5609 1494 5677; x_wconf 79' lang='lat' dir='ltr'><strong>magistro.</strong></span> 
     </span>
    </p>
   </div>
   <div class='ocr_carea' id='block_1_106' title="bbox 262 5667 1876 5741">
    <p class='ocr_par' dir='ltr' id='par_1_106' title="bbox 262 5667 1876 5741">
     <span class='ocr_line' id='line_1_108' title="bbox 262 5667 1876 5741; baseline 0.007 -15"><span class='ocrx_word' id='word_1_889' title='bbox 262 5667 298 5734; x_wconf 65' lang='grc' dir='ltr'><strong>,ξ’</strong></span> <span class='ocrx_word' id='word_1_890' title='bbox 368 5671 448 5741; x_wconf 58' lang='grc' dir='ltr'><strong>(ἢ</strong></span> <span class='ocrx_word' id='word_1_891' title='bbox 462 5667 586 5741; x_wconf 66' lang='lat' dir='ltr'><strong>litec</strong></span> <span class='ocrx_word' id='word_1_892' title='bbox 606 5686 714 5727; x_wconf 73' lang='lat' dir='ltr'><strong>vox</strong></span> <span class='ocrx_word' id='word_1_893' title='bbox 737 5673 934 5730; x_wconf 84' lang='lat' dir='ltr'><strong>inserta</strong></span> <span class='ocrx_word' id='word_1_894' title='bbox 953 5692 1021 5732; x_wconf 78' lang='lat' dir='ltr'><strong>ex</strong></span> <span class='ocrx_word' id='word_1_895' title='bbox 1041 5678 1277 5735; x_wconf 89' lang='lat' dir='ltr'><strong>editione</strong></span> <span class='ocrx_word' id='word_1_896' title='bbox 1296 5667 1493 5736; x_wconf 54' lang='lat' dir='ltr'><strong>B&#39;ened.</strong></span> <span class='ocrx_word' id='word_1_897' title='bbox 1518 5680 1607 5736; x_wconf 87' lang='lat' dir='ltr'><strong>Sic</strong></span> <span class='ocrx_word' id='word_1_898' title='bbox 1628 5680 1876 5738; x_wconf 84' lang='lat' dir='ltr'><strong>Paulinus</strong></span> 
     </span>
    </p>
   </div>
   <div class='ocr_carea' id='block_1_107' title="bbox 260 5738 1433 5809">
    <p class='ocr_par' dir='ltr' id='par_1_107' title="bbox 260 5738 1433 5809">
     <span class='ocr_line' id='line_1_109' title="bbox 260 5738 1433 5809; baseline 0.017 -22"><span class='ocrx_word' id='word_1_899' title='bbox 260 5738 483 5809; x_wconf 11' lang='lat' dir='ltr'><strong>rep.&#39;50</strong></span> <span class='ocrx_word' id='word_1_900' title='bbox 511 5741 575 5795; x_wconf 89' lang='lat' dir='ltr'><strong>ad</strong></span> <span class='ocrx_word' id='word_1_901' title='bbox 601 5742 848 5808; x_wconf 80' lang='lat' dir='ltr'><strong>August..</strong></span> <span class='ocrx_word' id='word_1_902' title='bbox 874 5761 928 5799; x_wconf 86' lang='grc' dir='ltr'>ιι.</span> <span class='ocrx_word' id='word_1_903' title='bbox 960 5746 1012 5799; x_wconf 75' lang='grc'><strong>2.</strong></span> <span class='ocrx_word' id='word_1_904' title='bbox 1430 5760 1433 5761; x_wconf 66' lang='grc'><strong><em>⁷</em></strong></span> 
     </span>
    </p>
   </div>
   <div class='ocr_carea' id='block_1_108' title="bbox 573 5835 1061 5899">
    <p class='ocr_par' dir='ltr' id='par_1_108' title="bbox 573 5835 1061 5899">
     <span class='ocr_line' id='line_1_110' title="bbox 573 5835 1061 5899; baseline 0.01 -5"><span class='ocrx_word' id='word_1_905' title='bbox 573 5835 849 5895; x_wconf 55' lang='lat' dir='ltr'><strong>Parnm“</strong></span> <span class='ocrx_word' id='word_1_906' title='bbox 902 5839 1061 5899; x_wconf 79' lang='lat' dir='ltr'><strong>LXI.</strong></span> 
     </span>
    </p>
   </div>
   <div class='ocr_carea' id='block_1_109' title="bbox 1882 4660 2846 4733">
    <p class='ocr_par' dir='ltr' id='par_1_109' title="bbox 1882 4660 2846 4733">
     <span class='ocr_line' id='line_1_111' title="bbox 1882 4660 2846 4733; baseline -0.004 -11"><span class='ocrx_word' id='word_1_907' title='bbox 1882 4660 2044 4723; x_wconf 69' lang='lat' dir='ltr'><strong>iCol.</strong></span> <span class='ocrx_word' id='word_1_908' title='bbox 2077 4685 2151 4733; x_wconf 88' lang='grc' dir='ltr'>ιιι,</span> <span class='ocrx_word' id='word_1_909' title='bbox 2181 4666 2264 4720; x_wconf 75' lang='grc'><strong>16.</strong></span> <span class='ocrx_word' id='word_1_910' title='bbox 2347 4665 2360 4716; x_wconf 81' lang='grc' dir='ltr'><strong>ι</strong></span> <span class='ocrx_word' id='word_1_911' title='bbox 2413 4662 2553 4720; x_wconf 83' lang='lat' dir='ltr'><strong>Psal.</strong></span> <span class='ocrx_word' id='word_1_912' title='bbox 2602 4682 2742 4728; x_wconf 65' lang='lat' dir='ltr'><strong>xcv,</strong></span> <span class='ocrx_word' id='word_1_913' title='bbox 2796 4663 2846 4718; x_wconf 82' lang='lat'><strong>5.</strong></span> 
     </span>
    </p>
   </div>
   <div class='ocr_carea' id='block_1_110' title="bbox 286 4716 1861 4806">
    <p class='ocr_par' dir='ltr' id='par_1_110' title="bbox 286 4716 1861 4796">
     <span class='ocr_line' id='line_1_112' title="bbox 286 4716 1861 4796; baseline 0.013 -25"><span class='ocrx_word' id='word_1_914' title='bbox 286 4716 457 4788; x_wconf 71' lang='lat' dir='ltr'><strong>LXX.</strong></span> <span class='ocrx_word' id='word_1_915' title='bbox 535 4718 553 4758; x_wconf 78' lang='grc' dir='ltr'><strong>ι</strong></span> <span class='ocrx_word' id='word_1_916' title='bbox 585 4722 705 4779; x_wconf 91' lang='lat' dir='ltr'><strong>Col.</strong></span> <span class='ocrx_word' id='word_1_917' title='bbox 738 4738 792 4791; x_wconf 88' lang='grc' dir='ltr'>ιι,</span> <span class='ocrx_word' id='word_1_918' title='bbox 822 4723 912 4779; x_wconf 70' lang='lat'><strong>20.</strong></span> <span class='ocrx_word' id='word_1_919' title='bbox 985 4734 1025 4763; x_wconf 72' lang='grc' dir='ltr'>ω</span> <span class='ocrx_word' id='word_1_920' title='bbox 1054 4725 1072 4780; x_wconf 97' lang='lat' dir='ltr'><strong>l</strong></span> <span class='ocrx_word' id='word_1_921' title='bbox 1102 4716 1287 4785; x_wconf 82' lang='lat' dir='ltr'><strong>Thess.</strong></span> <span class='ocrx_word' id='word_1_922' title='bbox 1320 4747 1400 4796; x_wconf 85' lang='lat' dir='ltr'><strong>tv,</strong></span> <span class='ocrx_word' id='word_1_923' title='bbox 1427 4734 1479 4786; x_wconf 78' lang='grc'><strong>5.</strong></span> <span class='ocrx_word' id='word_1_924' title='bbox 1550 4716 1861 4791; x_wconf 12' lang='grc' dir='ltr'><strong>γιῗΡξειΙίιωιη</strong></span> 
     </span>
    </p>
   </div>
   <div class='ocr_carea' id='block_1_111' title="bbox 1965 4716 2111 4806">
    <p class='ocr_par' dir='ltr' id='par_1_111' title="bbox 1965 4716 2111 4806">
     <span class='ocr_line' id='line_1_113' title="bbox 1965 4716 2111 4806; baseline -0.007 -13"><span class='ocrx_word' id='word_1_925' title='bbox 1965 4716 2044 4806; x_wconf 59' lang='grc' dir='ltr'><strong>ἐἶ’</strong></span> <span class='ocrx_word' id='word_1_926' title='bbox 2059 4716 2111 4792; x_wconf 70' lang='grc' dir='ltr'><strong>ἐξ</strong></span> 
     </span>
    </p>
   </div>
   <div class='ocr_carea' id='block_1_112' title="bbox 2924 4660 3547 4730">
    <p class='ocr_par' dir='ltr' id='par_1_112' title="bbox 2924 4660 3547 4730">
     <span class='ocr_line' id='line_1_114' title="bbox 2924 4660 3547 4730; baseline 0.01 -13"><span class='ocrx_word' id='word_1_927' title='bbox 2924 4660 2948 4700; x_wconf 75' lang='grc' dir='ltr'>¹ί</span> <span class='ocrx_word' id='word_1_928' title='bbox 2981 4663 3141 4718; x_wconf 86' lang='lat' dir='ltr'><strong>Cant.</strong></span> <span class='ocrx_word' id='word_1_929' title='bbox 3176 4680 3284 4730; x_wconf 86' lang='lat' dir='ltr'><strong>vm,</strong></span> <span class='ocrx_word' id='word_1_930' title='bbox 3337 4664 3389 4729; x_wconf 80' lang='lat'><strong>6,</strong></span> <span class='ocrx_word' id='word_1_931' title='bbox 3437 4660 3547 4722; x_wconf 82' lang='lat' dir='ltr'><strong>sec.</strong></span> 
     </span>
    </p>
   </div>
   <div class='ocr_carea' id='block_1_113' title="bbox 2190 4734 2696 4800">
    <p class='ocr_par' dir='ltr' id='par_1_113' title="bbox 2190 4734 2696 4800">
     <span class='ocr_line' id='line_1_115' title="bbox 2190 4734 2696 4800; baseline -0.006 -9"><span class='ocrx_word' id='word_1_932' title='bbox 2190 4747 2213 4773; x_wconf 88' lang='grc' dir='ltr'><strong>ο</strong></span> <span class='ocrx_word' id='word_1_933' title='bbox 2244 4737 2262 4790; x_wconf 89' lang='grc' dir='ltr'><strong>ι</strong></span> <span class='ocrx_word' id='word_1_934' title='bbox 2291 4737 2477 4791; x_wconf 90' lang='lat' dir='ltr'><strong>Thess.</strong></span> <span class='ocrx_word' id='word_1_935' title='bbox 2510 4752 2581 4800; x_wconf 74' lang='grc' dir='ltr'><strong>ιγ,</strong></span> <span class='ocrx_word' id='word_1_936' title='bbox 2610 4734 2696 4789; x_wconf 75' lang='grc'><strong>16.</strong></span> 
     </span>
    </p>
   </div>
   <div class='ocr_carea' id='block_1_114' title="bbox 2049 4847 3546 4919">
    <p class='ocr_par' dir='ltr' id='par_1_114' title="bbox 2049 4847 3546 4919">
     <span class='ocr_line' id='line_1_116' title="bbox 2049 4847 3546 4919; baseline 0 -17"><span class='ocrx_word' id='word_1_937' title='bbox 2049 4851 2123 4919; x_wconf 82' lang='lat' dir='ltr'><strong>(g)</strong></span> <span class='ocrx_word' id='word_1_938' title='bbox 2147 4848 2512 4919; x_wconf 65' lang='lat' dir='ltr'><strong>Espunximus</strong></span> <span class='ocrx_word' id='word_1_939' title='bbox 2537 4863 2746 4919; x_wconf 85' lang='lat' dir='ltr'><strong>vocem,</strong></span> <span class='ocrx_word' id='word_1_940' title='bbox 2779 4856 2976 4919; x_wconf 73' lang='lat' dir='ltr'><strong>nostra,</strong></span> <span class='ocrx_word' id='word_1_941' title='bbox 3000 4860 3126 4919; x_wconf 68' lang='lat' dir='ltr'><strong>qum</strong></span> <span class='ocrx_word' id='word_1_942' title='bbox 3156 4847 3340 4903; x_wconf 68' lang='lat' dir='ltr'><strong>aberat</strong></span> <span class='ocrx_word' id='word_1_943' title='bbox 3388 4865 3416 4902; x_wconf 86' lang='lat' dir='ltr'><strong>a</strong></span> <span class='ocrx_word' id='word_1_944' title='bbox 3449 4864 3546 4903; x_wconf 89' lang='lat' dir='ltr'><strong>ms.</strong></span> 
     </span>
    </p>
   </div>
   <div class='ocr_carea' id='block_1_115' title="bbox 1977 4916 3547 4987">
    <p class='ocr_par' dir='ltr' id='par_1_115' title="bbox 1977 4916 3547 4987">
     <span class='ocr_line' id='line_1_117' title="bbox 1977 4916 3547 4987; baseline -0.001 -13"><span class='ocrx_word' id='word_1_945' title='bbox 1977 4916 2160 4975; x_wconf 83' lang='lat' dir='ltr'><strong>codice</strong></span> <span class='ocrx_word' id='word_1_946' title='bbox 2190 4916 2623 4972; x_wconf 84' lang='lat' dir='ltr'><strong>Phimarconensi</strong></span> <span class='ocrx_word' id='word_1_947' title='bbox 2655 4926 2708 4971; x_wconf 90' lang='lat' dir='ltr'><strong>et</strong></span> <span class='ocrx_word' id='word_1_948' title='bbox 2736 4917 2863 4987; x_wconf 68' lang='lat' dir='ltr'><strong>edit.</strong></span> <span class='ocrx_word' id='word_1_949' title='bbox 2895 4916 3327 4987; x_wconf 72' lang='lat' dir='ltr'><strong>Bened.,etqum</strong></span> <span class='ocrx_word' id='word_1_950' title='bbox 3355 4933 3547 4987; x_wconf 83' lang='lat' dir='ltr'><strong>perpe-</strong></span> 
     </span>
    </p>
   </div>
   <div class='ocr_carea' id='block_1_116' title="bbox 1976 4985 2933 5043">
    <p class='ocr_par' dir='ltr' id='par_1_116' title="bbox 1976 4985 2933 5043">
     <span class='ocr_line' id='line_1_118' title="bbox 1976 4985 2933 5043; baseline -0.003 0"><span class='ocrx_word' id='word_1_951' title='bbox 1976 5005 2091 5043; x_wconf 90' lang='lat' dir='ltr'><strong>ram</strong></span> <span class='ocrx_word' id='word_1_952' title='bbox 2117 4988 2410 5043; x_wconf 89' lang='lat' dir='ltr'><strong>addebatur</strong></span> <span class='ocrx_word' id='word_1_953' title='bbox 2439 4987 2489 5041; x_wconf 87' lang='lat' dir='ltr'><strong>in</strong></span> <span class='ocrx_word' id='word_1_954' title='bbox 2511 4987 2746 5042; x_wconf 91' lang='lat' dir='ltr'><strong>editione</strong></span> <span class='ocrx_word' id='word_1_955' title='bbox 2774 4985 2933 5040; x_wconf 79' lang='lat' dir='ltr'><strong>Rosv.</strong></span> 
     </span>
    </p>
   </div>
   <div class='ocr_carea' id='block_1_117' title="bbox 2049 5054 3549 5128">
    <p class='ocr_par' dir='ltr' id='par_1_117' title="bbox 2049 5054 3549 5128">
     <span class='ocr_line' id='line_1_119' title="bbox 2049 5054 3549 5128; baseline 0 -18"><span class='ocrx_word' id='word_1_956' title='bbox 2049 5059 2123 5128; x_wconf 77' lang='grc' dir='ltr'><strong>(Ιι)</strong></span> <span class='ocrx_word' id='word_1_957' title='bbox 2166 5058 2253 5128; x_wconf 89' lang='lat' dir='ltr'><strong>Sic</strong></span> <span class='ocrx_word' id='word_1_958' title='bbox 2300 5072 2399 5111; x_wconf 90' lang='lat' dir='ltr'><strong>ms.</strong></span> <span class='ocrx_word' id='word_1_959' title='bbox 2454 5057 2622 5111; x_wconf 81' lang='lat' dir='ltr'><strong>codex</strong></span> <span class='ocrx_word' id='word_1_960' title='bbox 2669 5054 2930 5128; x_wconf 85' lang='lat' dir='ltr'><strong>Phimarc.</strong></span> <span class='ocrx_word' id='word_1_961' title='bbox 2956 5066 3009 5111; x_wconf 84' lang='lat' dir='ltr'><strong>et</strong></span> <span class='ocrx_word' id='word_1_962' title='bbox 3030 5057 3156 5111; x_wconf 86' lang='lat' dir='ltr'><strong>edit.</strong></span> <span class='ocrx_word' id='word_1_963' title='bbox 3186 5056 3381 5110; x_wconf 78' lang='lat' dir='ltr'><strong>Benetl.</strong></span> <span class='ocrx_word' id='word_1_964' title='bbox 3414 5056 3549 5111; x_wconf 80' lang='lat' dir='ltr'><strong>Vide</strong></span> 
     </span>
    </p>
   </div>
   <div class='ocr_carea' id='block_1_118' title="bbox 1978 5127 3296 5198">
    <p class='ocr_par' dir='ltr' id='par_1_118' title="bbox 1978 5127 3296 5198">
     <span class='ocr_line' id='line_1_120' title="bbox 1978 5127 3296 5198; baseline -0.002 -16"><span class='ocrx_word' id='word_1_965' title='bbox 1978 5143 2128 5197; x_wconf 89' lang='lat' dir='ltr'><strong>seqq.</strong></span> <span class='ocrx_word' id='word_1_966' title='bbox 2148 5127 2479 5198; x_wconf 36' lang='grc' dir='ltr'><strong>Ειιεῐιιιιιιι.9</strong></span> <span class='ocrx_word' id='word_1_967' title='bbox 2509 5137 2722 5181; x_wconf 82' lang='lat' dir='ltr'><strong>mortem</strong></span> <span class='ocrx_word' id='word_1_968' title='bbox 2753 5127 2905 5180; x_wconf 84' lang='lat' dir='ltr'><strong>istam</strong></span> <span class='ocrx_word' id='word_1_969' title='bbox 2933 5128 3296 5198; x_wconf 73' lang='lat' dir='ltr'><strong>evangelicum.</strong></span> 
     </span>
    </p>
   </div>
   <div class='ocr_carea' id='block_1_119' title="bbox 2051 5197 2802 5267">
    <p class='ocr_par' dir='ltr' id='par_1_119' title="bbox 2051 5197 2802 5267">
     <span class='ocr_line' id='line_1_121' title="bbox 2051 5197 2802 5267; baseline -0.001 -17"><span class='ocrx_word' id='word_1_970' title='bbox 2051 5199 2113 5265; x_wconf 77' lang='grc' dir='ltr'><strong>(ἱ)</strong></span> <span class='ocrx_word' id='word_1_971' title='bbox 2144 5197 2238 5267; x_wconf 75' lang='lat' dir='ltr'><strong>Ms.</strong></span> <span class='ocrx_word' id='word_1_972' title='bbox 2270 5197 2561 5267; x_wconf 80' lang='lat' dir='ltr'><strong>Phimarc.,</strong></span> <span class='ocrx_word' id='word_1_973' title='bbox 2592 5213 2802 5267; x_wconf 69' lang='lat' dir='ltr'><strong>usuque.</strong></span> 
     </span>
    </p>
   </div>
   <div class='ocr_carea' id='block_1_120' title="bbox 2052 5263 3552 5337">
    <p class='ocr_par' dir='ltr' id='par_1_120' title="bbox 2052 5263 3552 5337">
     <span class='ocr_line' id='line_1_122' title="bbox 2052 5263 3552 5337; baseline -0.005 -11"><span class='ocrx_word' id='word_1_974' title='bbox 2052 5263 2133 5337; x_wconf 54' lang='lat' dir='ltr'><strong>fit</strong></span> <span class='ocrx_word' id='word_1_975' title='bbox 2152 5266 2329 5337; x_wconf 84' lang='lat' dir='ltr'><strong>Editio</strong></span> <span class='ocrx_word' id='word_1_976' title='bbox 2351 5266 2538 5337; x_wconf 82' lang='lat' dir='ltr'><strong>Rosv.,</strong></span> <span class='ocrx_word' id='word_1_977' title='bbox 2568 5263 2905 5330; x_wconf 77' lang='lat' dir='ltr'><strong>decernimur,</strong></span> <span class='ocrx_word' id='word_1_978' title='bbox 2950 5266 3107 5337; x_wconf 86' lang='lat' dir='ltr'><strong>male.</strong></span> <span class='ocrx_word' id='word_1_979' title='bbox 3140 5263 3552 5337; x_wconf 70' lang='lat' dir='ltr'><strong>Emendavimus</strong></span> 
     </span>
    </p>
   </div>
   <div class='ocr_carea' id='block_1_121' title="bbox 1978 5333 3544 5401">
    <p class='ocr_par' dir='ltr' id='par_1_121' title="bbox 1978 5333 3544 5401">
     <span class='ocr_line' id='line_1_123' title="bbox 1978 5333 3544 5401; baseline -0.004 -9"><span class='ocrx_word' id='word_1_980' title='bbox 1978 5352 2047 5392; x_wconf 78' lang='lat' dir='ltr'><strong>ex</strong></span> <span class='ocrx_word' id='word_1_981' title='bbox 2071 5333 2204 5392; x_wconf 82' lang='lat' dir='ltr'><strong>edit.</strong></span> <span class='ocrx_word' id='word_1_982' title='bbox 2235 5336 2433 5391; x_wconf 81' lang='lat' dir='ltr'><strong>Bened.</strong></span> <span class='ocrx_word' id='word_1_983' title='bbox 2463 5337 2799 5399; x_wconf 78' lang='lat' dir='ltr'><strong>decernimus,</strong></span> <span class='ocrx_word' id='word_1_984' title='bbox 2818 5344 2873 5390; x_wconf 91' lang='lat' dir='ltr'><strong>et</strong></span> <span class='ocrx_word' id='word_1_985' title='bbox 2892 5336 2971 5390; x_wconf 91' lang='lat' dir='ltr'><strong>sic</strong></span> <span class='ocrx_word' id='word_1_986' title='bbox 2991 5334 3302 5401; x_wconf 85' lang='lat' dir='ltr'><strong>legendum;</strong></span> <span class='ocrx_word' id='word_1_987' title='bbox 3323 5333 3544 5395; x_wconf 80' lang='lat' dir='ltr'><strong>respici-</strong></span> 
     </span>
    </p>
   </div>
   <div class='ocr_carea' id='block_1_122' title="bbox 1978 5401 3553 5473">
    <p class='ocr_par' dir='ltr' id='par_1_122' title="bbox 1978 5401 3553 5473">
     <span class='ocr_line' id='line_1_124' title="bbox 1978 5401 3553 5473; baseline -0.003 -11"><span class='ocrx_word' id='word_1_988' title='bbox 1978 5414 2066 5462; x_wconf 90' lang='lat' dir='ltr'><strong>tur</strong></span> <span class='ocrx_word' id='word_1_989' title='bbox 2104 5406 2245 5461; x_wconf 90' lang='lat' dir='ltr'><strong>enim</strong></span> <span class='ocrx_word' id='word_1_990' title='bbox 2275 5406 2424 5461; x_wconf 89' lang='lat' dir='ltr'><strong>locus</strong></span> <span class='ocrx_word' id='word_1_991' title='bbox 2451 5406 2516 5460; x_wconf 88' lang='lat' dir='ltr'><strong>ad</strong></span> <span class='ocrx_word' id='word_1_992' title='bbox 2544 5406 2749 5460; x_wconf 90' lang='lat' dir='ltr'><strong>Coloss.</strong></span> <span class='ocrx_word' id='word_1_993' title='bbox 2782 5422 2836 5465; x_wconf 88' lang='grc' dir='ltr'>ιι,</span> <span class='ocrx_word' id='word_1_994' title='bbox 2870 5421 2921 5458; x_wconf 93' lang='lat' dir='ltr'><strong>v.</strong></span> <span class='ocrx_word' id='word_1_995' title='bbox 2970 5404 3038 5456; x_wconf 50' lang='grc' dir='ltr'>ιο</span> <span class='ocrx_word' id='word_1_996' title='bbox 3068 5420 3081 5456; x_wconf 89' lang='lat'><strong>:</strong></span> <span class='ocrx_word' id='word_1_997' title='bbox 3127 5401 3187 5473; x_wconf 80' lang='lat' dir='ltr'><strong>Si</strong></span> <span class='ocrx_word' id='word_1_998' title='bbox 3216 5418 3337 5473; x_wconf 80' lang='lat' dir='ltr'><strong>ergo</strong></span> <span class='ocrx_word' id='word_1_999' title='bbox 3356 5408 3553 5473; x_wconf 77' lang='lat' dir='ltr'><strong>mortui</strong></span> 
     </span>
    </p>
   </div>
   <div class='ocr_carea' id='block_1_123' title="bbox 1977 5471 3554 5545">
    <p class='ocr_par' dir='ltr' id='par_1_123' title="bbox 1977 5471 3554 5545">
     <span class='ocr_line' id='line_1_125' title="bbox 1977 5471 3554 5545; baseline -0.002 -15"><span class='ocrx_word' id='word_1_1000' title='bbox 1977 5478 2099 5531; x_wconf 51' lang='lat' dir='ltr'><strong>estis</strong></span> <span class='ocrx_word' id='word_1_1001' title='bbox 2128 5492 2241 5530; x_wconf 84' lang='lat' dir='ltr'><strong>cum</strong></span> <span class='ocrx_word' id='word_1_1002' title='bbox 2265 5475 2462 5531; x_wconf 79' lang='lat' dir='ltr'><strong>Christo</strong></span> <span class='ocrx_word' id='word_1_1003' title='bbox 2484 5475 2547 5529; x_wconf 87' lang='lat' dir='ltr'><strong>ab</strong></span> <span class='ocrx_word' id='word_1_1004' title='bbox 2574 5474 2834 5529; x_wconf 82' lang='lat' dir='ltr'><strong>elementis</strong></span> <span class='ocrx_word' id='word_1_1005' title='bbox 2860 5474 3007 5545; x_wconf 80' lang='lat' dir='ltr'><strong>Imjus</strong></span> <span class='ocrx_word' id='word_1_1006' title='bbox 3030 5472 3226 5538; x_wconf 79' lang='lat' dir='ltr'><strong>mundi,</strong></span> <span class='ocrx_word' id='word_1_1007' title='bbox 3243 5471 3364 5542; x_wconf 69' lang='lat' dir='ltr'><strong>qiu&#39;d</strong></span> <span class='ocrx_word' id='word_1_1008' title='bbox 3386 5474 3554 5527; x_wconf 74' lang='lat' dir='ltr'><strong>adhuc</strong></span> 
     </span>
    </p>
   </div>
   <div class='ocr_carea' id='block_1_124' title="bbox 1979 5544 3321 5617">
    <p class='ocr_par' dir='ltr' id='par_1_124' title="bbox 1979 5544 3321 5617">
     <span class='ocr_line' id='line_1_126' title="bbox 1979 5544 3321 5617; baseline -0.004 -18"><span class='ocrx_word' id='word_1_1009' title='bbox 1979 5555 2240 5617; x_wconf 68' lang='lat' dir='ltr'><strong>tamquam</strong></span> <span class='ocrx_word' id='word_1_1010' title='bbox 2264 5548 2481 5617; x_wconf 65' lang='lat' dir='ltr'><strong>virentes</strong></span> <span class='ocrx_word' id='word_1_1011' title='bbox 2508 5547 2561 5599; x_wconf 89' lang='lat' dir='ltr'><strong>in</strong></span> <span class='ocrx_word' id='word_1_1012' title='bbox 2578 5545 2773 5617; x_wconf 66' lang='lat' dir='ltr'><strong>mundo</strong></span> <span class='ocrx_word' id='word_1_1013' title='bbox 2795 5544 3084 5617; x_wconf 53' lang='lat' dir='ltr'><strong>decernit“.</strong></span> <span class='ocrx_word' id='word_1_1014' title='bbox 3190 5612 3203 5617; x_wconf 89' lang='lat'>_</span> <span class='ocrx_word' id='word_1_1015' title='bbox 3226 5612 3238 5617; x_wconf 89' lang='lat'><strong>_</strong></span> <span class='ocrx_word' id='word_1_1016' title='bbox 3318 5600 3321 5603; x_wconf 27' lang='grc' dir='ltr'>λ</span> 
     </span>
    </p>
   </div>
   <div class='ocr_carea' id='block_1_125' title="bbox 2053 5611 3556 5684">
    <p class='ocr_par' dir='ltr' id='par_1_125' title="bbox 2053 5611 3556 5684">
     <span class='ocr_line' id='line_1_127' title="bbox 2053 5611 3556 5684; baseline 0 -16"><span class='ocrx_word' id='word_1_1017' title='bbox 2053 5611 2127 5684; x_wconf 72' lang='grc' dir='ltr'><strong>(κ’)</strong></span> <span class='ocrx_word' id='word_1_1018' title='bbox 2159 5614 2235 5670; x_wconf 84' lang='lat' dir='ltr'><strong>Ita</strong></span> <span class='ocrx_word' id='word_1_1019' title='bbox 2264 5616 2390 5671; x_wconf 89' lang='lat' dir='ltr'><strong>edit.</strong></span> <span class='ocrx_word' id='word_1_1020' title='bbox 2417 5613 2614 5670; x_wconf 86' lang='lat' dir='ltr'><strong>Bened.</strong></span> <span class='ocrx_word' id='word_1_1021' title='bbox 2640 5622 2694 5667; x_wconf 89' lang='lat' dir='ltr'><strong>et</strong></span> <span class='ocrx_word' id='word_1_1022' title='bbox 2714 5612 2969 5666; x_wconf 74' lang='lat' dir='ltr'><strong>Paulinus</strong></span> <span class='ocrx_word' id='word_1_1023' title='bbox 2994 5611 3152 5684; x_wconf 88' lang='lat' dir='ltr'><strong>epist.</strong></span> <span class='ocrx_word' id='word_1_1024' title='bbox 3184 5612 3269 5684; x_wconf 80' lang='lat' dir='ltr'><strong>li,</strong></span> <span class='ocrx_word' id='word_1_1025' title='bbox 3296 5629 3349 5668; x_wconf 87' lang='grc' dir='ltr'>ιι.</span> <span class='ocrx_word' id='word_1_1026' title='bbox 3382 5613 3436 5667; x_wconf 63' lang='grc' dir='ltr'><strong>ἓ.</strong></span> <span class='ocrx_word' id='word_1_1027' title='bbox 3489 5612 3556 5667; x_wconf 79' lang='lat' dir='ltr'><strong>At</strong></span> 
     </span>
    </p>
   </div>
   <div class='ocr_carea' id='block_1_126' title="bbox 1982 5683 3554 5757">
    <p class='ocr_par' dir='ltr' id='par_1_126' title="bbox 1982 5683 3554 5757">
     <span class='ocr_line' id='line_1_128' title="bbox 1982 5683 3554 5757; baseline -0.002 -18"><span class='ocrx_word' id='word_1_1028' title='bbox 1982 5685 2111 5739; x_wconf 90' lang='lat' dir='ltr'><strong>edit.</strong></span> <span class='ocrx_word' id='word_1_1029' title='bbox 2138 5685 2323 5750; x_wconf 83' lang='lat' dir='ltr'><strong>Rosv.,</strong></span> <span class='ocrx_word' id='word_1_1030' title='bbox 2347 5686 2430 5757; x_wconf 75' lang='lat' dir='ltr'><strong>qui</strong></span> <span class='ocrx_word' id='word_1_1031' title='bbox 2453 5686 2799 5755; x_wconf 78' lang='lat' dir='ltr'><strong>conformatus</strong></span> <span class='ocrx_word' id='word_1_1032' title='bbox 2830 5693 2904 5737; x_wconf 77' lang='lat' dir='ltr'><strong>est</strong></span> <span class='ocrx_word' id='word_1_1033' title='bbox 2929 5683 3130 5751; x_wconf 73' lang='lat' dir='ltr'><strong>corpori</strong></span> <span class='ocrx_word' id='word_1_1034' title='bbox 3150 5683 3332 5753; x_wconf 78' lang='lat' dir='ltr'><strong>gloria:</strong></span> <span class='ocrx_word' id='word_1_1035' title='bbox 3353 5699 3476 5749; x_wconf 68' lang='lat' dir='ltr'><strong>sum,</strong></span> <span class='ocrx_word' id='word_1_1036' title='bbox 3499 5691 3554 5737; x_wconf 80' lang='lat' dir='ltr'><strong>ut</strong></span> 
     </span>
    </p>
   </div>
   <div class='ocr_carea' id='block_1_127' title="bbox 1983 5763 3170 5820">
    <p class='ocr_par' dir='ltr' id='par_1_127' title="bbox 1983 5763 3170 5820">
     <span class='ocr_line' id='line_1_129' title="bbox 1983 5763 3170 5820; baseline 0.001 -12"><span class='ocrx_word' id='word_1_1037' title='bbox 1983 5772 2171 5820; x_wconf 75' lang='lat' dir='ltr'><strong>serunt,</strong></span> <span class='ocrx_word' id='word_1_1038' title='bbox 2202 5763 2305 5811; x_wconf 85' lang='lat' dir='ltr'><strong>etc.</strong></span> <span class='ocrx_word' id='word_1_1039' title='bbox 3166 5792 3170 5796; x_wconf 93' lang='lat'><strong><em>-</em></strong></span> 
     </span>
    </p>
   </div>
   <div class='ocr_carea' id='block_1_128' title="bbox 3165 5844 3240 5906">
    <p class='ocr_par' dir='ltr' id='par_1_128' title="bbox 3165 5844 3240 5906">
     <span class='ocr_line' id='line_1_130' title="bbox 3165 5844 3240 5906; baseline 0.04 -3"><span class='ocrx_word' id='word_1_1040' title='bbox 3165 5844 3240 5906; x_wconf 80' lang='lat'><strong>13</strong></span> 
     </span>
    </p>
   </div>
  </div>
