4008 6346
475 354 580 410 395

1599 350 1653 405 S.
1700 347 1970 404 PAULINI
2011 347 2261 404 NOLANI
2300 345 2602 404 EPISCOPI

3637 345 3740 402 393

473 466 688 523 Patrem
724 465 896 522 dixit:
974 465 1100 520 γοιυ
1147 471 1203 515 ut
1251 461 1335 516 ubi
1392 477 1484 533 ego
1532 477 1666 530 sum,
1726 469 1775 516 et
1817 460 1897 516 illi
1944 460 2048 516 sint
2077 467 2123 522 Α
2154 475 2288 516 voce
2308 465 2566 529 perpetua
2589 455 2933 514 concinentes
2954 455 3172 511 dicant:
3213 455 3469 520 Sanctus,
3510 469 3738 522 sanctas,

471 576 670 614 mecum
702 568 751 613 ⁸.

543 673 593 725 6.
623 672 750 728 Sine
769 671 931 727 dubio
958 671 1062 726 hoc
1077 669 1204 725 illud
1227 677 1328 736 est,
1351 668 1494 739 quod
1519 669 1571 722 in
1602 666 1829 722 Psalmis
1850 661 2048 722 habes:

474 760 620 814 Beati
647 761 732 830 qui
759 758 991 813 habitant
1014 761 1067 813 in
1097 759 1248 814 domo
1295 768 1400 824 tua,
1457 759 1512 812 in
1550 758 1726 812 secula
1767 755 2052 811 seculorum

472 850 754 906 laudabunt
785 860 831 905 te
859 850 906 905 θ’.
934 850 1070 905 Ριιιο
1098 859 1279 904 autem
1309 850 1448 904 hanc
1491 848 1853 903 laudationem
1898 847 2052 902 voci-

470 943 569 999 bus
597 943 991 1001 concinentium
1014 957 1133 998 esse
1154 941 1538 1012 promendum;
1562 940 1664 995 etsi
1693 940 2052 993 immutabun-

472 1041 560 1087 tur
586 1041 894 1089 sanctorum
920 1033 1313 1101 resurgentium
1337 1046 1585 1101 corpora,
1617 1038 1676 1083 ut
1703 1030 1808 1084 sint
1836 1029 1974 1083 sicut
2002 1035 2058 1080 et

469 1125 682 1181 Domini
705 1141 901 1197 corpus
921 1135 1047 1196 post
1074 1125 1524 1181 resurrectionem
1548 1123 1816 1193 apparuit,
1841 1122 1895 1175 in
1947 1136 2056 1190 quo

470 1218 656 1288 utique
683 1217 1096 1274 resurrectionis
1122 1217 1370 1271 humana:
1398 1216 1516 1270 viva
1540 1215 1717 1284 imago
1764 1213 2052 1284 praefulsit;

469 1314 532 1360 ut
552 1307 809 1362 Dominus
835 1308 969 1376 ipse,
987 1306 1153 1376 quiin
1175 1321 1404 1376 corpore
1433 1306 1570 1375 ipso,
1596 1320 1703 1374 quo
1733 1319 1922 1374 passus
1944 1302 2055 1356 fueo

473 1405 559 1453 rat
597 1406 648 1454 et
679 1406 1071 1466 resurrexerat,
1102 1397 1253 1466 quasi
1283 1395 1558 1466 speculum
1587 1393 2058 1464 contemplationis

471 1489 718 1545 omnibus
746 1488 921 1544 fuerit.
947 1489 1048 1556 Qui
1077 1490 1262 1558 utique
1284 1505 1405 1544 cum
1436 1489 1488 1542 in
1520 1487 1710 1543 eadem
1741 1501 1923 1550 carne,
1952 1500 2054 1555 qua

470 1591 716 1636 mortuus
761 1589 816 1636 et
862 1582 1105 1652 sepultus
1161 1581 1354 1646 fuerat,
1386 1576 2055 1645 resurrexisset,'omnium

471 1674 650 1729 omnia
680 1673 854 1729 cilicia
876 1675 895 1706 ⁷
919 1675 1284 1728 membrorum
1311 1687 1567 1743 expressa
1617 1672 1785 1728 oculis
1814 1682 1868 1726 et
1914 1671 2058 1724 auri-

470 1749 571 1824 bus
609 1768 887 1824 hominum
941 1781 1084 1837 saepe
1136 1766 1214 1838 (a)
1267 1765 1464 1821 collata
1519 1765 1780 1820 exhibuit.
1829 1761 1982 1830 Quod
2011 1763 2056 1818 si

2156 561 2366 606 sanctus
2417 549 2671 604 Dominus
2717 548 2856 603 Deus
2914 547 3148 603 Sabaoth
3182 545 3224 615 τ,
3268 555 3322 602 et
3366 547 3573 618 reliqua
3625 565 3744 618 qua

2157 640 2318 696 nosti.

2226 755 2276 808 7.
2312 753 2425 809 Hoc
2444 762 2526 808 est
2547 766 2674 820 ergo
2702 751 2847 822 quod
2891 766 3092 820 egenus
3123 759 3178 806 et
3199 767 3404 822 pauper
3423 768 3524 822 ego
3554 753 3642 809 ille
3665 755 3746 808 in-

2155 839 2355 915 sipiens
2377 851 2432 898 et
2460 844 2714 914 parvulus
2745 852 2886 906 tuus,
2913 859 3072 913 quem
3098 851 3155 896 ut
3183 857 3343 897 verus
3370 845 3586 914 sapiens
3609 845 3746 901 ferre

2155 935 2449 1002 consuesti,
2475 949 2605 1002 rogo
2636 943 2694 988 ut
2720 949 2805 988 me
2826 925 3106 988 scientiam
3136 933 3217 987 vel
3248 933 3559 1004 Opinionem
3584 950 3746 1006 super

2156 1028 2256 1082 hac
2286 1035 2430 1081 tuam
2460 1027 2677 1093 doceas,
2720 1026 2843 1095 quia
2888 1026 3003 1080 scio
3053 1033 3104 1080 te
3151 1025 3510 1080 illuminatum
3555 1028 3746 1097 spiritu

2156 1118 2499 1174 revelatiouis
2528 1118 2594 1173 ab
2624 1117 2898 1187 ipsojduce
2923 1125 2977 1172 et
3005 1115 3152 1172 fonte
3173 1117 3524 1187 sapientium,
3558 1127 3618 1172 ut
3638 1120 3745 1175 sic-

2159 1220 2218 1265 ut
2243 1211 2516 1281 prmterita
2537 1209 2860 1278 cognovisti,
2892 1217 2946 1264 et
2987 1211 3269 1279 prmsentia
3297 1209 3466 1278 vides,
3491 1220 3563 1265 ita
3584 1212 3746 1266 etiam

2158 1300 2226 1355 de
2253 1298 2444 1366 futuris
2465 1300 2696 1354 aestimes
2729 1300 2770 1330 ¹³
2790 1298 2938 1368 ‘quid
2967 1314 3191 1355 censeas
3219 1300 3287 1355 de
3313 1300 3398 1355 his
3445 1301 3746 1357 caelestium

2157 1391 2546 1457 creaturarum,
2573 1392 2659 1446 vel
2686 1393 2847 1446 etiam
2878 1408 3040 1461 super
3066 1393 3236 1448 cmlos
3265 1394 3317 1447 in
3341 1403 3637 1464 conspectu
3657 1395 3748 1448 Al-

2158 1473 2348 1540 tissimi
2373 1485 2666 1552 agentium,
2689 1484 2912 1538 vocibus
2931 1485 3291 1554 sempiternis,
3318 1487 3512 1555 quibus
3532 1486 3748 1541 tandem

2160 1572 2377 1644 organis
2428 1575 2818 1645 exprimantur.
2863 1571 3117 1639 Quamvis
3157 1575 3304 1629 enim
3355 1575 3647 1645 Apostolus
3671 1575 3751 1630 di-

2159 1667 2352 1732 cendo,
2374 1666 2435 1721 Si
2464 1667 2652 1738 linguis
2674 1665 2976 1737 angelorum
3003 1665 3186 1737 loquar
3208 1676 3254 1731 κ,
3270 1667 3548 1737 proprium
3563 1681 3751 1736 quem-

2159 1758 2280 1812 dam
2311 1758 2432 1811 illos
2461 1773 2569 1812 sua:
2599 1765 2824 1819 naturte,
2856 1757 2961 1825 vel,
2995 1766 3052 1811 ut
3075 1759 3146 1812 ita
3168 1757 3416 1822 dixerim,
3445 1761 3623 1828 gentis
3651 1760 3749 1812 ba-

471 1860 632 1914 ειίιηη
662 1859 858 1928 angeli,
886 1873 1115 1928 quorum
1144 1837 1459 1927 simpliciter
1503 1857 1754 1927 spiritalis
1783 1865 1865 1911 εει
1902 1870 2054 1910 (ξι-ρει-
2091 1837 2131 1897 Β
2160 1849 2289 1903 bere
2344 1851 2647 1904 sermonem
2695 1846 3015 1917 ostenderit,
3046 1856 3197 1904 tanto
3225 1848 3474 1903 humanis
3503 1850 3751 1905 sensibus

470 1959 610 2019 tura,
634 1952 841 2021 linguas
869 1953 1070 2007 habere
1093 1952 1360 2017 dicuntur,
1409 1951 1602 2020 quibus
1638 1951 1822 2018 utique
1869 1947 2056 2004 laudes

477 2040 708 2097 Domino
733 2043 967 2097 creatori
989 2050 1230 2109 cantant,
1263 2051 1318 2097 et
1347 2042 1547 2111 gratias
1575 2041 1779 2097 referre
1826 2056 1934 2095 non
1961 2039 2059 2094 de-

432 2180 435 2182 _
472 2131 689 2198 sinunt;
749 2140 952 2201 quanto
1003 2132 1173 2202 magis
1216 2132 1516 2199 hominum,
1540 2132 1642 2187 etsi
1663 2130 1923 2201 spiritalia
1949 2130 2059 2200 jam

471 2231 596 2293 post
615 2224 1063 2279 resurrectionem
1093 2239 1340 2294 corpora,
1374 2224 1711 2279 manentibus
1740 2233 1918 2280 tamen
1947 2224 2060 2293 glo-

466 2315 690 2370 riﬁcata:
711 2317 888 2371 carnis
911 2317 1158 2372 omnibus
1183 2317 1461 2386 membris,
1492 2325 1546 2372 et
1565 2332 1662 2386 per
1691 2317 1871 2371 omnia
1902 2331 2063 2370 mem-

473 2404 570 2459 bra
598 2402 785 2460 formis
829 2414 885 2461 et
930 2406 1167 2462 numeris
1221 2407 1350 2471 suis,
1382 2415 1438 2462 et
1465 2407 1674 2475 linguas
1704 2407 1978 2464 habebunt
2007 2406 2060 2459 in

475 2495 660 2552 oribus
681 2495 811 2560 suis,
843 2505 901 2552 ct
940 2496 1134 2565 linguis
1162 2496 1444 2553 effantibus
1471 2498 1676 2553 dabunt
1697 2513 1884 2563 voces,
1941 2497 2058 2568 qui.-

471 2587 571 2641 bus
599 2585 807 2642 divinas
835 2587 1040 2654 laudes,
1069 2588 1152 2644 vel
1182 2603 1437 2644 sensuum
1464 2604 1685 2644 suorum
1714 2588 2061 2658 gaudiorum-

472 2691 578 2746 que
595 2675 817 2732 allectus
837 2679 1001 2750 268
1024 2693 1120 2749 per
1139 2680 1302 2734 verba
1325 2678 1644 2749 depromunt
1658 2667 1687 2734 ’ἱ
1709 2677 1871 2734 Forte
1899 2677 2061 2732 etiam

472 2767 576 2822 hoc
603 2768 789 2837 gratiae
813 2769 1108 2840 gloriaeque
1138 2772 1158 2802 ⁸
1196 2771 1512 2841 apposituro
1561 2771 1762 2826 sanctis
1800 2771 1911 2826 suis
1955 2770 2061 2823 Do-

473 2857 642 2927 mino,
667 2857 718 2912 in
745 2859 941 2914 seculis
968 2860 1121 2929 regni
1143 2861 1245 2924 sui,
1279 2869 1339 2915 ut
1365 2867 1518 2915 tanto
1539 2860 1842 2931 potioribus
1869 2860 2064 2928 linguis

473 2959 528 3004 et
547 2949 770 3004 vocibus
793 2959 1009 3018 canant,
1031 2960 1231 3021 quanto
1258 2952 1326 3007 ad
1347 2952 1647 3009 beatiorem
1676 2962 1923 3008 naturam
1945 2969 2063 3008 cor-

472 3055 664 3110 porum
683 3040 842 3096 beata
863 3041 1237 3099 immutatione
1274 3047 1295 3077 ’
1323 3043 1683 3114 profecerint,
1716 3044 1848 3099 utin
1871 3059 2065 3114 corpo-

475 3130 624 3184 ribus
647 3131 758 3199 jam
787 3131 1118 3201 spiritalibus
1171 3119 1470 3199 constituti,
1515 3133 1627 3203 jam
1674 3134 1900 3188 forsitan
1957 3151 2064 3189 non

2149 1946 2215 1993 et
2241 1936 2466 2005 eloquiis
2492 1937 2757 2002 altiorem,
2785 1945 2988 2006 quanto
3014 1937 3130 2008 ipsa
3159 1937 3470 2008 angelorum
3503 1946 3750 1992 creatura

2161 2036 2218 2084 et
2237 2029 2394 2084 statio
2415 2029 2728 2083 mortalibus
2749 2029 2826 2099 (ά)
2849 2029 3038 2084 incolis
3059 2037 3112 2083 et
3133 2030 3358 2083 terrenis
3382 2030 3599 2084 sedibus
3618 2045 3753 2100 prte-

2160 2127 2267 2175 stat
2302 2139 2313 2172 :
2344 2127 2581 2174 attamen
2611 2119 2834 2174 forsitan
2857 2119 3062 2188 linguas
3091 2119 3404 2188 angelorum
3428 2136 3526 2190 pro
3543 2122 3752 2189 generi-

2162 2213 2262 2268 bus
2285 2227 2475 2266 vocum
2499 2219 2664 2282 atque
2685 2227 3000 2266 sermonum
3029 2211 3247 2280 dixerit,
3275 2213 3413 2268 sicut
3433 2221 3486 2268 et
3505 2213 3574 2268 de
3624 2213 3751 2268 cha-

2163 2303 2443 2358 iismatum
2472 2303 2738 2357 varietate
2767 2303 3054 2369 disserens,
3082 2304 3222 2358 inter
3252 2303 3395 2358 dona
3451 2305 3748 2373 gratiarum

2165 2401 2412 2449 numerat
2437 2393 2987 2463 genera-linguarum,
3021 2397 3205 2463 utique
3233 2395 3336 2450 hoc
3359 2395 3413 2449 in
3435 2395 3588 2462 signo
3635 2410 3753 2450 esse

2164 2480 2492 2552 significans,
2520 2484 2661 2554 quod
2692 2485 2978 2540 multarum
3029 2486 3268 2554 gentium
3315 2501 3565 2540 sermone
3609 2485 3754 2556 loqui

2163 2575 2386 2642 singulis
2407 2575 2716 2630 donaretur.
2743 2574 2849 2630 Sed
2872 2585 2928 2630 et
2948 2593 3054 2632 vox
3095 2577 3190 2631 Dei
3235 2592 3379 2647 saepe
3424 2576 3491 2631 ad
3537 2585 3757 2632 sanctos

2165 2666 2358 2720 emissa
2380 2666 2446 2720 de
2471 2667 2631 2731 nube,
2682 2667 2917 2721 ostendit
2953 2684 3112 2738 posse
3151 2667 3419 2737 loquelam
3467 2683 3588 2723 esse
3638 2667 3754 2723 sine

2168 2758 2369 2825 lingua.
2397 2757 2677 2826 Siquidem
2706 2759 2885 2827 lingua
2913 2761 3158 2830 corporis
3196 2759 3496 2814 membrum
3546 2760 3617 2815 sit
3657 2775 3754 2829 pu-

2165 2852 2344 2908 sillum
2370 2853 2529 2925 269
2557 2860 2612 2908 et
2639 2868 2912 2923 magnum.
2936 2853 3042 2909 Sed
3094 2855 3234 2909 torte
3261 2870 3329 2910 ex
3358 2855 3461 2910 hoc
3513 2855 3652 2925 ipso,
3681 2853 3752 2924 (ε)

2166 2946 2293 3015 quia
2317 2949 2369 3000 in
2394 2949 2497 3002 hoc
2521 2947 2768 3002 membro
2781 2947 2930 3003 vocis
2946 2943 3184 3003 ofﬁcium
3207 2947 3350 3003 Deus
3371 2948 3570 3019 posuit,
3590 2949 3754 3002 etiam

2169 3039 2504 3110 incorporea:
2533 3039 2848 3108 angelorum
2873 3048 3141 3095 creatura:
3167 3055 3448 3096 sermones
3499 3047 3555 3094 et
3596 3053 3756 3114 voces

2164 3129 2404 3198 linguam
2428 3131 2725 3194 vocaverit,
2749 3128 2887 3186 sicut
2907 3129 3184 3200 Scriptura
3218 3131 3417 3186 assolet
3473 3130 3585 3183 Deo
3621 3143 3757 3196 quo-

475 3218 744 3287 humanis,
769 3221 865 3277 sed
893 3221 997 3276 illis
1025 3223 1278 3292 angelicis
1299 3225 1816 3294 atquecoelestibus,
1873 3227 2062 3297 quales
2088 3207 2132 3266 Ο
2165 3237 2288 3292 que,
2321 3221 2614 3277 secundum
2643 3223 2849 3292 species
2895 3224 3295 3292 operationnm,
3345 3222 3562 3276 nomina
3617 3220 3754 3276 assi-

475 3311 766 3382 Apostolus
787 3313 990 3368 audivit
1016 3315 1068 3368 in
1093 3315 1371 3386 paradiso,
1415 3316 1753 3371 sermonibus
1806 3318 2062 3386 eloquan—

465 3417 562 3462 tur
589 3417 631 3459 ε.
663 3405 730 3460 Et
763 3405 836 3478 (ὁ)
866 3407 988 3462 ideo
1023 3409 1065 3440 ³ο
1101 3407 1328 3463 forsitan
1373 3409 1579 3464 homini
1619 3409 1916 3465 ineffabiles
1970 3426 2064 3466 eos

475 3513 753 3554 sermones
780 3498 942 3554 fuisse
970 3507 1196 3556 testatus
1223 3509 1322 3565 est,
1348 3501 1472 3570 quia
1513 3501 1729 3568 sanctis,
1763 3503 1905 3558 inter
1931 3501 2064 3556 alias

476 3590 816 3657 praemiorum
845 3591 1073 3662 species,
1097 3591 1208 3662 jam
1233 3607 1386 3646 nova:
1409 3591 1602 3662 linguas
1631 3602 1905 3663 parantur.
1935 3592 2065 3660 Qui-

478 3682 576 3735 bus
604 3680 805 3736 idcirco
833 3682 1140 3738 hominibus
1165 3683 1322 3752 hujus
1348 3685 1515 3740 seculi
1542 3685 1717 3740 adhuc
1761 3685 1840 3739 uti
1867 3686 1908 3716 “
1943 3699 2052 3738 non

479 3773 622 3838 licet,
653 3781 711 3826 ut
726 3771 835 3842 jam
858 3773 941 3827 his
961 3774 1143 3842 gloria:
1163 3790 1269 3829 suae
1290 3775 1708 3844 congruentibus
1737 3775 2068 3830 immortales

481 3863 788 3932 loquantur,
823 3862 892 3918 (le
920 3863 1115 3933 quibus
1142 3863 1340 3920 dictum
1371 3874 1454 3920 est
1481 3881 1498 3918 :
1528 3864 1737 3919 Etenim
1767 3865 2067 3920 clamabunt

482 3963 531 4008 et
560 3953 802 4025 hymnum
828 3954 999 4009 dicent
1028 3953 1054 3992 ἀ
1085 3973 1098 4008 z
1132 3955 1484 4026 proculdubio
1533 3957 1585 4011 in
1617 3957 1942 4021 cmlestibus,
1976 3958 2066 4012 ubi

483 4061 605 4099 cum
651 4043 878 4101 Domino
921 4054 1097 4111 erunt,
1148 4054 1205 4100 et
1229 4046 1618 4100 delectabantur
1641 4048 1696 4100 in
1744 4047 2066 4101 abundantia

484 4139 692 4207 pacis'“
725 4146 772 4205 ο,
821 4137 1114 4206 gaudentes
1151 4137 1205 4192 in
1235 4145 1530 4208 conspectu
1558 4138 1758 4207 throni,
1790 4140 2066 4195 mittentes

487 4236 610 4282 ante
652 4228 817 4298 pedes
866 4228 1001 4297 Agni
1032 4235 1246 4297 pateras
1269 4236 1325 4284 et
1368 4244 1622 4295 coronas,
1649 4242 1704 4285 et
1732 4240 1988 4287 canentes
2016 4231 2066 4286 ei

486 4323 752 4378 canticum
781 4339 998 4389 novum,
1029 4323 1301 4392 aggregati
1322 4323 1501 4379 choris
1522 4325 1856 4394 angelorum,
1895 4327 2065 4380 virtu-

490 4425 620 4476 tum,
654 4413 1101 4480 dominationum,
1135 4413 1482 4483 thronorum,
1510 4424 1568 4470 ut
1596 4424 1650 4471 et
1676 4415 1775 4486 ipsi
1805 4432 1925 4472 cum
1947 4417 2070 4472 che-

492 4505 662 4559 rubim
693 4513 853 4573 atque
875 4504 1165 4575 seraphim,
1193 4513 1251 4559 et
1278 4513 1509 4574 quatuor
1534 4507 1638 4562 illis
1657 4507 1975 4565 animalibus
1990 4509 2065 4580 (ε)

2158 3327 2331 3382 .gnare
2355 3313 2739 3368 membrorum.
2772 3313 2875 3368 Ora
2899 3330 2997 3385 pro
3026 3314 3202 3378 nobis,
3236 3323 3290 3368 et
3312 3313 3448 3368 doce
3475 3328 3598 3367 nos.

2235 3404 2288 3459 8.
2315 3405 2500 3459 Frater
2522 3413 2706 3459 noster
2734 3407 3043 3461 carissimus
3073 3415 3128 3461 et
3153 3406 3492 3461 dulcissimus
3521 3403 3749 3471 Quintus

2165 3513 2326 3568 quam
2355 3497 2503 3552 tarde
2533 3498 2600 3552 ad
2628 3513 2728 3553 nos
2751 3507 2955 3552 remeat
2983 3513 3014 3553 a
3043 3500 3216 3564 vobis,
3250 3507 3358 3553 tam
3387 3498 3496 3553 cito
3541 3513 3572 3551 a
3602 3496 3757 3551 nobis

2165 3588 2235 3642 ad
2255 3604 2352 3644 vos
2372 3587 2554 3644 redire
2586 3588 2804 3643 fes’tinat
2835 3607 2846 3643 :
2880 3590 3193 3644 instantiam
3225 3605 3355 3646 vero
3383 3590 3498 3660 ejus
3527 3589 3582 3644 iu
3607 3589 3756 3643 litte-

2161 3682 2240 3737 ris
2262 3681 2540 3752 exigendis
2567 3691 2624 3737 et
2653 3682 2766 3738 haec
2800 3681 2844 3714 "‘
2872 3683 3099 3754 epistola
3117 3683 3298 3737 iituris
3329 3697 3490 3752 quam
3519 3681 3759 3737 versibus

2166 3775 2408 3830 crebrior
2428 3776 2664 3845 loquitur
2689 3793 2706 3828 :
2749 3776 3156 3830 commemorati
3187 3760 3458 3831 exactoris
3493 3777 3562 3846 (ι’)
3593 3774 3760 3829 nimia

2167 3864 2440 3921 festinatio
2468 3867 2722 3922 schedam
2752 3866 2896 3922 fecit.
2924 3867 3055 3921 Nam
3085 3867 3257 3938 pridie
3279 3866 3397 3922 idus
3419 3864 3583 3920 Maias
3610 3865 3760 3920 venit

2167 3957 2236 4011 ad
2262 3973 2361 4012 nos
2393 3967 2449 4012 ut
2483 3958 2742 4028 rescripta
2784 3966 3012 4029 peteret,
3044 3967 3100 4014 et
3153 3957 3328 4013 idibus
3369 3967 3497 4013 ante
3548 3963 3760 4013 sextam

2168 4047 2363 4102 dimitti
2409 4048 2659 4103 obtinuit.
2689 4049 2877 4104 Videte
2899 4064 3029 4119 ergo
3054 4058 3232 4104 utrum
3262 4065 3384 4104 eum
3403 4047 3760 4104 comm-enda‘

2168 4140 2338 4195 verim
2387 4141 2468 4196 vel
2499 4142 2864 4197 accusaverim
2895 4141 3202 4210 huiusmodi
3232 4141 3564 4197 testimonio.
3598 4139 3759 4195 Forte

2170 4233 2335 4299 enim,
2362 4233 2471 4288 imo
2500 4235 2614 4288 sine
2642 4233 2805 4288 dubio
2833 4233 3117 4289 laudabilis
3145 4233 3315 4302 magis
3338 4248 3501 4302 quam
3525 4231 3761 4302 culpabi-

2168 4324 2235 4379 lis
2258 4323 2607 4394 iudicabitur,
2636 4325 2728 4394 qui
2759 4340 2790 4380 a
2815 4325 3070 4392 tenebris,
3103 4325 3246 4395 quod
3275 4325 3326 4378 in
3355 4323 3762 4394 comparatione

2166 4416 2334 4471 vestri
2355 4417 2573 4472 luminis
2601 4431 2800 4484 sumus,
2820 4416 3114 4486 iustissime
3133 4416 3471 4474 refestinavit
3491 4415 3762 4471 adiacent

2171 4527 2344 4567 suam.

566 4679 591 4708 ⁸·
608 4669 813 4746 johan:
846 4688 972 4746 x_vn,
1010 4671 1100 4729 24.
1169 4672 1202 4746 Ρ
1233 4673 1373 4729 Psal.
1405 4691 1639 4742 Lxxxni,
1672 4673 1722 4730 5.
1803 4686 1826 4716 ε
1854 4675 1896 4730 ll
1925 4676 2052 4733 Cor.
2087 4693 2196 4746 xu,
2221 4678 2273 4733 4.
2349 4677 2374 4714 ά
2408 4678 2546 4735 Psal.
2580 4695 2738 4745 an,
2780 4676 2865 4733 1L
2946 4687 2969 4717 ο
3001 4676 3142 4733 Psal.
3175 4692 3356 4746 xxxvi,
3390 4675 3476 4732 ll.
3561 4675 3580 4716 ῐ
3616 4675 3760 4732 Psal.

493 4758 573 4810 v1,
607 4741 661 4795 5.
741 4753 765 4790 κ
795 4741 815 4796 l
843 4741 969 4798 Cor.
1002 4759 1092 4798 Jun
1115 4786 1129 4811 ,
1162 4744 1210 4797 l.

568 4875 647 4946 (a)
672 4874 768 4946 Ms.
793 4874 1054 4946 Phimarc.
1081 4884 1135 4930 et
1156 4875 1281 4930 edit.
1309 4874 1532 4937 Bened.,
1555 4877 1790 4930 collatus.

564 4944 640 5014 (ὁ)
669 4945 746 5001 lta
790 4945 924 5018 edit.
958 4945 1157 5018 Bened.
1205 4945 1395 5000 Deerat
1417 4946 1609 4999 homini
1639 4945 1691 5000 in
1721 4947 1850 5002 edit.
1883 4947 2070 5018 Rosv.,

498 5021 547 5072 in
573 5031 686 5087 qua,
705 5016 827 5087 inde
854 5032 954 5086 pro
978 5017 1116 5071 ideo.

562 5084 631 5159 (ὁ)
663 5084 974 5143 Addidiinus
992 5101 1058 5141 ex
1079 5085 1206 5142 edit.
1235 5084 1433 5140 Bened.
1482 5102 1600 5140 voce
1623 5095 1868 5158 perpetua
1897 5090 2071 5144 conci-

499 5167 688 5214 ientes.

567 5227 755 5300 (d)_Sic
775 5225 1118 5300 emendamus
1145 5241 1336 5300 εις-ηις.
1363 5224 1803 5284 Phnnarconensi
1833 5236 1889 5285 et
1931 5228 2064 5284 edit.

501 5296 693 5354 dened.
724 5296 862 5352 Ante
887 5304 1005 5350 erat
1031 5297 1085 5348 in
1114 5297 1273 5350 cazlis.

567 5373 643 5434 (ε)
684 5367 762 5420 Ex
792 5365 1230 5421 Phimarconensi
1260 5365 1448 5422 codice
1486 5366 1635 5424 locus
1659 5378 1956 5425 correctus.
1979 5367 2069 5424 Sic

510 5439 622 5493 dit.
646 5436 844 5511 Bened.
871 5436 1010 5511 An_te
1039 5443 1154 5490 erat
1181 5438 1300 5511 quia
1328 5438 1382 5511 in
1409 5437 1504 5511 hoc
1525 5440 1750 5494 membro
1787 5441 1841 5494 in
1868 5456 1968 5511 quo
1997 5448 2072 5492 est

497 5535 502 5544 ι
527 5511 627 5561 ocis
657 5507 896 5578 ofﬁcium,
929 5504 1064 5560 Deus
1096 5504 1438 5581 possitetiam
1459 5509 1511 5560 in
1535 5525 1748 5581 corpore
1775 5504 2074 5581 angelorum

530 5594 672 5648 reare
700 5591 978 5648 sermones,
1010 5585 1058 5630 et
1078 5593 1224 5631 voces
1254 5578 1484 5648 linguam
1505 5578 1758 5648 vocaverit
1777 5619 1791 5644 ,
1817 5578 2074 5633 mendose

506 5647 737 5716 :nnnino.
771 5646 902 5701 Vide
931 5661 1048 5715 qum
1075 5646 1464 5716 praecesserunt
1503 5664 1555 5702 n.
1588 5647 1640 5700 6.

573 5717 640 5788 (f)
670 5715 739 5788 1(ιᾷ
753 5723 853 5788 est,
879 5718 997 5788 fecit
1019 5715 1280 5788 festinatio
1306 5718 1562 5788 exactoris
1585 5727 1643 5788 ut
1669 5717 1865 5788 scheda
1893 5717 2076 5786 potius

502 5786 673 5839 tituris
691 5785 861 5856 obsita
879 5785 958 5842 ’sit
984 5785 1144 5856 quam
1172 5787 1417 5856 epistola.
1448 5787 1587 5841 Edit.
1607 5787 1828 5851 Beued.,
1856 5785 2072 5856 nimiam

497 5855 881 5926 festinationem
909 5854 1096 5911 scheda
1123 5854 1240 5928 fecit
1264 5874 1281 5911 .'
1317 5858 1463 5912 nullo
1491 5872 1668 5914 sensu.
1712 5857 1912 5913 Auctor
1941 5854 2068 5912 Gal-

2177 4881 2296 4936 licae
2316 4881 2578 4953 versiouis
2605 4881 2955 4953 epistolarum
2985 4880 3042 4953 S.
3069 4879 3348 4953 Augustini
3393 4899 3492 4953 pro
3519 4883 3762 4936 schedam

2179 4952 2548 5021 reponendum
2577 4952 2899 5006 existimavit
2923 4952 3186 5006 schediam
3233 4952 3424 5008 contra
3455 4952 3612 5008 fidem
3645 4969 3764 5007 om-

2178 5022 2328 5094 nium
2376 5023 2656 5094 codicum;
2687 5021 2781 5077 sed
2820 5037 3120 5094 perperam.
3166 5021 3265 5077 Hic
3311 5024 3456 5076 enim
3501 5025 3766 5094 accipitur

2175 5092 2364 5146 sclieda
2393 5109 2492 5162 pro
2530 5093 2715 5148 charta
2745 5107 2839 5147 seu
2861 5091 3041 5146 libello
3074 5101 3513 5162 extemporaneo,
3544 5091 3650 5148 non
3672 5110 3761 5148 sa-

2176 5164 2244 5216 tis
2264 5164 2522 5233 expolito,
2569 5162 2866 5232 cuiusmodi
2893 5170 3020 5217 sunt
3057 5178 3191 5232 quas
3213 5163 3759 5233 tamquamrelecturi

2175 5231 2503 5302 reponimus.
2546 5231 2679 5287 Vide
2707 5233 2927 5298 Quintil.
2953 5234 2986 5286 l.
3017 5248 3053 5297 ι,
3078 5231 3222 5301 ’cap.
3249 5231 3424 5297 i8,’et
3463 5231 3690 5286 Martial.
3721 5233 3758 5286 Ι.

2171 5318 2243 5356 ιν.
2273 5303 2383 5358 Nec
2403 5303 2761 5373 admittendus
2785 5310 3031 5373 putamus
3051 5303 3307 5373 quasdam
3336 5303 3476 5373 illius
3506 5303 3766 5373 interpre-

2140 5395 2144 5398 ·
2176 5373 2244 5426 tis
2265 5375 2626 5429 correctiones
2654 5374 2720 5427 ad
2744 5371 2801 5442 Si.
2833 5372 3042 5427 Paulini
3068 5371 3230 5442 epist.
3272 5371 3429 5438 περὶ,
3458 5373 3500 5438 1,
3532 5389 3604 5436 °v,
3628 5372 3682 5435 2,
3705 5373 3762 5436 '5,

2176 5441 2304 5513 etS.
2338 5443 2616 5513 Augustini
2646 5459 2732 5513 ep.
2765 5441 2851 5509 9|,
2879 5460 2932 5496 n.
2953 5443 3002 5508 5,
3023 5441 3144 5499 cum
3166 5443 3249 5497 his
3278 5445 3331 5497 in
3366 5444 3495 5498 locis
3522 5444 3760 5512 optimus

2178 5511 2652 5583 editionisnostne
2677 5511 2976 5576 sitsensus,
3006 5514 3097 5583 qui
3143 5514 3389 5568 codicum
3438 5511 3762 5567 auctoritate

2179 5581 2412 5664 fulcitur.
2443 5583 2882 5664 Praetereaquod
2903 5585 2973 5664 ad
3012 5581 3368 5664 prmnotatum
3408 5583 3651 5664 epistolze
3701 5597 3757 5664 in

2181 5651 2354 5726 locum
2404 5661 2640 5726 spectat,
2687 5651 3125 5726 vid._epist.*29,
3177 5669 3234 5707 n.
3290 5654 3338 5718 7,
3375 5651 3461 5707 ubi
3489 5653 3758 5726 consimili

2175 5720 2449 5847 locutione
2494 5725 2560 5781 de
2608 5723 2862 5780 Zacharia
2877 5720 3167 5781 sacerdote
3216 5739 3381 5794 agens
3425 5723 3592 5778 utitur
3617 5720 3760 5777 Pau—

2197 5808 2332 5847 mus.
2934 5833 2939 5838 ι

2197 5808 2332 5847 mus.
2934 5833 2939 5838 '
