  <div class='ocr_page' id='page_1' title='image "/cluster/home/n/w/nwhite01/storage/ocr_20150623/61/hvd.32044004824777/204.png"; bbox 0 0 4008 6346; ppageno 0'>
   <div class='ocr_carea' id='block_1_1' title="bbox 309 306 408 360">
    <p class='ocr_par' dir='ltr' id='par_1_1' title="bbox 309 306 408 360">
     <span class='ocr_line' id='line_1_1' title="bbox 309 306 408 360; baseline -0.02 0"><span class='ocrx_word' id='word_1_1' title='bbox 309 306 408 360; x_wconf 70' lang='lat'><strong>5117</strong></span> 
     </span>
    </p>
   </div>
   <div class='ocr_carea' id='block_1_2' title="bbox 634 405 1574 482">
    <p class='ocr_par' dir='ltr' id='par_1_2' title="bbox 634 405 1574 482">
     <span class='ocr_line' id='line_1_2' title="bbox 634 405 1574 482; baseline -0.01 -11"><span class='ocrx_word' id='word_1_2' title='bbox 634 413 1000 471; x_wconf 65' lang='lat' dir='ltr'><strong>emsrou</strong></span> <span class='ocrx_word' id='word_1_3' title='bbox 1030 411 1174 467; x_wconf 77' lang='lat' dir='ltr'><strong>xcv</strong></span> <span class='ocrx_word' id='word_1_4' title='bbox 1209 409 1351 482; x_wconf 78' lang='grc' dir='ltr'><strong>(Αι.</strong></span> <span class='ocrx_word' id='word_1_5' title='bbox 1396 405 1574 475; x_wconf 89' lang='lat' dir='ltr'><strong>CCL).</strong></span> 
     </span>
    </p>
   </div>
   <div class='ocr_carea' id='block_1_3' title="bbox 533 515 1680 563">
    <p class='ocr_par' dir='ltr' id='par_1_3' title="bbox 533 515 1680 563">
     <span class='ocr_line' id='line_1_3' title="bbox 533 515 1680 563; baseline -0.01 -1"><span class='ocrx_word' id='word_1_6' title='bbox 533 523 811 563; x_wconf 66' lang='grc' dir='ltr'><strong>Αιιουδτικι</strong></span> <span class='ocrx_word' id='word_1_7' title='bbox 850 523 916 560; x_wconf 79' lang='grc' dir='ltr'><strong>ΑΙ)</strong></span> <span class='ocrx_word' id='word_1_8' title='bbox 956 518 1216 559; x_wconf 59' lang='grc' dir='ltr'><strong>ιιειυιικωι</strong></span> <span class='ocrx_word' id='word_1_9' title='bbox 1258 517 1324 555; x_wconf 81' lang='grc' dir='ltr'><strong>ΕΤ</strong></span> <span class='ocrx_word' id='word_1_10' title='bbox 1358 515 1680 554; x_wconf 65' lang='grc' dir='ltr'><strong>τιιειιλειλιι.</strong></span> 
     </span>
    </p>
   </div>
   <div class='ocr_carea' id='block_1_4' title="bbox 306 568 1900 652">
    <p class='ocr_par' dir='ltr' id='par_1_4' title="bbox 306 568 1900 652">
     <span class='ocr_line' id='line_1_4' title="bbox 306 568 1900 652; baseline -0.007 -23"><span class='ocrx_word' id='word_1_11' title='bbox 306 581 623 652; x_wconf 69' lang='lat' dir='ltr'><strong>.Ingustinus</strong></span> <span class='ocrx_word' id='word_1_12' title='bbox 653 577 901 647; x_wconf 72' lang='lat' dir='ltr'><strong>superiori</strong></span> <span class='ocrx_word' id='word_1_13' title='bbox 932 570 1501 652; x_wconf 38' lang='lat' dir='ltr'><strong>epistolw‘reapoll’dens</strong></span> <span class='ocrx_word' id='word_1_14' title='bbox 1531 570 1640 639; x_wconf 88' lang='lat' dir='ltr'><strong>agit</strong></span> <span class='ocrx_word' id='word_1_15' title='bbox 1669 568 1731 649; x_wconf 77' lang='lat' dir='ltr'><strong>de</strong></span> <span class='ocrx_word' id='word_1_16' title='bbox 1761 583 1900 652; x_wconf 67' lang='lat' dir='ltr'><strong>prte-</strong></span> 
     </span>
    </p>
   </div>
   <div class='ocr_carea' id='block_1_5' title="bbox 375 637 1898 710">
    <p class='ocr_par' dir='ltr' id='par_1_5' title="bbox 375 637 1898 710">
     <span class='ocr_line' id='line_1_5' title="bbox 375 637 1898 710; baseline -0.013 -5"><span class='ocrx_word' id='word_1_17' title='bbox 375 637 540 705; x_wconf 47' lang='lat' dir='ltr'><strong>sventis</strong></span> <span class='ocrx_word' id='word_1_18' title='bbox 562 650 681 703; x_wconf 76' lang='lat' dir='ltr'><strong>vita:</strong></span> <span class='ocrx_word' id='word_1_19' title='bbox 701 637 856 704; x_wconf 79' lang='lat' dir='ltr'><strong>litata.</strong></span> <span class='ocrx_word' id='word_1_20' title='bbox 884 661 974 698; x_wconf 83' lang='lat' dir='ltr'><strong>nec</strong></span> <span class='ocrx_word' id='word_1_21' title='bbox 1005 661 1106 697; x_wconf 86' lang='lat' dir='ltr'><strong>non</strong></span> <span class='ocrx_word' id='word_1_22' title='bbox 1146 643 1209 694; x_wconf 90' lang='lat' dir='ltr'><strong>de</strong></span> <span class='ocrx_word' id='word_1_23' title='bbox 1236 637 1485 710; x_wconf 72' lang='lat' dir='ltr'><strong>qualitate</strong></span> <span class='ocrx_word' id='word_1_24' title='bbox 1513 637 1743 708; x_wconf 76' lang='lat' dir='ltr'><strong>corporis</strong></span> <span class='ocrx_word' id='word_1_25' title='bbox 1766 637 1898 710; x_wconf 80' lang='lat' dir='ltr'><strong>‘bea-</strong></span> 
     </span>
    </p>
   </div>
   <div class='ocr_carea' id='block_1_6' title="bbox 381 709 1900 788">
    <p class='ocr_par' dir='ltr' id='par_1_6' title="bbox 381 709 1900 788">
     <span class='ocr_line' id='line_1_6' title="bbox 381 709 1900 788; baseline -0.01 -15"><span class='ocrx_word' id='word_1_26' title='bbox 381 731 571 782; x_wconf 82' lang='lat' dir='ltr'><strong>torum,</strong></span> <span class='ocrx_word' id='word_1_27' title='bbox 621 719 780 788; x_wconf 77' lang='lat' dir='ltr'><strong>deque</strong></span> <span class='ocrx_word' id='word_1_28' title='bbox 810 713 1152 769; x_wconf 78' lang='lat' dir='ltr'><strong>membrorum</strong></span> <span class='ocrx_word' id='word_1_29' title='bbox 1195 709 1379 780; x_wconf 67' lang='lat' dir='ltr'><strong>oﬂiciis</strong></span> <span class='ocrx_word' id='word_1_30' title='bbox 1421 717 1535 780; x_wconf 80' lang='lat' dir='ltr'><strong>post</strong></span> <span class='ocrx_word' id='word_1_31' title='bbox 1564 709 1900 762; x_wconf 72' lang='lat' dir='ltr'><strong>resurrectio-</strong></span> 
     </span>
    </p>
   </div>
   <div class='ocr_carea' id='block_1_7' title="bbox 381 807 526 843">
    <p class='ocr_par' dir='ltr' id='par_1_7' title="bbox 381 807 526 843">
     <span class='ocr_line' id='line_1_7' title="bbox 381 807 526 843; baseline -0.007 0"><span class='ocrx_word' id='word_1_32' title='bbox 381 807 500 843; x_wconf 73' lang='grc' dir='ltr'><strong>ηεηι</strong></span> <span class='ocrx_word' id='word_1_33' title='bbox 513 830 526 842; x_wconf 92' lang='grc'><strong>.</strong></span> 
     </span>
    </p>
   </div>
   <div class='ocr_carea' id='block_1_8' title="bbox 383 865 1901 947">
    <p class='ocr_par' dir='ltr' id='par_1_8' title="bbox 383 865 1901 947">
     <span class='ocr_line' id='line_1_8' title="bbox 383 865 1901 947; baseline -0.008 -17"><span class='ocrx_word' id='word_1_34' title='bbox 383 877 560 947; x_wconf 87' lang='lat' dir='ltr'><strong>(Ilanc</strong></span> <span class='ocrx_word' id='word_1_35' title='bbox 585 874 868 947; x_wconf 83' lang='lat' dir='ltr'><strong>epistolam</strong></span> <span class='ocrx_word' id='word_1_36' title='bbox 893 874 1073 947; x_wconf 82' lang='lat' dir='ltr'><strong>legere</strong></span> <span class='ocrx_word' id='word_1_37' title='bbox 1101 880 1184 927; x_wconf 94' lang='lat' dir='ltr'><strong>est</strong></span> <span class='ocrx_word' id='word_1_38' title='bbox 1212 878 1358 926; x_wconf 92' lang='lat' dir='ltr'><strong>tomo</strong></span> <span class='ocrx_word' id='word_1_39' title='bbox 1389 867 1622 936; x_wconf 72' lang='lat' dir='ltr'><strong>XXXIII,</strong></span> <span class='ocrx_word' id='word_1_40' title='bbox 1644 867 1750 924; x_wconf 94' lang='lat' dir='ltr'><strong>col.</strong></span> <span class='ocrx_word' id='word_1_41' title='bbox 1777 865 1901 934; x_wconf 73' lang='grc'><strong>551,</strong></span> 
     </span>
    </p>
   </div>
   <div class='ocr_carea' id='block_1_9' title="bbox 315 944 910 1013">
    <p class='ocr_par' dir='ltr' id='par_1_9' title="bbox 315 944 910 1013">
     <span class='ocr_line' id='line_1_9' title="bbox 315 944 910 1013; baseline -0.013 -9"><span class='ocrx_word' id='word_1_42' title='bbox 315 944 514 1004; x_wconf 73' lang='lat' dir='ltr'><strong>noStra:</strong></span> <span class='ocrx_word' id='word_1_43' title='bbox 547 944 910 1013; x_wconf 73' lang='lat' dir='ltr'><strong>Patrolngiae.)</strong></span> 
     </span>
    </p>
   </div>
   <div class='ocr_carea' id='block_1_10' title="bbox 806 1030 1413 1088">
    <p class='ocr_par' dir='ltr' id='par_1_10' title="bbox 806 1030 1413 1088">
     <span class='ocr_line' id='line_1_10' title="bbox 806 1030 1413 1088; baseline -0.008 0"><span class='ocrx_word' id='word_1_44' title='bbox 806 1031 1138 1088; x_wconf 78' lang='lat' dir='ltr'><strong>EPISTULA</strong></span> <span class='ocrx_word' id='word_1_45' title='bbox 1180 1032 1194 1052; x_wconf 81' lang='grc'><strong>⁸</strong></span> <span class='ocrx_word' id='word_1_46' title='bbox 1235 1030 1413 1084; x_wconf 73' lang='lat' dir='ltr'><strong>XLVI.</strong></span> 
     </span>
    </p>
   </div>
   <div class='ocr_carea' id='block_1_11' title="bbox 304 1118 1902 1202">
    <p class='ocr_par' dir='ltr' id='par_1_11' title="bbox 304 1118 1902 1202">
     <span class='ocr_line' id='line_1_11' title="bbox 304 1118 1902 1202; baseline -0.007 -19"><span class='ocrx_word' id='word_1_47' title='bbox 304 1127 474 1202; x_wconf 60' lang='grc'><strong>³74</strong></span> <span class='ocrx_word' id='word_1_48' title='bbox 506 1127 641 1181; x_wconf 83' lang='lat' dir='ltr'><strong>Petit</strong></span> <span class='ocrx_word' id='word_1_49' title='bbox 664 1127 842 1202; x_wconf 61' lang='lat' dir='ltr'><strong>doceri</strong></span> <span class='ocrx_word' id='word_1_50' title='bbox 869 1124 1331 1202; x_wconf 60' lang='lat' dir='ltr'><strong>ercaslitterasa</strong></span> <span class='ocrx_word' id='word_1_51' title='bbox 1362 1120 1579 1202; x_wconf 33' lang='lat' dir='ltr'><strong>Ral/ﬁlio.</strong></span> <span class='ocrx_word' id='word_1_52' title='bbox 1610 1118 1824 1202; x_wconf 65' lang='lat' dir='ltr'><strong>Fatetur</strong></span> <span class='ocrx_word' id='word_1_53' title='bbox 1847 1135 1902 1172; x_wconf 80' lang='lat' dir='ltr'><strong>se</strong></span> 
     </span>
    </p>
   </div>
   <div class='ocr_carea' id='block_1_12' title="bbox 377 1190 1900 1260">
    <p class='ocr_par' dir='ltr' id='par_1_12' title="bbox 377 1190 1900 1260">
     <span class='ocr_line' id='line_1_12' title="bbox 377 1190 1900 1260; baseline -0.007 -7"><span class='ocrx_word' id='word_1_54' title='bbox 377 1190 483 1253; x_wconf 54' lang='lat' dir='ltr'><strong>ito&#39;n</strong></span> <span class='ocrx_word' id='word_1_55' title='bbox 506 1206 640 1251; x_wconf 82' lang='lat' dir='ltr'><strong>recte</strong></span> <span class='ocrx_word' id='word_1_56' title='bbox 653 1198 962 1250; x_wconf 75' lang='lat' dir='ltr'><strong>Clementem</strong></span> <span class='ocrx_word' id='word_1_57' title='bbox 993 1195 1232 1257; x_wconf 77' lang='lat' dir='ltr'><strong>vertisse;</strong></span> <span class='ocrx_word' id='word_1_58' title='bbox 1261 1191 1499 1246; x_wconf 77' lang='lat' dir='ltr'><strong>Postulat</strong></span> <span class='ocrx_word' id='word_1_59' title='bbox 1527 1190 1900 1260; x_wconf 73' lang='lat' dir='ltr'><strong>expositionem</strong></span> 
     </span>
    </p>
   </div>
   <div class='ocr_carea' id='block_1_13' title="bbox 380 1263 1385 1331">
    <p class='ocr_par' dir='ltr' id='par_1_13' title="bbox 380 1263 1385 1331">
     <span class='ocr_line' id='line_1_13' title="bbox 380 1263 1385 1331; baseline -0.008 -8"><span class='ocrx_word' id='word_1_60' title='bbox 380 1268 624 1323; x_wconf 67' lang='lat' dir='ltr'><strong>versiculi</strong></span> <span class='ocrx_word' id='word_1_61' title='bbox 655 1267 714 1320; x_wconf 79' lang='grc'><strong>11</strong></span> <span class='ocrx_word' id='word_1_62' title='bbox 749 1267 933 1331; x_wconf 72' lang='lat' dir='ltr'><strong>capitis</strong></span> <span class='ocrx_word' id='word_1_63' title='bbox 963 1281 1088 1319; x_wconf 78' lang='lat' dir='ltr'><strong>xm</strong></span> <span class='ocrx_word' id='word_1_64' title='bbox 1111 1263 1385 1317; x_wconf 63' lang='lat' dir='ltr'><strong>(intereas.</strong></span> 
     </span>
    </p>
   </div>
   <div class='ocr_carea' id='block_1_14' title="bbox 381 1357 1372 1416">
    <p class='ocr_par' dir='ltr' id='par_1_14' title="bbox 381 1357 1372 1416">
     <span class='ocr_line' id='line_1_14' title="bbox 381 1357 1372 1416; baseline -0.008 0"><span class='ocrx_word' id='word_1_65' title='bbox 381 1361 652 1416; x_wconf 69' lang='lat' dir='ltr'><strong>PAlTLlNUS</strong></span> <span class='ocrx_word' id='word_1_66' title='bbox 681 1360 920 1414; x_wconf 72' lang='lat' dir='ltr'><strong>Bursian</strong></span> <span class='ocrx_word' id='word_1_67' title='bbox 947 1357 1098 1411; x_wconf 97' lang='lat' dir='ltr'><strong>fratri</strong></span> <span class='ocrx_word' id='word_1_68' title='bbox 1121 1357 1372 1411; x_wconf 75' lang='lat' dir='ltr'><strong>salutem.</strong></span> 
     </span>
    </p>
   </div>
   <div class='ocr_carea' id='block_1_15' title="bbox 387 1443 1904 1510">
    <p class='ocr_par' dir='ltr' id='par_1_15' title="bbox 387 1443 1904 1510">
     <span class='ocr_line' id='line_1_15' title="bbox 387 1443 1904 1510; baseline -0.007 -5"><span class='ocrx_word' id='word_1_69' title='bbox 387 1453 409 1505; x_wconf 86' lang='lat' dir='ltr'><strong>I</strong></span> <span class='ocrx_word' id='word_1_70' title='bbox 425 1452 548 1506; x_wconf 68' lang='grc' dir='ltr'><strong>,νει</strong></span> <span class='ocrx_word' id='word_1_71' title='bbox 559 1452 749 1506; x_wconf 84' lang='lat' dir='ltr'><strong>breves</strong></span> <span class='ocrx_word' id='word_1_72' title='bbox 763 1450 915 1504; x_wconf 88' lang='lat' dir='ltr'><strong>nobis</strong></span> <span class='ocrx_word' id='word_1_73' title='bbox 929 1448 998 1501; x_wconf 91' lang='lat' dir='ltr'><strong>ab</strong></span> <span class='ocrx_word' id='word_1_74' title='bbox 1011 1446 1358 1501; x_wconf 87' lang='lat' dir='ltr'><strong>unanimitate</strong></span> <span class='ocrx_word' id='word_1_75' title='bbox 1381 1453 1468 1498; x_wconf 89' lang='lat' dir='ltr'><strong>tua</strong></span> <span class='ocrx_word' id='word_1_76' title='bbox 1481 1443 1689 1505; x_wconf 66' lang='lat' dir='ltr'><strong>litterze,</strong></span> <span class='ocrx_word' id='word_1_77' title='bbox 1710 1455 1904 1510; x_wconf 87' lang='lat' dir='ltr'><strong>magno</strong></span> 
     </span>
    </p>
   </div>
   <div class='ocr_carea' id='block_1_16' title="bbox 309 1532 1906 1610">
    <p class='ocr_par' dir='ltr' id='par_1_16' title="bbox 309 1532 1906 1610">
     <span class='ocr_line' id='line_1_16' title="bbox 309 1532 1906 1610; baseline -0.008 -12"><span class='ocrx_word' id='word_1_78' title='bbox 309 1542 601 1610; x_wconf 82' lang='lat' dir='ltr'><strong>refrigerio</strong></span> <span class='ocrx_word' id='word_1_79' title='bbox 622 1550 764 1605; x_wconf 88' lang='lat' dir='ltr'><strong>sunt,</strong></span> <span class='ocrx_word' id='word_1_80' title='bbox 789 1540 945 1594; x_wconf 91' lang='lat' dir='ltr'><strong>sicuti</strong></span> <span class='ocrx_word' id='word_1_81' title='bbox 968 1540 1020 1592; x_wconf 90' lang='lat' dir='ltr'><strong>in</strong></span> <span class='ocrx_word' id='word_1_82' title='bbox 1038 1537 1259 1608; x_wconf 86' lang='lat' dir='ltr'><strong>penuria</strong></span> <span class='ocrx_word' id='word_1_83' title='bbox 1278 1534 1559 1590; x_wconf 78' lang='lat' dir='ltr'><strong>ﬂuviorum</strong></span> <span class='ocrx_word' id='word_1_84' title='bbox 1581 1547 1709 1602; x_wconf 86' lang='lat' dir='ltr'><strong>ager</strong></span> <span class='ocrx_word' id='word_1_85' title='bbox 1719 1532 1906 1586; x_wconf 90' lang='lat' dir='ltr'><strong>sitiens</strong></span> 
     </span>
    </p>
   </div>
   <div class='ocr_carea' id='block_1_17' title="bbox 325 1622 1906 1696">
    <p class='ocr_par' dir='ltr' id='par_1_17' title="bbox 325 1622 1906 1696">
     <span class='ocr_line' id='line_1_17' title="bbox 325 1622 1906 1696; baseline -0.008 -8"><span class='ocrx_word' id='word_1_86' title='bbox 325 1649 450 1690; x_wconf 89' lang='lat' dir='ltr'><strong>rore</strong></span> <span class='ocrx_word' id='word_1_87' title='bbox 474 1641 778 1695; x_wconf 82' lang='lat' dir='ltr'><strong>recreatur;</strong></span> <span class='ocrx_word' id='word_1_88' title='bbox 812 1630 952 1685; x_wconf 89' lang='lat' dir='ltr'><strong>unde</strong></span> <span class='ocrx_word' id='word_1_89' title='bbox 965 1628 1194 1684; x_wconf 81' lang='lat' dir='ltr'><strong>refectos</strong></span> <span class='ocrx_word' id='word_1_90' title='bbox 1213 1643 1319 1682; x_wconf 81' lang='lat' dir='ltr'><strong>nos</strong></span> <span class='ocrx_word' id='word_1_91' title='bbox 1341 1625 1583 1696; x_wconf 76' lang='lat' dir='ltr'><strong>quamvis</strong></span> <span class='ocrx_word' id='word_1_92' title='bbox 1602 1623 1751 1678; x_wconf 80' lang='lat' dir='ltr'><strong>brevi</strong></span> <span class='ocrx_word' id='word_1_93' title='bbox 1791 1622 1906 1692; x_wconf 81' lang='lat' dir='ltr'><strong>epi-</strong></span> 
     </span>
    </p>
   </div>
   <div class='ocr_carea' id='block_1_18' title="bbox 317 1712 1902 1790">
    <p class='ocr_par' dir='ltr' id='par_1_18' title="bbox 317 1712 1902 1790">
     <span class='ocr_line' id='line_1_18' title="bbox 317 1712 1902 1790; baseline -0.007 -12"><span class='ocrx_word' id='word_1_94' title='bbox 317 1724 454 1779; x_wconf 82' lang='lat' dir='ltr'><strong>stola</strong></span> <span class='ocrx_word' id='word_1_95' title='bbox 474 1734 587 1790; x_wconf 89' lang='lat' dir='ltr'><strong>tua,</strong></span> <span class='ocrx_word' id='word_1_96' title='bbox 613 1731 848 1776; x_wconf 82' lang='lat' dir='ltr'><strong>attamen</strong></span> <span class='ocrx_word' id='word_1_97' title='bbox 870 1728 981 1787; x_wconf 86' lang='lat' dir='ltr'><strong>tua,</strong></span> <span class='ocrx_word' id='word_1_98' title='bbox 1006 1735 1103 1789; x_wconf 88' lang='lat' dir='ltr'><strong>per</strong></span> <span class='ocrx_word' id='word_1_99' title='bbox 1129 1733 1353 1788; x_wconf 89' lang='lat' dir='ltr'><strong>puerum</strong></span> <span class='ocrx_word' id='word_1_100' title='bbox 1369 1716 1735 1772; x_wconf 87' lang='lat' dir='ltr'><strong>communium</strong></span> <span class='ocrx_word' id='word_1_101' title='bbox 1759 1712 1902 1778; x_wconf 48' lang='lat' dir='ltr'><strong>lilio:</strong></span> 
     </span>
    </p>
   </div>
   <div class='ocr_carea' id='block_1_19' title="bbox 309 1804 1899 1874">
    <p class='ocr_par' dir='ltr' id='par_1_19' title="bbox 309 1804 1899 1874">
     <span class='ocr_line' id='line_1_19' title="bbox 309 1804 1899 1874; baseline -0.007 -7"><span class='ocrx_word' id='word_1_102' title='bbox 309 1828 433 1867; x_wconf 85' lang='lat' dir='ltr'><strong>.rum</strong></span> <span class='ocrx_word' id='word_1_103' title='bbox 459 1810 720 1866; x_wconf 76' lang='lat' dir='ltr'><strong>fatemur:</strong></span> <span class='ocrx_word' id='word_1_104' title='bbox 753 1809 844 1866; x_wconf 90' lang='lat' dir='ltr'><strong>sed</strong></span> <span class='ocrx_word' id='word_1_105' title='bbox 873 1817 1048 1863; x_wconf 90' lang='lat' dir='ltr'><strong>tamen</strong></span> <span class='ocrx_word' id='word_1_106' title='bbox 1079 1823 1262 1862; x_wconf 86' lang='lat' dir='ltr'><strong>rursus</strong></span> <span class='ocrx_word' id='word_1_107' title='bbox 1291 1806 1531 1869; x_wconf 69' lang='lat' dir='ltr'><strong>allectus,</strong></span> <span class='ocrx_word' id='word_1_108' title='bbox 1560 1804 1685 1874; x_wconf 83' lang='lat' dir='ltr'><strong>quia</strong></span> <span class='ocrx_word' id='word_1_109' title='bbox 1711 1805 1899 1858; x_wconf 87' lang='lat' dir='ltr'><strong>etiam-</strong></span> 
     </span>
    </p>
   </div>
   <div class='ocr_carea' id='block_1_20' title="bbox 309 1897 1909 1962">
    <p class='ocr_par' dir='ltr' id='par_1_20' title="bbox 309 1897 1909 1962">
     <span class='ocr_line' id='line_1_20' title="bbox 309 1897 1909 1962; baseline -0.008 -1"><span class='ocrx_word' id='word_1_110' title='bbox 309 1922 444 1962; x_wconf 74' lang='lat' dir='ltr'><strong>num</strong></span> <span class='ocrx_word' id='word_1_111' title='bbox 473 1920 615 1959; x_wconf 91' lang='lat' dir='ltr'><strong>nunc</strong></span> <span class='ocrx_word' id='word_1_112' title='bbox 646 1919 743 1958; x_wconf 83' lang='lat' dir='ltr'><strong>vos</strong></span> <span class='ocrx_word' id='word_1_113' title='bbox 771 1903 825 1957; x_wconf 91' lang='lat' dir='ltr'><strong>in</strong></span> <span class='ocrx_word' id='word_1_114' title='bbox 853 1910 987 1959; x_wconf 69' lang='lat' dir='ltr'><strong>testu</strong></span> <span class='ocrx_word' id='word_1_115' title='bbox 1022 1898 1428 1962; x_wconf 79' lang='lat' dir='ltr'><strong>sollicitudinis,</strong></span> <span class='ocrx_word' id='word_1_116' title='bbox 1468 1906 1524 1951; x_wconf 92' lang='lat' dir='ltr'><strong>et</strong></span> <span class='ocrx_word' id='word_1_117' title='bbox 1556 1897 1760 1951; x_wconf 89' lang='lat' dir='ltr'><strong>incerto</strong></span> <span class='ocrx_word' id='word_1_118' title='bbox 1789 1912 1909 1950; x_wconf 84' lang='lat' dir='ltr'><strong>mo-</strong></span> 
     </span>
    </p>
   </div>
   <div class='ocr_carea' id='block_1_21' title="bbox 314 1989 1906 2065">
    <p class='ocr_par' dir='ltr' id='par_1_21' title="bbox 314 1989 1906 2065">
     <span class='ocr_line' id='line_1_21' title="bbox 314 1989 1906 2065; baseline -0.005 -15"><span class='ocrx_word' id='word_1_119' title='bbox 314 2014 524 2064; x_wconf 68' lang='lat' dir='ltr'><strong>rarum,</strong></span> <span class='ocrx_word' id='word_1_120' title='bbox 557 1996 784 2050; x_wconf 77' lang='lat' dir='ltr'><strong>Romam</strong></span> <span class='ocrx_word' id='word_1_121' title='bbox 814 1995 922 2065; x_wconf 87' lang='lat' dir='ltr'><strong>peti</strong></span> <span class='ocrx_word' id='word_1_122' title='bbox 944 1993 1243 2063; x_wconf 89' lang='lat' dir='ltr'><strong>judicastis.</strong></span> <span class='ocrx_word' id='word_1_123' title='bbox 1277 1990 1396 2046; x_wconf 73' lang='lat' dir='ltr'><strong>Det.</strong></span> <span class='ocrx_word' id='word_1_124' title='bbox 1411 1990 1566 2045; x_wconf 89' lang='lat' dir='ltr'><strong>nobis</strong></span> <span class='ocrx_word' id='word_1_125' title='bbox 1591 1989 1846 2044; x_wconf 84' lang='lat' dir='ltr'><strong>Dominus</strong></span> <span class='ocrx_word' id='word_1_126' title='bbox 1877 2003 1906 2042; x_wconf 89' lang='lat' dir='ltr'><strong>a</strong></span> 
     </span>
    </p>
   </div>
   <div class='ocr_carea' id='block_1_22' title="bbox 315 2082 1910 2156">
    <p class='ocr_par' dir='ltr' id='par_1_22' title="bbox 315 2082 1910 2156">
     <span class='ocr_line' id='line_1_22' title="bbox 315 2082 1910 2156; baseline -0.006 -14"><span class='ocrx_word' id='word_1_127' title='bbox 315 2089 550 2143; x_wconf 78' lang='lat' dir='ltr'><strong>Domino</strong></span> <span class='ocrx_word' id='word_1_128' title='bbox 580 2085 836 2142; x_wconf 72' lang='lat' dir='ltr'><strong>lzctiflcari</strong></span> <span class='ocrx_word' id='word_1_129' title='bbox 865 2085 1264 2156; x_wconf 86' lang='lat' dir='ltr'><strong>quamprimum</strong></span> <span class='ocrx_word' id='word_1_130' title='bbox 1313 2082 1380 2137; x_wconf 90' lang='lat' dir='ltr'><strong>de</strong></span> <span class='ocrx_word' id='word_1_131' title='bbox 1409 2090 1534 2137; x_wconf 89' lang='lat' dir='ltr'><strong>actu</strong></span> <span class='ocrx_word' id='word_1_132' title='bbox 1573 2088 1762 2136; x_wconf 85' lang='lat' dir='ltr'><strong>nostro</strong></span> <span class='ocrx_word' id='word_1_133' title='bbox 1794 2097 1807 2132; x_wconf 90' lang='lat'><strong>:</strong></span> <span class='ocrx_word' id='word_1_134' title='bbox 1849 2087 1910 2133; x_wconf 88' lang='lat' dir='ltr'><strong>ut</strong></span> 
     </span>
    </p>
   </div>
   <div class='ocr_carea' id='block_1_23' title="bbox 324 2169 1909 2246">
    <p class='ocr_par' dir='ltr' id='par_1_23' title="bbox 324 2169 1909 2246">
     <span class='ocr_line' id='line_1_23' title="bbox 324 2169 1909 2246; baseline -0.004 -15"><span class='ocrx_word' id='word_1_135' title='bbox 324 2178 461 2232; x_wconf 74' lang='lat' dir='ltr'><strong>sicut</strong></span> <span class='ocrx_word' id='word_1_136' title='bbox 488 2177 663 2231; x_wconf 75' lang='lat' dir='ltr'><strong>anxiis</strong></span> <span class='ocrx_word' id='word_1_137' title='bbox 676 2177 1056 2246; x_wconf 89' lang='lat' dir='ltr'><strong>compatimur,</strong></span> <span class='ocrx_word' id='word_1_138' title='bbox 1083 2175 1158 2228; x_wconf 91' lang='lat' dir='ltr'><strong>ita</strong></span> <span class='ocrx_word' id='word_1_139' title='bbox 1177 2172 1609 2242; x_wconf 82' lang='lat' dir='ltr'><strong>congaudeamus</strong></span> <span class='ocrx_word' id='word_1_140' title='bbox 1629 2169 1909 2236; x_wconf 89' lang='lat' dir='ltr'><strong>hilaritati,</strong></span> 
     </span>
    </p>
   </div>
   <div class='ocr_carea' id='block_1_24' title="bbox 316 2265 1911 2338">
    <p class='ocr_par' dir='ltr' id='par_1_24' title="bbox 316 2265 1911 2338">
     <span class='ocr_line' id='line_1_24' title="bbox 316 2265 1911 2338; baseline -0.003 -18"><span class='ocrx_word' id='word_1_141' title='bbox 316 2276 380 2320; x_wconf 76' lang='lat' dir='ltr'><strong>ct</strong></span> <span class='ocrx_word' id='word_1_142' title='bbox 409 2267 726 2338; x_wconf 84' lang='lat' dir='ltr'><strong>incipiamus</strong></span> <span class='ocrx_word' id='word_1_143' title='bbox 773 2277 951 2322; x_wconf 89' lang='lat' dir='ltr'><strong>tamen</strong></span> <span class='ocrx_word' id='word_1_144' title='bbox 979 2271 1200 2337; x_wconf 84' lang='lat' dir='ltr'><strong>sperare</strong></span> <span class='ocrx_word' id='word_1_145' title='bbox 1225 2266 1462 2321; x_wconf 81' lang='lat' dir='ltr'><strong>fructum</strong></span> <span class='ocrx_word' id='word_1_146' title='bbox 1490 2265 1787 2335; x_wconf 63' lang='lat' dir='ltr'><strong>prasentia:</strong></span> <span class='ocrx_word' id='word_1_147' title='bbox 1817 2277 1911 2317; x_wconf 85' lang='lat' dir='ltr'><strong>vc-</strong></span> 
     </span>
    </p>
   </div>
   <div class='ocr_carea' id='block_1_25' title="bbox 323 2352 1910 2425">
    <p class='ocr_par' dir='ltr' id='par_1_25' title="bbox 323 2352 1910 2425">
     <span class='ocr_line' id='line_1_25' title="bbox 323 2352 1910 2425; baseline -0.003 -13"><span class='ocrx_word' id='word_1_148' title='bbox 323 2367 464 2425; x_wconf 63' lang='grc' dir='ltr'><strong>είτω,</strong></span> <span class='ocrx_word' id='word_1_149' title='bbox 489 2359 534 2414; x_wconf 89' lang='lat' dir='ltr'><strong>si</strong></span> <span class='ocrx_word' id='word_1_150' title='bbox 562 2375 658 2414; x_wconf 86' lang='lat' dir='ltr'><strong>vos</strong></span> <span class='ocrx_word' id='word_1_151' title='bbox 676 2359 820 2414; x_wconf 85' lang='lat' dir='ltr'><strong>certi</strong></span> <span class='ocrx_word' id='word_1_152' title='bbox 849 2373 969 2413; x_wconf 90' lang='lat' dir='ltr'><strong>esse</strong></span> <span class='ocrx_word' id='word_1_153' title='bbox 1015 2357 1082 2413; x_wconf 91' lang='lat' dir='ltr'><strong>de</strong></span> <span class='ocrx_word' id='word_1_154' title='bbox 1109 2367 1290 2413; x_wconf 88' lang='lat' dir='ltr'><strong>vestra</strong></span> <span class='ocrx_word' id='word_1_155' title='bbox 1328 2356 1618 2421; x_wconf 87' lang='lat' dir='ltr'><strong>sententia,</strong></span> <span class='ocrx_word' id='word_1_156' title='bbox 1667 2354 1753 2411; x_wconf 88' lang='lat' dir='ltr'><strong>vel</strong></span> <span class='ocrx_word' id='word_1_157' title='bbox 1799 2352 1910 2408; x_wconf 90' lang='lat' dir='ltr'><strong>Do-</strong></span> 
     </span>
    </p>
   </div>
   <div class='ocr_carea' id='block_1_26' title="bbox 325 2449 1305 2519">
    <p class='ocr_par' dir='ltr' id='par_1_26' title="bbox 325 2449 1305 2519">
     <span class='ocr_line' id='line_1_26' title="bbox 325 2449 1305 2519; baseline -0.001 -16"><span class='ocrx_word' id='word_1_158' title='bbox 325 2451 456 2504; x_wconf 88' lang='lat' dir='ltr'><strong>mini</strong></span> <span class='ocrx_word' id='word_1_159' title='bbox 475 2450 618 2504; x_wconf 90' lang='lat' dir='ltr'><strong>circa</strong></span> <span class='ocrx_word' id='word_1_160' title='bbox 650 2466 744 2504; x_wconf 85' lang='lat' dir='ltr'><strong>vos</strong></span> <span class='ocrx_word' id='word_1_161' title='bbox 766 2449 982 2519; x_wconf 89' lang='lat' dir='ltr'><strong>placito,</strong></span> <span class='ocrx_word' id='word_1_162' title='bbox 1013 2449 1305 2517; x_wconf 78' lang='lat' dir='ltr'><strong>cmperitis.</strong></span> 
     </span>
    </p>
   </div>
   <div class='ocr_carea' id='block_1_27' title="bbox 400 2538 1912 2610">
    <p class='ocr_par' dir='ltr' id='par_1_27' title="bbox 400 2538 1912 2610">
     <span class='ocr_line' id='line_1_27' title="bbox 400 2538 1912 2610; baseline -0.002 -17"><span class='ocrx_word' id='word_1_163' title='bbox 400 2539 450 2593; x_wconf 79' lang='grc'><strong>9..</strong></span> <span class='ocrx_word' id='word_1_164' title='bbox 490 2539 653 2604; x_wconf 87' lang='lat' dir='ltr'><strong>Sane,</strong></span> <span class='ocrx_word' id='word_1_165' title='bbox 686 2539 831 2610; x_wconf 92' lang='lat' dir='ltr'><strong>quod</strong></span> <span class='ocrx_word' id='word_1_166' title='bbox 860 2540 1151 2594; x_wconf 88' lang='lat' dir='ltr'><strong>admonere</strong></span> <span class='ocrx_word' id='word_1_167' title='bbox 1179 2539 1415 2608; x_wconf 74' lang='lat' dir='ltr'><strong>dignaris</strong></span> <span class='ocrx_word' id='word_1_168' title='bbox 1445 2538 1638 2594; x_wconf 83' lang='lat' dir='ltr'><strong>affectu</strong></span> <span class='ocrx_word' id='word_1_169' title='bbox 1669 2539 1779 2603; x_wconf 91' lang='lat' dir='ltr'><strong>illo,</strong></span> <span class='ocrx_word' id='word_1_170' title='bbox 1803 2551 1912 2607; x_wconf 92' lang='lat' dir='ltr'><strong>quo</strong></span> 
     </span>
    </p>
   </div>
   <div class='ocr_carea' id='block_1_28' title="bbox 328 2630 1911 2700">
    <p class='ocr_par' dir='ltr' id='par_1_28' title="bbox 328 2630 1911 2700">
     <span class='ocr_line' id='line_1_28' title="bbox 328 2630 1911 2700; baseline -0.003 -12"><span class='ocrx_word' id='word_1_171' title='bbox 328 2647 426 2688; x_wconf 90' lang='lat' dir='ltr'><strong>nos</strong></span> <span class='ocrx_word' id='word_1_172' title='bbox 448 2633 586 2688; x_wconf 89' lang='lat' dir='ltr'><strong>sicut</strong></span> <span class='ocrx_word' id='word_1_173' title='bbox 616 2640 667 2687; x_wconf 91' lang='lat' dir='ltr'><strong>te</strong></span> <span class='ocrx_word' id='word_1_174' title='bbox 697 2631 891 2700; x_wconf 77' lang='lat' dir='ltr'><strong>diligis,</strong></span> <span class='ocrx_word' id='word_1_175' title='bbox 919 2639 978 2685; x_wconf 91' lang='lat' dir='ltr'><strong>ut</strong></span> <span class='ocrx_word' id='word_1_176' title='bbox 1004 2631 1238 2686; x_wconf 77' lang='lat' dir='ltr'><strong>studium</strong></span> <span class='ocrx_word' id='word_1_177' title='bbox 1269 2631 1322 2684; x_wconf 89' lang='lat' dir='ltr'><strong>in</strong></span> <span class='ocrx_word' id='word_1_178' title='bbox 1349 2630 1566 2685; x_wconf 65' lang='lat' dir='ltr'><strong>Graecas</strong></span> <span class='ocrx_word' id='word_1_179' title='bbox 1594 2630 1800 2686; x_wconf 88' lang='lat' dir='ltr'><strong>litteras</strong></span> <span class='ocrx_word' id='word_1_180' title='bbox 1825 2637 1911 2683; x_wconf 89' lang='lat' dir='ltr'><strong>at-</strong></span> 
     </span>
    </p>
   </div>
   <div class='ocr_carea' id='block_1_29' title="bbox 332 2723 1912 2793">
    <p class='ocr_par' dir='ltr' id='par_1_29' title="bbox 332 2723 1912 2793">
     <span class='ocr_line' id='line_1_29' title="bbox 332 2723 1912 2793; baseline -0.001 -15"><span class='ocrx_word' id='word_1_181' title='bbox 332 2726 524 2780; x_wconf 88' lang='lat' dir='ltr'><strong>tentius</strong></span> <span class='ocrx_word' id='word_1_182' title='bbox 570 2741 802 2791; x_wconf 88' lang='lat' dir='ltr'><strong>sumam,</strong></span> <span class='ocrx_word' id='word_1_183' title='bbox 833 2724 1066 2779; x_wconf 86' lang='lat' dir='ltr'><strong>libenter</strong></span> <span class='ocrx_word' id='word_1_184' title='bbox 1109 2724 1352 2793; x_wconf 87' lang='lat' dir='ltr'><strong>accipio:</strong></span> <span class='ocrx_word' id='word_1_185' title='bbox 1395 2723 1491 2778; x_wconf 90' lang='lat' dir='ltr'><strong>sed</strong></span> <span class='ocrx_word' id='word_1_186' title='bbox 1539 2723 1762 2793; x_wconf 86' lang='lat' dir='ltr'><strong>implere</strong></span> <span class='ocrx_word' id='word_1_187' title='bbox 1805 2737 1912 2777; x_wconf 90' lang='lat' dir='ltr'><strong>non</strong></span> 
     </span>
    </p>
   </div>
   <div class='ocr_carea' id='block_1_30' title="bbox 341 2815 1915 2885">
    <p class='ocr_par' dir='ltr' id='par_1_30' title="bbox 341 2815 1915 2885">
     <span class='ocr_line' id='line_1_30' title="bbox 341 2815 1915 2885; baseline 0 -16"><span class='ocrx_word' id='word_1_188' title='bbox 341 2816 492 2872; x_wconf 80' lang='lat' dir='ltr'><strong>valeo</strong></span> <span class='ocrx_word' id='word_1_189' title='bbox 526 2835 538 2870; x_wconf 93' lang='lat'><strong>:</strong></span> <span class='ocrx_word' id='word_1_190' title='bbox 573 2817 672 2883; x_wconf 74' lang='lat' dir='ltr'><strong>nisi</strong></span> <span class='ocrx_word' id='word_1_191' title='bbox 705 2817 841 2871; x_wconf 87' lang='lat' dir='ltr'><strong>forte</strong></span> <span class='ocrx_word' id='word_1_192' title='bbox 861 2817 1123 2872; x_wconf 84' lang='lat' dir='ltr'><strong>desideria</strong></span> <span class='ocrx_word' id='word_1_193' title='bbox 1156 2830 1272 2871; x_wconf 89' lang='lat' dir='ltr'><strong>mea</strong></span> <span class='ocrx_word' id='word_1_194' title='bbox 1303 2815 1517 2885; x_wconf 77' lang='lat' dir='ltr'><strong>adjuvat</strong></span> <span class='ocrx_word' id='word_1_195' title='bbox 1545 2815 1826 2883; x_wconf 75' lang='lat' dir='ltr'><strong>Dominus,</strong></span> <span class='ocrx_word' id='word_1_196' title='bbox 1855 2822 1915 2870; x_wconf 90' lang='lat' dir='ltr'><strong>ut</strong></span> 
     </span>
    </p>
   </div>
   <div class='ocr_carea' id='block_1_31' title="bbox 341 2906 1916 2979">
    <p class='ocr_par' dir='ltr' id='par_1_31' title="bbox 341 2906 1916 2979">
     <span class='ocr_line' id='line_1_31' title="bbox 341 2906 1916 2979; baseline 0.002 -20"><span class='ocrx_word' id='word_1_197' title='bbox 341 2906 538 2962; x_wconf 81' lang='lat' dir='ltr'><strong>diutius</strong></span> <span class='ocrx_word' id='word_1_198' title='bbox 576 2908 845 2962; x_wconf 86' lang='lat' dir='ltr'><strong>consortio</strong></span> <span class='ocrx_word' id='word_1_199' title='bbox 885 2915 979 2963; x_wconf 90' lang='lat' dir='ltr'><strong>tuo</strong></span> <span class='ocrx_word' id='word_1_200' title='bbox 1017 2907 1280 2979; x_wconf 80' lang='lat' dir='ltr'><strong>perfruar.</strong></span> <span class='ocrx_word' id='word_1_201' title='bbox 1313 2906 1444 2961; x_wconf 81' lang='lat' dir='ltr'><strong>Nam</strong></span> <span class='ocrx_word' id='word_1_202' title='bbox 1487 2906 1759 2978; x_wconf 90' lang='lat' dir='ltr'><strong>quomodo</strong></span> <span class='ocrx_word' id='word_1_203' title='bbox 1788 2923 1916 2978; x_wconf 79' lang='lat' dir='ltr'><strong>pro—</strong></span> 
     </span>
    </p>
   </div>
   <div class='ocr_carea' id='block_1_32' title="bbox 344 2995 1916 3070">
    <p class='ocr_par' dir='ltr' id='par_1_32' title="bbox 344 2995 1916 3070">
     <span class='ocr_line' id='line_1_32' title="bbox 344 2995 1916 3070; baseline 0.001 -21"><span class='ocrx_word' id='word_1_204' title='bbox 344 2995 537 3051; x_wconf 80' lang='lat' dir='ltr'><strong>fectum</strong></span> <span class='ocrx_word' id='word_1_205' title='bbox 565 3013 757 3068; x_wconf 88' lang='lat' dir='ltr'><strong>capere</strong></span> <span class='ocrx_word' id='word_1_206' title='bbox 779 3008 962 3068; x_wconf 88' lang='lat' dir='ltr'><strong>potero</strong></span> <span class='ocrx_word' id='word_1_207' title='bbox 990 2998 1254 3054; x_wconf 85' lang='lat' dir='ltr'><strong>sermonis</strong></span> <span class='ocrx_word' id='word_1_208' title='bbox 1285 2999 1449 3066; x_wconf 87' lang='lat' dir='ltr'><strong>ignoti</strong></span> <span class='ocrx_word' id='word_1_209' title='bbox 1463 3040 1486 3065; x_wconf 89' lang='lat'><strong>.,</strong></span> <span class='ocrx_word' id='word_1_210' title='bbox 1520 2999 1676 3070; x_wconf 74' lang='lat'><strong>275</strong></span> <span class='ocrx_word' id='word_1_211' title='bbox 1705 2999 1748 3053; x_wconf 91' lang='lat' dir='ltr'><strong>si</strong></span> <span class='ocrx_word' id='word_1_212' title='bbox 1777 2998 1916 3052; x_wconf 88' lang='lat' dir='ltr'><strong>desit</strong></span> 
     </span>
    </p>
   </div>
   <div class='ocr_carea' id='block_1_33' title="bbox 271 3087 1915 3155">
    <p class='ocr_par' dir='ltr' id='par_1_33' title="bbox 271 3087 1915 3155">
     <span class='ocr_line' id='line_1_33' title="bbox 271 3087 1915 3155; baseline 0.003 -16"><span class='ocrx_word' id='word_1_213' title='bbox 271 3090 290 3103; x_wconf 84' lang='lat'><strong><em>°</em></strong></span> <span class='ocrx_word' id='word_1_214' title='bbox 342 3101 372 3139; x_wconf 89' lang='lat' dir='ltr'><strong>a</strong></span> <span class='ocrx_word' id='word_1_215' title='bbox 395 3102 502 3155; x_wconf 92' lang='lat' dir='ltr'><strong>quo</strong></span> <span class='ocrx_word' id='word_1_216' title='bbox 519 3087 756 3155; x_wconf 79' lang='lat' dir='ltr'><strong>ignorata</strong></span> <span class='ocrx_word' id='word_1_217' title='bbox 778 3089 1080 3144; x_wconf 89' lang='lat' dir='ltr'><strong>condiscam</strong></span> <span class='ocrx_word' id='word_1_218' title='bbox 1097 3087 1311 3143; x_wconf 86' lang='lat' dir='ltr'><strong>?-Credo</strong></span> <span class='ocrx_word' id='word_1_219' title='bbox 1332 3090 1473 3142; x_wconf 89' lang='lat' dir='ltr'><strong>enim</strong></span> <span class='ocrx_word' id='word_1_220' title='bbox 1498 3088 1549 3143; x_wconf 90' lang='lat' dir='ltr'><strong>in</strong></span> <span class='ocrx_word' id='word_1_221' title='bbox 1566 3088 1915 3144; x_wconf 84' lang='lat' dir='ltr'><strong>translatione</strong></span> 
     </span>
    </p>
   </div>
   <div class='ocr_carea' id='block_1_34' title="bbox 1663 290 2252 351">
    <p class='ocr_par' dir='ltr' id='par_1_34' title="bbox 1663 290 2252 351">
     <span class='ocr_line' id='line_1_34' title="bbox 1663 290 2252 351; baseline -0.01 0"><span class='ocrx_word' id='word_1_222' title='bbox 1663 294 1990 351; x_wconf 77' lang='lat' dir='ltr'><strong>EPISTOLA</strong></span> <span class='ocrx_word' id='word_1_223' title='bbox 2027 290 2252 347; x_wconf 72' lang='lat' dir='ltr'><strong>XLVIII.</strong></span> 
     </span>
    </p>
   </div>
   <div class='ocr_carea' id='block_1_35' title="bbox 1770 379 3587 483">
    <p class='ocr_par' dir='ltr' id='par_1_35' title="bbox 1926 398 3587 483">
     <span class='ocr_line' id='line_1_35' title="bbox 1926 398 3587 483; baseline -0.003 -24"><span class='ocrx_word' id='word_1_224' title='bbox 1926 412 1974 466; x_wconf 80' lang='grc' dir='ltr'><strong>Α</strong></span> <span class='ocrx_word' id='word_1_225' title='bbox 2074 404 2226 483; x_wconf 73' lang='lat' dir='ltr'><strong>simul</strong></span> <span class='ocrx_word' id='word_1_226' title='bbox 2263 404 2500 483; x_wconf 57' lang='lat' dir='ltr'><strong>erposc&#39;it</strong></span> <span class='ocrx_word' id='word_1_227' title='bbox 2518 403 2740 483; x_wconf 71' lang='lat' dir='ltr'><strong>reliquas</strong></span> <span class='ocrx_word' id='word_1_228' title='bbox 2766 400 3142 483; x_wconf 63' lang='lat' dir='ltr'><strong>benedictione:</strong></span> <span class='ocrx_word' id='word_1_229' title='bbox 3171 398 3587 483; x_wconf 60' lang='lat' dir='ltr'><strong>patrial-riturum</strong></span> 
     </span>
    </p>
   </div>
   <div class='ocr_carea' id='block_1_36' title="bbox 3489 288 3594 343">
    <p class='ocr_par' dir='ltr' id='par_1_36' title="bbox 3489 288 3594 343">
     <span class='ocr_line' id='line_1_36' title="bbox 3489 288 3594 343; baseline 0 -1"><span class='ocrx_word' id='word_1_230' title='bbox 3489 288 3594 343; x_wconf 78' lang='lat'><strong>398</strong></span> 
     </span>
    </p>
   </div>
   <div class='ocr_carea' id='block_1_37' title="bbox 2074 467 3586 593">
    <p class='ocr_par' dir='ltr' id='par_1_37' title="bbox 2074 467 3586 593">
     <span class='ocr_line' id='line_1_37' title="bbox 2074 467 3586 593; baseline -0.001 -67"><span class='ocrx_word' id='word_1_231' title='bbox 2074 467 2347 555; x_wconf 74' lang='lat' dir='ltr'><strong>explicari,</strong></span> <span class='ocrx_word' id='word_1_232' title='bbox 2373 484 2425 525; x_wconf 82' lang='lat' dir='ltr'><strong>ut</strong></span> <span class='ocrx_word' id='word_1_233' title='bbox 2456 467 3046 593; x_wconf 55' lang='lat' dir='ltr'><strong>Desideri0£resbytero</strong></span> <span class='ocrx_word' id='word_1_234' title='bbox 3075 467 3239 540; x_wconf 54' lang='lat' dir='ltr'><strong>posisit</strong></span> <span class='ocrx_word' id='word_1_235' title='bbox 3262 467 3586 538; x_wconf 66' lang='lat' dir='ltr'><strong>satisfacere.</strong></span> 
     </span>
     <span class='ocr_line' id='line_1_38' title="bbox 2084 538 2911 593; baseline 0 0"><span class='ocrx_word' id='word_1_236' title='bbox 2084 543 2214 593; x_wconf 76' lang='lat' dir='ltr'><strong>Vide</strong></span> <span class='ocrx_word' id='word_1_237' title='bbox 2243 543 2513 593; x_wconf 73' lang='lat' dir='ltr'><strong>epistolam</strong></span> <span class='ocrx_word' id='word_1_238' title='bbox 2542 541 2628 593; x_wconf 69' lang='grc'><strong>45.</strong></span> <span class='ocrx_word' id='word_1_239' title='bbox 2658 558 2711 593; x_wconf 91' lang='lat' dir='ltr'><strong>n.</strong></span> <span class='ocrx_word' id='word_1_240' title='bbox 2790 550 2839 593; x_wconf 91' lang='lat' dir='ltr'><strong>et</strong></span> <span class='ocrx_word' id='word_1_241' title='bbox 2860 538 2911 593; x_wconf 84' lang='grc'><strong>4.</strong></span> 
     </span>
    </p>
   </div>
   <div class='ocr_carea' id='block_1_38' title="bbox 2084 538 2911 612">
    <p class='ocr_par' dir='ltr' id='par_1_38' title="bbox 2084 538 2911 612">
     <span class='ocr_line' id='line_1_39' title="bbox 2084 538 2911 612; baseline -0.004 -16"><span class='ocrx_word' id='word_1_242' title='bbox 2084 538 2214 596; x_wconf 84' lang='lat' dir='ltr'><strong>Vide</strong></span> <span class='ocrx_word' id='word_1_243' title='bbox 2243 543 2513 612; x_wconf 79' lang='lat' dir='ltr'><strong>epistolam</strong></span> <span class='ocrx_word' id='word_1_244' title='bbox 2542 541 2628 603; x_wconf 70' lang='grc'><strong>45,</strong></span> <span class='ocrx_word' id='word_1_245' title='bbox 2658 558 2711 595; x_wconf 89' lang='lat' dir='ltr'><strong>n.</strong></span> <span class='ocrx_word' id='word_1_246' title='bbox 2735 538 2769 593; x_wconf 78' lang='lat'><strong>3</strong></span> <span class='ocrx_word' id='word_1_247' title='bbox 2790 550 2839 594; x_wconf 92' lang='lat' dir='ltr'><strong>et</strong></span> <span class='ocrx_word' id='word_1_248' title='bbox 2860 538 2911 593; x_wconf 82' lang='grc'><strong>4.</strong></span> 
     </span>
    </p>
   </div>
   <div class='ocr_carea' id='block_1_39' title="bbox 2074 630 3050 687">
    <p class='ocr_par' dir='ltr' id='par_1_39' title="bbox 2074 630 3050 687">
     <span class='ocr_line' id='line_1_40' title="bbox 2074 630 3050 687; baseline -0.004 0"><span class='ocrx_word' id='word_1_249' title='bbox 2074 631 2340 687; x_wconf 63' lang='grc' dir='ltr'><strong>Ρλιῑιικυε</strong></span> <span class='ocrx_word' id='word_1_250' title='bbox 2361 631 2511 686; x_wconf 86' lang='lat' dir='ltr'><strong>fratri</strong></span> <span class='ocrx_word' id='word_1_251' title='bbox 2542 631 2779 686; x_wconf 68' lang='lat' dir='ltr'><strong>BUFFINO</strong></span> <span class='ocrx_word' id='word_1_252' title='bbox 2804 630 3050 684; x_wconf 90' lang='lat' dir='ltr'><strong>salutem.</strong></span> 
     </span>
    </p>
   </div>
   <div class='ocr_carea' id='block_1_40' title="bbox 2077 719 3594 790">
    <p class='ocr_par' dir='ltr' id='par_1_40' title="bbox 2077 719 3594 790">
     <span class='ocr_line' id='line_1_41' title="bbox 2077 719 3594 790; baseline -0.002 -14"><span class='ocrx_word' id='word_1_253' title='bbox 2077 723 2128 776; x_wconf 72' lang='grc'><strong>1.</strong></span> <span class='ocrx_word' id='word_1_254' title='bbox 2170 721 2286 778; x_wconf 87' lang='lat' dir='ltr'><strong>Etsi</strong></span> <span class='ocrx_word' id='word_1_255' title='bbox 2321 722 2584 778; x_wconf 91' lang='lat' dir='ltr'><strong>incertum</strong></span> <span class='ocrx_word' id='word_1_256' title='bbox 2633 722 2761 776; x_wconf 91' lang='lat' dir='ltr'><strong>mihi</strong></span> <span class='ocrx_word' id='word_1_257' title='bbox 2801 721 2926 777; x_wconf 91' lang='lat' dir='ltr'><strong>fecit</strong></span> <span class='ocrx_word' id='word_1_258' title='bbox 2972 721 3110 776; x_wconf 77' lang='lat' dir='ltr'><strong>filius</strong></span> <span class='ocrx_word' id='word_1_259' title='bbox 3154 722 3413 786; x_wconf 87' lang='lat' dir='ltr'><strong>Cerealis,</strong></span> <span class='ocrx_word' id='word_1_260' title='bbox 3446 719 3594 790; x_wconf 85' lang='lat' dir='ltr'><strong>quod</strong></span> 
     </span>
    </p>
   </div>
   <div class='ocr_carea' id='block_1_41' title="bbox 1996 801 3596 885">
    <p class='ocr_par' dir='ltr' id='par_1_41' title="bbox 1996 801 3596 885">
     <span class='ocr_line' id='line_1_42' title="bbox 1996 801 3596 885; baseline -0.001 -15"><span class='ocrx_word' id='word_1_261' title='bbox 1996 815 2073 870; x_wconf 82' lang='lat' dir='ltr'><strong>.ad</strong></span> <span class='ocrx_word' id='word_1_262' title='bbox 2103 824 2156 870; x_wconf 92' lang='lat' dir='ltr'><strong>te</strong></span> <span class='ocrx_word' id='word_1_263' title='bbox 2182 822 2524 885; x_wconf 87' lang='lat' dir='ltr'><strong>perrecturus</strong></span> <span class='ocrx_word' id='word_1_264' title='bbox 2547 813 2686 869; x_wconf 89' lang='lat' dir='ltr'><strong>foret</strong></span> <span class='ocrx_word' id='word_1_265' title='bbox 2709 815 2766 868; x_wconf 87' lang='lat' dir='ltr'><strong>in</strong></span> <span class='ocrx_word' id='word_1_266' title='bbox 2817 822 3059 884; x_wconf 78' lang='lat' dir='ltr'><strong>tempore</strong></span> <span class='ocrx_word' id='word_1_267' title='bbox 3085 801 3194 884; x_wconf 87' lang='lat' dir='ltr'><strong>quo</strong></span> <span class='ocrx_word' id='word_1_268' title='bbox 3241 814 3309 869; x_wconf 90' lang='lat' dir='ltr'><strong>ad</strong></span> <span class='ocrx_word' id='word_1_269' title='bbox 3348 824 3596 869; x_wconf 88' lang='lat' dir='ltr'><strong>sanctum</strong></span> 
     </span>
    </p>
   </div>
   <div class='ocr_carea' id='block_1_42' title="bbox 2005 903 3597 974">
    <p class='ocr_par' dir='ltr' id='par_1_42' title="bbox 2005 903 3597 974">
     <span class='ocr_line' id='line_1_43' title="bbox 2005 903 3597 974; baseline 0.001 -16"><span class='ocrx_word' id='word_1_270' title='bbox 2005 903 2224 959; x_wconf 87' lang='lat' dir='ltr'><strong>Petrum</strong></span> <span class='ocrx_word' id='word_1_271' title='bbox 2247 904 2535 958; x_wconf 84' lang='lat' dir='ltr'><strong>revertitur</strong></span> <span class='ocrx_word' id='word_1_272' title='bbox 2559 921 2572 957; x_wconf 89' lang='lat'>:</span> <span class='ocrx_word' id='word_1_273' title='bbox 2607 911 2787 958; x_wconf 90' lang='lat' dir='ltr'><strong>tamen</strong></span> <span class='ocrx_word' id='word_1_274' title='bbox 2815 919 2912 974; x_wconf 89' lang='lat' dir='ltr'><strong>per</strong></span> <span class='ocrx_word' id='word_1_275' title='bbox 2939 918 3061 958; x_wconf 93' lang='lat' dir='ltr'><strong>eum</strong></span> <span class='ocrx_word' id='word_1_276' title='bbox 3089 903 3181 972; x_wconf 89' lang='lat' dir='ltr'><strong>qui</strong></span> <span class='ocrx_word' id='word_1_277' title='bbox 3207 919 3362 973; x_wconf 67' lang='lat' dir='ltr'><strong>teque</strong></span> <span class='ocrx_word' id='word_1_278' title='bbox 3386 913 3508 959; x_wconf 92' lang='lat' dir='ltr'><strong>tuus</strong></span> <span class='ocrx_word' id='word_1_279' title='bbox 3533 921 3597 960; x_wconf 88' lang='lat' dir='ltr'><strong>ac</strong></span> 
     </span>
    </p>
   </div>
   <div class='ocr_carea' id='block_1_43' title="bbox 2007 995 3594 1066">
    <p class='ocr_par' dir='ltr' id='par_1_43' title="bbox 2007 995 3594 1066">
     <span class='ocr_line' id='line_1_44' title="bbox 2007 995 3594 1066; baseline 0.001 -17"><span class='ocrx_word' id='word_1_280' title='bbox 2007 1003 2192 1050; x_wconf 78' lang='lat' dir='ltr'><strong>noster</strong></span> <span class='ocrx_word' id='word_1_281' title='bbox 2235 1001 2340 1062; x_wconf 87' lang='lat' dir='ltr'><strong>est,</strong></span> <span class='ocrx_word' id='word_1_282' title='bbox 2373 1009 2482 1049; x_wconf 90' lang='lat' dir='ltr'><strong>non</strong></span> <span class='ocrx_word' id='word_1_283' title='bbox 2510 995 2770 1051; x_wconf 73' lang='lat' dir='ltr'><strong>‘scribere</strong></span> <span class='ocrx_word' id='word_1_284' title='bbox 2799 995 2912 1062; x_wconf 88' lang='lat' dir='ltr'><strong>tibi,</strong></span> <span class='ocrx_word' id='word_1_285' title='bbox 2960 1002 3070 1049; x_wconf 89' lang='lat' dir='ltr'><strong>tam</strong></span> <span class='ocrx_word' id='word_1_286' title='bbox 3099 995 3366 1066; x_wconf 85' lang='lat' dir='ltr'><strong>culpabile</strong></span> <span class='ocrx_word' id='word_1_287' title='bbox 3416 997 3594 1059; x_wconf 89' lang='lat' dir='ltr'><strong>nobis,</strong></span> 
     </span>
    </p>
   </div>
   <div class='ocr_carea' id='block_1_44' title="bbox 2001 1083 3596 1157">
    <p class='ocr_par' dir='ltr' id='par_1_44' title="bbox 2001 1083 3596 1157">
     <span class='ocr_line' id='line_1_45' title="bbox 2001 1083 3596 1157; baseline 0.003 -19"><span class='ocrx_word' id='word_1_288' title='bbox 2001 1100 2166 1154; x_wconf 79' lang='lat' dir='ltr'><strong>quam</strong></span> <span class='ocrx_word' id='word_1_289' title='bbox 2192 1084 2285 1138; x_wconf 82' lang='lat' dir='ltr'><strong>tibi</strong></span> <span class='ocrx_word' id='word_1_290' title='bbox 2308 1085 2462 1140; x_wconf 85' lang='lat' dir='ltr'><strong>triste</strong></span> <span class='ocrx_word' id='word_1_291' title='bbox 2481 1083 2714 1140; x_wconf 87' lang='lat' dir='ltr'><strong>futurum</strong></span> <span class='ocrx_word' id='word_1_292' title='bbox 2731 1085 3105 1155; x_wconf 87' lang='lat' dir='ltr'><strong>judicavinms.</strong></span> <span class='ocrx_word' id='word_1_293' title='bbox 3127 1087 3317 1157; x_wconf 87' lang='lat' dir='ltr'><strong>Itaque</strong></span> <span class='ocrx_word' id='word_1_294' title='bbox 3336 1089 3596 1143; x_wconf 73' lang='lat' dir='ltr'><strong>chartula:</strong></span> 
     </span>
    </p>
   </div>
   <div class='ocr_carea' id='block_1_45' title="bbox 2007 1174 3596 1246">
    <p class='ocr_par' dir='ltr' id='par_1_45' title="bbox 2007 1174 3596 1246">
     <span class='ocr_line' id='line_1_46' title="bbox 2007 1174 3596 1246; baseline 0.001 -16"><span class='ocrx_word' id='word_1_295' title='bbox 2007 1174 2292 1238; x_wconf 86' lang='lat' dir='ltr'><strong>damnum,</strong></span> <span class='ocrx_word' id='word_1_296' title='bbox 2323 1175 2447 1230; x_wconf 83' lang='lat' dir='ltr'><strong>site</strong></span> <span class='ocrx_word' id='word_1_297' title='bbox 2476 1174 2615 1230; x_wconf 82' lang='lat' dir='ltr'><strong>forte</strong></span> <span class='ocrx_word' id='word_1_298' title='bbox 2639 1191 2746 1230; x_wconf 90' lang='lat' dir='ltr'><strong>non</strong></span> <span class='ocrx_word' id='word_1_299' title='bbox 2777 1176 3028 1240; x_wconf 87' lang='lat' dir='ltr'><strong>vidisset,</strong></span> <span class='ocrx_word' id='word_1_300' title='bbox 3060 1191 3218 1246; x_wconf 92' lang='lat' dir='ltr'><strong>quam</strong></span> <span class='ocrx_word' id='word_1_301' title='bbox 3246 1177 3428 1242; x_wconf 77' lang='lat' dir='ltr'><strong>cilicii,</strong></span> <span class='ocrx_word' id='word_1_302' title='bbox 3456 1179 3596 1234; x_wconf 85' lang='lat' dir='ltr'><strong>sicut</strong></span> 
     </span>
    </p>
   </div>
   <div class='ocr_carea' id='block_1_46' title="bbox 2007 1265 3595 1337">
    <p class='ocr_par' dir='ltr' id='par_1_46' title="bbox 2007 1265 3595 1337">
     <span class='ocr_line' id='line_1_47' title="bbox 2007 1265 3595 1337; baseline 0.003 -18"><span class='ocrx_word' id='word_1_303' title='bbox 2007 1265 2294 1329; x_wconf 87' lang='lat' dir='ltr'><strong>credimus,</strong></span> <span class='ocrx_word' id='word_1_304' title='bbox 2328 1265 2373 1318; x_wconf 92' lang='lat' dir='ltr'><strong>si</strong></span> <span class='ocrx_word' id='word_1_305' title='bbox 2395 1273 2448 1318; x_wconf 89' lang='lat' dir='ltr'><strong>te</strong></span> <span class='ocrx_word' id='word_1_306' title='bbox 2476 1265 2694 1332; x_wconf 79' lang='lat' dir='ltr'><strong>viseret,</strong></span> <span class='ocrx_word' id='word_1_307' title='bbox 2726 1273 3087 1336; x_wconf 64' lang='lat' dir='ltr'><strong>praloptantes</strong></span> <span class='ocrx_word' id='word_1_308' title='bbox 3113 1281 3414 1337; x_wconf 79' lang='lat' dir='ltr'><strong>capessere,</strong></span> <span class='ocrx_word' id='word_1_309' title='bbox 3442 1285 3595 1323; x_wconf 86' lang='lat' dir='ltr'><strong>com-</strong></span> 
     </span>
    </p>
   </div>
   <div class='ocr_carea' id='block_1_47' title="bbox 1999 1353 3594 1422">
    <p class='ocr_par' dir='ltr' id='par_1_47' title="bbox 1999 1353 3594 1422">
     <span class='ocr_line' id='line_1_48' title="bbox 1999 1353 3594 1422; baseline 0.003 -14"><span class='ocrx_word' id='word_1_310' title='bbox 1999 1353 2249 1408; x_wconf 84' lang='lat' dir='ltr'><strong>misimus</strong></span> <span class='ocrx_word' id='word_1_311' title='bbox 2278 1353 2572 1422; x_wconf 89' lang='lat' dir='ltr'><strong>epistolam</strong></span> <span class='ocrx_word' id='word_1_312' title='bbox 2599 1353 2755 1408; x_wconf 81' lang='lat' dir='ltr'><strong>istam</strong></span> <span class='ocrx_word' id='word_1_313' title='bbox 2787 1370 2893 1409; x_wconf 93' lang='lat' dir='ltr'><strong>non</strong></span> <span class='ocrx_word' id='word_1_314' title='bbox 2917 1357 3091 1421; x_wconf 86' lang='lat' dir='ltr'><strong>casui,</strong></span> <span class='ocrx_word' id='word_1_315' title='bbox 3117 1355 3212 1410; x_wconf 90' lang='lat' dir='ltr'><strong>sed</strong></span> <span class='ocrx_word' id='word_1_316' title='bbox 3233 1355 3375 1411; x_wconf 81' lang='lat' dir='ltr'><strong>fidei.</strong></span> <span class='ocrx_word' id='word_1_317' title='bbox 3403 1355 3594 1413; x_wconf 87' lang='lat' dir='ltr'><strong>Credi-</strong></span> 
     </span>
    </p>
   </div>
   <div class='ocr_carea' id='block_1_48' title="bbox 2001 1431 3596 1515">
    <p class='ocr_par' dir='ltr' id='par_1_48' title="bbox 2001 1431 3596 1515">
     <span class='ocr_line' id='line_1_49' title="bbox 2001 1431 3596 1515; baseline 0.004 -18"><span class='ocrx_word' id='word_1_318' title='bbox 2001 1431 2126 1498; x_wconf 76' lang='lat' dir='ltr'><strong>inus</strong></span> <span class='ocrx_word' id='word_1_319' title='bbox 2152 1444 2294 1498; x_wconf 91' lang='lat' dir='ltr'><strong>enim</strong></span> <span class='ocrx_word' id='word_1_320' title='bbox 2315 1444 2368 1498; x_wconf 93' lang='lat' dir='ltr'><strong>in</strong></span> <span class='ocrx_word' id='word_1_321' title='bbox 2389 1443 2619 1500; x_wconf 87' lang='lat' dir='ltr'><strong>Domino</strong></span> <span class='ocrx_word' id='word_1_322' title='bbox 2639 1446 2970 1515; x_wconf 87' lang='lat' dir='ltr'><strong>dirigendam</strong></span> <span class='ocrx_word' id='word_1_323' title='bbox 2985 1446 3059 1501; x_wconf 90' lang='lat' dir='ltr'><strong>ad</strong></span> <span class='ocrx_word' id='word_1_324' title='bbox 3087 1454 3138 1502; x_wconf 87' lang='lat' dir='ltr'><strong>te</strong></span> <span class='ocrx_word' id='word_1_325' title='bbox 3161 1448 3301 1502; x_wconf 79' lang='lat' dir='ltr'><strong>viam</strong></span> <span class='ocrx_word' id='word_1_326' title='bbox 3328 1450 3596 1504; x_wconf 89' lang='lat' dir='ltr'><strong>sermonis</strong></span> 
     </span>
    </p>
   </div>
   <div class='ocr_carea' id='block_1_49' title="bbox 2007 1535 3596 1609">
    <p class='ocr_par' dir='ltr' id='par_1_49' title="bbox 2007 1535 3596 1609">
     <span class='ocr_line' id='line_1_50' title="bbox 2007 1535 3596 1609; baseline 0.003 -19"><span class='ocrx_word' id='word_1_327' title='bbox 2007 1550 2072 1590; x_wconf 80' lang='lat' dir='ltr'><strong>ac</strong></span> <span class='ocrx_word' id='word_1_328' title='bbox 2094 1535 2188 1589; x_wconf 83' lang='lat' dir='ltr'><strong>lilii</strong></span> <span class='ocrx_word' id='word_1_329' title='bbox 2219 1535 2408 1600; x_wconf 86' lang='lat' dir='ltr'><strong>nostri,</strong></span> <span class='ocrx_word' id='word_1_330' title='bbox 2439 1535 2565 1603; x_wconf 89' lang='lat' dir='ltr'><strong>quia</strong></span> <span class='ocrx_word' id='word_1_331' title='bbox 2589 1535 3018 1592; x_wconf 86' lang='lat' dir='ltr'><strong>desiderantibus</strong></span> <span class='ocrx_word' id='word_1_332' title='bbox 3039 1537 3240 1592; x_wconf 91' lang='lat' dir='ltr'><strong>bonum</strong></span> <span class='ocrx_word' id='word_1_333' title='bbox 3269 1539 3448 1593; x_wconf 88' lang='lat' dir='ltr'><strong>omnia</strong></span> <span class='ocrx_word' id='word_1_334' title='bbox 3476 1553 3596 1609; x_wconf 44' lang='lat' dir='ltr'><strong>pro.</strong></span> 
     </span>
    </p>
   </div>
   <div class='ocr_carea' id='block_1_50' title="bbox 2007 1624 3594 1698">
    <p class='ocr_par' dir='ltr' id='par_1_50' title="bbox 2007 1624 3594 1698">
     <span class='ocr_line' id='line_1_51' title="bbox 2007 1624 3594 1698; baseline 0 -17"><span class='ocrx_word' id='word_1_335' title='bbox 2007 1626 2203 1681; x_wconf 87' lang='lat' dir='ltr'><strong>cedent</strong></span> <span class='ocrx_word' id='word_1_336' title='bbox 2229 1626 2282 1680; x_wconf 92' lang='lat' dir='ltr'><strong>in</strong></span> <span class='ocrx_word' id='word_1_337' title='bbox 2311 1626 2700 1698; x_wconf 86' lang='lat' dir='ltr'><strong>bonum(Rom.</strong></span> <span class='ocrx_word' id='word_1_338' title='bbox 2723 1639 2835 1690; x_wconf 83' lang='lat' dir='ltr'><strong>vm,</strong></span> <span class='ocrx_word' id='word_1_339' title='bbox 2867 1624 2956 1691; x_wconf 67' lang='lat'><strong>38;</strong></span> <span class='ocrx_word' id='word_1_340' title='bbox 2984 1627 3085 1681; x_wconf 77' lang='lat' dir='ltr'><strong>vid.</strong></span> <span class='ocrx_word' id='word_1_341' title='bbox 3115 1626 3253 1682; x_wconf 88' lang='lat' dir='ltr'><strong>idem</strong></span> <span class='ocrx_word' id='word_1_342' title='bbox 3275 1628 3329 1682; x_wconf 92' lang='lat' dir='ltr'><strong>in</strong></span> <span class='ocrx_word' id='word_1_343' title='bbox 3352 1629 3510 1698; x_wconf 88' lang='lat' dir='ltr'><strong>epist.</strong></span> <span class='ocrx_word' id='word_1_344' title='bbox 3537 1627 3594 1696; x_wconf 86' lang='lat'><strong>5,</strong></span> 
     </span>
    </p>
   </div>
   <div class='ocr_carea' id='block_1_51' title="bbox 2009 1716 3598 1791">
    <p class='ocr_par' dir='ltr' id='par_1_51' title="bbox 2009 1716 3598 1791">
     <span class='ocr_line' id='line_1_52' title="bbox 2009 1716 3598 1791; baseline 0.001 -18"><span class='ocrx_word' id='word_1_345' title='bbox 2009 1735 2063 1773; x_wconf 79' lang='grc' dir='ltr'><strong>ιι.</strong></span> <span class='ocrx_word' id='word_1_346' title='bbox 2091 1717 2178 1787; x_wconf 83' lang='lat'><strong>9);</strong></span> <span class='ocrx_word' id='word_1_347' title='bbox 2229 1716 2499 1775; x_wconf 86' lang='lat' dir='ltr'><strong>desiderat</strong></span> <span class='ocrx_word' id='word_1_348' title='bbox 2526 1718 2667 1774; x_wconf 88' lang='lat' dir='ltr'><strong>enim</strong></span> <span class='ocrx_word' id='word_1_349' title='bbox 2687 1725 2765 1782; x_wconf 90' lang='lat' dir='ltr'><strong>te,</strong></span> <span class='ocrx_word' id='word_1_350' title='bbox 2796 1725 3055 1786; x_wconf 89' lang='lat' dir='ltr'><strong>quantum</strong></span> <span class='ocrx_word' id='word_1_351' title='bbox 3093 1719 3258 1778; x_wconf 80' lang='lat' dir='ltr'><strong>debes</strong></span> <span class='ocrx_word' id='word_1_352' title='bbox 3302 1720 3598 1791; x_wconf 67' lang='lat' dir='ltr'><strong>desiderari</strong></span> 
     </span>
    </p>
   </div>
   <div class='ocr_carea' id='block_1_52' title="bbox 2010 1807 3598 1879">
    <p class='ocr_par' dir='ltr' id='par_1_52' title="bbox 2010 1807 3598 1879">
     <span class='ocr_line' id='line_1_53' title="bbox 2010 1807 3598 1879; baseline -0.001 -13"><span class='ocrx_word' id='word_1_353' title='bbox 2010 1811 2078 1866; x_wconf 90' lang='lat' dir='ltr'><strong>ah</strong></span> <span class='ocrx_word' id='word_1_354' title='bbox 2099 1810 2428 1879; x_wconf 67' lang='lat' dir='ltr'><strong>intelligente</strong></span> <span class='ocrx_word' id='word_1_355' title='bbox 2453 1809 2794 1867; x_wconf 89' lang='lat' dir='ltr'><strong>commodum</strong></span> <span class='ocrx_word' id='word_1_356' title='bbox 2823 1823 2979 1863; x_wconf 90' lang='lat' dir='ltr'><strong>suum</strong></span> <span class='ocrx_word' id='word_1_357' title='bbox 3008 1807 3076 1863; x_wconf 91' lang='lat' dir='ltr'><strong>de</strong></span> <span class='ocrx_word' id='word_1_358' title='bbox 3103 1810 3378 1864; x_wconf 85' lang='lat' dir='ltr'><strong>consortio</strong></span> <span class='ocrx_word' id='word_1_359' title='bbox 3399 1811 3494 1866; x_wconf 88' lang='lat' dir='ltr'><strong>tui.</strong></span> <span class='ocrx_word' id='word_1_360' title='bbox 3527 1810 3598 1865; x_wconf 82' lang='lat' dir='ltr'><strong>Et</strong></span> 
     </span>
    </p>
   </div>
   <div class='ocr_carea' id='block_1_53' title="bbox 2009 1895 3599 1971">
    <p class='ocr_par' dir='ltr' id='par_1_53' title="bbox 2009 1895 3599 1971">
     <span class='ocr_line' id='line_1_54' title="bbox 2009 1895 3599 1971; baseline -0.001 -14"><span class='ocrx_word' id='word_1_361' title='bbox 2009 1902 2132 1957; x_wconf 86' lang='lat' dir='ltr'><strong>ideo</strong></span> <span class='ocrx_word' id='word_1_362' title='bbox 2153 1915 2418 1971; x_wconf 64' lang='lat' dir='ltr'><strong>prtcsumo</strong></span> <span class='ocrx_word' id='word_1_363' title='bbox 2441 1901 2566 1971; x_wconf 87' lang='lat' dir='ltr'><strong>quia</strong></span> <span class='ocrx_word' id='word_1_364' title='bbox 2586 1897 2878 1954; x_wconf 89' lang='lat' dir='ltr'><strong>secundum</strong></span> <span class='ocrx_word' id='word_1_365' title='bbox 2896 1895 3053 1952; x_wconf 80' lang='lat' dir='ltr'><strong>fidem</strong></span> <span class='ocrx_word' id='word_1_366' title='bbox 3076 1912 3140 1953; x_wconf 87' lang='lat' dir='ltr'><strong>ac</strong></span> <span class='ocrx_word' id='word_1_367' title='bbox 3160 1898 3416 1968; x_wconf 86' lang='lat' dir='ltr'><strong>pietatem</strong></span> <span class='ocrx_word' id='word_1_368' title='bbox 3446 1915 3599 1956; x_wconf 89' lang='lat' dir='ltr'><strong>suam</strong></span> 
     </span>
    </p>
   </div>
   <div class='ocr_carea' id='block_1_54' title="bbox 2009 1985 3598 2057">
    <p class='ocr_par' dir='ltr' id='par_1_54' title="bbox 2009 1985 3598 2057">
     <span class='ocr_line' id='line_1_55' title="bbox 2009 1985 3598 2057; baseline 0 -11"><span class='ocrx_word' id='word_1_369' title='bbox 2009 1990 2303 2047; x_wconf 87' lang='lat' dir='ltr'><strong>salvabitur</strong></span> <span class='ocrx_word' id='word_1_370' title='bbox 2324 1990 2383 2043; x_wconf 89' lang='lat' dir='ltr'><strong>in</strong></span> <span class='ocrx_word' id='word_1_371' title='bbox 2411 1989 2567 2045; x_wconf 90' lang='lat' dir='ltr'><strong>bonis</strong></span> <span class='ocrx_word' id='word_1_372' title='bbox 2587 1989 2909 2044; x_wconf 87' lang='lat' dir='ltr'><strong>desiderium</strong></span> <span class='ocrx_word' id='word_1_373' title='bbox 2938 1985 3084 2056; x_wconf 83' lang='lat' dir='ltr'><strong>ejus,</strong></span> <span class='ocrx_word' id='word_1_374' title='bbox 3136 1995 3191 2041; x_wconf 93' lang='lat' dir='ltr'><strong>et</strong></span> <span class='ocrx_word' id='word_1_375' title='bbox 3213 1990 3498 2057; x_wconf 83' lang='lat' dir='ltr'><strong>perveniet</strong></span> <span class='ocrx_word' id='word_1_376' title='bbox 3528 1989 3598 2046; x_wconf 87' lang='lat' dir='ltr'><strong>ad</strong></span> 
     </span>
    </p>
   </div>
   <div class='ocr_carea' id='block_1_55' title="bbox 2011 2082 3599 2153">
    <p class='ocr_par' dir='ltr' id='par_1_55' title="bbox 2011 2082 3599 2153">
     <span class='ocr_line' id='line_1_56' title="bbox 2011 2082 3599 2153; baseline -0.001 -13"><span class='ocrx_word' id='word_1_377' title='bbox 2011 2093 2094 2153; x_wconf 87' lang='lat' dir='ltr'><strong>te,</strong></span> <span class='ocrx_word' id='word_1_378' title='bbox 2123 2094 2178 2140; x_wconf 92' lang='lat' dir='ltr'><strong>et</strong></span> <span class='ocrx_word' id='word_1_379' title='bbox 2228 2094 2403 2140; x_wconf 89' lang='lat' dir='ltr'><strong>tecum</strong></span> <span class='ocrx_word' id='word_1_380' title='bbox 2451 2086 2708 2150; x_wconf 87' lang='lat' dir='ltr'><strong>manebit,</strong></span> <span class='ocrx_word' id='word_1_381' title='bbox 2741 2092 2798 2140; x_wconf 91' lang='lat' dir='ltr'><strong>et</strong></span> <span class='ocrx_word' id='word_1_382' title='bbox 2847 2084 3206 2152; x_wconf 88' lang='lat' dir='ltr'><strong>geminabitur</strong></span> <span class='ocrx_word' id='word_1_383' title='bbox 3251 2083 3406 2138; x_wconf 90' lang='lat' dir='ltr'><strong>nobis</strong></span> <span class='ocrx_word' id='word_1_384' title='bbox 3454 2082 3599 2153; x_wconf 89' lang='lat' dir='ltr'><strong>apud</strong></span> 
     </span>
    </p>
   </div>
   <div class='ocr_carea' id='block_1_56' title="bbox 2010 2177 3596 2250">
    <p class='ocr_par' dir='ltr' id='par_1_56' title="bbox 2010 2177 3596 2250">
     <span class='ocr_line' id='line_1_57' title="bbox 2010 2177 3596 2250; baseline 0.002 -19"><span class='ocrx_word' id='word_1_385' title='bbox 2010 2177 2292 2234; x_wconf 90' lang='lat' dir='ltr'><strong>Dominum</strong></span> <span class='ocrx_word' id='word_1_386' title='bbox 2323 2179 2377 2233; x_wconf 88' lang='lat' dir='ltr'><strong>in</strong></span> <span class='ocrx_word' id='word_1_387' title='bbox 2402 2179 2552 2234; x_wconf 84' lang='lat' dir='ltr'><strong>vobis</strong></span> <span class='ocrx_word' id='word_1_388' title='bbox 2572 2179 2804 2233; x_wconf 87' lang='lat' dir='ltr'><strong>salutare</strong></span> <span class='ocrx_word' id='word_1_389' title='bbox 2834 2178 3168 2249; x_wconf 72' lang='lat' dir='ltr'><strong>prmsidium;</strong></span> <span class='ocrx_word' id='word_1_390' title='bbox 3198 2194 3319 2234; x_wconf 90' lang='lat' dir='ltr'><strong>cum</strong></span> <span class='ocrx_word' id='word_1_391' title='bbox 3349 2179 3510 2250; x_wconf 76' lang='lat'><strong>276</strong></span> <span class='ocrx_word' id='word_1_392' title='bbox 3536 2187 3596 2234; x_wconf 84' lang='lat' dir='ltr'><strong>et</strong></span> 
     </span>
    </p>
   </div>
   <div class='ocr_carea' id='block_1_57' title="bbox 2011 2269 3595 2340">
    <p class='ocr_par' dir='ltr' id='par_1_57' title="bbox 2011 2269 3595 2340">
     <span class='ocr_line' id='line_1_58' title="bbox 2011 2269 3595 2340; baseline -0.001 -14"><span class='ocrx_word' id='word_1_393' title='bbox 2011 2271 2107 2326; x_wconf 86' lang='lat' dir='ltr'><strong>tibi</strong></span> <span class='ocrx_word' id='word_1_394' title='bbox 2129 2279 2239 2324; x_wconf 92' lang='lat' dir='ltr'><strong>tam</strong></span> <span class='ocrx_word' id='word_1_395' title='bbox 2260 2272 2432 2327; x_wconf 86' lang='lat' dir='ltr'><strong>bonus</strong></span> <span class='ocrx_word' id='word_1_396' title='bbox 2460 2270 2620 2337; x_wconf 83' lang='lat' dir='ltr'><strong>ﬁlius,</strong></span> <span class='ocrx_word' id='word_1_397' title='bbox 2663 2275 2864 2337; x_wconf 80' lang='lat' dir='ltr'><strong>comes,</strong></span> <span class='ocrx_word' id='word_1_398' title='bbox 2906 2269 3230 2340; x_wconf 84' lang='lat' dir='ltr'><strong>discipulus,</strong></span> <span class='ocrx_word' id='word_1_399' title='bbox 3262 2269 3478 2337; x_wconf 90' lang='lat' dir='ltr'><strong>adjutor</strong></span> <span class='ocrx_word' id='word_1_400' title='bbox 3502 2283 3595 2324; x_wconf 86' lang='lat' dir='ltr'><strong>ao-</strong></span> 
     </span>
    </p>
   </div>
   <div class='ocr_carea' id='block_1_58' title="bbox 2013 2361 3600 2435">
    <p class='ocr_par' dir='ltr' id='par_1_58' title="bbox 2013 2361 3600 2435">
     <span class='ocr_line' id='line_1_59' title="bbox 2013 2361 3600 2435; baseline -0.001 -15"><span class='ocrx_word' id='word_1_401' title='bbox 2013 2365 2254 2428; x_wconf 69' lang='lat' dir='ltr'><strong>cesserit,</strong></span> <span class='ocrx_word' id='word_1_402' title='bbox 2287 2374 2342 2420; x_wconf 94' lang='lat' dir='ltr'><strong>et</strong></span> <span class='ocrx_word' id='word_1_403' title='bbox 2371 2374 2427 2418; x_wconf 92' lang='lat' dir='ltr'><strong>tu</strong></span> <span class='ocrx_word' id='word_1_404' title='bbox 2455 2365 2528 2419; x_wconf 93' lang='lat' dir='ltr'><strong>illi</strong></span> <span class='ocrx_word' id='word_1_405' title='bbox 2560 2373 2714 2435; x_wconf 87' lang='lat' dir='ltr'><strong>pater</strong></span> <span class='ocrx_word' id='word_1_406' title='bbox 2743 2379 2806 2418; x_wconf 89' lang='lat' dir='ltr'><strong>ac</strong></span> <span class='ocrx_word' id='word_1_407' title='bbox 2843 2363 3098 2432; x_wconf 79' lang='lat' dir='ltr'><strong>magister</strong></span> <span class='ocrx_word' id='word_1_408' title='bbox 3139 2362 3315 2416; x_wconf 88' lang='lat' dir='ltr'><strong>omnis</strong></span> <span class='ocrx_word' id='word_1_409' title='bbox 3341 2361 3470 2416; x_wconf 88' lang='lat' dir='ltr'><strong>boni</strong></span> <span class='ocrx_word' id='word_1_410' title='bbox 3501 2361 3600 2418; x_wconf 90' lang='lat' dir='ltr'><strong>do-</strong></span> 
     </span>
    </p>
   </div>
   <div class='ocr_carea' id='block_1_59' title="bbox 2014 2454 3598 2524">
    <p class='ocr_par' dir='ltr' id='par_1_59' title="bbox 2014 2454 3598 2524">
     <span class='ocr_line' id='line_1_60' title="bbox 2014 2454 3598 2524; baseline -0.003 -12"><span class='ocrx_word' id='word_1_411' title='bbox 2014 2465 2172 2513; x_wconf 84' lang='lat' dir='ltr'><strong>natus</strong></span> <span class='ocrx_word' id='word_1_412' title='bbox 2195 2473 2224 2512; x_wconf 87' lang='lat' dir='ltr'><strong>a</strong></span> <span class='ocrx_word' id='word_1_413' title='bbox 2251 2457 2510 2524; x_wconf 83' lang='lat' dir='ltr'><strong>Domino,</strong></span> <span class='ocrx_word' id='word_1_414' title='bbox 2541 2457 2607 2511; x_wconf 89' lang='lat' dir='ltr'><strong>ad</strong></span> <span class='ocrx_word' id='word_1_415' title='bbox 2635 2456 2906 2511; x_wconf 83' lang='lat' dir='ltr'><strong>eﬂlcacem</strong></span> <span class='ocrx_word' id='word_1_416' title='bbox 2949 2455 3254 2510; x_wconf 85' lang='lat' dir='ltr'><strong>orationum</strong></span> <span class='ocrx_word' id='word_1_417' title='bbox 3294 2454 3598 2524; x_wconf 79' lang='lat' dir='ltr'><strong>potentiam</strong></span> 
     </span>
    </p>
   </div>
   <div class='ocr_carea' id='block_1_60' title="bbox 2013 2541 3599 2618">
    <p class='ocr_par' dir='ltr' id='par_1_60' title="bbox 2013 2541 3599 2618">
     <span class='ocr_line' id='line_1_61' title="bbox 2013 2541 3599 2618; baseline -0.006 -14"><span class='ocrx_word' id='word_1_418' title='bbox 2013 2547 2158 2604; x_wconf 82' lang='lat' dir='ltr'><strong>vires</strong></span> <span class='ocrx_word' id='word_1_419' title='bbox 2199 2549 2386 2618; x_wconf 74' lang='lat' dir='ltr'><strong>gratim</strong></span> <span class='ocrx_word' id='word_1_420' title='bbox 2429 2547 2683 2618; x_wconf 75' lang='lat' dir='ltr'><strong>&quot;spiritalis</strong></span> <span class='ocrx_word' id='word_1_421' title='bbox 2724 2545 3010 2600; x_wconf 85' lang='lat' dir='ltr'><strong>addideris.</strong></span> <span class='ocrx_word' id='word_1_422' title='bbox 3061 2543 3222 2597; x_wconf 87' lang='lat' dir='ltr'><strong>Nobis</strong></span> <span class='ocrx_word' id='word_1_423' title='bbox 3250 2551 3459 2606; x_wconf 85' lang='lat' dir='ltr'><strong>autem,</strong></span> <span class='ocrx_word' id='word_1_424' title='bbox 3492 2541 3599 2596; x_wconf 78' lang='lat' dir='ltr'><strong>etsi</strong></span> 
     </span>
    </p>
   </div>
   <div class='ocr_carea' id='block_1_61' title="bbox 2011 2629 3598 2711">
    <p class='ocr_par' dir='ltr' id='par_1_61' title="bbox 2011 2629 3598 2711">
     <span class='ocr_line' id='line_1_62' title="bbox 2011 2629 3598 2711; baseline -0.006 -16"><span class='ocrx_word' id='word_1_425' title='bbox 2011 2655 2114 2711; x_wconf 82' lang='lat' dir='ltr'><strong>pro</strong></span> <span class='ocrx_word' id='word_1_426' title='bbox 2137 2647 2235 2694; x_wconf 82' lang='lat' dir='ltr'><strong>tua</strong></span> <span class='ocrx_word' id='word_1_427' title='bbox 2281 2639 2505 2694; x_wconf 88' lang='lat' dir='ltr'><strong>caritate</strong></span> <span class='ocrx_word' id='word_1_428' title='bbox 2528 2635 2840 2707; x_wconf 64' lang='lat' dir='ltr'><strong>praesumtio</strong></span> <span class='ocrx_word' id='word_1_429' title='bbox 2892 2635 2982 2698; x_wconf 80' lang='lat' dir='ltr'><strong>sit,</strong></span> <span class='ocrx_word' id='word_1_430' title='bbox 3012 2633 3136 2702; x_wconf 88' lang='lat' dir='ltr'><strong>quia</strong></span> <span class='ocrx_word' id='word_1_431' title='bbox 3167 2640 3504 2686; x_wconf 85' lang='lat' dir='ltr'><strong>remeaturus</strong></span> <span class='ocrx_word' id='word_1_432' title='bbox 3527 2629 3598 2685; x_wconf 80' lang='lat' dir='ltr'><strong>ad</strong></span> 
     </span>
    </p>
   </div>
   <div class='ocr_carea' id='block_1_62' title="bbox 2014 2721 3600 2795">
    <p class='ocr_par' dir='ltr' id='par_1_62' title="bbox 2014 2721 3600 2795">
     <span class='ocr_line' id='line_1_63' title="bbox 2014 2721 3600 2795; baseline -0.005 -10"><span class='ocrx_word' id='word_1_433' title='bbox 2014 2727 2306 2795; x_wconf 89' lang='lat' dir='ltr'><strong>Orientem,</strong></span> <span class='ocrx_word' id='word_1_434' title='bbox 2325 2745 2432 2784; x_wconf 93' lang='lat' dir='ltr'><strong>non</strong></span> <span class='ocrx_word' id='word_1_435' title='bbox 2464 2729 2602 2783; x_wconf 86' lang='lat' dir='ltr'><strong>feres</strong></span> <span class='ocrx_word' id='word_1_436' title='bbox 2630 2725 2913 2781; x_wconf 85' lang='lat' dir='ltr'><strong>invisitatis</strong></span> <span class='ocrx_word' id='word_1_437' title='bbox 2935 2725 3088 2780; x_wconf 89' lang='lat' dir='ltr'><strong>nobis</strong></span> <span class='ocrx_word' id='word_1_438' title='bbox 3104 2723 3298 2787; x_wconf 81' lang='lat' dir='ltr'><strong>abire;</strong></span> <span class='ocrx_word' id='word_1_439' title='bbox 3327 2731 3511 2776; x_wconf 88' lang='lat' dir='ltr'><strong>tamen</strong></span> <span class='ocrx_word' id='word_1_440' title='bbox 3529 2721 3600 2777; x_wconf 77' lang='lat' dir='ltr'><strong>de</strong></span> 
     </span>
    </p>
   </div>
   <div class='ocr_carea' id='block_1_63' title="bbox 2015 2814 3597 2895">
    <p class='ocr_par' dir='ltr' id='par_1_63' title="bbox 2015 2814 3597 2895">
     <span class='ocr_line' id='line_1_64' title="bbox 2015 2814 3597 2895; baseline -0.008 -15"><span class='ocrx_word' id='word_1_441' title='bbox 2015 2823 2250 2895; x_wconf 86' lang='lat' dir='ltr'><strong>peccatis</strong></span> <span class='ocrx_word' id='word_1_442' title='bbox 2269 2822 2476 2878; x_wconf 85' lang='lat' dir='ltr'><strong>nostris</strong></span> <span class='ocrx_word' id='word_1_443' title='bbox 2495 2828 2679 2875; x_wconf 84' lang='lat' dir='ltr'><strong>metus</strong></span> <span class='ocrx_word' id='word_1_444' title='bbox 2707 2825 2810 2884; x_wconf 89' lang='lat' dir='ltr'><strong>est,</strong></span> <span class='ocrx_word' id='word_1_445' title='bbox 2843 2833 2908 2872; x_wconf 89' lang='lat' dir='ltr'><strong>ne</strong></span> <span class='ocrx_word' id='word_1_446' title='bbox 2935 2816 3147 2871; x_wconf 76' lang='lat' dir='ltr'><strong>etiamsi</strong></span> <span class='ocrx_word' id='word_1_447' title='bbox 3197 2822 3305 2868; x_wconf 88' lang='lat' dir='ltr'><strong>tam</strong></span> <span class='ocrx_word' id='word_1_448' title='bbox 3334 2814 3488 2868; x_wconf 87' lang='lat' dir='ltr'><strong>nobis</strong></span> <span class='ocrx_word' id='word_1_449' title='bbox 3516 2816 3597 2868; x_wconf 86' lang='lat' dir='ltr'><strong>vi-</strong></span> 
     </span>
    </p>
   </div>
   <div class='ocr_carea' id='block_1_64' title="bbox 2013 2905 3600 2987">
    <p class='ocr_par' dir='ltr' id='par_1_64' title="bbox 2013 2905 3600 2987">
     <span class='ocr_line' id='line_1_65' title="bbox 2013 2905 3600 2987; baseline -0.011 -13"><span class='ocrx_word' id='word_1_450' title='bbox 2013 2918 2156 2984; x_wconf 88' lang='lat' dir='ltr'><strong>cina,</strong></span> <span class='ocrx_word' id='word_1_451' title='bbox 2176 2915 2283 2972; x_wconf 82' lang='lat' dir='ltr'><strong>filia</strong></span> <span class='ocrx_word' id='word_1_452' title='bbox 2304 2915 2592 2987; x_wconf 83' lang='lat' dir='ltr'><strong>Babylonis</strong></span> <span class='ocrx_word' id='word_1_453' title='bbox 2618 2913 2694 2984; x_wconf 90' lang='lat' dir='ltr'><strong>(id</strong></span> <span class='ocrx_word' id='word_1_454' title='bbox 2713 2911 2994 2974; x_wconf 77' lang='lat' dir='ltr'><strong>estBoma;</strong></span> <span class='ocrx_word' id='word_1_455' title='bbox 3017 2908 3122 2963; x_wconf 76' lang='lat' dir='ltr'><strong>vid.</strong></span> <span class='ocrx_word' id='word_1_456' title='bbox 3145 2907 3304 2978; x_wconf 89' lang='lat' dir='ltr'><strong>epist.</strong></span> <span class='ocrx_word' id='word_1_457' title='bbox 3336 2905 3423 2971; x_wconf 75' lang='lat'><strong>29,</strong></span> <span class='ocrx_word' id='word_1_458' title='bbox 3437 2905 3600 2977; x_wconf 69' lang='lat' dir='ltr'><strong>n.13)</strong></span> 
     </span>
    </p>
   </div>
   <div class='ocr_carea' id='block_1_65' title="bbox 2016 3004 3602 3076">
    <p class='ocr_par' dir='ltr' id='par_1_65' title="bbox 2016 3004 3602 3076">
     <span class='ocr_line' id='line_1_66' title="bbox 2016 3004 3602 3076; baseline -0.01 -9"><span class='ocrx_word' id='word_1_459' title='bbox 2016 3019 2242 3067; x_wconf 80' lang='lat' dir='ltr'><strong>avertat.</strong></span> <span class='ocrx_word' id='word_1_460' title='bbox 2269 3011 2446 3076; x_wconf 86' lang='lat' dir='ltr'><strong>Quare</strong></span> <span class='ocrx_word' id='word_1_461' title='bbox 2468 3008 2694 3064; x_wconf 89' lang='lat' dir='ltr'><strong>Domino</strong></span> <span class='ocrx_word' id='word_1_462' title='bbox 2721 3004 2986 3061; x_wconf 86' lang='lat' dir='ltr'><strong>desideria</strong></span> <span class='ocrx_word' id='word_1_463' title='bbox 3009 3008 3190 3056; x_wconf 88' lang='lat' dir='ltr'><strong>nostra</strong></span> <span class='ocrx_word' id='word_1_464' title='bbox 3216 3015 3281 3056; x_wconf 87' lang='lat' dir='ltr'><strong>ac</strong></span> <span class='ocrx_word' id='word_1_465' title='bbox 3306 3006 3430 3054; x_wconf 84' lang='lat' dir='ltr'><strong>vota</strong></span> <span class='ocrx_word' id='word_1_466' title='bbox 3445 3014 3602 3054; x_wconf 89' lang='lat' dir='ltr'><strong>man-</strong></span> 
     </span>
    </p>
   </div>
   <div class='ocr_carea' id='block_1_66' title="bbox 2024 3089 3603 3164">
    <p class='ocr_par' dir='ltr' id='par_1_66' title="bbox 2024 3089 3603 3164">
     <span class='ocr_line' id='line_1_67' title="bbox 2024 3089 3603 3164; baseline -0.009 -7"><span class='ocrx_word' id='word_1_467' title='bbox 2024 3103 2230 3164; x_wconf 90' lang='lat' dir='ltr'><strong>damus,</strong></span> <span class='ocrx_word' id='word_1_468' title='bbox 2264 3115 2332 3156; x_wconf 92' lang='lat' dir='ltr'><strong>ne</strong></span> <span class='ocrx_word' id='word_1_469' title='bbox 2360 3097 2656 3155; x_wconf 89' lang='lat' dir='ltr'><strong>secundum</strong></span> <span class='ocrx_word' id='word_1_470' title='bbox 2685 3095 2934 3150; x_wconf 88' lang='lat' dir='ltr'><strong>meritum</strong></span> <span class='ocrx_word' id='word_1_471' title='bbox 2984 3092 3156 3157; x_wconf 86' lang='lat' dir='ltr'><strong>nobis,</strong></span> <span class='ocrx_word' id='word_1_472' title='bbox 3189 3091 3284 3146; x_wconf 88' lang='lat' dir='ltr'><strong>sed</strong></span> <span class='ocrx_word' id='word_1_473' title='bbox 3308 3089 3603 3145; x_wconf 87' lang='lat' dir='ltr'><strong>secundum</strong></span> 
     </span>
    </p>
   </div>
   <div class='ocr_carea' id='block_1_67' title="bbox 334 3153 1911 3256">
    <p class='ocr_par' dir='ltr' id='par_1_67' title="bbox 334 3153 1911 3249">
     <span class='ocr_line' id='line_1_68' title="bbox 334 3153 1911 3249; baseline 0.001 -19"><span class='ocrx_word' id='word_1_474' title='bbox 334 3153 503 3232; x_wconf 80' lang='lat' dir='ltr'><strong>sancti</strong></span> <span class='ocrx_word' id='word_1_475' title='bbox 536 3153 837 3233; x_wconf 63' lang='lat' dir='ltr'><strong>-t3lell&#39;lotltis</strong></span> <span class='ocrx_word' id='word_1_476' title='bbox 865 3178 960 3247; x_wconf 84' lang='lat' dir='ltr'><strong>(V.</strong></span> <span class='ocrx_word' id='word_1_477' title='bbox 992 3188 1105 3233; x_wconf 91' lang='lat' dir='ltr'><strong>not.</strong></span> <span class='ocrx_word' id='word_1_478' title='bbox 1137 3177 1240 3232; x_wconf 79' lang='lat' dir='ltr'><strong>I95</strong></span> <span class='ocrx_word' id='word_1_479' title='bbox 1259 3181 1298 3249; x_wconf 90' lang='lat'><strong>),</strong></span> <span class='ocrx_word' id='word_1_480' title='bbox 1327 3188 1521 3249; x_wconf 55' lang='lat' dir='ltr'><strong>prater</strong></span> <span class='ocrx_word' id='word_1_481' title='bbox 1549 3179 1680 3233; x_wconf 90' lang='lat' dir='ltr'><strong>alias</strong></span> <span class='ocrx_word' id='word_1_482' title='bbox 1727 3178 1911 3246; x_wconf 76' lang='lat' dir='ltr'><strong>ingenii</strong></span> 
     </span>
    </p>
   </div>
   <div class='ocr_carea' id='block_1_68' title="bbox 2020 3153 3602 3256">
    <p class='ocr_par' dir='ltr' id='par_1_68' title="bbox 2025 3182 3602 3256">
     <span class='ocr_line' id='line_1_69' title="bbox 2025 3182 3602 3256; baseline -0.01 -6"><span class='ocrx_word' id='word_1_483' title='bbox 2025 3193 2348 3250; x_wconf 86' lang='lat' dir='ltr'><strong>desiderium</strong></span> <span class='ocrx_word' id='word_1_484' title='bbox 2369 3191 2548 3256; x_wconf 84' lang='lat' dir='ltr'><strong>faciat,</strong></span> <span class='ocrx_word' id='word_1_485' title='bbox 2581 3197 2636 3245; x_wconf 93' lang='lat' dir='ltr'><strong>et</strong></span> <span class='ocrx_word' id='word_1_486' title='bbox 2657 3189 2850 3256; x_wconf 90' lang='lat' dir='ltr'><strong>dirigat</strong></span> <span class='ocrx_word' id='word_1_487' title='bbox 2878 3185 2944 3240; x_wconf 91' lang='lat' dir='ltr'><strong>ad</strong></span> <span class='ocrx_word' id='word_1_488' title='bbox 2971 3201 3069 3240; x_wconf 87' lang='lat' dir='ltr'><strong>nos</strong></span> <span class='ocrx_word' id='word_1_489' title='bbox 3095 3185 3238 3238; x_wconf 88' lang='lat' dir='ltr'><strong>viam</strong></span> <span class='ocrx_word' id='word_1_490' title='bbox 3269 3191 3414 3236; x_wconf 88' lang='lat' dir='ltr'><strong>tuam</strong></span> <span class='ocrx_word' id='word_1_491' title='bbox 3443 3182 3495 3235; x_wconf 86' lang='lat' dir='ltr'><strong>in</strong></span> <span class='ocrx_word' id='word_1_492' title='bbox 3517 3182 3602 3234; x_wconf 87' lang='lat' dir='ltr'><strong>via</strong></span> 
     </span>
    </p>
   </div>
   <div class='ocr_carea' id='block_1_69' title="bbox 335 3269 1913 3342">
    <p class='ocr_par' dir='ltr' id='par_1_69' title="bbox 335 3269 1913 3342">
     <span class='ocr_line' id='line_1_70' title="bbox 335 3269 1913 3342; baseline 0 -18"><span class='ocrx_word' id='word_1_493' title='bbox 335 3269 439 3324; x_wconf 90' lang='lat' dir='ltr'><strong>mei</strong></span> <span class='ocrx_word' id='word_1_494' title='bbox 467 3269 820 3336; x_wconf 87' lang='lat' dir='ltr'><strong>defectiones,</strong></span> <span class='ocrx_word' id='word_1_495' title='bbox 853 3272 991 3328; x_wconf 89' lang='lat' dir='ltr'><strong>hanc</strong></span> <span class='ocrx_word' id='word_1_496' title='bbox 1035 3279 1088 3327; x_wconf 85' lang='lat' dir='ltr'><strong>te</strong></span> <span class='ocrx_word' id='word_1_497' title='bbox 1126 3272 1460 3342; x_wconf 88' lang='lat' dir='ltr'><strong>potissimum</strong></span> <span class='ocrx_word' id='word_1_498' title='bbox 1483 3270 1761 3341; x_wconf 75' lang='lat' dir='ltr'><strong>imperitia:</strong></span> <span class='ocrx_word' id='word_1_499' title='bbox 1781 3286 1913 3325; x_wconf 78' lang='lat' dir='ltr'><strong>mea:</strong></span> 
     </span>
    </p>
   </div>
   <div class='ocr_carea' id='block_1_70' title="bbox 335 3362 1915 3435">
    <p class='ocr_par' dir='ltr' id='par_1_70' title="bbox 335 3362 1915 3435">
     <span class='ocr_line' id='line_1_71' title="bbox 335 3362 1915 3435; baseline -0.001 -19"><span class='ocrx_word' id='word_1_500' title='bbox 335 3364 610 3432; x_wconf 81' lang='lat' dir='ltr'><strong>penuriam</strong></span> <span class='ocrx_word' id='word_1_501' title='bbox 632 3364 1024 3433; x_wconf 84' lang='lat' dir='ltr'><strong>considerasse,</strong></span> <span class='ocrx_word' id='word_1_502' title='bbox 1059 3363 1203 3435; x_wconf 87' lang='lat' dir='ltr'><strong>quod</strong></span> <span class='ocrx_word' id='word_1_503' title='bbox 1231 3364 1432 3432; x_wconf 88' lang='lat' dir='ltr'><strong>aliqua,</strong></span> <span class='ocrx_word' id='word_1_504' title='bbox 1459 3363 1511 3416; x_wconf 89' lang='lat' dir='ltr'><strong>in</strong></span> <span class='ocrx_word' id='word_1_505' title='bbox 1541 3363 1734 3432; x_wconf 91' lang='lat' dir='ltr'><strong>quibus</strong></span> <span class='ocrx_word' id='word_1_506' title='bbox 1757 3362 1915 3416; x_wconf 89' lang='lat' dir='ltr'><strong>intel-</strong></span> 
     </span>
    </p>
   </div>
   <div class='ocr_carea' id='block_1_71' title="bbox 335 3457 1915 3529">
    <p class='ocr_par' dir='ltr' id='par_1_71' title="bbox 335 3457 1915 3529">
     <span class='ocr_line' id='line_1_72' title="bbox 335 3457 1915 3529; baseline -0.001 -17"><span class='ocrx_word' id='word_1_507' title='bbox 335 3457 494 3527; x_wconf 84' lang='lat' dir='ltr'><strong>ligere</strong></span> <span class='ocrx_word' id='word_1_508' title='bbox 522 3459 606 3514; x_wconf 83' lang='lat' dir='ltr'><strong>vel</strong></span> <span class='ocrx_word' id='word_1_509' title='bbox 652 3460 956 3529; x_wconf 70' lang='lat' dir='ltr'><strong>exprimere</strong></span> <span class='ocrx_word' id='word_1_510' title='bbox 1001 3459 1163 3513; x_wconf 85' lang='lat' dir='ltr'><strong>verba</strong></span> <span class='ocrx_word' id='word_1_511' title='bbox 1193 3474 1298 3514; x_wconf 88' lang='lat' dir='ltr'><strong>non</strong></span> <span class='ocrx_word' id='word_1_512' title='bbox 1324 3458 1508 3526; x_wconf 88' lang='lat' dir='ltr'><strong>potui,</strong></span> <span class='ocrx_word' id='word_1_513' title='bbox 1547 3473 1709 3512; x_wconf 89' lang='lat' dir='ltr'><strong>sensu</strong></span> <span class='ocrx_word' id='word_1_514' title='bbox 1736 3457 1915 3528; x_wconf 85' lang='lat' dir='ltr'><strong>potius</strong></span> 
     </span>
    </p>
   </div>
   <div class='ocr_carea' id='block_1_72' title="bbox 329 3549 1915 3620">
    <p class='ocr_par' dir='ltr' id='par_1_72' title="bbox 329 3549 1915 3620">
     <span class='ocr_line' id='line_1_73' title="bbox 329 3549 1915 3620; baseline -0.003 -15"><span class='ocrx_word' id='word_1_515' title='bbox 329 3552 668 3620; x_wconf 80' lang='lat' dir='ltr'><strong>apprehenso</strong></span> <span class='ocrx_word' id='word_1_516' title='bbox 700 3551 796 3620; x_wconf 74' lang='grc' dir='ltr'><strong>(γ.</strong></span> <span class='ocrx_word' id='word_1_517' title='bbox 831 3558 945 3605; x_wconf 91' lang='lat' dir='ltr'><strong>not.</strong></span> <span class='ocrx_word' id='word_1_518' title='bbox 979 3549 1082 3606; x_wconf 64' lang='lat'><strong>£96</strong></span> <span class='ocrx_word' id='word_1_519' title='bbox 1107 3557 1144 3614; x_wconf 85' lang='lat'><strong>),</strong></span> <span class='ocrx_word' id='word_1_520' title='bbox 1179 3550 1261 3604; x_wconf 81' lang='lat' dir='ltr'><strong>vel</strong></span> <span class='ocrx_word' id='word_1_521' title='bbox 1291 3557 1348 3604; x_wconf 92' lang='lat' dir='ltr'><strong>ut</strong></span> <span class='ocrx_word' id='word_1_522' title='bbox 1379 3550 1554 3604; x_wconf 86' lang='lat' dir='ltr'><strong>verius</strong></span> <span class='ocrx_word' id='word_1_523' title='bbox 1581 3549 1776 3612; x_wconf 82' lang='lat' dir='ltr'><strong>dicam,</strong></span> <span class='ocrx_word' id='word_1_524' title='bbox 1799 3549 1915 3617; x_wconf 89' lang='lat' dir='ltr'><strong>opi-</strong></span> 
     </span>
    </p>
   </div>
   <div class='ocr_carea' id='block_1_73' title="bbox 333 3637 1913 3708">
    <p class='ocr_par' dir='ltr' id='par_1_73' title="bbox 333 3637 1913 3708">
     <span class='ocr_line' id='line_1_74' title="bbox 333 3637 1913 3708; baseline -0.001 -14"><span class='ocrx_word' id='word_1_525' title='bbox 333 3649 456 3695; x_wconf 91' lang='lat' dir='ltr'><strong>nata</strong></span> <span class='ocrx_word' id='word_1_526' title='bbox 485 3641 868 3696; x_wconf 90' lang='lat' dir='ltr'><strong>transtulerim.</strong></span> <span class='ocrx_word' id='word_1_527' title='bbox 897 3639 1015 3707; x_wconf 89' lang='lat' dir='ltr'><strong>Quo</strong></span> <span class='ocrx_word' id='word_1_528' title='bbox 1042 3641 1212 3708; x_wconf 87' lang='lat' dir='ltr'><strong>magis</strong></span> <span class='ocrx_word' id='word_1_529' title='bbox 1239 3654 1374 3708; x_wconf 90' lang='lat' dir='ltr'><strong>egeo</strong></span> <span class='ocrx_word' id='word_1_530' title='bbox 1401 3639 1767 3694; x_wconf 86' lang='lat' dir='ltr'><strong>misericordia</strong></span> <span class='ocrx_word' id='word_1_531' title='bbox 1796 3637 1913 3706; x_wconf 90' lang='lat' dir='ltr'><strong>Dei,</strong></span> 
     </span>
    </p>
   </div>
   <div class='ocr_carea' id='block_1_74' title="bbox 333 3729 1914 3802">
    <p class='ocr_par' dir='ltr' id='par_1_74' title="bbox 333 3729 1914 3802">
     <span class='ocr_line' id='line_1_75' title="bbox 333 3729 1914 3802; baseline -0.001 -18"><span class='ocrx_word' id='word_1_532' title='bbox 333 3741 388 3786; x_wconf 86' lang='lat' dir='ltr'><strong>llt</strong></span> <span class='ocrx_word' id='word_1_533' title='bbox 413 3733 714 3802; x_wconf 91' lang='lat' dir='ltr'><strong>pleniorem</strong></span> <span class='ocrx_word' id='word_1_534' title='bbox 746 3733 875 3786; x_wconf 88' lang='lat' dir='ltr'><strong>mibi</strong></span> <span class='ocrx_word' id='word_1_535' title='bbox 906 3732 984 3786; x_wconf 86' lang='lat' dir='ltr'><strong>tui</strong></span> <span class='ocrx_word' id='word_1_536' title='bbox 1014 3733 1226 3802; x_wconf 88' lang='lat' dir='ltr'><strong>copiam</strong></span> <span class='ocrx_word' id='word_1_537' title='bbox 1255 3731 1473 3798; x_wconf 85' lang='lat' dir='ltr'><strong>tribuat,</strong></span> <span class='ocrx_word' id='word_1_538' title='bbox 1506 3731 1629 3799; x_wconf 89' lang='lat' dir='ltr'><strong>quia</strong></span> <span class='ocrx_word' id='word_1_539' title='bbox 1649 3745 1746 3800; x_wconf 89' lang='lat' dir='ltr'><strong>pro</strong></span> <span class='ocrx_word' id='word_1_540' title='bbox 1775 3729 1914 3784; x_wconf 91' lang='lat' dir='ltr'><strong>divi-</strong></span> 
     </span>
    </p>
   </div>
   <div class='ocr_carea' id='block_1_75' title="bbox 333 3821 1914 3894">
    <p class='ocr_par' dir='ltr' id='par_1_75' title="bbox 333 3821 1914 3894">
     <span class='ocr_line' id='line_1_76' title="bbox 333 3821 1914 3894; baseline -0.001 -17"><span class='ocrx_word' id='word_1_541' title='bbox 333 3825 417 3879; x_wconf 92' lang='lat' dir='ltr'><strong>tiis</strong></span> <span class='ocrx_word' id='word_1_542' title='bbox 447 3825 550 3879; x_wconf 90' lang='lat' dir='ltr'><strong>erit</strong></span> <span class='ocrx_word' id='word_1_543' title='bbox 578 3825 822 3894; x_wconf 88' lang='lat' dir='ltr'><strong>pauperi,</strong></span> <span class='ocrx_word' id='word_1_544' title='bbox 858 3832 916 3879; x_wconf 90' lang='lat' dir='ltr'><strong>ut</strong></span> <span class='ocrx_word' id='word_1_545' title='bbox 954 3823 1121 3879; x_wconf 90' lang='lat' dir='ltr'><strong>micas</strong></span> <span class='ocrx_word' id='word_1_546' title='bbox 1167 3839 1197 3878; x_wconf 89' lang='lat' dir='ltr'><strong>a</strong></span> <span class='ocrx_word' id='word_1_547' title='bbox 1229 3823 1406 3878; x_wconf 78' lang='lat' dir='ltr'><strong>divitis</strong></span> <span class='ocrx_word' id='word_1_548' title='bbox 1437 3837 1620 3877; x_wconf 88' lang='lat' dir='ltr'><strong>mensa</strong></span> <span class='ocrx_word' id='word_1_549' title='bbox 1641 3821 1914 3887; x_wconf 89' lang='lat' dir='ltr'><strong>cadentes,</strong></span> 
     </span>
    </p>
   </div>
   <div class='ocr_carea' id='block_1_76' title="bbox 330 3915 1412 3984">
    <p class='ocr_par' dir='ltr' id='par_1_76' title="bbox 330 3915 1412 3984">
     <span class='ocr_line' id='line_1_77' title="bbox 330 3915 1412 3984; baseline 0 -15"><span class='ocrx_word' id='word_1_550' title='bbox 330 3915 488 3970; x_wconf 85' lang='lat' dir='ltr'><strong>avido</strong></span> <span class='ocrx_word' id='word_1_551' title='bbox 519 3916 749 3973; x_wconf 88' lang='lat' dir='ltr'><strong>famelici</strong></span> <span class='ocrx_word' id='word_1_552' title='bbox 780 3916 958 3972; x_wconf 90' lang='lat' dir='ltr'><strong>cordis</strong></span> <span class='ocrx_word' id='word_1_553' title='bbox 986 3931 1111 3981; x_wconf 90' lang='lat' dir='ltr'><strong>ore,</strong></span> <span class='ocrx_word' id='word_1_554' title='bbox 1143 3916 1412 3984; x_wconf 90' lang='lat' dir='ltr'><strong>colligere.</strong></span> 
     </span>
    </p>
   </div>
   <div class='ocr_carea' id='block_1_77' title="bbox 396 4007 1912 4078">
    <p class='ocr_par' dir='ltr' id='par_1_77' title="bbox 396 4007 1912 4078">
     <span class='ocr_line' id='line_1_78' title="bbox 396 4007 1912 4078; baseline -0.002 -16"><span class='ocrx_word' id='word_1_555' title='bbox 396 4009 454 4064; x_wconf 81' lang='lat'><strong>5.</strong></span> <span class='ocrx_word' id='word_1_556' title='bbox 479 4008 537 4063; x_wconf 89' lang='lat' dir='ltr'><strong>ln</strong></span> <span class='ocrx_word' id='word_1_557' title='bbox 567 4016 813 4078; x_wconf 87' lang='lat' dir='ltr'><strong>tempore</strong></span> <span class='ocrx_word' id='word_1_558' title='bbox 841 4023 994 4076; x_wconf 88' lang='lat' dir='ltr'><strong>sane,</strong></span> <span class='ocrx_word' id='word_1_559' title='bbox 1025 4023 1132 4077; x_wconf 92' lang='lat' dir='ltr'><strong>quo</strong></span> <span class='ocrx_word' id='word_1_560' title='bbox 1152 4008 1350 4078; x_wconf 89' lang='lat' dir='ltr'><strong>scripta</strong></span> <span class='ocrx_word' id='word_1_561' title='bbox 1379 4007 1492 4062; x_wconf 71' lang='lat' dir='ltr'><strong>hmc</strong></span> <span class='ocrx_word' id='word_1_562' title='bbox 1519 4007 1912 4071; x_wconf 84' lang='lat' dir='ltr'><strong>scribebantur,</strong></span> 
     </span>
    </p>
   </div>
   <div class='ocr_carea' id='block_1_78' title="bbox 329 4099 1919 4170">
    <p class='ocr_par' dir='ltr' id='par_1_78' title="bbox 329 4099 1919 4170">
     <span class='ocr_line' id='line_1_79' title="bbox 329 4099 1919 4170; baseline -0.001 -16"><span class='ocrx_word' id='word_1_563' title='bbox 329 4100 634 4157; x_wconf 83' lang='lat' dir='ltr'><strong>ceciditsub</strong></span> <span class='ocrx_word' id='word_1_564' title='bbox 655 4101 844 4166; x_wconf 83' lang='lat' dir='ltr'><strong>oculis,</strong></span> <span class='ocrx_word' id='word_1_565' title='bbox 880 4100 1119 4156; x_wconf 87' lang='lat' dir='ltr'><strong>incidens</strong></span> <span class='ocrx_word' id='word_1_566' title='bbox 1147 4101 1421 4170; x_wconf 90' lang='lat' dir='ltr'><strong>proposita</strong></span> <span class='ocrx_word' id='word_1_567' title='bbox 1447 4099 1693 4162; x_wconf 90' lang='lat' dir='ltr'><strong>lectione,</strong></span> <span class='ocrx_word' id='word_1_568' title='bbox 1719 4099 1919 4168; x_wconf 84' lang='lat' dir='ltr'><strong>capitu-</strong></span> 
     </span>
    </p>
   </div>
   <div class='ocr_carea' id='block_1_79' title="bbox 330 4190 1914 4262">
    <p class='ocr_par' dir='ltr' id='par_1_79' title="bbox 330 4190 1914 4262">
     <span class='ocr_line' id='line_1_80' title="bbox 330 4190 1914 4262; baseline -0.003 -14"><span class='ocrx_word' id='word_1_569' title='bbox 330 4194 438 4248; x_wconf 91' lang='lat' dir='ltr'><strong>lum</strong></span> <span class='ocrx_word' id='word_1_570' title='bbox 473 4193 601 4248; x_wconf 92' lang='lat' dir='ltr'><strong>illud</strong></span> <span class='ocrx_word' id='word_1_571' title='bbox 628 4209 695 4248; x_wconf 77' lang='lat' dir='ltr'><strong>ex</strong></span> <span class='ocrx_word' id='word_1_572' title='bbox 721 4191 916 4248; x_wconf 80' lang='lat' dir='ltr'><strong>Genesi</strong></span> <span class='ocrx_word' id='word_1_573' title='bbox 947 4207 1053 4262; x_wconf 84' lang='lat' dir='ltr'><strong>quo</strong></span> <span class='ocrx_word' id='word_1_574' title='bbox 1078 4191 1244 4247; x_wconf 69' lang='lat' dir='ltr'><strong>ludas</strong></span> <span class='ocrx_word' id='word_1_575' title='bbox 1271 4207 1300 4246; x_wconf 83' lang='lat' dir='ltr'><strong>a</strong></span> <span class='ocrx_word' id='word_1_576' title='bbox 1321 4190 1488 4247; x_wconf 82' lang='lat' dir='ltr'><strong>Jacob</strong></span> <span class='ocrx_word' id='word_1_577' title='bbox 1517 4190 1848 4245; x_wconf 89' lang='lat' dir='ltr'><strong>benedicitur</strong></span> <span class='ocrx_word' id='word_1_578' title='bbox 1867 4199 1914 4245; x_wconf 78' lang='grc' dir='ltr'><strong>ι.</strong></span> 
     </span>
    </p>
   </div>
   <div class='ocr_carea' id='block_1_80' title="bbox 331 4280 1917 4360">
    <p class='ocr_par' dir='ltr' id='par_1_80' title="bbox 331 4280 1917 4360">
     <span class='ocr_line' id='line_1_81' title="bbox 331 4280 1917 4360; baseline -0.003 -22"><span class='ocrx_word' id='word_1_579' title='bbox 331 4283 396 4338; x_wconf 87' lang='grc' dir='ltr'><strong>Ει</strong></span> <span class='ocrx_word' id='word_1_580' title='bbox 445 4286 571 4354; x_wconf 87' lang='lat' dir='ltr'><strong>quia</strong></span> <span class='ocrx_word' id='word_1_581' title='bbox 613 4283 870 4338; x_wconf 88' lang='lat' dir='ltr'><strong>Dominus</strong></span> <span class='ocrx_word' id='word_1_582' title='bbox 915 4283 1424 4352; x_wconf 84' lang='lat' dir='ltr'><strong>opportunissimam</strong></span> <span class='ocrx_word' id='word_1_583' title='bbox 1482 4281 1638 4360; x_wconf 47' lang='lat' dir='ltr'><strong>hanc‘</strong></span> <span class='ocrx_word' id='word_1_584' title='bbox 1673 4280 1917 4334; x_wconf 85' lang='lat' dir='ltr'><strong>occasio-</strong></span> 
     </span>
    </p>
   </div>
   <div class='ocr_carea' id='block_1_81' title="bbox 319 4369 1918 4444">
    <p class='ocr_par' dir='ltr' id='par_1_81' title="bbox 319 4369 1918 4444">
     <span class='ocr_line' id='line_1_82' title="bbox 319 4369 1918 4444; baseline -0.003 -16"><span class='ocrx_word' id='word_1_585' title='bbox 319 4391 458 4430; x_wconf 90' lang='lat' dir='ltr'><strong>-nem</strong></span> <span class='ocrx_word' id='word_1_586' title='bbox 497 4374 740 4439; x_wconf 89' lang='lat' dir='ltr'><strong>dederat,</strong></span> <span class='ocrx_word' id='word_1_587' title='bbox 791 4374 1006 4444; x_wconf 85' lang='lat' dir='ltr'><strong>pulsare</strong></span> <span class='ocrx_word' id='word_1_588' title='bbox 1053 4382 1177 4443; x_wconf 87' lang='lat' dir='ltr'><strong>post</strong></span> <span class='ocrx_word' id='word_1_589' title='bbox 1221 4382 1432 4443; x_wconf 87' lang='lat' dir='ltr'><strong>tempus</strong></span> <span class='ocrx_word' id='word_1_590' title='bbox 1457 4371 1599 4426; x_wconf 92' lang='lat' dir='ltr'><strong>fores</strong></span> <span class='ocrx_word' id='word_1_591' title='bbox 1635 4369 1812 4425; x_wconf 88' lang='lat' dir='ltr'><strong>cordis</strong></span> <span class='ocrx_word' id='word_1_592' title='bbox 1831 4369 1918 4423; x_wconf 78' lang='lat' dir='ltr'><strong>.tui</strong></span> 
     </span>
    </p>
   </div>
   <div class='ocr_carea' id='block_1_82' title="bbox 330 4462 1916 4537">
    <p class='ocr_par' dir='ltr' id='par_1_82' title="bbox 330 4462 1916 4537">
     <span class='ocr_line' id='line_1_83' title="bbox 330 4462 1916 4537; baseline -0.003 -18"><span class='ocrx_word' id='word_1_593' title='bbox 330 4465 553 4537; x_wconf 84' lang='lat' dir='ltr'><strong>placuit.</strong></span> <span class='ocrx_word' id='word_1_594' title='bbox 578 4463 720 4532; x_wconf 86' lang='lat' dir='ltr'><strong>Ergo</strong></span> <span class='ocrx_word' id='word_1_595' title='bbox 744 4466 788 4519; x_wconf 91' lang='lat' dir='ltr'><strong>si</strong></span> <span class='ocrx_word' id='word_1_596' title='bbox 811 4480 899 4518; x_wconf 89' lang='lat' dir='ltr'><strong>me</strong></span> <span class='ocrx_word' id='word_1_597' title='bbox 925 4479 1096 4528; x_wconf 88' lang='lat' dir='ltr'><strong>amas,</strong></span> <span class='ocrx_word' id='word_1_598' title='bbox 1113 4465 1285 4518; x_wconf 83' lang='lat' dir='ltr'><strong>immo</strong></span> <span class='ocrx_word' id='word_1_599' title='bbox 1313 4463 1437 4532; x_wconf 90' lang='lat' dir='ltr'><strong>quia</strong></span> <span class='ocrx_word' id='word_1_600' title='bbox 1458 4462 1694 4517; x_wconf 84' lang='lat' dir='ltr'><strong>multum</strong></span> <span class='ocrx_word' id='word_1_601' title='bbox 1727 4475 1916 4526; x_wconf 89' lang='lat' dir='ltr'><strong>amas,</strong></span> 
     </span>
    </p>
   </div>
   <div class='ocr_carea' id='block_1_83' title="bbox 2018 3274 3602 3356">
    <p class='ocr_par' dir='ltr' id='par_1_83' title="bbox 2018 3274 3602 3356">
     <span class='ocr_line' id='line_1_84' title="bbox 2018 3274 3602 3356; baseline -0.008 -16"><span class='ocrx_word' id='word_1_602' title='bbox 2018 3285 2168 3356; x_wconf 89' lang='lat' dir='ltr'><strong>pacis</strong></span> <span class='ocrx_word' id='word_1_603' title='bbox 2195 3300 2303 3340; x_wconf 65' lang='lat' dir='ltr'><strong>sua:</strong></span> <span class='ocrx_word' id='word_1_604' title='bbox 2334 3302 2346 3336; x_wconf 91' lang='lat'><strong>:</strong></span> <span class='ocrx_word' id='word_1_605' title='bbox 2375 3283 2503 3353; x_wconf 86' lang='lat' dir='ltr'><strong>quia</strong></span> <span class='ocrx_word' id='word_1_606' title='bbox 2527 3297 2644 3336; x_wconf 84' lang='lat' dir='ltr'><strong>non</strong></span> <span class='ocrx_word' id='word_1_607' title='bbox 2673 3280 3010 3335; x_wconf 86' lang='lat' dir='ltr'><strong>ambulantes</strong></span> <span class='ocrx_word' id='word_1_608' title='bbox 3038 3279 3092 3332; x_wconf 91' lang='lat' dir='ltr'><strong>in</strong></span> <span class='ocrx_word' id='word_1_609' title='bbox 3121 3291 3207 3343; x_wconf 73' lang='lat' dir='ltr'><strong>ea,</strong></span> <span class='ocrx_word' id='word_1_610' title='bbox 3231 3277 3282 3330; x_wconf 93' lang='lat' dir='ltr'><strong>in</strong></span> <span class='ocrx_word' id='word_1_611' title='bbox 3313 3274 3602 3344; x_wconf 82' lang='lat' dir='ltr'><strong>reprobunl</strong></span> 
     </span>
    </p>
   </div>
   <div class='ocr_carea' id='block_1_84' title="bbox 2014 3368 3527 3440">
    <p class='ocr_par' dir='ltr' id='par_1_84' title="bbox 2014 3368 3527 3440">
     <span class='ocr_line' id='line_1_85' title="bbox 2014 3368 3527 3440; baseline -0.01 -7"><span class='ocrx_word' id='word_1_612' title='bbox 2014 3391 2230 3434; x_wconf 88' lang='lat' dir='ltr'><strong>sensum</strong></span> <span class='ocrx_word' id='word_1_613' title='bbox 2260 3375 2496 3429; x_wconf 86' lang='lat' dir='ltr'><strong>damnati</strong></span> <span class='ocrx_word' id='word_1_614' title='bbox 2522 3383 2666 3440; x_wconf 83' lang='lat' dir='ltr'><strong>sunt,</strong></span> <span class='ocrx_word' id='word_1_615' title='bbox 2695 3388 2796 3427; x_wconf 89' lang='lat' dir='ltr'><strong>nec</strong></span> <span class='ocrx_word' id='word_1_616' title='bbox 2822 3379 2875 3425; x_wconf 89' lang='lat' dir='ltr'><strong>te</strong></span> <span class='ocrx_word' id='word_1_617' title='bbox 2901 3368 3205 3424; x_wconf 72' lang='lat' dir='ltr'><strong>desiderare</strong></span> <span class='ocrx_word' id='word_1_618' title='bbox 3232 3374 3527 3422; x_wconf 88' lang='lat' dir='ltr'><strong>merentur.</strong></span> 
     </span>
    </p>
   </div>
   <div class='ocr_carea' id='block_1_85' title="bbox 2087 3455 3602 3538">
    <p class='ocr_par' dir='ltr' id='par_1_85' title="bbox 2087 3455 3602 3538">
     <span class='ocr_line' id='line_1_86' title="bbox 2087 3455 3602 3538; baseline -0.009 -14"><span class='ocrx_word' id='word_1_619' title='bbox 2087 3470 2138 3524; x_wconf 73' lang='lat'><strong>2.</strong></span> <span class='ocrx_word' id='word_1_620' title='bbox 2173 3469 2316 3523; x_wconf 90' lang='lat' dir='ltr'><strong>Sane</strong></span> <span class='ocrx_word' id='word_1_621' title='bbox 2346 3465 2751 3538; x_wconf 88' lang='lat' dir='ltr'><strong>importunitate</strong></span> <span class='ocrx_word' id='word_1_622' title='bbox 2779 3478 2885 3533; x_wconf 89' lang='lat' dir='ltr'><strong>qua</strong></span> <span class='ocrx_word' id='word_1_623' title='bbox 2905 3461 3108 3516; x_wconf 81' lang='lat' dir='ltr'><strong>ostium</strong></span> <span class='ocrx_word' id='word_1_624' title='bbox 3141 3467 3288 3513; x_wconf 91' lang='lat' dir='ltr'><strong>tuum</strong></span> <span class='ocrx_word' id='word_1_625' title='bbox 3312 3455 3397 3512; x_wconf 92' lang='lat' dir='ltr'><strong>vel</strong></span> <span class='ocrx_word' id='word_1_626' title='bbox 3422 3455 3602 3511; x_wconf 80' lang='lat' dir='ltr'><strong>nledia</strong></span> 
     </span>
    </p>
   </div>
   <div class='ocr_carea' id='block_1_86' title="bbox 2015 3545 3601 3631">
    <p class='ocr_par' dir='ltr' id='par_1_86' title="bbox 2015 3545 3601 3631">
     <span class='ocr_line' id='line_1_87' title="bbox 2015 3545 3601 3631; baseline -0.011 -15"><span class='ocrx_word' id='word_1_627' title='bbox 2015 3569 2176 3616; x_wconf 89' lang='lat' dir='ltr'><strong>nocte</strong></span> <span class='ocrx_word' id='word_1_628' title='bbox 2198 3559 2412 3631; x_wconf 88' lang='lat' dir='ltr'><strong>pulsare</strong></span> <span class='ocrx_word' id='word_1_629' title='bbox 2436 3556 2712 3621; x_wconf 67' lang='lat' dir='ltr'><strong>consuevi,</strong></span> <span class='ocrx_word' id='word_1_630' title='bbox 2728 3553 2954 3624; x_wconf 79' lang='lat' dir='ltr'><strong>repulsa:</strong></span> <span class='ocrx_word' id='word_1_631' title='bbox 2975 3558 3121 3605; x_wconf 88' lang='lat' dir='ltr'><strong>metu</strong></span> <span class='ocrx_word' id='word_1_632' title='bbox 3136 3545 3202 3603; x_wconf 76' lang='lat' dir='ltr'><strong>ad</strong></span> <span class='ocrx_word' id='word_1_633' title='bbox 3223 3546 3601 3603; x_wconf 86' lang='lat' dir='ltr'><strong>verecundiam</strong></span> 
     </span>
    </p>
   </div>
   <div class='ocr_carea' id='block_1_87' title="bbox 2017 3639 3602 3719">
    <p class='ocr_par' dir='ltr' id='par_1_87' title="bbox 2017 3639 3602 3719">
     <span class='ocr_line' id='line_1_88' title="bbox 2017 3639 3602 3719; baseline -0.012 -11"><span class='ocrx_word' id='word_1_634' title='bbox 2017 3661 2072 3708; x_wconf 91' lang='lat' dir='ltr'><strong>et</strong></span> <span class='ocrx_word' id='word_1_635' title='bbox 2103 3652 2320 3707; x_wconf 88' lang='lat' dir='ltr'><strong>modum</strong></span> <span class='ocrx_word' id='word_1_636' title='bbox 2376 3646 2683 3719; x_wconf 89' lang='lat' dir='ltr'><strong>postulandi</strong></span> <span class='ocrx_word' id='word_1_637' title='bbox 2729 3652 2966 3708; x_wconf 80' lang='lat' dir='ltr'><strong>coactus,</strong></span> <span class='ocrx_word' id='word_1_638' title='bbox 3000 3656 3140 3696; x_wconf 90' lang='lat' dir='ltr'><strong>nunc</strong></span> <span class='ocrx_word' id='word_1_639' title='bbox 3185 3640 3291 3695; x_wconf 90' lang='lat' dir='ltr'><strong>hoc</strong></span> <span class='ocrx_word' id='word_1_640' title='bbox 3341 3639 3484 3693; x_wconf 91' lang='lat' dir='ltr'><strong>circa</strong></span> <span class='ocrx_word' id='word_1_641' title='bbox 3513 3651 3602 3690; x_wconf 88' lang='lat' dir='ltr'><strong>me</strong></span> 
     </span>
    </p>
   </div>
   <div class='ocr_carea' id='block_1_88' title="bbox 2019 3728 3602 3810">
    <p class='ocr_par' dir='ltr' id='par_1_88' title="bbox 2019 3728 3602 3810">
     <span class='ocr_line' id='line_1_89' title="bbox 2019 3728 3602 3810; baseline -0.011 -13"><span class='ocrx_word' id='word_1_642' title='bbox 2019 3741 2220 3810; x_wconf 82' lang='lat' dir='ltr'><strong>negotii</strong></span> <span class='ocrx_word' id='word_1_643' title='bbox 2249 3740 2346 3794; x_wconf 90' lang='lat' dir='ltr'><strong>tibi</strong></span> <span class='ocrx_word' id='word_1_644' title='bbox 2374 3738 2562 3804; x_wconf 91' lang='lat' dir='ltr'><strong>trado,</strong></span> <span class='ocrx_word' id='word_1_645' title='bbox 2595 3745 2654 3792; x_wconf 90' lang='lat' dir='ltr'><strong>ut</strong></span> <span class='ocrx_word' id='word_1_646' title='bbox 2680 3734 3088 3792; x_wconf 83' lang='lat' dir='ltr'><strong>benedictiones</strong></span> <span class='ocrx_word' id='word_1_647' title='bbox 3111 3729 3392 3785; x_wconf 90' lang='lat' dir='ltr'><strong>duodecim</strong></span> <span class='ocrx_word' id='word_1_648' title='bbox 3432 3728 3602 3798; x_wconf 84' lang='lat' dir='ltr'><strong>patri-</strong></span> 
     </span>
    </p>
   </div>
   <div class='ocr_carea' id='block_1_89' title="bbox 2018 3819 3602 3901">
    <p class='ocr_par' dir='ltr' id='par_1_89' title="bbox 2018 3819 3602 3901">
     <span class='ocr_line' id='line_1_90' title="bbox 2018 3819 3602 3901; baseline -0.012 -11"><span class='ocrx_word' id='word_1_649' title='bbox 2018 3836 2318 3898; x_wconf 86' lang='lat' dir='ltr'><strong>archarum,</strong></span> <span class='ocrx_word' id='word_1_650' title='bbox 2346 3831 2496 3901; x_wconf 89' lang='lat' dir='ltr'><strong>cujus</strong></span> <span class='ocrx_word' id='word_1_651' title='bbox 2515 3829 2627 3900; x_wconf 89' lang='lat' dir='ltr'><strong>jam</strong></span> <span class='ocrx_word' id='word_1_652' title='bbox 2656 3827 2978 3898; x_wconf 78' lang='lat' dir='ltr'><strong>principium</strong></span> <span class='ocrx_word' id='word_1_653' title='bbox 3006 3823 3156 3889; x_wconf 90' lang='lat' dir='ltr'><strong>mihi,</strong></span> <span class='ocrx_word' id='word_1_654' title='bbox 3187 3820 3429 3890; x_wconf 77' lang='lat' dir='ltr'><strong>exposita</strong></span> <span class='ocrx_word' id='word_1_655' title='bbox 3459 3819 3602 3873; x_wconf 90' lang='lat' dir='ltr'><strong>circa</strong></span> 
     </span>
    </p>
   </div>
   <div class='ocr_carea' id='block_1_90' title="bbox 2018 3910 3604 3996">
    <p class='ocr_par' dir='ltr' id='par_1_90' title="bbox 2018 3910 3604 3996">
     <span class='ocr_line' id='line_1_91' title="bbox 2018 3910 3604 3996; baseline -0.012 -17"><span class='ocrx_word' id='word_1_656' title='bbox 2018 3937 2306 3996; x_wconf 89' lang='lat' dir='ltr'><strong>personam</strong></span> <span class='ocrx_word' id='word_1_657' title='bbox 2333 3921 2482 3975; x_wconf 59' lang='lat' dir='ltr'><strong>.luolic</strong></span> <span class='ocrx_word' id='word_1_658' title='bbox 2523 3918 2829 3988; x_wconf 89' lang='lat' dir='ltr'><strong>prophetia,</strong></span> <span class='ocrx_word' id='word_1_659' title='bbox 2859 3914 3056 3984; x_wconf 88' lang='lat' dir='ltr'><strong>triplici</strong></span> <span class='ocrx_word' id='word_1_660' title='bbox 3086 3922 3144 3966; x_wconf 92' lang='lat' dir='ltr'><strong>ut</strong></span> <span class='ocrx_word' id='word_1_661' title='bbox 3161 3912 3368 3980; x_wconf 91' lang='lat' dir='ltr'><strong>jussum</strong></span> <span class='ocrx_word' id='word_1_662' title='bbox 3411 3918 3494 3963; x_wconf 84' lang='lat' dir='ltr'><strong>est</strong></span> <span class='ocrx_word' id='word_1_663' title='bbox 3525 3910 3604 3961; x_wconf 85' lang='lat' dir='ltr'><strong>ill-</strong></span> 
     </span>
    </p>
   </div>
   <div class='ocr_carea' id='block_1_91' title="bbox 2019 4001 3605 4082">
    <p class='ocr_par' dir='ltr' id='par_1_91' title="bbox 2019 4001 3605 4082">
     <span class='ocr_line' id='line_1_92' title="bbox 2019 4001 3605 4082; baseline -0.011 -14"><span class='ocrx_word' id='word_1_664' title='bbox 2019 4012 2405 4082; x_wconf 84' lang='lat' dir='ltr'><strong>tcrpretatione</strong></span> <span class='ocrx_word' id='word_1_665' title='bbox 2427 4009 2746 4078; x_wconf 89' lang='lat' dir='ltr'><strong>conscriptis</strong></span> <span class='ocrx_word' id='word_1_666' title='bbox 2768 4007 2972 4077; x_wconf 88' lang='lat' dir='ltr'><strong>paginls</strong></span> <span class='ocrx_word' id='word_1_667' title='bbox 2996 4003 3229 4067; x_wconf 89' lang='lat' dir='ltr'><strong>edidisti,</strong></span> <span class='ocrx_word' id='word_1_668' title='bbox 3253 4016 3350 4071; x_wconf 88' lang='lat' dir='ltr'><strong>per</strong></span> <span class='ocrx_word' id='word_1_669' title='bbox 3370 4001 3605 4067; x_wconf 87' lang='lat' dir='ltr'><strong>reliquos</strong></span> 
     </span>
    </p>
   </div>
   <div class='ocr_carea' id='block_1_92' title="bbox 2021 4091 3606 4166">
    <p class='ocr_par' dir='ltr' id='par_1_92' title="bbox 2021 4091 3606 4166">
     <span class='ocr_line' id='line_1_93' title="bbox 2021 4091 3606 4166; baseline -0.011 -9"><span class='ocrx_word' id='word_1_670' title='bbox 2021 4104 2158 4159; x_wconf 88' lang='lat' dir='ltr'><strong>filios</strong></span> <span class='ocrx_word' id='word_1_671' title='bbox 2187 4102 2525 4158; x_wconf 91' lang='lat' dir='ltr'><strong>distributam</strong></span> <span class='ocrx_word' id='word_1_672' title='bbox 2553 4091 2786 4166; x_wconf 80' lang='lat' dir='ltr'><strong>digneris</strong></span> <span class='ocrx_word' id='word_1_673' title='bbox 2813 4104 3123 4166; x_wconf 81' lang='lat' dir='ltr'><strong>exponere;</strong></span> <span class='ocrx_word' id='word_1_674' title='bbox 3171 4101 3228 4146; x_wconf 90' lang='lat' dir='ltr'><strong>ut</strong></span> <span class='ocrx_word' id='word_1_675' title='bbox 3269 4093 3385 4162; x_wconf 89' lang='lat' dir='ltr'><strong>ipse</strong></span> <span class='ocrx_word' id='word_1_676' title='bbox 3427 4106 3523 4159; x_wconf 87' lang='lat' dir='ltr'><strong>per</strong></span> <span class='ocrx_word' id='word_1_677' title='bbox 3555 4101 3606 4141; x_wconf 82' lang='lat' dir='ltr'><strong>te</strong></span> 
     </span>
    </p>
   </div>
   <div class='ocr_carea' id='block_1_93' title="bbox 2021 4181 3606 4255">
    <p class='ocr_par' dir='ltr' id='par_1_93' title="bbox 2021 4181 3606 4255">
     <span class='ocr_line' id='line_1_94' title="bbox 2021 4181 3606 4255; baseline -0.011 -6"><span class='ocrx_word' id='word_1_678' title='bbox 2021 4196 2144 4249; x_wconf 86' lang='lat' dir='ltr'><strong>tiam</strong></span> <span class='ocrx_word' id='word_1_679' title='bbox 2164 4193 2408 4248; x_wconf 89' lang='lat' dir='ltr'><strong>conscius</strong></span> <span class='ocrx_word' id='word_1_680' title='bbox 2427 4190 2690 4255; x_wconf 85' lang='lat' dir='ltr'><strong>veritatis,</strong></span> <span class='ocrx_word' id='word_1_681' title='bbox 2716 4196 2772 4242; x_wconf 90' lang='lat' dir='ltr'><strong>et</strong></span> <span class='ocrx_word' id='word_1_682' title='bbox 2800 4201 3006 4255; x_wconf 77' lang='lat' dir='ltr'><strong>magna:</strong></span> <span class='ocrx_word' id='word_1_683' title='bbox 3025 4183 3210 4253; x_wconf 67' lang='lat' dir='ltr'><strong>gratiae</strong></span> <span class='ocrx_word' id='word_1_684' title='bbox 3230 4197 3293 4236; x_wconf 90' lang='lat' dir='ltr'><strong>ac</strong></span> <span class='ocrx_word' id='word_1_685' title='bbox 3317 4181 3485 4234; x_wconf 82' lang='lat' dir='ltr'><strong>laudis</strong></span> <span class='ocrx_word' id='word_1_686' title='bbox 3513 4196 3606 4232; x_wconf 87' lang='lat' dir='ltr'><strong>an-</strong></span> 
     </span>
    </p>
   </div>
   <div class='ocr_carea' id='block_1_94' title="bbox 2020 4271 3603 4350">
    <p class='ocr_par' dir='ltr' id='par_1_94' title="bbox 2020 4271 3603 4350">
     <span class='ocr_line' id='line_1_95' title="bbox 2020 4271 3603 4350; baseline -0.012 -7"><span class='ocrx_word' id='word_1_687' title='bbox 2020 4297 2194 4344; x_wconf 87' lang='lat' dir='ltr'><strong>torem</strong></span> <span class='ocrx_word' id='word_1_688' title='bbox 2213 4286 2466 4347; x_wconf 90' lang='lat' dir='ltr'><strong>habeam;</strong></span> <span class='ocrx_word' id='word_1_689' title='bbox 2498 4283 2543 4336; x_wconf 92' lang='lat' dir='ltr'><strong>si</strong></span> <span class='ocrx_word' id='word_1_690' title='bbox 2571 4283 2655 4338; x_wconf 87' lang='lat' dir='ltr'><strong>his</strong></span> <span class='ocrx_word' id='word_1_691' title='bbox 2682 4281 2774 4350; x_wconf 89' lang='lat' dir='ltr'><strong>qui</strong></span> <span class='ocrx_word' id='word_1_692' title='bbox 2797 4281 2863 4336; x_wconf 89' lang='lat' dir='ltr'><strong>de</strong></span> <span class='ocrx_word' id='word_1_693' title='bbox 2889 4294 2976 4333; x_wconf 91' lang='lat' dir='ltr'><strong>me</strong></span> <span class='ocrx_word' id='word_1_694' title='bbox 3004 4290 3165 4347; x_wconf 85' lang='lat' dir='ltr'><strong>supra</strong></span> <span class='ocrx_word' id='word_1_695' title='bbox 3188 4290 3274 4329; x_wconf 92' lang='lat' dir='ltr'><strong>me</strong></span> <span class='ocrx_word' id='word_1_696' title='bbox 3295 4275 3452 4344; x_wconf 73' lang='lat' dir='ltr'><strong>(forte</strong></span> <span class='ocrx_word' id='word_1_697' title='bbox 3479 4271 3603 4324; x_wconf 86' lang='lat' dir='ltr'><strong>add.</strong></span> 
     </span>
    </p>
   </div>
   <div class='ocr_carea' id='block_1_95' title="bbox 2021 4367 3609 4451">
    <p class='ocr_par' dir='ltr' id='par_1_95' title="bbox 2021 4367 3609 4451">
     <span class='ocr_line' id='line_1_96' title="bbox 2021 4367 3609 4451; baseline -0.009 -16"><span class='ocrx_word' id='word_1_698' title='bbox 2021 4380 2325 4451; x_wconf 88' lang='lat' dir='ltr'><strong>opinantes.</strong></span> <span class='ocrx_word' id='word_1_699' title='bbox 2365 4375 2581 4430; x_wconf 81' lang='lat' dir='ltr'><strong>Videtur</strong></span> <span class='ocrx_word' id='word_1_700' title='bbox 2619 4374 2817 4447; x_wconf 80' lang='lat' dir='ltr'><strong>aliquid</strong></span> <span class='ocrx_word' id='word_1_701' title='bbox 2872 4371 3110 4440; x_wconf 76' lang='lat' dir='ltr'><strong>deesse),</strong></span> <span class='ocrx_word' id='word_1_702' title='bbox 3163 4377 3385 4442; x_wconf 88' lang='lat' dir='ltr'><strong>propter</strong></span> <span class='ocrx_word' id='word_1_703' title='bbox 3426 4367 3609 4438; x_wconf 87' lang='lat' dir='ltr'><strong>operis</strong></span> 
     </span>
    </p>
   </div>
   <div class='ocr_carea' id='block_1_96' title="bbox 2031 4457 3608 4545">
    <p class='ocr_par' dir='ltr' id='par_1_96' title="bbox 2031 4457 3608 4545">
     <span class='ocr_line' id='line_1_97' title="bbox 2031 4457 3608 4545; baseline -0.01 -18"><span class='ocrx_word' id='word_1_704' title='bbox 2031 4474 2202 4545; x_wconf 76' lang='lat' dir='ltr'><strong>(forte</strong></span> <span class='ocrx_word' id='word_1_705' title='bbox 2229 4470 2352 4524; x_wconf 87' lang='lat' dir='ltr'><strong>add.</strong></span> <span class='ocrx_word' id='word_1_706' title='bbox 2386 4465 2894 4532; x_wconf 84' lang='lat' dir='ltr'><strong>difficultatem;vid.</strong></span> <span class='ocrx_word' id='word_1_707' title='bbox 2925 4479 3012 4534; x_wconf 89' lang='lat' dir='ltr'><strong>ep.</strong></span> <span class='ocrx_word' id='word_1_708' title='bbox 3039 4463 3128 4529; x_wconf 69' lang='grc'><strong>45,</strong></span> <span class='ocrx_word' id='word_1_709' title='bbox 3159 4479 3213 4517; x_wconf 91' lang='lat' dir='ltr'><strong>n.</strong></span> <span class='ocrx_word' id='word_1_710' title='bbox 3233 4461 3272 4516; x_wconf 75' lang='lat'><strong>5</strong></span> <span class='ocrx_word' id='word_1_711' title='bbox 3300 4468 3353 4516; x_wconf 91' lang='lat' dir='ltr'><strong>et</strong></span> <span class='ocrx_word' id='word_1_712' title='bbox 3375 4458 3428 4523; x_wconf 69' lang='grc'><strong>4,</strong></span> <span class='ocrx_word' id='word_1_713' title='bbox 3453 4457 3608 4523; x_wconf 76' lang='lat' dir='ltr'><strong>etiiO,</strong></span> 
     </span>
    </p>
   </div>
   <div class='ocr_carea' id='block_1_97' title="bbox 332 4551 3610 4636">
    <p class='ocr_par' dir='ltr' id='par_1_97' title="bbox 332 4551 3610 4636">
     <span class='ocr_line' id='line_1_98' title="bbox 332 4551 3610 4636; baseline -0.001 -26"><span class='ocrx_word' id='word_1_714' title='bbox 332 4572 467 4626; x_wconf 92' lang='lat' dir='ltr'><strong>rogo</strong></span> <span class='ocrx_word' id='word_1_715' title='bbox 497 4564 559 4610; x_wconf 90' lang='lat' dir='ltr'><strong>ut</strong></span> <span class='ocrx_word' id='word_1_716' title='bbox 582 4557 786 4611; x_wconf 88' lang='lat' dir='ltr'><strong>scribas</strong></span> <span class='ocrx_word' id='word_1_717' title='bbox 815 4556 964 4618; x_wconf 84' lang='lat' dir='ltr'><strong>milli,</strong></span> <span class='ocrx_word' id='word_1_718' title='bbox 999 4562 1056 4609; x_wconf 89' lang='lat' dir='ltr'><strong>ut</strong></span> <span class='ocrx_word' id='word_1_719' title='bbox 1086 4555 1337 4624; x_wconf 89' lang='lat' dir='ltr'><strong>intelligis</strong></span> <span class='ocrx_word' id='word_1_720' title='bbox 1375 4555 1548 4625; x_wconf 88' lang='lat' dir='ltr'><strong>ipsam</strong></span> <span class='ocrx_word' id='word_1_721' title='bbox 1589 4553 1922 4624; x_wconf 90' lang='lat' dir='ltr'><strong>patriarcha-</strong></span> <span class='ocrx_word' id='word_1_722' title='bbox 1947 4551 1999 4612; x_wconf 85' lang='lat' dir='ltr'><strong>D</strong></span> <span class='ocrx_word' id='word_1_723' title='bbox 2026 4584 2079 4623; x_wconf 85' lang='grc' dir='ltr'><strong>η,</strong></span> <span class='ocrx_word' id='word_1_724' title='bbox 2112 4565 2180 4622; x_wconf 62' lang='grc'>15</span> <span class='ocrx_word' id='word_1_725' title='bbox 2199 4577 2216 4636; x_wconf 71' lang='grc'><strong>)</strong></span> <span class='ocrx_word' id='word_1_726' title='bbox 2265 4561 2652 4618; x_wconf 86' lang='lat' dir='ltr'><strong>consulendum</strong></span> <span class='ocrx_word' id='word_1_727' title='bbox 2701 4574 2791 4613; x_wconf 89' lang='lat' dir='ltr'><strong>me</strong></span> <span class='ocrx_word' id='word_1_728' title='bbox 2829 4563 3180 4628; x_wconf 88' lang='lat' dir='ltr'><strong>putaverunt,</strong></span> <span class='ocrx_word' id='word_1_729' title='bbox 3224 4554 3402 4610; x_wconf 87' lang='lat' dir='ltr'><strong>divina</strong></span> <span class='ocrx_word' id='word_1_730' title='bbox 3429 4552 3610 4624; x_wconf 89' lang='lat' dir='ltr'><strong>potius</strong></span> 
     </span>
    </p>
   </div>
   <div class='ocr_carea' id='block_1_98' title="bbox 331 4643 1919 4714">
    <p class='ocr_par' dir='ltr' id='par_1_98' title="bbox 331 4643 1919 4714">
     <span class='ocr_line' id='line_1_99' title="bbox 331 4643 1919 4714; baseline -0.001 -14"><span class='ocrx_word' id='word_1_731' title='bbox 331 4662 451 4700; x_wconf 89' lang='lat' dir='ltr'><strong>rum</strong></span> <span class='ocrx_word' id='word_1_732' title='bbox 481 4643 935 4700; x_wconf 86' lang='lat' dir='ltr'><strong>benedictionem.</strong></span> <span class='ocrx_word' id='word_1_733' title='bbox 968 4643 1035 4698; x_wconf 85' lang='lat' dir='ltr'><strong>Et</strong></span> <span class='ocrx_word' id='word_1_734' title='bbox 1061 4645 1104 4699; x_wconf 89' lang='lat' dir='ltr'><strong>si</strong></span> <span class='ocrx_word' id='word_1_735' title='bbox 1131 4659 1236 4714; x_wconf 87' lang='lat' dir='ltr'><strong>qua</strong></span> <span class='ocrx_word' id='word_1_736' title='bbox 1268 4645 1382 4714; x_wconf 88' lang='lat' dir='ltr'><strong>ipse</strong></span> <span class='ocrx_word' id='word_1_737' title='bbox 1410 4644 1516 4700; x_wconf 89' lang='lat' dir='ltr'><strong>scis</strong></span> <span class='ocrx_word' id='word_1_738' title='bbox 1546 4644 1598 4698; x_wconf 93' lang='lat' dir='ltr'><strong>in</strong></span> <span class='ocrx_word' id='word_1_739' title='bbox 1644 4644 1724 4698; x_wconf 91' lang='lat' dir='ltr'><strong>eis</strong></span> <span class='ocrx_word' id='word_1_740' title='bbox 1742 4644 1919 4699; x_wconf 85' lang='lat' dir='ltr'><strong>ardua</strong></span> 
     </span>
    </p>
   </div>
   <div class='ocr_carea' id='block_1_99' title="bbox 332 4735 1921 4805">
    <p class='ocr_par' dir='ltr' id='par_1_99' title="bbox 332 4735 1921 4805">
     <span class='ocr_line' id='line_1_100' title="bbox 332 4735 1921 4805; baseline -0.002 -13"><span class='ocrx_word' id='word_1_741' title='bbox 332 4753 520 4802; x_wconf 89' lang='lat' dir='ltr'><strong>sensu,</strong></span> <span class='ocrx_word' id='word_1_742' title='bbox 543 4745 599 4791; x_wconf 91' lang='lat' dir='ltr'><strong>et</strong></span> <span class='ocrx_word' id='word_1_743' title='bbox 625 4735 784 4804; x_wconf 89' lang='lat' dir='ltr'><strong>digna</strong></span> <span class='ocrx_word' id='word_1_744' title='bbox 808 4736 1136 4804; x_wconf 90' lang='lat' dir='ltr'><strong>cognitione,</strong></span> <span class='ocrx_word' id='word_1_745' title='bbox 1153 4737 1292 4791; x_wconf 86' lang='lat' dir='ltr'><strong>scire</strong></span> <span class='ocrx_word' id='word_1_746' title='bbox 1316 4751 1402 4790; x_wconf 92' lang='lat' dir='ltr'><strong>me</strong></span> <span class='ocrx_word' id='word_1_747' title='bbox 1416 4736 1547 4790; x_wconf 82' lang='lat' dir='ltr'><strong>velis</strong></span> <span class='ocrx_word' id='word_1_748' title='bbox 1577 4753 1591 4787; x_wconf 89' lang='lat'><strong>:</strong></span> <span class='ocrx_word' id='word_1_749' title='bbox 1617 4735 1921 4805; x_wconf 87' lang='lat' dir='ltr'><strong>specialiter</strong></span> 
     </span>
    </p>
   </div>
   <div class='ocr_carea' id='block_1_100' title="bbox 334 4824 1920 4896">
    <p class='ocr_par' dir='ltr' id='par_1_100' title="bbox 334 4824 1920 4896">
     <span class='ocr_line' id='line_1_101' title="bbox 334 4824 1920 4896; baseline -0.001 -17"><span class='ocrx_word' id='word_1_750' title='bbox 334 4834 520 4880; x_wconf 88' lang='lat' dir='ltr'><strong>tamen</strong></span> <span class='ocrx_word' id='word_1_751' title='bbox 551 4825 618 4880; x_wconf 90' lang='lat' dir='ltr'><strong>de</strong></span> <span class='ocrx_word' id='word_1_752' title='bbox 645 4825 878 4894; x_wconf 89' lang='lat' dir='ltr'><strong>capitqu</strong></span> <span class='ocrx_word' id='word_1_753' title='bbox 907 4825 1000 4880; x_wconf 89' lang='lat' dir='ltr'><strong>illo</strong></span> <span class='ocrx_word' id='word_1_754' title='bbox 1041 4826 1091 4879; x_wconf 91' lang='lat' dir='ltr'><strong>in</strong></span> <span class='ocrx_word' id='word_1_755' title='bbox 1122 4840 1231 4894; x_wconf 92' lang='lat' dir='ltr'><strong>quo</strong></span> <span class='ocrx_word' id='word_1_756' title='bbox 1257 4826 1364 4890; x_wconf 88' lang='lat' dir='ltr'><strong>ait,</strong></span> <span class='ocrx_word' id='word_1_757' title='bbox 1393 4827 1629 4896; x_wconf 75' lang='lat' dir='ltr'><strong>Alligana</strong></span> <span class='ocrx_word' id='word_1_758' title='bbox 1675 4824 1744 4877; x_wconf 91' lang='lat' dir='ltr'><strong>ad</strong></span> <span class='ocrx_word' id='word_1_759' title='bbox 1770 4825 1920 4878; x_wconf 80' lang='lat' dir='ltr'><strong>vitem</strong></span> 
     </span>
    </p>
   </div>
   <div class='ocr_carea' id='block_1_101' title="bbox 334 4914 1916 4986">
    <p class='ocr_par' dir='ltr' id='par_1_101' title="bbox 334 4914 1916 4986">
     <span class='ocr_line' id='line_1_102' title="bbox 334 4914 1916 4986; baseline -0.003 -16"><span class='ocrx_word' id='word_1_760' title='bbox 334 4917 534 4986; x_wconf 82' lang='lat' dir='ltr'><strong>pullum</strong></span> <span class='ocrx_word' id='word_1_761' title='bbox 555 4932 722 4980; x_wconf 79' lang='lat' dir='ltr'><strong>situm,</strong></span> <span class='ocrx_word' id='word_1_762' title='bbox 748 4925 796 4969; x_wconf 93' lang='lat' dir='ltr'><strong>et</strong></span> <span class='ocrx_word' id='word_1_763' title='bbox 822 4915 892 4968; x_wconf 86' lang='lat' dir='ltr'><strong>ad</strong></span> <span class='ocrx_word' id='word_1_764' title='bbox 921 4917 998 4983; x_wconf 86' lang='lat' dir='ltr'><strong>(a)</strong></span> <span class='ocrx_word' id='word_1_765' title='bbox 1029 4917 1249 4970; x_wconf 83' lang='lat' dir='ltr'><strong>cilicium</strong></span> <span class='ocrx_word' id='word_1_766' title='bbox 1279 4916 1475 4984; x_wconf 75' lang='lat' dir='ltr'><strong>pullum</strong></span> <span class='ocrx_word' id='word_1_767' title='bbox 1517 4917 1680 4970; x_wconf 72' lang='lat' dir='ltr'><strong>asina:</strong></span> <span class='ocrx_word' id='word_1_768' title='bbox 1715 4931 1823 4969; x_wconf 70' lang='lat' dir='ltr'><strong>sum</strong></span> <span class='ocrx_word' id='word_1_769' title='bbox 1853 4914 1916 4978; x_wconf 66' lang='grc' dir='ltr'><strong>ιτς</strong></span> 
     </span>
    </p>
   </div>
   <div class='ocr_carea' id='block_1_102' title="bbox 333 5005 1923 5078">
    <p class='ocr_par' dir='ltr' id='par_1_102' title="bbox 333 5005 1923 5078">
     <span class='ocr_line' id='line_1_103' title="bbox 333 5005 1923 5078; baseline -0.004 -15"><span class='ocrx_word' id='word_1_770' title='bbox 333 5008 459 5078; x_wconf 63' lang='lat' dir='ltr'><strong>quis</strong></span> <span class='ocrx_word' id='word_1_771' title='bbox 487 5022 617 5062; x_wconf 90' lang='lat' dir='ltr'><strong>suus</strong></span> <span class='ocrx_word' id='word_1_772' title='bbox 652 5005 720 5060; x_wconf 90' lang='lat' dir='ltr'><strong>sit</strong></span> <span class='ocrx_word' id='word_1_773' title='bbox 755 5005 950 5074; x_wconf 77' lang='lat' dir='ltr'><strong>pullus,</strong></span> <span class='ocrx_word' id='word_1_774' title='bbox 991 5005 1075 5062; x_wconf 75' lang='lat' dir='ltr'><strong>vel</strong></span> <span class='ocrx_word' id='word_1_775' title='bbox 1111 5006 1231 5074; x_wconf 89' lang='lat' dir='ltr'><strong>quis</strong></span> <span class='ocrx_word' id='word_1_776' title='bbox 1263 5005 1440 5078; x_wconf 75' lang='lat' dir='ltr'><strong>asine</strong></span> <span class='ocrx_word' id='word_1_777' title='bbox 1489 5005 1776 5074; x_wconf 87' lang='lat' dir='ltr'><strong>pullus?et</strong></span> <span class='ocrx_word' id='word_1_778' title='bbox 1825 5019 1923 5058; x_wconf 92' lang='lat' dir='ltr'><strong>cur</strong></span> 
     </span>
    </p>
   </div>
   <div class='ocr_carea' id='block_1_103' title="bbox 357 5075 1922 5164">
    <p class='ocr_par' dir='ltr' id='par_1_103' title="bbox 357 5075 1922 5164">
     <span class='ocr_line' id='line_1_104' title="bbox 357 5075 1922 5164; baseline -0.004 -10"><span class='ocrx_word' id='word_1_779' title='bbox 357 5096 548 5155; x_wconf 78' lang='lat' dir='ltr'><strong>nusad</strong></span> <span class='ocrx_word' id='word_1_780' title='bbox 563 5097 746 5162; x_wconf 86' lang='lat' dir='ltr'><strong>vitem,</strong></span> <span class='ocrx_word' id='word_1_781' title='bbox 769 5097 933 5150; x_wconf 66' lang='lat' dir='ltr'><strong>asina:</strong></span> <span class='ocrx_word' id='word_1_782' title='bbox 947 5111 1081 5149; x_wconf 85' lang='lat' dir='ltr'><strong>vero</strong></span> <span class='ocrx_word' id='word_1_783' title='bbox 1103 5075 1278 5164; x_wconf 75' lang='lat' dir='ltr'><strong>pullus</strong></span> <span class='ocrx_word' id='word_1_784' title='bbox 1304 5096 1370 5149; x_wconf 61' lang='lat' dir='ltr'><strong>all</strong></span> <span class='ocrx_word' id='word_1_785' title='bbox 1397 5096 1628 5150; x_wconf 75' lang='lat' dir='ltr'><strong>cilicium</strong></span> <span class='ocrx_word' id='word_1_786' title='bbox 1642 5096 1922 5163; x_wconf 74' lang='lat' dir='ltr'><strong>alligetur?</strong></span> 
     </span>
    </p>
   </div>
   <div class='ocr_carea' id='block_1_104' title="bbox 825 5184 1458 5242">
    <p class='ocr_par' dir='ltr' id='par_1_104' title="bbox 825 5184 1458 5242">
     <span class='ocr_line' id='line_1_105' title="bbox 825 5184 1458 5242; baseline 0 -2"><span class='ocrx_word' id='word_1_787' title='bbox 825 5184 1161 5241; x_wconf 76' lang='lat' dir='ltr'><strong>EPISTULA</strong></span> <span class='ocrx_word' id='word_1_788' title='bbox 1189 5189 1226 5209; x_wconf 86' lang='lat'><strong>&quot;</strong></span> <span class='ocrx_word' id='word_1_789' title='bbox 1259 5185 1458 5242; x_wconf 79' lang='lat' dir='ltr'><strong>XLVII.</strong></span> 
     </span>
    </p>
   </div>
   <div class='ocr_carea' id='block_1_105' title="bbox 336 5278 1924 5354">
    <p class='ocr_par' dir='ltr' id='par_1_105' title="bbox 336 5278 1924 5354">
     <span class='ocr_line' id='line_1_106' title="bbox 336 5278 1924 5354; baseline -0.004 -18"><span class='ocrx_word' id='word_1_790' title='bbox 336 5281 547 5354; x_wconf 58' lang='lat' dir='ltr'><strong>Ruﬁno</strong></span> <span class='ocrx_word' id='word_1_791' title='bbox 576 5281 836 5336; x_wconf 88' lang='lat' dir='ltr'><strong>Cerealem</strong></span> <span class='ocrx_word' id='word_1_792' title='bbox 851 5280 1197 5336; x_wconf 74' lang='lat' dir='ltr'><strong>commendat.</strong></span> <span class='ocrx_word' id='word_1_793' title='bbox 1216 5278 1353 5333; x_wconf 86' lang='lat' dir='ltr'><strong>Petit</strong></span> <span class='ocrx_word' id='word_1_794' title='bbox 1377 5280 1429 5332; x_wconf 85' lang='lat' dir='ltr'><strong>in</strong></span> <span class='ocrx_word' id='word_1_795' title='bbox 1463 5280 1680 5333; x_wconf 80' lang='lat' dir='ltr'><strong>transitu</strong></span> <span class='ocrx_word' id='word_1_796' title='bbox 1698 5278 1924 5332; x_wconf 83' lang='lat' dir='ltr'><strong>visitari:</strong></span> 
     </span>
    </p>
   </div>
   <div class='ocr_carea' id='block_1_106' title="bbox 409 5369 1741 5440">
    <p class='ocr_par' dir='ltr' id='par_1_106' title="bbox 409 5369 1741 5440">
     <span class='ocr_line' id='line_1_107' title="bbox 409 5369 1741 5440; baseline -0.005 -11"><span class='ocrx_word' id='word_1_797' title='bbox 409 5384 438 5412; x_wconf 77' lang='grc'><strong>⁸·</strong></span> <span class='ocrx_word' id='word_1_798' title='bbox 474 5373 612 5429; x_wconf 84' lang='lat' dir='ltr'><strong>Gen.</strong></span> <span class='ocrx_word' id='word_1_799' title='bbox 645 5390 790 5428; x_wconf 67' lang='grc' dir='ltr'><strong>χιιι.</strong></span> <span class='ocrx_word' id='word_1_800' title='bbox 867 5372 894 5411; x_wconf 72' lang='grc' dir='ltr'>δ</span> <span class='ocrx_word' id='word_1_801' title='bbox 933 5371 1068 5426; x_wconf 81' lang='lat' dir='ltr'><strong>Gen.</strong></span> <span class='ocrx_word' id='word_1_802' title='bbox 1103 5388 1252 5439; x_wconf 69' lang='lat' dir='ltr'><strong>1le,</strong></span> <span class='ocrx_word' id='word_1_803' title='bbox 1283 5371 1367 5438; x_wconf 82' lang='lat' dir='ltr'><strong>ll,</strong></span> <span class='ocrx_word' id='word_1_804' title='bbox 1396 5371 1550 5440; x_wconf 76' lang='lat' dir='ltr'><strong>juxta</strong></span> <span class='ocrx_word' id='word_1_805' title='bbox 1583 5369 1741 5425; x_wconf 80' lang='lat' dir='ltr'><strong>LXX.</strong></span> 
     </span>
    </p>
   </div>
   <div class='ocr_carea' id='block_1_107' title="bbox 2025 4650 3610 4729">
    <p class='ocr_par' dir='ltr' id='par_1_107' title="bbox 2025 4650 3610 4729">
     <span class='ocr_line' id='line_1_108' title="bbox 2025 4650 3610 4729; baseline -0.011 -13"><span class='ocrx_word' id='word_1_806' title='bbox 2025 4669 2082 4716; x_wconf 92' lang='lat' dir='ltr'><strong>et</strong></span> <span class='ocrx_word' id='word_1_807' title='bbox 2121 4668 2213 4715; x_wconf 92' lang='lat' dir='ltr'><strong>tuo</strong></span> <span class='ocrx_word' id='word_1_808' title='bbox 2241 4657 2454 4729; x_wconf 87' lang='lat' dir='ltr'><strong>spiritu,</strong></span> <span class='ocrx_word' id='word_1_809' title='bbox 2501 4670 2662 4726; x_wconf 89' lang='lat' dir='ltr'><strong>quam</strong></span> <span class='ocrx_word' id='word_1_810' title='bbox 2692 4653 2762 4709; x_wconf 88' lang='lat' dir='ltr'><strong>de</strong></span> <span class='ocrx_word' id='word_1_811' title='bbox 2812 4667 2936 4708; x_wconf 90' lang='lat' dir='ltr'><strong>meo</strong></span> <span class='ocrx_word' id='word_1_812' title='bbox 2963 4666 3128 4706; x_wconf 89' lang='lat' dir='ltr'><strong>sensu</strong></span> <span class='ocrx_word' id='word_1_813' title='bbox 3169 4650 3356 4720; x_wconf 88' lang='lat' dir='ltr'><strong>inepta</strong></span> <span class='ocrx_word' id='word_1_814' title='bbox 3387 4661 3610 4717; x_wconf 85' lang='lat' dir='ltr'><strong>respon-</strong></span> 
     </span>
    </p>
   </div>
   <div class='ocr_carea' id='block_1_108' title="bbox 2025 4752 2203 4808">
    <p class='ocr_par' dir='ltr' id='par_1_108' title="bbox 2025 4752 2203 4808">
     <span class='ocr_line' id='line_1_109' title="bbox 2025 4752 2203 4808; baseline -0.017 0"><span class='ocrx_word' id='word_1_815' title='bbox 2025 4752 2203 4808; x_wconf 89' lang='lat' dir='ltr'><strong>dcam.</strong></span> 
     </span>
    </p>
   </div>
   <div class='ocr_carea' id='block_1_109' title="bbox 2488 4811 3183 4872">
    <p class='ocr_par' dir='ltr' id='par_1_109' title="bbox 2488 4811 3183 4872">
     <span class='ocr_line' id='line_1_110' title="bbox 2488 4811 3183 4872; baseline -0.009 0"><span class='ocrx_word' id='word_1_816' title='bbox 2488 4812 2842 4872; x_wconf 65' lang='lat' dir='ltr'><strong>EPISTOLJE</strong></span> <span class='ocrx_word' id='word_1_817' title='bbox 2883 4815 2947 4834; x_wconf 80' lang='lat'><strong>‘“</strong></span> <span class='ocrx_word' id='word_1_818' title='bbox 2976 4811 3183 4867; x_wconf 79' lang='lat' dir='ltr'><strong>XLVIII</strong></span> 
     </span>
    </p>
   </div>
   <div class='ocr_carea' id='block_1_110' title="bbox 2589 4910 3079 4962">
    <p class='ocr_par' dir='ltr' id='par_1_110' title="bbox 2589 4910 3079 4962">
     <span class='ocr_line' id='line_1_111' title="bbox 2589 4910 3079 4962; baseline -0.006 1"><span class='ocrx_word' id='word_1_819' title='bbox 2589 4910 2678 4930; x_wconf 84' lang='lat'>““</span> <span class='ocrx_word' id='word_1_820' title='bbox 2702 4921 3079 4962; x_wconf 68' lang='lat' dir='ltr'><strong>rasauenruu.</strong></span> 
     </span>
    </p>
   </div>
   <div class='ocr_carea' id='block_1_111' title="bbox 2209 4995 3428 5064">
    <p class='ocr_par' dir='ltr' id='par_1_111' title="bbox 2209 4995 3428 5064">
     <span class='ocr_line' id='line_1_112' title="bbox 2209 4995 3428 5064; baseline -0.01 -8"><span class='ocrx_word' id='word_1_821' title='bbox 2209 5001 2413 5056; x_wconf 86' lang='lat' dir='ltr'><strong>Laudat</strong></span> <span class='ocrx_word' id='word_1_822' title='bbox 2441 4999 2820 5055; x_wconf 76' lang='lat' dir='ltr'><strong>illustrissimos</strong></span> <span class='ocrx_word' id='word_1_823' title='bbox 2849 4998 2930 5050; x_wconf 75' lang='lat' dir='ltr'><strong>sui</strong></span> <span class='ocrx_word' id='word_1_824' title='bbox 2957 4995 3119 5049; x_wconf 77' lang='lat' dir='ltr'><strong>secuti</strong></span> <span class='ocrx_word' id='word_1_825' title='bbox 3143 4995 3428 5064; x_wconf 71' lang='lat' dir='ltr'><strong>episcopos.</strong></span> 
     </span>
    </p>
   </div>
   <div class='ocr_carea' id='block_1_112' title="bbox 2101 5081 3608 5156">
    <p class='ocr_par' dir='ltr' id='par_1_112' title="bbox 2101 5081 3608 5156">
     <span class='ocr_line' id='line_1_113' title="bbox 2101 5081 3608 5156; baseline -0.012 -7"><span class='ocrx_word' id='word_1_826' title='bbox 2101 5093 2158 5149; x_wconf 88' lang='lat' dir='ltr'><strong>Si</strong></span> <span class='ocrx_word' id='word_1_827' title='bbox 2183 5094 2324 5148; x_wconf 87' lang='lat' dir='ltr'><strong>enim</strong></span> <span class='ocrx_word' id='word_1_828' title='bbox 2353 5092 2452 5146; x_wconf 87' lang='lat' dir='ltr'><strong>bos</strong></span> <span class='ocrx_word' id='word_1_829' title='bbox 2473 5090 2654 5143; x_wconf 87' lang='lat' dir='ltr'><strong>videas</strong></span> <span class='ocrx_word' id='word_1_830' title='bbox 2677 5088 2868 5156; x_wconf 87' lang='lat' dir='ltr'><strong>dignos</strong></span> <span class='ocrx_word' id='word_1_831' title='bbox 2914 5085 3141 5141; x_wconf 90' lang='lat' dir='ltr'><strong>Domino</strong></span> <span class='ocrx_word' id='word_1_832' title='bbox 3172 5082 3496 5145; x_wconf 87' lang='lat' dir='ltr'><strong>sacerdotes,</strong></span> <span class='ocrx_word' id='word_1_833' title='bbox 3525 5081 3608 5132; x_wconf 82' lang='lat' dir='ltr'><strong>vel</strong></span> 
     </span>
    </p>
   </div>
   <div class='ocr_carea' id='block_1_113' title="bbox 2032 5168 3614 5253">
    <p class='ocr_par' dir='ltr' id='par_1_113' title="bbox 2032 5168 3614 5253">
     <span class='ocr_line' id='line_1_114' title="bbox 2032 5168 3614 5253; baseline -0.011 -15"><span class='ocrx_word' id='word_1_834' title='bbox 2032 5184 2384 5253; x_wconf 75' lang='lat' dir='ltr'><strong>Exsuperium</strong></span> <span class='ocrx_word' id='word_1_835' title='bbox 2437 5179 2662 5244; x_wconf 70' lang='lat' dir='ltr'><strong>Tolosxc,</strong></span> <span class='ocrx_word' id='word_1_836' title='bbox 2702 5178 2786 5232; x_wconf 87' lang='lat' dir='ltr'><strong>vel</strong></span> <span class='ocrx_word' id='word_1_837' title='bbox 2841 5175 3173 5246; x_wconf 89' lang='lat' dir='ltr'><strong>Simplicium</strong></span> <span class='ocrx_word' id='word_1_838' title='bbox 3231 5171 3477 5236; x_wconf 68' lang='lat' dir='ltr'><strong>Viennm,</strong></span> <span class='ocrx_word' id='word_1_839' title='bbox 3525 5168 3614 5222; x_wconf 85' lang='lat' dir='ltr'><strong>vel</strong></span> 
     </span>
    </p>
   </div>
   <div class='ocr_carea' id='block_1_114' title="bbox 2037 5260 3613 5342">
    <p class='ocr_par' dir='ltr' id='par_1_114' title="bbox 2037 5260 3613 5342">
     <span class='ocr_line' id='line_1_115' title="bbox 2037 5260 3613 5342; baseline -0.009 -12"><span class='ocrx_word' id='word_1_840' title='bbox 2037 5274 2336 5331; x_wconf 85' lang='lat' dir='ltr'><strong>Amandum</strong></span> <span class='ocrx_word' id='word_1_841' title='bbox 2365 5271 2682 5342; x_wconf 60' lang='lat' dir='ltr'><strong>Burdigalae,</strong></span> <span class='ocrx_word' id='word_1_842' title='bbox 2713 5270 2800 5326; x_wconf 89' lang='lat' dir='ltr'><strong>vel</strong></span> <span class='ocrx_word' id='word_1_843' title='bbox 2845 5268 3231 5338; x_wconf 90' lang='lat' dir='ltr'><strong>Diogeuianum</strong></span> <span class='ocrx_word' id='word_1_844' title='bbox 3272 5262 3491 5331; x_wconf 72' lang='lat' dir='ltr'><strong>Albigm,</strong></span> <span class='ocrx_word' id='word_1_845' title='bbox 3528 5260 3613 5317; x_wconf 85' lang='lat' dir='ltr'><strong>vel</strong></span> 
     </span>
    </p>
   </div>
   <div class='ocr_carea' id='block_1_115' title="bbox 411 5457 2541 5536">
    <p class='ocr_par' dir='ltr' id='par_1_115' title="bbox 411 5457 2541 5536">
     <span class='ocr_line' id='line_1_116' title="bbox 411 5457 2541 5536; baseline -0.005 -16"><span class='ocrx_word' id='word_1_846' title='bbox 411 5469 430 5486; x_wconf 85' lang='lat'>&#39;</span> <span class='ocrx_word' id='word_1_847' title='bbox 473 5468 618 5522; x_wconf 81' lang='lat' dir='ltr'><strong>Alias</strong></span> <span class='ocrx_word' id='word_1_848' title='bbox 647 5466 713 5519; x_wconf 72' lang='grc'><strong>47</strong></span> <span class='ocrx_word' id='word_1_849' title='bbox 740 5484 753 5531; x_wconf 88' lang='grc'>;</span> <span class='ocrx_word' id='word_1_850' title='bbox 783 5480 902 5536; x_wconf 67' lang='lat' dir='ltr'><strong>qua:</strong></span> <span class='ocrx_word' id='word_1_851' title='bbox 924 5471 1102 5517; x_wconf 89' lang='lat' dir='ltr'><strong>autem</strong></span> <span class='ocrx_word' id='word_1_852' title='bbox 1129 5461 1360 5536; x_wconf 37' lang='lat' dir='ltr'><strong>literal,</strong></span> <span class='ocrx_word' id='word_1_853' title='bbox 1396 5477 1536 5517; x_wconf 88' lang='lat' dir='ltr'><strong>nunc</strong></span> <span class='ocrx_word' id='word_1_854' title='bbox 1564 5460 1593 5513; x_wconf 86' lang='lat'><strong>7</strong></span> <span class='ocrx_word' id='word_1_855' title='bbox 1620 5469 1677 5536; x_wconf 74' lang='lat' dir='ltr'><strong>et</strong></span> <span class='ocrx_word' id='word_1_856' title='bbox 1698 5460 1997 5536; x_wconf 81' lang='lat' dir='ltr'><strong>8._Sc_ripta</strong></span> <span class='ocrx_word' id='word_1_857' title='bbox 2027 5461 2395 5536; x_wconf 72' lang='lat' dir='ltr'><strong>circaannum</strong></span> <span class='ocrx_word' id='word_1_858' title='bbox 2420 5457 2541 5512; x_wconf 70' lang='grc'><strong>408.</strong></span> 
     </span>
    </p>
   </div>
   <div class='ocr_carea' id='block_1_116' title="bbox 418 5529 2280 5606">
    <p class='ocr_par' dir='ltr' id='par_1_116' title="bbox 418 5529 2280 5606">
     <span class='ocr_line' id='line_1_117' title="bbox 418 5529 2280 5606; baseline -0.004 -16"><span class='ocrx_word' id='word_1_859' title='bbox 418 5539 457 5559; x_wconf 87' lang='grc'><strong>··</strong></span> <span class='ocrx_word' id='word_1_860' title='bbox 499 5538 645 5592; x_wconf 88' lang='lat' dir='ltr'><strong>Alias</strong></span> <span class='ocrx_word' id='word_1_861' title='bbox 673 5529 780 5602; x_wconf 54' lang='lat'><strong>487,</strong></span> <span class='ocrx_word' id='word_1_862' title='bbox 801 5529 928 5606; x_wconf 65' lang='lat' dir='ltr'><strong>&#39;quzc</strong></span> <span class='ocrx_word' id='word_1_863' title='bbox 957 5543 1138 5606; x_wconf 75' lang='lat' dir='ltr'><strong>autem</strong></span> <span class='ocrx_word' id='word_1_864' title='bbox 1147 5531 1226 5606; x_wconf 50' lang='grc' dir='ltr'><strong>ἐτι</strong></span> <span class='ocrx_word' id='word_1_865' title='bbox 1267 5540 1401 5598; x_wconf 85' lang='lat' dir='ltr'><strong>erat,</strong></span> <span class='ocrx_word' id='word_1_866' title='bbox 1434 5547 1576 5586; x_wconf 90' lang='lat' dir='ltr'><strong>nunc</strong></span> <span class='ocrx_word' id='word_1_867' title='bbox 1607 5530 1693 5584; x_wconf 68' lang='lat'><strong>46.</strong></span> <span class='ocrx_word' id='word_1_868' title='bbox 1743 5529 1955 5606; x_wconf 73' lang='lat' dir='ltr'><strong>Scripta</strong></span> <span class='ocrx_word' id='word_1_869' title='bbox 1997 5547 2138 5585; x_wconf 90' lang='lat' dir='ltr'><strong>anno</strong></span> 
     </span>
    </p>
   </div>
   <div class='ocr_carea' id='block_1_117' title="bbox 416 5599 2276 5670">
    <p class='ocr_par' dir='ltr' id='par_1_117' title="bbox 416 5599 2276 5670">
     <span class='ocr_line' id='line_1_118' title="bbox 416 5599 2276 5670; baseline -0.005 -9"><span class='ocrx_word' id='word_1_870' title='bbox 416 5608 484 5628; x_wconf 82' lang='lat'><strong>&#39;“</strong></span> <span class='ocrx_word' id='word_1_871' title='bbox 525 5608 682 5661; x_wconf 78' lang='lat' dir='ltr'><strong>Circa</strong></span> <span class='ocrx_word' id='word_1_872' title='bbox 732 5599 928 5660; x_wconf 68' lang='lat' dir='ltr'><strong>ann&#39;nm</strong></span> <span class='ocrx_word' id='word_1_873' title='bbox 974 5603 1096 5656; x_wconf 72' lang='lat'><strong>409.</strong></span> <span class='ocrx_word' id='word_1_874' title='bbox 1147 5601 1318 5657; x_wconf 86' lang='lat' dir='ltr'><strong>Porro</strong></span> <span class='ocrx_word' id='word_1_875' title='bbox 1372 5617 1490 5670; x_wconf 72' lang='lat' dir='ltr'><strong>qua:</strong></span> <span class='ocrx_word' id='word_1_876' title='bbox 1533 5610 1649 5656; x_wconf 89' lang='lat' dir='ltr'><strong>erat</strong></span> <span class='ocrx_word' id='word_1_877' title='bbox 1686 5602 1842 5670; x_wconf 84' lang='lat' dir='ltr'><strong>epist.</strong></span> <span class='ocrx_word' id='word_1_878' title='bbox 1870 5599 1982 5668; x_wconf 59' lang='lat'><strong>&#39;48,</strong></span> <span class='ocrx_word' id='word_1_879' title='bbox 2024 5615 2164 5654; x_wconf 90' lang='lat' dir='ltr'><strong>nunc</strong></span> <span class='ocrx_word' id='word_1_880' title='bbox 2191 5599 2276 5652; x_wconf 72' lang='lat' dir='ltr'><strong>l7.</strong></span> 
     </span>
    </p>
   </div>
   <div class='ocr_carea' id='block_1_118' title="bbox 418 5666 2457 5741">
    <p class='ocr_par' dir='ltr' id='par_1_118' title="bbox 418 5666 2457 5741">
     <span class='ocr_line' id='line_1_119' title="bbox 418 5666 2457 5741; baseline -0.005 -10"><span class='ocrx_word' id='word_1_881' title='bbox 418 5678 508 5698; x_wconf 81' lang='lat'><strong>&quot;“</strong></span> <span class='ocrx_word' id='word_1_882' title='bbox 550 5677 666 5732; x_wconf 87' lang='lat' dir='ltr'><strong>IIuc</strong></span> <span class='ocrx_word' id='word_1_883' title='bbox 712 5677 974 5731; x_wconf 89' lang='lat' dir='ltr'><strong>adscitum</strong></span> <span class='ocrx_word' id='word_1_884' title='bbox 1023 5689 1091 5728; x_wconf 81' lang='lat' dir='ltr'><strong>ex</strong></span> <span class='ocrx_word' id='word_1_885' title='bbox 1137 5671 1297 5741; x_wconf 82' lang='lat' dir='ltr'><strong>Greg.</strong></span> <span class='ocrx_word' id='word_1_886' title='bbox 1330 5666 1529 5727; x_wconf 79' lang='lat' dir='ltr'><strong>Turon.</strong></span> <span class='ocrx_word' id='word_1_887' title='bbox 1560 5666 1758 5725; x_wconf 66' lang='lat' dir='ltr'><strong>Ilistoi.</strong></span> <span class='ocrx_word' id='word_1_888' title='bbox 1795 5666 1983 5726; x_wconf 74' lang='lat' dir='ltr'><strong>Franc.</strong></span> <span class='ocrx_word' id='word_1_889' title='bbox 2018 5672 2108 5726; x_wconf 86' lang='lat' dir='ltr'><strong>lill.</strong></span> <span class='ocrx_word' id='word_1_890' title='bbox 2136 5687 2190 5734; x_wconf 88' lang='lat' dir='ltr'><strong>ll,</strong></span> <span class='ocrx_word' id='word_1_891' title='bbox 2221 5684 2337 5738; x_wconf 88' lang='lat' dir='ltr'><strong>cap.</strong></span> <span class='ocrx_word' id='word_1_892' title='bbox 2374 5666 2457 5721; x_wconf 80' lang='grc'><strong>15.</strong></span> 
     </span>
    </p>
   </div>
   <div class='ocr_carea' id='block_1_119' title="bbox 419 5761 1928 5836">
    <p class='ocr_par' dir='ltr' id='par_1_119' title="bbox 419 5761 1928 5836">
     <span class='ocr_line' id='line_1_120' title="bbox 419 5761 1928 5836; baseline -0.006 -15"><span class='ocrx_word' id='word_1_893' title='bbox 419 5767 500 5836; x_wconf 76' lang='lat' dir='ltr'><strong>(a)</strong></span> <span class='ocrx_word' id='word_1_894' title='bbox 524 5766 602 5820; x_wconf 90' lang='lat' dir='ltr'><strong>Ita</strong></span> <span class='ocrx_word' id='word_1_895' title='bbox 622 5766 679 5821; x_wconf 90' lang='lat' dir='ltr'><strong>S.</strong></span> <span class='ocrx_word' id='word_1_896' title='bbox 715 5765 1051 5820; x_wconf 82' lang='lat' dir='ltr'><strong>Ambrosium</strong></span> <span class='ocrx_word' id='word_1_897' title='bbox 1083 5772 1135 5816; x_wconf 90' lang='lat' dir='ltr'><strong>et</strong></span> <span class='ocrx_word' id='word_1_898' title='bbox 1163 5763 1217 5836; x_wconf 70' lang='lat' dir='ltr'><strong>S.</strong></span> <span class='ocrx_word' id='word_1_899' title='bbox 1252 5762 1599 5836; x_wconf 47' lang='lat' dir='ltr'><strong>nllgllstinum</strong></span> <span class='ocrx_word' id='word_1_900' title='bbox 1628 5761 1928 5836; x_wconf 49' lang='lat' dir='ltr'><strong>legerepo-</strong></span> 
     </span>
    </p>
   </div>
   <div class='ocr_carea' id='block_1_120' title="bbox 2031 5758 3611 5838">
    <p class='ocr_par' dir='ltr' id='par_1_120' title="bbox 2031 5758 3611 5838">
     <span class='ocr_line' id='line_1_121' title="bbox 2031 5758 3611 5838; baseline 0.011 -27"><span class='ocrx_word' id='word_1_901' title='bbox 2031 5761 2087 5838; x_wconf 66' lang='grc' dir='ltr'><strong>ξ.</strong></span> <span class='ocrx_word' id='word_1_902' title='bbox 2138 5758 2434 5838; x_wconf 50' lang='lat' dir='ltr'><strong>Cyprianus</strong></span> <span class='ocrx_word' id='word_1_903' title='bbox 2485 5760 2588 5838; x_wconf 47' lang='lat' dir='ltr'><strong>iii).-</strong></span> <span class='ocrx_word' id='word_1_904' title='bbox 2628 5775 2642 5812; x_wconf 92' lang='lat' dir='ltr'><strong>l</strong></span> <span class='ocrx_word' id='word_1_905' title='bbox 2700 5760 2957 5838; x_wconf 79' lang='lat' dir='ltr'><strong>adversus</strong></span> <span class='ocrx_word' id='word_1_906' title='bbox 2986 5761 3221 5838; x_wconf 69' lang='lat' dir='ltr'><strong>Judieos,</strong></span> <span class='ocrx_word' id='word_1_907' title='bbox 3260 5774 3342 5826; x_wconf 71' lang='lat' dir='ltr'><strong>ad</strong></span> <span class='ocrx_word' id='word_1_908' title='bbox 3379 5775 3611 5830; x_wconf 69' lang='lat' dir='ltr'><strong>Italia-lu.</strong></span> 
     </span>
    </p>
   </div>
   <div class='ocr_carea' id='block_1_121' title="bbox 344 5828 3028 5913">
    <p class='ocr_par' dir='ltr' id='par_1_121' title="bbox 344 5828 3028 5913">
     <span class='ocr_line' id='line_1_122' title="bbox 344 5828 3028 5913; baseline -0.009 -17"><span class='ocrx_word' id='word_1_909' title='bbox 344 5828 504 5913; x_wconf 73' lang='lat' dir='ltr'><strong>notat</strong></span> <span class='ocrx_word' id='word_1_910' title='bbox 545 5838 785 5894; x_wconf 67' lang='lat' dir='ltr'><strong>Nobilius</strong></span> <span class='ocrx_word' id='word_1_911' title='bbox 829 5838 885 5894; x_wconf 89' lang='lat' dir='ltr'><strong>in</strong></span> <span class='ocrx_word' id='word_1_912' title='bbox 912 5836 1127 5892; x_wconf 80' lang='lat' dir='ltr'><strong>scholiis</strong></span> <span class='ocrx_word' id='word_1_913' title='bbox 1158 5833 1224 5889; x_wconf 89' lang='lat' dir='ltr'><strong>ad</strong></span> <span class='ocrx_word' id='word_1_914' title='bbox 1262 5831 1420 5895; x_wconf 72' lang='lat' dir='ltr'><strong>LXX,</strong></span> <span class='ocrx_word' id='word_1_915' title='bbox 1446 5849 1544 5903; x_wconf 89' lang='lat' dir='ltr'><strong>pro</strong></span> <span class='ocrx_word' id='word_1_916' title='bbox 1577 5828 1853 5902; x_wconf 27' lang='lat' dir='ltr'><strong>qno’LXX</strong></span> <span class='ocrx_word' id='word_1_917' title='bbox 1875 5841 1929 5888; x_wconf 90' lang='lat' dir='ltr'><strong>ct</strong></span> <span class='ocrx_word' id='word_1_918' title='bbox 2027 5828 2210 5887; x_wconf 66' lang='lat' dir='ltr'><strong>Graece</strong></span> <span class='ocrx_word' id='word_1_919' title='bbox 2240 5839 2298 5888; x_wconf 76' lang='grc' dir='ltr'><strong>τῆ</strong></span> <span class='ocrx_word' id='word_1_920' title='bbox 2325 5829 2462 5894; x_wconf 57' lang='grc' dir='ltr'><strong>ἕλικι,</strong></span> <span class='ocrx_word' id='word_1_921' title='bbox 2494 5828 2734 5894; x_wconf 65' lang='grc' dir='ltr'><strong>γυιειιιη,</strong></span> <span class='ocrx_word' id='word_1_922' title='bbox 2768 5834 2836 5886; x_wconf 71' lang='grc' dir='ltr'><strong>(κι</strong></span> <span class='ocrx_word' id='word_1_923' title='bbox 2866 5835 3028 5890; x_wconf 49' lang='lat' dir='ltr'><strong>mem.</strong></span> 
     </span>
    </p>
   </div>
  </div>
