4008 6346
385 192 491 287 eos
1511 236 1566 290 s.
1608 233 1876 289 PAULINI
1917 234 2164 290 NOLANI
2198 232 2505 294 EPISCOPI

381 342 700 415 Dynamium
720 343 1059 425 Engolismae,
1083 345 1165 401 vel
1186 345 1563 401 Venerandum
1588 345 1858 413 Arvernis,
1883 344 1969 403 vel
1996 351 2045 412 Α
2071 350 2261 405 mortis
2287 364 2447 419 quam
2490 350 2610 405 vitm
2650 349 2977 421 cupidiorem
2995 389 3009 414 ,
3072 347 3337 421 ﬁnemque
3364 367 3643 423 pmnarum

382 435 650 491 Alethium
673 435 769 508 (al.
793 436 1074 508 Alithium)
1098 436 1376 502 Cadurcis,
1403 436 1487 490 vel
1517 451 1656 491 nunc
1683 435 1964 507 Pegasinm
2067 439 2257 495 anima:
2285 440 2433 495 exitu
2461 440 2874 507 desiderantem,
2921 442 3228 497 misericors
3268 450 3325 497 et
3363 443 3644 499 miseratur

377 523 726 596 Petragoriis;
749 535 1035 598 utcumque
1062 542 1122 583 se
1150 527 1350 582 habent
1373 527 1540 583 seculi
1569 527 1732 593 mala,
1761 528 1966 584 videbis
2067 530 2498 587 Dominusadire
2523 531 2790 597 cominus,
2809 539 2865 587 et
2884 531 3034 588 verbi
3053 532 3174 591 cibo
3194 533 3435 588 animare
3461 534 3642 604 digna-

375 620 623 690 profecto
667 621 1006 690 dignissimos
1053 621 1218 677 totius
1261 620 1381 676 tidei
1440 620 1822 690 religionisque
1869 637 1963 678 cn—
2062 625 2152 676 tus
2177 628 2277 676 est.
2312 618 2499 676 Refert
2540 622 2654 692 ipse
2682 622 2855 677 adhuc
2883 622 3183 694 lacrymans
3210 622 3524 678 felicitatem
3553 640 3642 694 pe-

3638 212 3643 219 ό

3724 232 3735 239 ο

3554 240 3648 298 ιοο
3732 276 3742 287 .

371 713 582 770 studes.

874 802 1204 871 EPISTOLA
1233 806 1248 823 ‘
1280 802 1461 856 XLIX.

374 896 531 1017 ΩΨ
586 893 841 948 Describit
891 894 1122 966 ingentia
1174 893 1446 959 miracula,
1477 910 1568 963 per
1622 909 1737 963 qua:
1791 907 1957 947 senex

497 964 687 1017 alaius.
737 973 914 1017 postea
977 965 1153 1017 Victor
1198 963 1513 1017 nominatus.
1560 980 1625 1017 ea:
1677 964 1955 1017 naufraaio

497 963 687 1035 nights,
736 963 1153 1046 postea_;l’ictor
1198 963 1513 1035 nominatus,
1560 980 1625 1017 ea:
1653 964 1955 1046 .naufragio

441 1032 672 1089 senatus
695 1032 809 1089 est:
839 1043 889 1088 et
911 1032 1204 1088 Macarium
1233 1032 1403 1103 rogat,
1422 1041 1486 1084 ‘ut
1512 1034 1745 1088 eumdem
1765 1032 1883 1103 jarn
1907 1041 1956 1085 et

438 1113 715 1174 patronum
734 1104 844 1175 ejus
871 1102 1313 1160 Secundinianuni
1335 1102 1398 1155 ab
1427 1102 1687 1159 hominum
1709 1102 1953 1173 importu-

439 1175 604 1228 nitate
627 1184 850 1229 tueatur.
1340 1196 1352 1205 ο

370 1326 377 1331 ,
439 1261 686 1318 Μλολιιιο
716 1262 809 1334 (γ.
842 1270 955 1319 not.
990 1262 1115 1331 197)
1146 1266 1226 1333 (a)
1251 1264 1530 1318 l’auusus.

374 1418 377 1423 _
443 1352 497 1408 ί.
537 1351 717 1425 Opera
745 1348 959 1409 Domini
978 1355 1265 1425 prwdicare
1293 1354 1633 1424 honoriﬁcum
1662 1362 1735 1408 est
1764 1362 1810 1421 ις
1837 1366 1956 1422 qua:

368 1445 501 1500 mihi
525 1458 689 1501 causa
727 1444 885 1515 hujus
927 1445 1170 1516 epistolae
1209 1445 1308 1500 fuit
1339 1464 1351 1498 :
1383 1446 1509 1514 quia
1559 1435 1961 1514 patrisfamilias

367 1538 727 1612 hujus,_quem
755 1537 823 1593 ad
854 1538 1263 1593 unanimitatem
1309 1546 1456 1592 tuam
1505 1551 1823 1608 prosequor,
1851 1535 1953 1592 Se-

367 1630 675 1707 cundiniani
715 1629 1025 1699 negotium,
1052 1638 1112 1686 ut
1137 1629 1425 1701 probabis,
1453 1645 1562 1686 non
1611 1636 1791 1700 potem
1836 1630 1954 1685 sine

2062 712 2214 767 riculi
2244 713 2349 780 sui,
2378 727 2478 768 nec
2503 713 2620 768 sine
2641 713 2889 784 lacrymis
2914 713 3096 769 cordis
3119 721 3176 768 et
3201 713 3399 783 gaudio
3426 714 3642 784 spiritus

2060 795 2231 858 audiri
2256 811 2452 875 potest,
2474 813 2531 859 ut
2546 803 2900 875 compellatus
2924 805 3155 860 adeunte
3181 804 3493 872 Christo,nt
3514 822 3641 862 con-

2059 890 2289 949 fortatus
2317 894 2568 949 hortante
2596 894 2686 957 sit,
2718 903 2777 949 ut
2800 895 3046 950 arborem
3086 894 3268 964 jussus
3318 895 3569 951 inciderit
3596 898 3637 957 ⁸.

2059 997 2219 1053 quam
2240 984 2413 1039 excidi
2442 985 2494 1039 in
2520 999 2587 1042 eo
2615 993 2855 1056 tempore
2875 986 3171 1042 remedium
3193 986 3343 1042 navis
3367 994 3517 1052 erat;
3547 988 3640 1041 sed

2056 1074 2197 1143 quod
2219 1075 2372 1129 multi
2396 1084 2557 1145 atque
2570 1072 2876 1132 validissimi
2896 1077 3013 1133 sine
3035 1093 3135 1133 suo
3156 1084 3214 1134 et
3230 1078 3384 1134 navis
3402 1078 3638 1149 periculo

2058 1162 2234 1220 facere
2257 1166 2342 1221 vix
2389 1175 2615 1237 possunt
2643 1168 2692 1234 ⁸,
2731 1168 2878 1224 solus
2904 1179 2959 1223 et
2999 1169 3191 1226 debilis
3235 1170 3479 1242 arripere
3530 1188 3635 1227 non

2055 1256 2279 1324 audens,
2312 1257 2405 1313 Dei
2432 1257 2601 1313 verbo
2628 1274 2791 1315 ausus
2828 1269 2930 1315 est.
2962 1259 3051 1323 Bis
3079 1268 3304 1329 tantum,
3332 1271 3389 1316 et
3426 1262 3637 1328 leviter,

2055 1355 2163 1401 uta
2191 1348 2344 1403 senili
2368 1364 2528 1403 manu
2557 1357 2729 1405 tactus
2749 1351 2918 1418 magis
2944 1365 3105 1421 quam
3134 1351 3272 1407 ictus
3293 1352 3490 1417 securi,
3520 1368 3637 1407 ma-

2055 1439 2139 1497 lus
2168 1441 2240 1495 ita
2269 1441 2534 1512 prosilivit
2560 1457 2591 1496 a
2616 1442 2863 1509 vulnere,
2909 1450 2967 1497 ut
2996 1443 3154 1513 longe
3183 1453 3336 1499 extra
3365 1459 3557 1500 navem
3579 1447 3634 1500 in

2054 1533 2226 1589 undas
2244 1534 2516 1604 expulsus,
2545 1542 2661 1590 tuto
2684 1534 2958 1590 ceciderit.
2989 1535 3188 1591 Deinde
3211 1537 3371 1592 variis
3393 1537 3491 1609 (ν.
3520 1550 3634 1592 nor.

2055 1624 2202 1697 l99),
2230 1634 2294 1681 ut
2318 1627 2524 1681 marina
2547 1626 2776 1698 jactatio
2803 1636 2859 1684 et
2887 1630 3091 1685 navalis
3131 1630 3412 1685 instructio
3442 1632 3634 1701 poscit,

366 1720 575 1779 Domini
601 1720 772 1791 gloria
799 1731 855 1778 et
884 1722 1041 1778 laude
1085 1722 1311 1777 narrari.
1343 1721 1496 1779 Sicut
1538 1723 1684 1778 enim
1730 1721 1867 1777 dixit
1895 1722 1947 1778 in
1978 1714 2024 1776 Β
2053 1718 2264 1787 ofliciis,
2287 1735 2409 1775 cum
2440 1728 2534 1775 aut
2553 1729 2832 1776 artemone
2852 1723 3047 1777 armari
3069 1723 3375 1793 oportebat,
3399 1731 3494 1778 aut
3516 1739 3635 1779 sen—

365 1810 655 1884 Evangelia
674 1830 685 1865 :
710 1811 872 1867 Pater
889 1828 1029 1868 metu
1052 1812 1221 1866 adhuc
1243 1822 1505 1883 operatur,
1519 1813 1674 1885 ct'pga
1700 1830 1884 1884 operor
1900 1811 1951 1882 δ,

366 1904 440 1963 ita
496 1914 552 1962 et
604 1922 750 1963 nunc
799 1904 926 1962 facit
977 1924 990 1961 :
1035 1919 1211 1976 neque
1246 1904 1445 1960 desinit
1482 1905 1659 1961 bonus
1691 1906 1952 1963 Dominus

365 1997 526 2054 tidem
557 2006 795 2054 nostram
824 1996 1161 2055 evidentibus
1190 1994 1433 2058 veritatis
1477 2010 1588 2051 sua:
1616 1996 1856 2052 excitare
1880 2012 1944 2053 ac

365 2102 836 2160 vereprovocare
885 2087 1241 2144 documentis.
1277 2086 1462 2159 Itaque
1514 2085 1570 2143 in
1605 2086 1849 2155 diversis,
1892 2095 1952 2142 ut

278 2170 281 2171 ⁷
365 2168 626 2257 scriptum
654 2191 744 2238 est
787 2192 833 2247 ο,
859 2182 1188 2252 argumentis
1226 2196 1492 2252 apparens
1528 2181 1688 2238 nobis
1713 2180 1950 2236 salvator

364 2277 533 2344 Deus,
547 2284 694 2332 terra
719 2274 962 2345 marique
990 2289 1090 2346 pro
1121 2275 1277 2333 nobis
1301 2283 1578 2345 operatur,
1628 2283 1684 2330 et
1709 2273 1854 2344 quod
1892 2274 1949 2329 in

348 2370 581 2439 singulis
608 2370 738 2439 agit,
764 2368 1056 2425 multorum
1085 2367 1207 2425 ﬁdei
1226 2368 1492 2441 salutique
1510 2376 1781 2439 procurat.
1812 2368 1949 2424 Vide

363 2463 506 2519 enim
532 2476 696 2532 quam
737 2460 1050 2518 admirabile
1074 2469 1132 2517 et
1154 2461 1495 2532 praedicabile
1519 2477 1657 2532 opus
1683 2460 1772 2527 sit,
1804 2460 1949 2531 quod

361 2551 516 2608 Iesus
559 2551 818 2608 Dominus
846 2551 901 2606 in
931 2565 1042 2608 uno
1068 2565 1198 2607 sene
1225 2566 1348 2606 cum
1376 2551 1582 2620 angelis
1609 2549 1721 2607 suis
1747 2550 1948 2607 sanctis

361 2653 613 2718 operatus
638 2654 741 2703 est.
760 2644 891 2701 Haec
914 2645 1060 2701 enim
1087 2660 1248 2700 causa
1273 2653 1357 2700 est
1382 2644 1674 2714 supradicti
1701 2643 1865 2699 amici
1891 2650 1950 2698 et

360 2739 540 2796 fratris
562 2739 736 2796 nostri
768 2742 804 2805 ',
835 2739 931 2809 qui
956 2747 1041 2795 est
1061 2739 1144 2794 vir
1183 2738 1237 2794 in
1264 2737 1482 2795 Christo
1530 2737 1722 2794 fidelis.
1755 2737 1946 2793 Hieme

359 2829 638 2899 superiore
658 2828 979 2898 compulsus
1003 2829 1056 2884 in
1084 2826 1353 2897 Sardinia,
1376 2844 1496 2885 cum
1518 2829 1717 2886 ceteris
1746 2828 1946 2901 quippe

360 2918 725 2986 naviculariis,
757 2917 1084 2974 invehendas
1113 2918 1380 2974 tlscalibus
1404 2920 1613 2975 horreis
1638 2919 1818 2988 fruges
1838 2920 1942 2974 mi-

362 3010 583 3066 nisterio
607 3009 835 3080 propria:
862 3009 1015 3064 navis
1040 3008 1301 3078 accipere,
1323 3024 1434 3064 non
1462 3017 1772 3079 exspectato
1803 3018 1942 3065 tem-

2057 1811 2223 1866 tinam
2276 1811 2481 1882 depleri
2532 1812 2627 1885 (id
2653 1820 2749 1876 est,
2783 1814 3028 1882 vacuari,
3071 1814 3385 1891 exhauriri)
3415 1829 3636 1870 necesse

2053 1913 2193 1973 erat,
2224 1904 2443 1960 nomine
2472 1904 2703 1961 Victoris
2747 1914 2965 1961 vocatus
2990 1921 3023 1960 a
3069 1906 3315 1971 Domino,
3359 1907 3637 1977 porrigere

2052 2006 2260 2052 tantum
2302 1998 2483 2069 specie
2526 1998 2719 2067 agendi
2743 2014 2958 2055 manum
2998 2000 3062 2055 ad
3091 1999 3388 2070 quamlibet
3414 2016 3635 2071 operam

2045 2088 2337 2159 jubebatur
2367 2090 2385 2159 (
2412 2089 2471 2144 ν.
2501 2105 2587 2161 ep.
2623 2088 2673 2158 5,
2708 2107 2761 2145 n.
2801 2088 2921 2159 16).
2974 2091 3089 2146 Non
3128 2092 3272 2147 enim
3298 2092 3351 2147 in
3377 2092 3545 2147 multa
3582 2102 3634 2147 et

2049 2180 2199 2235 varia
2227 2181 2371 2235 circa
2400 2182 2543 2236 hunc
2570 2196 2754 2237 senem
2788 2182 3110 2237 mirabilium
3139 2181 3441 2239 divinorum
3462 2186 3632 2253 gratia

2050 2270 2153 2325 hoc
2180 2284 2395 2340 quoque
2420 2271 2513 2327 Dei
2536 2287 2729 2328 munus
2766 2273 3197 2343 praetereundum
3225 2273 3458 2341 videtur,
3491 2275 3633 2344 quod

2049 2364 2211 2437 etiam
2243 2378 2436 2420 nomen
2464 2365 2688 2434 accepit,
2711 2378 2821 2434 quo
2840 2380 2982 2420 nunc
3004 2374 3061 2421 et
3084 2367 3492 2434 regeneratione
3509 2382 3630 2423 oen-

2050 2468 2217 2524 sctur,
2242 2467 2297 2514 et
2323 2460 2392 2513 ab
2419 2458 2729 2514 hominibus
2747 2459 2892 2515 etab
2912 2459 3117 2530 angelis
3145 2460 3429 2516 scribitur:
3460 2462 3628 2531 genti-

2050 2551 2165 2606 litio
2188 2552 2329 2607 enim
2353 2552 2506 2621 signo
2528 2552 2747 2622 Valgius
2775 2553 3088 2621 vocabatur,
3129 2555 3220 2624 qui
3261 2569 3403 2610 nunc
3445 2554 3633 2609 Victor

2048 2657 2079 2697 a
2108 2642 2336 2699 Domino
2384 2643 2595 2711 dicitur,
2647 2653 2702 2700 et
2729 2653 2812 2700 est
2850 2646 3024 2700 victor
3054 2645 3107 2699 in
3138 2644 3364 2701 Domino
3387 2686 3401 2710 ,
3435 2645 3526 2715 qui
3560 2644 3631 2700 illi

2046 2743 2232 2806 aptum
2265 2736 2330 2791 ad
2373 2751 2534 2808 opera
2573 2753 2669 2794 sua
2708 2738 2936 2809 idipsum
2967 2753 3163 2794 nomen
3199 2739 3485 2810 imposuit;
3508 2740 3632 2809 quia

2047 2827 2295 2884 videlicet
2323 2840 2379 2883 et
2406 2829 2458 2883 in
2480 2829 2615 2883 mari
2641 2829 2709 2885 de
2738 2830 3145 2903 tempestatibus
3164 2839 3325 2900 atque
3352 2830 3631 2899 naufragio

2024 2935 2144 2991 per
2160 2919 2480 2990 adjutorium
2499 2920 2717 2988 Christi,
2748 2929 2802 2977 et
2830 2938 3000 2993 nuper
3025 2922 3077 2977 in
3102 2931 3242 2978 terra
3268 2938 3366 2995 per
3392 2922 3630 2993 ejusdem

2047 3013 2272 3080 gratiam
2326 3010 2395 3066 de
2445 3013 2680 3082 peccatis
2726 3022 2782 3068 et
2825 3012 3045 3069 diabolo
3068 3014 3451 3084 triumphavit;
3484 3013 3630 3068 vide-
3712 3072 3725 3083 ,

364 3116 495 3174 pore
522 3101 666 3157 soliti
685 3108 1021 3157 commeatus
1045 3100 1141 3170 (ν.
1164 3110 1277 3154 not.
1306 3099 1373 3153 6i
1402 3108 1457 3154 et
1486 3099 1634 3169 l98),
1662 3108 1788 3156 ante
1812 3101 1950 3157 testi-
1973 3096 2024 3161 ο.
2050 3103 2176 3158 licet
2201 3110 2259 3157 ut
2280 3111 2425 3159 totus
2453 3104 2504 3158 in
2533 3102 2748 3160 Christo
2778 3104 3072 3172 novandus,
3096 3120 3271 3174 neque
3300 3105 3351 3158 in
3388 3105 3628 3167 nomine,

365 3209 486 3253 vam
515 3191 830 3263 temperiem
843 3199 1093 3247 onustum
1124 3190 1392 3261 navigium
1409 3190 1458 3245 vi
1486 3191 1697 3261 publica
1726 3200 1952 3261 urgente

366 3284 588 3340 dimisit.
611 3283 781 3351 Illico,
804 3291 863 3338 ut
883 3282 1017 3339 mihi
1041 3282 1246 3350 retulit,
1271 3282 1326 3337 in
1340 3281 1590 3358 proximo
1603 3280 1742 3341 freto
1760 3291 1953 3341 exorta

369 3376 680 3438 tempestas,
706 3375 906 3422 temere
926 3366 994 3423 de
1015 3376 1171 3438 portu
1182 3368 1412 3423 solutam
1433 3368 1718 3424 multarum
1735 3368 1953 3425 navium

367 3458 611 3526 classem;
654 3474 685 3513 a
740 3458 982 3514 cursibus
1036 3458 1317 3513 destinatis
1365 3458 1601 3523 retorsit,
1635 3465 1689 3512 ct
1714 3457 1872 3527 fregit
1898 3458 1950 3512 in

369 3551 570 3607 littore.
615 3550 785 3622 Hujus
816 3566 1008 3606 navem
1036 3551 1087 3605 in
1143 3550 1375 3621 quodam
1416 3550 1536 3619 ejus
1580 3549 1764 3605 insula:
1808 3550 1953 3618 loco,

344 3654 528 3710 ‘quem
567 3640 634 3695 ad
677 3640 932 3696 Pulvinos
962 3649 1187 3706 vocant,
1219 3655 1287 3694 ne
1339 3640 1584 3695 similiter
1635 3639 1949 3706 Ellideretnr,

365 3730 615 3787 anchoris
632 3728 854 3786 fundare
869 3731 1049 3786 conati
1069 3737 1193 3785 sunt
1223 3746 1235 3782 :
1259 3730 1351 3785 sed
1375 3730 1567 3784 hiemis
1585 3728 1823 3797 ejusdem
1845 3731 1951 3785 vio.

365 3822 526 3878 lentia
583 3822 1020 3893 prmvalescente,
1078 3821 1448 3890 rumpentibus
1482 3820 1730 3888 vinculis,
1775 3829 1950 3875 nautae

363 3913 605 3969 exterriti
638 3911 949 3983 scapbulam
977 3915 996 3943 ²
1023 3911 1379 3977 demiserunt;
1414 3910 1497 3965 vel
1522 3919 1579 3965 ut
1607 3911 1727 3964 navi
1759 3909 1948 3965 fortius

361 4004 698 4061 continendae
727 4004 1000 4060 renovatis
1021 4011 1077 4060 et
1096 4004 1256 4059 altius
1281 3990 1532 4058 stabilitis
1560 4003 1811 4059 anchoris
1829 4004 1947 4059 sub-

361 4096 626 4161 venirent,
658 4096 824 4152 velut
849 4096 1075 4165 seipsos,
1108 4095 1153 4150 si
1184 4095 1426 4164 podbeat,
1459 4109 1489 4148 a
1519 4094 1830 4150 discrimine
1851 4109 1946 4148 na-

359 4185 440 4245 vis
462 4187 752 4258 eriperent.
783 4186 891 4243 Sed
938 4187 1058 4242 illos
1103 4187 1284 4241 statim
1326 4200 1447 4241 cum
1496 4185 1671 4254 fragili
1699 4183 1953 4255 perfugio

360 4278 576 4349 lembuli
598 4278 619 4310 ³
647 4279 729 4335 sui
757 4279 1046 4349 arripuisse
1076 4280 1129 4334 in
1158 4278 1409 4349 scopulos
1446 4278 1680 4347 procella
1725 4278 1938 4343 dicitur,

361 4378 416 4424 et
439 4368 733 4441 superfusis
761 4366 1010 4425 ﬂuctibus
1036 4369 1297 4425 obruisse.
1330 4367 1503 4423 Unum
1542 4383 1610 4423 ex
1657 4368 1805 4424 omni
1842 4384 1941 4422 nu-

2054 3203 2229 3268 neque
2275 3198 2327 3252 in
2383 3197 2602 3253 homine
2628 3198 2797 3253 veteri
2839 3206 3193 3269 permaneret.

2119 3290 2177 3344 3.
2218 3289 2348 3344 Mira
2370 3288 2498 3344 fides
2517 3296 2573 3345 et
2594 3289 2875 3345 inell'abilis
2894 3290 3066 3361 pietas
3080 3289 3292 3344 Domini
3310 3280 3626 3350 Salvatoris,

2053 3371 2143 3440 qui
2171 3385 2376 3433 senem,
2407 3369 2453 3425 si
2483 3369 2620 3423 forte
2652 3384 2843 3424 somno
2885 3371 3034 3440 piger
3057 3371 3254 3426 lentius
3301 3375 3366 3425 ad
3395 3386 3556 3441 geren
3595 3391 3625 3429 a

2052 3469 2420 3530 consurgeret,
2451 3469 2506 3515 et
2532 3460 2681 3516 molli
2704 3476 2864 3516 manu
2889 3472 3014 3518 ante
3041 3465 3394 3536 pmpalpans,
3418 3482 3485 3521 ne
3513 3476 3626 3522 tre—

2050 3553 2206 3623 pidus
2233 3551 2640 3624 expergefieret,
2674 3553 2937 3608 vellicata'
2964 3553 3160 3610 blande
3196 3558 3428 3612 auricula
3456 3561 3627 3615 susci-

2053 3646 2201 3709 tivit,
2227 3660 2347 3699 cum
2378 3645 2452 3717 (ὁ)
2495 3645 2686 3700 leviter
2719 3645 2967 3700 adnitens
2993 3661 3161 3701 senex
3188 3664 3217 3702 a
3248 3650 3419 3718 primo
3444 3651 3624 3721 Statim

2051 3746 2246 3791 conatu
2269 3752 2368 3792 suo
2394 3736 2638 3791 manibus
2660 3736 2913 3803 angelicis
2939 3752 3026 3791 res
3045 3737 3260 3793 etiectas
3281 3740 3502 3796 videret.
3525 3741 3623 3797 Vix

2049 3827 2329 3883 rudentem
2349 3827 2501 3897 quasi
2523 3827 2776 3882 ducturus
2797 3828 3065 3897 attigerat,
3083 3844 3202 3884 cum
3227 3832 3399 3886 velum
3423 3833 3625 3889 videret

2043 3918 2154 3989 jam
2184 3920 2520 3974 exsinuatum
2551 3920 2604 3973 in
2632 3927 2823 3975 contos
2847 3936 2973 3976 suos
3006 3940 3018 3974 :
3048 3934 3336 3994 supparum
3378 3925 3472 3995 (l’.
3506 3936 3620 3981 not.

2047 4010 2171 4082 200)
2202 4012 2397 4077 stabat,
2418 4012 2537 4066 vela
2566 4012 2716 4068 navis
2743 4009 2989 4067 faciebat.
3016 4012 3164 4082 Aqua
3194 4014 3340 4069 rimis
3369 4016 3519 4070 navis
3534 4032 3625 4070 ac-

2046 4110 2199 4172 cepta
2230 4115 2472 4170 mergere
2501 4108 2799 4155 tentaverat
2822 4119 2835 4155 :
2861 4110 2916 4156 et
2944 4111 3064 4172 post
3089 4119 3250 4158 unum
3279 4106 3365 4159 vel
3394 4105 3622 4160 alterum
3726 4125 3730 4129 ⁴

2045 4192 2224 4247 brevis
2251 4192 2567 4247 sentinaculi
2591 4193 2836 4247 haustum
2859 4193 3083 4249 humore
3106 4195 3198 4264 (ν.
3230 4204 3344 4250 not.
3375 4196 3502 4266 201)
3529 4199 3620 4252 de~

2045 4284 2264 4348 stricto,
2295 4283 2600 4360 siccamque
2646 4284 2767 4336 navi
2795 4283 2939 4353 quod
2974 4293 3170 4352 ageret
3212 4300 3319 4339 non
3370 4286 3620 4352 habebat,

2044 4385 2265 4445 stupens
2284 4375 2519 4429 laborem
2539 4374 2638 4430 sibi
2666 4375 2783 4431 sine
2810 4374 2992 4430 labore
3014 4377 3271 4445 praecerpi
3293 4376 3335 4443 ',
3360 4385 3413 4431 et
3440 4386 3622 4433 actum
3678 4379 3690 4389 °

361 4475 512 4539 mero
559 4470 842 4516 nautarum
887 4476 1070 4517 senem
1118 4462 1437 4519 sentinando
1486 4460 1817 4531 deputatum.
1860 4462 1943 4516 vel
1972 4463 2022 4523 D
2045 4466 2208 4538 279
2234 4479 2387 4520 suum
2419 4464 2626 4519 occulta
2656 4479 2818 4518 manu
2840 4465 3116 4534 prmveniri
3142 4483 3155 4518 :
3184 4467 3227 4521 si
3254 4466 3390 4521 bene
3412 4468 3620 4523 occulta

354 4562 509 4610 metu
535 4554 898 4622 immemores,
926 4553 1008 4609 vel
1035 4561 1094 4607 ut
1138 4554 1299 4609 vilem
1329 4552 1562 4609 animam
1591 4559 1940 4607 contemnen-

361 4654 463 4708 tes.
487 4646 813 4715 relinquunt.
865 4644 1071 4700 Interea
1102 4644 1357 4701 destituta
1384 4643 1562 4699 nautis
1590 4650 1647 4699 et
1691 4640 1943 4698 anchoris

359 4735 512 4791 navis
536 4733 775 4790 aufertur
812 4735 865 4788 in
896 4734 1137 4805 pelagus.
1441 4787 1444 4790 .

426 4827 481 4881 2.
522 4825 699 4883 Senex
728 4826 840 4896 ille,
862 4826 953 4897 qui
978 4827 1248 4882 nescierat
1284 4841 1342 4881 se
1371 4826 1636 4894 relictum,
1667 4832 1726 4878 ut
1744 4823 1938 4893 jactari

359 4919 606 4989 volvique
632 4917 818 4986 sensit,
849 4918 916 4973 ab
939 4917 1129 4976 intimo
1149 4917 1302 4973 navis
1315 4919 1476 4989 278
1499 4917 1741 4984 emergit,
1760 4904 1933 4969 vacua

359 5015 556 5081 omnia,
583 5027 732 5070 mare
760 5014 1018 5084 undique,
1045 5020 1102 5068 et
1121 5013 1352 5084 undique
1378 5014 1571 5069 catlnm
1602 5013 1743 5068 videt
1772 5025 1932 5067 :cum

358 5111 413 5159 et
461 5113 661 5161 metum
687 5114 743 5160 et
767 5104 1065 5175 periculum
1091 5103 1290 5161 misero
1335 5103 1572 5159 solitudo
1615 5102 1929 5168 cumularet,

355 5209 454 5251 sex
499 5196 614 5253 dies
661 5204 715 5251 et
741 5203 929 5253 noctes
949 5195 1166 5265 jejunus
1194 5196 1490 5269 condiditj‘.
1525 5195 1758 5253 Fuerunt
1785 5199 1929 5256 enim

356 5288 433 5345 illi
477 5288 722 5360 lacrme
756 5305 916 5360 panes
955 5288 1039 5344 die
1083 5305 1145 5343 ac
1170 5297 1322 5343 nocte
1363 5286 1431 5342 τις
1465 5297 1577 5344 tum
1618 5287 1791 5359 ipsum
1818 5289 1930 5360 jam

2044 4557 2258 4617 dicitur,
2310 4569 2428 4625 qua:
2459 4562 2565 4608 tam
2609 4556 2951 4625 perspicuum
2995 4555 3285 4625 praestabat
3337 4557 3617 4612 auxilium.

2042 4644 2149 4701 Sed
2177 4660 2277 4700 nec
2314 4645 2415 4716 ipsi
2460 4654 2776 4714 operatores
2819 4644 3150 4715 simplicibus
3198 4645 3618 4701 innocentissimi

2041 4739 2185 4793 senis
2209 4730 2377 4793 oculis
2400 4735 2881 4792 subtrahebantur:
2905 4750 3030 4789 nam
3050 4751 3193 4806 saepe
3207 4737 3333 4790 vidit
3361 4744 3617 4803 armatos,

2042 4828 2290 4884 videlicet
2315 4827 2383 4882 de
2404 4826 2642 4880 exercitu
2672 4826 2813 4892 caeli,
2864 4826 3059 4881 milites
3085 4827 3352 4881 excubare
3378 4828 3614 4897 navigio,
3664 4814 3673 4822 ’

2038 4929 2094 4976 et
2121 4927 2311 4975 cuncta
2339 4916 2537 4971 nautici
2565 4915 2800 4970 muneris
2818 4915 3207 4971 administrare.
3240 4916 3347 4971 Nec
3372 4932 3503 4971 sane
3520 4932 3620 4971 na-

2038 5025 2161 5066 vem
2190 5008 2333 5063 illam
2356 5007 2456 5061 nisi
2477 5006 2650 5074 angeli
2672 5013 2847 5060 nautae
2866 5006 3148 5073 decebant,
3171 5006 3256 5062 cui
3282 5006 3621 5075 gubernacu-

2040 5103 2148 5158 lum
2169 5109 2286 5158 erat
2306 5099 2489 5154 mundi
2517 5098 2861 5168 gubernator.
2883 5096 3002 5168 ipse
3021 5098 3163 5153 enim
3192 5098 3446 5154 Dominus
3475 5112 3619 5178 nunc

2041 5209 2140 5251 suo
2167 5192 2316 5247 vultu
2342 5202 2617 5250 coruscus,
2642 5195 2701 5242 ut
2724 5186 2776 5241 in
2799 5186 3118 5259 Apocalypsi
3151 5197 3172 5225 °
3194 5187 3533 5250 describitur,
3559 5195 3618 5241 et

2040 5300 2196 5344 coma
2216 5282 2478 5353 fulgidus;
2509 5294 2650 5336 nunc
2669 5280 2990 5339 confessoris
3009 5288 3065 5336 et
3090 5280 3248 5336 amici
3269 5279 3349 5336 sui
3370 5318 3386 5346 ,
3412 5278 3613 5335 domini

426 5409 454 5438 ι
493 5399 629 5456 Τοι).
686 5416 777 5457 xu.
828 5399 881 5454 7.
955 5395 985 5438 ιι
1021 5394 1221 5454 Joban.
1250 5415 1301 5466 ν,
1340 5400 1424 5456 l7.
1505 5410 1528 5438 ε
1560 5397 1744 5456 Actor.
1795 5418 1846 5465 ι.
1883 5401 1935 5456 5.

2079 5397 2221 5454 Psal.
2261 5394 2445 5459 ιιινιι.
2525 5402 2549 5431 ο
2588 5393 2756 5463 Apoc.
2786 5408 2825 5457 ι,
2852 5390 2938 5446 14.

425 5493 442 5514 ⁸
480 5490 626 5547 Alias
650 5490 742 5557 36,
769 5505 889 5562 qua:
916 5499 1096 5547 autem
1121 5490 1190 5546 l9
1218 5498 1354 5557 erat,
1401 5504 1544 5544 nunc
1587 5488 1832 5559 Append.
1866 5490 1916 5544 l.
1957 5487 2166 5561 Scripta
2187 5503 2327 5543 anno
2365 5484 2485 5552 409,
2510 5492 2601 5540 aut
2627 5491 2768 5554 post.

424 5583 503 5654 (ᾳ)
540 5581 632 5638 Sic
646 5583 819 5654 editio
845 5582 998 5639 Grin.
1027 5583 1098 5654 At
1124 5598 1224 5654 ms.
1250 5581 1416 5654 _Reg.
1448 5580 1661 5654 Pqulini
1688 5578 1933 5654 Epistola

354 5648 763 5717 ad'Macarinm,
797 5661 852 5709 et
884 5654 1013 5713 edit.
1055 5651 1211 5719 Bad.,
1240 5650 1401 5706 Grav.
1432 5657 1488 5705 et
1513 5648 1701 5705 Schot.
1727 5648 1936 5719 addunt

356 5726 531 5779 {naua
552 5722 615 5777 de
641 5716 778 5776 senis
806 5726 1083 5794 naufragio
1106 5716 1357 5794 stupenda
1382 5728 1566 5779 narrat
1588 5716 1861 5776 miracula.

1288 5960 1317 5979 ι.

2110 5580 2183 5662 te)
2206 5577 2284 5662 ita
2306 5576 2593 5662 ms.co_dex
2619 5573 2816 5645 Regius
2842 5587 2965 5629 cum
2993 5570 3151 5629 editis
3168 5569 3319 5628 Grin.
3341 5577 3397 5627 et
3420 5566 3607 5626 Schot.

2039 5647 2182 5706 Editi
2211 5657 2340 5722 tres,
2366 5648 2568 5704 leniter.
2676 5710 2683 5715 ,
3590 5666 3597 5673 -
