4008 6346
295 358 396 416 401

1666 349 1996 411 EPISTOLA
2035 346 2216 409 XLIX.

3464 354 3572 410 £03

290 469 422 534 luci,
449 467 755 524 communis
773 467 987 538 patroni
1007 465 1102 537 (V.
1128 472 1240 520 not.
1270 464 1355 534 l6)
1377 462 1566 520 Felicis
1594 478 1689 519 ore
1717 478 1880 520 vene-
1906 469 1955 526 A
1979 470 2031 517 et
2057 478 2252 535 pauper
2293 478 2525 535 sunrego
2556 474 2603 529 ρ,
2633 472 2689 519 et
2734 465 2901 536 {actus
2953 478 3066 518 sum
3105 463 3290 519 similis
3337 466 3575 536 pelicatus

291 559 479 615 rabilis
506 559 562 614 in
589 559 750 629 puppi
773 557 1017 621 sedebat,
1044 557 1181 613 sicut
1211 556 1427 612 nautico
1449 570 1549 611 usu
1576 554 1792 619 dicitur,
1818 554 1887 610 ad

291 660 564 717 mones,
592 650 681 705 vel
709 650 892 721 potius
911 664 1035 718 pro.
1060 646 1364 705 temonibus
1392 648 1434 712 ⁸,
1463 660 1602 715 quos
1638 660 1760 702 cum
1791 661 1891 699 an-

290 741 478 797 choris
504 740 709 811 pariter
738 748 796 795 et
827 739 1009 795 nautis
1035 738 1089 793 in
1118 737 1209 793 illo
1237 735 1497 806 naufrago
1517 737 1700 792 littore
1741 736 1892 793 navis

291 832 553 887 amiserat
584 849 598 885 :
631 830 820 887 infelix
846 829 1097 893 feliciter,
1148 837 1209 885 ut
1240 843 1341 899 pro
1391 827 1603 884 amissis
1642 818 1922 882 omnibus‘

291 924 425 979 viris
448 932 508 979 et
529 924 695 979 armis
721 923 855 987 suis,
886 934 978 976 aut
1006 920 1219 977 Domini
1244 928 1555 992 martyrem,
1586 928 1690 980 aut,
1709 919 1891 975 Domi-

292 1027 425 1067 num
474 1011 730 1083 martyris
775 1010 1068 1066 obtineret.
1101 1008 1295 1065 Narrat
1344 1009 1542 1078 gaudio
1591 1008 1894 1079 lacrymans

291 1116 467 1156 senex
492 1117 553 1158 se
576 1100 647 1155 ad
676 1101 846 1172 ipsius
867 1099 1032 1171 pedes
1059 1115 1200 1156 nunc
1229 1099 1460 1165 Domini,
1485 1115 1626 1155 nunc
1645 1098 1896 1169 martyris

293 1192 672 1259 gubernantis,
695 1192 797 1246 sibi
824 1192 1042 1247 solitum
1073 1191 1375 1262 procubare
1401 1195 1444 1259 ’,
1468 1190 1631 1246 etiam
1662 1188 1893 1244 familia-

295 1283 412 1337 rius
460 1284 580 1352 ipso
624 1282 945 1349 allectante,
995 1282 1047 1336 in
1093 1282 1320 1351 genibus
1346 1296 1561 1350 quoque
1602 1297 1664 1337 ac
1692 1281 1897 1336 sinibus

295 1373 471 1427 sacris
493 1373 733 1439 beatum,
751 1380 805 1428 et
834 1372 1103 1427 aﬂlatibus
1122 1372 1317 1427 divinis
1335 1372 1562 1428 odorum
1590 1374 1631 1404 "
1651 1371 1895 1428 reclinati

299 1462 503 1532 capitis
530 1462 780 1531 pulvinar
806 1462 1078 1518 habuisse.

375 1551 429 1604 ι.
472 1551 786 1606 Dubitemus
815 1567 957 1607 nunc
1003 1553 1430 1621 patriarcharum
1457 1552 1607 1607 sinus
1652 1552 1898 1611 lldelibus

299 1643 355 1696 in
385 1641 604 1697 Christo
625 1643 797 1698 servis
823 1651 1031 1712 patere,
1061 1658 1183 1698 cum
1228 1643 1492 1698 immensa
1540 1643 1657 1713 ejus
1684 1645 1896 1701 bonitas

300 1735 468 1789 etiam
501 1736 952 1790 cateclmmenum
984 1743 1111 1790 tunc
1142 1736 1302 1790 istum
1332 1736 1416 1791 vel
1444 1752 1561 1802 suo,
1609 1738 1693 1793 vel
1720 1739 1896 1795 sancti

1992 554 2303 621 solitudinis,
2325 557 2456 611 sicut
2476 558 2778 629 nyeticorax
2804 557 2901 629 (γ.
2919 565 3033 612 not.
3058 555 3186 625 205)
3212 559 3267 611 in
3289 554 3572 619 domicilio.

1993 652 2048 701 et
2068 646 2142 700 ita
2169 646 2223 700 in
2247 646 2368 701 navi
2398 661 2519 702 mea
2540 647 2673 701 sicut
2708 663 2892 719 passer
2918 648 3100 702 unicus
3128 664 3282 718 super
3312 656 3495 701 tectum
3523 658 3573 703 ιι.

1992 736 2199 791 Audiuit
2222 734 2489 803 Dominus,
2517 746 2566 792 et
2590 738 2830 793 misertus
2853 747 2930 793 est
2957 738 3090 810 ejus,
3120 747 3176 794 et
3189 738 3336 793 misit
3356 738 3577 808 angelos

1995 830 2047 883 in
2074 829 2299 885 circuitu
2347 828 2482 899 ejus,
2513 838 2563 885 et
2591 832 2761 901 factus
2790 840 2867 885 est
2900 831 2955 884 in
2984 820 3202 885 salutem
3244 830 3287 862 "
3317 840 3361 884 ι’.
3398 828 3572 900 ιηιρεο

1996 921 2123 974 tavit
2153 920 2412 991 procellaz,
2434 928 2484 974 et
2509 922 2650 975 stetit
2678 921 2731 974 in
2762 937 2944 974 auram
2968 928 3014 975 ³.
3047 919 3312 991 Increpuit
3338 936 3500 984 mare,
3526 928 3576 972 et

1995 1011 2245 1066 siluerunt
2264 1011 2449 1080 [luctus
2469 1011 2600 1081 ejus,
2625 1019 2680 1067 et
2697 1010 2911 1065 deduxit
2936 1027 3051 1065 eum
3074 1013 3130 1065 in
3151 1014 3297 1082 aquis
3324 1009 3496 1065 multis
3526 1012 3573 1073 '.

1995 1104 2243 1158 videntem
2271 1121 2427 1176 opera
2453 1102 2725 1158 Dominiet
2750 1104 3008 1157 mirabilia
3022 1105 3136 1176 ejus
3164 1105 3219 1157 in
3246 1100 3568 1174 profundo".

2016 1192 2215 1248 Cibaeit
2234 1211 2349 1249 eum
2378 1194 2531 1266 adipe
2575 1195 2842 1267 frumenti,
2893 1204 2949 1250 et
2975 1182 3314 1263 colloquente
3335 1191 3570 1255 Christo.

1996 1287 2147 1355 quasi
2177 1288 2240 1340 de
2262 1297 2428 1354 petra,
2459 1287 2610 1341 melle
2627 1294 2894 1341 saturatas
2921 1295 2998 1340 est
3036 1296 3082 1341 ν.
3109 1285 3368 1355 Respexit
3397 1285 3573 1338 humi-

1998 1377 2123 1444 lem,
2162 1379 2254 1446 qui
2281 1377 2461 1432 beavit
2505 1393 2768 1448 pauperes
2801 1376 2990 1447 spiritu
3022 1385 3067 1430 ι.
3115 1375 3353 1430 Flentem
3384 1373 3587 1428 all‘atus-

1999 1474 2100 1533 est,
2130 1468 2222 1536 qui
2244 1468 2489 1537 promisit
2530 1467 2833 1536 Ingentibus
2880 1467 3329 1523 consolationem.
3372 1464 3576 1533 Et.an

1998 1558 2357 1613 esurientibus
2396 1556 2774 1613 et'sitientihus
2797 1557 3060 1626 justitiam
3103 1558 3440 1612 saturitatem
3460 1555 3572 1620 dat,

1998 1647 2112 1717 ipse
2140 1646 2283 1701 hunc
2307 1643 2666 1709 deiicientem,
2699 1647 2788 1715 qui
2817 1647 2989 1717 panis,
3020 1654 3075 1701 ct
3098 1647 3328 1715 justitia,
3376 1655 3432 1700 et
3456 1647 3577 1701 fons

1998 1736 2119 1791 vitae
2148 1745 2247 1802 est,
2278 1736 2345 1791 de
2372 1751 2432 1792 se
2453 1736 2565 1806 ipse
2591 1736 2819 1806 irrigans
2840 1737 3012 1807 pavit;
3040 1750 3140 1790 nec
3162 1736 3265 1788 alia
3284 1735 3441 1789 istum
3464 1734 3578 1804 pie«

300 1826 408 1891 sui,
438 1825 635 1881 foverit
674 1826 900 1895 gremio.
926 1825 1061 1881 Nam
1088 1835 1147 1881 ct
1190 1827 1242 1881 in
1284 1836 1473 1884 sancto
1500 1843 1600 1884 suo
1628 1830 1741 1900 ipse
1767 1829 1899 1886 ade-
1930 1834 1973 1895 Β
2003 1834 2133 1893 tate,
2161 1842 2323 1898 quam
2349 1842 2563 1882 omnem
2599 1827 2872 1882 hominem
2905 1828 2956 1883 in
2988 1828 3146 1892 hujus
3175 1826 3358 1880 mundi
3390 1826 3578 1897 pelago

303 1928 411 1987 rat,
434 1910 541 1990 qui
570 1921 723 1987 dixit,
776 1931 836 1975 ut
872 1921 1044 1988 nosti,
1074 1921 1143 1976 ad
1174 1920 1387 1977 Patrem
1422 1941 1435 1976 :
1467 1922 1582 1995 Ego
1609 1924 1898 1979 claritatem

304 2028 463 2084 quant
492 2011 681 2067 dedisti
701 2012 848 2078 mihi,
880 2011 999 2067 dedi
1017 2012 1115 2076 eis,
1143 2022 1200 2066 ut
1224 2029 1381 2067 unum
1405 2015 1529 2082 sint,
1558 2014 1711 2069 sicuti
1736 2023 1784 2068 et
1804 2031 1899 2069 nos

303 2120 465 2159 unum
488 2121 669 2159 sumus
714 2105 777 2160 ".
807 2104 920 2176 Ego
949 2106 1001 2159 in
1031 2106 1126 2168 eis,
1178 2116 1228 2160 et
1258 2115 1309 2159 tu
1338 2109 1391 2160 in
1421 2123 1501 2161 me
1530 2114 1576 2161 ⁸.
1610 2105 1678 2161 Et
1706 2107 1898 2162 iterum

304 2194 375 2250 ad
420 2195 718 2264 apostolos,
752 2194 805 2249 in
833 2195 1027 2265 quibus
1056 2195 1308 2252 universo
1335 2196 1549 2267 corpori
1588 2212 1687 2253 suo
1715 2196 1849 2252 dixit
1882 2215 1894 2250 :

305 2283 446 2340 Ecce
469 2303 563 2358 ego
591 2285 846 2341 vobiscum
867 2303 981 2342 sum
1024 2286 1260 2343 omnibus
1292 2286 1468 2344 diebus
1496 2305 1653 2360 usque
1677 2288 1748 2343 ad
1774 2305 1900 2344 con-

304 2380 702 2432 summationent
729 2378 888 2433 seculi
930 2378 978 2433 δ.
1007 2378 1161 2445 Quod
1188 2379 1430 2449 quotidie
1469 2381 1625 2437 nobis
1657 2381 1710 2435 in
1738 2395 1899 2437 manu

306 2469 405 2539 (γ.
431 2478 547 2525 not.
577 2469 705 2541 202)
734 2479 790 2526 et
816 2472 1187 2542 apostolorum
1235 2488 1456 2529 suorum
1496 2482 1553 2529 et
1579 2482 1896 2546 martyrum,

305 2573 570 2631 operante
613 2565 917 2634 conspicuis
960 2565 1250 2621 virtutibus
1291 2566 1554 2635 potentia,
1582 2567 1795 2638 probat,
1841 2576 1900 2622 ut

284 2655 593 2721 ,credamus
618 2639 924 2726 Dcifilium
953 2664 1008 2710 et
1036 2656 1322 2711 Dominum
1350 2665 1593 2713 nostrum
1618 2655 1802 2713 Jesum
1828 2673 1898 2713 ex

307 2745 708 2801 resurrectione
766 2753 1102 2801 mortuorum
1156 2754 1474 2815 regnantem
1522 2747 1577 2803 in
1636 2745 1787 2804 cmlis
1832 2747 1901 2803 ad

309 2832 595 2888 dexteram
621 2832 793 2890 Patris
824 2845 869 2900 ε,
892 2836 1119 2890 virorum
1148 2851 1268 2893 esse
1294 2835 1596 2905 Dominum,
1624 2854 1726 2892 non
1756 2854 1897 2892 mor-

320 2932 528 2977 tuorum
553 2922 603 2977 ἀ.
631 2923 769 2995 Ergo
806 2942 925 2981 cum
955 2934 1012 2981 et
1037 2927 1211 2983 sancti
1254 2928 1337 2983 sui
1363 2926 1690 2983 confessoris
1724 2928 1900 2997 enigie

312 3030 506 3069 senem
536 3023 749 3069 nautam
790 3015 1019 3083 fovebat,
1049 3018 1162 3087 ipse
1186 3018 1377 3074 aderat
1404 3018 1456 3074 in
1484 3028 1673 3074 sancto
1701 3034 1819 3086 suo,
1844 3026 1902 3075 et

268 3170 277 3175 ι
308 3102 518 3160 fessum
546 3113 708 3174 atque
745 3105 1046 3176 depositum
1074 3106 1289 3169 blandis
1313 3108 1585 3165 mulcebat
1612 3109 1895 3180 alloquiis;

2004 1918 2365 1987 volutantem,
2395 1918 2576 1973 dedita
2626 1916 2767 1974 Patri
2801 1933 2968 1987 usque
3015 1917 3081 1972 ad
3121 1919 3297 1973 crucis
3348 1925 3577 1971 mortem

2003 2008 2203 2080 pietate
2226 2008 2509 2065 miseratus
2536 2016 2651 2075 est;
2677 2009 2802 2078 quia
2822 2009 3069 2064 videlicet
3092 2025 3229 2063 unus
3266 2010 3428 2063 homo
3456 2009 3581 2063 nni-

2002 2100 2273 2158 versitatis
2308 2100 2509 2171 portio,
2539 2109 2594 2156 et
2616 2100 2934 2156 universitas
2962 2100 3119 2156 unius
3148 2097 3317 2155 forma
3347 2098 3577 2154 hominis

2001 2198 2055 2246 ει
2077 2205 2238 2247 causa
2260 2201 2365 2247 est.

2069 2281 2123 2336 6.
2164 2280 2404 2352 Denique
2447 2298 2553 2338 non
2582 2284 2753 2340 solum
2783 2299 2973 2340 navem
2999 2286 3061 2348 ",
3097 2285 3191 2341 sed
3241 2284 3413 2355 ipsum
3438 2298 3579 2353 quo-

2000 2388 2126 2443 que,
2147 2373 2301 2442 cujus
2319 2389 2479 2429 causa
2501 2390 2689 2429 navem
2712 2376 2977 2440 tuebatur,
3000 2389 3210 2445 regens,
3242 2383 3296 2430 et
3317 2376 3368 2429 in
3394 2389 3461 2429 eo
3477 2375 3579 2430 dis-

2000 2472 2147 2535 creta
2172 2465 2338 2535 (idest
2362 2465 2601 2538 diversaf;
2632 2466 2839 2536 vid.cp.
2874 2464 2961 2529 50,
2989 2482 3041 2520 ιι.
3072 2466 3159 2536 13)
3190 2466 3366 2520 carnis
3385 2471 3440 2519 et
3464 2464 3576 2535 spi-

2000 2557 2136 2611 ritus
2163 2556 2335 2613 oﬂlcia
2364 2557 2703 2629 dispensans,
2745 2565 2908 2613 noctu
2938 2572 3186 2613 securum
3214 2556 3578 2626 requiescere,

1999 2649 2089 2706 die
2113 2649 2337 2719 vigilare
2356 2650 2647 2706 sollicitum
2671 2651 2913 2722 jubebat,
2944 2666 3003 2707 se
3032 2667 3128 2722 pro
3173 2650 3475 2707 dormiente
3499 2652 3578 2704 vi-

1999 2742 2306 2811 gilaturum,
2320 2751 2376 2797 et
2396 2742 2638 2813 vigilanti
2659 2751 3072 2813 cooperatnrnm
3090 2757 3211 2799 esse
3238 2742 3581 2812 promittens.

2002 2831 2206 2904 Nempe
2236 2833 2382 2888 illum
2413 2835 2466 2888 in
2496 2835 2561 2890 iis
2579 2835 2757 2890 verbis
2799 2834 3008 2890 Domini
3039 2847 3395 2904 recognosces
3420 2832 3580 2890 affec-

2003 2933 2136 2993 tum,
2166 2940 2276 2995 quo
2304 2941 2522 2998 semper
2550 2926 2621 2981 ita
2649 2942 2796 2997 spem
2825 2934 3064 2982 nostram
3108 2926 3273 2991 fovet,
3298 2932 3358 2980 ut
3376 2923 3581 2980 sollici-

2002 3012 2240 3069 tudinem
2284 3031 2391 3071 non
2439 3015 2679 3071 relaxet:
2711 3016 2784 3070 ita
2812 3014 3033 3070 intlrma‘.
3070 3015 3218 3071 carni
3243 3014 3492 3079 consulit,
3522 3023 3581 3070 ut

2002 3111 2222 3183 spiritus
2250 3119 2530 3182 promptus
2552 3126 2672 3167 esse
2707 3126 2817 3166 non
2845 3110 3073 3166 desinat.
3107 3108 3176 3163 Et
3204 3109 3325 3165 ideo
3344 3108 3423 3165 sic
3449 3107 3581 3164 dor-

305 3210 413 3251 nec
460 3196 631 3264 magis
657 3197 780 3253 cibo
805 3212 968 3268 quam
1016 3199 1182 3253 verbo
1203 3197 1495 3264 reﬁciebat,
1524 3200 1648 3271 quia
1680 3201 1793 3272 ipse
1816 3208 1898 3258 est
1926 3213 1971 3277 ο
2001 3205 2136 3260 mire
2160 3204 2405 3275 permisit
2422 3204 2535 3259 seni
2559 3203 2721 3267 fesso,
2747 3213 2804 3259 ut
2828 3218 2896 3260 ne
2914 3203 3029 3259 seni
3050 3202 3269 3274 quidem
3286 3208 3343 3258 et
3362 3199 3582 3271 fatigate

252 3324 263 3335 ρ
301 3304 468 3343 verus
493 3290 663 3359 panis,
687 3292 773 3360 qui
816 3290 879 3345 de
906 3291 1033 3345 caelo
1058 3291 1321 3346 descendit
1354 3301 1377 3328 ⁸
1402 3292 1525 3346 dare
1553 3308 1722 3347 escam
1751 3293 1897 3348 omni

300 3380 457 3433 carui
490 3378 534 3433 τ.
569 3379 623 3434 In
652 3380 797 3436 omni
826 3372 973 3436 enim
1014 3380 1234 3436 homine
1271 3397 1408 3453 opus
1434 3396 1588 3437 suum
1617 3381 1806 3451 diligit,
1839 3393 1896 3437 et

300 3484 540 3536 omnem,
565 3479 827 3539 quantum
871 3470 925 3525 in
955 3469 1073 3540 ipso
1095 3478 1197 3534 est,
1247 3470 1509 3525 [continent
1555 3470 1754 3526 saluum
1778 3472 1895 3541 ﬁeri

302 3561 409 3615 ruit
432 3571 454 3608 δ
477 3580 489 3614 :
514 3564 639 3631 quia
661 3570 878 3617 mortem
904 3579 1006 3617 non
1032 3564 1152 3633 fecit
1176 3563 1300 3617 vitae
1327 3561 1485 3619 dator
1504 3573 1560 3618 et
1587 3563 1695 3617 vita
1716 3571 1891 3628 totus;

299 3672 395 3709 nec
432 3656 636 3710 laetatur
662 3657 714 3710 in
737 3657 1023 3728 perditione
1050 3657 1277 3711 uiuorum
1297 3654 1353 3723 ll;
1376 3655 1468 3725 qui
1501 3656 1704 3712 mavult
1732 3656 1905 3713 mise—.

298 3747 586 3802 ricordiam
605 3763 766 3817 quam
787 3747 1109 3804 sacriﬁcium
1139 3746 1181 3816 ί,
1208 3763 1307 3805 nec
1326 3763 1586 3818 personas
1612 3748 1812 3818 accipit
1843 3750 1861 3800 Ι
1876 3766 1889 3815 ;

299 3837 393 3904 qui
420 3836 551 3894 fecit
576 3854 789 3907 omnes,
840 3838 936 3895 sed
963 3855 1064 3910 pro
1090 3840 1296 3895 meritis
1324 3839 1559 3911 jutllcat;
1590 3842 1712 3912 quia
1750 3840 1889 3896 Deus

304 3911 462 4001 iudex
484 3941 583 3986 est.

373 4020 424 4075 5.
466 4020 711 4094 Denique
750 4042 859 4080 non
912 4026 988 4081 illi
1017 4026 1105 4081 hic
1131 4026 1199 4082 de
1247 4021 1556 4083 calamitate
1601 4025 1905 4096 naufragii,

297 4133 478 4187 neque
498 4116 567 4173 de
593 4119 746 4174 senio
766 4129 823 4175 et
865 4128 1108 4188 egestate
1145 4120 1307 4174 nauta
1340 4120 1500 4175 vilior
1545 4120 1709 4191 230
1750 4119 1888 4186 l'uit;

296 4204 395 4261 sed
448 4209 512 4263 iis
553 4210 805 4265 omnibus
845 4212 910 4278 ",
937 4210 1132 4281 quibus
1159 4227 1282 4267 eum
1311 4219 1367 4267 et
1393 4210 1527 4267 socii
1553 4219 1887 4281 spreverant,

292 4298 570 4354 Christum
600 4300 789 4365 movit,
821 4310 879 4356 et
919 4302 1123 4357 viscera
1166 4301 1348 4357 divina
1394 4301 1687 4357 concussit.
1739 4299 1890 4355 Oculi

291 4392 440 4445 enim
466 4392 578 4462 ejus
601 4407 816 4463 semper
843 4394 896 4448 in
922 4411 1198 4465 pauperem
1226 4394 1522 4463 respiciunt.
1556 4389 1805 4448 Profecto
1834 4400 1907 4447 et.

290 4486 393 4539 iste
420 4502 616 4557 pauper
634 4487 894 4551 clamauit,
924 4496 973 4540 et
994 4485 1247 4542 Dominus
1269 4486 1530 4540 exaudivit
1569 4501 1684 4539 eum
1712 4482 1761 4539 ⁸⁸.
1788 4483 1888 4539 (Ξυί

1998 3297 2116 3353 sine
2168 3296 2418 3365 vigilandi
2468 3297 2686 3365 negotio
2732 3296 3075 3353 securitatem
3125 3296 3453 3360 remitteret;
3512 3308 3581 3347 na

1995 3387 2201 3443 scilicet
2249 3386 2615 3442 rcsolveretur
2642 3387 2693 3440 in
2721 3402 2941 3442 somnos
2981 3388 3200 3451 itmrtes,
3235 3394 3291 3441 et
3318 3384 3580 3454 inciperet

1996 3496 2101 3536 non
2131 3481 2306 3536 solum
2330 3493 2576 3550 corpore,
2601 3478 2695 3534 scd
2724 3489 2778 3533 et
2806 3485 2984 3533 mente
3002 3477 3258 3533 dormire.
3284 3474 3439 3543 Quod
3467 3489 3580 3530 me-

1996 3582 2152 3628 tuens
2203 3569 2423 3641 quidam
2463 3578 2682 3626 sanctus
2736 3570 2805 3623 ait
2843 3588 2854 3623 :
2890 3568 3142 3623 lllumina
3194 3567 3370 3622 oculos
3414 3581 3578 3630 meos,

1994 3660 2232 3725 Domine,
2258 3677 2323 3715 ne
2343 3676 2586 3731 umquam
2622 3659 2941 3714 obdormiam
2972 3659 3050 3730 (ai
3076 3660 3130 3713 in
3160 3666 3376 3713 mortem
3405 3666 3454 3710 Υ.
3480 3655 3578 3711 Vi-

1994 3751 2116 3807 cina
2142 3752 2285 3807 enim
2327 3750 2488 3805 morti
2516 3749 2664 3807 labes
2697 3757 2781 3804 est
2802 3757 2987 3819 torpor
3013 3748 3333 3804 animorum.
3359 3745 3426 3801 Et
3452 3753 3581 3801 tunc

1993 3844 2126 3897 dicet
2146 3842 2385 3897 inimicus
2414 3858 2432 3895 :
2464 3834 2724 3897 Prwualui
2741 3840 2988 3895 adversus
3010 3856 3125 3893 eum
3162 3838 3267 3903 ’,εἰ
3297 3844 3352 3893 et
3380 3837 3580 3892 mentis

1992 3934 2182 3989 oculos
2199 3946 2422 3987 somnus
2433 3931 2783 4001 oppresserit.
2796 3929 3246 3998 Recognoscimus
3259 3941 3388 3996 ergo
3403 3927 3579 3997 ipsum

1993 4022 2107 4078 seni
2137 4021 2391 4085 adluisse,
2441 4020 2532 4088 qui
2580 4020 2716 4073 dixit
2764 4017 3177 4073 dormitantibus
3225 4017 3368 4071 suis:
3411 4016 3575 4088 281

2003 4110 2242 4183 Vigilate,
2274 4119 2325 4163 et
2369 4118 2535 4174 orate,
2560 4118 2615 4161 ut
2660 4123 2764 4161 non
2788 4108 3003 4161 veniatis
3030 4107 3085 4159 in
3124 4105 3463 4159 tentationem
3492 4113 3573 4169 υς

1993 4202 2247 4258 etiterum
2274 4199 2612 4267 vigilantibus
2640 4198 2737 4263 ait,
2748 4197 2860 4267 jam
2884 4197 3088 4253 scilicet
3115 4196 3472 4252 excitaturum
3493 4196 3575 4250 vi-

1991 4308 2120 4363 gore
2148 4307 2369 4348 securus
2397 4307 2411 4345 :
2444 4289 2679 4345 Dormite
2716 4291 2848 4361 jam,
2880 4300 2930 4345 et
2965 4291 3265 4362 requiescite
3307 4288 3388 4343 Μ’.
3418 4287 3576 4356 Quod

1990 4384 2337 4456 quidem-non
2360 4383 2531 4453 magis
2554 4382 2623 4438 de
2647 4396 2912 4453 corporeo
2939 4397 3131 4437 somno
3172 4397 3332 4453 quam
3367 4383 3436 4438 de
3454 4382 3575 4439 ﬁdei

1992 4477 2451 4533 lirmitatedictum
2471 4477 2597 4534 alibi
2611 4476 2790 4541 docet,
2811 4476 3023 4533 dicens:
3057 4475 3366 4531 Constantes
3394 4485 3573 4541 estote,

290 4578 523 4632 forsitan
555 4577 625 4633 ad
651 4577 982 4648 precandum
1009 4579 1172 4633 etiam
1204 4594 1364 4634 voces
1404 4577 1746 4647 propheticas
1782 4574 1889 4629 Do—-
1914 4580 1966 4639 ι)
1988 4572 2109 4642 quia
2131 4585 2225 4641 ego
2252 4570 2346 4623 vici
2368 4567 2611 4622 mundum
2645 4577 2722 4622 η.
2750 4567 2887 4623 Vera
2916 4567 3061 4622 enim
3091 4566 3323 4622 hominis
3347 4566 3464 4623 lucc
3489 4582 3576 4621 re-

288 4668 475 4723 ininus
497 4679 552 4725 et
569 4669 683 4739 ipsa
697 4670 919 4739 periculi
934 4686 1097 4725 causa
1118 4668 1420 4733 dictaverit,
1446 4678 1504 4722 ut
1522 4667 1785 4722 clamaret
1801 4665 1844 4697 "
1868 4683 1880 4717 :

288 4759 513 4813 Salsum
552 4762 635 4814 me
671 4762 755 4831 [ac
778 4802 793 4827 ,
840 4759 978 4814 Deus
1011 4804 1026 4826 ,
1074 4761 1318 4832 quoniam
1359 4761 1683 4813 intraverunt
1737 4771 1883 4829 aqua:

285 4868 455 4922 usque
477 4853 550 4906 ad
575 4857 806 4909 animum
833 4872 1020 4910 meam.
1053 4855 1177 4910 Veni
1207 4857 1261 4909 in
1300 4855 1628 4909 altitudinem
1648 4855 1808 4907 maris
1839 4852 1881 4917 ‘,

287 4960 400 4998 non
420 4961 502 4998 me
523 4945 784 5017 demergat
805 4956 1082 5016 tempestas
1103 4963 1270 5018 aquaz,
1302 4963 1462 5018 neque
1489 4946 1761 5001 absorbent
1808 4961 1886 4999 me

284 5034 612 5106 profundum
642 5047 700 5089 π’.
743 5037 859 5091 Cito
895 5040 1143 5107 anticipet
1191 5055 1272 5092 me
1316 5037 1675 5092 misericordia
1719 5045 1809 5090 tua
1835 5046 1882 5100 ’³,

286 5125 608 5196 priusquam
654 5129 848 5199 inﬁgar
892 5129 947 5182 in
975 5129 1099 5183 limo
1143 5127 1410 5199 profundi,
1441 5136 1497 5183 et
1524 5138 1706 5200 urgeat
1734 5143 1889 5198 super

285 5233 378 5271 use
396 5228 578 5287 puteus
605 5236 663 5274 os
696 5236 844 5274 suum
891 5229 937 5273 ο.
987 5217 1204 5291 Respice
1226 5221 1280 5273 in
1309 5236 1408 5285 me,
1439 5220 1684 5290 quoniam
1706 5219 1886 5272 unicus

1991 4665 2145 4735 quies
2168 4672 2268 4728 est,
2287 4664 2329 4718 si
2353 4662 2455 4719 lide
2478 4670 2754 4732 constans,
2775 4671 2830 4717 et
2855 4661 3079 4718 victoria
3106 4660 3305 4717 Christi
3334 4661 3403 4716 ab
3428 4661 3573 4716 omtx’

1992 4756 2148 4813 hoste
2173 4770 2415 4820 secums,
2448 4769 2582 4825 pace
2611 4754 2864 4809 unanimo
2891 4751 3223 4824 perlinatur;
3270 4751 3395 4824 Ipse
3438 4752 3576 4806 enim

1990 4848 2133 4918 quies
2171 4855 2348 4901 nostra
2371 4843 2453 4911 (Μ,
2479 4845 2572 4915 qui
2617 4860 2720 4915 pax
2751 4845 2905 4900 nobis
2925 4852 3026 4910 est,
3058 4844 3258 4915 quippe
3295 4858 3394 4914 pro
3422 4841 3575 4897 nobis

1990 4937 2177 5006 vigilat
2198 4947 2254 4991 ut
2271 4937 2575 5006 requiescat
2602 4936 2654 4990 in
2676 4936 2849 5003 nobis,
2864 4986 2867 4987 ν
2881 4935 3052 5006 «ςινῳὶ
3070 4950 3209 4991 nunc
3235 4934 3455 5002 vigilare
3475 4946 3575 4989 nos

1990 5042 2090 5098 pro
2112 5027 2293 5096 quiete
2320 5034 2581 5097 perpetua
2602 5026 2775 5095 jubet.

2059 5119 2110 5171 7.
2140 5117 2255 5187 Ipse
2292 5116 2549 5174 Dominus
2576 5117 2692 5172 btcc
2717 5116 2907 5172 eadem
2933 5117 3151 5187 pietatis
3189 5128 3299 5171 sum
3325 5126 3570 5176 munera.

1987 5226 2105 5283 qua:
2131 5217 2248 5265 toto
2288 5208 2402 5264 vult
2427 5210 2513 5279 agi
2526 5207 2761 5276 .mundo,
2786 5209 2839 5263 in
2869 5208 2974 5263 hoc
2998 5223 3128 5263 sene
3156 5221 3264 5261 uno
3302 5216 3462 5272 agere
3488 5200 3572 5255 di-

373 5362 397 5388 ³
420 5352 611 5424 Johan.
646 5370 772 5419 xvu,
804 5353 892 5407 ‘22.
970 5355 995 5392 δ
1024 5354 1211 5411 Matth.
1245 5373 1430 5419 xxvm,
1463 5354 1551 5409 ‘20.
1626 5366 1653 5424 Αε
1674 5352 1838 5407 Marc.
1874 5365 1980 5424 xvt_,
2010 5344 2097 5423 l9._
2147 5342 2199 5424 ,ᾗ
2227 5342 2413 5424 Μξὶιιῑιι
2443 5361 2571 5424 “)1.
2605 5343 2898 5424 ὄῂὲπς-
2933 5358 3024 5405 ιιι.
3054 5340 3186 5424 ἳτεη
3221 5335 3567 5424 ’,ξριξξιηογξο

286 5421 388 5475 st.
430 5406 433 5407 ⁷
469 5406 499 5461 ί
532 5406 674 5478 per;
698 5406 907 5490 eam,
937 5406 1445 5490 25,”“ἀ’ῑ’ᾗῆι”.’ἶί,
1480 5406 1548 5478 λέ
1625 5421 1650 5461 ιι
1676 5406 1817 5491 Bap;
1851 5437 1890 5487 1-,

1999 5460 2002 5470 .
2068 5416 2100 5491 ξ
2147 5413 2335 5491 Matth.
2385 5406 2578 5491 tx,__l5.
2625 5406 2914 5491 _l‘_Matth.
2948 5427 3077 5491 xxii.
3122 5408 3189 5491 lii
3213 5406 3416 5491 ἱμέρου.
3470 5421 3566 5469 xu,

289 5491 392 5563 μ;
418 5492 545 5563 an.
576 5476 668 5559 xx,
698 5476 1040 5551 έῖί-ιιῖιξέί.
1067 5476 1353 5563 xxx—tuti."
1392 5476 1577 5550 TPsal.
1603 5476 1786 5559 vaul‘,
1808 5476 1949 5563 21,5,
2003 5498 2041 5525 ιιι
2065 5485 2407 5563 Psal_._t.xv_nl.
2427 5476 2519 5563 4176.
2576 5495 2601 5522 "
2625 5479 2763 5563 P58]-
2791 5497 3012 5563 enim,
3036 5481 3089 5533 8·
3166 5476 3567 5563 "agmini-yid.

286 5562 331 5616 5
367 5545 543 5616 an?
582 5545 809 5620 7pm.
842 5545 1379 5633 “Nilei—"idest.
1402 5545 1795 5633 εἶξῆῖιῑέἶξῆ
1832 5545 1894 5633 Ps

2006 5573 2149 5633 xxix.
2178 5555 2233 5607 υ
2264 5570 2298 5633 1
2324 5545 2462 5633 Ρξέιιο
2498 5571 2685 5633 mm.
2709 5552 2761 5607 8-
2799 5562 2869 5633 ..ἵ
2894 5550 3034 5633 P391.-
3068 5546 3373 5633 t‘hii...‘
3422 5545 3563 5633 “‘1‘”-

287 5649 385 5696 (μγ,
428 5634 478 5687 9.
557 5643 580 5669 υ
608 5635 765 5689 'Psal.
797 5652 901 5701 CVI,
940 5636 1008 5689 ει
1105 5647 1128 5671 ν
1173 5638 1307 5691 l’sal.
1335 5654 1494 5697 Lxu,
1527 5635 1605 5687 l7.

371 5840 449 5913 (α)
476 5840 565 5897 Sic
615 5856 713 5896 ms.
751 5841 882 5913 Reg.
929 5857 1048 5899 cum
1078 5844 1197 5899 cdd.
1231 5843 1303 5898 Ba
1326 5842 1382 5909 |.,
1414 5841 1577 5901 ϐων.
1618 5848 1695 5914 ειη
1721 5838 1872 5895 Grin.

1686 5643 1707 5668 ι
1748 5630 1935 5686 Matth.
1979 5644 2038 5694 v,
2067 5627 2122 5682 5.

287 5702 390 5756 41.
468 5704 523 5742 ιιι»
550 5702 708 5767 lbid.,
735 5705 823 5758 45.
891 5699 956 5745 tt
988 5705 1180 5761 Joban.
1208 5724 1316 5771 xvr,
1350 5707 1435 5759 35.
1516 5704 1571 5742 άά
1608 5703 1743 5772 Eph.
1779 5720 1831 5762 II.
1868 5699 1954 5753 H.

2197 5635 2223 5674 δ’
2263 5623 2401 5679 Psal.
2434 5641 2540 5692 xu,
2585 5626 2665 5680 Μ.
2746 5634 2765 5659 ι
2799 5622 2953 5683 lbid.,
2998 5618 3048 5671 5.
3130 5618 3390 5673 “Matth.
3419 5632 3565 5682 xm,

1984 5831 2190 5902 ϐεκκερ,
2231 5835 2298 5894 εἰς
2325 5833 2552 5889 ξάνκτον.
2591 5827 2728 5885 Edd.
2784 5827 2945 5884 liosv.
2980 5834 3031 5882 ct
3056 5825 3268 5895 δάιοι,
3290 5826 3350 5880 iu
3375 5834 3557 5879 morte.
3590 5884 3597 5891 ,
