  <div class='ocr_page' id='page_1' title='image "/cluster/home/n/w/nwhite01/storage/ocr_20150623/61/hvd.32044004824777/207.png"; bbox 0 0 4008 6346; ppageno 0'>
   <div class='ocr_carea' id='block_1_1' title="bbox 437 425 540 480">
    <p class='ocr_par' dir='ltr' id='par_1_1' title="bbox 437 425 540 480">
     <span class='ocr_line' id='line_1_1' title="bbox 437 425 540 480; baseline -0.019 1"><span class='ocrx_word' id='word_1_1' title='bbox 437 425 540 480; x_wconf 70' lang='grc'><strong>405</strong></span> 
     </span>
    </p>
   </div>
   <div class='ocr_carea' id='block_1_2' title="bbox 1558 401 2564 467">
    <p class='ocr_par' dir='ltr' id='par_1_2' title="bbox 1558 401 2564 467">
     <span class='ocr_line' id='line_1_2' title="bbox 1558 401 2564 467; baseline -0.01 -1"><span class='ocrx_word' id='word_1_2' title='bbox 1558 413 1613 467; x_wconf 83' lang='lat' dir='ltr'><strong>S.</strong></span> <span class='ocrx_word' id='word_1_3' title='bbox 1657 407 2217 465; x_wconf 67' lang='lat' dir='ltr'><strong>P.\CLINI&#39;1VOI.ANI</strong></span> <span class='ocrx_word' id='word_1_4' title='bbox 2258 401 2564 459; x_wconf 43' lang='lat' dir='ltr'><strong>EI’ISCOPI‘</strong></span> 
     </span>
    </p>
   </div>
   <div class='ocr_carea' id='block_1_3' title="bbox 3600 386 3712 458">
    <p class='ocr_par' dir='ltr' id='par_1_3' title="bbox 3600 386 3712 458">
     <span class='ocr_line' id='line_1_3' title="bbox 3600 386 3712 458; baseline 0 -9"><span class='ocrx_word' id='word_1_5' title='bbox 3600 386 3712 458; x_wconf 62' lang='grc' dir='ltr'><strong>α</strong></span> 
     </span>
    </p>
   </div>
   <div class='ocr_carea' id='block_1_4' title="bbox 433 519 3713 606">
    <p class='ocr_par' dir='ltr' id='par_1_4' title="bbox 433 519 3713 606">
     <span class='ocr_line' id='line_1_4' title="bbox 433 519 3713 606; baseline -0.01 -12"><span class='ocrx_word' id='word_1_6' title='bbox 433 546 624 604; x_wconf 80' lang='lat' dir='ltr'><strong>gnatus</strong></span> <span class='ocrx_word' id='word_1_7' title='bbox 644 544 747 602; x_wconf 84' lang='lat' dir='ltr'><strong>est,</strong></span> <span class='ocrx_word' id='word_1_8' title='bbox 771 551 889 590; x_wconf 88' lang='lat' dir='ltr'><strong>cum</strong></span> <span class='ocrx_word' id='word_1_9' title='bbox 918 532 1280 587; x_wconf 84' lang='lat' dir='ltr'><strong>blandimento</strong></span> <span class='ocrx_word' id='word_1_10' title='bbox 1310 537 1548 588; x_wconf 84' lang='lat' dir='ltr'><strong>severus,</strong></span> <span class='ocrx_word' id='word_1_11' title='bbox 1579 537 1679 576; x_wconf 90' lang='lat' dir='ltr'><strong>nec</strong></span> <span class='ocrx_word' id='word_1_12' title='bbox 1720 521 1836 576; x_wconf 84' lang='lat' dir='ltr'><strong>sine</strong></span> <span class='ocrx_word' id='word_1_13' title='bbox 1863 519 2018 576; x_wconf 85' lang='lat' dir='ltr'><strong>freno</strong></span> <span class='ocrx_word' id='word_1_14' title='bbox 2045 523 2093 581; x_wconf 77' lang='grc' dir='ltr'><strong>Α</strong></span> <span class='ocrx_word' id='word_1_15' title='bbox 2122 539 2300 594; x_wconf 67' lang='lat' dir='ltr'><strong>licium</strong></span> <span class='ocrx_word' id='word_1_16' title='bbox 2329 549 2581 606; x_wconf 53' lang='lat' dir='ltr'><strong>puppem,</strong></span> <span class='ocrx_word' id='word_1_17' title='bbox 2616 532 2870 589; x_wconf 70' lang='lat' dir='ltr'><strong>fabulosis</strong></span> <span class='ocrx_word' id='word_1_18' title='bbox 2911 532 3103 588; x_wconf 62' lang='lat' dir='ltr'><strong>“ueris</strong></span> <span class='ocrx_word' id='word_1_19' title='bbox 3147 539 3518 596; x_wconf 53' lang='lat' dir='ltr'><strong>sacravemm,</strong></span> <span class='ocrx_word' id='word_1_20' title='bbox 3549 541 3713 601; x_wconf 46' lang='lat' dir='ltr'><strong>atque</strong></span> 
     </span>
    </p>
   </div>
   <div class='ocr_carea' id='block_1_5' title="bbox 435 610 2022 693">
    <p class='ocr_par' dir='ltr' id='par_1_5' title="bbox 435 610 2022 693">
     <span class='ocr_line' id='line_1_5' title="bbox 435 610 2022 693; baseline -0.013 -10"><span class='ocrx_word' id='word_1_21' title='bbox 435 628 644 684; x_wconf 76' lang='lat' dir='ltr'><strong>timoris</strong></span> <span class='ocrx_word' id='word_1_22' title='bbox 665 626 965 693; x_wconf 84' lang='lat' dir='ltr'><strong>indulgens,</strong></span> <span class='ocrx_word' id='word_1_23' title='bbox 1005 635 1190 676; x_wconf 90' lang='lat' dir='ltr'><strong>aurem</strong></span> <span class='ocrx_word' id='word_1_24' title='bbox 1219 617 1478 686; x_wconf 84' lang='lat' dir='ltr'><strong>vellit,ut</strong></span> <span class='ocrx_word' id='word_1_25' title='bbox 1498 628 1746 670; x_wconf 85' lang='lat' dir='ltr'><strong>somnum</strong></span> <span class='ocrx_word' id='word_1_26' title='bbox 1776 610 2022 680; x_wconf 86' lang='lat' dir='ltr'><strong>corporis</strong></span> 
     </span>
    </p>
   </div>
   <div class='ocr_carea' id='block_1_6' title="bbox 437 706 2020 781">
    <p class='ocr_par' dir='ltr' id='par_1_6' title="bbox 437 706 2020 781">
     <span class='ocr_line' id='line_1_6' title="bbox 437 706 2020 781; baseline -0.013 -7"><span class='ocrx_word' id='word_1_27' title='bbox 437 725 743 781; x_wconf 86' lang='lat' dir='ltr'><strong>excuteret;</strong></span> <span class='ocrx_word' id='word_1_28' title='bbox 794 715 968 769; x_wconf 89' lang='lat' dir='ltr'><strong>sinum</strong></span> <span class='ocrx_word' id='word_1_29' title='bbox 1013 710 1274 781; x_wconf 83' lang='lat' dir='ltr'><strong>praebuit,</strong></span> <span class='ocrx_word' id='word_1_30' title='bbox 1316 716 1377 763; x_wconf 91' lang='lat' dir='ltr'><strong>ut</strong></span> <span class='ocrx_word' id='word_1_31' title='bbox 1421 706 1656 776; x_wconf 75' lang='lat' dir='ltr'><strong>quietem</strong></span> <span class='ocrx_word' id='word_1_32' title='bbox 1706 709 2020 773; x_wconf 83' lang='lat' dir='ltr'><strong>perpetuam</strong></span> 
     </span>
    </p>
   </div>
   <div class='ocr_carea' id='block_1_7' title="bbox 439 793 2022 871">
    <p class='ocr_par' dir='ltr' id='par_1_7' title="bbox 439 793 2022 871">
     <span class='ocr_line' id='line_1_7' title="bbox 439 793 2022 871; baseline -0.011 -10"><span class='ocrx_word' id='word_1_33' title='bbox 439 808 784 864; x_wconf 88' lang='lat' dir='ltr'><strong>ministraret.</strong></span> <span class='ocrx_word' id='word_1_34' title='bbox 813 801 1012 871; x_wconf 82' lang='lat' dir='ltr'><strong>Viginti</strong></span> <span class='ocrx_word' id='word_1_35' title='bbox 1044 808 1156 854; x_wconf 86' lang='lat' dir='ltr'><strong>tres</strong></span> <span class='ocrx_word' id='word_1_36' title='bbox 1179 799 1296 854; x_wconf 89' lang='lat' dir='ltr'><strong>dies</strong></span> <span class='ocrx_word' id='word_1_37' title='bbox 1321 799 1496 852; x_wconf 78' lang='lat' dir='ltr'><strong>homo</strong></span> <span class='ocrx_word' id='word_1_38' title='bbox 1515 811 1624 850; x_wconf 78' lang='lat' dir='ltr'><strong>non</strong></span> <span class='ocrx_word' id='word_1_39' title='bbox 1664 793 1821 848; x_wconf 91' lang='lat' dir='ltr'><strong>modo</strong></span> <span class='ocrx_word' id='word_1_40' title='bbox 1851 807 1881 844; x_wconf 90' lang='lat' dir='ltr'><strong>a</strong></span> <span class='ocrx_word' id='word_1_41' title='bbox 1912 800 2022 845; x_wconf 79' lang='lat' dir='ltr'><strong>ter-</strong></span> 
     </span>
    </p>
   </div>
   <div class='ocr_carea' id='block_1_8' title="bbox 437 887 2020 963">
    <p class='ocr_par' dir='ltr' id='par_1_8' title="bbox 437 887 2020 963">
     <span class='ocr_line' id='line_1_8' title="bbox 437 887 2020 963; baseline -0.01 -11"><span class='ocrx_word' id='word_1_42' title='bbox 437 899 530 963; x_wconf 91' lang='lat' dir='ltr'><strong>ris,</strong></span> <span class='ocrx_word' id='word_1_43' title='bbox 555 895 648 952; x_wconf 87' lang='lat' dir='ltr'><strong>sed</strong></span> <span class='ocrx_word' id='word_1_44' title='bbox 669 903 724 950; x_wconf 89' lang='lat' dir='ltr'><strong>et</strong></span> <span class='ocrx_word' id='word_1_45' title='bbox 744 895 810 950; x_wconf 89' lang='lat' dir='ltr'><strong>ab</strong></span> <span class='ocrx_word' id='word_1_46' title='bbox 830 892 1137 948; x_wconf 88' lang='lat' dir='ltr'><strong>hominibus</strong></span> <span class='ocrx_word' id='word_1_47' title='bbox 1165 890 1436 955; x_wconf 79' lang='lat' dir='ltr'><strong>exclusus,</strong></span> <span class='ocrx_word' id='word_1_48' title='bbox 1465 887 1704 943; x_wconf 88' lang='lat' dir='ltr'><strong>omnium</strong></span> <span class='ocrx_word' id='word_1_49' title='bbox 1733 893 2020 938; x_wconf 85' lang='lat' dir='ltr'><strong>ventorum</strong></span> 
     </span>
    </p>
   </div>
   <div class='ocr_carea' id='block_1_9' title="bbox 439 973 2022 1052">
    <p class='ocr_par' dir='ltr' id='par_1_9' title="bbox 439 973 2022 1052">
     <span class='ocr_line' id='line_1_9' title="bbox 439 973 2022 1052; baseline -0.008 -12"><span class='ocrx_word' id='word_1_50' title='bbox 439 985 754 1052; x_wconf 88' lang='lat' dir='ltr'><strong>ludibrium,</strong></span> <span class='ocrx_word' id='word_1_51' title='bbox 787 983 966 1039; x_wconf 89' lang='lat' dir='ltr'><strong>omnis</strong></span> <span class='ocrx_word' id='word_1_52' title='bbox 993 991 1149 1037; x_wconf 71' lang='lat' dir='ltr'><strong>terra:</strong></span> <span class='ocrx_word' id='word_1_53' title='bbox 1179 980 1293 1052; x_wconf 86' lang='lat' dir='ltr'><strong>(Sic</strong></span> <span class='ocrx_word' id='word_1_54' title='bbox 1320 994 1486 1035; x_wconf 89' lang='lat' dir='ltr'><strong>carm.</strong></span> <span class='ocrx_word' id='word_1_55' title='bbox 1519 977 1610 1045; x_wconf 68' lang='lat'><strong>2|,</strong></span> <span class='ocrx_word' id='word_1_56' title='bbox 1640 992 1690 1031; x_wconf 94' lang='lat' dir='ltr'><strong>v.</strong></span> <span class='ocrx_word' id='word_1_57' title='bbox 1715 974 1839 1045; x_wconf 67' lang='grc'>222)</span> <span class='ocrx_word' id='word_1_58' title='bbox 1871 973 2022 1028; x_wconf 81' lang='lat' dir='ltr'><strong>exsul</strong></span> 
     </span>
    </p>
   </div>
   <div class='ocr_carea' id='block_1_10' title="bbox 437 1064 2019 1144">
    <p class='ocr_par' dir='ltr' id='par_1_10' title="bbox 437 1064 2019 1144">
     <span class='ocr_line' id='line_1_10' title="bbox 437 1064 2019 1144; baseline -0.009 -12"><span class='ocrx_word' id='word_1_59' title='bbox 437 1078 633 1134; x_wconf 84' lang='lat' dir='ltr'><strong>diversi</strong></span> <span class='ocrx_word' id='word_1_60' title='bbox 663 1076 825 1132; x_wconf 90' lang='lat' dir='ltr'><strong>maris</strong></span> <span class='ocrx_word' id='word_1_61' title='bbox 867 1076 1084 1144; x_wconf 80' lang='lat' dir='ltr'><strong>hospes,</strong></span> <span class='ocrx_word' id='word_1_62' title='bbox 1116 1081 1172 1128; x_wconf 91' lang='lat' dir='ltr'><strong>et</strong></span> <span class='ocrx_word' id='word_1_63' title='bbox 1209 1087 1396 1127; x_wconf 80' lang='lat' dir='ltr'><strong>exsors</strong></span> <span class='ocrx_word' id='word_1_64' title='bbox 1422 1069 1633 1140; x_wconf 78' lang='lat' dir='ltr'><strong>generis</strong></span> <span class='ocrx_word' id='word_1_65' title='bbox 1681 1065 1900 1121; x_wconf 87' lang='lat' dir='ltr'><strong>humani</strong></span> <span class='ocrx_word' id='word_1_66' title='bbox 1955 1064 2019 1130; x_wconf 80' lang='lat'><strong>“,</strong></span> 
     </span>
    </p>
   </div>
   <div class='ocr_carea' id='block_1_11' title="bbox 436 1155 2025 1245">
    <p class='ocr_par' dir='ltr' id='par_1_11' title="bbox 436 1155 2025 1245">
     <span class='ocr_line' id='line_1_11' title="bbox 436 1155 2025 1245; baseline -0.009 -21"><span class='ocrx_word' id='word_1_67' title='bbox 436 1171 578 1225; x_wconf 90' lang='lat' dir='ltr'><strong>inter</strong></span> <span class='ocrx_word' id='word_1_68' title='bbox 605 1169 798 1245; x_wconf 71' lang='lat' dir='ltr'><strong>ﬂuctus</strong></span> <span class='ocrx_word' id='word_1_69' title='bbox 825 1177 880 1223; x_wconf 91' lang='lat' dir='ltr'><strong>et</strong></span> <span class='ocrx_word' id='word_1_70' title='bbox 906 1167 1112 1222; x_wconf 81' lang='lat' dir='ltr'><strong>belluas</strong></span> <span class='ocrx_word' id='word_1_71' title='bbox 1142 1164 1305 1218; x_wconf 91' lang='lat' dir='ltr'><strong>maris</strong></span> <span class='ocrx_word' id='word_1_72' title='bbox 1349 1163 1402 1216; x_wconf 92' lang='lat' dir='ltr'><strong>in</strong></span> <span class='ocrx_word' id='word_1_73' title='bbox 1445 1175 1580 1228; x_wconf 88' lang='lat' dir='ltr'><strong>vago</strong></span> <span class='ocrx_word' id='word_1_74' title='bbox 1609 1157 1850 1214; x_wconf 60' lang='lat' dir='ltr'><strong>erraticas</strong></span> <span class='ocrx_word' id='word_1_75' title='bbox 1872 1155 2025 1212; x_wconf 89' lang='lat' dir='ltr'><strong>navis</strong></span> 
     </span>
    </p>
   </div>
   <div class='ocr_carea' id='block_1_12' title="bbox 437 1249 2020 1331">
    <p class='ocr_par' dir='ltr' id='par_1_12' title="bbox 437 1249 2020 1331">
     <span class='ocr_line' id='line_1_12' title="bbox 437 1249 2020 1331; baseline -0.011 -15"><span class='ocrx_word' id='word_1_76' title='bbox 437 1261 695 1331; x_wconf 87' lang='lat' dir='ltr'><strong>hospitio,</strong></span> <span class='ocrx_word' id='word_1_77' title='bbox 720 1258 960 1328; x_wconf 89' lang='lat' dir='ltr'><strong>jejuniis,</strong></span> <span class='ocrx_word' id='word_1_78' title='bbox 993 1255 1168 1318; x_wconf 90' lang='lat' dir='ltr'><strong>senio,</strong></span> <span class='ocrx_word' id='word_1_79' title='bbox 1198 1255 1399 1308; x_wconf 83' lang='lat' dir='ltr'><strong>timore</strong></span> <span class='ocrx_word' id='word_1_80' title='bbox 1417 1249 1716 1314; x_wconf 86' lang='lat' dir='ltr'><strong>confectus,</strong></span> <span class='ocrx_word' id='word_1_81' title='bbox 1734 1261 1926 1316; x_wconf 71' lang='lat' dir='ltr'><strong>quieso</strong></span> <span class='ocrx_word' id='word_1_82' title='bbox 1947 1252 2020 1308; x_wconf 88' lang='lat' dir='ltr'><strong>te,</strong></span> 
     </span>
    </p>
   </div>
   <div class='ocr_carea' id='block_1_13' title="bbox 437 1337 2024 1420">
    <p class='ocr_par' dir='ltr' id='par_1_13' title="bbox 437 1337 2024 1420">
     <span class='ocr_line' id='line_1_13' title="bbox 437 1337 2024 1420; baseline -0.01 -17"><span class='ocrx_word' id='word_1_83' title='bbox 437 1348 700 1420; x_wconf 90' lang='lat' dir='ltr'><strong>numquid</strong></span> <span class='ocrx_word' id='word_1_84' title='bbox 737 1357 930 1402; x_wconf 89' lang='lat' dir='ltr'><strong>natura</strong></span> <span class='ocrx_word' id='word_1_85' title='bbox 956 1360 1050 1400; x_wconf 89' lang='lat' dir='ltr'><strong>sua</strong></span> <span class='ocrx_word' id='word_1_86' title='bbox 1079 1342 1427 1414; x_wconf 77' lang='lat' dir='ltr'><strong>perduravit?</strong></span> <span class='ocrx_word' id='word_1_87' title='bbox 1450 1339 1547 1395; x_wconf 75' lang='lat' dir='ltr'><strong>Cui</strong></span> <span class='ocrx_word' id='word_1_88' title='bbox 1578 1353 1706 1408; x_wconf 89' lang='lat' dir='ltr'><strong>ergo</strong></span> <span class='ocrx_word' id='word_1_89' title='bbox 1735 1337 2024 1392; x_wconf 83' lang='lat' dir='ltr'><strong>obscurum</strong></span> 
     </span>
    </p>
   </div>
   <div class='ocr_carea' id='block_1_14' title="bbox 437 1428 2028 1502">
    <p class='ocr_par' dir='ltr' id='par_1_14' title="bbox 437 1428 2028 1502">
     <span class='ocr_line' id='line_1_14' title="bbox 437 1428 2028 1502; baseline -0.009 -8"><span class='ocrx_word' id='word_1_90' title='bbox 437 1442 509 1495; x_wconf 87' lang='lat' dir='ltr'><strong>sit</strong></span> <span class='ocrx_word' id='word_1_91' title='bbox 531 1441 700 1494; x_wconf 93' lang='lat' dir='ltr'><strong>Deum</strong></span> <span class='ocrx_word' id='word_1_92' title='bbox 729 1439 782 1493; x_wconf 92' lang='lat' dir='ltr'><strong>in</strong></span> <span class='ocrx_word' id='word_1_93' title='bbox 810 1439 904 1494; x_wconf 93' lang='lat' dir='ltr'><strong>illo</strong></span> <span class='ocrx_word' id='word_1_94' title='bbox 933 1437 1132 1491; x_wconf 81' lang='lat' dir='ltr'><strong>fuisse?</strong></span> <span class='ocrx_word' id='word_1_95' title='bbox 1153 1433 1286 1488; x_wconf 83' lang='lat' dir='ltr'><strong>Eum</strong></span> <span class='ocrx_word' id='word_1_96' title='bbox 1311 1433 1422 1487; x_wconf 85' lang='lat' dir='ltr'><strong>dixi</strong></span> <span class='ocrx_word' id='word_1_97' title='bbox 1451 1433 1638 1497; x_wconf 88' lang='lat' dir='ltr'><strong>Deum,</strong></span> <span class='ocrx_word' id='word_1_98' title='bbox 1669 1431 1751 1502; x_wconf 86' lang='lat' dir='ltr'><strong>qui</strong></span> <span class='ocrx_word' id='word_1_99' title='bbox 1783 1430 1909 1499; x_wconf 79' lang='lat' dir='ltr'><strong>facit</strong></span> <span class='ocrx_word' id='word_1_100' title='bbox 1930 1428 2028 1481; x_wconf 87' lang='lat' dir='ltr'><strong>mi-</strong></span> 
     </span>
    </p>
   </div>
   <div class='ocr_carea' id='block_1_15' title="bbox 439 1529 2028 1600">
    <p class='ocr_par' dir='ltr' id='par_1_15' title="bbox 439 1529 2028 1600">
     <span class='ocr_line' id='line_1_15' title="bbox 439 1529 2028 1600; baseline -0.009 -14"><span class='ocrx_word' id='word_1_101' title='bbox 439 1533 629 1588; x_wconf 83' lang='lat' dir='ltr'><strong>rabilia</strong></span> <span class='ocrx_word' id='word_1_102' title='bbox 669 1533 809 1586; x_wconf 73' lang='lat' dir='ltr'><strong>solus</strong></span> <span class='ocrx_word' id='word_1_103' title='bbox 833 1542 892 1596; x_wconf 62' lang='lat' dir='ltr'><strong>ﬂ;</strong></span> <span class='ocrx_word' id='word_1_104' title='bbox 922 1529 1013 1600; x_wconf 89' lang='lat' dir='ltr'><strong>qui</strong></span> <span class='ocrx_word' id='word_1_105' title='bbox 1042 1536 1188 1582; x_wconf 72' lang='lat' dir='ltr'><strong>uocat</strong></span> <span class='ocrx_word' id='word_1_106' title='bbox 1215 1543 1277 1580; x_wconf 89' lang='lat' dir='ltr'><strong>ea</strong></span> <span class='ocrx_word' id='word_1_107' title='bbox 1305 1541 1418 1594; x_wconf 80' lang='lat' dir='ltr'><strong>qua</strong></span> <span class='ocrx_word' id='word_1_108' title='bbox 1451 1541 1555 1578; x_wconf 84' lang='lat' dir='ltr'><strong>nou</strong></span> <span class='ocrx_word' id='word_1_109' title='bbox 1583 1530 1724 1587; x_wconf 81' lang='lat' dir='ltr'><strong>sunt,</strong></span> <span class='ocrx_word' id='word_1_110' title='bbox 1765 1529 2028 1591; x_wconf 82' lang='lat' dir='ltr'><strong>tamquam</strong></span> 
     </span>
    </p>
   </div>
   <div class='ocr_carea' id='block_1_16' title="bbox 440 1609 2029 1694">
    <p class='ocr_par' dir='ltr' id='par_1_16' title="bbox 440 1609 2029 1694">
     <span class='ocr_line' id='line_1_16' title="bbox 440 1609 2029 1694; baseline -0.009 -18"><span class='ocrx_word' id='word_1_111' title='bbox 440 1640 554 1694; x_wconf 75' lang='lat' dir='ltr'><strong>qua!</strong></span> <span class='ocrx_word' id='word_1_112' title='bbox 581 1625 685 1678; x_wconf 79' lang='lat' dir='ltr'><strong>sint</strong></span> <span class='ocrx_word' id='word_1_113' title='bbox 715 1622 770 1687; x_wconf 64' lang='grc' dir='ltr'><strong>υς</strong></span> <span class='ocrx_word' id='word_1_114' title='bbox 801 1622 952 1690; x_wconf 88' lang='lat' dir='ltr'><strong>cujus</strong></span> <span class='ocrx_word' id='word_1_115' title='bbox 974 1634 1078 1689; x_wconf 90' lang='lat' dir='ltr'><strong>ope</strong></span> <span class='ocrx_word' id='word_1_116' title='bbox 1107 1617 1304 1673; x_wconf 85' lang='lat' dir='ltr'><strong>enabat</strong></span> <span class='ocrx_word' id='word_1_117' title='bbox 1331 1623 1445 1670; x_wconf 89' lang='lat' dir='ltr'><strong>toto</strong></span> <span class='ocrx_word' id='word_1_118' title='bbox 1465 1613 1616 1668; x_wconf 88' lang='lat' dir='ltr'><strong>navis</strong></span> <span class='ocrx_word' id='word_1_119' title='bbox 1642 1619 1854 1668; x_wconf 87' lang='lat' dir='ltr'><strong>secreta</strong></span> <span class='ocrx_word' id='word_1_120' title='bbox 1881 1609 2029 1679; x_wconf 89' lang='lat' dir='ltr'><strong>pela-</strong></span> 
     </span>
    </p>
   </div>
   <div class='ocr_carea' id='block_1_17' title="bbox 441 1706 2034 1782">
    <p class='ocr_par' dir='ltr' id='par_1_17' title="bbox 441 1706 2034 1782">
     <span class='ocr_line' id='line_1_17' title="bbox 441 1706 2034 1782; baseline -0.011 -11"><span class='ocrx_word' id='word_1_121' title='bbox 441 1731 528 1782; x_wconf 77' lang='lat' dir='ltr'><strong>go,</strong></span> <span class='ocrx_word' id='word_1_122' title='bbox 555 1725 610 1771; x_wconf 92' lang='lat' dir='ltr'><strong>et</strong></span> <span class='ocrx_word' id='word_1_123' title='bbox 653 1713 907 1768; x_wconf 86' lang='lat' dir='ltr'><strong>invisibili</strong></span> <span class='ocrx_word' id='word_1_124' title='bbox 946 1711 1307 1780; x_wconf 84' lang='lat' dir='ltr'><strong>gubernatore</strong></span> <span class='ocrx_word' id='word_1_125' title='bbox 1335 1706 1489 1775; x_wconf 86' lang='lat' dir='ltr'><strong>quasi</strong></span> <span class='ocrx_word' id='word_1_126' title='bbox 1528 1721 1719 1770; x_wconf 84' lang='lat' dir='ltr'><strong>vacua,</strong></span> <span class='ocrx_word' id='word_1_127' title='bbox 1751 1712 1805 1758; x_wconf 91' lang='lat' dir='ltr'><strong>et</strong></span> <span class='ocrx_word' id='word_1_128' title='bbox 1850 1711 2034 1757; x_wconf 76' lang='lat' dir='ltr'><strong>tamen</strong></span> 
     </span>
    </p>
   </div>
   <div class='ocr_carea' id='block_1_18' title="bbox 441 1797 2030 1875">
    <p class='ocr_par' dir='ltr' id='par_1_18' title="bbox 441 1797 2030 1875">
     <span class='ocr_line' id='line_1_18' title="bbox 441 1797 2030 1875; baseline -0.008 -14"><span class='ocrx_word' id='word_1_129' title='bbox 441 1806 588 1875; x_wconf 88' lang='lat' dir='ltr'><strong>gravi</strong></span> <span class='ocrx_word' id='word_1_130' title='bbox 618 1805 762 1860; x_wconf 88' lang='lat' dir='ltr'><strong>mole</strong></span> <span class='ocrx_word' id='word_1_131' title='bbox 787 1818 847 1859; x_wconf 93' lang='lat' dir='ltr'><strong>se</strong></span> <span class='ocrx_word' id='word_1_132' title='bbox 873 1815 1226 1872; x_wconf 87' lang='lat' dir='ltr'><strong>promovens,</strong></span> <span class='ocrx_word' id='word_1_133' title='bbox 1257 1797 1451 1854; x_wconf 86' lang='lat' dir='ltr'><strong>clausis</strong></span> <span class='ocrx_word' id='word_1_134' title='bbox 1478 1797 1616 1851; x_wconf 85' lang='lat' dir='ltr'><strong>intra</strong></span> <span class='ocrx_word' id='word_1_135' title='bbox 1640 1809 1878 1850; x_wconf 88' lang='lat' dir='ltr'><strong>cameras</strong></span> <span class='ocrx_word' id='word_1_136' title='bbox 1905 1808 2030 1849; x_wconf 88' lang='lat' dir='ltr'><strong>suas</strong></span> 
     </span>
    </p>
   </div>
   <div class='ocr_carea' id='block_1_19' title="bbox 2122 621 3708 685">
    <p class='ocr_par' dir='ltr' id='par_1_19' title="bbox 2122 621 3708 685">
     <span class='ocr_line' id='line_1_19' title="bbox 2122 621 3708 685; baseline -0.005 -4"><span class='ocrx_word' id='word_1_137' title='bbox 2122 630 2283 682; x_wconf 88' lang='lat' dir='ltr'><strong>etiam</strong></span> <span class='ocrx_word' id='word_1_138' title='bbox 2309 642 2447 680; x_wconf 89' lang='lat' dir='ltr'><strong>nunc</strong></span> <span class='ocrx_word' id='word_1_139' title='bbox 2478 625 2532 679; x_wconf 89' lang='lat' dir='ltr'><strong>in</strong></span> <span class='ocrx_word' id='word_1_140' title='bbox 2561 623 2697 678; x_wconf 71' lang='lat' dir='ltr'><strong>cmlo</strong></span> <span class='ocrx_word' id='word_1_141' title='bbox 2726 621 2907 676; x_wconf 90' lang='lat' dir='ltr'><strong>videre</strong></span> <span class='ocrx_word' id='word_1_142' title='bbox 2935 637 2994 675; x_wconf 89' lang='lat' dir='ltr'><strong>se</strong></span> <span class='ocrx_word' id='word_1_143' title='bbox 3015 621 3259 685; x_wconf 89' lang='lat' dir='ltr'><strong>credunt,</strong></span> <span class='ocrx_word' id='word_1_144' title='bbox 3287 627 3342 675; x_wconf 91' lang='lat' dir='ltr'><strong>et</strong></span> <span class='ocrx_word' id='word_1_145' title='bbox 3370 621 3510 674; x_wconf 90' lang='lat' dir='ltr'><strong>inter</strong></span> <span class='ocrx_word' id='word_1_146' title='bbox 3539 628 3708 674; x_wconf 85' lang='lat' dir='ltr'><strong>astro-</strong></span> 
     </span>
    </p>
   </div>
   <div class='ocr_carea' id='block_1_20' title="bbox 2119 710 3711 772">
    <p class='ocr_par' dir='ltr' id='par_1_20' title="bbox 2119 710 3711 772">
     <span class='ocr_line' id='line_1_20' title="bbox 2119 710 3711 772; baseline -0.006 -1"><span class='ocrx_word' id='word_1_147' title='bbox 2119 717 2470 772; x_wconf 79' lang='lat' dir='ltr'><strong>rum-choros</strong></span> <span class='ocrx_word' id='word_1_148' title='bbox 2491 713 2811 767; x_wconf 85' lang='lat' dir='ltr'><strong>numerant?</strong></span> <span class='ocrx_word' id='word_1_149' title='bbox 2841 711 2950 766; x_wconf 86' lang='lat' dir='ltr'><strong>Nec</strong></span> <span class='ocrx_word' id='word_1_150' title='bbox 2979 711 3188 765; x_wconf 89' lang='lat' dir='ltr'><strong>minore</strong></span> <span class='ocrx_word' id='word_1_151' title='bbox 3215 711 3484 764; x_wconf 87' lang='lat' dir='ltr'><strong>dementia</strong></span> <span class='ocrx_word' id='word_1_152' title='bbox 3519 710 3711 764; x_wconf 82' lang='lat' dir='ltr'><strong>vectri—</strong></span> 
     </span>
    </p>
   </div>
   <div class='ocr_carea' id='block_1_21' title="bbox 2119 797 3713 874">
    <p class='ocr_par' dir='ltr' id='par_1_21' title="bbox 2119 797 3713 874">
     <span class='ocr_line' id='line_1_21' title="bbox 2119 797 3713 874; baseline -0.007 -11"><span class='ocrx_word' id='word_1_153' title='bbox 2119 807 2508 864; x_wconf 81' lang='lat' dir='ltr'><strong>cemdraconis</strong></span> <span class='ocrx_word' id='word_1_154' title='bbox 2529 803 2798 874; x_wconf 73' lang='lat' dir='ltr'><strong>Epidauro</strong></span> <span class='ocrx_word' id='word_1_155' title='bbox 2820 804 2861 833; x_wconf 86' lang='grc'><strong>²¹</strong></span> <span class='ocrx_word' id='word_1_156' title='bbox 2887 817 3104 866; x_wconf 83' lang='lat' dir='ltr'><strong>navem,</strong></span> <span class='ocrx_word' id='word_1_157' title='bbox 3123 801 3378 855; x_wconf 90' lang='lat' dir='ltr'><strong>illudente</strong></span> <span class='ocrx_word' id='word_1_158' title='bbox 3401 800 3540 869; x_wconf 87' lang='lat' dir='ltr'><strong>ipso,</strong></span> <span class='ocrx_word' id='word_1_159' title='bbox 3564 797 3713 866; x_wconf 84' lang='lat' dir='ltr'><strong>cujus</strong></span> 
     </span>
    </p>
   </div>
   <div class='ocr_carea' id='block_1_22' title="bbox 2121 895 3715 968">
    <p class='ocr_par' dir='ltr' id='par_1_22' title="bbox 2121 895 3715 968">
     <span class='ocr_line' id='line_1_22' title="bbox 2121 895 3715 968; baseline -0.003 -18"><span class='ocrx_word' id='word_1_160' title='bbox 2121 901 2200 966; x_wconf 81' lang='grc' dir='ltr'><strong>(α)</strong></span> <span class='ocrx_word' id='word_1_161' title='bbox 2231 904 2573 968; x_wconf 87' lang='lat' dir='ltr'><strong>corporatum</strong></span> <span class='ocrx_word' id='word_1_162' title='bbox 2599 895 2914 965; x_wconf 82' lang='lat' dir='ltr'><strong>phantasma</strong></span> <span class='ocrx_word' id='word_1_163' title='bbox 2943 901 3226 960; x_wconf 83' lang='lat' dir='ltr'><strong>vexerunt,</strong></span> <span class='ocrx_word' id='word_1_164' title='bbox 3247 900 3524 963; x_wconf 89' lang='lat' dir='ltr'><strong>serpente,</strong></span> <span class='ocrx_word' id='word_1_165' title='bbox 3555 905 3715 946; x_wconf 84' lang='lat' dir='ltr'><strong>vene-</strong></span> 
     </span>
    </p>
   </div>
   <div class='ocr_carea' id='block_1_23' title="bbox 2122 990 2350 1045">
    <p class='ocr_par' dir='ltr' id='par_1_23' title="bbox 2122 990 2350 1045">
     <span class='ocr_line' id='line_1_23' title="bbox 2122 990 2350 1045; baseline -0.004 0"><span class='ocrx_word' id='word_1_166' title='bbox 2122 990 2350 1045; x_wconf 83' lang='lat' dir='ltr'><strong>rantur?</strong></span> 
     </span>
    </p>
   </div>
   <div class='ocr_carea' id='block_1_24' title="bbox 2159 1073 3714 1152">
    <p class='ocr_par' dir='ltr' id='par_1_24' title="bbox 2159 1073 3714 1152">
     <span class='ocr_line' id='line_1_24' title="bbox 2159 1073 3714 1152; baseline -0.006 -14"><span class='ocrx_word' id='word_1_167' title='bbox 2159 1101 2168 1112; x_wconf 74' lang='lat'>&#39;</span> <span class='ocrx_word' id='word_1_168' title='bbox 2193 1085 2244 1140; x_wconf 90' lang='lat'><strong>9.</strong></span> <span class='ocrx_word' id='word_1_169' title='bbox 2277 1083 2384 1140; x_wconf 89' lang='lat' dir='ltr'><strong>Sed</strong></span> <span class='ocrx_word' id='word_1_170' title='bbox 2414 1082 2675 1152; x_wconf 83' lang='lat' dir='ltr'><strong>fugiamus</strong></span> <span class='ocrx_word' id='word_1_171' title='bbox 2705 1096 2739 1134; x_wconf 65' lang='grc' dir='ltr'><strong>δ</strong></span> <span class='ocrx_word' id='word_1_172' title='bbox 2767 1078 2903 1135; x_wconf 80' lang='lat' dir='ltr'><strong>lictis</strong></span> <span class='ocrx_word' id='word_1_173' title='bbox 2932 1087 2987 1133; x_wconf 82' lang='lat' dir='ltr'><strong>et</strong></span> <span class='ocrx_word' id='word_1_174' title='bbox 3006 1076 3220 1143; x_wconf 74' lang='lat' dir='ltr'><strong>alienis,</strong></span> <span class='ocrx_word' id='word_1_175' title='bbox 3238 1089 3412 1143; x_wconf 91' lang='lat' dir='ltr'><strong>neque</strong></span> <span class='ocrx_word' id='word_1_176' title='bbox 3438 1073 3714 1129; x_wconf 80' lang='lat' dir='ltr'><strong>mendacia</strong></span> 
     </span>
    </p>
   </div>
   <div class='ocr_carea' id='block_1_25' title="bbox 2124 1165 3781 1243">
    <p class='ocr_par' dir='ltr' id='par_1_25' title="bbox 2124 1165 3781 1243">
     <span class='ocr_line' id='line_1_25' title="bbox 2124 1165 3781 1243; baseline -0.008 -12"><span class='ocrx_word' id='word_1_177' title='bbox 2124 1185 2185 1231; x_wconf 76' lang='lat' dir='ltr'><strong>et</strong></span> <span class='ocrx_word' id='word_1_178' title='bbox 2205 1190 2415 1230; x_wconf 85' lang='lat' dir='ltr'><strong>venena</strong></span> <span class='ocrx_word' id='word_1_179' title='bbox 2463 1171 2804 1243; x_wconf 90' lang='lat' dir='ltr'><strong>pereuntium</strong></span> <span class='ocrx_word' id='word_1_180' title='bbox 2853 1176 3052 1223; x_wconf 65' lang='lat' dir='ltr'><strong>nostra:</strong></span> <span class='ocrx_word' id='word_1_181' title='bbox 3100 1165 3343 1220; x_wconf 77' lang='lat' dir='ltr'><strong>veritatis</strong></span> <span class='ocrx_word' id='word_1_182' title='bbox 3381 1165 3568 1220; x_wconf 76' lang='lat' dir='ltr'><strong>lumini</strong></span> <span class='ocrx_word' id='word_1_183' title='bbox 3619 1165 3715 1218; x_wconf 84' lang='lat' dir='ltr'><strong>mi-</strong></span> <span class='ocrx_word' id='word_1_184' title='bbox 3779 1169 3781 1172; x_wconf 69' lang='lat'><em>‘</em></span> 
     </span>
    </p>
   </div>
   <div class='ocr_carea' id='block_1_26' title="bbox 2121 1244 3719 1324">
    <p class='ocr_par' dir='ltr' id='par_1_26' title="bbox 2121 1244 3719 1324">
     <span class='ocr_line' id='line_1_26' title="bbox 2121 1244 3719 1324; baseline -0.009 -2"><span class='ocrx_word' id='word_1_185' title='bbox 2121 1281 2387 1322; x_wconf 85' lang='lat' dir='ltr'><strong>sccamus.</strong></span> <span class='ocrx_word' id='word_1_186' title='bbox 2413 1264 2547 1319; x_wconf 87' lang='lat' dir='ltr'><strong>Sunt</strong></span> <span class='ocrx_word' id='word_1_187' title='bbox 2597 1261 2750 1316; x_wconf 88' lang='lat' dir='ltr'><strong>nobis</strong></span> <span class='ocrx_word' id='word_1_188' title='bbox 2777 1267 2975 1314; x_wconf 66' lang='lat' dir='ltr'><strong>nostra:</strong></span> <span class='ocrx_word' id='word_1_189' title='bbox 3015 1272 3197 1321; x_wconf 83' lang='lat' dir='ltr'><strong>naves,</strong></span> <span class='ocrx_word' id='word_1_190' title='bbox 3233 1264 3291 1310; x_wconf 88' lang='lat' dir='ltr'><strong>ut</strong></span> <span class='ocrx_word' id='word_1_191' title='bbox 3338 1244 3530 1324; x_wconf 4' lang='lat' dir='ltr'><strong>dignius</strong></span> <span class='ocrx_word' id='word_1_192' title='bbox 3579 1255 3719 1308; x_wconf 88' lang='lat' dir='ltr'><strong>veris</strong></span> 
     </span>
    </p>
   </div>
   <div class='ocr_carea' id='block_1_27' title="bbox 2125 1345 3716 1418">
    <p class='ocr_par' dir='ltr' id='par_1_27' title="bbox 2125 1345 3716 1418">
     <span class='ocr_line' id='line_1_27' title="bbox 2125 1345 3716 1418; baseline -0.009 -7"><span class='ocrx_word' id='word_1_193' title='bbox 2125 1367 2176 1411; x_wconf 84' lang='lat' dir='ltr'><strong>et</strong></span> <span class='ocrx_word' id='word_1_194' title='bbox 2220 1355 2528 1411; x_wconf 83' lang='lat' dir='ltr'><strong>domesticis</strong></span> <span class='ocrx_word' id='word_1_195' title='bbox 2556 1361 2772 1406; x_wconf 84' lang='lat' dir='ltr'><strong>utamur</strong></span> <span class='ocrx_word' id='word_1_196' title='bbox 2811 1348 3096 1418; x_wconf 82' lang='lat' dir='ltr'><strong>exemplis.</strong></span> <span class='ocrx_word' id='word_1_197' title='bbox 3132 1345 3401 1399; x_wconf 86' lang='lat' dir='ltr'><strong>Habemus</strong></span> <span class='ocrx_word' id='word_1_198' title='bbox 3437 1353 3494 1398; x_wconf 89' lang='lat' dir='ltr'><strong>et</strong></span> <span class='ocrx_word' id='word_1_199' title='bbox 3536 1359 3716 1398; x_wconf 87' lang='lat' dir='ltr'><strong>arcam</strong></span> 
     </span>
    </p>
   </div>
   <div class='ocr_carea' id='block_1_28' title="bbox 2127 1437 3725 1508">
    <p class='ocr_par' dir='ltr' id='par_1_28' title="bbox 2127 1437 3725 1508">
     <span class='ocr_line' id='line_1_28' title="bbox 2127 1437 3725 1508; baseline -0.01 -2"><span class='ocrx_word' id='word_1_200' title='bbox 2127 1451 2240 1506; x_wconf 80' lang='lat' dir='ltr'><strong>Noe</strong></span> <span class='ocrx_word' id='word_1_201' title='bbox 2264 1447 2311 1504; x_wconf 75' lang='grc' dir='ltr'><strong>ἀ.</strong></span> <span class='ocrx_word' id='word_1_202' title='bbox 2341 1449 2610 1503; x_wconf 74' lang='lat' dir='ltr'><strong>Habemus</strong></span> <span class='ocrx_word' id='word_1_203' title='bbox 2639 1453 2696 1500; x_wconf 87' lang='lat' dir='ltr'><strong>et</strong></span> <span class='ocrx_word' id='word_1_204' title='bbox 2719 1459 2911 1499; x_wconf 86' lang='lat' dir='ltr'><strong>navem</strong></span> <span class='ocrx_word' id='word_1_205' title='bbox 2939 1442 3126 1496; x_wconf 75' lang='lat' dir='ltr'><strong>Tharsi</strong></span> <span class='ocrx_word' id='word_1_206' title='bbox 3155 1451 3200 1506; x_wconf 80' lang='grc' dir='ltr'><strong>ε,</strong></span> <span class='ocrx_word' id='word_1_207' title='bbox 3231 1453 3530 1508; x_wconf 82' lang='lat' dir='ltr'><strong>navemque</strong></span> <span class='ocrx_word' id='word_1_208' title='bbox 3559 1437 3725 1492; x_wconf 63' lang='lat' dir='ltr'><strong>Tharv</strong></span> 
     </span>
    </p>
   </div>
   <div class='ocr_carea' id='block_1_29' title="bbox 2127 1529 3720 1604">
    <p class='ocr_par' dir='ltr' id='par_1_29' title="bbox 2127 1529 3720 1604">
     <span class='ocr_line' id='line_1_29' title="bbox 2127 1529 3720 1604; baseline -0.009 -9"><span class='ocrx_word' id='word_1_209' title='bbox 2127 1541 2298 1595; x_wconf 68' lang='lat' dir='ltr'><strong>scnsis</strong></span> <span class='ocrx_word' id='word_1_210' title='bbox 2330 1537 2374 1592; x_wconf 72' lang='grc' dir='ltr'><strong>τ.</strong></span> <span class='ocrx_word' id='word_1_211' title='bbox 2403 1538 2510 1592; x_wconf 87' lang='lat' dir='ltr'><strong>Sed</strong></span> <span class='ocrx_word' id='word_1_212' title='bbox 2539 1537 2623 1592; x_wconf 92' lang='lat' dir='ltr'><strong>illa</strong></span> <span class='ocrx_word' id='word_1_213' title='bbox 2644 1578 2658 1602; x_wconf 96' lang='lat'><strong>,</strong></span> <span class='ocrx_word' id='word_1_214' title='bbox 2688 1535 2764 1590; x_wconf 83' lang='lat' dir='ltr'><strong>de</strong></span> <span class='ocrx_word' id='word_1_215' title='bbox 2803 1549 2906 1604; x_wconf 90' lang='lat' dir='ltr'><strong>qua</strong></span> <span class='ocrx_word' id='word_1_216' title='bbox 2939 1532 3033 1586; x_wconf 86' lang='lat' dir='ltr'><strong>Dei</strong></span> <span class='ocrx_word' id='word_1_217' title='bbox 3081 1531 3358 1599; x_wconf 79' lang='lat' dir='ltr'><strong>fugitivum</strong></span> <span class='ocrx_word' id='word_1_218' title='bbox 3400 1529 3720 1600; x_wconf 83' lang='lat' dir='ltr'><strong>praphetam</strong></span> 
     </span>
    </p>
   </div>
   <div class='ocr_carea' id='block_1_30' title="bbox 2130 1619 3720 1694">
    <p class='ocr_par' dir='ltr' id='par_1_30' title="bbox 2130 1619 3720 1694">
     <span class='ocr_line' id='line_1_30' title="bbox 2130 1619 3720 1694; baseline -0.008 -10"><span class='ocrx_word' id='word_1_219' title='bbox 2130 1632 2274 1685; x_wconf 72' lang='lat' dir='ltr'><strong>nitor</strong></span> <span class='ocrx_word' id='word_1_220' title='bbox 2301 1638 2356 1684; x_wconf 88' lang='lat' dir='ltr'><strong>et</strong></span> <span class='ocrx_word' id='word_1_221' title='bbox 2384 1636 2566 1683; x_wconf 84' lang='lat' dir='ltr'><strong>custos</strong></span> <span class='ocrx_word' id='word_1_222' title='bbox 2594 1633 2746 1682; x_wconf 89' lang='lat' dir='ltr'><strong>cetus</strong></span> <span class='ocrx_word' id='word_1_223' title='bbox 2775 1624 2987 1694; x_wconf 79' lang='lat' dir='ltr'><strong>excepit</strong></span> <span class='ocrx_word' id='word_1_224' title='bbox 3032 1621 3126 1691; x_wconf 70' lang='grc' dir='ltr'><strong>(γ.</strong></span> <span class='ocrx_word' id='word_1_225' title='bbox 3163 1629 3282 1675; x_wconf 89' lang='lat' dir='ltr'><strong>not.</strong></span> <span class='ocrx_word' id='word_1_226' title='bbox 3305 1619 3429 1683; x_wconf 56' lang='grc' dir='ltr'><strong>θοι)</strong></span> <span class='ocrx_word' id='word_1_227' title='bbox 3449 1663 3465 1687; x_wconf 90' lang='grc'><em>,</em></span> <span class='ocrx_word' id='word_1_228' title='bbox 3497 1628 3720 1674; x_wconf 87' lang='lat' dir='ltr'><strong>eatenus</strong></span> 
     </span>
    </p>
   </div>
   <div class='ocr_carea' id='block_1_31' title="bbox 2129 1715 3721 1786">
    <p class='ocr_par' dir='ltr' id='par_1_31' title="bbox 2129 1715 3721 1786">
     <span class='ocr_line' id='line_1_31' title="bbox 2129 1715 3721 1786; baseline -0.01 -10"><span class='ocrx_word' id='word_1_229' title='bbox 2129 1721 2258 1776; x_wconf 87' lang='lat' dir='ltr'><strong>huic</strong></span> <span class='ocrx_word' id='word_1_230' title='bbox 2307 1719 2424 1773; x_wconf 87' lang='lat' dir='ltr'><strong>navi</strong></span> <span class='ocrx_word' id='word_1_231' title='bbox 2473 1715 2772 1786; x_wconf 79' lang='lat' dir='ltr'><strong>comparari</strong></span> <span class='ocrx_word' id='word_1_232' title='bbox 2817 1721 3023 1783; x_wconf 86' lang='lat' dir='ltr'><strong>potest,</strong></span> <span class='ocrx_word' id='word_1_233' title='bbox 3063 1718 3327 1779; x_wconf 84' lang='lat' dir='ltr'><strong>quatenus</strong></span> <span class='ocrx_word' id='word_1_234' title='bbox 3355 1718 3480 1763; x_wconf 83' lang='lat' dir='ltr'><strong>ante</strong></span> <span class='ocrx_word' id='word_1_235' title='bbox 3523 1717 3721 1774; x_wconf 87' lang='lat' dir='ltr'><strong>sortem</strong></span> 
     </span>
    </p>
   </div>
   <div class='ocr_carea' id='block_1_32' title="bbox 2131 1799 3734 1883">
    <p class='ocr_par' dir='ltr' id='par_1_32' title="bbox 2131 1799 3734 1883">
     <span class='ocr_line' id='line_1_32' title="bbox 2131 1799 3734 1883; baseline -0.009 -16"><span class='ocrx_word' id='word_1_236' title='bbox 2131 1811 2431 1883; x_wconf 82' lang='lat' dir='ltr'><strong>periclitata</strong></span> <span class='ocrx_word' id='word_1_237' title='bbox 2475 1816 2558 1864; x_wconf 92' lang='lat' dir='ltr'><strong>est</strong></span> <span class='ocrx_word' id='word_1_238' title='bbox 2606 1817 2628 1855; x_wconf 71' lang='grc' dir='ltr'><strong>α</strong></span> <span class='ocrx_word' id='word_1_239' title='bbox 2665 1825 2678 1859; x_wconf 87' lang='lat'><strong>:</strong></span> <span class='ocrx_word' id='word_1_240' title='bbox 2725 1804 2882 1861; x_wconf 88' lang='lat' dir='ltr'><strong>tertia</strong></span> <span class='ocrx_word' id='word_1_241' title='bbox 2930 1818 3060 1858; x_wconf 86' lang='lat' dir='ltr'><strong>vero</strong></span> <span class='ocrx_word' id='word_1_242' title='bbox 3109 1801 3264 1855; x_wconf 84' lang='lat' dir='ltr'><strong>navis</strong></span> <span class='ocrx_word' id='word_1_243' title='bbox 3305 1799 3553 1868; x_wconf 82' lang='lat' dir='ltr'><strong>exemplo</strong></span> <span class='ocrx_word' id='word_1_244' title='bbox 3605 1813 3734 1853; x_wconf 83' lang='lat' dir='ltr'><strong>meo</strong></span> 
     </span>
    </p>
   </div>
   <div class='ocr_carea' id='block_1_33' title="bbox 443 1883 3732 1969">
    <p class='ocr_par' dir='ltr' id='par_1_33' title="bbox 443 1883 3732 1969">
     <span class='ocr_line' id='line_1_33' title="bbox 443 1883 3732 1969; baseline -0.009 -18"><span class='ocrx_word' id='word_1_245' title='bbox 443 1897 666 1951; x_wconf 87' lang='lat' dir='ltr'><strong>homine</strong></span> <span class='ocrx_word' id='word_1_246' title='bbox 689 1910 815 1950; x_wconf 88' lang='lat' dir='ltr'><strong>cum</strong></span> <span class='ocrx_word' id='word_1_247' title='bbox 862 1893 1119 1962; x_wconf 80' lang='lat' dir='ltr'><strong>frugibus,</strong></span> <span class='ocrx_word' id='word_1_248' title='bbox 1149 1890 1299 1944; x_wconf 86' lang='lat' dir='ltr'><strong>velut</strong></span> <span class='ocrx_word' id='word_1_249' title='bbox 1325 1888 1416 1944; x_wconf 91' lang='lat' dir='ltr'><strong>illa</strong></span> <span class='ocrx_word' id='word_1_250' title='bbox 1455 1887 1656 1942; x_wconf 79' lang='lat' dir='ltr'><strong>diluvio</strong></span> <span class='ocrx_word' id='word_1_251' title='bbox 1697 1886 1804 1943; x_wconf 85' lang='lat' dir='ltr'><strong>feta</strong></span> <span class='ocrx_word' id='word_1_252' title='bbox 1847 1883 2030 1940; x_wconf 91' lang='lat' dir='ltr'><strong>mundi</strong></span> <span class='ocrx_word' id='word_1_253' title='bbox 2066 1901 2105 1960; x_wconf 75' lang='grc' dir='ltr'><strong>Β</strong></span> <span class='ocrx_word' id='word_1_254' title='bbox 2136 1902 2383 1969; x_wconf 63' lang='grc' dir='ltr'><strong>ευηεηιίι</strong></span> <span class='ocrx_word' id='word_1_255' title='bbox 2427 1900 2587 1966; x_wconf 56' lang='grc' dir='ltr'><strong>δίης,</strong></span> <span class='ocrx_word' id='word_1_256' title='bbox 2617 1895 2759 1968; x_wconf 72' lang='lat' dir='ltr'><strong>quod</strong></span> <span class='ocrx_word' id='word_1_257' title='bbox 2808 1893 3110 1966; x_wconf 52' lang='lat' dir='ltr'><strong>apostolum</strong></span> <span class='ocrx_word' id='word_1_258' title='bbox 3153 1899 3208 1945; x_wconf 67' lang='grc' dir='ltr'>ει</span> <span class='ocrx_word' id='word_1_259' title='bbox 3234 1897 3528 1961; x_wconf 58' lang='lat' dir='ltr'><strong>martyrem</strong></span> <span class='ocrx_word' id='word_1_260' title='bbox 3557 1888 3732 1954; x_wconf 47' lang='lat' dir='ltr'><strong>vexit,</strong></span> 
     </span>
    </p>
   </div>
   <div class='ocr_carea' id='block_1_34' title="bbox 443 1979 2032 2052">
    <p class='ocr_par' dir='ltr' id='par_1_34' title="bbox 443 1979 2032 2052">
     <span class='ocr_line' id='line_1_34' title="bbox 443 1979 2032 2052; baseline -0.008 -8"><span class='ocrx_word' id='word_1_261' title='bbox 443 1988 739 2046; x_wconf 81' lang='lat' dir='ltr'><strong>seminibus</strong></span> <span class='ocrx_word' id='word_1_262' title='bbox 784 2001 934 2052; x_wconf 90' lang='lat' dir='ltr'><strong>arca,</strong></span> <span class='ocrx_word' id='word_1_263' title='bbox 971 1983 1170 2039; x_wconf 81' lang='lat' dir='ltr'><strong>ﬂuebat</strong></span> <span class='ocrx_word' id='word_1_264' title='bbox 1197 1983 1243 2015; x_wconf 76' lang='grc'><strong>’⁷</strong></span> <span class='ocrx_word' id='word_1_265' title='bbox 1264 1993 1322 2049; x_wconf 78' lang='grc' dir='ltr'><strong>ο;</strong></span> <span class='ocrx_word' id='word_1_266' title='bbox 1349 1996 1452 2038; x_wconf 82' lang='lat' dir='ltr'><strong>nee</strong></span> <span class='ocrx_word' id='word_1_267' title='bbox 1478 1997 1586 2036; x_wconf 93' lang='lat' dir='ltr'><strong>uno</strong></span> <span class='ocrx_word' id='word_1_268' title='bbox 1633 1980 1767 2036; x_wconf 91' lang='lat' dir='ltr'><strong>mari</strong></span> <span class='ocrx_word' id='word_1_269' title='bbox 1802 1979 2032 2049; x_wconf 88' lang='lat' dir='ltr'><strong>jactata,</strong></span> 
     </span>
    </p>
   </div>
   <div class='ocr_carea' id='block_1_35' title="bbox 447 2073 1591 2148">
    <p class='ocr_par' dir='ltr' id='par_1_35' title="bbox 447 2073 1591 2148">
     <span class='ocr_line' id='line_1_35' title="bbox 447 2073 1591 2148; baseline -0.007 -13"><span class='ocrx_word' id='word_1_270' title='bbox 447 2093 664 2136; x_wconf 87' lang='lat' dir='ltr'><strong>cursum</strong></span> <span class='ocrx_word' id='word_1_271' title='bbox 691 2093 817 2133; x_wconf 85' lang='lat' dir='ltr'><strong>cum</strong></span> <span class='ocrx_word' id='word_1_272' title='bbox 835 2075 1244 2148; x_wconf 86' lang='lat' dir='ltr'><strong>tempestatibus</strong></span> <span class='ocrx_word' id='word_1_273' title='bbox 1273 2073 1591 2129; x_wconf 82' lang='lat' dir='ltr'><strong>immutavit.</strong></span> 
     </span>
    </p>
   </div>
   <div class='ocr_carea' id='block_1_36' title="bbox 518 2163 2030 2234">
    <p class='ocr_par' dir='ltr' id='par_1_36' title="bbox 518 2163 2030 2234">
     <span class='ocr_line' id='line_1_36' title="bbox 518 2163 2030 2234; baseline -0.005 -11"><span class='ocrx_word' id='word_1_274' title='bbox 518 2168 571 2223; x_wconf 88' lang='lat'><strong>8.</strong></span> <span class='ocrx_word' id='word_1_275' title='bbox 600 2167 783 2224; x_wconf 88' lang='lat' dir='ltr'><strong>Primo</strong></span> <span class='ocrx_word' id='word_1_276' title='bbox 822 2167 889 2222; x_wconf 90' lang='lat' dir='ltr'><strong>ad</strong></span> <span class='ocrx_word' id='word_1_277' title='bbox 919 2166 1121 2222; x_wconf 90' lang='lat' dir='ltr'><strong>Urbem</strong></span> <span class='ocrx_word' id='word_1_278' title='bbox 1164 2173 1314 2231; x_wconf 83' lang='lat' dir='ltr'><strong>acta,</strong></span> <span class='ocrx_word' id='word_1_279' title='bbox 1333 2164 1558 2220; x_wconf 85' lang='lat' dir='ltr'><strong>Romani</strong></span> <span class='ocrx_word' id='word_1_280' title='bbox 1589 2171 1776 2234; x_wconf 89' lang='lat' dir='ltr'><strong>portus</strong></span> <span class='ocrx_word' id='word_1_281' title='bbox 1804 2163 2030 2233; x_wconf 88' lang='lat' dir='ltr'><strong>pharum</strong></span> 
     </span>
    </p>
   </div>
   <div class='ocr_carea' id='block_1_37' title="bbox 447 2255 2034 2330">
    <p class='ocr_par' dir='ltr' id='par_1_37' title="bbox 447 2255 2034 2330">
     <span class='ocr_line' id='line_1_37' title="bbox 447 2255 2034 2330; baseline -0.006 -13"><span class='ocrx_word' id='word_1_282' title='bbox 447 2263 578 2319; x_wconf 84' lang='lat' dir='ltr'><strong>vidit</strong></span> <span class='ocrx_word' id='word_1_283' title='bbox 604 2281 618 2316; x_wconf 91' lang='lat'><strong>:</strong></span> <span class='ocrx_word' id='word_1_284' title='bbox 649 2261 842 2318; x_wconf 86' lang='lat' dir='ltr'><strong>deinde</strong></span> <span class='ocrx_word' id='word_1_285' title='bbox 863 2258 1211 2330; x_wconf 88' lang='lat' dir='ltr'><strong>Campaniam</strong></span> <span class='ocrx_word' id='word_1_286' title='bbox 1251 2258 1422 2326; x_wconf 86' lang='lat' dir='ltr'><strong>longis</strong></span> <span class='ocrx_word' id='word_1_287' title='bbox 1451 2256 1708 2312; x_wconf 84' lang='lat' dir='ltr'><strong>tractibus</strong></span> <span class='ocrx_word' id='word_1_288' title='bbox 1736 2255 1889 2324; x_wconf 88' lang='lat' dir='ltr'><strong>legit,</strong></span> <span class='ocrx_word' id='word_1_289' title='bbox 1910 2270 2034 2308; x_wconf 91' lang='lat' dir='ltr'><strong>mu-</strong></span> 
     </span>
    </p>
   </div>
   <div class='ocr_carea' id='block_1_38' title="bbox 449 2348 2033 2424">
    <p class='ocr_par' dir='ltr' id='par_1_38' title="bbox 449 2348 2033 2424">
     <span class='ocr_line' id='line_1_38' title="bbox 449 2348 2033 2424; baseline -0.006 -14"><span class='ocrx_word' id='word_1_290' title='bbox 449 2356 680 2424; x_wconf 70' lang='lat' dir='ltr'><strong>tatisque</strong></span> <span class='ocrx_word' id='word_1_291' title='bbox 708 2352 1025 2417; x_wconf 85' lang='lat' dir='ltr'><strong>turbinibus,</strong></span> <span class='ocrx_word' id='word_1_292' title='bbox 1058 2352 1111 2406; x_wconf 92' lang='lat' dir='ltr'><strong>in</strong></span> <span class='ocrx_word' id='word_1_293' title='bbox 1135 2349 1327 2405; x_wconf 65' lang='lat' dir='ltr'><strong>Africa</strong></span> <span class='ocrx_word' id='word_1_294' title='bbox 1368 2350 1548 2404; x_wconf 88' lang='lat' dir='ltr'><strong>littora</strong></span> <span class='ocrx_word' id='word_1_295' title='bbox 1577 2348 1926 2403; x_wconf 79' lang='lat' dir='ltr'><strong>transvolavit</strong></span> <span class='ocrx_word' id='word_1_296' title='bbox 1952 2356 2033 2400; x_wconf 92' lang='lat' dir='ltr'><strong>at-</strong></span> 
     </span>
    </p>
   </div>
   <div class='ocr_carea' id='block_1_39' title="bbox 449 2436 2036 2516">
    <p class='ocr_par' dir='ltr' id='par_1_39' title="bbox 449 2436 2036 2516">
     <span class='ocr_line' id='line_1_39' title="bbox 449 2436 2036 2516; baseline -0.007 -15"><span class='ocrx_word' id='word_1_297' title='bbox 449 2462 555 2516; x_wconf 87' lang='lat' dir='ltr'><strong>que</strong></span> <span class='ocrx_word' id='word_1_298' title='bbox 575 2445 643 2500; x_wconf 89' lang='lat' dir='ltr'><strong>ab</strong></span> <span class='ocrx_word' id='word_1_299' title='bbox 672 2445 802 2516; x_wconf 88' lang='lat' dir='ltr'><strong>ipsis</strong></span> <span class='ocrx_word' id='word_1_300' title='bbox 818 2458 1001 2498; x_wconf 85' lang='lat' dir='ltr'><strong>rursus</strong></span> <span class='ocrx_word' id='word_1_301' title='bbox 1027 2441 1267 2511; x_wconf 89' lang='lat' dir='ltr'><strong>abrepta,</strong></span> <span class='ocrx_word' id='word_1_302' title='bbox 1300 2439 1536 2495; x_wconf 89' lang='lat' dir='ltr'><strong>Siciliam</strong></span> <span class='ocrx_word' id='word_1_303' title='bbox 1565 2437 1909 2504; x_wconf 78' lang='lat' dir='ltr'><strong>transcurrit,</strong></span> <span class='ocrx_word' id='word_1_304' title='bbox 1931 2436 2036 2491; x_wconf 89' lang='lat' dir='ltr'><strong>cir—</strong></span> 
     </span>
    </p>
   </div>
   <div class='ocr_carea' id='block_1_40' title="bbox 449 2526 2036 2607">
    <p class='ocr_par' dir='ltr' id='par_1_40' title="bbox 449 2526 2036 2607">
     <span class='ocr_line' id='line_1_40' title="bbox 449 2526 2036 2607; baseline -0.008 -14"><span class='ocrx_word' id='word_1_305' title='bbox 449 2553 512 2593; x_wconf 87' lang='lat' dir='ltr'><strong>ea</strong></span> <span class='ocrx_word' id='word_1_306' title='bbox 543 2552 701 2607; x_wconf 89' lang='lat' dir='ltr'><strong>quam</strong></span> <span class='ocrx_word' id='word_1_307' title='bbox 731 2536 942 2591; x_wconf 84' lang='lat' dir='ltr'><strong>concita</strong></span> <span class='ocrx_word' id='word_1_308' title='bbox 963 2541 1018 2588; x_wconf 86' lang='lat' dir='ltr'><strong>ct</strong></span> <span class='ocrx_word' id='word_1_309' title='bbox 1037 2531 1299 2588; x_wconf 87' lang='lat' dir='ltr'><strong>verticosa</strong></span> <span class='ocrx_word' id='word_1_310' title='bbox 1328 2529 1550 2593; x_wconf 87' lang='lat' dir='ltr'><strong>crebris,</strong></span> <span class='ocrx_word' id='word_1_311' title='bbox 1576 2537 1634 2584; x_wconf 93' lang='lat' dir='ltr'><strong>ut</strong></span> <span class='ocrx_word' id='word_1_312' title='bbox 1660 2526 1856 2593; x_wconf 87' lang='lat' dir='ltr'><strong>ferunt,</strong></span> <span class='ocrx_word' id='word_1_313' title='bbox 1887 2527 2036 2582; x_wconf 87' lang='lat' dir='ltr'><strong>insu-</strong></span> 
     </span>
    </p>
   </div>
   <div class='ocr_carea' id='block_1_41' title="bbox 451 2620 2037 2698">
    <p class='ocr_par' dir='ltr' id='par_1_41' title="bbox 451 2620 2037 2698">
     <span class='ocr_line' id='line_1_41' title="bbox 451 2620 2037 2698; baseline -0.006 -14"><span class='ocrx_word' id='word_1_314' title='bbox 451 2630 520 2684; x_wconf 81' lang='lat' dir='ltr'><strong>lis</strong></span> <span class='ocrx_word' id='word_1_315' title='bbox 548 2628 706 2695; x_wconf 86' lang='lat' dir='ltr'><strong>freta,</strong></span> <span class='ocrx_word' id='word_1_316' title='bbox 733 2636 790 2684; x_wconf 87' lang='lat' dir='ltr'><strong>et</strong></span> <span class='ocrx_word' id='word_1_317' title='bbox 816 2626 1151 2698; x_wconf 83' lang='lat' dir='ltr'><strong>periculosos</strong></span> <span class='ocrx_word' id='word_1_318' title='bbox 1171 2625 1330 2679; x_wconf 90' lang='lat' dir='ltr'><strong>etiam</strong></span> <span class='ocrx_word' id='word_1_319' title='bbox 1360 2625 1460 2679; x_wconf 90' lang='lat' dir='ltr'><strong>sub</strong></span> <span class='ocrx_word' id='word_1_320' title='bbox 1489 2623 1845 2691; x_wconf 89' lang='lat' dir='ltr'><strong>gubernatore</strong></span> <span class='ocrx_word' id='word_1_321' title='bbox 1882 2620 2037 2675; x_wconf 89' lang='lat' dir='ltr'><strong>navi-</strong></span> 
     </span>
    </p>
   </div>
   <div class='ocr_carea' id='block_1_42' title="bbox 451 2713 2037 2784">
    <p class='ocr_par' dir='ltr' id='par_1_42' title="bbox 451 2713 2037 2784">
     <span class='ocr_line' id='line_1_42' title="bbox 451 2713 2037 2784; baseline -0.006 -7"><span class='ocrx_word' id='word_1_322' title='bbox 451 2723 552 2778; x_wconf 88' lang='lat' dir='ltr'><strong>bus</strong></span> <span class='ocrx_word' id='word_1_323' title='bbox 579 2735 770 2776; x_wconf 86' lang='lat' dir='ltr'><strong>cursus</strong></span> <span class='ocrx_word' id='word_1_324' title='bbox 810 2719 950 2774; x_wconf 81' lang='lat' dir='ltr'><strong>inter</strong></span> <span class='ocrx_word' id='word_1_325' title='bbox 989 2717 1242 2784; x_wconf 69' lang='lat' dir='ltr'><strong>ambages</strong></span> <span class='ocrx_word' id='word_1_326' title='bbox 1271 2722 1330 2769; x_wconf 88' lang='lat' dir='ltr'><strong>et</strong></span> <span class='ocrx_word' id='word_1_327' title='bbox 1368 2714 1548 2769; x_wconf 86' lang='lat' dir='ltr'><strong>obices</strong></span> <span class='ocrx_word' id='word_1_328' title='bbox 1585 2713 1876 2768; x_wconf 84' lang='lat' dir='ltr'><strong>insularum</strong></span> <span class='ocrx_word' id='word_1_329' title='bbox 1928 2720 2037 2768; x_wconf 84' lang='lat' dir='ltr'><strong>tam</strong></span> 
     </span>
    </p>
   </div>
   <div class='ocr_carea' id='block_1_43' title="bbox 453 2803 2040 2874">
    <p class='ocr_par' dir='ltr' id='par_1_43' title="bbox 453 2803 2040 2874">
     <span class='ocr_line' id='line_1_43' title="bbox 453 2803 2040 2874; baseline -0.005 -8"><span class='ocrx_word' id='word_1_330' title='bbox 453 2811 660 2866; x_wconf 85' lang='lat' dir='ltr'><strong>directo</strong></span> <span class='ocrx_word' id='word_1_331' title='bbox 698 2810 906 2865; x_wconf 86' lang='lat' dir='ltr'><strong>otiosus</strong></span> <span class='ocrx_word' id='word_1_332' title='bbox 950 2821 1114 2862; x_wconf 84' lang='lat' dir='ltr'><strong>senex</strong></span> <span class='ocrx_word' id='word_1_333' title='bbox 1145 2803 1513 2874; x_wconf 66' lang='lat' dir='ltr'><strong>inoﬂ‘ensoque</strong></span> <span class='ocrx_word' id='word_1_334' title='bbox 1561 2803 1770 2872; x_wconf 87' lang='lat' dir='ltr'><strong>navigio</strong></span> <span class='ocrx_word' id='word_1_335' title='bbox 1800 2803 2040 2873; x_wconf 74' lang='lat' dir='ltr'><strong>pmteri-</strong></span> 
     </span>
    </p>
   </div>
   <div class='ocr_carea' id='block_1_44' title="bbox 453 2893 2040 2968">
    <p class='ocr_par' dir='ltr' id='par_1_44' title="bbox 453 2893 2040 2968">
     <span class='ocr_line' id='line_1_44' title="bbox 453 2893 2040 2968; baseline -0.004 -14"><span class='ocrx_word' id='word_1_336' title='bbox 453 2901 558 2968; x_wconf 87' lang='lat' dir='ltr'><strong>vit,</strong></span> <span class='ocrx_word' id='word_1_337' title='bbox 579 2909 638 2954; x_wconf 90' lang='lat' dir='ltr'><strong>ut</strong></span> <span class='ocrx_word' id='word_1_338' title='bbox 665 2899 818 2968; x_wconf 85' lang='lat' dir='ltr'><strong>quasi</strong></span> <span class='ocrx_word' id='word_1_339' title='bbox 845 2898 1023 2952; x_wconf 84' lang='lat' dir='ltr'><strong>divina</strong></span> <span class='ocrx_word' id='word_1_340' title='bbox 1053 2896 1222 2958; x_wconf 83' lang='lat' dir='ltr'><strong>navis,</strong></span> <span class='ocrx_word' id='word_1_341' title='bbox 1251 2903 1304 2950; x_wconf 86' lang='lat' dir='ltr'><strong>et</strong></span> <span class='ocrx_word' id='word_1_342' title='bbox 1334 2895 1574 2950; x_wconf 90' lang='lat' dir='ltr'><strong>immisso</strong></span> <span class='ocrx_word' id='word_1_343' title='bbox 1601 2894 1855 2949; x_wconf 88' lang='lat' dir='ltr'><strong>divinitus</strong></span> <span class='ocrx_word' id='word_1_344' title='bbox 1882 2893 2040 2963; x_wconf 88' lang='lat' dir='ltr'><strong>spiri-</strong></span> 
     </span>
    </p>
   </div>
   <div class='ocr_carea' id='block_1_45' title="bbox 455 2982 2042 3060">
    <p class='ocr_par' dir='ltr' id='par_1_45' title="bbox 455 2982 2042 3060">
     <span class='ocr_line' id='line_1_45' title="bbox 455 2982 2042 3060; baseline -0.006 -15"><span class='ocrx_word' id='word_1_345' title='bbox 455 2999 515 3045; x_wconf 90' lang='lat' dir='ltr'><strong>tu</strong></span> <span class='ocrx_word' id='word_1_346' title='bbox 541 2990 777 3060; x_wconf 82' lang='lat' dir='ltr'><strong>sapiens,</strong></span> <span class='ocrx_word' id='word_1_347' title='bbox 806 3002 902 3043; x_wconf 88' lang='lat' dir='ltr'><strong>sua</strong></span> <span class='ocrx_word' id='word_1_348' title='bbox 926 2994 1117 3057; x_wconf 89' lang='lat' dir='ltr'><strong>sponte</strong></span> <span class='ocrx_word' id='word_1_349' title='bbox 1145 2983 1383 3040; x_wconf 80' lang='lat' dir='ltr'><strong>cavenda</strong></span> <span class='ocrx_word' id='word_1_350' title='bbox 1413 2985 1625 3049; x_wconf 79' lang='lat' dir='ltr'><strong>vitaret,</strong></span> <span class='ocrx_word' id='word_1_351' title='bbox 1652 2982 1930 3052; x_wconf 84' lang='lat' dir='ltr'><strong>sequenda</strong></span> <span class='ocrx_word' id='word_1_352' title='bbox 1943 2997 2042 3052; x_wconf 85' lang='lat' dir='ltr'><strong>pe-</strong></span> 
     </span>
    </p>
   </div>
   <div class='ocr_carea' id='block_1_46' title="bbox 456 3072 2046 3149">
    <p class='ocr_par' dir='ltr' id='par_1_46' title="bbox 456 3072 2046 3149">
     <span class='ocr_line' id='line_1_46' title="bbox 456 3072 2046 3149; baseline -0.006 -12"><span class='ocrx_word' id='word_1_353' title='bbox 456 3089 620 3149; x_wconf 90' lang='lat' dir='ltr'><strong>teret,</strong></span> <span class='ocrx_word' id='word_1_354' title='bbox 641 3089 696 3134; x_wconf 90' lang='lat' dir='ltr'><strong>et</strong></span> <span class='ocrx_word' id='word_1_355' title='bbox 720 3079 922 3135; x_wconf 85' lang='lat' dir='ltr'><strong>utiliter</strong></span> <span class='ocrx_word' id='word_1_356' title='bbox 948 3093 1013 3133; x_wconf 87' lang='lat' dir='ltr'><strong>ac</strong></span> <span class='ocrx_word' id='word_1_357' title='bbox 1038 3076 1207 3148; x_wconf 78' lang='lat' dir='ltr'><strong>perite</strong></span> <span class='ocrx_word' id='word_1_358' title='bbox 1244 3090 1342 3146; x_wconf 84' lang='lat' dir='ltr'><strong>per</strong></span> <span class='ocrx_word' id='word_1_359' title='bbox 1369 3074 1702 3130; x_wconf 86' lang='lat' dir='ltr'><strong>necessarios</strong></span> <span class='ocrx_word' id='word_1_360' title='bbox 1732 3073 1908 3129; x_wconf 90' lang='lat' dir='ltr'><strong>obitus</strong></span> <span class='ocrx_word' id='word_1_361' title='bbox 1947 3072 2046 3128; x_wconf 80' lang='lat' dir='ltr'><strong>lle-</strong></span> 
     </span>
    </p>
   </div>
   <div class='ocr_carea' id='block_1_47' title="bbox 458 3163 2042 3239">
    <p class='ocr_par' dir='ltr' id='par_1_47' title="bbox 458 3163 2042 3239">
     <span class='ocr_line' id='line_1_47' title="bbox 458 3163 2042 3239; baseline -0.008 -10"><span class='ocrx_word' id='word_1_362' title='bbox 458 3182 724 3239; x_wconf 86' lang='lat' dir='ltr'><strong>cteretur;</strong></span> <span class='ocrx_word' id='word_1_363' title='bbox 772 3169 1030 3239; x_wconf 83' lang='lat' dir='ltr'><strong>vigesimo</strong></span> <span class='ocrx_word' id='word_1_364' title='bbox 1074 3168 1288 3222; x_wconf 89' lang='lat' dir='ltr'><strong>demum</strong></span> <span class='ocrx_word' id='word_1_365' title='bbox 1334 3166 1495 3221; x_wconf 90' lang='lat' dir='ltr'><strong>tertio</strong></span> <span class='ocrx_word' id='word_1_366' title='bbox 1542 3167 1584 3196; x_wconf 73' lang='grc'><strong>¹³</strong></span> <span class='ocrx_word' id='word_1_367' title='bbox 1610 3163 1727 3228; x_wconf 90' lang='lat' dir='ltr'><strong>die,</strong></span> <span class='ocrx_word' id='word_1_368' title='bbox 1753 3163 2042 3217; x_wconf 81' lang='lat' dir='ltr'><strong>miserante</strong></span> 
     </span>
    </p>
   </div>
   <div class='ocr_carea' id='block_1_48' title="bbox 2131 1980 3722 2067">
    <p class='ocr_par' dir='ltr' id='par_1_48' title="bbox 2131 1980 3722 2067">
     <span class='ocr_line' id='line_1_48' title="bbox 2131 1980 3722 2067; baseline -0.011 -17"><span class='ocrx_word' id='word_1_369' title='bbox 2131 2004 2458 2067; x_wconf 86' lang='lat' dir='ltr'><strong>propterque</strong></span> <span class='ocrx_word' id='word_1_370' title='bbox 2505 1993 2677 2062; x_wconf 88' lang='lat' dir='ltr'><strong>ipsum</strong></span> <span class='ocrx_word' id='word_1_371' title='bbox 2707 1999 2761 2044; x_wconf 89' lang='lat' dir='ltr'><strong>et</strong></span> <span class='ocrx_word' id='word_1_372' title='bbox 2809 1989 2861 2064; x_wconf 84' lang='lat' dir='ltr'><strong>in</strong></span> <span class='ocrx_word' id='word_1_373' title='bbox 2916 1989 3032 2057; x_wconf 91' lang='lat' dir='ltr'><strong>ipso</strong></span> <span class='ocrx_word' id='word_1_374' title='bbox 3061 1984 3332 2040; x_wconf 89' lang='lat' dir='ltr'><strong>Christum</strong></span> <span class='ocrx_word' id='word_1_375' title='bbox 3382 1981 3610 2050; x_wconf 83' lang='lat' dir='ltr'><strong>recepit,</strong></span> <span class='ocrx_word' id='word_1_376' title='bbox 3644 1980 3722 2033; x_wconf 87' lang='lat' dir='ltr'><strong>vel</strong></span> 
     </span>
    </p>
   </div>
   <div class='ocr_carea' id='block_1_49' title="bbox 2130 2069 3726 2153">
    <p class='ocr_par' dir='ltr' id='par_1_49' title="bbox 2130 2069 3726 2153">
     <span class='ocr_line' id='line_1_49' title="bbox 2130 2069 3726 2153; baseline -0.014 -9"><span class='ocrx_word' id='word_1_377' title='bbox 2130 2104 2259 2145; x_wconf 75' lang='lat' dir='ltr'><strong>etim</strong></span> <span class='ocrx_word' id='word_1_378' title='bbox 2284 2087 2360 2141; x_wconf 66' lang='lat' dir='ltr'><strong>ibi</strong></span> <span class='ocrx_word' id='word_1_379' title='bbox 2410 2093 2575 2139; x_wconf 88' lang='lat' dir='ltr'><strong>totam</strong></span> <span class='ocrx_word' id='word_1_380' title='bbox 2602 2081 2858 2153; x_wconf 60' lang='lat' dir='ltr'><strong>periturae</strong></span> <span class='ocrx_word' id='word_1_381' title='bbox 2883 2077 3032 2132; x_wconf 85' lang='lat' dir='ltr'><strong>navis</strong></span> <span class='ocrx_word' id='word_1_382' title='bbox 3060 2071 3454 2129; x_wconf 84' lang='lat' dir='ltr'><strong>multitudinem</strong></span> <span class='ocrx_word' id='word_1_383' title='bbox 3486 2069 3726 2124; x_wconf 62' lang='lat' dir='ltr'><strong>redonao</strong></span> 
     </span>
    </p>
   </div>
   <div class='ocr_carea' id='block_1_50' title="bbox 2131 2175 2362 2233">
    <p class='ocr_par' dir='ltr' id='par_1_50' title="bbox 2131 2175 2362 2233">
     <span class='ocr_line' id='line_1_50' title="bbox 2131 2175 2362 2233; baseline -0.013 0"><span class='ocrx_word' id='word_1_384' title='bbox 2131 2180 2208 2233; x_wconf 88' lang='lat' dir='ltr'><strong>vit</strong></span> <span class='ocrx_word' id='word_1_385' title='bbox 2237 2180 2282 2209; x_wconf 83' lang='lat'>&quot;</span> <span class='ocrx_word' id='word_1_386' title='bbox 2311 2175 2362 2230; x_wconf 69' lang='grc' dir='ltr'><strong>δ.</strong></span> 
     </span>
    </p>
   </div>
   <div class='ocr_carea' id='block_1_51' title="bbox 2204 2258 3732 2342">
    <p class='ocr_par' dir='ltr' id='par_1_51' title="bbox 2204 2258 3732 2342">
     <span class='ocr_line' id='line_1_51' title="bbox 2204 2258 3732 2342; baseline -0.014 -16"><span class='ocrx_word' id='word_1_387' title='bbox 2204 2271 2292 2326; x_wconf 68' lang='grc' dir='ltr'><strong>ω.</strong></span> <span class='ocrx_word' id='word_1_388' title='bbox 2327 2270 2695 2342; x_wconf 79' lang='lat' dir='ltr'><strong>Proponamus</strong></span> <span class='ocrx_word' id='word_1_389' title='bbox 2735 2277 2863 2332; x_wconf 81' lang='lat' dir='ltr'><strong>ergo</strong></span> <span class='ocrx_word' id='word_1_390' title='bbox 2893 2260 3047 2316; x_wconf 91' lang='lat' dir='ltr'><strong>nobis</strong></span> <span class='ocrx_word' id='word_1_391' title='bbox 3069 2258 3270 2322; x_wconf 88' lang='lat' dir='ltr'><strong>animo,</strong></span> <span class='ocrx_word' id='word_1_392' title='bbox 3303 2264 3358 2310; x_wconf 80' lang='lat' dir='ltr'><strong>et</strong></span> <span class='ocrx_word' id='word_1_393' title='bbox 3397 2261 3579 2309; x_wconf 88' lang='lat' dir='ltr'><strong>mente</strong></span> <span class='ocrx_word' id='word_1_394' title='bbox 3605 2267 3732 2308; x_wconf 84' lang='lat' dir='ltr'><strong>cer-</strong></span> 
     </span>
    </p>
   </div>
   <div class='ocr_carea' id='block_1_52' title="bbox 2134 2349 3728 2434">
    <p class='ocr_par' dir='ltr' id='par_1_52' title="bbox 2134 2349 3728 2434">
     <span class='ocr_line' id='line_1_52' title="bbox 2134 2349 3728 2434; baseline -0.011 -14"><span class='ocrx_word' id='word_1_395' title='bbox 2134 2379 2324 2420; x_wconf 67' lang='lat' dir='ltr'><strong>namus</strong></span> <span class='ocrx_word' id='word_1_396' title='bbox 2351 2359 2770 2434; x_wconf 80' lang='lat' dir='ltr'><strong>pulcherrimum</strong></span> <span class='ocrx_word' id='word_1_397' title='bbox 2818 2355 2980 2410; x_wconf 83' lang='lat' dir='ltr'><strong>divini</strong></span> <span class='ocrx_word' id='word_1_398' title='bbox 3012 2352 3193 2424; x_wconf 89' lang='lat' dir='ltr'><strong>operis</strong></span> <span class='ocrx_word' id='word_1_399' title='bbox 3220 2349 3606 2421; x_wconf 73' lang='lat' dir='ltr'><strong>Spectaculum,</strong></span> <span class='ocrx_word' id='word_1_400' title='bbox 3652 2349 3728 2402; x_wconf 70' lang='lat' dir='ltr'><strong>vi~</strong></span> 
     </span>
    </p>
   </div>
   <div class='ocr_carea' id='block_1_53' title="bbox 2135 2440 3733 2512">
    <p class='ocr_par' dir='ltr' id='par_1_53' title="bbox 2135 2440 3733 2512">
     <span class='ocr_line' id='line_1_53' title="bbox 2135 2440 3733 2512; baseline -0.013 0"><span class='ocrx_word' id='word_1_401' title='bbox 2135 2457 2325 2512; x_wconf 85' lang='lat' dir='ltr'><strong>dentes</strong></span> <span class='ocrx_word' id='word_1_402' title='bbox 2369 2469 2561 2508; x_wconf 82' lang='lat' dir='ltr'><strong>navem</strong></span> <span class='ocrx_word' id='word_1_403' title='bbox 2601 2466 2760 2506; x_wconf 90' lang='lat' dir='ltr'><strong>unam</strong></span> <span class='ocrx_word' id='word_1_404' title='bbox 2804 2448 2870 2504; x_wconf 89' lang='lat' dir='ltr'><strong>de</strong></span> <span class='ocrx_word' id='word_1_405' title='bbox 2899 2446 3186 2501; x_wconf 90' lang='lat' dir='ltr'><strong>multarum</strong></span> <span class='ocrx_word' id='word_1_406' title='bbox 3217 2442 3431 2496; x_wconf 85' lang='lat' dir='ltr'><strong>navium</strong></span> <span class='ocrx_word' id='word_1_407' title='bbox 3454 2440 3733 2494; x_wconf 81' lang='lat' dir='ltr'><strong>omnium-</strong></span> 
     </span>
    </p>
   </div>
   <div class='ocr_carea' id='block_1_54' title="bbox 2135 2530 3732 2619">
    <p class='ocr_par' dir='ltr' id='par_1_54' title="bbox 2135 2530 3732 2619">
     <span class='ocr_line' id='line_1_54' title="bbox 2135 2530 3732 2619; baseline -0.014 -15"><span class='ocrx_word' id='word_1_408' title='bbox 2135 2565 2250 2619; x_wconf 85' lang='lat' dir='ltr'><strong>que</strong></span> <span class='ocrx_word' id='word_1_409' title='bbox 2271 2555 2552 2602; x_wconf 84' lang='lat' dir='ltr'><strong>nautarum</strong></span> <span class='ocrx_word' id='word_1_410' title='bbox 2583 2541 2858 2610; x_wconf 80' lang='lat' dir='ltr'><strong>naufragio</strong></span> <span class='ocrx_word' id='word_1_411' title='bbox 2885 2547 3250 2609; x_wconf 84' lang='lat' dir='ltr'><strong>raptam,uno</strong></span> <span class='ocrx_word' id='word_1_412' title='bbox 3279 2547 3409 2588; x_wconf 89' lang='lat' dir='ltr'><strong>sene</strong></span> <span class='ocrx_word' id='word_1_413' title='bbox 3448 2531 3617 2585; x_wconf 88' lang='lat' dir='ltr'><strong>maria</strong></span> <span class='ocrx_word' id='word_1_414' title='bbox 3647 2530 3732 2584; x_wconf 60' lang='lat' dir='ltr'><strong>dio</strong></span> 
     </span>
    </p>
   </div>
   <div class='ocr_carea' id='block_1_55' title="bbox 2135 2623 3726 2707">
    <p class='ocr_par' dir='ltr' id='par_1_55' title="bbox 2135 2623 3726 2707">
     <span class='ocr_line' id='line_1_55' title="bbox 2135 2623 3726 2707; baseline -0.014 -12"><span class='ocrx_word' id='word_1_415' title='bbox 2135 2653 2299 2695; x_wconf 75' lang='lat' dir='ltr'><strong>versa</strong></span> <span class='ocrx_word' id='word_1_416' title='bbox 2318 2643 2668 2707; x_wconf 76' lang='lat' dir='ltr'><strong>peragrante,</strong></span> <span class='ocrx_word' id='word_1_417' title='bbox 2693 2633 2862 2688; x_wconf 91' lang='lat' dir='ltr'><strong>solam</strong></span> <span class='ocrx_word' id='word_1_418' title='bbox 2900 2630 2954 2684; x_wconf 89' lang='lat' dir='ltr'><strong>in</strong></span> <span class='ocrx_word' id='word_1_419' title='bbox 3001 2627 3222 2698; x_wconf 77' lang='lat' dir='ltr'><strong>pelago,</strong></span> <span class='ocrx_word' id='word_1_420' title='bbox 3241 2633 3296 2679; x_wconf 89' lang='lat' dir='ltr'><strong>et</strong></span> <span class='ocrx_word' id='word_1_421' title='bbox 3327 2624 3378 2700; x_wconf 79' lang='lat' dir='ltr'><strong>in</strong></span> <span class='ocrx_word' id='word_1_422' title='bbox 3427 2636 3490 2677; x_wconf 90' lang='lat' dir='ltr'><strong>ea</strong></span> <span class='ocrx_word' id='word_1_423' title='bbox 3533 2623 3726 2676; x_wconf 76' lang='lat' dir='ltr'><strong>solum‘</strong></span> 
     </span>
    </p>
   </div>
   <div class='ocr_carea' id='block_1_56' title="bbox 2136 2713 3735 2786">
    <p class='ocr_par' dir='ltr' id='par_1_56' title="bbox 2136 2713 3735 2786">
     <span class='ocr_line' id='line_1_56' title="bbox 2136 2713 3735 2786; baseline -0.013 -1"><span class='ocrx_word' id='word_1_424' title='bbox 2136 2729 2262 2786; x_wconf 75' lang='lat' dir='ltr'><strong>lam</strong></span> <span class='ocrx_word' id='word_1_425' title='bbox 2281 2729 2368 2783; x_wconf 92' lang='lat' dir='ltr'><strong>illa</strong></span> <span class='ocrx_word' id='word_1_426' title='bbox 2399 2727 2553 2781; x_wconf 89' lang='lat' dir='ltr'><strong>nobis</strong></span> <span class='ocrx_word' id='word_1_427' title='bbox 2581 2739 2706 2780; x_wconf 73' lang='lat' dir='ltr'><strong>arca</strong></span> <span class='ocrx_word' id='word_1_428' title='bbox 2731 2722 2914 2778; x_wconf 87' lang='lat' dir='ltr'><strong>diluvii</strong></span> <span class='ocrx_word' id='word_1_429' title='bbox 2940 2727 3066 2774; x_wconf 87' lang='lat' dir='ltr'><strong>ante</strong></span> <span class='ocrx_word' id='word_1_430' title='bbox 3095 2716 3305 2777; x_wconf 88' lang='lat' dir='ltr'><strong>oculos,</strong></span> <span class='ocrx_word' id='word_1_431' title='bbox 3320 2713 3578 2769; x_wconf 65' lang='lat' dir='ltr'><strong>Ecclesiae</strong></span> <span class='ocrx_word' id='word_1_432' title='bbox 3601 2713 3735 2766; x_wconf 54' lang='lat' dir='ltr'><strong>ima-</strong></span> 
     </span>
    </p>
   </div>
   <div class='ocr_carea' id='block_1_57' title="bbox 2138 2803 3728 2892">
    <p class='ocr_par' dir='ltr' id='par_1_57' title="bbox 2138 2803 3728 2892">
     <span class='ocr_line' id='line_1_57' title="bbox 2138 2803 3728 2892; baseline -0.014 -16"><span class='ocrx_word' id='word_1_433' title='bbox 2138 2836 2226 2892; x_wconf 80' lang='lat' dir='ltr'><strong>go,</strong></span> <span class='ocrx_word' id='word_1_434' title='bbox 2257 2815 2646 2880; x_wconf 76' lang='lat' dir='ltr'><strong>versabitur&quot;,</strong></span> <span class='ocrx_word' id='word_1_435' title='bbox 2670 2828 2831 2883; x_wconf 85' lang='lat' dir='ltr'><strong>super</strong></span> <span class='ocrx_word' id='word_1_436' title='bbox 2857 2811 3042 2867; x_wconf 86' lang='lat' dir='ltr'><strong>orbem</strong></span> <span class='ocrx_word' id='word_1_437' title='bbox 3069 2808 3372 2862; x_wconf 77' lang='lat' dir='ltr'><strong>demersum</strong></span> <span class='ocrx_word' id='word_1_438' title='bbox 3401 2815 3505 2858; x_wconf 86' lang='lat' dir='ltr'><strong>una</strong></span> <span class='ocrx_word' id='word_1_439' title='bbox 3534 2803 3728 2870; x_wconf 84' lang='lat' dir='ltr'><strong>ubique</strong></span> 
     </span>
    </p>
   </div>
   <div class='ocr_carea' id='block_1_58' title="bbox 2139 2891 3725 2971">
    <p class='ocr_par' dir='ltr' id='par_1_58' title="bbox 2139 2891 3725 2971">
     <span class='ocr_line' id='line_1_58' title="bbox 2139 2891 3725 2971; baseline -0.014 -4"><span class='ocrx_word' id='word_1_440' title='bbox 2139 2891 2314 2967; x_wconf 70' lang='lat' dir='ltr'><strong>diffusi</strong></span> <span class='ocrx_word' id='word_1_441' title='bbox 2365 2908 2527 2964; x_wconf 86' lang='lat' dir='ltr'><strong>maris</strong></span> <span class='ocrx_word' id='word_1_442' title='bbox 2583 2905 2716 2960; x_wconf 83' lang='lat' dir='ltr'><strong>facie</strong></span> <span class='ocrx_word' id='word_1_443' title='bbox 2762 2903 2812 2971; x_wconf 66' lang='grc' dir='ltr'>ι,</span> <span class='ocrx_word' id='word_1_444' title='bbox 2849 2903 2990 2957; x_wconf 89' lang='lat' dir='ltr'><strong>inter</strong></span> <span class='ocrx_word' id='word_1_445' title='bbox 3036 2898 3232 2954; x_wconf 80' lang='lat' dir='ltr'><strong>effusas</strong></span> <span class='ocrx_word' id='word_1_446' title='bbox 3277 2895 3396 2951; x_wconf 71' lang='lat' dir='ltr'><strong>cali</strong></span> <span class='ocrx_word' id='word_1_447' title='bbox 3447 2902 3502 2949; x_wconf 93' lang='lat' dir='ltr'><strong>et</strong></span> <span class='ocrx_word' id='word_1_448' title='bbox 3550 2891 3725 2964; x_wconf 86' lang='lat' dir='ltr'><strong>abyssi</strong></span> 
     </span>
    </p>
   </div>
   <div class='ocr_carea' id='block_1_59' title="bbox 2142 2983 3736 3071">
    <p class='ocr_par' dir='ltr' id='par_1_59' title="bbox 2142 2983 3736 3071">
     <span class='ocr_line' id='line_1_59' title="bbox 2142 2983 3736 3071; baseline -0.013 -15"><span class='ocrx_word' id='word_1_449' title='bbox 2142 3017 2307 3071; x_wconf 83' lang='lat' dir='ltr'><strong>aquas</strong></span> <span class='ocrx_word' id='word_1_450' title='bbox 2332 2999 2506 3054; x_wconf 87' lang='lat' dir='ltr'><strong>solide</strong></span> <span class='ocrx_word' id='word_1_451' title='bbox 2532 2995 2578 3028; x_wconf 72' lang='lat'><strong>”</strong></span> <span class='ocrx_word' id='word_1_452' title='bbox 2610 3003 2726 3050; x_wconf 92' lang='lat' dir='ltr'><strong>toto</strong></span> <span class='ocrx_word' id='word_1_453' title='bbox 2767 2995 3012 3048; x_wconf 82' lang='lat' dir='ltr'><strong>innatans</strong></span> <span class='ocrx_word' id='word_1_454' title='bbox 3039 2986 3266 3052; x_wconf 84' lang='lat' dir='ltr'><strong>mundo,</strong></span> <span class='ocrx_word' id='word_1_455' title='bbox 3289 2986 3443 3054; x_wconf 87' lang='lat' dir='ltr'><strong>cujus</strong></span> <span class='ocrx_word' id='word_1_456' title='bbox 3464 2984 3564 3038; x_wconf 89' lang='lat' dir='ltr'><strong>ista</strong></span> <span class='ocrx_word' id='word_1_457' title='bbox 3596 2983 3736 3036; x_wconf 78' lang='lat' dir='ltr'><strong>ima-</strong></span> 
     </span>
    </p>
   </div>
   <div class='ocr_carea' id='block_1_60' title="bbox 2141 3076 3733 3165">
    <p class='ocr_par' dir='ltr' id='par_1_60' title="bbox 2141 3076 3733 3165">
     <span class='ocr_line' id='line_1_60' title="bbox 2141 3076 3733 3165; baseline -0.013 -14"><span class='ocrx_word' id='word_1_458' title='bbox 2141 3097 2319 3165; x_wconf 83' lang='lat' dir='ltr'><strong>ginem</strong></span> <span class='ocrx_word' id='word_1_459' title='bbox 2346 3093 2527 3147; x_wconf 80' lang='lat' dir='ltr'><strong>multis</strong></span> <span class='ocrx_word' id='word_1_460' title='bbox 2556 3088 2728 3145; x_wconf 86' lang='lat' dir='ltr'><strong>modis</strong></span> <span class='ocrx_word' id='word_1_461' title='bbox 2752 3087 2803 3142; x_wconf 85' lang='lat' dir='ltr'><strong>in</strong></span> <span class='ocrx_word' id='word_1_462' title='bbox 2834 3085 3051 3140; x_wconf 82' lang='lat' dir='ltr'><strong>modulo</strong></span> <span class='ocrx_word' id='word_1_463' title='bbox 3078 3083 3287 3137; x_wconf 89' lang='lat' dir='ltr'><strong>minore</strong></span> <span class='ocrx_word' id='word_1_464' title='bbox 3315 3079 3566 3147; x_wconf 70' lang='lat' dir='ltr'><strong>gestavit.</strong></span> <span class='ocrx_word' id='word_1_465' title='bbox 3599 3076 3733 3131; x_wconf 81' lang='lat' dir='ltr'><strong>Nam</strong></span> 
     </span>
    </p>
   </div>
   <div class='ocr_carea' id='block_1_61' title="bbox 2145 3169 3732 3248">
    <p class='ocr_par' dir='ltr' id='par_1_61' title="bbox 2145 3169 3732 3248">
     <span class='ocr_line' id='line_1_61' title="bbox 2145 3169 3732 3248; baseline -0.011 -9"><span class='ocrx_word' id='word_1_466' title='bbox 2145 3194 2202 3239; x_wconf 86' lang='lat' dir='ltr'><strong>ut</strong></span> <span class='ocrx_word' id='word_1_467' title='bbox 2233 3184 2319 3238; x_wconf 90' lang='lat' dir='ltr'><strong>illa</strong></span> <span class='ocrx_word' id='word_1_468' title='bbox 2350 3181 2692 3248; x_wconf 83' lang='lat' dir='ltr'><strong>omnigenum</strong></span> <span class='ocrx_word' id='word_1_469' title='bbox 2739 3177 3002 3232; x_wconf 88' lang='lat' dir='ltr'><strong>seminum</strong></span> <span class='ocrx_word' id='word_1_470' title='bbox 3050 3174 3092 3239; x_wconf 87' lang='lat' dir='ltr'><strong>i,</strong></span> <span class='ocrx_word' id='word_1_471' title='bbox 3122 3174 3200 3229; x_wconf 91' lang='lat' dir='ltr'><strong>sic</strong></span> <span class='ocrx_word' id='word_1_472' title='bbox 3225 3181 3282 3228; x_wconf 90' lang='lat' dir='ltr'><strong>et</strong></span> <span class='ocrx_word' id='word_1_473' title='bbox 3309 3172 3410 3225; x_wconf 90' lang='lat' dir='ltr'><strong>ista</strong></span> <span class='ocrx_word' id='word_1_474' title='bbox 3458 3169 3732 3223; x_wconf 84' lang='lat' dir='ltr'><strong>variarqu</strong></span> 
     </span>
    </p>
   </div>
   <div class='ocr_carea' id='block_1_62' title="bbox 458 3254 3730 3347">
    <p class='ocr_par' dir='ltr' id='par_1_62' title="bbox 458 3254 3730 3347">
     <span class='ocr_line' id='line_1_62' title="bbox 458 3254 3730 3347; baseline -0.009 -4"><span class='ocrx_word' id='word_1_475' title='bbox 458 3264 567 3336; x_wconf 64' lang='lat' dir='ltr'><strong>iam</strong></span> <span class='ocrx_word' id='word_1_476' title='bbox 598 3263 825 3319; x_wconf 67' lang='lat' dir='ltr'><strong>Domino</strong></span> <span class='ocrx_word' id='word_1_477' title='bbox 858 3263 924 3329; x_wconf 58' lang='lat' dir='ltr'><strong>ui</strong></span> <span class='ocrx_word' id='word_1_478' title='bbox 954 3259 1114 3315; x_wconf 69' lang='lat' dir='ltr'><strong>ﬁnem</strong></span> <span class='ocrx_word' id='word_1_479' title='bbox 1143 3273 1386 3314; x_wconf 50' lang='lat' dir='ltr'><strong>errorum</strong></span> <span class='ocrx_word' id='word_1_480' title='bbox 1405 3266 1568 3327; x_wconf 50' lang='lat' dir='ltr'><strong>atqu“</strong></span> <span class='ocrx_word' id='word_1_481' title='bbox 1593 3255 1960 3347; x_wconf 59' lang='grc' dir='ltr'><strong>άίδθτίηῖίηψιξ</strong></span> <span class='ocrx_word' id='word_1_482' title='bbox 1989 3254 2042 3307; x_wconf 63' lang='grc' dir='ltr'><strong>ίθ</strong></span> <span class='ocrx_word' id='word_1_483' title='bbox 2071 3268 2116 3328; x_wconf 90' lang='lat' dir='ltr'><strong>C</strong></span> <span class='ocrx_word' id='word_1_484' title='bbox 2148 3278 2303 3347; x_wconf 77' lang='lat' dir='ltr'><strong>plena</strong></span> <span class='ocrx_word' id='word_1_485' title='bbox 2331 3274 2536 3342; x_wconf 82' lang='lat' dir='ltr'><strong>frugum</strong></span> <span class='ocrx_word' id='word_1_486' title='bbox 2564 3272 2681 3336; x_wconf 92' lang='lat' dir='ltr'><strong>luit,</strong></span> <span class='ocrx_word' id='word_1_487' title='bbox 2722 3270 2808 3326; x_wconf 92' lang='lat' dir='ltr'><strong>cui</strong></span> <span class='ocrx_word' id='word_1_488' title='bbox 2854 3276 3048 3339; x_wconf 64' lang='lat' dir='ltr'><strong>praeter</strong></span> <span class='ocrx_word' id='word_1_489' title='bbox 3090 3283 3228 3322; x_wconf 91' lang='lat' dir='ltr'><strong>onus</strong></span> <span class='ocrx_word' id='word_1_490' title='bbox 3270 3265 3536 3336; x_wconf 89' lang='lat' dir='ltr'><strong>publicum</strong></span> <span class='ocrx_word' id='word_1_491' title='bbox 3578 3262 3730 3330; x_wconf 90' lang='lat' dir='ltr'><strong>plura</strong></span> 
     </span>
    </p>
   </div>
   <div class='ocr_carea' id='block_1_63' title="bbox 458 3343 2040 3426">
    <p class='ocr_par' dir='ltr' id='par_1_63' title="bbox 458 3343 2040 3426">
     <span class='ocr_line' id='line_1_63' title="bbox 458 3343 2040 3426; baseline -0.008 -14"><span class='ocrx_word' id='word_1_492' title='bbox 458 3356 686 3412; x_wconf 86' lang='lat' dir='ltr'><strong>Lucanis</strong></span> <span class='ocrx_word' id='word_1_493' title='bbox 714 3354 954 3426; x_wconf 89' lang='lat' dir='ltr'><strong>positura</strong></span> <span class='ocrx_word' id='word_1_494' title='bbox 983 3350 1270 3406; x_wconf 80' lang='lat' dir='ltr'><strong>littoribus.</strong></span> <span class='ocrx_word' id='word_1_495' title='bbox 1302 3347 1505 3416; x_wconf 87' lang='lat' dir='ltr'><strong>Quibus</strong></span> <span class='ocrx_word' id='word_1_496' title='bbox 1531 3345 1908 3418; x_wconf 83' lang='lat' dir='ltr'><strong>propinquanti</strong></span> <span class='ocrx_word' id='word_1_497' title='bbox 1931 3343 2040 3399; x_wconf 89' lang='lat' dir='ltr'><strong>Do-</strong></span> 
     </span>
    </p>
   </div>
   <div class='ocr_carea' id='block_1_64' title="bbox 457 3435 2048 3512">
    <p class='ocr_par' dir='ltr' id='par_1_64' title="bbox 457 3435 2048 3512">
     <span class='ocr_line' id='line_1_64' title="bbox 457 3435 2048 3512; baseline -0.01 -7"><span class='ocrx_word' id='word_1_498' title='bbox 457 3450 637 3505; x_wconf 83' lang='lat' dir='ltr'><strong>minus</strong></span> <span class='ocrx_word' id='word_1_499' title='bbox 662 3457 912 3512; x_wconf 70' lang='lat' dir='ltr'><strong>mternus,</strong></span> <span class='ocrx_word' id='word_1_500' title='bbox 943 3454 1004 3500; x_wconf 93' lang='lat' dir='ltr'><strong>ut</strong></span> <span class='ocrx_word' id='word_1_501' title='bbox 1051 3443 1318 3499; x_wconf 78' lang='lat' dir='ltr'><strong>indefessa</strong></span> <span class='ocrx_word' id='word_1_502' title='bbox 1363 3441 1484 3511; x_wconf 89' lang='lat' dir='ltr'><strong>ejus</strong></span> <span class='ocrx_word' id='word_1_503' title='bbox 1529 3439 1742 3497; x_wconf 81' lang='lat' dir='ltr'><strong>bonitas</strong></span> <span class='ocrx_word' id='word_1_504' title='bbox 1767 3452 1932 3506; x_wconf 87' lang='lat' dir='ltr'><strong>usque</strong></span> <span class='ocrx_word' id='word_1_505' title='bbox 1976 3435 2048 3490; x_wconf 85' lang='lat' dir='ltr'><strong>ad</strong></span> 
     </span>
    </p>
   </div>
   <div class='ocr_carea' id='block_1_65' title="bbox 459 3529 2046 3607">
    <p class='ocr_par' dir='ltr' id='par_1_65' title="bbox 459 3529 2046 3607">
     <span class='ocr_line' id='line_1_65' title="bbox 459 3529 2046 3607; baseline -0.006 -15"><span class='ocrx_word' id='word_1_506' title='bbox 459 3541 748 3594; x_wconf 84' lang='lat' dir='ltr'><strong>terminum</strong></span> <span class='ocrx_word' id='word_1_507' title='bbox 783 3545 1047 3607; x_wconf 58' lang='lat' dir='ltr'><strong>susceptae</strong></span> <span class='ocrx_word' id='word_1_508' title='bbox 1079 3535 1186 3590; x_wconf 86' lang='lat' dir='ltr'><strong>sibi</strong></span> <span class='ocrx_word' id='word_1_509' title='bbox 1210 3533 1564 3602; x_wconf 78' lang='lat' dir='ltr'><strong>navigationis</strong></span> <span class='ocrx_word' id='word_1_510' title='bbox 1602 3538 1918 3602; x_wconf 80' lang='lat' dir='ltr'><strong>operaretur</strong></span> <span class='ocrx_word' id='word_1_511' title='bbox 1945 3529 2046 3584; x_wconf 87' lang='lat' dir='ltr'><strong>mi-</strong></span> 
     </span>
    </p>
   </div>
   <div class='ocr_carea' id='block_1_66' title="bbox 449 3620 2043 3696">
    <p class='ocr_par' dir='ltr' id='par_1_66' title="bbox 449 3620 2043 3696">
     <span class='ocr_line' id='line_1_66' title="bbox 449 3620 2043 3696; baseline -0.007 -11"><span class='ocrx_word' id='word_1_512' title='bbox 449 3631 650 3686; x_wconf 78' lang='lat' dir='ltr'><strong>rabilia</strong></span> <span class='ocrx_word' id='word_1_513' title='bbox 671 3645 793 3694; x_wconf 87' lang='lat' dir='ltr'><strong>sua,</strong></span> <span class='ocrx_word' id='word_1_514' title='bbox 813 3629 974 3684; x_wconf 88' lang='lat' dir='ltr'><strong>tacito</strong></span> <span class='ocrx_word' id='word_1_515' title='bbox 1001 3642 1113 3685; x_wconf 64' lang='lat' dir='ltr'><strong>sum</strong></span> <span class='ocrx_word' id='word_1_516' title='bbox 1129 3626 1506 3696; x_wconf 89' lang='lat' dir='ltr'><strong>adspirationis</strong></span> <span class='ocrx_word' id='word_1_517' title='bbox 1527 3620 2043 3690; x_wconf 80' lang='lat' dir='ltr'><strong>instinctucompul-</strong></span> 
     </span>
    </p>
   </div>
   <div class='ocr_carea' id='block_1_67' title="bbox 452 3712 2046 3785">
    <p class='ocr_par' dir='ltr' id='par_1_67' title="bbox 452 3712 2046 3785">
     <span class='ocr_line' id='line_1_67' title="bbox 452 3712 2046 3785; baseline -0.009 -7"><span class='ocrx_word' id='word_1_518' title='bbox 452 3737 551 3778; x_wconf 75' lang='lat' dir='ltr'><strong>.sos</strong></span> <span class='ocrx_word' id='word_1_519' title='bbox 579 3738 614 3784; x_wconf 91' lang='lat' dir='ltr'><strong>a_</strong></span> <span class='ocrx_word' id='word_1_520' title='bbox 659 3721 840 3775; x_wconf 91' lang='lat' dir='ltr'><strong>littore</strong></span> <span class='ocrx_word' id='word_1_521' title='bbox 867 3720 925 3774; x_wconf 85' lang='lat' dir='ltr'><strong>in</strong></span> <span class='ocrx_word' id='word_1_522' title='bbox 962 3719 1178 3774; x_wconf 86' lang='lat' dir='ltr'><strong>duabus</strong></span> <span class='ocrx_word' id='word_1_523' title='bbox 1211 3716 1468 3772; x_wconf 83' lang='lat' dir='ltr'><strong>naviculis</strong></span> <span class='ocrx_word' id='word_1_524' title='bbox 1509 3716 1806 3785; x_wconf 80' lang='lat' dir='ltr'><strong>piscatores</strong></span> <span class='ocrx_word' id='word_1_525' title='bbox 1834 3712 2046 3767; x_wconf 86' lang='lat' dir='ltr'><strong>obviam</strong></span> 
     </span>
    </p>
   </div>
   <div class='ocr_carea' id='block_1_68' title="bbox 461 3803 2045 3882">
    <p class='ocr_par' dir='ltr' id='par_1_68' title="bbox 461 3803 2045 3882">
     <span class='ocr_line' id='line_1_68' title="bbox 461 3803 2045 3882; baseline -0.008 -13"><span class='ocrx_word' id='word_1_526' title='bbox 461 3814 626 3876; x_wconf 87' lang='lat' dir='ltr'><strong>misit,</strong></span> <span class='ocrx_word' id='word_1_527' title='bbox 657 3813 754 3882; x_wconf 89' lang='lat' dir='ltr'><strong>qui</strong></span> <span class='ocrx_word' id='word_1_528' title='bbox 779 3826 975 3866; x_wconf 87' lang='lat' dir='ltr'><strong>navem</strong></span> <span class='ocrx_word' id='word_1_529' title='bbox 994 3812 1153 3881; x_wconf 68' lang='lat'><strong>232</strong></span> <span class='ocrx_word' id='word_1_530' title='bbox 1175 3809 1314 3864; x_wconf 89' lang='lat' dir='ltr'><strong>banc</strong></span> <span class='ocrx_word' id='word_1_531' title='bbox 1343 3809 1553 3863; x_wconf 86' lang='lat' dir='ltr'><strong>eminus</strong></span> <span class='ocrx_word' id='word_1_532' title='bbox 1579 3803 1898 3874; x_wconf 85' lang='lat' dir='ltr'><strong>conspicati,</strong></span> <span class='ocrx_word' id='word_1_533' title='bbox 1931 3803 2045 3873; x_wconf 91' lang='lat' dir='ltr'><strong>pri-</strong></span> 
     </span>
    </p>
   </div>
   <div class='ocr_carea' id='block_1_69' title="bbox 462 3897 2048 3974">
    <p class='ocr_par' dir='ltr' id='par_1_69' title="bbox 462 3897 2048 3974">
     <span class='ocr_line' id='line_1_69' title="bbox 462 3897 2048 3974; baseline -0.008 -13"><span class='ocrx_word' id='word_1_534' title='bbox 462 3921 552 3962; x_wconf 80' lang='lat' dir='ltr'><strong>mo</strong></span> <span class='ocrx_word' id='word_1_535' title='bbox 582 3912 803 3974; x_wconf 89' lang='lat' dir='ltr'><strong>aspectu</strong></span> <span class='ocrx_word' id='word_1_536' title='bbox 831 3901 1004 3958; x_wconf 83' lang='lat' dir='ltr'><strong>territi</strong></span> <span class='ocrx_word' id='word_1_537' title='bbox 1022 3899 1331 3968; x_wconf 87' lang='lat' dir='ltr'><strong>refugerunt</strong></span> <span class='ocrx_word' id='word_1_538' title='bbox 1359 3941 1384 3966; x_wconf 81' lang='lat'><strong>,</strong></span> <span class='ocrx_word' id='word_1_539' title='bbox 1405 3899 1618 3968; x_wconf 87' lang='lat' dir='ltr'><strong>plenam</strong></span> <span class='ocrx_word' id='word_1_540' title='bbox 1647 3897 1790 3952; x_wconf 88' lang='lat' dir='ltr'><strong>enim</strong></span> <span class='ocrx_word' id='word_1_541' title='bbox 1820 3901 2048 3949; x_wconf 84' lang='lat' dir='ltr'><strong>armato-</strong></span> 
     </span>
    </p>
   </div>
   <div class='ocr_carea' id='block_1_70' title="bbox 461 3988 2051 4072">
    <p class='ocr_par' dir='ltr' id='par_1_70' title="bbox 461 3988 2051 4072">
     <span class='ocr_line' id='line_1_70' title="bbox 461 3988 2051 4072; baseline -0.006 -21"><span class='ocrx_word' id='word_1_542' title='bbox 461 4010 603 4064; x_wconf 91' lang='lat' dir='ltr'><strong>rum,</strong></span> <span class='ocrx_word' id='word_1_543' title='bbox 629 4003 686 4072; x_wconf 88' lang='lat' dir='ltr'><strong>et</strong></span> <span class='ocrx_word' id='word_1_544' title='bbox 710 3992 933 4050; x_wconf 73' lang='lat' dir='ltr'><strong>liburnze</strong></span> <span class='ocrx_word' id='word_1_545' title='bbox 955 3991 1203 4047; x_wconf 64' lang='lat' dir='ltr'><strong>aemulam</strong></span> <span class='ocrx_word' id='word_1_546' title='bbox 1231 3990 1335 4046; x_wconf 85' lang='lat' dir='ltr'><strong>sibi</strong></span> <span class='ocrx_word' id='word_1_547' title='bbox 1354 3991 1520 4045; x_wconf 91' lang='lat' dir='ltr'><strong>visam</strong></span> <span class='ocrx_word' id='word_1_548' title='bbox 1560 3988 1659 4059; x_wconf 91' lang='lat' dir='ltr'><strong>ipsi</strong></span> <span class='ocrx_word' id='word_1_549' title='bbox 1685 3996 1872 4058; x_wconf 84' lang='lat' dir='ltr'><strong>postea</strong></span> <span class='ocrx_word' id='word_1_550' title='bbox 1897 3994 2051 4042; x_wconf 88' lang='lat' dir='ltr'><strong>retu-</strong></span> 
     </span>
    </p>
   </div>
   <div class='ocr_carea' id='block_1_71' title="bbox 462 4078 2049 4152">
    <p class='ocr_par' dir='ltr' id='par_1_71' title="bbox 462 4078 2049 4152">
     <span class='ocr_line' id='line_1_71' title="bbox 462 4078 2049 4152; baseline -0.004 -14"><span class='ocrx_word' id='word_1_551' title='bbox 462 4085 642 4141; x_wconf 91' lang='lat' dir='ltr'><strong>lerunt</strong></span> <span class='ocrx_word' id='word_1_552' title='bbox 673 4102 685 4139; x_wconf 91' lang='lat'><strong>:</strong></span> <span class='ocrx_word' id='word_1_553' title='bbox 717 4083 910 4140; x_wconf 89' lang='lat' dir='ltr'><strong>deinde</strong></span> <span class='ocrx_word' id='word_1_554' title='bbox 948 4081 1158 4152; x_wconf 82' lang='lat' dir='ltr'><strong>magnis</strong></span> <span class='ocrx_word' id='word_1_555' title='bbox 1185 4089 1240 4136; x_wconf 83' lang='lat' dir='ltr'><strong>et</strong></span> <span class='ocrx_word' id='word_1_556' title='bbox 1260 4094 1401 4150; x_wconf 57' lang='lat' dir='ltr'><strong>saepe</strong></span> <span class='ocrx_word' id='word_1_557' title='bbox 1428 4079 1670 4150; x_wconf 79' lang='lat' dir='ltr'><strong>repetitis</strong></span> <span class='ocrx_word' id='word_1_558' title='bbox 1711 4078 1855 4134; x_wconf 89' lang='lat' dir='ltr'><strong>senis</strong></span> <span class='ocrx_word' id='word_1_559' title='bbox 1877 4078 2049 4134; x_wconf 89' lang='lat' dir='ltr'><strong>nostri</strong></span> 
     </span>
    </p>
   </div>
   <div class='ocr_carea' id='block_1_72' title="bbox 463 4172 2052 4245">
    <p class='ocr_par' dir='ltr' id='par_1_72' title="bbox 463 4172 2052 4245">
     <span class='ocr_line' id='line_1_72' title="bbox 463 4172 2052 4245; baseline -0.003 -15"><span class='ocrx_word' id='word_1_560' title='bbox 463 4177 684 4232; x_wconf 86' lang='lat' dir='ltr'><strong>vocibus</strong></span> <span class='ocrx_word' id='word_1_561' title='bbox 713 4175 997 4245; x_wconf 78' lang='lat' dir='ltr'><strong>aliquando</strong></span> <span class='ocrx_word' id='word_1_562' title='bbox 1030 4175 1292 4238; x_wconf 79' lang='lat' dir='ltr'><strong>revocati,</strong></span> <span class='ocrx_word' id='word_1_563' title='bbox 1313 4172 1524 4227; x_wconf 87' lang='lat' dir='ltr'><strong>ratione</strong></span> <span class='ocrx_word' id='word_1_564' title='bbox 1549 4186 1730 4227; x_wconf 90' lang='lat' dir='ltr'><strong>secum</strong></span> <span class='ocrx_word' id='word_1_565' title='bbox 1763 4172 1963 4238; x_wconf 89' lang='lat' dir='ltr'><strong>habita,</strong></span> <span class='ocrx_word' id='word_1_566' title='bbox 1995 4180 2052 4227; x_wconf 86' lang='lat' dir='ltr'><strong>et</strong></span> 
     </span>
    </p>
   </div>
   <div class='ocr_carea' id='block_1_73' title="bbox 463 4263 2046 4336">
    <p class='ocr_par' dir='ltr' id='par_1_73' title="bbox 463 4263 2046 4336">
     <span class='ocr_line' id='line_1_73' title="bbox 463 4263 2046 4336; baseline -0.003 -15"><span class='ocrx_word' id='word_1_567' title='bbox 463 4277 656 4336; x_wconf 84' lang='lat' dir='ltr'><strong>agente</strong></span> <span class='ocrx_word' id='word_1_568' title='bbox 684 4268 763 4324; x_wconf 90' lang='lat' dir='ltr'><strong>sic</strong></span> <span class='ocrx_word' id='word_1_569' title='bbox 790 4267 1042 4334; x_wconf 86' lang='lat' dir='ltr'><strong>Domino,</strong></span> <span class='ocrx_word' id='word_1_570' title='bbox 1071 4265 1204 4321; x_wconf 86' lang='lat' dir='ltr'><strong>nihil</strong></span> <span class='ocrx_word' id='word_1_571' title='bbox 1241 4265 1345 4320; x_wconf 88' lang='lat' dir='ltr'><strong>sibi</strong></span> <span class='ocrx_word' id='word_1_572' title='bbox 1383 4263 1451 4318; x_wconf 85' lang='lat' dir='ltr'><strong>ab</strong></span> <span class='ocrx_word' id='word_1_573' title='bbox 1491 4277 1554 4318; x_wconf 90' lang='lat' dir='ltr'><strong>ea</strong></span> <span class='ocrx_word' id='word_1_574' title='bbox 1583 4263 1705 4318; x_wconf 91' lang='lat' dir='ltr'><strong>navi</strong></span> <span class='ocrx_word' id='word_1_575' title='bbox 1734 4263 2046 4329; x_wconf 89' lang='lat' dir='ltr'><strong>timendum,</strong></span> 
     </span>
    </p>
   </div>
   <div class='ocr_carea' id='block_1_74' title="bbox 464 4353 2050 4429">
    <p class='ocr_par' dir='ltr' id='par_1_74' title="bbox 464 4353 2050 4429">
     <span class='ocr_line' id='line_1_74' title="bbox 464 4353 2050 4429; baseline -0.003 -16"><span class='ocrx_word' id='word_1_576' title='bbox 464 4358 519 4414; x_wconf 75' lang='lat' dir='ltr'><strong>in</strong></span> <span class='ocrx_word' id='word_1_577' title='bbox 547 4375 707 4429; x_wconf 89' lang='lat' dir='ltr'><strong>quam</strong></span> <span class='ocrx_word' id='word_1_578' title='bbox 734 4367 1082 4426; x_wconf 83' lang='lat' dir='ltr'><strong>vocarentur,</strong></span> <span class='ocrx_word' id='word_1_579' title='bbox 1106 4357 1502 4411; x_wconf 87' lang='lat' dir='ltr'><strong>intellexerunt.</strong></span> <span class='ocrx_word' id='word_1_580' title='bbox 1527 4353 1820 4409; x_wconf 81' lang='lat' dir='ltr'><strong>Accessere</strong></span> <span class='ocrx_word' id='word_1_581' title='bbox 1839 4355 2050 4422; x_wconf 78' lang='lat' dir='ltr'><strong>navigio</strong></span> 
     </span>
    </p>
   </div>
   <div class='ocr_carea' id='block_1_75' title="bbox 465 4444 2054 4520">
    <p class='ocr_par' dir='ltr' id='par_1_75' title="bbox 465 4444 2054 4520">
     <span class='ocr_line' id='line_1_75' title="bbox 465 4444 2054 4520; baseline -0.006 -14"><span class='ocrx_word' id='word_1_582' title='bbox 465 4465 800 4520; x_wconf 86' lang='lat' dir='ltr'><strong>vacuumque</strong></span> <span class='ocrx_word' id='word_1_583' title='bbox 823 4451 1078 4506; x_wconf 89' lang='lat' dir='ltr'><strong>militibus</strong></span> <span class='ocrx_word' id='word_1_584' title='bbox 1105 4464 1245 4515; x_wconf 88' lang='lat' dir='ltr'><strong>esse,</strong></span> <span class='ocrx_word' id='word_1_585' title='bbox 1265 4446 1411 4516; x_wconf 89' lang='lat' dir='ltr'><strong>quod</strong></span> <span class='ocrx_word' id='word_1_586' title='bbox 1437 4445 1597 4514; x_wconf 84' lang='lat' dir='ltr'><strong>longe</strong></span> <span class='ocrx_word' id='word_1_587' title='bbox 1623 4446 1875 4514; x_wconf 87' lang='lat' dir='ltr'><strong>stipatum</strong></span> <span class='ocrx_word' id='word_1_588' title='bbox 1903 4444 2054 4499; x_wconf 86' lang='lat' dir='ltr'><strong>vide-</strong></span> 
     </span>
    </p>
   </div>
   <div class='ocr_carea' id='block_1_76' title="bbox 467 4535 2047 4608">
    <p class='ocr_par' dir='ltr' id='par_1_76' title="bbox 467 4535 2047 4608">
     <span class='ocr_line' id='line_1_76' title="bbox 467 4535 2047 4608; baseline -0.005 -12"><span class='ocrx_word' id='word_1_589' title='bbox 467 4549 608 4608; x_wconf 87' lang='lat' dir='ltr'><strong>rant,</strong></span> <span class='ocrx_word' id='word_1_590' title='bbox 641 4541 729 4595; x_wconf 90' lang='lat' dir='ltr'><strong>vix</strong></span> <span class='ocrx_word' id='word_1_591' title='bbox 749 4542 863 4596; x_wconf 92' lang='lat' dir='ltr'><strong>seni</strong></span> <span class='ocrx_word' id='word_1_592' title='bbox 891 4539 1235 4605; x_wconf 88' lang='lat' dir='ltr'><strong>contestanti,</strong></span> <span class='ocrx_word' id='word_1_593' title='bbox 1257 4545 1313 4592; x_wconf 90' lang='lat' dir='ltr'><strong>et</strong></span> <span class='ocrx_word' id='word_1_594' title='bbox 1341 4552 1562 4593; x_wconf 83' lang='lat' dir='ltr'><strong>ascensa</strong></span> <span class='ocrx_word' id='word_1_595' title='bbox 1589 4537 1633 4567; x_wconf 82' lang='grc'><strong>²⁰</strong></span> <span class='ocrx_word' id='word_1_596' title='bbox 1663 4535 1876 4591; x_wconf 90' lang='lat' dir='ltr'><strong>tandem</strong></span> <span class='ocrx_word' id='word_1_597' title='bbox 1904 4535 2047 4600; x_wconf 90' lang='lat' dir='ltr'><strong>navi,</strong></span> 
     </span>
    </p>
   </div>
   <div class='ocr_carea' id='block_1_77' title="bbox 2145 3353 3736 3432">
    <p class='ocr_par' dir='ltr' id='par_1_77' title="bbox 2145 3353 3736 3432">
     <span class='ocr_line' id='line_1_77' title="bbox 2145 3353 3736 3432; baseline -0.013 -10"><span class='ocrx_word' id='word_1_598' title='bbox 2145 3369 2309 3422; x_wconf 89' lang='lat' dir='ltr'><strong>etiam</strong></span> <span class='ocrx_word' id='word_1_599' title='bbox 2332 3365 2408 3421; x_wconf 89' lang='lat' dir='ltr'><strong>de-</strong></span> <span class='ocrx_word' id='word_1_600' title='bbox 2425 3361 2702 3432; x_wconf 89' lang='lat' dir='ltr'><strong>stipendiis</strong></span> <span class='ocrx_word' id='word_1_601' title='bbox 2731 3368 2790 3415; x_wconf 89' lang='lat' dir='ltr'><strong>et</strong></span> <span class='ocrx_word' id='word_1_602' title='bbox 2813 3359 3035 3429; x_wconf 89' lang='lat' dir='ltr'><strong>peculiis</strong></span> <span class='ocrx_word' id='word_1_603' title='bbox 3061 3358 3219 3429; x_wconf 67' lang='lat'><strong>233</strong></span> <span class='ocrx_word' id='word_1_604' title='bbox 3244 3354 3472 3411; x_wconf 90' lang='lat' dir='ltr'><strong>nauticis</strong></span> <span class='ocrx_word' id='word_1_605' title='bbox 3499 3353 3736 3405; x_wconf 79' lang='lat' dir='ltr'><strong>inerant-</strong></span> 
     </span>
    </p>
   </div>
   <div class='ocr_carea' id='block_1_78' title="bbox 2145 3444 3738 3520">
    <p class='ocr_par' dir='ltr' id='par_1_78' title="bbox 2145 3444 3738 3520">
     <span class='ocr_line' id='line_1_78' title="bbox 2145 3444 3738 3520; baseline -0.011 -9"><span class='ocrx_word' id='word_1_606' title='bbox 2145 3457 2236 3513; x_wconf 80' lang='lat' dir='ltr'><strong>Illa</strong></span> <span class='ocrx_word' id='word_1_607' title='bbox 2268 3469 2425 3510; x_wconf 92' lang='lat' dir='ltr'><strong>unam</strong></span> <span class='ocrx_word' id='word_1_608' title='bbox 2452 3453 2704 3506; x_wconf 79' lang='lat' dir='ltr'><strong>familiam</strong></span> <span class='ocrx_word' id='word_1_609' title='bbox 2728 3451 2792 3504; x_wconf 90' lang='lat' dir='ltr'><strong>ad</strong></span> <span class='ocrx_word' id='word_1_610' title='bbox 2817 3449 3028 3520; x_wconf 80' lang='lat' dir='ltr'><strong>generis</strong></span> <span class='ocrx_word' id='word_1_611' title='bbox 3050 3447 3267 3502; x_wconf 89' lang='lat' dir='ltr'><strong>humani</strong></span> <span class='ocrx_word' id='word_1_612' title='bbox 3291 3444 3688 3515; x_wconf 80' lang='lat' dir='ltr'><strong>reparationem</strong></span> <span class='ocrx_word' id='word_1_613' title='bbox 3713 3458 3738 3493; x_wconf 78' lang='lat'><strong>:~</strong></span> 
     </span>
    </p>
   </div>
   <div class='ocr_carea' id='block_1_79' title="bbox 2147 3533 3730 3602">
    <p class='ocr_par' dir='ltr' id='par_1_79' title="bbox 2147 3533 3730 3602">
     <span class='ocr_line' id='line_1_79' title="bbox 2147 3533 3730 3602; baseline -0.01 -1"><span class='ocrx_word' id='word_1_614' title='bbox 2147 3557 2202 3602; x_wconf 89' lang='lat' dir='ltr'><strong>et</strong></span> <span class='ocrx_word' id='word_1_615' title='bbox 2225 3548 2326 3600; x_wconf 86' lang='lat' dir='ltr'><strong>ista</strong></span> <span class='ocrx_word' id='word_1_616' title='bbox 2348 3560 2508 3599; x_wconf 84' lang='lat' dir='ltr'><strong>unum</strong></span> <span class='ocrx_word' id='word_1_617' title='bbox 2531 3543 2802 3597; x_wconf 87' lang='lat' dir='ltr'><strong>hominem</strong></span> <span class='ocrx_word' id='word_1_618' title='bbox 2828 3539 2892 3594; x_wconf 93' lang='lat' dir='ltr'><strong>ad</strong></span> <span class='ocrx_word' id='word_1_619' title='bbox 2915 3540 3204 3593; x_wconf 90' lang='lat' dir='ltr'><strong>multorum</strong></span> <span class='ocrx_word' id='word_1_620' title='bbox 3235 3537 3392 3592; x_wconf 70' lang='lat' dir='ltr'><strong>ﬁdem</strong></span> <span class='ocrx_word' id='word_1_621' title='bbox 3415 3535 3562 3589; x_wconf 80' lang='lat' dir='ltr'><strong>vexit</strong></span> <span class='ocrx_word' id='word_1_622' title='bbox 3581 3533 3630 3586; x_wconf 71' lang='grc' dir='ltr'>ιι.</span> <span class='ocrx_word' id='word_1_623' title='bbox 3653 3533 3730 3586; x_wconf 93' lang='lat' dir='ltr'><strong>llli</strong></span> 
     </span>
    </p>
   </div>
   <div class='ocr_carea' id='block_1_80' title="bbox 2146 3625 3744 3707">
    <p class='ocr_par' dir='ltr' id='par_1_80' title="bbox 2146 3625 3744 3707">
     <span class='ocr_line' id='line_1_80' title="bbox 2146 3625 3744 3707; baseline -0.008 -18"><span class='ocrx_word' id='word_1_624' title='bbox 2146 3637 2292 3707; x_wconf 89' lang='lat' dir='ltr'><strong>pacis</strong></span> <span class='ocrx_word' id='word_1_625' title='bbox 2307 3633 2770 3690; x_wconf 74' lang='lat' dir='ltr'><strong>ramumcoilmba</strong></span> <span class='ocrx_word' id='word_1_626' title='bbox 2783 3628 3007 3686; x_wconf 71' lang='lat' dir='ltr'><strong>detulit‘</strong></span> <span class='ocrx_word' id='word_1_627' title='bbox 3031 3649 3043 3683; x_wconf 87' lang='lat'><strong>:</strong></span> <span class='ocrx_word' id='word_1_628' title='bbox 3058 3629 3182 3683; x_wconf 84' lang='lat' dir='ltr'><strong>huic</strong></span> <span class='ocrx_word' id='word_1_629' title='bbox 3195 3643 3378 3698; x_wconf 88' lang='lat' dir='ltr'><strong>pacem</strong></span> <span class='ocrx_word' id='word_1_630' title='bbox 3399 3627 3578 3694; x_wconf 73' lang='lat' dir='ltr'><strong>Agnus</strong></span> <span class='ocrx_word' id='word_1_631' title='bbox 3591 3625 3744 3677; x_wconf 60' lang='grc' dir='ltr'>ρχιιίι</span> 
     </span>
    </p>
   </div>
   <div class='ocr_carea' id='block_1_81' title="bbox 2145 3716 3729 3793">
    <p class='ocr_par' dir='ltr' id='par_1_81' title="bbox 2145 3716 3729 3793">
     <span class='ocr_line' id='line_1_81' title="bbox 2145 3716 3729 3793; baseline -0.009 -12"><span class='ocrx_word' id='word_1_632' title='bbox 2145 3727 2281 3782; x_wconf 89' lang='lat' dir='ltr'><strong>buit.</strong></span> <span class='ocrx_word' id='word_1_633' title='bbox 2298 3726 2461 3787; x_wconf 82' lang='lat' dir='ltr'><strong>illam,</strong></span> <span class='ocrx_word' id='word_1_634' title='bbox 2480 3726 2529 3778; x_wconf 92' lang='lat' dir='ltr'><strong>in</strong></span> <span class='ocrx_word' id='word_1_635' title='bbox 2548 3725 2831 3793; x_wconf 89' lang='lat' dir='ltr'><strong>imaginem</strong></span> <span class='ocrx_word' id='word_1_636' title='bbox 2855 3722 3025 3776; x_wconf 91' lang='lat' dir='ltr'><strong>sancti</strong></span> <span class='ocrx_word' id='word_1_637' title='bbox 3049 3717 3425 3790; x_wconf 87' lang='lat' dir='ltr'><strong>Spiritus,.ale&#39;s</strong></span> <span class='ocrx_word' id='word_1_638' title='bbox 3442 3716 3729 3769; x_wconf 60' lang='lat' dir='ltr'><strong>intravit“:</strong></span> 
     </span>
    </p>
   </div>
   <div class='ocr_carea' id='block_1_82' title="bbox 2145 3809 3744 3888">
    <p class='ocr_par' dir='ltr' id='par_1_82' title="bbox 2145 3809 3744 3888">
     <span class='ocr_line' id='line_1_82' title="bbox 2145 3809 3744 3888; baseline -0.009 -13"><span class='ocrx_word' id='word_1_639' title='bbox 2145 3831 2199 3877; x_wconf 89' lang='lat' dir='ltr'><strong>et</strong></span> <span class='ocrx_word' id='word_1_640' title='bbox 2222 3822 2380 3885; x_wconf 89' lang='lat' dir='ltr'><strong>hanc,</strong></span> <span class='ocrx_word' id='word_1_641' title='bbox 2402 3834 2498 3888; x_wconf 88' lang='lat' dir='ltr'><strong>per</strong></span> <span class='ocrx_word' id='word_1_642' title='bbox 2515 3817 2803 3886; x_wconf 84' lang='lat' dir='ltr'><strong>imaginem</strong></span> <span class='ocrx_word' id='word_1_643' title='bbox 2833 3812 3276 3875; x_wconf 78' lang='lat' dir='ltr'><strong>confessorissui,</strong></span> <span class='ocrx_word' id='word_1_644' title='bbox 3293 3809 3538 3863; x_wconf 79' lang='lat' dir='ltr'><strong>Chris&#39;tus</strong></span> <span class='ocrx_word' id='word_1_645' title='bbox 3559 3821 3744 3862; x_wconf 17' lang='lat' dir='ltr'><strong>acoes-a</strong></span> 
     </span>
    </p>
   </div>
   <div class='ocr_carea' id='block_1_83' title="bbox 2147 3899 3738 3980">
    <p class='ocr_par' dir='ltr' id='par_1_83' title="bbox 2147 3899 3738 3980">
     <span class='ocr_line' id='line_1_83' title="bbox 2147 3899 3738 3980; baseline -0.012 -13"><span class='ocrx_word' id='word_1_646' title='bbox 2147 3912 2236 3968; x_wconf 88' lang='lat' dir='ltr'><strong>sit.</strong></span> <span class='ocrx_word' id='word_1_647' title='bbox 2271 3904 2638 3980; x_wconf 75' lang='lat' dir='ltr'><strong>Respiciamus</strong></span> <span class='ocrx_word' id='word_1_648' title='bbox 2665 3915 2718 3960; x_wconf 72' lang='lat' dir='ltr'><strong>et</strong></span> <span class='ocrx_word' id='word_1_649' title='bbox 2745 3905 2896 3959; x_wconf 71' lang='lat' dir='ltr'><strong>Junze</strong></span> <span class='ocrx_word' id='word_1_650' title='bbox 2933 3919 3154 3964; x_wconf 87' lang='lat' dir='ltr'><strong>navem,</strong></span> <span class='ocrx_word' id='word_1_651' title='bbox 3189 3902 3419 3970; x_wconf 85' lang='lat' dir='ltr'><strong>largiore</strong></span> <span class='ocrx_word' id='word_1_652' title='bbox 3447 3899 3585 3954; x_wconf 92' lang='lat' dir='ltr'><strong>hanc</strong></span> <span class='ocrx_word' id='word_1_653' title='bbox 3614 3913 3738 3950; x_wconf 83' lang='lat' dir='ltr'><strong>mu—</strong></span> 
     </span>
    </p>
   </div>
   <div class='ocr_carea' id='block_1_84' title="bbox 2147 3990 3740 4068">
    <p class='ocr_par' dir='ltr' id='par_1_84' title="bbox 2147 3990 3740 4068">
     <span class='ocr_line' id='line_1_84' title="bbox 2147 3990 3740 4068; baseline -0.011 -9"><span class='ocrx_word' id='word_1_654' title='bbox 2147 4019 2278 4059; x_wconf 89' lang='lat' dir='ltr'><strong>nere</strong></span> <span class='ocrx_word' id='word_1_655' title='bbox 2306 4002 2518 4057; x_wconf 84' lang='lat' dir='ltr'><strong>virtutis</strong></span> <span class='ocrx_word' id='word_1_656' title='bbox 2540 3999 2776 4068; x_wconf 79' lang='lat' dir='ltr'><strong>ejusdem</strong></span> <span class='ocrx_word' id='word_1_657' title='bbox 2808 4005 3074 4052; x_wconf 82' lang='lat' dir='ltr'><strong>servatam</strong></span> <span class='ocrx_word' id='word_1_658' title='bbox 3103 3994 3422 4058; x_wconf 86' lang='lat' dir='ltr'><strong>videbimus,</strong></span> <span class='ocrx_word' id='word_1_659' title='bbox 3451 3999 3505 4046; x_wconf 90' lang='lat' dir='ltr'><strong>et</strong></span> <span class='ocrx_word' id='word_1_660' title='bbox 3533 3990 3740 4059; x_wconf 86' lang='lat' dir='ltr'><strong>majore</strong></span> 
     </span>
    </p>
   </div>
   <div class='ocr_carea' id='block_1_85' title="bbox 2149 4086 3735 4154">
    <p class='ocr_par' dir='ltr' id='par_1_85' title="bbox 2149 4086 3735 4154">
     <span class='ocr_line' id='line_1_85' title="bbox 2149 4086 3735 4154; baseline -0.011 -5"><span class='ocrx_word' id='word_1_661' title='bbox 2149 4093 2433 4150; x_wconf 85' lang='lat' dir='ltr'><strong>miraculo.</strong></span> <span class='ocrx_word' id='word_1_662' title='bbox 2455 4092 2546 4145; x_wconf 86' lang='lat' dir='ltr'><strong>illa</strong></span> <span class='ocrx_word' id='word_1_663' title='bbox 2599 4090 2742 4144; x_wconf 89' lang='lat' dir='ltr'><strong>enim</strong></span> <span class='ocrx_word' id='word_1_664' title='bbox 2789 4088 3038 4142; x_wconf 82' lang='lat' dir='ltr'><strong>omnibus</strong></span> <span class='ocrx_word' id='word_1_665' title='bbox 3084 4086 3245 4141; x_wconf 91' lang='lat' dir='ltr'><strong>salvis</strong></span> <span class='ocrx_word' id='word_1_666' title='bbox 3282 4092 3477 4154; x_wconf 63' lang='lat' dir='ltr'><strong>praeter</strong></span> <span class='ocrx_word' id='word_1_667' title='bbox 3523 4097 3735 4135; x_wconf 89' lang='lat' dir='ltr'><strong>unum:</strong></span> 
     </span>
    </p>
   </div>
   <div class='ocr_carea' id='block_1_86' title="bbox 2150 4171 3737 4250">
    <p class='ocr_par' dir='ltr' id='par_1_86' title="bbox 2150 4171 3737 4250">
     <span class='ocr_line' id='line_1_86' title="bbox 2150 4171 3737 4250; baseline -0.011 -7"><span class='ocrx_word' id='word_1_668' title='bbox 2150 4189 2249 4244; x_wconf 82' lang='lat' dir='ltr'><strong>ista</strong></span> <span class='ocrx_word' id='word_1_669' title='bbox 2279 4187 2524 4242; x_wconf 89' lang='lat' dir='ltr'><strong>omnibus</strong></span> <span class='ocrx_word' id='word_1_670' title='bbox 2549 4185 2785 4250; x_wconf 86' lang='lat' dir='ltr'><strong>amissis,</strong></span> <span class='ocrx_word' id='word_1_671' title='bbox 2817 4197 2924 4236; x_wconf 90' lang='lat' dir='ltr'><strong>uno</strong></span> <span class='ocrx_word' id='word_1_672' title='bbox 2963 4187 3234 4242; x_wconf 80' lang='lat' dir='ltr'><strong>manente,</strong></span> <span class='ocrx_word' id='word_1_673' title='bbox 3255 4183 3468 4230; x_wconf 78' lang='lat' dir='ltr'><strong>servata</strong></span> <span class='ocrx_word' id='word_1_674' title='bbox 3500 4181 3603 4227; x_wconf 67' lang='lat' dir='ltr'><strong>est.</strong></span> <span class='ocrx_word' id='word_1_675' title='bbox 3629 4171 3737 4226; x_wconf 87' lang='lat' dir='ltr'><strong>Sed</strong></span> 
     </span>
    </p>
   </div>
   <div class='ocr_carea' id='block_1_87' title="bbox 2150 4269 3739 4344">
    <p class='ocr_par' dir='ltr' id='par_1_87' title="bbox 2150 4269 3739 4344">
     <span class='ocr_line' id='line_1_87' title="bbox 2150 4269 3739 4344; baseline -0.013 -9"><span class='ocrx_word' id='word_1_676' title='bbox 2150 4287 2209 4335; x_wconf 76' lang='lat' dir='ltr'><strong>et</strong></span> <span class='ocrx_word' id='word_1_677' title='bbox 2237 4286 2412 4333; x_wconf 87' lang='lat' dir='ltr'><strong>cetum</strong></span> <span class='ocrx_word' id='word_1_678' title='bbox 2442 4277 2590 4330; x_wconf 83' lang='lat' dir='ltr'><strong>illum</strong></span> <span class='ocrx_word' id='word_1_679' title='bbox 2614 4274 2900 4344; x_wconf 59' lang='lat' dir='ltr'><strong>propheta}</strong></span> <span class='ocrx_word' id='word_1_680' title='bbox 2917 4269 3144 4325; x_wconf 86' lang='lat' dir='ltr'><strong>viventis</strong></span> <span class='ocrx_word' id='word_1_681' title='bbox 3195 4269 3486 4322; x_wconf 85' lang='lat' dir='ltr'><strong>innocuum</strong></span> <span class='ocrx_word' id='word_1_682' title='bbox 3517 4271 3739 4317; x_wconf 85' lang='lat' dir='ltr'><strong>vorato-</strong></span> 
     </span>
    </p>
   </div>
   <div class='ocr_carea' id='block_1_88' title="bbox 2151 4363 3742 4427">
    <p class='ocr_par' dir='ltr' id='par_1_88' title="bbox 2151 4363 3742 4427">
     <span class='ocr_line' id='line_1_88' title="bbox 2151 4363 3742 4427; baseline -0.01 -4"><span class='ocrx_word' id='word_1_683' title='bbox 2151 4383 2264 4423; x_wconf 89' lang='lat' dir='ltr'><strong>rem</strong></span> <span class='ocrx_word' id='word_1_684' title='bbox 2291 4366 2500 4421; x_wconf 85' lang='lat' dir='ltr'><strong>videtur</strong></span> <span class='ocrx_word' id='word_1_685' title='bbox 2520 4365 2634 4419; x_wconf 67' lang='lat' dir='ltr'><strong>hate</strong></span> <span class='ocrx_word' id='word_1_686' title='bbox 2659 4364 2812 4417; x_wconf 86' lang='lat' dir='ltr'><strong>navis</strong></span> <span class='ocrx_word' id='word_1_687' title='bbox 2851 4363 3051 4416; x_wconf 87' lang='lat' dir='ltr'><strong>imita&#39;a</strong></span> <span class='ocrx_word' id='word_1_688' title='bbox 3071 4401 3085 4425; x_wconf 92' lang='lat'><strong>,</strong></span> <span class='ocrx_word' id='word_1_689' title='bbox 3120 4374 3240 4416; x_wconf 83' lang='lat' dir='ltr'><strong>eum</strong></span> <span class='ocrx_word' id='word_1_690' title='bbox 3270 4371 3422 4427; x_wconf 71' lang='lat' dir='ltr'><strong>mque</strong></span> <span class='ocrx_word' id='word_1_691' title='bbox 3451 4364 3606 4410; x_wconf 89' lang='lat' dir='ltr'><strong>utero</strong></span> <span class='ocrx_word' id='word_1_692' title='bbox 3641 4369 3742 4407; x_wconf 90' lang='lat' dir='ltr'><strong>suo</strong></span> 
     </span>
    </p>
   </div>
   <div class='ocr_carea' id='block_1_89' title="bbox 2152 4445 3741 4524">
    <p class='ocr_par' dir='ltr' id='par_1_89' title="bbox 2152 4445 3741 4524">
     <span class='ocr_line' id='line_1_89' title="bbox 2152 4445 3741 4524; baseline -0.008 -13"><span class='ocrx_word' id='word_1_693' title='bbox 2152 4458 2387 4513; x_wconf 88' lang='lat' dir='ltr'><strong>clausum</strong></span> <span class='ocrx_word' id='word_1_694' title='bbox 2414 4455 2698 4509; x_wconf 81' lang='lat' dir='ltr'><strong>hominem</strong></span> <span class='ocrx_word' id='word_1_695' title='bbox 2720 4469 2816 4524; x_wconf 91' lang='lat' dir='ltr'><strong>per</strong></span> <span class='ocrx_word' id='word_1_696' title='bbox 2843 4452 3006 4507; x_wconf 78' lang='lat' dir='ltr'><strong>maris</strong></span> <span class='ocrx_word' id='word_1_697' title='bbox 3035 4452 3142 4504; x_wconf 81' lang='lat' dir='ltr'><strong>alla</strong></span> <span class='ocrx_word' id='word_1_698' title='bbox 3169 4447 3461 4517; x_wconf 80' lang='lat' dir='ltr'><strong>gestaverit</strong></span> <span class='ocrx_word' id='word_1_699' title='bbox 3489 4455 3538 4510; x_wconf 73' lang='grc' dir='ltr'><strong>ι’,</strong></span> <span class='ocrx_word' id='word_1_700' title='bbox 3566 4454 3624 4498; x_wconf 87' lang='lat' dir='ltr'><strong>et</strong></span> <span class='ocrx_word' id='word_1_701' title='bbox 3655 4445 3741 4498; x_wconf 88' lang='lat' dir='ltr'><strong>lit-</strong></span> 
     </span>
    </p>
   </div>
   <div class='ocr_carea' id='block_1_90' title="bbox 2153 4537 3742 4615">
    <p class='ocr_par' dir='ltr' id='par_1_90' title="bbox 2153 4537 3742 4615">
     <span class='ocr_line' id='line_1_90' title="bbox 2153 4537 3742 4615; baseline -0.008 -15"><span class='ocrx_word' id='word_1_702' title='bbox 2153 4547 2258 4601; x_wconf 87' lang='lat' dir='ltr'><strong>t-ori</strong></span> <span class='ocrx_word' id='word_1_703' title='bbox 2305 4545 2613 4615; x_wconf 85' lang='lat' dir='ltr'><strong>exposuerit</strong></span> <span class='ocrx_word' id='word_1_704' title='bbox 2658 4544 3014 4607; x_wconf 89' lang='lat' dir='ltr'><strong>incolumem;</strong></span> <span class='ocrx_word' id='word_1_705' title='bbox 3046 4541 3186 4595; x_wconf 88' lang='lat' dir='ltr'><strong>sicut</strong></span> <span class='ocrx_word' id='word_1_706' title='bbox 3233 4539 3380 4593; x_wconf 89' lang='lat' dir='ltr'><strong>illum</strong></span> <span class='ocrx_word' id='word_1_707' title='bbox 3421 4537 3742 4603; x_wconf 87' lang='lat' dir='ltr'><strong>in&#39;igestum</strong></span> 
     </span>
    </p>
   </div>
   <div class='ocr_carea' id='block_1_91' title="bbox 466 4625 2041 4708">
    <p class='ocr_par' dir='ltr' id='par_1_91' title="bbox 466 4625 2041 4698">
     <span class='ocr_line' id='line_1_91' title="bbox 466 4625 2041 4698; baseline -0.004 -12"><span class='ocrx_word' id='word_1_708' title='bbox 466 4633 578 4687; x_wconf 86' lang='lat' dir='ltr'><strong>suis</strong></span> <span class='ocrx_word' id='word_1_709' title='bbox 606 4632 776 4688; x_wconf 85' lang='lat' dir='ltr'><strong>oculis</strong></span> <span class='ocrx_word' id='word_1_710' title='bbox 803 4631 1164 4687; x_wconf 84' lang='lat' dir='ltr'><strong>crediderunt.</strong></span> <span class='ocrx_word' id='word_1_711' title='bbox 1199 4628 1296 4684; x_wconf 82' lang='lat' dir='ltr'><strong>Ubi</strong></span> <span class='ocrx_word' id='word_1_712' title='bbox 1335 4635 1583 4698; x_wconf 89' lang='lat' dir='ltr'><strong>receptos</strong></span> <span class='ocrx_word' id='word_1_713' title='bbox 1606 4641 1770 4682; x_wconf 88' lang='lat' dir='ltr'><strong>senex</strong></span> <span class='ocrx_word' id='word_1_714' title='bbox 1800 4625 2041 4696; x_wconf 83' lang='lat' dir='ltr'><strong>prandio,</strong></span> 
     </span>
    </p>
   </div>
   <div class='ocr_carea' id='block_1_92' title="bbox 2143 4625 3744 4708">
    <p class='ocr_par' dir='ltr' id='par_1_92' title="bbox 2147 4629 3744 4708">
     <span class='ocr_line' id='line_1_92' title="bbox 2147 4629 3744 4708; baseline -0.009 -14"><span class='ocrx_word' id='word_1_715' title='bbox 2147 4638 2328 4708; x_wconf 69' lang='lat' dir='ltr'><strong>jejuna</strong></span> <span class='ocrx_word' id='word_1_716' title='bbox 2373 4636 2563 4708; x_wconf 66' lang='lat' dir='ltr'><strong>paeda}</strong></span> <span class='ocrx_word' id='word_1_717' title='bbox 2609 4652 2718 4690; x_wconf 73' lang='lat' dir='ltr'><strong>sua:</strong></span> <span class='ocrx_word' id='word_1_718' title='bbox 2761 4635 2934 4690; x_wconf 85' lang='lat' dir='ltr'><strong>bellua</strong></span> <span class='ocrx_word' id='word_1_719' title='bbox 2972 4633 3134 4703; x_wconf 83' lang='lat' dir='ltr'><strong>jussis</strong></span> <span class='ocrx_word' id='word_1_720' title='bbox 3162 4630 3478 4698; x_wconf 84' lang='lat' dir='ltr'><strong>singultibus</strong></span> <span class='ocrx_word' id='word_1_721' title='bbox 3501 4629 3567 4680; x_wconf 90' lang='lat' dir='ltr'><strong>ab</strong></span> <span class='ocrx_word' id='word_1_722' title='bbox 3591 4642 3744 4696; x_wconf 84' lang='lat' dir='ltr'><strong>erga-</strong></span> 
     </span>
    </p>
   </div>
   <div class='ocr_carea' id='block_1_93' title="bbox 469 4715 2057 4795">
    <p class='ocr_par' dir='ltr' id='par_1_93' title="bbox 469 4715 2057 4795">
     <span class='ocr_line' id='line_1_93' title="bbox 469 4715 2057 4795; baseline -0.006 -18"><span class='ocrx_word' id='word_1_723' title='bbox 469 4725 614 4794; x_wconf 83' lang='lat' dir='ltr'><strong>quod</strong></span> <span class='ocrx_word' id='word_1_724' title='bbox 659 4723 830 4795; x_wconf 88' lang='lat' dir='ltr'><strong>pridie</strong></span> <span class='ocrx_word' id='word_1_725' title='bbox 875 4723 1060 4793; x_wconf 88' lang='lat' dir='ltr'><strong>jussus</strong></span> <span class='ocrx_word' id='word_1_726' title='bbox 1097 4736 1128 4776; x_wconf 91' lang='lat' dir='ltr'><strong>a</strong></span> <span class='ocrx_word' id='word_1_727' title='bbox 1155 4719 1383 4775; x_wconf 82' lang='lat' dir='ltr'><strong>Domino</strong></span> <span class='ocrx_word' id='word_1_728' title='bbox 1424 4725 1768 4789; x_wconf 76' lang='lat' dir='ltr'><strong>przepararat,</strong></span> <span class='ocrx_word' id='word_1_729' title='bbox 1817 4715 2057 4785; x_wconf 85' lang='lat' dir='ltr'><strong>excepit,</strong></span> 
     </span>
    </p>
   </div>
   <div class='ocr_carea' id='block_1_94' title="bbox 461 4804 2121 4883">
    <p class='ocr_par' dir='ltr' id='par_1_94' title="bbox 461 4804 2121 4883">
     <span class='ocr_line' id='line_1_94' title="bbox 461 4804 2121 4883; baseline -0.008 -13"><span class='ocrx_word' id='word_1_730' title='bbox 461 4815 742 4883; x_wconf 82' lang='lat' dir='ltr'><strong>multaque</strong></span> <span class='ocrx_word' id='word_1_731' title='bbox 767 4810 1014 4867; x_wconf 79' lang='lat' dir='ltr'><strong>mercede</strong></span> <span class='ocrx_word' id='word_1_732' title='bbox 1035 4809 1267 4881; x_wconf 91' lang='lat' dir='ltr'><strong>copiosis</strong></span> <span class='ocrx_word' id='word_1_733' title='bbox 1294 4809 1612 4870; x_wconf 87' lang='lat' dir='ltr'><strong>amissorum</strong></span> <span class='ocrx_word' id='word_1_734' title='bbox 1642 4813 1922 4860; x_wconf 82' lang='lat' dir='ltr'><strong>nautarum</strong></span> <span class='ocrx_word' id='word_1_735' title='bbox 1953 4821 2049 4875; x_wconf 88' lang='lat' dir='ltr'><strong>pa-</strong></span> <span class='ocrx_word' id='word_1_736' title='bbox 2114 4804 2121 4815; x_wconf 92' lang='lat'>‘</span> 
     </span>
    </p>
   </div>
   <div class='ocr_carea' id='block_1_95' title="bbox 468 4896 2054 4974">
    <p class='ocr_par' dir='ltr' id='par_1_95' title="bbox 468 4896 2054 4974">
     <span class='ocr_line' id='line_1_95' title="bbox 468 4896 2054 4974; baseline -0.008 -10"><span class='ocrx_word' id='word_1_737' title='bbox 468 4911 624 4965; x_wconf 91' lang='lat' dir='ltr'><strong>nibus</strong></span> <span class='ocrx_word' id='word_1_738' title='bbox 652 4905 913 4962; x_wconf 84' lang='lat' dir='ltr'><strong>saturavit</strong></span> <span class='ocrx_word' id='word_1_739' title='bbox 937 4912 1100 4974; x_wconf 90' lang='lat' dir='ltr'><strong>atque</strong></span> <span class='ocrx_word' id='word_1_740' title='bbox 1127 4902 1370 4959; x_wconf 88' lang='lat' dir='ltr'><strong>donavit.</strong></span> <span class='ocrx_word' id='word_1_741' title='bbox 1411 4899 1614 4968; x_wconf 88' lang='lat' dir='ltr'><strong>Quibus</strong></span> <span class='ocrx_word' id='word_1_742' title='bbox 1641 4898 1918 4969; x_wconf 90' lang='lat' dir='ltr'><strong>stipendiis</strong></span> <span class='ocrx_word' id='word_1_743' title='bbox 1947 4896 2054 4952; x_wconf 67' lang='lat' dir='ltr'><strong>lani</strong></span> 
     </span>
    </p>
   </div>
   <div class='ocr_carea' id='block_1_96' title="bbox 467 4991 2051 5063">
    <p class='ocr_par' dir='ltr' id='par_1_96' title="bbox 467 4991 2051 5063">
     <span class='ocr_line' id='line_1_96' title="bbox 467 4991 2051 5063; baseline -0.006 -9"><span class='ocrx_word' id='word_1_744' title='bbox 467 4998 846 5054; x_wconf 86' lang='lat' dir='ltr'><strong>famulantibus</strong></span> <span class='ocrx_word' id='word_1_745' title='bbox 895 4996 1140 5051; x_wconf 86' lang='lat' dir='ltr'><strong>iembulis</strong></span> <span class='ocrx_word' id='word_1_746' title='bbox 1181 4994 1292 5050; x_wconf 87' lang='lat' dir='ltr'><strong>suis</strong></span> <span class='ocrx_word' id='word_1_747' title='bbox 1318 4991 1470 5063; x_wconf 87' lang='lat' dir='ltr'><strong>quasi</strong></span> <span class='ocrx_word' id='word_1_748' title='bbox 1517 4991 1797 5047; x_wconf 86' lang='lat' dir='ltr'><strong>emeritam</strong></span> <span class='ocrx_word' id='word_1_749' title='bbox 1843 4991 1990 5060; x_wconf 89' lang='lat' dir='ltr'><strong>gravi</strong></span> <span class='ocrx_word' id='word_1_750' title='bbox 2020 5005 2051 5045; x_wconf 90' lang='lat' dir='ltr'><strong>e</strong></span> 
     </span>
    </p>
   </div>
   <div class='ocr_carea' id='block_1_97' title="bbox 466 5088 2056 5160">
    <p class='ocr_par' dir='ltr' id='par_1_97' title="bbox 466 5088 2056 5160">
     <span class='ocr_line' id='line_1_97' title="bbox 466 5088 2056 5160; baseline -0.005 -10"><span class='ocrx_word' id='word_1_751' title='bbox 466 5095 609 5150; x_wconf 92' lang='lat' dir='ltr'><strong>bello</strong></span> <span class='ocrx_word' id='word_1_752' title='bbox 638 5102 694 5149; x_wconf 91' lang='lat' dir='ltr'><strong>et</strong></span> <span class='ocrx_word' id='word_1_753' title='bbox 721 5093 788 5149; x_wconf 93' lang='lat' dir='ltr'><strong>de</strong></span> <span class='ocrx_word' id='word_1_754' title='bbox 809 5092 1106 5148; x_wconf 85' lang='lat' dir='ltr'><strong>certamine</strong></span> <span class='ocrx_word' id='word_1_755' title='bbox 1125 5097 1460 5156; x_wconf 82' lang='lat' dir='ltr'><strong>coronatam,</strong></span> <span class='ocrx_word' id='word_1_756' title='bbox 1487 5088 1686 5158; x_wconf 90' lang='lat' dir='ltr'><strong>quippe</strong></span> <span class='ocrx_word' id='word_1_757' title='bbox 1711 5096 1770 5143; x_wconf 91' lang='lat' dir='ltr'><strong>ut</strong></span> <span class='ocrx_word' id='word_1_758' title='bbox 1793 5088 2056 5160; x_wconf 89' lang='lat' dir='ltr'><strong>supersti-</strong></span> 
     </span>
    </p>
   </div>
   <div class='ocr_carea' id='block_1_98' title="bbox 466 5180 2052 5258">
    <p class='ocr_par' dir='ltr' id='par_1_98' title="bbox 466 5180 2052 5258">
     <span class='ocr_line' id='line_1_98' title="bbox 466 5180 2052 5258; baseline -0.005 -15"><span class='ocrx_word' id='word_1_759' title='bbox 466 5199 575 5245; x_wconf 89' lang='lat' dir='ltr'><strong>tem</strong></span> <span class='ocrx_word' id='word_1_760' title='bbox 601 5189 885 5258; x_wconf 80' lang='lat' dir='ltr'><strong>naufragii,</strong></span> <span class='ocrx_word' id='word_1_761' title='bbox 904 5187 1179 5243; x_wconf 87' lang='lat' dir='ltr'><strong>victricem</strong></span> <span class='ocrx_word' id='word_1_762' title='bbox 1199 5193 1480 5240; x_wconf 89' lang='lat' dir='ltr'><strong>ventorum</strong></span> <span class='ocrx_word' id='word_1_763' title='bbox 1502 5190 1558 5238; x_wconf 93' lang='lat' dir='ltr'><strong>et</strong></span> <span class='ocrx_word' id='word_1_764' title='bbox 1584 5180 1836 5238; x_wconf 82' lang='lat' dir='ltr'><strong>ﬂuctuum</strong></span> <span class='ocrx_word' id='word_1_765' title='bbox 1861 5197 2052 5236; x_wconf 91' lang='lat' dir='ltr'><strong>navem</strong></span> 
     </span>
    </p>
   </div>
   <div class='ocr_carea' id='block_1_99' title="bbox 466 5273 2054 5353">
    <p class='ocr_par' dir='ltr' id='par_1_99' title="bbox 466 5273 2054 5353">
     <span class='ocr_line' id='line_1_99' title="bbox 466 5273 2054 5353; baseline -0.006 -17"><span class='ocrx_word' id='word_1_766' title='bbox 466 5283 532 5337; x_wconf 89' lang='lat' dir='ltr'><strong>ad</strong></span> <span class='ocrx_word' id='word_1_767' title='bbox 555 5291 772 5353; x_wconf 91' lang='lat' dir='ltr'><strong>portum</strong></span> <span class='ocrx_word' id='word_1_768' title='bbox 793 5298 959 5343; x_wconf 87' lang='lat' dir='ltr'><strong>suum</strong></span> <span class='ocrx_word' id='word_1_769' title='bbox 980 5279 1218 5335; x_wconf 81' lang='lat' dir='ltr'><strong>remulco</strong></span> <span class='ocrx_word' id='word_1_770' title='bbox 1230 5283 1501 5347; x_wconf 66' lang='lat' dir='ltr'><strong>priceunte</strong></span> <span class='ocrx_word' id='word_1_771' title='bbox 1520 5275 1811 5331; x_wconf 86' lang='lat' dir='ltr'><strong>duxerunt.</strong></span> <span class='ocrx_word' id='word_1_772' title='bbox 1827 5273 1962 5341; x_wconf 85' lang='lat' dir='ltr'><strong>Quid</strong></span> <span class='ocrx_word' id='word_1_773' title='bbox 1987 5273 2054 5328; x_wconf 88' lang='lat' dir='ltr'><strong>de</strong></span> 
     </span>
    </p>
   </div>
   <div class='ocr_carea' id='block_1_100' title="bbox 465 5371 2054 5440">
    <p class='ocr_par' dir='ltr' id='par_1_100' title="bbox 465 5371 2054 5440">
     <span class='ocr_line' id='line_1_100' title="bbox 465 5371 2054 5440; baseline -0.006 -8"><span class='ocrx_word' id='word_1_774' title='bbox 465 5378 566 5435; x_wconf 91' lang='lat' dir='ltr'><strong>hac</strong></span> <span class='ocrx_word' id='word_1_775' title='bbox 595 5379 720 5434; x_wconf 90' lang='lat' dir='ltr'><strong>navi</strong></span> <span class='ocrx_word' id='word_1_776' title='bbox 760 5379 976 5434; x_wconf 88' lang='lat' dir='ltr'><strong>fecisset</strong></span> <span class='ocrx_word' id='word_1_777' title='bbox 1015 5390 1202 5431; x_wconf 90' lang='lat' dir='ltr'><strong>eorum</strong></span> <span class='ocrx_word' id='word_1_778' title='bbox 1233 5372 1468 5438; x_wconf 86' lang='lat' dir='ltr'><strong>vanitas,</strong></span> <span class='ocrx_word' id='word_1_779' title='bbox 1491 5371 1582 5440; x_wconf 88' lang='lat' dir='ltr'><strong>qui</strong></span> <span class='ocrx_word' id='word_1_780' title='bbox 1612 5386 1794 5425; x_wconf 88' lang='lat' dir='ltr'><strong>errore</strong></span> <span class='ocrx_word' id='word_1_781' title='bbox 1836 5385 1928 5435; x_wconf 90' lang='lat' dir='ltr'><strong>eo,</strong></span> <span class='ocrx_word' id='word_1_782' title='bbox 1947 5383 2054 5436; x_wconf 89' lang='lat' dir='ltr'><strong>quo</strong></span> 
     </span>
    </p>
   </div>
   <div class='ocr_carea' id='block_1_101' title="bbox 467 5457 2058 5540">
    <p class='ocr_par' dir='ltr' id='par_1_101' title="bbox 467 5457 2058 5540">
     <span class='ocr_line' id='line_1_101' title="bbox 467 5457 2058 5540; baseline -0.008 -16"><span class='ocrx_word' id='word_1_783' title='bbox 467 5470 651 5525; x_wconf 90' lang='lat' dir='ltr'><strong>colunt</strong></span> <span class='ocrx_word' id='word_1_784' title='bbox 674 5485 835 5526; x_wconf 88' lang='lat' dir='ltr'><strong>omne</strong></span> <span class='ocrx_word' id='word_1_785' title='bbox 856 5467 998 5540; x_wconf 88' lang='lat' dir='ltr'><strong>quod</strong></span> <span class='ocrx_word' id='word_1_786' title='bbox 1026 5463 1457 5536; x_wconf 84' lang='lat' dir='ltr'><strong>lingunt,factam</strong></span> <span class='ocrx_word' id='word_1_787' title='bbox 1481 5460 1907 5530; x_wconf 86' lang='lat' dir='ltr'><strong>Argonautarum</strong></span> <span class='ocrx_word' id='word_1_788' title='bbox 1925 5457 2058 5513; x_wconf 83' lang='lat' dir='ltr'><strong>infc-</strong></span> 
     </span>
    </p>
   </div>
   <div class='ocr_carea' id='block_1_102' title="bbox 543 5595 1544 5666">
    <p class='ocr_par' dir='ltr' id='par_1_102' title="bbox 543 5595 1544 5666">
     <span class='ocr_line' id='line_1_102' title="bbox 543 5595 1544 5666; baseline -0.004 -15"><span class='ocrx_word' id='word_1_789' title='bbox 543 5598 564 5620; x_wconf 85' lang='lat'><strong>&#39;</strong></span> <span class='ocrx_word' id='word_1_790' title='bbox 591 5598 728 5654; x_wconf 86' lang='lat' dir='ltr'><strong>Psal.</strong></span> <span class='ocrx_word' id='word_1_791' title='bbox 767 5599 1028 5666; x_wconf 72' lang='lat' dir='ltr'><strong>Lxxt,18.</strong></span> <span class='ocrx_word' id='word_1_792' title='bbox 1104 5597 1133 5637; x_wconf 66' lang='grc' dir='ltr'>ι)</span> <span class='ocrx_word' id='word_1_793' title='bbox 1159 5599 1317 5652; x_wconf 81' lang='lat' dir='ltr'><strong>Rom.</strong></span> <span class='ocrx_word' id='word_1_794' title='bbox 1351 5613 1427 5661; x_wconf 88' lang='lat' dir='ltr'><strong>Iv,</strong></span> <span class='ocrx_word' id='word_1_795' title='bbox 1460 5595 1544 5648; x_wconf 84' lang='lat' dir='ltr'><strong>I7.</strong></span> 
     </span>
    </p>
   </div>
   <div class='ocr_carea' id='block_1_103' title="bbox 472 5667 1175 5733">
    <p class='ocr_par' dir='ltr' id='par_1_103' title="bbox 472 5667 1175 5733">
     <span class='ocr_line' id='line_1_103' title="bbox 472 5667 1175 5733; baseline -0.003 -10"><span class='ocrx_word' id='word_1_796' title='bbox 472 5685 507 5733; x_wconf 84' lang='grc' dir='ltr'>ι,</span> <span class='ocrx_word' id='word_1_797' title='bbox 543 5667 591 5722; x_wconf 70' lang='grc' dir='ltr'>ι.</span> <span class='ocrx_word' id='word_1_798' title='bbox 669 5671 693 5705; x_wconf 76' lang='grc'><strong>³·</strong></span> <span class='ocrx_word' id='word_1_799' title='bbox 722 5671 840 5724; x_wconf 83' lang='lat' dir='ltr'><strong>Act.</strong></span> <span class='ocrx_word' id='word_1_800' title='bbox 893 5686 1056 5732; x_wconf 75' lang='lat' dir='ltr'><strong>xxvu,</strong></span> <span class='ocrx_word' id='word_1_801' title='bbox 1087 5668 1175 5722; x_wconf 68' lang='lat' dir='ltr'><strong>2L</strong></span> 
     </span>
    </p>
   </div>
   <div class='ocr_carea' id='block_1_104' title="bbox 471 5738 1304 5804">
    <p class='ocr_par' dir='ltr' id='par_1_104' title="bbox 471 5738 1304 5804">
     <span class='ocr_line' id='line_1_104' title="bbox 471 5738 1304 5804; baseline 0.001 -15"><span class='ocrx_word' id='word_1_802' title='bbox 471 5749 508 5773; x_wconf 75' lang='grc' dir='ltr'><strong><em>νο</em></strong></span> <span class='ocrx_word' id='word_1_803' title='bbox 538 5738 673 5792; x_wconf 72' lang='lat' dir='ltr'><strong>lien.</strong></span> <span class='ocrx_word' id='word_1_804' title='bbox 699 5755 810 5804; x_wconf 81' lang='lat' dir='ltr'><strong>vni,</strong></span> <span class='ocrx_word' id='word_1_805' title='bbox 842 5743 892 5793; x_wconf 84' lang='lat'><strong>9.</strong></span> <span class='ocrx_word' id='word_1_806' title='bbox 972 5750 996 5775; x_wconf 84' lang='grc' dir='ltr'><strong>ιι</strong></span> <span class='ocrx_word' id='word_1_807' title='bbox 1017 5739 1136 5793; x_wconf 84' lang='lat' dir='ltr'><strong>Jon.</strong></span> <span class='ocrx_word' id='word_1_808' title='bbox 1172 5756 1231 5804; x_wconf 85' lang='grc' dir='ltr'>ιι,</span> <span class='ocrx_word' id='word_1_809' title='bbox 1259 5741 1304 5791; x_wconf 92' lang='lat' dir='ltr'><strong>l.</strong></span> 
     </span>
    </p>
   </div>
   <div class='ocr_carea' id='block_1_105' title="bbox 1261 5666 1710 5728">
    <p class='ocr_par' dir='ltr' id='par_1_105' title="bbox 1261 5666 1710 5728">
     <span class='ocr_line' id='line_1_105' title="bbox 1261 5666 1710 5728; baseline -0.004 -8"><span class='ocrx_word' id='word_1_810' title='bbox 1261 5668 1438 5722; x_wconf 79' lang='lat' dir='ltr'><strong>iGen.</strong></span> <span class='ocrx_word' id='word_1_811' title='bbox 1488 5683 1578 5728; x_wconf 83' lang='lat' dir='ltr'><strong>vn,</strong></span> <span class='ocrx_word' id='word_1_812' title='bbox 1629 5666 1710 5718; x_wconf 80' lang='grc' dir='ltr'><strong>Π.</strong></span> 
     </span>
    </p>
   </div>
   <div class='ocr_carea' id='block_1_106' title="bbox 546 5848 2061 5924">
    <p class='ocr_par' dir='ltr' id='par_1_106' title="bbox 546 5848 2061 5924">
     <span class='ocr_line' id='line_1_106' title="bbox 546 5848 2061 5924; baseline -0.004 -18"><span class='ocrx_word' id='word_1_813' title='bbox 546 5855 620 5924; x_wconf 85' lang='lat' dir='ltr'><strong>(a)</strong></span> <span class='ocrx_word' id='word_1_814' title='bbox 645 5853 715 5907; x_wconf 80' lang='lat' dir='ltr'><strong>Ita</strong></span> <span class='ocrx_word' id='word_1_815' title='bbox 744 5871 842 5908; x_wconf 84' lang='lat' dir='ltr'><strong>rus.</strong></span> <span class='ocrx_word' id='word_1_816' title='bbox 872 5855 1000 5921; x_wconf 81' lang='lat' dir='ltr'><strong>Reg.</strong></span> <span class='ocrx_word' id='word_1_817' title='bbox 1032 5870 1150 5924; x_wconf 87' lang='lat' dir='ltr'><strong>cum</strong></span> <span class='ocrx_word' id='word_1_818' title='bbox 1174 5854 1301 5907; x_wconf 88' lang='lat' dir='ltr'><strong>edit.</strong></span> <span class='ocrx_word' id='word_1_819' title='bbox 1329 5853 1515 5906; x_wconf 71' lang='lat' dir='ltr'><strong>Schol.</strong></span> <span class='ocrx_word' id='word_1_820' title='bbox 1540 5861 1592 5905; x_wconf 90' lang='lat' dir='ltr'><strong>et</strong></span> <span class='ocrx_word' id='word_1_821' title='bbox 1623 5849 1875 5905; x_wconf 77' lang='lat' dir='ltr'><strong>Paulinus</strong></span> <span class='ocrx_word' id='word_1_822' title='bbox 1897 5848 2061 5924; x_wconf 53' lang='lat' dir='ltr'><strong>epist.</strong></span> 
     </span>
    </p>
   </div>
   <div class='ocr_carea' id='block_1_107' title="bbox 479 5917 2054 5990">
    <p class='ocr_par' dir='ltr' id='par_1_107' title="bbox 479 5917 2054 5990">
     <span class='ocr_line' id='line_1_107' title="bbox 479 5917 2054 5990; baseline -0.005 -12"><span class='ocrx_word' id='word_1_823' title='bbox 479 5917 652 5979; x_wconf 35' lang='lat' dir='ltr'><strong>lG‘a&#39;d</strong></span> <span class='ocrx_word' id='word_1_824' title='bbox 700 5917 1018 5989; x_wconf 64' lang='lat' dir='ltr'><strong>Jovium,b.</strong></span> <span class='ocrx_word' id='word_1_825' title='bbox 1053 5923 1104 5989; x_wconf 74' lang='grc' dir='ltr'><strong>-ῑ,</strong></span> <span class='ocrx_word' id='word_1_826' title='bbox 1139 5925 1188 5976; x_wconf 85' lang='lat' dir='ltr'><strong>iu</strong></span> <span class='ocrx_word' id='word_1_827' title='bbox 1243 5924 1460 5990; x_wconf 57' lang='lat' dir='ltr'><strong>aperiam</strong></span> <span class='ocrx_word' id='word_1_828' title='bbox 1512 5929 1837 5986; x_wconf 53' lang='lat' dir='ltr'><strong>(or/foratum</strong></span> <span class='ocrx_word' id='word_1_829' title='bbox 1890 5917 2054 5971; x_wconf 74' lang='lat' dir='ltr'><strong>stultis</strong></span> 
     </span>
    </p>
   </div>
   <div class='ocr_carea' id='block_1_108' title="bbox 1625 5583 2952 5656">
    <p class='ocr_par' dir='ltr' id='par_1_108' title="bbox 1625 5583 2952 5656">
     <span class='ocr_line' id='line_1_108' title="bbox 1625 5583 2952 5656; baseline -0.01 -7"><span class='ocrx_word' id='word_1_830' title='bbox 1625 5607 1646 5635; x_wconf 75' lang='grc' dir='ltr'><strong>ο</strong></span> <span class='ocrx_word' id='word_1_831' title='bbox 1671 5595 1808 5650; x_wconf 90' lang='lat' dir='ltr'><strong>Gen.</strong></span> <span class='ocrx_word' id='word_1_832' title='bbox 1839 5611 1924 5656; x_wconf 84' lang='lat' dir='ltr'><strong>vn,</strong></span> <span class='ocrx_word' id='word_1_833' title='bbox 1955 5593 2045 5645; x_wconf 79' lang='lat' dir='ltr'><strong>l7.</strong></span> <span class='ocrx_word' id='word_1_834' title='bbox 2118 5591 2143 5628; x_wconf 71' lang='grc' dir='ltr'>ά</span> <span class='ocrx_word' id='word_1_835' title='bbox 2170 5593 2303 5644; x_wconf 84' lang='lat' dir='ltr'><strong>Gen.</strong></span> <span class='ocrx_word' id='word_1_836' title='bbox 2333 5606 2427 5654; x_wconf 79' lang='lat' dir='ltr'><strong>vn,</strong></span> <span class='ocrx_word' id='word_1_837' title='bbox 2463 5586 2546 5640; x_wconf 77' lang='grc'><strong>15.</strong></span> <span class='ocrx_word' id='word_1_838' title='bbox 2627 5595 2650 5623; x_wconf 72' lang='grc' dir='ltr'><strong><em>ο</em></strong></span> <span class='ocrx_word' id='word_1_839' title='bbox 2684 5584 2867 5656; x_wconf 32' lang='grc' dir='ltr'>Ιοιιζι,</span> <span class='ocrx_word' id='word_1_840' title='bbox 2899 5583 2952 5636; x_wconf 73' lang='grc'><strong>5.</strong></span> 
     </span>
    </p>
   </div>
   <div class='ocr_carea' id='block_1_109' title="bbox 1791 5661 2223 5725">
    <p class='ocr_par' dir='ltr' id='par_1_109' title="bbox 1791 5661 2223 5725">
     <span class='ocr_line' id='line_1_109' title="bbox 1791 5661 2223 5725; baseline 0.002 -12"><span class='ocrx_word' id='word_1_841' title='bbox 1791 5669 1803 5713; x_wconf 84' lang='lat' dir='ltr'><strong>l</strong></span> <span class='ocrx_word' id='word_1_842' title='bbox 1846 5663 1984 5717; x_wconf 79' lang='lat' dir='ltr'><strong>Gen.</strong></span> <span class='ocrx_word' id='word_1_843' title='bbox 2031 5679 2102 5725; x_wconf 85' lang='lat' dir='ltr'><strong>vt,</strong></span> <span class='ocrx_word' id='word_1_844' title='bbox 2133 5661 2223 5714; x_wconf 72' lang='lat'><strong>20.</strong></span> 
     </span>
    </p>
   </div>
   <div class='ocr_carea' id='block_1_110' title="bbox 1382 5731 2222 5800">
    <p class='ocr_par' dir='ltr' id='par_1_110' title="bbox 1382 5731 2222 5800">
     <span class='ocr_line' id='line_1_110' title="bbox 1382 5731 2222 5800; baseline -0.006 -11"><span class='ocrx_word' id='word_1_845' title='bbox 1382 5748 1406 5772; x_wconf 83' lang='grc' dir='ltr'><strong>ο</strong></span> <span class='ocrx_word' id='word_1_846' title='bbox 1435 5735 1561 5790; x_wconf 85' lang='lat' dir='ltr'><strong>Jou.</strong></span> <span class='ocrx_word' id='word_1_847' title='bbox 1593 5753 1644 5800; x_wconf 86' lang='grc' dir='ltr'>ιι,</span> <span class='ocrx_word' id='word_1_848' title='bbox 1677 5735 1728 5787; x_wconf 87' lang='lat' dir='ltr'><strong>ll</strong></span> <span class='ocrx_word' id='word_1_849' title='bbox 1757 5753 1772 5800; x_wconf 88' lang='lat'><strong>;</strong></span> <span class='ocrx_word' id='word_1_850' title='bbox 1804 5732 1996 5787; x_wconf 82' lang='lat' dir='ltr'><strong>Matth.</strong></span> <span class='ocrx_word' id='word_1_851' title='bbox 2020 5749 2111 5797; x_wconf 89' lang='lat' dir='ltr'><strong>xu,</strong></span> <span class='ocrx_word' id='word_1_852' title='bbox 2133 5731 2222 5785; x_wconf 75' lang='lat'><strong>59.</strong></span> 
     </span>
    </p>
   </div>
   <div class='ocr_carea' id='block_1_111' title="bbox 2154 4719 3745 4800">
    <p class='ocr_par' dir='ltr' id='par_1_111' title="bbox 2154 4719 3745 4800">
     <span class='ocr_line' id='line_1_111' title="bbox 2154 4719 3745 4800; baseline -0.009 -16"><span class='ocrx_word' id='word_1_853' title='bbox 2154 4731 2296 4785; x_wconf 87' lang='lat' dir='ltr'><strong>stulo</strong></span> <span class='ocrx_word' id='word_1_854' title='bbox 2324 4729 2549 4800; x_wconf 81' lang='lat' dir='ltr'><strong>spatiosi</strong></span> <span class='ocrx_word' id='word_1_855' title='bbox 2577 4728 2784 4782; x_wconf 80' lang='lat' dir='ltr'><strong>ventris</strong></span> <span class='ocrx_word' id='word_1_856' title='bbox 2815 4740 3097 4781; x_wconf 84' lang='lat' dir='ltr'><strong>excussum</strong></span> <span class='ocrx_word' id='word_1_857' title='bbox 3133 4721 3328 4777; x_wconf 76' lang='lat' dir='ltr'><strong>refudit</strong></span> <span class='ocrx_word' id='word_1_858' title='bbox 3355 4721 3497 4785; x_wconf 88' lang='lat' dir='ltr'><strong>Deo,</strong></span> <span class='ocrx_word' id='word_1_859' title='bbox 3527 4733 3638 4784; x_wconf 86' lang='lat' dir='ltr'><strong>quo</strong></span> <span class='ocrx_word' id='word_1_860' title='bbox 3664 4719 3745 4786; x_wconf 70' lang='lat' dir='ltr'><strong>ju~</strong></span> 
     </span>
    </p>
   </div>
   <div class='ocr_carea' id='block_1_112' title="bbox 2154 4807 3747 4888">
    <p class='ocr_par' dir='ltr' id='par_1_112' title="bbox 2154 4807 3747 4888">
     <span class='ocr_line' id='line_1_112' title="bbox 2154 4807 3747 4888; baseline -0.009 -13"><span class='ocrx_word' id='word_1_861' title='bbox 2154 4821 2314 4875; x_wconf 88' lang='lat' dir='ltr'><strong>bente</strong></span> <span class='ocrx_word' id='word_1_862' title='bbox 2334 4826 2662 4888; x_wconf 87' lang='lat' dir='ltr'><strong>susceperat,</strong></span> <span class='ocrx_word' id='word_1_863' title='bbox 2686 4826 2742 4871; x_wconf 90' lang='lat' dir='ltr'><strong>et</strong></span> <span class='ocrx_word' id='word_1_864' title='bbox 2770 4815 3028 4887; x_wconf 74' lang='lat' dir='ltr'><strong>mysterio</strong></span> <span class='ocrx_word' id='word_1_865' title='bbox 3051 4812 3342 4868; x_wconf 68' lang='lat' dir='ltr'><strong>salutilerce</strong></span> <span class='ocrx_word' id='word_1_866' title='bbox 3369 4807 3638 4880; x_wconf 87' lang='lat' dir='ltr'><strong>passionis</strong></span> <span class='ocrx_word' id='word_1_867' title='bbox 3667 4823 3747 4861; x_wconf 87' lang='lat' dir='ltr'><strong>ex-</strong></span> 
     </span>
    </p>
   </div>
   <div class='ocr_carea' id='block_1_113' title="bbox 2155 4898 3664 4981">
    <p class='ocr_par' dir='ltr' id='par_1_113' title="bbox 2155 4898 3664 4981">
     <span class='ocr_line' id='line_1_113' title="bbox 2155 4898 3664 4981; baseline -0.008 -17"><span class='ocrx_word' id='word_1_868' title='bbox 2155 4910 2320 4981; x_wconf 90' lang='lat' dir='ltr'><strong>pleto,</strong></span> <span class='ocrx_word' id='word_1_869' title='bbox 2347 4909 2504 4964; x_wconf 73' lang='lat' dir='ltr'><strong>tertia</strong></span> <span class='ocrx_word' id='word_1_870' title='bbox 2533 4907 2618 4962; x_wconf 90' lang='lat' dir='ltr'><strong>die</strong></span> <span class='ocrx_word' id='word_1_871' title='bbox 2645 4907 2702 4961; x_wconf 74' lang='lat' dir='ltr'><strong>in</strong></span> <span class='ocrx_word' id='word_1_872' title='bbox 2727 4921 2877 4976; x_wconf 87' lang='lat' dir='ltr'><strong>spem</strong></span> <span class='ocrx_word' id='word_1_873' title='bbox 2905 4902 3316 4959; x_wconf 86' lang='lat' dir='ltr'><strong>resurrectionis</strong></span> <span class='ocrx_word' id='word_1_874' title='bbox 3345 4898 3581 4954; x_wconf 91' lang='lat' dir='ltr'><strong>evomuit</strong></span> <span class='ocrx_word' id='word_1_875' title='bbox 3611 4907 3664 4952; x_wconf 82' lang='grc' dir='ltr'><strong>ο.</strong></span> 
     </span>
    </p>
   </div>
   <div class='ocr_carea' id='block_1_114' title="bbox 2232 4989 3751 5062">
    <p class='ocr_par' dir='ltr' id='par_1_114' title="bbox 2232 4989 3751 5062">
     <span class='ocr_line' id='line_1_114' title="bbox 2232 4989 3751 5062; baseline -0.011 -7"><span class='ocrx_word' id='word_1_876' title='bbox 2232 5001 2322 5055; x_wconf 83' lang='grc' dir='ltr'><strong>Η.</strong></span> <span class='ocrx_word' id='word_1_877' title='bbox 2352 5001 2514 5055; x_wconf 80' lang='lat' dir='ltr'><strong>Navis</strong></span> <span class='ocrx_word' id='word_1_878' title='bbox 2543 5015 2672 5054; x_wconf 88' lang='lat' dir='ltr'><strong>vero</strong></span> <span class='ocrx_word' id='word_1_879' title='bbox 2713 4998 2852 5053; x_wconf 91' lang='lat' dir='ltr'><strong>illius</strong></span> <span class='ocrx_word' id='word_1_880' title='bbox 2888 4998 3043 5050; x_wconf 91' lang='lat' dir='ltr'><strong>turba</strong></span> <span class='ocrx_word' id='word_1_881' title='bbox 3089 4995 3295 5049; x_wconf 87' lang='lat' dir='ltr'><strong>felicior</strong></span> <span class='ocrx_word' id='word_1_882' title='bbox 3320 5008 3439 5062; x_wconf 70' lang='lat' dir='ltr'><strong>qua:</strong></span> <span class='ocrx_word' id='word_1_883' title='bbox 3485 4989 3751 5059; x_wconf 81' lang='lat' dir='ltr'><strong>Apostolo</strong></span> 
     </span>
    </p>
   </div>
   <div class='ocr_carea' id='block_1_115' title="bbox 2155 5081 3751 5156">
    <p class='ocr_par' dir='ltr' id='par_1_115' title="bbox 2155 5081 3751 5156">
     <span class='ocr_line' id='line_1_115' title="bbox 2155 5081 3751 5156; baseline -0.009 -8"><span class='ocrx_word' id='word_1_884' title='bbox 2155 5092 2455 5148; x_wconf 86' lang='lat' dir='ltr'><strong>condonata</strong></span> <span class='ocrx_word' id='word_1_885' title='bbox 2479 5099 2562 5145; x_wconf 92' lang='lat' dir='ltr'><strong>est</strong></span> <span class='ocrx_word' id='word_1_886' title='bbox 2581 5101 2633 5156; x_wconf 78' lang='grc' dir='ltr'><strong>Ρ,</strong></span> <span class='ocrx_word' id='word_1_887' title='bbox 2659 5106 2762 5144; x_wconf 93' lang='lat' dir='ltr'><strong>non</strong></span> <span class='ocrx_word' id='word_1_888' title='bbox 2789 5088 2899 5142; x_wconf 90' lang='lat' dir='ltr'><strong>suis</strong></span> <span class='ocrx_word' id='word_1_889' title='bbox 2923 5087 3137 5156; x_wconf 86' lang='lat' dir='ltr'><strong>quidem</strong></span> <span class='ocrx_word' id='word_1_890' title='bbox 3159 5085 3394 5149; x_wconf 88' lang='lat' dir='ltr'><strong>meritis;</strong></span> <span class='ocrx_word' id='word_1_891' title='bbox 3419 5099 3538 5137; x_wconf 89' lang='lat' dir='ltr'><strong>nam</strong></span> <span class='ocrx_word' id='word_1_892' title='bbox 3568 5091 3628 5136; x_wconf 91' lang='lat' dir='ltr'><strong>et</strong></span> <span class='ocrx_word' id='word_1_893' title='bbox 3655 5081 3751 5150; x_wconf 90' lang='lat' dir='ltr'><strong>ipsi</strong></span> 
     </span>
    </p>
   </div>
   <div class='ocr_carea' id='block_1_116' title="bbox 2157 5173 3737 5252">
    <p class='ocr_par' dir='ltr' id='par_1_116' title="bbox 2157 5173 3737 5252">
     <span class='ocr_line' id='line_1_116' title="bbox 2157 5173 3737 5252; baseline -0.008 -13"><span class='ocrx_word' id='word_1_894' title='bbox 2157 5184 2495 5252; x_wconf 83' lang='lat' dir='ltr'><strong>naufragium</strong></span> <span class='ocrx_word' id='word_1_895' title='bbox 2527 5189 2858 5244; x_wconf 84' lang='lat' dir='ltr'><strong>meruerunt,</strong></span> <span class='ocrx_word' id='word_1_896' title='bbox 2891 5179 2980 5249; x_wconf 89' lang='lat' dir='ltr'><strong>qui</strong></span> <span class='ocrx_word' id='word_1_897' title='bbox 3009 5185 3284 5233; x_wconf 81' lang='lat' dir='ltr'><strong>contcmto</strong></span> <span class='ocrx_word' id='word_1_898' title='bbox 3309 5175 3548 5245; x_wconf 81' lang='lat' dir='ltr'><strong>Apostoli</strong></span> <span class='ocrx_word' id='word_1_899' title='bbox 3578 5173 3737 5229; x_wconf 87' lang='lat' dir='ltr'><strong>consi</strong></span> 
     </span>
    </p>
   </div>
   <div class='ocr_carea' id='block_1_117' title="bbox 2159 5264 3751 5340">
    <p class='ocr_par' dir='ltr' id='par_1_117' title="bbox 2159 5264 3751 5340">
     <span class='ocr_line' id='line_1_117' title="bbox 2159 5264 3751 5340; baseline -0.009 -12"><span class='ocrx_word' id='word_1_900' title='bbox 2159 5275 2236 5328; x_wconf 89' lang='lat' dir='ltr'><strong>lio</strong></span> <span class='ocrx_word' id='word_1_901' title='bbox 2264 5274 2603 5340; x_wconf 81' lang='lat' dir='ltr'><strong>navigaraut.</strong></span> <span class='ocrx_word' id='word_1_902' title='bbox 2633 5269 2735 5324; x_wconf 88' lang='lat' dir='ltr'><strong>Sed</strong></span> <span class='ocrx_word' id='word_1_903' title='bbox 2765 5285 2872 5324; x_wconf 89' lang='lat' dir='ltr'><strong>non</strong></span> <span class='ocrx_word' id='word_1_904' title='bbox 2918 5269 3095 5322; x_wconf 87' lang='lat' dir='ltr'><strong>minus</strong></span> <span class='ocrx_word' id='word_1_905' title='bbox 3131 5281 3194 5320; x_wconf 83' lang='lat' dir='ltr'><strong>ex</strong></span> <span class='ocrx_word' id='word_1_906' title='bbox 3242 5266 3345 5320; x_wconf 92' lang='lat' dir='ltr'><strong>hoc</strong></span> <span class='ocrx_word' id='word_1_907' title='bbox 3382 5279 3669 5335; x_wconf 87' lang='lat' dir='ltr'><strong>possumus</strong></span> <span class='ocrx_word' id='word_1_908' title='bbox 3700 5264 3751 5316; x_wconf 90' lang='lat' dir='ltr'><strong>in</strong></span> 
     </span>
    </p>
   </div>
   <div class='ocr_carea' id='block_1_118' title="bbox 2158 5355 3749 5432">
    <p class='ocr_par' dir='ltr' id='par_1_118' title="bbox 2158 5355 3749 5432">
     <span class='ocr_line' id='line_1_118' title="bbox 2158 5355 3749 5432; baseline -0.009 -13"><span class='ocrx_word' id='word_1_909' title='bbox 2158 5365 2354 5419; x_wconf 85' lang='lat' dir='ltr'><strong>divinis</strong></span> <span class='ocrx_word' id='word_1_910' title='bbox 2375 5363 2631 5432; x_wconf 89' lang='lat' dir='ltr'><strong>operibus</strong></span> <span class='ocrx_word' id='word_1_911' title='bbox 2679 5361 2886 5428; x_wconf 86' lang='lat' dir='ltr'><strong>navigio</strong></span> <span class='ocrx_word' id='word_1_912' title='bbox 2917 5358 3167 5427; x_wconf 80' lang='lat' dir='ltr'><strong>gloriari;</strong></span> <span class='ocrx_word' id='word_1_913' title='bbox 3203 5355 3352 5424; x_wconf 89' lang='lat' dir='ltr'><strong>cujus</strong></span> <span class='ocrx_word' id='word_1_914' title='bbox 3381 5356 3507 5408; x_wconf 79' lang='lat' dir='ltr'><strong>viris</strong></span> <span class='ocrx_word' id='word_1_915' title='bbox 3552 5370 3749 5423; x_wconf 86' lang='lat' dir='ltr'><strong>qnam-</strong></span> 
     </span>
    </p>
   </div>
   <div class='ocr_carea' id='block_1_119' title="bbox 2160 5446 3750 5525">
    <p class='ocr_par' dir='ltr' id='par_1_119' title="bbox 2160 5446 3750 5525">
     <span class='ocr_line' id='line_1_119' title="bbox 2160 5446 3750 5525; baseline -0.008 -16"><span class='ocrx_word' id='word_1_916' title='bbox 2160 5472 2319 5525; x_wconf 87' lang='lat' dir='ltr'><strong>quam</strong></span> <span class='ocrx_word' id='word_1_917' title='bbox 2349 5454 2578 5509; x_wconf 82' lang='lat' dir='ltr'><strong>defuerit</strong></span> <span class='ocrx_word' id='word_1_918' title='bbox 2609 5452 2798 5506; x_wconf 90' lang='lat' dir='ltr'><strong>similis</strong></span> <span class='ocrx_word' id='word_1_919' title='bbox 2828 5450 3143 5515; x_wconf 67' lang='lat' dir='ltr'><strong>advocatus,</strong></span> <span class='ocrx_word' id='word_1_920' title='bbox 3171 5457 3351 5502; x_wconf 89' lang='lat' dir='ltr'><strong>tamen</strong></span> <span class='ocrx_word' id='word_1_921' title='bbox 3383 5447 3479 5516; x_wconf 91' lang='lat' dir='ltr'><strong>ipsi</strong></span> <span class='ocrx_word' id='word_1_922' title='bbox 3512 5447 3561 5499; x_wconf 89' lang='lat' dir='ltr'><strong>in</strong></span> <span class='ocrx_word' id='word_1_923' title='bbox 3591 5446 3750 5499; x_wconf 86' lang='lat' dir='ltr'><strong>unico</strong></span> 
     </span>
    </p>
   </div>
   <div class='ocr_carea' id='block_1_120' title="bbox 3038 5577 3746 5639">
    <p class='ocr_par' dir='ltr' id='par_1_120' title="bbox 3038 5577 3746 5639">
     <span class='ocr_line' id='line_1_120' title="bbox 3038 5577 3746 5639; baseline -0.01 -4"><span class='ocrx_word' id='word_1_924' title='bbox 3038 5583 3056 5619; x_wconf 70' lang='grc' dir='ltr'><em>τ</em></span> <span class='ocrx_word' id='word_1_925' title='bbox 3090 5581 3210 5635; x_wconf 86' lang='lat' dir='ltr'><strong>Act.</strong></span> <span class='ocrx_word' id='word_1_926' title='bbox 3240 5597 3404 5639; x_wconf 78' lang='lat' dir='ltr'><strong>xxvii.</strong></span> <span class='ocrx_word' id='word_1_927' title='bbox 3439 5581 3492 5631; x_wconf 81' lang='grc' dir='ltr'><strong>ϐ.</strong></span> <span class='ocrx_word' id='word_1_928' title='bbox 3571 5587 3593 5620; x_wconf 65' lang='grc' dir='ltr'>κ</span> <span class='ocrx_word' id='word_1_929' title='bbox 3621 5577 3746 5630; x_wconf 79' lang='lat' dir='ltr'><strong>Jon.</strong></span> 
     </span>
    </p>
   </div>
   <div class='ocr_carea' id='block_1_121' title="bbox 2300 5645 3720 5719">
    <p class='ocr_par' dir='ltr' id='par_1_121' title="bbox 2300 5645 3720 5719">
     <span class='ocr_line' id='line_1_121' title="bbox 2300 5645 3720 5719; baseline -0.013 -5"><span class='ocrx_word' id='word_1_930' title='bbox 2300 5659 2321 5696; x_wconf 72' lang='grc' dir='ltr'><strong>¹ί</strong></span> <span class='ocrx_word' id='word_1_931' title='bbox 2352 5645 2486 5713; x_wconf 79' lang='lat' dir='ltr'><strong>Gen.</strong></span> <span class='ocrx_word' id='word_1_932' title='bbox 2525 5674 2613 5717; x_wconf 85' lang='lat' dir='ltr'><strong>vn,</strong></span> <span class='ocrx_word' id='word_1_933' title='bbox 2645 5657 2707 5719; x_wconf 88' lang='lat'><strong>7;</strong></span> <span class='ocrx_word' id='word_1_934' title='bbox 2751 5655 2766 5708; x_wconf 99' lang='grc' dir='ltr'><strong>Ι</strong></span> <span class='ocrx_word' id='word_1_935' title='bbox 2804 5653 2949 5708; x_wconf 75' lang='lat' dir='ltr'><strong>Petr.</strong></span> <span class='ocrx_word' id='word_1_936' title='bbox 2997 5669 3070 5717; x_wconf 82' lang='lat' dir='ltr'><strong>tu,</strong></span> <span class='ocrx_word' id='word_1_937' title='bbox 3104 5651 3186 5703; x_wconf 73' lang='lat'><strong>21).</strong></span> <span class='ocrx_word' id='word_1_938' title='bbox 3275 5649 3286 5686; x_wconf 86' lang='grc'>¹</span> <span class='ocrx_word' id='word_1_939' title='bbox 3325 5648 3458 5703; x_wconf 81' lang='lat' dir='ltr'><strong>Gen.</strong></span> <span class='ocrx_word' id='word_1_940' title='bbox 3515 5665 3630 5714; x_wconf 82' lang='lat' dir='ltr'><strong>vnl,</strong></span> <span class='ocrx_word' id='word_1_941' title='bbox 3661 5645 3720 5698; x_wconf 81' lang='lat' dir='ltr'><strong>it</strong></span> 
     </span>
    </p>
   </div>
   <div class='ocr_carea' id='block_1_122' title="bbox 2301 5725 2792 5790">
    <p class='ocr_par' dir='ltr' id='par_1_122' title="bbox 2301 5725 2792 5790">
     <span class='ocr_line' id='line_1_122' title="bbox 2301 5725 2792 5790; baseline -0.004 -11"><span class='ocrx_word' id='word_1_942' title='bbox 2301 5741 2325 5779; x_wconf 89' lang='lat' dir='ltr'><strong>P</strong></span> <span class='ocrx_word' id='word_1_943' title='bbox 2358 5729 2478 5784; x_wconf 84' lang='lat' dir='ltr'><strong>Act.</strong></span> <span class='ocrx_word' id='word_1_944' title='bbox 2509 5743 2672 5790; x_wconf 74' lang='lat' dir='ltr'><strong>xxv&quot;,</strong></span> <span class='ocrx_word' id='word_1_945' title='bbox 2703 5725 2792 5778; x_wconf 63' lang='lat'><strong>‘24.</strong></span> 
     </span>
    </p>
   </div>
   <div class='ocr_carea' id='block_1_123' title="bbox 2125 5827 3744 5914">
    <p class='ocr_par' dir='ltr' id='par_1_123' title="bbox 2125 5827 3744 5914">
     <span class='ocr_line' id='line_1_123' title="bbox 2125 5827 3744 5914; baseline -0.012 -16"><span class='ocrx_word' id='word_1_946' title='bbox 2125 5843 2137 5854; x_wconf 89' lang='grc'><strong>’</strong></span> <span class='ocrx_word' id='word_1_947' title='bbox 2170 5839 2561 5914; x_wconf 69' lang='lat' dir='ltr'><strong>cogitationibus</strong></span> <span class='ocrx_word' id='word_1_948' title='bbox 2592 5841 2816 5910; x_wconf 66' lang='lat' dir='ltr'><strong>ﬁngunt.</strong></span> <span class='ocrx_word' id='word_1_949' title='bbox 2851 5837 2996 5892; x_wconf 84' lang='lat' dir='ltr'><strong>Edit.</strong></span> <span class='ocrx_word' id='word_1_950' title='bbox 3043 5835 3211 5890; x_wconf 78' lang='lat' dir='ltr'><strong>Rusv.</strong></span> <span class='ocrx_word' id='word_1_951' title='bbox 3241 5831 3324 5887; x_wconf 84' lang='lat' dir='ltr'><strong>hic</strong></span> <span class='ocrx_word' id='word_1_952' title='bbox 3365 5827 3526 5885; x_wconf 76' lang='lat' dir='ltr'><strong>itath</strong></span> <span class='ocrx_word' id='word_1_953' title='bbox 3573 5843 3744 5896; x_wconf 71' lang='lat' dir='ltr'><strong>c&#39;orjo</strong></span> 
     </span>
    </p>
   </div>
   <div class='ocr_carea' id='block_1_124' title="bbox 2169 5913 2662 5979">
    <p class='ocr_par' dir='ltr' id='par_1_124' title="bbox 2169 5913 2662 5979">
     <span class='ocr_line' id='line_1_124' title="bbox 2169 5913 2662 5979; baseline -0.012 -10"><span class='ocrx_word' id='word_1_954' title='bbox 2169 5930 2305 5969; x_wconf 75' lang='lat' dir='ltr'><strong>rrum</strong></span> <span class='ocrx_word' id='word_1_955' title='bbox 2336 5913 2662 5979; x_wconf 71' lang='lat' dir='ltr'><strong>phantasma.</strong></span> 
     </span>
    </p>
   </div>
  </div>
