4008 6346
293 309 406 369 405

1672 293 1999 351 EPISTULA
2038 291 2214 348 XLIX.

3453 293 3562 357 ωε

291 431 453 478 nauta
504 420 619 489 ipse
651 417 892 488 Apostoli
941 415 1079 470 Deus
1107 413 1275 468 adfuit
1315 414 1656 482 gubernator,
1688 418 1743 465 et
1770 425 1877 478 quo
1907 415 1953 471 Α
1981 418 2064 464 ret
2091 409 2144 464 in
2170 409 2288 464 sinu
2308 407 2504 463 Christi
2531 425 2636 478 qua
2663 408 2934 467 Johannes
2960 411 3012 466 in
3035 422 3252 481 pectore
3279 416 3560 472 recumbe-

293 510 478 581 (Socii.
521 511 656 579 forte
686 522 718 578 a
740 506 872 576 quo)
902 519 1001 574 pro
1037 503 1192 558 unius
1221 502 1521 556 innocentis
1555 501 1726 554 salute
1768 514 1877 552 me-

291 602 399 657 ruit
422 598 676 662 liberari;
708 595 853 668 quod
881 596 994 661 illa,
1015 608 1146 664 quae
1171 593 1278 646 Vas
1305 592 1582 646 electionis
1609 591 1662 646 in
1693 590 1878 644 vincu-

290 693 358 747 lis
387 691 560 760 prima
589 695 925 757 susceperat,
952 684 1023 740 ob
1047 683 1290 754 Apostoli
1327 691 1677 746 contemtum,
1697 690 1762 735 .et
1788 695 1878 734 ea-

290 781 619 851 ptivitatem,
649 777 882 832 carceris
909 776 1135 830 crimine
1158 774 1416 828 damnata.
1435 789 1542 828 non
1572 772 1785 827 meruit.
1815 769 1883 824 ll-

291 873 338 924 la
366 884 498 924 vero
527 867 678 922 navis
699 866 896 921 cohors
918 863 1052 919 mihi
1073 863 1282 919 videtur
1309 871 1530 932 propter
1557 861 1738 930 gratia:
1761 875 1879 931 my-

288 961 516 1015 sterium
568 958 816 1023 liberata,
844 963 907 1010 ut
931 955 1003 1010 de
1047 954 1326 1024 naufragio
1357 954 1507 1008 navis
1536 953 1614 1024 (α)
1644 951 1804 1006 adita:
1835 953 1882 984 "

288 1051 418 1106 nudi
468 1049 790 1115 evaderent;
821 1049 1053 1115 scilicet,
1076 1055 1137 1104 ut
1178 1062 1274 1103 eos
1301 1061 1333 1101 a
1379 1045 1572 1117 prioris
1619 1045 1798 1108 navis,
1831 1044 1885 1100 id

288 1155 372 1198 est
399 1144 471 1198 ab
502 1142 632 1198 Adae
681 1141 859 1198 carnis
886 1148 1111 1210 peccato
1156 1139 1411 1196 liberatos
1441 1147 1489 1201 ³,
1521 1144 1576 1193 et
1613 1136 1742 1206 ipsis
1787 1150 1885 1205 per

289 1251 428 1304 quos
451 1235 532 1306 (b)
563 1243 847 1290 evaserant
873 1232 1122 1289 ﬂuctibus
1149 1232 1414 1303 expiatos,
1437 1239 1599 1301 atque
1622 1230 1882 1298 omnium,

289 1341 424 1394 quas
452 1325 511 1380 in
539 1341 690 1380 mare
735 1325 1066 1394 abiecerant,
1096 1323 1151 1380 id
1176 1333 1259 1380 est
1286 1323 1606 1380 secularium
1649 1321 1885 1398 sarcina-

291 1432 409 1471 rum
459 1417 611 1472 leves
647 1425 705 1472 et
732 1416 886 1472 undis
923 1417 1078 1486 quasi
1123 1417 1359 1487 peccatis
1385 1417 1531 1486 gravi
1576 1423 1634 1470 et
1678 1415 1888 1470 madida

293 1507 495 1564 veteris
523 1507 755 1563 hominis
782 1517 933 1564 veste
957 1508 1218 1573 nudatos,
1237 1508 1443 1576 integra
1463 1515 1524 1562 et
1545 1506 1715 1561 solida
1738 1507 1887 1562 navis

291 1601 582 1670 acciperet,
614 1615 735 1669 qua:
764 1602 988 1671 plenam
1029 1601 1152 1656 ﬁdei
1183 1601 1440 1657 Ecclesia:
1466 1601 1725 1657 exhibens
1771 1600 1895 1656 [οι--

291 1699 622 1754 mam,tutos
643 1692 698 1746 in
728 1700 940 1762 portum
970 1692 1304 1764 Romamque
1331 1693 1592 1764 pervexit.
1617 1693 1673 1748 ln
1693 1694 1887 1763 quibus

1982 499 2074 554 bat
2096 509 2120 546 ε
2139 501 2161 552 ?
2183 498 2418 568 Denique
2440 508 2498 555 ut
2523 516 2718 556 novum
2746 518 2940 558 nomen
2965 503 3252 574 acciperet,
3276 505 3414 564 sicut
3433 509 3554 566 anni

1983 590 2031 644 ci
2052 588 2165 654 Dei,
2191 605 2327 659 quos
2349 591 2400 645 in
2425 592 2741 662 patriarchis
2761 602 2815 648 et
2837 594 2890 648 in
2912 597 3170 665 apostolis
3193 597 3329 653 bene
3352 602 3492 654 nosti
3509 597 3561 656 δ.

1985 679 2060 736 Te
2110 696 2209 749 ego
2259 682 2419 752 paulo
2473 691 2598 738 ante
2628 685 3055 754 interrogabam,
3089 702 3156 741 an
3206 687 3363 756 hujus
3390 690 3561 757 gratia

1983 773 2190 840 donari,
2223 776 2368 829 omni
2415 775 2572 844 hujus
2595 777 2761 832 seculi
2809 778 2990 846 gloria:
3017 790 3343 849 praeoptares
3371 781 3414 813 "
3440 801 3453 836 :
3481 783 3564 853 ip-

1984 877 2074 918 sos
2103 863 2351 934 equidem
2381 874 2600 920 rectores
2641 867 2824 921 harum
2871 869 3194 924 tenebrarum
3234 871 3273 934 ι,
3305 872 3350 927 si
3379 872 3562 928 videre

1985 961 2320 1021 mereantur,
2343 955 2659 1024 praelaturos
2687 956 2919 1012 arbitror
2946 959 3308 1016 beatissimam
3337 963 3480 1018 senis
3507 970 3565 1018 et

1986 1043 2160 1114 inopis
2188 1045 2356 1100 nostri
2376 1046 2735 1102 calamitatem
2757 1049 2868 1103 suis
2890 1049 3098 1104 miseris
3120 1051 3480 1119 lelicitatihus,
3512 1061 3568 1109 et

1985 1137 2191 1208 gaudiis
2218 1153 2453 1208 perenne
2474 1139 2733 1210 lugendis.

2059 1229 2144 1283 l5.
2176 1228 2395 1296 Quaeras
2433 1231 2679 1297 forsitan,
2709 1232 2904 1302 quibus
2947 1233 3035 1289 hic
3062 1235 3268 1289 meritis
3295 1244 3449 1291 vetus
3475 1253 3569 1291 na-

1986 1320 2095 1374 vita
2141 1336 2352 1390 semper
2398 1321 2450 1375 in
2501 1322 2737 1377 tenebris
2789 1323 3104 1391 ignorantke
3132 1324 3468 1391 demoratus,
3517 1334 3571 1379 et

1987 1417 2098 1464 tam
2128 1409 2195 1464 ab
2245 1411 2498 1478 operibus
2542 1410 2759 1480 justitize
2801 1428 2962 1484 quam
2993 1429 3024 1469 a
3075 1415 3299 1472 scientia
3330 1416 3570 1472 veritatis

1988 1499 2193 1554 alienus
2238 1501 2533 1557 obtinuisse
2561 1503 2824 1570 videatur,
2855 1505 2999 1575 quod
3044 1509 3379 1576 paucissimis
3417 1520 3565 1566 certe

1987 1591 2268 1659 operariis,
2284 1606 2604 1661 quamquam
2634 1612 2666 1647 a
2687 1595 2920 1650 custodia
2943 1599 3196 1653 matutina
3216 1617 3374 1672 usque
3402 1603 3454 1655 in
3475 1619 3573 1656 non

1988 1690 2119 1735 ctam
2151 1684 2164 1731 i
2203 1683 2366 1737 totius
2393 1683 2500 1737 diei
2530 1684 2737 1753 pondus
2762 1695 2817 1740 et
2837 1695 3025 1741 aestum
3054 1690 3404 1747 sustinuerint
3432 1695 3477 1759 *,
3501 1696 3570 1752 fa-

293 1784 546 1840 similiter
573 1785 798 1855 mystica
827 1794 1141 1853 argumenta
1169 1787 1485 1841 formantur.
1517 1784 1650 1839 Nam
1678 1793 1882 1840 manu
1917 1781 1962 1842 Β
1987 1772 2090 1827 cile
2115 1773 2447 1828 conceditur.
2475 1773 2837 1845 Respondebit
2863 1777 2958 1832 tibi
2990 1778 3276 1848 Apostolus
3304 1785 3570 1856 profecto,

294 1874 467 1941 navis,
500 1882 698 1929 novata
749 1874 804 1929 in
848 1873 1064 1931 Christo
1094 1877 1199 1930 vita
1229 1883 1342 1941 est;
1375 1885 1430 1931 et
1467 1883 1654 1946 portus
1701 1875 1888 1931 salutis

295 1964 551 2022 Ecclesiae
567 2003 602 2031 ,.
626 1973 762 2022 teste
807 1963 1044 2032 Gmeia,
1086 1982 1284 2022 nomen
1319 1975 1404 2022 est
1438 1966 1609 2022 Roma
1657 1967 1884 2021 virtutis.

293 2058 684 2113 lienedieamus
714 2071 843 2125 ergo
871 2057 1040 2112 Deum
1068 2057 1133 2122 “,
1153 2066 1208 2112 et
1236 2059 1558 2112 exsuttemus
1576 2059 1631 2112 in
1661 2056 1773 2112 Deo
1795 2075 1887 2112 no-

293 2160 420 2215 stro,
450 2152 540 2222 qui
559 2151 614 2204 in
635 2150 753 2204 altis
793 2148 1010 2214 habitat,
1035 2160 1084 2203 et
1104 2150 1317 2204 humilia
1348 2149 1558 2220 respicit
1578 2148 1639 2214 b;
1672 2149 1757 2204 cui
1783 2167 1888 2204 non

294 2244 347 2295 in
365 2240 560 2296 viribus
582 2242 724 2312 equi,
745 2257 906 2311 neque
926 2241 980 2293 in
1006 2240 1350 2294 tabernaculis
1371 2239 1444 2308 (c)
1468 2240 1583 2307 viri,
1597 2239 1690 2294 sed
1714 2239 1764 2293 in
1789 2240 1890 2294 hu-

295 2333 512 2389 milibus
538 2341 594 2388 et
621 2330 917 2387 timentibus
947 2348 1064 2386 cum
1101 2331 1472 2402 beneplacitum
1498 2342 1575 2386 est
1618 2342 1676 2397 t‘;
1699 2340 1753 2386 et
1781 2334 1886 2404 qui,

296 2434 353 2479 ut
380 2426 434 2480 in
463 2425 569 2480 isto
596 2425 639 2456 "
663 2424 826 2479 etiam
857 2439 987 2479 sene
1013 2423 1276 2489 ostendit,
1297 2434 1452 2479 sanat
1493 2441 1669 2480 omnes
1696 2425 1891 2480 contri-

297 2525 374 2570 tos
408 2515 566 2570 corde
590 2523 641 2569 et
669 2514 854 2584 alligat
875 2515 1215 2568 contritiones
1245 2531 1420 2569 eorum
1452 2512 1500 2568 ἀ.

367 2607 457 2663 12.
483 2606 653 2661 Nimis
695 2606 910 2675 garrio,
931 2604 1113 2670 frater,
1145 2604 1350 2673 sentip,
1379 2603 1473 2659 sed
1502 2620 1685 2673 qmeso
1718 2605 1892 2661 adhuc

297 2695 486 2766 paucis
510 2692 654 2750 feras
682 2710 791 2748 me.
812 2693 1148 2762 Interrogare
1176 2695 1321 2749 enim
1349 2693 1512 2768 πεί
1539 2694 1554 2747 l
1578 2694 1689 2762 bet,
1715 2695 1892 2749 ullane

300 2797 355 2842 te
399 2787 560 2856 hujus
587 2786 761 2842 seculi
791 2785 1049 2853 dignitate
1068 2799 1275 2854 ,quam
1321 2784 1422 2840 hac
1465 2783 1558 2840 Dei
1585 2785 1892 2854 dignatione

306 2879 448 2934 allici
486 2879 693 2943 malles,
723 2891 828 2949 qua
856 2892 1025 2933 senex
1051 2877 1160 2932 ister
1180 2877 1492 2948 perfunctus
1534 2879 1648 2932 est?
1677 2877 1894 2931 Beatio-

311 2982 474 3022 resne
515 2968 611 3022 tibi
636 2968 911 3032 videntur,
931 2966 1024 3036 qui
1053 2982 1288 3037 purpura
1313 2967 1542 3036 fulgent,
1567 2967 1658 3036 qui
1679 2980 1890 3036 gemma

307 3061 524 3126 bibunt,
576 3067 700 3128 toga
749 3059 1063 3127 iniciantur,
1092 3059 1435 3130 palmataque
1475 3060 1791 3130 pinguntur;
1836 3067 1892 3114 et

1987 1862 2112 1931 quia
2143 1865 2252 1916 sine
2280 1865 2575 1933 paenitentia
2608 1875 2726 1919 sunt
2751 1869 2938 1937 gratia:
2963 1876 3011 1922 et
3041 1869 3343 1938 donationes
3385 1875 3481 1931 Dei
3515 1876 3570 1942 l;

1986 1961 2062 2019 et,
2091 1954 2210 2023 quia
2248 1970 2349 2009 non
2378 1971 2442 2009 ea:
2477 1955 2712 2024 operibus
2747 1958 3122 2028 justiﬁcabitur
3159 1966 3328 2018 omnis
3355 1984 3478 2023 caro
3508 1979 3568 2025 ω.

1987 2043 2221 2113 Tempus
2248 2052 2330 2098 est
2373 2046 2575 2114 gratim,
2607 2056 2662 2101 et
2708 2047 2838 2103 lides
2866 2049 2931 2106 ad
2955 2049 3219 2118 justitiam
3264 2055 3569 2127 deputatur,

1986 2134 2108 2202 quia
2129 2134 2196 2189 de
2219 2135 2483 2205 lapidibus
2506 2135 2597 2191 lilii
2620 2138 2889 2193 Abraham
2915 2143 3158 2209 quotidie
3179 2147 3504 2205 suscitantur
3522 2161 3570 2206 ιι.

1989 2222 2144 2278 Nunc
2171 2225 2314 2281 enim
2343 2225 2537 2298 tempus
2560 2234 2841 2298 acceptum,
2876 2247 3012 2284 nunc
3043 2234 3151 2288 dies
3179 2236 3362 2292 salutis
3385 2247 3433 2307 ο,
3463 2256 3572 2310 quo

1988 2319 2136 2388 pacis
2185 2327 2240 2374 et
2286 2319 2458 2375 laudis
2505 2321 2708 2376 hostias
2755 2321 3123 2392 immolamus;
3163 2335 3220 2382 et
3257 2332 3572 2400 sacriﬁcium

1988 2406 2100 2463 Deo
2145 2410 2355 2479 spiritus
2401 2411 2772 2466 contribulatus
2797 2424 2873 2468 est
2895 2424 2940 2468 ιι.
2972 2415 3132 2488 385
3161 2415 3230 2473 Et
3254 2419 3306 2474 in
3353 2422 3573 2478 homine

1989 2503 2244 2573 templum
2274 2505 2368 2560 Dei
2397 2515 2446 2570 (ι,
2476 2513 2532 2560 et
2573 2506 2626 2559 in
2657 2506 2818 2562 corde
2847 2507 3089 2564 credenti
3121 2511 3162 2542 ³⁸
3193 2513 3444 2569 salutaria
3471 2557 3486 2582 ,
3517 2525 3572 2571 et

1991 2597 2044 2652 in
2071 2597 2340 2653 defzecatis
2370 2598 2680 2667 pectoribus
2705 2608 2887 2653 sancta
2915 2609 3244 2657 sanctorum.
3283 2602 3460 2672 Quare
3486 2612 3572 2679 qui

1989 2710 2078 2746 cor
2107 2693 2185 2762 (ά)
2215 2692 2611 2747 contribulatum
2635 2703 2684 2746 et
2712 2693 3036 2748 ltumiliatum
3057 2713 3158 2750 non
3184 2701 3381 2782 spernit
3413 2711 3458 2765 ",
3489 2703 3572 2772 ipe

1989 2799 2048 2837 se
2101 2791 2343 2838 nostrum
2384 2798 2569 2838 senem
2600 2783 2852 2853 placitam
2899 2784 3001 2839 sibi
3041 2787 3371 2843 naturalibus
3417 2790 3572 2846 bonis

1992 2874 2222 2928 hostiam
2253 2874 2306 2928 in
2336 2873 2556 2929 odorem
2583 2875 2863 2930 suavitatis
2887 2879 3096 2948 accepit
3113 2887 3157 2932 ³.
3177 2878 3308 2934 Nam
3338 2875 3572 2951 ingentia

1990 2965 2331 3038 supplicitate
2360 2974 2469 3020 tam
2497 2976 2662 3036 purus
2696 2967 2860 3021 animi
2888 2983 3102 3040 semper
3136 2969 3298 3026 fuisse
3319 2973 3572 3042 perhbe-

1991 3064 2098 3119 tur,
2127 3064 2187 3110 ut
2211 3070 2436 3126 peccare
2461 3050 2731 3112 nescierit.
2759 3054 2878 3112 1am
2909 3058 2959 3112 in
3001 3066 3255 3115 extrema:
3283 3062 3458 3117 :etatis
3485 3078 3574 3118 se-

308 3150 622 3205 hominibus
669 3149 1108 3206 commortalibus
1153 3164 1217 3206 ac
1270 3149 1538 3220 plerisque
1585 3141 1894 3206 melioribus
1919 3153 1963 3211 C
1997 3155 2155 3203 necta
2182 3163 2317 3218 puer
2356 3155 2411 3214 et
2438 3148 2640 3203 malitia
2670 3149 2922 3219 parvulus
2954 3150 3001 3216 ί,
3033 3167 3138 3206 non
3167 3151 3338 3208 solum
3368 3156 3574 3222 gratim,

305 3241 647 3296 dominantes
668 3241 1019 3310 cupiditatum
1043 3256 1106 3297 ae
1129 3256 1307 3296 rerum
1327 3255 1543 3295 suarum
1571 3241 1712 3296 servi
1740 3248 1888 3306 sunt;

306 3330 373 3386 de
410 3330 508 3386 Dei
537 3330 848 3386 muneribus
885 3330 1182 3386 insolentes
1217 3331 1360 3396 Deo;
1392 3330 1607 3388 Christo
1640 3341 1889 3399 egentes;

309 3428 533 3490 peccato
577 3421 800 3488 divites;
828 3421 938 3476 vita
984 3421 1224 3487 steriles;
1255 3429 1431 3477 morte
1478 3421 1894 3488 fecundi?Quid

309 3517 452 3581 huic,
482 3531 690 3587 quzeso,
715 3516 887 3571 obfuit
909 3515 1024 3570 seni
1051 3529 1282 3586 persona
1325 3514 1696 3580 sentinatoris,
1738 3523 1794 3568 et
1840 3514 1893 3568 in

308 3607 487 3662 nautis
513 3607 788 3672 vilissima,
815 3606 969 3678 inops
996 3606 1234 3670 habitus,
1258 3614 1314 3661 et
1334 3614 1599 3661 mastruca
1623 3608 1669 3638 "
1691 3605 1893 3662 Sardo-

310 3697 462 3750 uim?
486 3695 620 3751 Nam
648 3696 877 3768 pellibus
904 3697 1039 3752 sutis
1078 3695 1428 3760 vestiebatur,
1455 3711 1577 3751 eum
1612 3695 1760 3751 illum
1791 3696 1896 3751 Do-

311 3788 487 3842 minus
513 3789 771 3843 virtutum
787 3831 810 3856 ,
831 3787 946 3843 Rex
967 3787 1172 3858 glorize,
1202 3797 1257 3843 et
1285 3788 1523 3857 alloquio
1549 3803 1650 3844 suo
1678 3787 1894 3855 beabat,

313 3887 362 3932 et
388 3879 724 3935 illuminabat
752 3890 990 3951 aspectu,
1023 3890 1080 3936 et
1105 3881 1309 3951 gremio
1337 3880 1582 3950 sapiebat
1608 3897 1620 3934 :
1653 3879 1896 3950 profecto

314 3978 368 4022 et
405 3969 457 4023 id
486 3969 660 4038 ipsum
683 3970 736 4024 in
784 3986 851 4024 eo
879 3971 1131 4039 diligens,
1157 3970 1302 4040 quod
1330 3969 1461 4024 Elite
1510 3970 1744 4028 meloten
1796 3971 1891 4042 (ν.

314 4065 430 4112 not.
449 4057 598 4129 206),
629 4067 685 4114 et
709 4061 888 4129 praevii
912 4058 1175 4116 Johannis
1213 4061 1457 4115 habitum
1487 4068 1635 4116 veste
1662 4061 1894 4130 setigera

313 4147 627 4203 imitabatur
659 4159 704 4204 ο.
737 4149 938 4219 Regem
982 4151 1149 4206 seculi
1179 4150 1362 4206 videre
1400 4150 1639 4220 propius,
1684 4160 1742 4206 et
1779 4152 1897 4220 ejus

312 4239 398 4293 vel
441 4238 722 4297 fastidioso
750 4257 1000 4298 sermone
1040 4241 1309 4313 respergi,
1341 4257 1533 4311 magna
1561 4257 1686 4312 pars
1714 4242 1896 4297 mundi

313 4338 422 4384 tam
451 4329 667 4386 beatum
715 4341 890 4402 putat,
921 4341 983 4388 ut
1025 4333 1071 4388 si
1100 4333 1257 4388 aliter
1304 4350 1410 4389 non
1440 4334 1700 4401 obtineat,
1732 4335 1895 4389 etiam

312 4419 524 4474 damnis
552 4429 716 4489 emat,
746 4422 904 4494 idque
931 4425 976 4458 "
999 4423 1242 4494 adeptus,
1270 4440 1376 4479 non
1406 4425 1569 4480 modo
1595 4426 1890 4491 hominum,

1995 3238 2089 3294 sed
2119 3248 2175 3293 et
2198 3239 2392 3293 mentis
2417 3238 2693 3293 infantiam
2722 3243 2879 3308 gerit.
2919 3241 3098 3312 Nuper
3121 3243 3284 3309 enim,
3317 3253 3374 3298 ut
3412 3261 3574 3316 supra

1995 3331 2072 3399 (η.
2102 3329 2157 3398 2)
2199 3329 2331 3392 dixi,
2364 3340 2582 3386 renatus
2611 3332 2663 3387 in
2692 3331 2906 3388 Christo
2949 3341 3005 3388 et
3044 3333 3270 3390 Domino
3299 3335 3576 3392 dedicatus

1993 3430 2094 3484 est,
2127 3436 2225 3491 per
2250 3435 2412 3490 quem
2461 3421 2599 3476 mala
2647 3423 2786 3489 vine,
2830 3439 2926 3492 per
2952 3439 3110 3493 quem
3153 3441 3320 3495 aquas
3386 3428 3574 3482 mortis

1993 3512 2185 3568 evasit.

2066 3602 2156 3656 lt.
2193 3602 2388 3674 Accipe
2408 3602 2570 3671 igitur
2586 3617 2709 3658 eum
2737 3601 2890 3658 laetus
2919 3594 2972 3657 in
3003 3602 3254 3669 Domino,
3281 3613 3340 3659 ut
3367 3604 3569 3661 bonum

1994 3694 2194 3750 Christi
2240 3695 2466 3750 odorem
2490 3703 2538 3760 ιι,
2569 3703 2640 3748 ut.
2656 3709 2850 3764 agnum
2873 3694 3072 3750 mensis
3101 3710 3384 3762 novorum,
3415 3712 3576 3766 quem

1995 3784 2064 3840 ad
2094 3786 2499 3840 unanimitatem
2529 3794 2692 3850 tuam,
2725 3784 2791 3840 de
2817 3784 3150 3841 rudianatris
3169 3785 3422 3842 Ecclesia:
3442 3787 3576 3852 fetu,

1998 3877 2390 3931 immaculatum
2441 3876 2705 3931 candente
2750 3876 2936 3931 lanitio
2961 3885 3145 3947 pastor
3172 3877 3347 3945 exigui
3377 3880 3578 3948 gregis,

1994 3966 2089 4021 sed
2120 3967 2294 4035 magni
2316 3967 2552 4036 pignoi'is
2568 3975 2896 4028 munerator.
2922 3975 2980 4021 ut
3002 3967 3072 4036 (ε)
3096 3967 3311 4022 xeuium
3341 3967 3435 4034 (ν.
3461 3977 3576 4022 ιιοι.

1995 4058 2122 4127 207)
2151 4058 2389 4128 spiritale
2421 4059 2708 4113 transmisi.
2742 4058 2856 4114 Non
2886 4059 3027 4113 enim
3048 4059 3209 4112 alium
3234 4059 3325 4113 tali
3355 4075 3579 4114 munere

1996 4149 2293 4217 digniorem
2323 4148 2522 4218 putavi,
2548 4163 2708 4216 quam
2733 4155 2806 4211 te,
2836 4149 2927 4216 qui
2952 4148 3104 4217 juxta
3145 4147 3239 4203 Dei
3266 4149 3491 4216 gratiam
3521 4159 3579 4205 et

1998 4240 2368 4310 operationem
2406 4239 2552 4293 illum
2581 4247 2635 4294 et
2655 4239 2892 4308 aspicere
2937 4246 2991 4294 et
3018 4239 3291 4308 suscipere
3315 4239 3579 4296 novisses.

2000 4331 2192 4386 Videre
2217 4331 2361 4385 enim
2389 4329 2516 4384 mihi
2548 4329 2731 4384 videor
2749 4343 2852 4397 qua
2869 4328 3244 4397 gratulatione,
3272 4343 3377 4397 qua
3406 4329 3579 4384 admi-

2001 4424 2229 4488 ratione,
2256 4438 2362 4492 qua
2389 4421 2491 4477 ﬁde
2513 4429 2568 4476 et
2595 4420 2872 4475 auditurus
2896 4419 2965 4475 de
3006 4420 3116 4484 illo,
3146 4429 3203 4476 et
3229 4421 3439 4476 visurus
3491 4421 3578 4492 ip-

311 4509 405 4563 sed
453 4519 510 4564 et
555 4511 638 4566 sui
683 4513 964 4568 immemor
991 4513 1103 4568 llat.
1136 4513 1466 4581 Quantorum
1509 4516 1595 4571 hic
1639 4517 1897 4587 dignitate
1929 4509 1972 4568 D
1999 4532 2116 4570 sum
2162 4507 2264 4582 sis,
2285 4529 2408 4570 eum
2435 4530 2541 4584 quo
2569 4513 2846 4580 navigasse
2891 4513 3127 4580 angelos,
3177 4514 3262 4568 cui
3291 4522 3580 4584 martyrem

311 4598 537 4666 felicior,
565 4616 726 4670 quem
749 4601 866 4658 Rex
894 4619 1078 4674 regum
1108 4605 1426 4660 honoravit?
1445 4615 1767 4676 quantorum
1795 4624 1895 4664 no-

313 4690 523 4747 bilitate
552 4694 803 4759 nobilior,
833 4710 993 4765 quem
1020 4695 1262 4752 Christus
1292 4699 1541 4766 agnovit?
1571 4706 1894 4767 quantorum

312 4782 514 4840 divitiis
541 4785 866 4855 Opulentior,
897 4786 983 4843 cui
1013 4795 1160 4842 tanta
1191 4795 1271 4842 tot
1297 4798 1607 4844 sanctorum
1634 4789 1775 4844 bona
1802 4807 1896 4861 pa-

313 4875 444 4929 riter
471 4876 668 4932 collata
705 4887 857 4941 sunt,
891 4887 950 4934 ut
977 4879 1245 4936 Christum
1289 4881 1494 4937 videret
1523 4883 1660 4937 sicut
1702 4882 1890 4950 Israel,

314 4982 435 5020 eum
459 4968 580 5022 caeli
613 4967 758 5036 Rege
777 4970 1086 5038 loqueretur
1111 4969 1244 5026 facie
1272 4972 1338 5026 ad
1366 4969 1553 5027 faciem
1582 4973 1720 5030 sicut
1743 4973 1893 5045 Moy-

315 5071 402 5111 ses
429 5055 447 5093 τ
471 5075 486 5122 ;
518 5067 574 5112 et
595 5059 782 5114 eadem
810 5060 1198 5130 propemodum
1224 5060 1582 5116 familiaritate
1601 5063 1896 5131 requiesce-

2000 4607 2346 4676 gubernasse,
2367 4621 2526 4675 quem
2553 4606 2605 4659 in
2629 4606 2747 4659 sinu
2777 4604 2976 4661 Christi
3002 4605 3286 4674 dormisse,
3317 4607 3403 4661 cui
3430 4605 3582 4662 Chri-

1999 4706 2139 4752 stum
2169 4713 2354 4752 aurem
2385 4697 2678 4761 vellicasse,
2709 4711 2907 4751 nomen
2951 4696 3267 4767 imposuisse
3296 4707 3583 4768 reputave-

2000 4788 2102 4842 ris.
2117 4787 2312 4843 Fateor
2341 4787 2435 4842 tibi
2457 4785 2794 4844 all‘ectionem
2825 4803 3020 4856 meam,
3049 4788 3176 4844 dum
3205 4790 3426 4844 nimium
3469 4798 3579 4846 tam

2000 4881 2224 4948 insignia
2254 4881 2307 4935 in
2331 4882 2500 4935 nostri
2522 4881 2778 4950 temporis
2799 4881 3014 4935 homine
3036 4880 3128 4935 Dei
3149 4890 3297 4949 gesta
3324 4882 3579 4946 admiror,

2000 4981 2055 5026 et
2073 4973 2258 5043 diligo,
2288 4987 2426 5042 pene
2455 4973 2506 5027 in
2535 4973 2710 5042 ipsum
2736 4987 2916 5026 senem
2948 4970 3108 5026 fuisse
3131 4973 3420 5027 crudelem.
3452 4974 3582 5028 Nam

2003 5071 2112 5116 tam
2134 5062 2344 5117 assidue
2372 5079 2557 5117 aurem
2581 5063 2744 5132 ipsius
2782 5062 3084 5126 retractavi,
3118 5071 3176 5116 ut
3223 5079 3359 5132 pene
3411 5064 3576 5118 detri-

388 5177 412 5204 ο
435 5168 621 5240 lPetr.
654 5185 742 5240 tu,
762 5167 850 5240 2|.
928 5169 955 5208 ιι
984 5169 1282 5240 ΡειιΙ.νοξιι,
1317 5167 1369 5222 5.
1455 5181 1477 5209 ε
1504 5170 1647 5225 Psal.
1669 5187 1845 5234 chvt,

2003 5186 2112 5226 sec.
2158 5169 2321 5240 Psalt.
2348 5171 2502 5225 Rom.
2581 5169 2606 5207 ἀ
2636 5171 2776 5225 Psal.
2805 5187 2980 5235 CXLVI,
3011 5171 3069 5240 ’5.
3143 5182 3167 5210 ε
3198 5171 3261 5225 IV
3287 5172 3415 5240 Reg.
3448 5189 3482 5235 ι,
3512 5172 3546 5226 8
3578 5193 3582 5198 ·

317 5237 506 5308 Matth.
537 5254 615 5304 Ill,
640 5238 702 5301 ις
730 5239 890 5295 Marc.
920 5257 956 5300 ι.
995 5239 1047 5292 6.
1131 5239 1146 5277 ί
1174 5239 1308 5308 Gen.
1337 5255 1503 5306 χχιιι,
1537 5241 1637 5306 30;
1670 5241 1824 5295 Num.
1849 5257 1889 5295 x1

1994 5242 2023 5294 ι.
2103 5239 2277 5295 810i).
2335 5257 2445 5300 xm.
2480 5241 2566 5295 25.
2649 5241 2672 5277 ιι
2703 5241 2838 5295 Gen.
2891 5258 3020 5304 xvn,
3059 5239 3118 5306 5,
3163 5253 3217 5296 et
3264 5237 3428 5305 χχιιι,
3474 5242 3580 5308 28,

318 5306 604 5380 mare)",
656 5308 739 5380 lli.
822 5308 1008 5380 lEph.
1077 5326 1149 5374 vi,
1192 5307 1246 5380 2.
1326 5310 1339 5359 l
1380 5307 1521 5380 P_sal.
1574 5326 1750 5376 cxxtx,
1803 5311 1854 5364 6.
1931 5306 1965 5348 ⁷¹ι
1995 5310 2330 5380 Μιιιιιμιχ.
2392 5311 2474 5364 l2.
2560 5309 2762 5365 lRom.
2813 5328 2886 5376 xl,
2934 5310 3022 5380 20.
3100 5321 3138 5348 ιη
3171 5311 3325 5364 Rom.
3368 5329 3440 5374 ιιι,
3489 5306 3580 5368 20.

319 5385 343 5410 ι·
369 5376 558 5431 Matth.
593 5395 669 5443 ιιι,
701 5376 753 5431 9.

322 5455 342 5483 ³
370 5445 602 5518 Eph..v,_
623 5449 678 5505 2.
759 5452 774 5485 ι
810 5448 980 5504 lCor.
1041 5466 1148 5516 xiv,
1178 5448 1268 5503 20.
1346 5457 1372 5485 ιι
1403 5449 1444 5503 ll
1471 5450 1595 5504 Cor.
1623 5467 1677 5517 ll,
1713 5449 1795 5505 15.

391 5562 466 5634 (o)
481 5597 485 5602 -
499 5565 595 5621 Ms.
629 5565 760 5633 Reg.
773 5608 788 5632 ,
803 5566 1052 5627 .addictte.

394 5634 466 5702 (ὁ)
498 5634 576 5688 Ita
605 5652 705 5690 ms.
753 5635 950 5705 Regius
997 5637 1187 5692 codex.
1223 5636 1358 5692 Vide
1397 5651 1546 5707 seqq.
1579 5636 1715 5694 Ante
1756 5647 1902 5705 erat,

323 5715 608 5759 evaserunt.

397 5777 466 5844 (c)
504 5773 669 5841 Alias,
701 5775 860 5830 tibiis.
886 5775 1025 5832 Vide
1052 5785 1164 5831 not.
1197 5776 1318 5830 205.

833 5377 931 5451 °_|l'
955 5383 1079 5434 Cor.
1113 5377 1268 5451 “,2.
1347 5390 1372 5428 Ρ
1405 5378 1541 5451 Psal.
1565 5396 1614 5441 ι,
1651 5380 1774 5451 19η
1812 5393 1837 5430 «ι
1872 5381 1912 5436 ll
1930 5380 2055 5437 Cor.
2087 5379 2286 5451 \'I,_16..
2359 5392 2377 5418 τ
2413 5379 2554 5434 Psal.
2590 5398 2639 5445 ι,
2675 5381 2759 5446 l9,
2791 5397 2900 5435 sec.
2937 5379 3102 5434 Psalt.
3137 5381 3291 5434 Rom.
3321 5390 3376 5434 et
3403 5392 3579 5438 vetus.

2085 5569 2164 5636 (ά)
2206 5566 2294 5621 Sic
2347 5581 2447 5620 ms.
2497 5565 2668 5636 codex
2698 5564 2924 5636 Regius:
2976 5570 3032 5616 et
3058 5563 3135 5617 sic
3154 5563 3277 5636 alibi
3310 5563 3580 5623 Paulinus.

2018 5633 2154 5692 Vide
2176 5638 2332 5704 epist.
2359 5636 2445 5700 40,
2476 5652 2529 5689 ιι.
2556 5634 2606 5686 4.
2633 5634 2772 5688 Edit.
2805 5633 2996 5704 ilrlosva
3027 5635 3322 5704 contritum.

2088 5709 2159 5779 (ρ)
2191 5701 2287 5764 .Vls.
2332 5707 2484 5774 Reg.,
2519 5705 2770 5760 ueniam.
2803 5702 2932 5756 Vide
2958 5710 3068 5756 not.
3101 5701 3222 5756 207.
