4008 6346
316 293 321 297 ’
370 303 391 353 1
454 308 553 362 tm

1510 305 1564 362 S.
1599 302 1867 359 P‘AULINI
1908 301 2154 359 NOLAM
2174 301 2505 361 'EPISCOPT

3594 301 3704 359 ωε

451 425 638 479 rerim‘.
669 423 967 480 Voluissem
988 436 1201 493 quoque
1227 419 1311 475 vel
1341 420 1496 475 unius
1521 429 1727 490 partem
1755 419 1899 475 auris
1925 418 2021 473 ab-
2052 422 2099 479 A
2127 419 2340 473 avarior
2366 418 2501 472 mari
2523 425 2578 472 et
2596 417 2711 472 sine
2738 429 3064 488 myoparone
3111 412 3208 484 (νς
3240 422 3354 469 not‘.
3401 411 3529 483 211)
3559 413 3696 484 pira-

453 514 718 578 scindere,
743 514 841 569 nisi
864 514 916 568 in
946 513 1040 569 illo
1056 511 1309 578 vulneris,
1331 524 1455 580 qua!
1493 510 1624 565 mihi
1652 510 1908 580 pignoris,
1940 523 2027 565 res

456 606 663 663 fuisset.
687 606 802 660 Non
829 605 971 660 enim
998 604 1136 658 alter
1156 602 1201 634 ³⁸
1228 601 1451 658 allectus
1477 602 1721 657 homines
1743 600 1809 655 ad
1836 600 2027 654 Hieme-

453 701 712 771 solymam
764 697 921 767 rapit,
980 695 1080 750 nisi
1126 702 1185 749 ut
1213 695 1351 762 loca,
1383 694 1434 748 in
1463 693 1653 763 quibus
1677 692 2030 763 corporaliter

454 804 687 860 pmens
710 788 806 842 fuit
825 786 1086 852 Christus,
1112 785 1333 840 videant
1355 791 1517 854 atque
1546 784 1875 852 contingant,
1902 798 2027 853 pos-

452 881 663 948 sintque
690 878 841 933 etde
882 886 980 932 suo
1016 877 1191 931 fructu
1217 875 1469 931 edicere:
1502 875 1835 930 Introivimus
1860 877 1913 929 in
1945 885 2025 929 ta-

453 969 728 1024 bernacula
751 970 882 1039 ejus,
908 977 960 1021 et
982 968 1305 1022 adoravimus
1325 966 1408 1020 ubi
1429 966 1840 1036 steteruntpcdes
1853 966 2021 1036 ejus“.

452 1060 783 1128 Quamquam
811 1065 868 1113 et
895 1056 1053 1112 altior
1076 1064 1129 1111 et
1151 1056 1255 1121 hic;
1283 1056 1413 1127 (rid:
1438 1064 1551 1111 not.
1580 1054 1706 1123 208)
1728 1055 2028 1109 intellectus

447 1147 737 1227 habeatur,
772 1155 950 1212 tamen
981 1153 1034 1200 et
1061 1146 1305 1215 simplici
1333 1161 1493 1200 sensu
1544 1144 1833 1199 secundum
1881 1144 2026 1197 litte-

452 1252 588 1304 ram,
630 1252 752 1292 cum
777 1251 864 1291 res
891 1236 1144 1307 postulat,
1174 1251 1280 1291 non
1312 1234 1634 1290 abutendum
1686 1240 1767 1288 est
1823 1233 1902 1300 (id
1953 1242 2029 1287 est

454 1328 708 1383 utendum
736 1338 841 1392 est,
864 1343 952 1381 seu
1000 1342 1105 1381 non
1134 1334 1349 1397 oportet
1391 1340 1495 1380 non
1546 1325 1641 1379 uti.
1680 1322 1742 1377 V.
1775 1330 1888 1378 not.
1916 1321 2031 1393 Si}.

453 1419 506 1474 Si
537 1432 666 1488 ergo
694 1418 942 1486 religiosa
966 1417 1231 1487 cupiditas
1256 1424 1339 1471 est
1385 1415 1500 1471 loca
1528 1414 1708 1469 videre
1736 1414 1787 1467 in
1838 1408 2033 1493 quibus

453 1510 699 1565 Christus
750 1508 1036 1576 ingressus,
1092 1515 1148 1562 et
1195 1522 1381 1577 passus
1428 1514 1528 1569 est,
1554 1513 1610 1560 et
1634 1503 1945 1570 resurrexit,
1976 1510 2039 1557 et

454 1599 596 1655 unde
615 1597 970 1665 conscendit,
988 1606 1042 1653 et
1070 1606 1161 1652 aut
1188 1598 1266 1653 de
1299 1597 1428 1667 ipsis
1470 1596 1605 1651 locis
1629 1610 1695 1649 ex
1718 1609 1879 1662 guunt
1909 1593 2030 1664 pul-

455 1702 635 1743 verem
664 1687 758 1755 (V.
790 1687 1073 1758 not..209),
1098 1694 1190 1742 aut
1210 1688 1276 1743 de
1298 1688 1417 1757 ipso
1433 1687 1605 1741 crucis
1625 1686 1805 1753 lignot
1822 1686 1886 1738 γι
1913 1692 2024 1741 not.

2128 511 2291 565 ticam
2315 509 2369 563 in
2397 516 2541 563 terra
2563 521 2726 576 agens
2741 507 3041 576 occupavit,
3058 513 3115 560 et
3141 511 3353 575 captam
3363 502 3691 579 vacuefecit;

2128 608 2250 654 nam
2278 598 2440 654 etiam
2466 613 2609 652 nunc
2637 598 2688 651 in
2710 598 2827 667 ipso
2850 598 3039 651 littore
3059 595 3232 650 inanis
3251 601 3457 662 manet,
3472 603 3542 647 ut
3560 591 3699 648 dam-

2128 700 2254 745 num
2279 689 2459 745 oneris
2487 688 2689 745 frustra
2712 688 2764 741 in
2794 686 2983 757 pelago
3027 684 3226 741 servati
3249 691 3305 739 et
3323 684 3377 739 in
3407 692 3548 738 terra
3577 698 3700 753 per-

2126 778 2222 834 diti
2277 786 2630 834 contestetur;
2681 777 2950 847 Depositae
2969 775 3080 845 jam
3111 790 3251 845 saepe
3295 775 3436 845 apud
3470 773 3701 843 judicent

2126 869 2507 940 provincialem
2533 883 2694 938 super
2715 868 2826 924 hoc
2846 865 3126 921 latrocinio
3154 865 3407 935 querelze,
3436 863 3534 919 sed
3566 862 3704 918 Pha-

2126 976 2222 1014 rao
2251 966 2430 1013 noster
2455 958 2721 1014 induravit
2746 973 2841 1013 cor
2866 960 3040 1012 suum;
3064 956 3227 1033 Forte
3245 950 3378 1010 utin
3400 955 3521 1025 ipso
3543 954 3704 1008 mira-

2127 1049 2254 1105 bilia
2304 1048 2433 1101 ﬁant
2464 1066 2477 1101 :
2535 1055 2591 1102 et
2639 1050 2935 1104 conventus
2977 1061 3076 1117 per
3101 1045 3301 1112 officia,
3333 1046 3507 1116 primo
3534 1045 3584 1098 vi
3613 1057 3703 1098 re-

2125 1137 2360 1202 bellavit,
2384 1145 2572 1207 postea
2592 1136 2815 1191 Romam
2824 1134 3090 1207 profugit.
3109 1133 3235 1191 Haec
3253 1133 3704 1190 SeCundi'nianum

2129 1244 2305 1283 meum
2330 1228 2622 1283 necessitas
2648 1227 2714 1282 ad
2748 1226 2943 1282 Urbem
2982 1234 3037 1281 et
3066 1226 3255 1280 itinere
3284 1233 3501 1280 terreno
3549 1234 3708 1293 pere-

2128 1320 2327 1389 grinari
2346 1334 2473 1382 cum
2501 1334 2601 1373 suo
2628 1320 2786 1374 unico
2813 1310 2978 1373 nauta
3006 1318 3201 1387 coegit.
3235 1316 3349 1371 Non
3379 1313 3708 1386 ambigofra-

2130 1419 2266 1464 trem
2297 1417 2536 1464 nostrum
2569 1408 3007 1465 Posth‘umianum
3054 1415 3110 1463 et
3140 1407 3442 1461 interventu
3488 1412 3602 1470 tuo,
3652 1412 3708 1459 et

2129 1516 2224 1556 sua
2279 1501 2393 1555 lide-
2432 1508 2601 1569 atque
2641 1499 2871 1569 iustitia,
2909 1498 3375 1554 commovendum.
3402 1495 3578 1562 Quare
3604 1495 3711 1551 hoc

2130 1589 2499 1645 moderamine
2524 1589 2849 1645 intervenire
2869 1587 3140 1653 debemus,
3168 1588 3314 1657 quod
3340 1586 3586 1657 proiecto
3631 1584 3704 1657 (ε)

2130 1681 2329 1748 facies,
2347 1681 2448 1736 etsi
2479 1680 2655 1735 nullus
2683 1679 3022 1746 admoneam,
3049 1688 3108 1734 ut
3134 1679 3249 1748 pari
3293 1678 3487 1734 labore
3522 1676 3707 1732 defen-

454 1776 581 1844 2l0)
609 1776 819 1846 aliquid.
836 1777 1024 1832 saltem
1051 1776 1267 1833 festucae
1294 1777 1466 1832 simile
1494 1791 1705 1831 sumere
1732 1785 1788 1831 et
1807 1776 2025 1844 habere,
2060 1778 2102 1837 Β
2127 1774 2224 1829 das
2238 1782 2292 1829 et
2313 1789 2537 1830 excuses
2550 1773 3045 1844 optimoSenatori,
3071 1773 3125 1846 id
3137 1781 3242 1841 est,
3261 1773 3567 1827 Christiano
3595 1772 3711 1827 viro

456 1866 759 1927 benedictio
804 1876 923 1933 est,
971 1864 1253 1924 considera
1306 1876 1508 1937 quanto
1530 1868 1703 1937 major
1728 1875 1784 1921 et
1823 1867 2034 1937 plenior

457 1960 624 2028 gratia
651 1960 740 2022 sit,
772 1959 949 2014 vivum
974 1975 1156 2015 senem
1179 1960 1262 2014 vel
1283 1961 1590 2016 testimonio
1617 1960 1808 2014 divina
1836 1958 2031 2013 verita-

458 2051 525 2106 tis
555 2050 860 2121 inspieere?
881 2051 937 2106 Si
964 2067 1201 2122 praesepe
1224 2053 1334 2106 nati
1355 2051 1404 2119 ι),
1430 2052 1475 2107 si
1500 2050 1689 2107 ﬂuvius
1708 2052 1958 2122 baptizati
1984 2062 2027 2119 ο,

459 2145 500 2199 si
529 2143 718 2199 hortus
761 2146 965 2199 orantis
1010 2144 1246 2213 Magistri
1275 2143 1324 2210 ἀ,
1354 2145 1399 2200 si
1429 2145 1623 2200 atrium
1649 2144 1875 2214 judicati
1912 2153 1957 2211 ο,
1986 2144 2032 2200 si

458 2232 707 2288 columna
735 2234 979 2300 districti,
1013 2235 1058 2289 si
1087 2236 1240 2305 spina
1271 2237 1514 2291 coronati
1549 2234 1591 2303 ί,
1617 2237 1661 2291 si
1691 2237 1888 2305 lignum
1917 2248 2043 2292 sus-’

460 2327 613 2396 pensi
641 2327 767 2391 8,si
786 2341 975 2381 saxum
1003 2329 1198 2398 sepulti
1231 2327 1279 2394 ιι,
1313 2330 1474 2401 286
1490 2329 1536 2383 si
1559 2329 1706 2384 locus
1734 2328 2033 2383 resuscitati

460 2419 740 2488 erectique
774 2420 823 2483 ‘,
871 2420 1129 2476 memoria
1176 2420 1368 2475 divinae
1421 2420 1690 2490 quandam
1718 2422 2032 2492 pnesentiae,

460 2509 780 2573 celebratur,
806 2519 862 2565 et
891 2520 1126 2567 veterem
1146 2512 1430 2568 veritatem
1461 2513 1708 2582 prtesenti
1759 2511 1863 2568 ﬁde
1889 2528 2036 2569 com-

461 2602 693 2671 probant
712 2602 763 2656 in
788 2603 948 2658 rebus
967 2604 1231 2659 exanimis
1257 2604 1378 2659 viva
1400 2604 1717 2659 documenta
1732 2645 1747 2670 ,
1777 2620 1938 2674 quam
1961 2619 2039 2659 re-

461 2690 648 2759 ligiose
676 2690 1014 2761 aspiciendus
1041 2702 1123 2748 est
1148 2692 1255 2759 hie,
1305 2706 1464 2763 quem
1493 2694 1689 2765 alloqui
1719 2694 1814 2749 Dei
1861 2709 2038 2749 sermo

463 2779 858 2853 dignatusest,
893 2783 980 2847 cui
1010 2797 1069 2839 se
1085 2782 1249 2839 facies
1267 2783 1448 2839 div-ina
1475 2800 1581 2839 non
1605 2785 1769 2849 texit,
1790 2784 1876 2841 cui
1897 2798 2039 2838 nunc

464 2881 754 2944 martyrem
776 2889 950 2940 suum,
981 2890 1123 2930 nunc
1149 2874 1494 2946 semetipsum
1510 2876 1751 2932 Christus
1771 2876 2035 2942 ostendit;

2131 1878 2289 1921 mum,
2307 1878 2491 1926 suum;
2520 1863 2592 1918 ita
2621 1871 2680 1917 ut
2702 1863 2937 1933 pmdmi
2986 1863 3097 1932 ipsi
3129 1861 3355 1917 sulllciat
3383 1861 3712 1931 impunitatis

2131 1952 2355 2017 luctum,
2383 1953 2536 2009 nobis
2555 1954 2622 2007 ab
2645 1953 2767 2022 ipso
2789 1954 2883 2007 Dei
2913 1948 3133 2008 munera
3159 1954 3400 2024 recipere
3421 1953 3709 2010 contentis.

2701 2041 3039 2097 EPISTOLA‘
3066 2045 3082 2063 ⁶
3113 2044 3169 2097 L.

2245 2113 2604 2185 7_Augustino
2630 2116 2868 2185 proponit
2898 2115 3203 2185 quastione:
3229 2114 3442 2185 aliquot,
3491 2117 3721 2185 primum

2206 2181 2266 2236 He
2294 2181 2543 2249 Psalmis,
2587 2181 2693 2236 tum
2728 2181 2793 2236 de
2817 2181 3081 2253 Apostolo,
3138 2194 3186 2237 et
3220 2184 3290 2237 ad
3317 2181 3621 2239 carentum
3648 2188 3710 2241 de

2206 2251 2505 2323 Evangelia.

2204 2339 2383 2397 CAPUT
2420 2356 2643 2395 Ριιιιιωι.
2701 2336 3019 2404 Quwstiones
3070 2358 3137 2397 ex
3182 2340 3596 2407 Psalmis.-_—-l.
3636 2343 3714 2400 D':

2138 2434 2339 2505 paucis,
2369 2448 2487 2503 quae
2518 2449 2656 2489 nunc
2679 2434 2790 2506 jam
2821 2435 2885 2489 ad
2907 2450 3095 2490 navem
3118 2443 3368 2491 currente
3412 2435 3710 2491 litterarum

2135 2525 2421 2595 perlatore,
2446 2532 2502 2579 et
2537 2524 2665 2578 mihi
2687 2523 2739 2577 in
2763 2524 2928 2592 ipsius
2956 2524 3297 2579 lbstinatione
3325 2526 3639 2595 properanti
3659 2526 3711 2581 in

2137 2625 2368 2672 mentem
2397 2623 2675 2681 venerunt,
2710 2628 2778 2670 ne
2815 2614 2933 2670 sine
2960 2614 3245 2671 corollario
3274 2615 3402 2669 mihi
3430 2615 3709 2678 rescribas,

2137 2706 2311 2775 aliqua
2340 2718 2660 2776 proponam.
2685 2704 2814 2771 Quae
2841 2704 2887 2759 si
2918 2702 3054 2759 ferte
3081 2705 3257 2760 l'ucida
3283 2714 3427 2770 sunt,
3483 2714 3539 2761 et
3586 2706 3724 2763 mihi

2141 2796 2385 2852 videntur
2403 2796 2648 2858 obscura,
2673 2809 2830 2849 nemo
2853 2794 3186 2864 prudentum
3199 2794 3448 2861 ﬁliorum,
3462 2793 3711 2864 qui-ferte

2138 2886 2206 2942 de
2234 2885 2432 2941 nostris
2454 2887 2470 2917 ¹
2501 2885 2555 2940 in
2574 2885 2706 2939 hora
2737 2885 3067 2940 lestiunculie
3098 2884 3253 2955 hujus
3282 2886 3422 2940 circa
3449 2893 3505 2940 te
3551 2893 3713 2940 stete-

463 2961 519 3016 in
548 2961 939 3033 cujusvivente
968 2972 1111 3020 terra
1138 2965 1399 3021 Dominici
1429 2967 1671 3036 corporis
1691 2967 1929 3021 videmus
1950 2966 2042 3020 im-

462 3067 647 3122 pressa
697 3055 937 3124 vestigia,
995 3057 1041 3114 si
1096 3055 1343 3112 ﬁdelibus
1371 3057 1541 3113 oculis
1567 3066 1623 3112 et
1650 3058 1766 3113 acie
1793 3057 2037 3127 spiritali,

2141 2976 2268 3042 rint,
2315 2975 2383 3031 de
2436 2976 2739 3047 insipientia
2788 2990 2905 3030 mea
2931 2975 3131 3040 rideat;
3162 2977 3263 3031 sed
3284 2977 3463 3047 potius
3480 2978 3714 3032 benevo-

2142 3066 2304 3122 lentia
2327 3066 2574 3122 fraterna:
2602 3066 2840 3121 caritatis
2868 3066 3042 3120 faveat
3065 3065 3397 3133 instruendi),
3430 3074 3489 3120 ut
3515 3064 3720 3121 efliciar

464 3144 609 3216 quod
634 3146 688 3201 in
717 3161 784 3202 eo
812 3148 969 3204 sinus
987 3147 1215 3217 Christi,
1235 3149 1379 3218 quod
1426 3165 1613 3204 manus
1641 3150 1883 3218 contigit,
1914 3165 2032 3220 per-

2143 3157 2433 3212 videntium
2482 3156 2772 3226 particeps,
2817 3164 2873 3210 et
2900 3170 2967 3211 ex
3005 3156 3246 3211 doctrina
3278 3164 3365 3210 tua
3408 3155 3717 3210 ill‘utninati‘s

464 3234 729 3303 ιθεειιηιιεν
754 3245 813 3291 εδ
854 3238 1123 3302 canitiem.
1155 3254 1283 3308 quae
1301 3254 1443 3310 saepe
1469 3254 1630 3310 super
1658 3240 1868 3295 Domini
1898 3256 2036 3311 genu
2139 3248 2404 3303 mentibus
2425 3247 2874 3302 considerantium
2902 3246 3164 3300 mirabilia
3186 3246 3253 3301 de
3280 3246 3399 3316 lege
3412 3246 3643 3301 Domini:

463 3325 650 3395 iacuit,
681 3328 1052 3398 stepeDomini
1081 3330 1209 3385 sinu
1231 3331 1422 3401 tepuit,
1450 3340 1639 3387 nostra
1688 3346 1849 3385 manu
1899 3346 2040 3400 saepe
2210 3336 2261 3390 2.
2305 3336 2398 3391 Die
2417 3351 2544 3405 ergo
2574 3336 2721 3400 mihi,
2745 3333 3026 3411 benedicte
3054 3335 3244 3389 doctor
3268 3334 3448 3401 Israel,
3480 3334 3622 3403 quod
3644 3335 3721 3389 sit

464 3417 789 3483 mulcentes,
805 3428 859 3474 et
886 3419 1178 3476 auriculam
1207 3436 1349 3493 saepe
1375 3422 1673 3492 palpantes,
1694 3436 1855 3491 quam
1876 3422 2041 3477 coele-
2140 3426 2267 3497 quid
2295 3426 2489 3481 dicitur
2511 3426 2563 3480 in
2593 3425 2797 3494 psalmo
2819 3423 3029 3479 decimo
3041 3423 3263 3494 quinto:
3292 3424 3522 3489 Sanctis,
3551 3426 3638 3495 qui
3662 3426 3723 3478 in

464 3515 576 3563 stes
596 3510 745 3580 digiti
769 3514 844 3582 (α)
874 3512 1101 3569 1)οωίηο
1134 3515 1350 3585 jocante
1372 3519 1689 3571 traxerunt?
1864 3542 1870 3549 ·
2142 3527 2277 3573 terra
2295 3527 2413 3573 sunt
2434 3518 2564 3586 ejus,
2596 3516 2889 3586 miriﬁcart't
2930 3531 3104 3569 omnes
3132 3514 3417 3569 voluntates
3440 3532 3563 3568 suas
3585 3516 3719 3568 inter

538 3597 626 3652 l5.
644 3599 849 3670 Habes,
870 3604 941 3657 mi
971 3603 1135 3659 frater
1165 3606 1504 3675 (b),.xenium
1526 3622 1727 3675 meum,
1748 3606 1847 3663 ede
1869 3608 2040 3678 ipsum
2139 3611 2276 3666 illos.
2302 3609 2663 3680 Maltiplicata:
2689 3617 2809 3663 sunt
2835 3607 2912 3679 (ά)
2952 3608 3279 3678 inﬁrmitates
3317 3622 3512 3672 eorum,
3541 3617 3718 3676 postea

399 3686 414 3696 ’
465 3694 657 3763 spiritu
684 3697 943 3763 caritatis,
975 3707 1030 3754 et
1052 3700 1095 3754 si
1121 3700 1457 3770 loquacitatis
1503 3716 1635 3756 mete
1689 3701 2041 3757 amaritudine
2143 3703 2566 3755 acceleraverunt.
2599 3699 2745 3766 Quos
2771 3699 2845 3752 ait
2872 3698 3126 3753 sanctos?
3153 3698 3243 3769 qui
3273 3698 3326 3751 in
3378 3703 3523 3751 terra
3562 3697 3670 3751 sint
3694 3698 3718 3729 '

467 3788 827 3853 nauseaveris,
860 3788 927 3844 de
953 3791 1130 3859 gratia
1169 3790 1387 3845 Domini
1423 3799 1485 3846 et
1530 3792 1763 3848 caelestis
1806 3792 2049 3847 historia:
2142 3792 2348 3847 sancti?
2380 3789 2514 3845 Num
2534 3789 2655 3845 illos
2682 3788 2911 3851 J’udmos,
2942 3788 3034 3857 qui
3064 3786 3156 3842 lilii
3181 3786 3357 3842 carnis
3386 3785 3632 3852 Abrahzc,
3665 3793 3719 3840 et

465 3876 732 3949 suavitate
757 3877 1025 3934 fastidium
1055 3881 1396 3950 temperabis.
1455 3880 1617 3938 Certo
1672 3892 1850 3953 autem
1904 3882 2038 3949 scio,
2145 3899 2251 3939 non
2283 3883 2374 3938 lilii
2394 3880 2824 3951 repromissionis
2846 3880 3200 3935 exeluduntur
3224 3894 3255 3933 a
3306 3879 3535 3943 semine,
3575 3878 3717 3948 quod

465 3969 819 4037 omittimus
843 3979 895 4026 te
922 3980 978 4028 et
1021 3972 1446 4030 desideraturum
1476 3975 1695 4045 aliquid,
1746 3990 1853 4044 quo
1899 3975 2040 4031 circa
2144 3977 2196 4031 in
2216 3975 2362 4031 lsaac
2386 3974 2632 4029 vocatum
2655 3981 2738 4028 est
2760 3975 2774 4022 l
2800 3972 2825 4025 ?
2850 3970 2975 4026 Ideo
3003 3981 3218 4026 sanctos
3247 3970 3300 4025 in
3345 3977 3490 4025 terra
3514 3966 3565 4035 ⁸,
3595 3968 3718 4038 tiuia

463 4059 611 4116 hunc
632 4061 899 4117 hominem
915 4078 1170 4119 exerceas
1191 4064 1484 4130 caritatem,
1504 4080 1608 4135 qua
1629 4065 1804 4135 diligis
1825 4065 1868 4098 "
1888 4065 2042 4121 Chri-
2142 4066 2311 4122 sancti
2341 4078 2536 4133 genere
2564 4062 2796 4129 carnali;
2826 4062 2933 4117 vita
2979 4069 3157 4116 autem
3204 4076 3470 4130 sensuque
3518 4061 3721 4115 terreni

463 4160 625 4208 stum.
656 4153 854 4211 Subest
873 4156 1097 4212 materia
1124 4175 1136 4210 :
1170 4165 1226 4212 tu
1252 4158 1484 4213 studium
1507 4159 1615 4229 piae
1634 4158 1934 4215 devotionis
1959 4158 2043 4213 in-
2142 4167 2283 4222 sunt,
2314 4158 2439 4226 quia
2468 4163 2680 4211 terrena
2709 4155 2943 4226 sapiunt,
2968 4160 3023 4209 et
3070 4152 3138 4225 (e)
3179 4152 3378 4223 carnali
3421 4152 3718 4207 observan-

466 4243 654 4310 tende;
705 4252 760 4300 et
809 4254 1039 4315 patrono
1084 4246 1239 4316 hujus
1281 4240 1698 4313 Seeundiniano,
1731 4249 1818 4304 cui
1848 4263 2039 4305 navem
2144 4248 2217 4301 tia
2238 4247 2290 4302 in
2309 4244 2788 4302 vetustatelitterm
2809 4249 3219 4307 consenescunt,
3243 4256 3349 4296 non
3372 4248 3723 4296 renascentes

365 4366 369 4370 -
466 4332 709 4389 Christus
736 4337 1075 4406 omnipotens
1102 4353 1208 4408 pro;
1245 4337 1405 4407 hujus
1426 4339 1599 4394 salute
1641 4346 1905 4394 servatam
1928 4338 2040 4407 jam
2144 4340 2197 4392 in
2221 4351 2411 4391 novam
2436 4341 2739 4391 creaturam
2775 4333 2825 4401 l;
2856 4335 2989 4404 quia
3021 4347 3137 4387 non.
3166 4338 3495 4401 receperunt
3522 4345 3645 4386 eum
3667 4340 3709 4367 π’

467 4422 772 4492 desperanti
821 4426 1073 4493 reddidit,
1127 4435 1240 4485 toto
1268 4427 1387 4483 lidei
1418 4436 1518 4482 ture
1537 4427 1727 4482 etl’ectu
1754 4428 1800 4478 ει
1828 4429 2038 4483 adesto.
2142 4442 2240 4498 per
2264 4441 2422 4495 quem
2442 4434 2623 4481 vetera
2644 4425 2990 4488 transierunt,
3018 4432 3073 4479 et
3095 4422 3230 4478 facta
3257 4429 3382 4477 Sunt
3410 4421 3477 4495 (Γ)
3502 4437 3643 4477 nova
3665 4430 3717 4477 ι’.

466 4511 658 4568 Munus
677 4515 816 4569 enim
844 4516 1041 4571 Christi
1068 4517 1303 4573 adseres.
1337 4518 1415 4574 Ne
1459 4519 1678 4588 patiaris
1706 4518 1900 4573 invidia
1929 4518 2047 4573 dia-
2072 4498 2120 4557 Π
2143 4519 2233 4575 Sic
2283 4518 2425 4574 enim
2480 4516 2615 4573 forte
2659 4532 2753 4572 eos
2774 4517 2826 4571 in
2854 4518 2958 4572 hoc
2985 4515 3192 4586 psalmo
3212 4522 3430 4570 sanctos
3459 4513 3718 4583 appellat,

466 4603 577 4659 boli
598 4620 695 4674 per
712 4605 983 4662 hominem
1013 4610 1311 4679 improbum
1350 4610 1747 4666 Secundiniano
1774 4611 1926 4681 eripi,
1954 4612 2039 4665 vel
2141 4610 2412 4682 quomodo
2440 4618 2494 4664 et
2522 4611 2574 4664 in
2596 4608 2882 4679 Evangelio
2907 4608 3098 4678 iustos,
3124 4606 3214 4662 ubi
3235 4607 3365 4662 dicit
3392 4624 3404 4659 :
3441 4605 3565 4660 Non
3606 4607 3724 4660 ueni

465 4691 574 4761 iam
602 4701 846 4763 ereptum
878 4698 1061 4765 negari
1087 4702 1228 4768 quod
1260 4700 1340 4754 illi
1360 4700 1427 4754 de
1457 4701 1734 4769 naufragio
1761 4700 2040 4756 redonavit
2140 4718 2318 4756 vocare
2331 4703 2521 4773 justas,
2545 4701 2635 4755 sed
2662 4709 2954 4771 peccatores
2983 4708 3008 4734 ο
3040 4717 3053 4752 :
3087 4697 3138 4752 id
3159 4706 3259 4763 est,
3294 4696 3414 4751 illos
3431 4695 3605 4765 justus
3625 4695 3721 4764 qui

467 4780 626 4836 Deus.
656 4782 977 4840 Procurator
996 4787 1287 4844 Christiani
1308 4791 1406 4844 viri
1434 4791 1612 4846 fratris
1665 4791 1833 4846 nostri
1879 4789 2029 4846 Post-

465 4871 703 4926 humiani
733 4888 851 4929 esse
877 4873 1095 4939 dicitur,
1136 4878 1227 4946 qui
1273 4891 1391 4933 eam
1419 4895 1608 4934 navem
1640 4880 1694 4934 iu
1733 4879 2037 4936 Brutiorum

464 4964 665 5030 littore,
692 4981 799 5035 quo
826 4971 1094 5039 possessio
1122 4972 1385 5028 senatoris
1434 4972 1683 5038 adluitur,
1741 4973 2035 5043 adlapsam,

486 5094 491 5097 ‘
526 5084 558 5153 ξ
587 5075 732 5153 Ρεειι.
764 5094 945 5153 cum,
974 5082 1049 5153 7._
1102 5081 1129 5122 ι’
1151 5081 1279 5140 Luc.
1307 5100 1363 5151 ll,
1399 5087 1449 5139 7.
1532 5096 1553 5124 ε
1585 5085 1770 5140 Matth.
1796 5103 1869 5147 m,
1897 5087 1978 5139 15.

2143 5086 2301 5140 ohan.
2334 5102 2479 5153 xvm,
2513 5087 2562 5139 l.

2140 4792 2192 4846 in
2208 4793 2491 4847 sanctitate
2510 4790 2722 4859 generis
2744 4798 2798 4845 et
2817 4789 2996 4843 littera
3017 4787 3148 4855 legis
3167 4786 3483 4856 gloriantur.
3513 4785 3722 4851 Quibus

2143 4882 2336 4938 dicitur
2357 4901 2369 4935 :
2404 4881 2581 4936 Nolite
2608 4882 2822 4954 gloriari
2845 4879 2918 4952 (g)
2940 4881 2994 4934 in
3017 4888 3163 4951 patre
3188 4876 3465 4965 Abraham,
3496 4878 3618 4947 quia
3634 4895 3722 4947 po-

2144 4981 2258 5027 tens
2276 4973 2513 5027 cuneus
2556 4974 2618 5027 de
2661 4971 2914 5043 lapidibus
2960 4973 3073 5026 istis
3117 4972 3345 5024 excitare
3380 4969 3517 5039 ﬁlios
3547 4967 3721 5021 Abra-

2642 5097 2666 5126 ε
2698 5086 2858 5141 Marc.
2913 5101 3001 5148 xv,
3048 5082 3133 5136 16.
3217 5082 3237 5122 τ
3269 5081 3459 5137 Johan.
3521 5099 3631 5146 xxx,
3664 5081 3717 5135 τὶ.

463 5154 490 5192 α
518 5143 711 5223 Johan.
734 5166 849 5223 xix,
878 5150 963 5205 l7.
1040 5150 1065 5190 ιι
1098 5153 1258 5223 Marc.
1292 5143 1377 5219 xv,
1409 5155 1496 5209 46.
1556 5155 1746 5211 iMarc.
1774 5143 1889 5223 xvi,
1915 5158 1966 5210 6.

2140 5171 2231 5211 )m.
2263 5172 2335 5222 ις,
2367 5155 2420 5208 7.
2468 5143 2518 5194 ἰ
2552 5155 2688 5211 l’sal.
2720 5172 2810 5220 xv,
2838 5157 2890 5210 5.
2971 5143 2998 5192 ι’
3039 5153 3233 5219 Gal.v1,
3288 5152 3373 5207 15.
3450 5162 3488 5190 ιη
3516 5143 3718 5205 ιοιιέιιι.

463 5232 503 5286 ι,
536 5215 620 5271 ll.
698 5228 724 5255 η
746 5216 922 5290 Ἀροε.
948 5238 1057 5289 χχι,
1094 5222 1129 5277 4
1153 5236 1208 5279 et
1226 5222 1285 5281 5.
1362 5215 1386 5259 δ
1418 5225 1603 5281 Matth.
1636 5243 1709 5289 IX,
1744 5226 1828 5280 l5.

536 5310 558 5331 ‘
594 5309 738 5367 Alias
766 5311 864 5378 45;
895 5327 1014 5382 qum
1035 5321 1211 5370 autem
1243 5313 1310 5369 50
1336 5324 1470 5382 erat,
1503 5330 1646 5371 nunc
1686 5314 1928 5387 Append.
1983 5315 2035 5369 2.
2071 5315 2280 5385 Scripta
2311 5315 2452 5371 circa
2484 5330 2685 5371 annum
2704 5313 2828 5369 410'.

536 5426 613 5498 (al
636 5426 732 5498 bis.
757 5425 925 5498 codex
957 5426 1088 5496 Reg.
1110 5442 1234 5498 cum
1255 5428 1415 5484 editis
1444 5428 1495 5490 2,
1513 5427 1741 5498 iacente,
1768 5425 2043 5493 mendose;

465 5495 606 5570 unde
633 5496 926 5570 Sacchjnus
947 5495 1073 5564 legit
1088 5497 1310 5570 Domini
1330 5495 1545 5570 jacenti.

540 5564 615 5634 (b)
642 5564 743 5634 ills.
782 5565 981 5634 Regius
1000 5567 1196 5631 codex,
1224 5564 1479 5622 excidam.

540 5632 609 5705 (ε)
641 5632 836 5705 Magius.
869 5632 1038 5697 codex
1070 5637 1287 5705 Regius.
1320 5636 1480 5702 Editi,
1505 5636 1690 5705 facias.

470 5700 900 5826 “iwuztﬂgiltum
921 5716 1003 5761 est
1031 5700 1175 5761 enini
1194 5723 1258 5763 ex
1283 5723 1409 5764 mss.
1435 5700 1707 5763 codicibus
1736 5704 1772 5757 Ξ
1823 5704 1938 5772 Big.
1996 5714 2049 5759 et

2222 5427 2293 5496 (α)
2326 5425 2448 5496 Mss.
2479 5427 2585 5482 duo
2611 5426 2724 5493 Big.
2757 5423 2958 5479 addunt
2985 5424 3121 5478 ideo.
3328 5492 3339 5496 _
3478 5470 3483 5475 .

2222 5492 2290 5568 (ι’)
2324 5492 2897 5568 Expunximusvocem
2925 5495 3121 5560 omnia,
3151 5506 3268 5561 quae
3294 5492 3476 5546 aberat
3501 5505 3530 5545 a
3585 5507 3718 5548 mss.

2154 5566 2191 5619 2
2210 5564 2321 5633 Big.
2346 5564 2547 5620 et’edit.
2576 5564 2771 5619 Bened.

2227 5628 2303 5707 (g')
2334 5634 2678 5707 hlanguscripti
2701 5634 2805 5689 duo
2828 5634 3040 5690 codices
3082 5631 3365 5701 Bigatiani,
3398 5628 3582 5684 habere
3619 5649 3717 5700 pa-
3773 5644 3791 5657 -

2150 5704 2276 5759 trem
2305 5704 2577 5758 Abraham.
