4008 6346
1659 274 1987 337 EPIS'I‘OLA
2025 276 2085 337 ι.

2448 130 2485 181 ρ

3391 276 3500 347 ΠΟ

236 391 312 445 tu:
326 396 375 442 ι.
408 386 653 453 Quorum
682 383 853 441 forma
902 383 956 439 ln
998 384 1092 441 illo
1120 379 1390 441 Pharismo
1420 384 1449 425 δ
1470 391 1812 462 proponitur,
1841 401 1890 459 Α
1917 395 2011 452 sed
2051 405 2108 451 et
2153 397 2549 467 blasphematus
2588 408 2671 461 est
2710 393 2777 455 ab
2827 402 2906 457 eis
2932 414 3051 458 cum
3076 400 3316 459 dicerent
3346 421 3361 459 :
3397 403 3495 462 ilic

230 482 318 553 qui
327 480 568 551 justitias
588 494 711 535 suas
738 486 1010 549 tamquam
1034 478 1294 535 nescienti
1319 480 1544 538 Domino
1570 485 1816 541 recolens

232 573 563 644 praedicabat
588 572 641 627 in
663 571 888 641 templo,
922 586 1028 626 non
1058 587 1220 627 orans
1246 581 1305 626 ut
1328 573 1689 642 exaudiretur,
1716 575 1814 632 sed

230 664 456 732 exigens
469 663 623 731 quasi
652 661 889 716 debitum
909 662 1085 716 meriti
1101 678 1198 734 pro
1213 664 1483 734 operibus,
1507 666 1664 721 bonis
1691 668 1812 736 qui-

229 755 375 821 dem,
406 753 502 810 sed
533 754 755 825 ingratis
774 754 917 819 Deo;
947 754 1073 824 quia
1102 756 1245 824 quod
1267 754 1482 825 justitia
1520 757 1817 814 aedificave-

230 859 346 915 rat,
378 821 629 919 superbia
682 821 994 903 destruebat
1025 866 1040 901 :
1072 821 1172 903 nec
1199 821 1686 919 idipsumgilentio,
1718 851 1814 907 sed

230 957 367 997 voce
415 940 722 1005 clamabat,
749 948 807 993 ut
858 947 1145 1009 appareret
1172 954 1295 994 eum
1339 955 1445 995 non
1474 939 1669 998 divinis
1715 957 1812 997 au-

234 1032 383 1086 ribus
441 1030 629 1099 loqui,
679 1029 771 1098 qui
802 1029 824 1060 ⁸
852 1036 908 1084 et
959 1028 1027 1083 ab
1066 1027 1375 1084 hominibus
1419 1030 1584 1085 vellet
1622 1031 1813 1086 audiri.

234 1125 410 1191 Atque
436 1121 558 1177 ideo
581 1135 688 1175 non
716 1119 917 1190 placuit
941 1118 1074 1185 Deo,
1104 1119 1229 1190 quia
1248 1119 1496 1190 placebat
1523 1121 1642 1176 sibi.
1673 1123 1816 1189 Quo-

235 1213 376 1267 niam
405 1211 685 1283 dissipavit
711 1209 970 1264 Dominus
998 1224 1119 1265 ossa
1149 1210 1422 1265 hominum
1468 1210 1568 1265 sibi
1598 1212 1815 1282 placen-

235 1303 387 1356 tium.
414 1300 633 1372 Confusi
660 1308 802 1368 sunt,
824 1298 1018 1368 inquit,
1048 1300 1168 1370 quia
1187 1302 1375 1370 sprevit
1401 1301 1518 1355 illas
1545 1312 1590 1364 ο,
1613 1302 1702 1374 qui
1724 1317 1820 1358 cor

234 1392 434 1447 humile
459 1400 520 1447 et
544 1391 961 1447 contribulatum
992 1407 1100 1446 non
1129 1391 1333 1462 spernit
1357 1390 1406 1444 ά.

300 1486 469 1557 138
494 1485 547 1539 ὅ.
589 1483 831 1554 Denique
880 1492 937 1539 et
974 1482 1025 1537 in
1052 1483 1163 1553 ipsa
1186 1482 1454 1553 Evangelii
1484 1485 1735 1554 parabola
1767 1496 1817 1555 ο,

234 1590 336 1645 qua
349 1576 609 1647 pharissei
637 1585 692 1631 et
717 1575 986 1646 publicani
1009 1590 1235 1646 persona
1274 1573 1569 1642 confertur,
1600 1577 1819 1633 eviden-

234 1677 315 1721 ter
338 1664 576 1721 ostendit
605 1666 719 1737 ipse
747 1666 1005 1721 Dominus
1032 1664 1158 1736 quid
1189 1665 1243 1719 in
1270 1664 1488 1722 homine
1534 1668 1812 1739 suscipiat,

1920 485 2083 541 homo
2110 488 2205 542 sia
2230 487 2339 542 Deo
2360 497 2522 555 esset,
2549 506 2651 544 non
2669 490 2742 562 (ὁ)
2760 493 3279 549 ουητριδθιώτιιίείιε
3303 503 3359 550 et
3386 510 3493 549 non

1918 574 2065 645 ejicit
2088 578 2348 633 dmmonia
2378 580 2476 635 nisi
2500 580 2551 633 in
2601 580 2897 637 Beelzebub
2934 584 3175 653 principe
3198 584 3493 641 daemonio-

1917 679 2034 719 rum
2056 674 2102 720 ι’.
2122 666 2345 737 Propter
2356 669 2493 724 hanc
2513 678 2743 725 mentem
2757 672 3015 743 obdurat;
3040 673 3313 743 impietate
3335 679 3504 729 cmca-'

1918 763 2044 821 tam,
2060 758 2414 826 multiplicum:
2433 768 2551 813 sunt
2572 761 2899 829 inﬁrmitates
2923 758 2995 817 el'
3005 764 3239 819 tenebras
3257 782 3433 819 eorum
3448 775 3467 799 ~‘
3480 806 3492 818 .

1987 846 2041 902 5.
2081 848 2188 903 Sed
2234 850 2361 918 quid
2392 859 2494 916 est,
2517 852 2660 922 quod
2686 854 2758 906 ait
2783 871 2795 906 :
2830 853 3019 909 Postea
3047 856 3497 910 accelerat-erunt?

1919 934 2107 992 Utrum
2146 940 2198 993 in
2246 940 2636 1010 paenitentiam,
2681 945 2819 998 sicut
2846 945 3009 1015 289
3056 945 3133 998 illi
3180 946 3231 999 in
3277 945 3496 1000 Actibus

1917 1030 2281 1097 apostolorum
2312 1031 2357 1096 ι,
2407 1032 2500 1101 qui
2545 1031 2689 1087 beati
2738 1031 2881 1088 Petri
2929 1036 3303 1104 pandicutione
3344 1053 3495 1092 com-

1918 1122 2122 1191 pnncti,
2147 1123 2489 1178 crediderunt
2516 1123 2575 1177 in
2599 1138 2719 1179 eum
2744 1140 2905 1194 quem
2937 1128 3003 1194 (c‘,
3031 1126 3421 1194 crucifixerant,
3441 1137 3494 1184 et

1917 1210 2230 1269 festinantes
2251 1220 2402 1267 tanto
2418 1212 2623 1282 expiari
2646 1224 2890 1285 peccato,
2914 1216 2980 1270 ad
3003 1216 3200 1271 donum
3216 1219 3398 1285 gratia:
3415 1218 3494 1288 (d)

1917 1301 2301 1354 cucurrerunt?
2343 1302 2425 1356 An
2460 1317 2613 1369 vero,
2663 1304 2786 1371 quia
2817 1303 3040 1360 virtutes
3068 1305 3259 1359 anima:
3297 1322 3361 1361 ex
3394 1305 3497 1361 tide

1917 1395 1974 1441 et
1999 1389 2222 1444 caritate
2243 1390 2335 1444 Dei
2365 1391 2707 1457 roborantur,
2740 1393 2843 1449 illis
2873 1394 3050 1464 impiis
3072 1397 3495 1466 utroque‘vacuis

1916 1479 2272 1551 multiplicata
2316 1490 2435 1535 sunt
2482 1483 2812 1553 inﬁrmitates
2861 1487 3053 1540 anima:
3110 1501 3178 1540 ex
3220 1486 3496 1556 impietate

1918 1570 2179 1626 scelerum
2210 1571 2498 1629 mortiferis
2540 1575 2884 1643 languoribus
2912 1585 3201 1646 occupatae,
3250 1578 3494 1633 Christus

1918 1662 2118 1716 etenim
2165 1662 2342 1717 lumen
2373 1672 2427 1718 et
2455 1664 2560 1718 vita
2606 1665 2935 1720 credentium
2984 1675 3067 1720 est
3094 1676 3142 1733 υ,
3192 1679 3249 1722 ct
3276 1652 3494 1723 sanitas

233 1757 359 1825 quid
388 1756 636 1825 repellat,
660 1756 800 1810 sicut
818 1756 1075 1825 scriptum
1104 1762 1190 1810 est
1220 1773 1234 1807 :
1268 1753 1403 1818 Quia
1426 1755 1563 1813 Deus
1584 1760 1814 1831 superbis
1844 1762 1895 1824 Β
1918 1754 2017 1809 sub
2044 1755 2233 1825 pennis
2259 1754 2373 1824 ejus
2401 1765 2447 1809 '.
2484 1754 2635 1810 Unde
2664 1772 2769 1811 non
2809 1758 2998 1812 mirum
3028 1759 3071 1814 si
3101 1768 3157 1813 et
3186 1761 3419 1814 tenebrte
3438 1768 3493 1815 et

235 1849 445 1912 resistit,
475 1848 753 1902 humilibus
780 1859 948 1902 autem
970 1849 1059 1901 dat
1089 1851 1308 1919 gratiam
1337 1848 1353 1885 τ
1364 1892 1377 1905 .
1398 1850 1523 1906 ideo
1543 1859 1814 1920 protesta-

234 1951 317 1994 tur
340 1939 514 2006 magis
532 1938 879 2009 justificatum
923 1941 1118 1996 abiisse
1164 1958 1194 1997 e
1225 1945 1426 2015 templo
1478 1943 1815 2014 publicanum

234 2032 297 2085 de
314 2030 656 2087 confessione
677 2039 1019 2101 peccatorum
1042 2050 1285 2103 suorum,
1305 2049 1467 2104 quam
1490 2033 1814 2089 Pharisteum

168 2132 173 2137 '
234 2122 295 2176 de
315 2121 671 2192 imputatione
689 2121 1019 2191 justitiamm
1048 2139 1285 2181 suarum.
1312 2125 1501 2180 Merito
1521 2132 1701 2180 autem
1724 2124 1818 2180 ille

233 2212 479 2267 laudator
505 2212 588 2266 sui
616 2213 926 2283 repudiatus
946 2212 1203 2270 abscessit
1230 2230 1259 2269 a
1282 2215 1417 2270 facie
1448 2215 1562 2282 Dei,
1583 2213 1817 2286 quicum

234 2303 351 2372 ipso
379 2302 599 2358 nomine
625 2303 871 2373 peritiam
901 2302 1033 2372 legis
1061 2304 1354 2374 prmferrct,
1402 2305 1599 2359 oblitus
1647 2303 1818 2359 fuerat

233 2412 283 2449 tn
305 2395 570 2465 propheta
590 2394 854 2450 dicentem
875 2395 1157 2450 Dominum
1180 2414 1193 2449 ε
1224 2396 1393 2467 Super
1412 2413 1555 2469 quem
1579 2395 1819 2451 habitabo

233 2488 334 2541 nisi
359 2504 517 2557 super
536 2487 780 2540 humilem
802 2496 852 2539 et
876 2488 1119 2558 quietum,
1145 2498 1193 2542 et
1237 2496 1530 2542 trementem
1558 2505 1820 2543 sermones

233 2596 369 2633 meos
401 2581 465 2632 tt?
514 2578 610 2633 Ille
661 2588 841 2633 autem
900 2580 951 2633 in
979 2581 1143 2635 corde
1167 2581 1399 2635 contrito
1429 2581 1510 2636 sui
1539 2587 1821 2637 accusator

233 2671 516 2741 accipitur,
563 2679 619 2725 et
670 2671 878 2726 obtinet
923 2673 1130 2748 veniam
1184 2672 1250 2728 de
1301 2674 1561 2729 confessis
1585 2672 1819 2743 peccatis

234 2770 460 2830 propter
510 2762 733 2829 gratiam
789 2761 1128 2831 humilitatis,
1186 2773 1373 2820 sancto
1402 2763 1493 2819 illo
1523 2763 1812 2830 Pharisaeo,

234 2852 425 2920 quales
448 2850 615 2906 Judmi
634 2853 802 2908 sancti
830 2861 974 2921 sunt,
1005 2864 1313 2925 reportantc
1337 2857 1600 2912 sarcinam
1622 2872 1808 2926 pecca-

239 2954 424 2996 torum
453 2943 521 2998 de
544 2944 792 3011 jactantia
817 2948 1132 3003 sanctitatis.
1185 2948 1356 3020 lpsius
1394 2951 1641 3006 nimirum
1691 2958 1816 3006 sunt

237 3032 415 3087 forma
470 3032 637 3089 Judtci
683 3035 774 3100 illi,
823 3037 890 3093 de
940 3038 1132 3108 quibus
1171 3038 1455 3110 Apostolus
1483 3041 1557 3095 ait
1588 3039 1638 3110 ι’,
1669 3040 1813 3111 quod

1916 1845 2242 1915 inﬁrmitates
2268 1861 2441 1900 eorum
2472 1846 2826 1917 multiplicata:
2850 1856 2969 1901 sunt
3000 1850 3051 1902 in
3083 1849 3374 1913 interitum,
3402 1849 3492 1919 qui

1919 1938 2079 1992 vitam
2109 1947 2165 1993 et
2207 1939 2378 1994 lucem
2421 1956 2525 1993 non
2564 1949 2912 2009 receperunt,
2963 1956 3135 2010 neque
3175 1941 3273 1997 sub
3307 1943 3494 2012 pennis

1915 2029 2033 2098 ejus
2059 2045 2276 2085 manere
2305 2029 2606 2085 voluerunt.
2639 2030 2807 2098 Quos,
2846 2039 2903 2085 ut
2930 2031 3041 2102 ipse
3072 2029 3204 2087 ﬂens
3240 2032 3291 2086 in
3317 2031 3493 2087 Evan-

1916 2120 2058 2188 gelio
2076 2136 2176 2174 suo
2198 2128 2544 2190 protestatur,
2569 2135 2711 2191 stupe
2737 2122 2907 2175 voluit
2925 2136 3250 2191 congregare
3269 2123 3367 2178 sub
3387 2124 3494 2180 alas

1915 2219 2061 2277 suaS,
2091 2212 2229 2267 sicut
2254 2211 2447 2280 gallina
2478 2220 2765 2281 congregat
2799 2213 2969 2283 pullos
2997 2230 3124 2269 suos
3149 2223 3195 2282 ι,
3226 2223 3280 2269 et
3307 2215 3494 2271 nolue-

1916 2311 2060 2357 runt.
2091 2302 2452 2373 Multiplicatis
2478 2318 2608 2372 ergo
2636 2304 3033 2359 inﬁrmitatibus
3053 2320 3160 2375 quo
3181 2306 3495 2361 accelerare-

1916 2394 2071 2448 runt.’
2098 2392 2236 2449 forte
2263 2395 2316 2449 in
2342 2410 2557 2451 crucem
2589 2393 2798 2450 Domini
2842 2396 3302 2463 conclamanttam,
3332 2405 3385 2451 et
3414 2396 3492 2451 in-

1917 2486 2029 2540 vito
2057 2484 2227 2542 Pilato
2252 2485 2469 2541 nefariis
2508 2487 2730 2541 vocibus
2758 2487 3201 2556 extorquendam,
3234 2495 3293 2542 ut
3319 2486 3492 2542 adim-

1917 2578 2128 2648 plerent
2148 2593 2448 2632 mensuram
2475 2586 2684 2648 patrum
2706 2593 2924 2632 suorum
2937 2588 2985 2643 ῖς
3019 2586 3077 2633 ut
3104 2579 3188 2634 isti
3207 2578 3492 2635 Dominum

1917 2670 2299 2740 prophetarum
2328 2667 2656 2733 occiderent,
2705 2682 2931 2736 quorum
2972 2677 3150 2739 patres
3197 2669 3340 2739 ipsos
3363 2685 3491 2740 pro-

1915 2760 2105 2831 phetas
2133 2758 2537 2826 interfecerunt,
2586 2773 2617 2813 a
2661 2759 2854 2827 quibus
2902 2759 2988 2815 hic
3036 2760 3221 2814 mundi
3247 2759 3491 2817 Salvator

1916 2866 2035 2907 esse
2078 2860 2336 2906 venturus
2376 2851 2740 2906 nuntiabatur.
2782 2850 2972 2905 Postea
3013 2853 3420 2920 acceleraverunt
3445 2862 3488 2906 ι.

1917 2942 2142 2998 Veloces
2164 2942 2305 2997 enim
2335 2943 2500 3013 pedes
2528 2958 2715 2998 eorum
2755 2943 2818 2997 ad
2848 2942 3224 2998 etl‘undeudum
3269 2945 3490 3010 sangui-

1915 3050 2060 3090 nem.
2103 3033 2369 3089 Contritio
2416 3042 2471 3089 et
2517 3032 2800 3089 infelicitas
2838 3035 2890 3089 in
2937 3035 3033 3089 viis
3058 3050 3242 3090 eorum
3272 3042 3327 3090 et
3354 3037 3492 3092 viam

234 3140 391 3179 suam
414 3125 680 3196 justitiam
708 3136 940 3185 statuere
969 3132 1244 3200 cupientes
1268 3147 1387 3202 qua:
1414 3149 1480 3188 ex
1536 3133 1652 3202 lege
1707 3142 1814 3201 est,
1842 3116 1885 3177 (ἶ
1919 3126 2066 3197 pacis
2094 3140 2200 3180 non
2230 3134 2622 3194 cognoverunt,
2668 3125 2719 3179 id
2743 3133 2844 3190 est,
2881 3124 3151 3180 Christum
3196 3127 3285 3197 qui
3326 3128 3492 3181 dicit:

235 3217 450 3286 iustitiae
478 3218 575 3274 Dei
604 3235 708 3275 non
730 3229 853 3275 sunt
876 3222 1097 3291 subjecti
1119 3240 1235 3293 quae
1257 3232 1425 3279 estex
1451 3223 1569 3289 fide,
1592 3240 1710 3295 qua:
1730 3240 1817 3280 re-

236 3317 417 3378 putata
446 3318 533 3364 est
562 3312 698 3381 patri
741 3320 927 3368 nostro
957 3313 1223 3368 Abraham
1246 3315 1312 3369 ad
1338 3316 1599 3386 justitiam
1634 3319 1676 3382 ι,
1705 3331 1814 3371 ιιοιι

235 3414 298 3452 ex
323 3400 604 3468 operibus,
626 3402 749 3470 quia
779 3403 1070 3458 secundum
1098 3404 1542 3474 omnipotentiam
1572 3406 1666 3462 Dei
1690 3422 1813 3461 cre-

236 3487 365 3543 didit
388 3490 527 3555 Dco,
546 3492 684 3562 apud
707 3507 868 3563 quem
898 3494 986 3549 ille
1014 3510 1140 3549 vere
1163 3495 1339 3564 justus
1365 3505 1466 3559 est,
1494 3498 1585 3567 qui
1615 3513 1681 3553 ex
1712 3496 1815 3553 ille

239 3579 365 3633 vivit
396 3581 410 3631 ι
455 3598 468 3633 :
523 3597 625 3637 nec
670 3593 887 3639 sanctus
938 3584 990 3639 in
1023 3592 1162 3640 terra
1183 3594 1285 3653 est,
1309 3586 1400 3642 sed
1424 3587 1473 3642 in
1496 3589 1660 3656 ctelo;
1691 3590 1814 3659 quia

238 3686 339 3725 non
364 3671 440 3741 (a)
470 3670 526 3725 in
555 3687 737 3738 carne,
769 3675 865 3729 sed
912 3674 963 3729 in
993 3676 1182 3746 spiritu
1214 3677 1470 3743 ambulat,
1500 3677 1653 3748 cujus
1683 3694 1816 3735 con-

238 3764 467 3818 versatio
524 3764 578 3818 in
632 3765 783 3821 caelis
834 3776 916 3822 est
945 3765 991 3833 ι,
1018 3784 1122 3823 ηοη
1140 3769 1426 3838 gloriantis
1454 3769 1508 3824 in
1536 3771 1814 3827 circumci-

238 3851 383 3907 sione
427 3854 628 3919 carnis,
680 3852 775 3911 sed
815 3856 866 3910 in
906 3858 1310 3915 circumcisione
1338 3860 1532 3926 cordis,
1561 3876 1680 3931 quae
1706 3878 1815 3917 non

240 3941 433 4009 littera,
455 3944 553 3999 sed
582 3945 771 4014 spiritu
794 3947 968 4015 agitur
989 3948 1323 4009 invisibiliter
1350 3967 1363 4003 :
1397 3950 1539 4007 unde
1560 3951 1677 4007 laus
1696 3951 1814 4021 ejus

240 4049 342 4087 non
365 4051 431 4089 ex
461 4036 770 4092 hominibus
794 4047 877 4093 est
898 4039 940 4104 ⁸,
972 4041 1067 4096 sed
1088 4056 1155 4096 ex
1178 4042 1289 4097 Deo
1321 4041 1365 4097 ι.

304 4125 358 4179 ι.
401 4127 604 4182 Deinde
631 4129 776 4197 quod
798 4129 973 4199 jungit
996 4131 1049 4186 in
1079 4132 1268 4189 eodem
1295 4134 1560 4190 versiculo
1589 4152 1603 4188 :
1647 4133 1815 4190 Mirus

237 4218 359 4288 fecit
388 4218 677 4273 voluntates
698 4237 821 4276 suas
838 4224 974 4277 inter
996 4223 1112 4278 illos
1142 4231 1202 4291 ἠς
1233 4224 1394 4279 credo
1432 4240 1499 4280 ex
1546 4241 1612 4281 eo
1662 4227 1812 4293 dicit,

237 4309 381 4380 quod
404 4311 533 4379 ipsis
560 4312 791 4381 primum
822 4313 1093 4369 lucernam
1138 4315 1271 4383 legis
1297 4316 1564 4385 accendit,
1592 4326 1648 4373 et
1673 4334 1815 4388 prte-

238 4400 626 4469 eeptsvivendi
654 4401 818 4457 dedit.
844 4402 1009 4460 Notas
1057 4408 1219 4473 enim,
1277 4407 1467 4476 inquit,
1525 4407 1651 4463 fecit
1702 4410 1815 4464 vias

1912 3214 2029 3286 Ego
2053 3232 2169 3271 sum
2190 3217 2275 3271 via
2301 3227 2326 3253 ἰ
2344 3231 2380 3271 ·.

1986 3307 2037 3360 ti.
2071 3306 2127 3361 lu
2157 3307 2508 3378 Consequenti
2537 3307 2742 3378 psalmo
2764 3307 2889 3362 illud
2918 3308 3046 3362 mihi
3067 3312 3266 3379 exponi
3288 3308 3492 3364 deside-

1914 3412 1997 3463 ro,
2020 3398 2148 3468 quid
2163 3397 2331 3454 dicat:
2356 3397 2437 3453 De
2460 3398 2772 3453 absconditis
2792 3401 2894 3453 tuis
2912 3400 3218 3470 adimpletus
3237 3409 3312 3453 cst
3328 3411 3494 3454 venter

1917 3509 2112 3549 eorum.
2139 3493 2379 3549 Saturati
2404 3501 2522 3547 sunt
2550 3494 2783 3563 porcina,
2811 3492 2897 3546 vel
2919 3492 3079 3562 (sicut
3106 3493 3155 3545 in
3177 3491 3494 3561 quibusdam

1916 3583 2191 3640 Psalteriis
2200 3583 2454 3653 scriptum
2467 3562 2649 3654 audio)
2663 3582 2897 3638 Saturati
2912 3591 3029 3637 sunt
3050 3562 3195 3653 ﬁliis,
3212 3591 3262 3636 et
3280 3584 3493 3654 relique-

1915 3683 2053 3739 runt,
2071 3690 2186 3747 qui:
2203 3676 2581 3746 superfuerunt,
2601 3675 2826 3744 parvulis
2846 3675 2953 3729 suis
2976 3674 3075 3745 (V.
3110 3684 3221 3730 not.
3253 3672 3399 3746 212).

1989 3770 2039 3824 7.
2072 3768 2276 3825 Rursus
2319 3768 2371 3822 in
2407 3767 2514 3823 alio
2542 3768 2752 3837 psalmo
2780 3767 3033 3823 admirari
3076 3768 3257 3834 soleo,
3305 3766 3495 3823 Filium

1916 3860 1982 3915 ad
2000 3858 2214 3914 Patrem
2240 3858 2385 3927 loqui
2413 3858 2738 3928 intelligens,
2759 3859 2810 3913 in
2837 3858 3043 3928 psalmo
3057 3858 3498 3928 quinquagesimo
3531 3893 3548 3907 .

1916 3961 2131 4016 octavo,
2165 3950 2253 4005 ubi
2274 3950 2341 4005 de
2360 3948 2558 4005 Iudaeis
2586 3947 2831 4015 ininﬁcis,
2855 3949 2922 4005 de
2951 3950 3144 4019 quibus
3164 3964 3322 4017 supra
3342 3948 3493 4002 dixe-

1916 4051 2001 4096 rat
2025 4059 2037 4094 :
2062 4038 2198 4094 Ecce
2222 4042 2322 4111 ipsi
2350 4041 2619 4112 loquentur
2638 4042 2690 4094 in
2720 4058 2808 4095 ore
2826 4057 2937 4105 suo,
2960 4050 3007 4092 et
3039 4040 3239 4111 gladius
3269 4041 3321 4093 in
3344 4037 3493 4093 labiis

1916 4149 2124 4197 eorum;
2146 4133 2307 4202 paulo
2332 4130 2467 4185 infra
2496 4130 2626 4186 dicit
2651 4149 2663 4184 :
2690 4129 2773 4185 Ne
2800 4130 3048 4184 occideris
3066 4146 3171 4193 eos,
3204 4146 3267 4182 ne
3287 4131 3494 4201 quando

1917 4224 2282 4280 obliviscantur
2328 4222 2400 4293 (e)
2451 4222 2577 4295 legis
2619 4230 2737 4276 tute.
2779 4221 3030 4292 Disperge
3063 4221 3180 4276 illos
3220 4223 3272 4276 in
3312 4223 3494 4277 virtute

1919 4327 2030 4381 tua,
2059 4325 2108 4370 et
2131 4315 2334 4370 destrue
2358 4330 2467 4382 eos,
2493 4312 2732 4369 Domine.
2751 4313 2902 4380 Quod
2926 4312 2980 4368 in
3014 4313 3096 4369 his
3124 4327 3291 4382 usque
3322 4313 3374 4367 in
3396 4313 3495 4369 bo-

1917 4409 2159 4465 diernum
2184 4408 2324 4463 diem
2347 4406 2590 4463 videmus
2619 4407 2847 4477 impleri.
2892 4404 3160 4461 Destructi
3199 4414 3324 4461 sunt
3351 4406 3494 4462 enim

235 4506 362 4547 suas
389 4490 580 4563 Moysi,
613 4500 667 4547 et
696 4492 817 4548 tiliis
843 4492 1005 4550 Israel
1032 4498 1332 4552 voluntates
1359 4513 1484 4553 suas
1515 4508 1560 4552 η.
1615 4500 1815 4555 Deinde
1848 4488 1895 4547 Β
1920 4518 1949 4556 a
1976 4501 2146 4556 veteri
2175 4516 2269 4556 sua
2297 4500 2489 4569 gloria,
2539 4500 2655 4555 sine
2684 4499 2903 4569 templo,
2953 4506 3008 4553 et
3045 4498 3161 4554 sine
3197 4499 3495 4567 sacrificiis,

237 4583 409 4651 ipsum
429 4583 644 4653 pietatis
663 4599 772 4639 sua:
791 4596 1180 4642 sacramentum
1198 4589 1249 4643 in
1271 4589 1398 4659 ipsis
1408 4599 1659 4660 operatus
1669 4599 1811 4657 est",

234 4680 394 4728 natus
421 4673 473 4727 in
501 4689 665 4729 carne
692 4690 760 4730 ex
788 4676 1005 4746 Virgine
1034 4679 1174 4735 Deus
1214 4681 1266 4735 in
1296 4689 1454 4750 gente
1475 4683 1733 4752 ipsorum,
1760 4692 1816 4739 et

232 4762 303 4816 de
353 4777 514 4819 carne
567 4764 805 4835 ipsorum
854 4766 1023 4824 factus
1050 4784 1116 4825 ex
1146 4772 1350 4827 semine
1375 4771 1539 4828 David
1571 4774 1731 4830 homo
1762 4785 1808 4831 ι).

234 4851 444 4909 Deinde
462 4855 692 4911 virtutes
716 4858 1028 4926 sanitatum,
1057 4876 1191 4931 quas
1220 4863 1273 4917 in
1295 4863 1423 4932 ipsis
1449 4870 1505 4919 et
1532 4880 1715 4919 coram
1742 4866 1822 4935 ip-

227 4944 309 4997 sis
330 4944 572 5013 perfecit.
603 4946 703 5014 Qui
726 4965 822 5019 per
848 4950 964 5006 haec
994 4968 1099 5008 non
1128 4954 1290 5010 modo
1310 4957 1545 5013 creditus
1572 4973 1678 5013 non
1706 4967 1809 5026 est,

307 5057 549 5132 ιιιικηιι.
578 5077 659 5132 ιιι,
691 5060 743 5125 9;
774 5060 1000 5132 Luc.gnt.
1047 5064 1100 5119 8.
1176 5065 1200 5105 δ
1233 5066 1361 5122 Luc.
1396 5069 1631 5132 xvm,ll.

1919 4609 1984 4649 ac
2018 4594 2134 4649 sine
2178 4591 2456 4662 prophetis
2502 4592 2554 4644 in
2598 4590 2835 4645 omnium
2876 4590 3114 4658 gentium
3161 4589 3497 4659 dispersione

1920 4684 2180 4739 viventes.
2211 4680 2319 4736 Sed
2345 4679 2473 4750 quid
2502 4680 2777 4744 miramur,
2821 4679 2962 4751 quod
2986 4679 3095 4749 jam
3126 4696 3224 4751 per
3257 4678 3495 4750 Prophe-

1922 4784 2028 4830 tam
2056 4790 2155 4845 pro
2184 4773 2263 4829 eis
2306 4789 2413 4828 non
2449 4773 2756 4831 occidendis
2800 4774 3042 4842 rogabat,
3083 4790 3182 4844 pro
3220 4773 3414 4844 quibus
3440 4780 3497 4827 et

1922 4867 2022 4923 sub
2052 4867 2168 4937 ipso
2197 4874 2440 4936 tempore
2466 4864 2730 4936 passionis
2765 4863 2875 4934 jam
2906 4864 2972 4918 ad
3001 4878 3215 4929 crucem
3245 4876 3367 4917 eum
3392 4861 3493 4916 du-

1919 4958 2164 5016 centibus
2190 4956 2530 5027 precabatur,
2555 4957 2738 5011 dicens
2762 4974 2774 5008 :
2801 4954 2977 5017 Pater,
3014 4954 3221 5010 dimitte
3264 4954 3360 5015 eis.
3388 4969 3494 5007 non

1713 5081 1735 5111 ε
1769 5069 1907 5125 Psal.
1938 5086 2028 5134 ιιι,
2058 5069 2109 5123 6.
2188 5066 2212 5104 ι¹
2248 5065 2385 5121 Psal.
2436 5084 2523 5129 LII,
2562 5065 2647 5121 l9.
2725 5076 2749 5104 ο
2781 5065 2912 5121 an.
2959 5082 3104 5130 ιιι-ιιι,
3158 5064 3242 5134 i0.
3325 5061 3487 5134 ftiae».

228 5144 307 5193 tr,
330 5127 390 5205 ,ἐξ
432 5138 456 5175 8
485 5129 609 5205 εδει.
640 5146 781 5205 ιινι,
908 5130 935 5183 ¹ιν
965 5127 1120 5205 Rom.
1153 5153 1208 5205 κ,
1235 5138 1286 5191 3.
1334 5138 1347 5176 ί
1388 5127 1540 5194 Rom.
1572 5140 1708 5204 n32.
1788 5141 1802 5191 i

1923 5155 1994 5194 ιιι.
2017 5127 2064 5201 ἰ,
2098 5139 2183 5191 t7.
2264 5137 2283 5173 κ
2319 5127 2721 5205 Philip.'m,ao.
2804 5134 3003 5189 'Rom.
3038 5127 3229 5205 n,28._
3280 5141 3319 5205 υτ
3350 5130 3488 5186 Psal.

227 5213 326 5275 sv,
484 5201 511 5279 ιξ
540 5197 799 5279 PaL-cu,
828 5200 900 5279 7,-
940 5212 980 5279 ὀ
1011 5197 1205 5261 ιΤίιη,’
1242 5224 1315 5279 μμ
1344 5208 1429 5279 1-6,
1504 5220 1530 5260 p
1579 5197 1768 5264 Μξιιιιι,
1800 5226 1839 5279 ι,
1868 5210 1920 5264 1,
1997 5220 2023 5259 (ι
2052 5197 2243 5263 Johan.
2277 5224 2352 5279 t3,
2399 5197 2803 5279 llizﬂf'uatlh.
2849 5197 3086 5279 xut‘li.’
3150 5215 3171 5240 ι
3207 5202 3342 5256 Psal.
3399 5218 3490 5279 ξγ,

226 5270 341 5346 eo“
371 5270 392 5346 ‘A
417 5267 533 5346 ᾼεῑο
563 5284 620 5332 ιι,
653 5267 791 5346 ἵης
820 5281 843 5307 ⁸³
872 5270 1064 5346 Iollan.
1092 5292 1203 5344 vut,
1232 5267 1314 5330 12.
1358 5276 1551 5334 Johan.
1583 5295 1691 5346 xw,
1717 5281 1769 5334 6.
1825 5267 1871 5318 ’τ
1897 5279 2125 5335 Malach.
2179 5295 2249 5341 tv,
2306 5267 2358 5330 εἱ.

2441 5288 2460 5313 ι
2494 5277 2679 5333 Matth.
2737 5293 2884 5341 uin,
2944 5276 3175 5339 3;Luc.
3231 5288 3342 5338 sui,
3398 5270 3487 5326 δι.

225 5347 247 5383 ι
283 5334 479 5391 Matth.
522 5354 671 5405 mu,
717 5339 804 5394 52.
882 5353 903 5379 ι
935 5342 1069 5399 Psal.
1116 5334 1228 5409 xui,
1278 5349 1331 5402 ὅ.
1408 5358 1463 5386 η
1493 5334 1690 5404 Ιοιιιιιιί
1727 5365 1834 5415 xiv,
1864 5349 1918 5404 6.

305 5467 387 5551 (gi
414 5466 491 5524 Ita
520 5488 648 5528 mss.
681 5473 788 5551 dng
816 5474 928 5545 Big.
958 5476 1047 5532 Sic
1072 5493 1288 5551 quoque
1301 5478 1551 5536 Paulinus
1569 5481 1725 5551 epist.
1751 5482 1804 5547 5,

219 5540 295 5595 ad
333 5537 607 5618 ξρῖςιιιιιιι,
641 5562 697 5618 n_.
723 5545 809 5618 i7,
839 5537 960 5618 cum
991 5537 1371 5618 praepositione
1395 5552 1470 5607 in.

304 5606 387 5685 (lt)
408 5607 760 5685 blanuscripti
780 5606 888 5671 duo
915 5606 1052 5685 sui,
1078 5606 1325 5674 curasset.

217 5678 496 5819 [£32310
519 5699 648 5740 mss.
675 5678 783 5743 duo
810 5686 922 5753 Dig.
955 5678 1011 5744 et
1035 5678 1167 5745 edit.
1189 5689 1388 5746 Bened.
1433 5690 1598 5758 Alias,
1628 5692 1810 5746 cnci-

248 5777 266 5806 ι
469 5789 485 5805 .

248 5777 364 5806 ιλιι
377 5777 485 5805 ιιιιι.

1987 5482 2065 5553 (d)
2097 5481 2171 5535 lta
2192 5482 2319 5537 edit.
2353 5481 2554 5538 Bened.
2584 5498 2723 5538 cum.
2755 5496 2881 5557 mss.
2914 5481 2949 5537 2
2976 5482 3089 5552 Big.
3114 5481 3236 5546 Alii,
3272 5499 3488 5559 concur-

1916 5561 2317 5695 ffz‘ggiccum
2346 5621 2615 5695 Psalteriis
2632 5622 2810 5695 veteri
2827 5631 2881 5676 et
2911 5622 3063 5678 Rom.
3091 5625 3416 5695 Augustinus
3436 5638 3491 5686 et

1917 5690 2150 5748 Hilarius
2170 5691 2325 5762 juxta
2358 5691 2624 5760 Gnaeum,
2647 5700 2734 5749 τοῦ
2765 5693 2912 5762 νόμιον
2940 5716 3054 5749 σου.
3177 5690 3198 5695 ’
3370 5708 3380 5721 ⁸
