4008 6346
502 284 599 338 «ill

1604 273 1672 332 ’5.
1716 272 1990 330 PAULINI
2027 266 2277 327 NOLANI
2313 263 2625 325 EPlSCOPl

3663 261 3779 320 tl?

505 396 648 452 enim
696 396 874 451 sciunt
919 393 1054 465 quid
1087 392 1285 460 faciunt
1327 400 1372 446 ³.
1417 390 1613 445 Verum
1653 388 1796 459 quod
1842 385 2076 457 adjecit:
2112 391 2162 448 Α
2187 381 2374 436 ordine
2401 388 2702 449 temporum
2729 387 2852 432 ante
2888 378 3162 448 apostolos
3189 377 3407 434 fuerunt
3441 397 3454 433 :
3485 377 3587 435 sed
3627 378 3765 445 illos,

507 484 563 540 Ν
565 504 594 540 e
612 502 838 558 unquam
853 482 1215 540 obliviscantur
1233 482 1357 555 legis
1382 493 1480 536 tua:
1503 480 1550 546 ι’,
1577 488 1846 549 tamquam
1868 484 2087 548 propter

510 575 614 630 hoc
641 574 941 629 necessaria
972 580 1114 627 esset
1154 572 1315 626 etiam
1361 570 1489 625 sine
1520 569 1623 623 tide
1660 566 1933 636 Evangelii
1978 566 2099 631 vita,

512 666 673 735 290
697 678 905 725 eorum,
930 663 1214 737 obscurum
1245 661 1375 716 mihi
1418 659 1611 716 fateor.
1661 658 1797 725 Quid
1828 657 1970 737 enim
2007 656 2090 709 his

513 666 673 735 290
697 678 905 725 eorum,
930 678 963 717 o
1030 677 1214 717 curum
1245 663 1375 716 mihi
1418 663 1611 716 fateor.
1661 663 1797 725 Quid
1828 663 1970 737 enim
2008 663 2090 709 his

513 756 581 809 ad
610 755 855 820 salutem,
884 663 1139 843 φιλοίη
1170 751 1278 806 (ide
1307 751 1582 821 quaeritur,
1629 748 1852 818 prodest
1878 747 1931 800 in
1960 743 2092 812 legis

514 846 772 901 memoria
801 853 857 899 et
906 837 1256 899 meditatione
1319 837 1537 904 versari;
1571 839 1672 894 nisi
1710 838 1847 894 forte
1875 844 2094 915 propter

514 939 775 994 honorem
824 937 958 1006 legis
1002 936 1198 1006 ipsius,
1240 934 1323 990 vel
1369 934 1580 1003 generis
1616 931 1889 987 Abraham
1931 940 1985 996 c;
2035 935 2096 982 ut

514 1030 676 1085 etiam
707 1029 758 1083 in
786 1036 940 1100 parte
988 1036 1199 1083 terrena
1246 1026 1477 1082 carnalis
1524 1024 1743 1102 seminis
1792 1022 1928 1091 ejus,
1976 1035 2097 1092 qua:

515 1121 728 1177 videtur
772 1119 1067 1174 secundum
1109 1102 1329 1173 arenam
1372 1116 1537 1172 maris
1581 1114 1919 1185 computari,
1965 1110 2099 1180 legis

518 1212 750 1281 antiquze
779 1210 957 1265 littera
986 1210 1007 1242 ⁵
1048 1216 1392 1280 perseveret;
1425 1208 1501 1279 (a)
1527 1221 1595 1261 ne
1642 1204 1781 1260 forte
1826 1202 1990 1273 aliqui
2021 1202 2101 1256 le-

517 1303 693 1372 gendo
716 1303 888 1371 legem
917 1303 1285 1358 illuminentur
1309 1302 1377 1357 ad
1417 1300 1574 1356 fidem
1599 1299 1818 1365 Christi,
1868 1298 1960 1369 qui
1996 1297 2017 1328 ⁸
2045 1305 2102 1351 et

517 1394 651 1463 legis
678 1401 733 1449 et
761 1394 1142 1464 prophetarum
1175 1392 1292 1448 linis
1320 1402 1402 1467 est
1417 1392 1464 1460 δ,
1484 1401 1540 1449 et
1566 1393 1619 1448 in
1647 1392 1898 1447 omnibus
1911 1405 2102 1446 eorum

516 1484 666 1541 libris
694 1483 1059 1554 praetiguratus
1095 1499 1159 1539 ac
1197 1485 1550 1554 prophetatus
1593 1482 1791 1537 elucet.
1819 1480 1926 1534 Aut
1973 1479 2104 1548 quia

518 1592 584 1631 ex
613 1576 743 1646 ipsis
788 1576 965 1646 impiis
994 1591 1180 1631 eorum
1217 1577 1494 1646 generatio
1530 1582 1758 1631 ventura
1787 1582 1872 1629 est
1896 1573 2102 1628 electo-

518 1682 656 1732 rum,
688 1666 782 1737 qui
807 1665 875 1721 de
902 1667 1123 1735 singulis
1147 1667 1389 1722 tribubus
1414 1666 1590 1730 electi,
1618 1665 1671 1719 in
1700 1663 1963 1718 duodenis
1984 1662 2105 1715 mil-

2190 472 2382 540 quibus
2403 469 2514 539 jam
2542 470 2641 525 sub
2669 468 2924 539 apostolis
2952 484 3049 540 per
3087 470 3313 538 gratiam
3348 469 3654 525 donabatur
3680 480 3773 525 aut

2191 562 2564 626 interpretatio
2612 560 3041 631 Scripturarum,
3076 569 3132 616 et
3171 562 3437 632 inspectio
3483 561 3768 625 mentium,

2193 660 2285 707 aut
2311 652 2583 725 priedictio
2605 653 2860 723 temporis
2884 654 3150 720 secuturi;
3182 662 3241 709 ut
3260 653 3474 724 Agabus
3495 655 3770 718 cernebat,

2192 744 2285 814 qui
2314 752 2369 798 et
2392 743 2587 798 famem
2630 744 2916 799 instantem
2958 745 3234 816 priedixit,
3282 754 3339 801 et
3364 760 3487 816 quae
3525 749 3546 780 ’
3586 745 3776 800 beatus

2196 833 2392 890 Paulus
2419 835 2470 889 in
2501 833 2888 906 llierosolymis
2913 851 3168 905 passurus
3192 845 3355 894 esset.
3402 846 3459 891 et
3484 836 3656 892 verbo
3684 836 3776 890 de-

2196 927 2478 989 nuntiavit,
2507 934 2562 982 et
2588 927 2741 995 signo
2763 943 2912 982 zonae
2942 927 3058 998 ejus
3080 928 3315 983 ostendit
3340 926 3388 983 ¹.
3419 929 3567 985 Inter
3592 937 3777 999 pasto-
3816 984 3820 988 .

2200 1035 2287 1074 res
2316 1019 2619 1090 specialiter
2642 1026 2699 1073 et
2724 1018 2977 1083 doctores
3013 1017 3144 1089 quid
3188 1021 3417 1087 intersit,
3463 1021 3779 1090 dignoscere

2198 1113 2341 1178 volo,
2381 1112 2505 1181 quia
2534 1112 2833 1182 prmpositis
2858 1109 3114 1168 Ecclesia:
3141 1104 3429 1181 utrumque
3451 1127 3651 1167 nomen
3683 1112 3780 1166 ad-

2197 1203 2360 1258 scribi
2389 1203 2549 1257 solet.
3286 1190 3295 1198 ’

2272 1296 2356 1350 l0.
2399 1295 2531 1350 ltem
2557 1294 2701 1364 quod
2738 1294 2814 1349 ait
2842 1293 2909 1348 ad
2949 1293 3327 1360 Timotheum,
3365 1292 3593 1349 Obsecro
3627 1295 3799 1365 igitur“

2199 1389 2421 1459 primum
2445 1388 2669 1441 omnium
2692 1387 2806 1456 fieri
2826 1384 3221 1453 obsecrationes,
3246 1389 3527 1453 orationes,
3551 1388 3785 1457 postula-

2203 1481 2384 1544 tiones,
2428 1479 2717 1550 gratiarum
2759 1478 2992 1532 actiones
3035 1495 3130 1549 pro
3179 1477 3413 1533 omnibus
3459 1478 3781 1545 hominibus;

2202 1582 2383 1639 ([03:50
2413 1582 2651 1637 exponas
2680 1566 2841 1633 mihi,
2879 1566 3023 1635 quod
3051 1566 3337 1623 discrimen
3381 1567 3452 1621 sit
3493 1566 3547 1621 in
3574 1567 3682 1622 hac
3708 1567 3800 1623 ἀίω

2206 1658 2459 1713 versitate
2488 1657 2805 1723 verborum,
2844 1673 2965 1712 cum
2994 1658 3174 1712 omnia
3212 1657 3361 1722 mihi,
3406 1671 3528 1726 quae
3549 1656 3788 1727 gerenda

518 1757 656 1813 libus
683 1757 1028 1826 designantur
1056 1760 1074 1789 ⁷
1095 1796 1109 1821 ,
1158 1758 1351 1828 quibus
1385 1758 1499 1827 ipsa
1536 1755 1794 1828 revelatio
1831 1754 1971 1813 beati
2009 1752 2101 1808 Jo-
2131 1752 2177 1812 B
2203 1749 2355 1815 dixit,
2382 1748 2643 1804 orationis
2672 1746 2858 1802 ofﬁcio
2886 1747 3176 1803 convenire
3204 1747 3507 1802 videantur.

518 1847 713 1903 hannis
741 1856 765 1884 ε
788 1862 856 1901 ex
883 1860 1018 1902 voce
1060 1848 1233 1916 angeli
1278 1846 1688 1918 praenuntiantis
1723 1847 1828 1902 hoc
1856 1845 2101 1901 testimo-

519 1939 666 1993 nium
688 1939 955 2009 perhibet,
974 1940 1099 2008 quia
1115 1940 1391 1995 comitatui
1410 1938 1572 2008 Regis
1585 1938 1773 1993 teterni
1789 1937 2103 1993 familiarius

521 2030 871 2086 adhzerebunt
897 2031 1108 2100 penitus
1138 2030 1483 2102 immaculati,
1515 2038 1569 2084 et
1601 2030 1851 2083 humanae
1878 2028 2105 2097 conjun-

520 2121 716 2177 ctionis
740 2123 1022 2191 expertes?
1066 2120 1141 2176 De
1169 2121 1360 2191 quibus
1389 2121 1694 2191 Specialiter
1721 2121 1797 2175 ait
1821 2138 1833 2173 :
1858 2121 2109 2188 Sequun~

521 2221 610 2268 tur
630 2216 651 2243 “
688 2213 898 2281 Agnum
926 2227 1266 2281 quocumque
1296 2211 1437 2280 ierit,
1488 2212 1611 2281 quia
1640 2226 1762 2266 cum
1791 2211 2104 2266 mulieribus

516 2318 716 2359 senon
742 2304 1250 2373 coinquinaverunt,
1280 2303 1510 2371 virgines
1536 2303 1679 2357 enim
1709 2310 1835 2356 sunt
1869 2299 1915 2355 ί.
1979 2369 1983 2372 ν

593 2395 647 2450 8.
681 2394 738 2450 ln
777 2396 1113 2464 sexagesimo
1153 2394 1382 2469 septimo
1426 2401 1622 2464 przeter
1668 2392 1772 2446 alia
1815 2390 1944 2455 illud
1973 2390 2101 2444 mihi

522 2486 958 2544 obscurissimum
987 2494 1090 2549 est,
1135 2485 1282 2554 quod
1309 2485 1385 2539 ait
1422 2502 1435 2537 :
1477 2483 1839 2538 Verumtamen
1866 2482 2006 2536 Deus
2030 2481 2102 2552 (b)

521 2578 882 2650 conquassabit
916 2578 1089 2648 capita
1115 2576 1442 2630 inimicorum
1481 2592 1713 2651 suorum,
1750 2574 1984 2628 verticem
2013 2590 2105 2626 ca-

521 2670 633 2742 pilli
656 2668 1120 2742 perambulantium
1148 2670 1202 2721 in
1232 2667 1430 2722 delictis
1460 2668 1567 2722 suis
1595 2684 1613 2721 :
1645 2665 1775 2737 quid
1803 2666 1890 2731 sit,
1934 2665 2105 2719 Verti-

521 2777 629 2816 cem
650 2762 826 2831 capilli
849 2761 921 2833 (c)
938 2759 1295 2832 perambulare
1316 2760 1371 2813 in
1396 2760 1615 2814 delictis.
1643 2758 1760 2814 Non
1784 2759 1927 2813 enim
1948 2757 2106 2826 dixit,

522 2851 793 2908 \lerticem
814 2851 1037 2923 capitis;
1067 2850 1183 2920 sed,
1204 2850 1458 2906 Verticem
1485 2851 1686 2922 capilli,
1702 2851 1793 2920 qui
1809 2851 1926 2907 sine
1945 2866 2108 2907 sensu

523 2952 636 2998 est.
658 2943 739 2997 An
773 2943 1039 3013 repletum
1079 2943 1315 3013 peccatis
1340 2943 1612 3015 hominem
1641 2943 1756 2998 vult
1784 2942 2108 2998 ostendere?

523 3033 791 3105 Scriptum
831 3042 950 3088 est:
988 3033 1160 3087 Omne
1199 3047 1295 3087 cor
1338 3033 1392 3087 in
1414 3033 1601 3088 dolore
1624 3049 1655 3086 a
1687 3032 1911 3103 pedibus
1938 3047 2106 3105 usque

2276 1841 2361 1895 ll.
2392 1841 2527 1896 Item
2552 1838 2701 1910 quod
2727 1838 2793 1897 ad
2820 1838 3093 1895 Romanos
3119 1839 3212 1906 ait,
3264 1840 3541 1908 interrogo
3569 1846 3630 1894 et
3659 1853 3801 1908 rogo

2202 1940 2262 1988 ut
2287 1932 2553 1988 edisseras
2580 1930 2729 1985 mihi.
2777 1929 3000 2005 Multum
3027 1931 3168 1985 enim
3198 1931 3451 1986 cmcutire
3490 1946 3579 1986 me
3611 1930 3784 1986 fateor

2204 2023 2258 2077 in
2286 2024 2387 2078 hac
2413 2022 2654 2093 Apostoli
2677 2021 2947 2077 sententia
2982 2021 3051 2077 de
3091 2021 3316 2088 J-udmis,
3354 2020 3498 2090 quod
3538 2021 3616 2076 ait
3651 2039 3664 2073 :
3696 2020 3788 2076 Sc-

2204 2114 2429 2168 cundum
2448 2112 2785 2185 Evangelium
2816 2113 3037 2184 quidem,
3065 2113 3261 2167 inimici
3306 2121 3516 2183 prapter
3544 2127 3675 2176 vos;
3712 2128 3791 2165 se-
3852 2136 3861 2145 -

2204 2207 2426 2261 cundum
2445 2206 2741 2260 electionem
2767 2214 2961 2269 autem,
2997 2204 3255 2259 carissimi
3286 2213 3495 2274 propter
3520 2212 3697 2274 patres
3719 2213 3754 2239 ω
3774 2221 3800 2256 :.

2204 2298 2478 2370 quomodo
2504 2307 2559 2355 et
2587 2298 2747 2354 iidem
2778 2299 2820 2331 ¹⁰
2842 2298 3044 2354 inimici
3087 2304 3309 2369 propter
3347 2313 3465 2362 nos,
3498 2297 3593 2367 qui
3622 2296 3799 2353 credi-

2205 2390 2380 2445 dimus
2409 2406 2475 2444 ex
2503 2388 2781 2458 gentibus,
2826 2397 3097 2458 tamquam
3135 2404 3244 2445 non
3286 2388 3563 2460 potuerint
3606 2395 3796 2458 gentes

2204 2480 2449 2548 credere,
2480 2482 2580 2537 nisi
2607 2479 2779 2536 Judaei
2808 2497 2917 2536 non
2945 2480 3332 2536 credidissent?
3371 2481 3477 2535 Aut
3516 2481 3637 2552 ipse
3657 2496 3809 2537 unus

2206 2571 2444 2627 omnium
2495 2578 2709 2639 creator
2738 2571 2898 2637 Deus,
2944 2571 3036 2639 qui
3084 2586 3276 2626 omnes
3317 2571 3563 2626 homines
3613 2571 3805 2628 salvos.

2207 2661 2322 2717 ﬁeri
2347 2662 2478 2726 vult,
2507 2669 2563 2715 et
2588 2660 2654 2715 ad
2682 2662 3008 2731 agnitionem
3039 2662 3279 2716 veritatis
3311 2663 3496 2718 venire
3522 2671 3571 2727 ιι,
3620 2678 3801 2733 capax.

2206 2768 2312 2807 non
2344 2753 2503 2808 luerit
2553 2755 2591 2785 ¹¹
2644 2753 3013 2822 acquisitionis
3056 2753 3366 2822 utriusque,
3411 2754 3515 2809 nisi
3560 2753 3793 2809 alterum

2206 2859 2306 2915 pro
2334 2844 2504 2898 altero
2536 2843 2872 2914 possideret?
2928 2842 3130 2921 Deinde
3159 2843 3237 2914 (ά)
3281 2845 3538 2899 carissimi
3568 2846 3613 2877 "
3657 2861 3788 2914 pro-

2207 2946 2321 3008 pter
2359 2946 2532 3008 patres
2554 2953 2572 2990 :
2615 2935 2908 3006 quomodo,
2956 2942 3050 2990 aut
3086 2933 3230 3007 unde
3256 2975 3273 3005 ,
3318 2936 3364 2991 si
3391 2935 3657 2991 carissimi
3683 2951 3808 2992 nom

2208 3030 2451 3094 credant,
2471 3035 2525 3084 et
2543 3028 2743 3083 inimici
2759 3027 2870 3084 Deo
2886 3041 3007 3083 esse
3025 3027 3353 3098 persistant?
3371 3027 3585 3097 Nonne,
3597 3028 3808 3100 inquit.

524 3126 591 3180 ad
610 3096 789 3196 caput.
811 3123 877 3180 Et
896 3126 1056 3195 paulo
1083 3122 1217 3179 infra
1246 3124 1393 3194 quod
1424 3125 1500 3178 ait
1523 3143 1535 3178 :
1561 3096 1767 3196 Lingua
1789 3096 2176 3184 cattumituo-‘C
2207 3122 2300 3191 qui
2330 3120 2558 3176 oderant
2588 3129 2640 3175 te
2670 3119 2834 3188 Deus,
2858 3096 3077 3174 Oderat“
3105 3117 3249 3185 illos.
3276 3127 3333 3174 el
3361 3135 3524 3190 super
3549 3096 3798 3176 inimicos

525 3233 641 3271 rum
667 3232 730 3269 ex
761 3216 986 3270 inimicis
1026 3215 1089 3268 ab
1113 3216 1223 3285 ipso
1256 3219 1302 3269 ε.
1340 3214 1385 3268 Α
1409 3217 1692 3287 quoipso?
1737 3216 1806 3271 Et
1848 3218 2107 3287 numquid

526 3321 686 3360 canes
712 3304 806 3359 Dei
834 3305 940 3360 dici
970 3313 1193 3376 possunt
1211 3305 1458 3374 gentiles,
1499 3321 1639 3376 quos
1683 3306 1799 3375 ipse
1842 3307 1896 3361 in
1931 3306 2108 3362 Evan-

526 3396 665 3465 gelio
694 3393 722 3435 ιι
750 3411 913 3452 canes
940 3394 1222 3450 nominat?
1245 3395 1351 3450 Aut
1381 3411 1448 3451 ne
1469 3395 1612 3451 forte
1652 3396 1798 3467 ipsos
1822 3412 1984 3452 canes
2012 3396 2108 3452 Dei

526 3488 686 3553 dicat,
718 3485 908 3557 quales
934 3486 1230 3541 existimari
1262 3494 1513 3556 possunt,
1565 3487 1612 3540 si
1658 3488 1749 3556 qui
1794 3488 1850 3542 in
1891 3488 2109 3542 nomine

527 3577 831 3632 Christiano
859 3577 1130 3646 gentiliter
1178 3566 1379 3641 vivant,
1428 3593 1656 3648 quorum
1684 3593 1811 3649 pars
1839 3594 1961 3634 cum
1990 3578 2119 3649 inti:

528 3668 734 3725 delihus
761 3669 980 3739 ponitur
1016 3668 1063 3737 ι,
1102 3669 1227 3739 quia
1267 3669 1457 3733 Deum,
1507 3684 1668 3740 quem
1698 3669 1877 3727 verbis
1903 3671 2105 3735 colunt,

529 3758 683 3815 factis
706 3767 904 3828 negant
928 3760 941 3810 i
966 3760 990 3815 ἲ

597 3847 779 3904 ϐινυσι·
808 3849 874 3905 Il.
896 3847 1215 3914 Quwstiones
1235 3867 1299 3905 ex
1321 3851 1719 3923 Apostolo.--9.
1743 3828 1869 3909 Haec
1895 3854 2127 3927 interim,

501 3923 596 3998 'de
619 3932 873 4008 Psalmis;
905 3958 1049 3998 nunc
1072 3952 1127 3998 et
1155 3943 1220 3998 de
1244 3944 1503 4015 Apostolo
1523 3946 1897 4017 quodcumque
1920 3962 2113 4018 pr0po-

529 4050 675 4088 nam.
708 4032 846 4089 Dicit
865 4033 933 4089 ad
955 4033 1234 4105 Ephesios,
1267 4036 1410 4105 quod
1436 4036 1490 4091 in
1512 4037 1614 4090 alia
1638 4035 1873 4109 Epistula
1902 4036 2113 4092 dixerat

528 4126 596 4182 de
624 4126 876 4194 gradibus
920 4126 1006 4180 vel
1051 4126 1331 4182 ordinibus
1358 4128 1771 4199 dispositionum
1815 4129 1934 4195 Dei,
1980 4145 2112 4200 ope-

529 4228 684 4276 rante
712 4219 914 4290 Spiritu
958 4228 1150 4274 sancto
1193 4220 1483 4276 divisiones
1507 4221 1801 4291 gratiarum
1828 4221 2110 4294 :thuos—

530 4309 650 4362 dam
674 4311 875 4380 quidem
913 4309 1051 4363 dedit
1086 4311 1377 4381 apostolos,
1418 4312 1667 4385 quosdam
1687 4322 1859 4369 autem
1885 4316 2110 4387 prop/te-

531 4409 632 4467 tas,
661 4402 793 4456 alios
831 4418 945 4455 vero
976 4403 1316 4473 evangelistas
1339 4444 1355 4470 ,
1405 4405 1535 4459 alios
1575 4416 1747 4459 autem
1784 4415 2021 4477 pastores
2061 4416 2111 4463 et

2209 3222 2332 3269 tuos
2353 3213 2728 3268 tabescebam?
2757 3206 3003 3267 Perfecto
3031 3210 3154 3266 odio
3176 3210 3394 3266 oderam
3419 3212 3540 3266 illos
3560 3220 3612 3266 ο.
3635 3210 3810 3268 Certe

2210 3305 2312 3359 hoc
2330 3312 2458 3375 puto
2474 3312 2698 3374 patcrna
2711 3318 2815 3358 vox
2831 3302 3067 3371 loquitur
3082 3301 3149 3356 ad
3160 3301 3350 3357 Filium
3365 3316 3464 3372 per
3476 3302 3812 3373 prOphetam.

2211 3386 2483 3452 in‘eodem
2511 3396 2734 3466 psalmo,
2766 3394 2857 3449 ubi
2885 3408 3047 3464 supra
3073 3392 3144 3449 de
3170 3404 3324 3464 parte
3351 3392 3688 3449 credentium
3710 3393 3796 3449 di-

2208 3494 2370 3542 serat
2402 3505 2414 3540 :
2441 3485 2565 3540 Mihi
2603 3495 2784 3541 autem
2815 3486 2972 3540 nimis
2998 3483 3340 3541 honorilicati
3367 3493 3494 3541 sunt
3530 3486 3693 3541 amici
3722 3488 3800 3544 tui

2211 3575 2371 3642 Deus,
2400 3577 2557 3631 nimis
2577 3575 2914 3632 confortatus
2931 3566 3015 3631 es't
3030 3576 3363 3646 principatus
3377 3590 3567 3630 eorum
3586 3586 3635 3631 P.
3657 3575 3799 3643 Quid

2212 3678 2390 3724 autem
2419 3668 2522 3724 illis
2548 3668 2769 3739 prodest
2813 3666 2884 3722 ad
2927 3667 3176 3733 salutem,
3224 3682 3345 3737 qua:
3389 3682 3498 3722 non
3546 3667 3655 3721 nisi
3705 3681 3802 3738 per

2214 3759 2373 3815 tidem
2402 3768 2457 3814 et
2502 3759 2730 3829 gratiam
2770 3757 2969 3820 Christi
3011 3758 3242 3828 capitur,
3291 3758 3336 3813 si
3384 3766 3609 3827 propter
3638 3754 3800 3814 ﬁdem

2212 3858 2424 3922 patrum
2450 3848 2711 3905 carissimi
2743 3848 2823 3921 (d)
2851 3847 2962 3903 Deo
2991 3848 3141 3902 sint?
3189 3847 3275 3904 cui
3312 3848 3457 3904 bono
3482 3847 3805 3916 diliguntur,

2212 3962 2349 4018 quos
2377 3959 2597 4001 necesse
2625 3950 2707 3999 est
2735 3951 2959 4014 propter
2985 3942 3089 3998 hoc
3116 3941 3381 4009 damnari,
3405 3940 3549 4012 quod
3577 3951 3803 4013 propter

2212 4053 2365 4093 suam
2410 4035 2779 4090 infidelitatem
2820 4050 2851 4088 a
2879 4033 3261 4104 prophetarum
3297 4041 3353 4088 et
3372 4032 3813 4103 patriarcharum,

2212 4136 2499 4201 parentum
2539 4124 2642 4181 fide
2677 4125 3070 4201 discrepantes,
3112 4123 3317 4178 inimici
3359 4130 3486 4179 sunt
3507 4120 3802 4192 Evangelia

2212 4221 2450 4278 Christi?
2494 4218 2551 4274 Si
2577 4232 2707 4287 ergo
2735 4216 2995 4273 carissimi
3026 4214 3158 4282 Deo,
3202 4213 3476 4284 quomodo
3503 4214 3802 4284 peribunt?

2214 4322 2270 4370 et
2297 4314 2342 4369 si
2370 4329 2477 4368 non
2507 4310 2753 4375 credunt,
2781 4305 3051 4379 quomodo
3077 4322 3186 4362 non
3233 4305 3522 4376 peribunt?
3564 4305 3625 4361 Si
3674 4321 3803 4378 pro-

2214 4416 2334 4477 pter
2361 4411 2543 4474 patres
2580 4402 2696 4457 sine
2721 4416 2819 4455 suo
2850 4398 3043 4454 merito
3088 4396 3401 4466 diliguntur,
3447 4397 3728 4465 quomodo
3747 4404 3810 4454 et

532 4490 763 4543 doctores
792 4490 863 4543 ad
884 4493 1379 4547 consummationem
1407 4503 1700 4549 sanctorum
1726 4494 1777 4563 ιε,
1805 4503 1861 4550 et
1886 4496 2111 4565 reliqua.
2143 4496 2193 4557 Ι)
2218 4506 2439 4569 pmpter
2462 4502 2645 4567 patres
2674 4493 2831 4565 292
2863 4507 2969 4546 non
3000 4489 3375 4545 salvabnntur?
3411 4488 3522 4555 sed,
3554 4490 3663 4544 etsi
3689 4488 3803 4544 fue-

534 4579 649 4634 lloc
665 4589 791 4650 Opto
812 4580 1105 4651 distinguas
1130 4583 1260 4636 mihi
1284 4584 1334 4637 in
1362 4584 1463 4640 hac
1483 4584 1793 4641 diversitate
1814 4587 2108 4657 nominum,

533 4680 653 4741 Quae
681 4672 749 4726 sit
775 4672 966 4741 cuique
995 4673 1200 4727 nomini
1229 4672 1527 4730 ofliciorum
1559 4676 1643 4731 vel
1669 4676 1963 4746 gratiarum
1986 4693 2113 4747 pro-

535 4763 756 4834 prietas.
787 4762 922 4829 Quid
951 4764 1227 4835 proprium
1268 4765 1338 4851 sit
1385 4767 1773 4835 apostolorum,
1822 4766 1951 4837 quid
1986 4783 2114 4839 pro-

535 4861 845 4933 phetarum,
903 4859 1032 4932 quid
1085 4861 1531 4929 evangelistarum
1557 4903 1572 4929 ,
1632 4863 1761 4933 quid
1814 4871 2110 4934 pastorum,

535 4955 732 5027 quidve
757 4955 1042 5011 doctorum
1066 4972 1078 5007 :
1110 4955 1165 5010 in
1189 4956 1438 5012 omnibus
1464 4958 1605 5012 enim
1645 4957 1729 5013 his
1757 4958 1981 5014 diversis
2008 4975 2110 5014 no-

536 5047 768 5105 minibus
796 5047 952 5119 291
1003 5047 1176 5102 simile
1215 5055 1271 5102 et
1300 5064 1467 5119 prope
1510 5066 1672 5104 unum
1713 5051 1971 5106 doctrinae
1993 5053 2114 5106 olli~

536 5139 679 5196 cium
716 5138 874 5194 video
900 5136 1062 5194 fuisse
1089 5147 1396 5195 tractatum.
1440 5139 1550 5195 llos
1578 5134 1779 5197 autem'
1801 5144 2112 5213 prophetas,

534 5245 672 5300 quos
696 5237 821 5300 post
840 5227 1131 5299 Apostolus
1157 5230 1353 5299 posuit,
1386 5246 1493 5284 non
1534 5239 1665 5300 puto
1694 5232 1814 5288 illos
1841 5247 1981 5300 esse,
2025 5235 2117 5304 qui

609 5352 634 5380 η
665 5342 795 5398 Luc.
828 5358 977 5403 χχιιι,
1006 5342 1094 5400 δι.

538 5421 563 5459 ε
590 5412 729 5467 Psal.
764 5429 925 5477 vau,
954 5412 1043 5467 Ἃ.

545 5480 700 5538 'Act.
722 5484 936 5549 “1,”.
997 5495 1033 5520 ης
1054 5483 1211 5538 Rom.
1245 5500 1318 5551 xx,
1339 5482 1429 5538 28.
1505 5483 1567 5537 "l
1590 5483 1727 5539 Tim.
1760 5501 1814 5549 ιι,
1847 5484 1901 5539 4.

609 5572 714 5645 (αλ
734 5573 829 5645 ita,
863 5588 983 5628 cum
1006 5573 1165 5629 editis
1191 5572 1354 5628 Grav.
1381 5581 1438 5629 et
1464 5572 1663 5628 Bened.
1688 5589 1814 5629 mss.
1846 5574 1953 5630 duo
1982 5575 2094 5645 Big.

544 5640 610 5696 At
623 5640 762 5714 edit.
804 5644 965 5714 Rosv.
977 5684 991 5707 ,
1020 5662 1083 5698 ac
1105 5647 1254 5714 forte.
1678 5657 1696 5666 '

612 5709 689 5781 (ὁ)
710 5710 855 5768 Edit.
881 5712 1081 5773 Bened.
1105 5709 1187 5773 'et
1211 5716 1398 5785 Gram,
1430 5713 1806 5786 conquassarit,
1837 5714 2111 5775 mendose.

540 5777 743 5852 amice,
772 5786 1049 5843 συνθλάσει.

1156 5389 1160 5394 .
1196 5341 1223 5380 ιι
1253 5341 1393 5397 Psal.
1429 5358 1571 5405 LVIII,
1602 5342 1688 5399 12.
1767 5357 1788 5385 θ
1813 5344 1948 5401 Gen.
1982 5362 2113 5409 χχιι,
2146 5345 2233 5400 17.
2310 5342 2334 5382 ά
2367 5343 2526 5398 Rom.
2554 5358 2608 5404 κ,
2639 5339 2692 5395 4.

1121 5411 1146 5451 '4
1174 5412 1362 5467 Matth.
1396 5429 1483 5478 xv,
1526 5412 1614 5467 16.
1697 5413 1711 5453 ί
1745 5414 1936 5469 Matth.
1985 5432 2130 5483 xxiv,
2163 5415 2247 5469 51.

1980 5496 2004 5521 υ
2037 5486 2176 5542 Psal.
2203 5501 2461 5549 cxxxvm,
2485 5483 2573 5537 21.

2217 4588 2328 4644 rint
2355 4586 2493 4652 Noe,
2517 4584 2725 4651 Daniel,
2756 4592 2811 4638 et
2835 4581 2957 4648 Joh,
2987 4583 3040 4637 in
3070 4581 3249 4636 medio
3269 4596 3485 4646 eorum,
3529 4579 3675 4637 tilios
3701 4582 3809 4637 im»

2217 4681 2337 4752 pios
2365 4696 2472 4735 non
2502 4677 2809 4745 salvabunt,
2834 4676 2934 4731 soli
2960 4675 3095 4730 salvi
3124 4681 3283 4729 erunt
3302 4683 3365 4728 τι..

2290 4770 2378 4826 12.
2418 4769 2612 4826 Adhuc
2637 4766 2794 4843 aliud.
2811 4766 3091 4823 obscurius
3113 4764 3244 4820 mihi
3264 4778 3393 4818 erue
3420 4762 3816 4833 deprofundo,

2217 4862 2350 4920 etin
2370 4860 2566 4916 vadum
2593 4858 2797 4930 profer.
2827 4857 2884 4912 ln
2906 4856 3138 4928 epistola
3160 4853 3555 4910 Colossensium
3578 4855 3819 4909 omnino.

2220 4955 2517 5023 intelligere
2548 4954 2591 4985 ³⁸
2621 4969 2727 5008 non
2757 4965 2975 5021 possum
3003 4948 3148 5018 quod
3176 4948 3251 5002 ait
3283 4964 3296 5000 :
3329 4944 3397 5004 AN
3399 4963 3512 5001 emo
3537 4962 3634 5000 vos
3650 4947 3806 5001 sedu-

2221 5060 2305 5105 cat
2332 5048 2504 5102 volens
2533 5048 2585 5101 in
2614 5046 2897 5099 humilitate
2935 5054 2985 5096 et
3023 5040 3270 5111 religione
3292 5038 3603 5109 angelorum
3622 5080 3639 5104 ,
3694 5054 3807 5110 qua

2223 5157 2325 5194 non
2354 5137 2499 5203 vidit,
2524 5135 2813 5199 ambulans,
2848 5134 3041 5202 {rustra
3062 5130 3273 5199 inﬂatus
3293 5144 3445 5182 sensu
3474 5129 3655 5182 carnis
3668 5144 3804 5190 saw,

2221 5240 2270 5286 et
2300 5247 2400 5284 non
2423 5236 2601 5281 tenens
2630 5233 2806 5295 caput.
2855 5222 2930 5276 De
2970 5220 3162 5289 quibus
3203 5217 3406 5284 angelis
3453 5216 3635 5275 dicit?
3672 5218 3809 5272 side

2790 5348 2813 5376 θ
2840 5336 3007 5403 Apoc.
3040 5334 3214 5403 vn,.5.
3301 5333 3320 5372 ‘
3344 5334 3538 5403 iApoc.
3591 5348 3708 5397 xxv,
3732 5333 3805 5403 74.

2330 5415 2343 5465 i
2383 5414 2487 5468 Tit.
2518 5430 2554 5477 ι,
2592 5402 2672 5466 l6.
2748 5408 2815 5463 l‘l
2862 5402 2985 5462 Cor.
3041 5402 3292 5477 xn,_28;
3342 5402 3557 5477 E_phes-
3589 5417 3668 5467 Iv,
3717 5402 3805 5477 ll.

2650 5479 2835 5534 PPsal.
2861 5492 3115 5539 cxxxvm,
3142 5475 3229 5529 l7.
3306 5484 3332 5524 ει
3362 5471 3554 5528 Ezech.
3576 5488 3695 5538 xlv,
3718 5471 3802 5524 Μ.

2281 5578 2350 5645 (c)
2378 5574 2610 5645 Siccum
2639 5571 2766 5626 edit.
2801 5568 3000 5624 Bened.
3025 5581 3152 5621 mss.
3189 5565 3302 5634 Big.
3327 5565 3456 5620 duo.
3479 5562 3578 5619 Ed.
3606 5563 3805 5631 Rosv.,

2217 5644 2699 5716 perambulantium.

2289 5715 2368 5796 (it)
2394 5713 2478 5796 .lta
2497 5728 2619 5796 cum
2643 5710 2769 5767 edit.
2796 5706 2993 5767 Bened.
3019 5723 3142 5764 mss.
3161 5705 3415 5777 Bigduo.
3438 5703 3581 5760 Edit.
3606 5703 3805 5771 Rosv.,

2220 5792 2477 5838 carissimi
2502 5792 2638 5837 sunt.
