4008 6346
195 362 313 416 41⁸5

1635 335 1957 390 EPISTULA
2001 333 2058 386 L.

3363 320 3472 376 4”

197 473 441 530 inimicis
465 480 523 529 et
543 467 719 534 malis,
748 479 868 537 qum
900 461 1114 516 illarum
1146 457 1356 525 religio,
1382 463 1480 508 aut
1523 469 1645 522 qua:
1689 452 1782 504 hu-
1816 457 1864 512 Α
1892 457 2074 501 rantes
2096 462 2153 499 se
2185 446 2236 498 in
2269 445 2542 498 ministros
2586 441 2801 511 justitiie
2832 437 2879 494 ¹ί.
2929 439 3036 494 Sed
3080 435 3228 537 quod
3252 437 3470 506 adjecit,

199 566 438 628 militas;
487 559 543 616 et
585 559 706 628 quis
753 555 1009 621 magister
1050 550 1091 581 ¹”
1119 547 1444 603 sednctionis
1473 544 1650 612 hujus,
1699 541 1792 611 qui

199 674 303 732 per
331 657 616 710 obtentum
647 648 832 704 nescio
861 644 1014 713 cujus
1035 641 1288 713 angelica'
1319 637 1608 705 religionis,
1639 635 1795 732 quasi

197 725 318 801 visa
345 753 403 799 et
433 749 713 812 comperta
743 737 938 792 doceat
970 750 1087 804 qua:
1115 748 1220 786 non
1250 729 1418 784 vidit?
1461 729 1588 782 Sine
1633 725 1795 780 dubio

199 837 470 902 hmretici,
503 833 596 903 qui
626 829 900 886 doctrinas
923 825 1311 881 daunoniorum
1348 832 1402 876 et
1429 828 1725 890 sequuntur
1747 829 1792 882 ",

200 939 256 986 et
289 936 550 1000 promunt
579 923 855 992 conceptis
883 920 948 974 ab
979 933 1166 974 eorum
1196 915 1386 985 spiritu
1412 908 1803 966 adinventimi-

201 1024 468 1090 bus,qu:e
493 1033 599 1072 non
627 1015 878 1069 viderunt
889 1011 1262 1082 phantasmata
1284 1004 1437 1076 quasi
1463 1003 1575 1057 visa
1604 1000 1807 1069 ﬁngen-

203 1125 312 1178 tes,
346 1121 404 1168 et
434 1107 702 1181 pestiferis
729 1102 1181 1174 disputationibus
1210 1100 1262 1154 in
1292 1098 1453 1154 corda
1495 1095 1634 1151 male
1676 1109 1799 1148 creo

204 1203 333 1257 dula
364 1201 736 1263 seminantes;
793 1195 848 1250 hi
892 1201 1015 1248 sunt
1054 1191 1147 1260 qui
1187 1205 1295 1245 non
1326 1196 1510 1242 tenent
1533 1192 1711 1254 caput,
1745 1182 1800 1237 id

205 1302 292 1346 est
323 1291 475 1345 Chri:
489 1277 601 1342 tum
632 1285 836 1340 fontem
859 1281 1123 1347 veritatis,
1156 1279 1306 1348 cujus
1345 1276 1602 1332 doctrina:
1643 1272 1799 1342 quid-

205 1384 340 1454 quid
367 1382 707 1445 adversatur,
730 1378 974 1431 insanum
1002 1381 1105 1428 est.
1147 1371 1214 1425 Et
1253 1372 1307 1424 hi
1345 1369 1470 1426 czcci
1501 1365 1668 1421 duces
1694 1379 1802 1419 ca:-

207 1489 404 1529 corum
430 1473 477 1537 δ,
512 1470 580 1525 de
607 1469 802 1538 quibus
826 1466 929 1520 dici
960 1472 1092 1535 puto
1122 1481 1136 1516 :
1163 1462 1246 1516 Me
1271 1461 1670 1529 dereliquerunt
1693 1456 1806 1512 fon-

209 1575 325 1622 tem
355 1578 509 1633 aqua:
537 1563 697 1625 vivae,
737 1566 790 1614 et
819 1556 1069 1612 foderunt
1096 1553 1198 1609 sibi
1227 1553 1374 1607 lacus
1403 1549 1689 1615 contritos,
1711 1546 1804 1616 qui

216 1673 333 1713 non
364 1662 552 1710 tenent
581 1667 774 1722 aquam
802 1661 854 1704 ε.

289 1748 377 1802 15.
409 1747 609 1800 Deinde
640 1745 693 1798 in
722 1743 800 1814 (a)
826 1737 1174 1808 subsequenti
1203 1734 1438 1806 capitulo
1469 1732 1662 1802 adjecit
1687 1750 1699 1784 ε
1720 1729 1808 1784 Ne

215 1839 512 1909 tetigerim,
560 1850 723 1905 neque
751 1831 1098 1904 gustaret-itis,
1147 1843 1305 1898 neque
1345 1823 1801 1886 contrectaveritis,

215 1944 332 2000 qua?
361 1934 481 1979 sunt
512 1925 687 1978 omnia
714 1925 768 1976 in
789 1922 1052 1976 interitum
1079 1920 1191 1989 ipso
1218 1934 1332 1979 usu,
1370 1914 1646 1968 secundum
1668 1929 1804 1983 pra:-

216 2026 362 2086 repta
383 2024 433 2069 et
462 2015 729 2068 doctrinas
747 2012 1032 2075 hominum,
1057 2010 1307 2064 rationem
1327 2007 1530 2078 quidem
1561 2004 1804 2057 habentia

215 2108 488 2178 sapientia:
516 2107 568 2159 in
592 2103 954 2175 superstitione
977 2111 1023 2154 et
1052 2100 1339 2153 humilitate
1367 2097 1436 2150 ad
1457 2111 1560 2149 non
1589 2111 1804 2164 parcen-

218 2201 338 2252 dum
364 2196 590 2267 corpori,
623 2211 725 2248 non
747 2195 802 2246 in
829 2193 1024 2247 honore
1051 2191 1222 2262 aliquo
1246 2188 1314 2242 ad
1334 2188 1658 2242 saturitatem
1685 2201 1805 2236 car-

219 2292 301 2344 nis
330 2288 380 2343 ".
431 2288 562 2354 Quae
601 2294 727 2342 sunt
774 2287 896 2349 ista,
928 2282 1123 2352 quibus
1150 2291 1205 2336 et
1243 2280 1507 2334 rationem
1529 2276 1806 2348 sapientia:

221 2383 398 2436 inesse
428 2388 658 2434 testatur
675 2373 1035 2446 Magister(S.
1088 2371 1326 2435 Paulus;
1359 2371 1459 2425 vid.
1500 2369 1664 2439 epist.
1712 2367 1802 2432 30,

219 2489 275 2526 n.
301 2470 355 2542 5)
383 2471 644 2535 veritatis,
695 2477 750 2524 et
781 2476 963 2521 tamen
1005 2465 1176 2534 ipsam
1206 2463 1488 2517 veritatem
1537 2458 1810 2527 religionis

221 2565 400 2618 inesse
427 2562 694 2629 abnegat?
722 2560 876 2613 Anne
903 2555 1042 2611 forte
1072 2555 1116 2586 ³⁸
1135 2553 1201 2609 de
1230 2553 1422 2607 talibus
1451 2551 1710 2620 loquitur,
1741 2549 1810 2604 de

219 2654 415 2724 quibus
445 2655 510 2708 ad
543 2651 884 2706 Timotheum
920 2647 1050 2702 dicit
1090 2664 1106 2699 :
1145 2644 1414 2699 Habentes
1441 2640 1657 2711 quidem
1687 2654 1810 2710 spe-

221 2747 360 2799 ciem
402 2743 649 2814 pietatis,
693 2742 950 2795 virtutem
975 2747 1156 2793 autem
1189 2737 1231 2768 ¹⁶
1259 2734 1380 2804 ejus
1409 2734 1737 2800 abnegantes
1761 2731 1811 2785 οἳ

227 2837 382 2906 Rogo
411 2849 547 2902 ergo
572 2834 876 2906 specialiter
902 2833 1017 2887 haec
1043 2828 1280 2900 capitula
1297 2826 1403 2881 duo
1430 2824 1502 2881 de
1526 2824 1813 2880 (lolossen-

225 2928 369 2982 sium
398 2927 438 2957 ιτ
487 2924 720 2994 Epistola
761 2939 857 2994 per
884 2921 1094 2990 singula
1139 2917 1270 2974 mihi
1320 2917 1479 2972 verba
1526 2913 1809 2976 dissolvas,

230 3019 362 3087 quia
411 3016 762 3071 Laudabilibus
805 3012 1131 3070 exsecranda
1180 3008 1510 3081 permiscuit.
1559 3005 1697 3073 Quid
1731 3013 1814 3060 est

228 3110 376 3164 enim
405 3111 449 3140 ’⁸
481 3118 590 3162 tam
621 3106 904 3172 laudabile,
928 3119 1090 3174 quam
1115 3103 1253 3157 ratio
1272 3098 1588 3170 sapientiai?
1613 3105 1666 3152 et
1685 3095 1813 3165 quid

229 3209 334 3254 tam
359 3199 716 3264 exsecrabile,
745 3213 905 3266 quam
929 3193 1240 3264 superstitio
1269 3190 1501 3246 erroris?
1533 3188 1813 3242 llumilitas
1839 3200 1884 3260 (ς

230 3307 444 3361 quoque
475 3299 532 3344 et
562 3290 675 3344 Deo
706 3289 927 3359 placita,
971 3294 1024 3341 et
1052 3283 1287 3339 maxime
1325 3282 1377 3335 in
1406 3296 1533 3334 vera
1559 3279 1639 3334 rel
1657 3279 1815 3345 gione

235 3381 541 3445 laudabilis,
565 3396 688 3436 cum
721 3379 931 3434 ratione
963 3375 1238 3446 sapientia:
1269 3371 1410 3441 ipsis
1446 3370 1603 3426 datur
1629 3371 1699 3434 ¹’;
1749 3367 1818 3421 de

233 3487 456 3540 quorum
485 3471 748 3526 doctrinis
770 3478 824 3524 et
850 3469 1058 3524 actibus
1081 3465 1277 3521 dicitur
1305 3463 1460 3518 nobis
1483 3479 1496 3514 :
1522 3459 1608 3514 Ne
1639 3462 1818 3531 tetige-

233 3567 364 3629 ritia,
390 3579 555 3635 neque
580 3563 923 3635 guataveritis,
947 3576 1060 3630 qua:
1081 3568 1200 3613 sunt
1227 3559 1285 3612 in
1306 3557 1570 3612 interitum
1599 3551 1640 3616 ί,
1693 3553 1817 3622 quia

235 3668 336 3712 non
365 3667 492 3709 sumt
519 3671 587 3710 ex
618 3655 728 3709 Deo
755 3672 767 3707 :
799 3663 854 3709 et
882 3667 1042 3708 omne
1069 3650 1215 3720 quod
1240 3665 1348 3704 non
1377 3656 1459 3703 est
1480 3662 1545 3702 ex
1572 3646 1674 3700 lide
1694 3659 1820 3714 pec-

235 3756 411 3803 catum
438 3757 525 3803 est
550 3756 598 3800 8.
632 3745 773 3800 Deus
801 3755 980 3800 autem
1023 3742 1299 3814 dissipavit
1339 3739 1561 3796 consilia
1599 3739 1818 3807 sapien-

239 3841 385 3905 tium,
435 3839 530 3909 qui
580 3837 692 3893 Deo
740 3837 888 3891 stulti
935 3845 1060 3891 sunt
1087 3839 1207 3905 per‘
1236 3832 1572 3904 prudentiam
1611 3831 1818 3895 carnis;

238 3945 356 3998 qua:
400 3946 508 3984 non
538 3936 718 3999 potest
767 3927 868 3996 legi
898 3927 991 3982 Dei
1019 3942 1136 3981 esse
1180 3924 1421 3994 subjecta
1448 3923 1493 3976 δ.
1539 3922 1649 3977 Scit
1679 3922 1820 3976 enim

239 4019 596 4085 cogitationes
635 4017 937 4084 hominum,
979 4017 1233 4086 quoniam
1273 4029 1424 4069 vanze
1446 4020 1572 4068 sunt
1608 4012 1648 4064 ί.
1680 4012 1822 4076 Qua-

239 4107 346 4163 iem
392 4108 786 4172 humilitatem,
856 4107 1176 4177 qualemque
1233 4105 1499 4160 rationem
1551 4101 1825 4171 sapientiae

238 4201 609 4270 superstitioni
655 4216 723 4256 ex
751 4201 910 4272 293
957 4197 1233 4254 hoininum
1283 4197 1544 4252 doctrinis
1589 4193 1826 4250 venienti

238 4291 418 4346 inesse
442 4291 610 4355 dicat,
637 4289 952 4361 requiro.Et
978 4288 1122 4359 quod
1151 4289 1225 4342 ait
1250 4305 1262 4340 :
1289 4287 1367 4339 Ad
1391 4302 1493 4339 non
1514 4283 1827 4354 pareatdum

239 4383 466 4451 corpori,
490 4382 674 4434 non‘in
704 4381 898 4435 [tonare
925 4380 1095 4450 aliqua
1125 4379 1194 4432 ad
1229 4378 1550 4432 saturitatem
1579 4375 1755 4429 carnis
1778 4373 1823 4426 l.

240 4472 472 4530 Prorsus
499 4474 612 4528 lucc
641 4490 824 4544 parum
851 4473 1088 4540 intelligo
1117 4487 1131 4525 :
1155 4472 1279 4541 quia
1310 4471 1364 4524 in
1391 4469 1580 4524 eadem
1611 4476 1828 4522 senten-

1895 535 1976 588 Ad
2002 535 2324 588 saturitatem
2366 531 2559 596 carnis,
2603 529 2931 584 contrarium
2975 527 3106 581 mihi
3142 526 3354 580 videtur
3397 527 3473 580 illi

1895 625 2038 695 quod
2068 623 2216 679 dicit:
2245 624 2325 675 Ad
2353 641 2454 676 non
2482 621 2792 692 parcendum
2819 621 3042 690 corpori.
3085 619 3305 674 Videtur
3329 620 3472 674 enim

1897 717 2027 770 mihi
2055 716 2142 770 ille
2190 731 2294 770 non
2327 729 2547 784 parcere
2594 712 2829 782 corpori,
2880 712 2970 780 qui
2999 727 3215 784 carnem
3257 711 3476 780 jejuniis

1897 727 2027 770 mihi
2055 727 2142 770 ille
2190 731 2294 770 non
2327 729 2547 784 parcere
2594 728 2829 782 corpori,
2880 727 2970 780 qui
3064 727 3215 766 rnem
3257 727 3475 780 jejunus

1896 806 2266 873 domat,sicut
2293 805 2579 874 Apostolus
2607 804 2734 859 dicit
2767 802 2783 840 ι
2817 821 2829 855 :
2857 727 3090 855 Liviz‘in
3115 803 3250 873 facio
3290 819 3475 871 corpus

1898 917 2096 966 meum,
2123 911 2171 955 et
2197 903 2250 954 in
2279 902 2566 954 servitutem
2608 898 2782 967 redigo
2825 895 2938 966 (Cr.
2967 899 3276 961 ὑπωπιάζω;
3319 895 3472 964 Vulg.

1899 991 2144 1062 castig-~).
2178 991 2226 1044 Α
2250 1006 2356 1060 quo
2377 976 2540 1058 opere
2569 988 2820 1042 saturitas
2846 987 3021 1041 carnis
3040 985 3212 1039 aliena
3243 993 3342 1040 est.
3367 984 3478 1038 Nisi

1900 1082 2038 1139 forte
2069 1093 2122 1138 et
2150 1084 2318 1152 ipsam
2344 1080 2645 1135 saturandze
2667 1079 2844 1133 carnis
2871 1093 3073 1141 curam,
3100 1092 3217 1145 quin
3245 1076 3478 1130 maxime

1901 1174 2294 1231 observantiam
2322 1171 2594 1240 religionis
2620 1170 3073 1240 prahtendentibus
3095 1169 3350 1239 probrosa
3372 1175 3474 1231 est,

1901 1280 2007 1318 non
2036 1279 2257 1333 parcere
2285 1263 2498 1331 corpori
2521 1261 2685 1326 dixit,
2702 1259 2994 1315 secundum
3026 1259 3153 1314 illud
3183 1259 3480 1313 honestatis

1903 1361 2245 1426 przcceptum,
2295 1352 2439 1421 quod
2469 1352 2593 1405 alibi
2621 1351 2769 1413 dicit,
2818 1340 2874 1404 ut
2919 1349 3279 1419 unusquisque
3326 1364 3475 1403 suum

1901 1462 1997 1501 vas
2016 1443 2624 1513 honoriﬁce-possidere
2646 1444 2855 1497 noverit
2875 1452 2934 1508 In;
2967 1450 3021 1495 ut
3049 1441 3277 1496 hostiam
3306 1440 3481 1494 vivam

1904 1545 1958 1592 et
1986 1536 2282 1606 placentem
2311 1533 2422 1590 Deo
2469 1549 2624 1588 suum
2673 1549 2871 1602 corpus
2915 1531 3167 1586 exhibeat
3189 1541 3212 1566 η
3244 1548 3256 1582 :
3290 1546 3396 1584 non
3429 1530 3490 1582 in

1905 1627 1981 1697 (b)
2005 1627 2340 1682 saturitatem
2365 1624 2574 1688 carnis;
2604 1624 2735 1691 quia
2755 1623 3010 1677 distensio
3033 1622 3273 1690 corporis
3295 1621 3493 1674 animus

1905 1715 2253 1772 sobrietatem
2285 1721 2464 1776 necat,
2490 1720 2543 1766 et
2574 1712 2786 1765 inimica
2815 1721 2897 1765 est
2917 1711 3181 1766 castitati.

1835 1823 1880 1884 Β
1980 1807 2068 1861 14.
2111 1806 2297 1859 Restat
2319 1812 2377 1858 ut
2404 1802 2601 1872 aliquid
2627 1802 2769 1856 etde
2799 1801 3119 1868 evangelieis
3141 1800 3272 1873 locis
3294 1812 3490 1867 sugge-

1903 1913 2018 1952 ram
2046 1895 2364 1951 beatitudini
2395 1903 2498 1948 tua:
2523 1911 2537 1958 ;
2567 1909 2672 1946 non
2703 1891 2917 1960 quidem
2947 1899 3144 1961 quanta
3175 1892 3368 1958 legenti
3393 1906 3490 1960 per

1904 1988 2072 2042 otium
2105 2000 2392 2041 occurrere
2429 1984 2632 2048 solent;
2675 1985 2806 2052 (nec
2843 1983 2986 2037 enim
3025 1997 3165 2037 nunc
3205 1981 3416 2035 vacabit
3445 1983 3499 2013 ιι·

1903 2079 2144 2148 dispersa
2192 2092 2290 2147 per
2336 2076 2501 2129 libros
2549 2089 2811 2143 quaerere,
2861 2083 2952 2127 aut
2994 2074 3046 2127 in
3085 2073 3490 2128 reminiscendis

1905 2167 2219 2223 memoriam
2261 2166 2524 2220 ventilare
2553 2165 2604 2234 :)
2645 2164 2738 2219 sed
2768 2165 2850 2219 vel
2875 2180 3042 2234 pauca
3069 2204 3086 2229 ,
3135 2179 3252 2234 quze
3300 2165 3364 2218 ad
3395 2164 3496 2217 ho-

1907 2275 2021 2313 ram
2062 2258 2367 2314 dictationis
2403 2256 2560 2324 hujus
2603 2257 2654 2310 in
2685 2265 2918 2310 mentem
2947 2256 3172 2310 veniunt
3195 2299 3208 2321 ,
3249 2257 3492 2311 sciscita-

1908 2351 2027 2412 bor,
2093 2351 2169 2404 De
2223 2349 2636 2404 resurrectionis
2681 2349 2852 2404 forma
2897 2365 3003 2403 non
3051 2347 3348 2418 grandem,
3401 2350 3495 2403 sed

1909 2443 2121 2514 plenam
2161 2441 2282 2496 lidei
2317 2441 2668 2496 instructione
2713 2441 2994 2509 epistolam
3025 2479 3039 2504 ,
3087 2455 3198 2510 qua
3244 2439 3497 2495 secundae

1909 2532 2267 2588 consulationi
2313 2547 2445 2586 mete
2479 2571 2494 2597 ,
2575 2531 2702 2586 dum
2748 2530 3058 2598 Carthagini
3110 2532 3180 2601 (ε)
3231 2531 3498 2584 biemares

1913 2625 2008 2696 (V.
2042 2635 2154 2679 not.
2182 2624 2335 2695 213),
2385 2624 2770 2693 rescripseras,
2812 2623 2856 2678 si
2891 2623 3055 2676 habes
3083 2624 3160 2691 (ά)
3193 2622 3411 2676 relatam
3442 2622 3504 2674 in

1911 2716 2146 2780 schedis,
2179 2731 2309 2785 rogo
2340 2724 2397 2769 ut
2427 2716 2625 2779 mittas,
2656 2722 2750 2768 aut
2777 2724 2924 2768 certe
2953 2721 3168 2768 retexas
3187 2728 3308 2766 eam
3339 2713 3493 2777 mihi,

1911 2806 2055 2876 quod
2105 2807 2197 2860 tibi
2251 2806 2405 2862 facile
2453 2815 2555 2860 est.
2607 2806 2740 2860 Nam
2787 2805 2888 2860 etsi
2932 2805 3131 2874 scripta
3163 2820 3268 2858 non
3298 2812 3505 2869 exstat,

1913 2899 2038 2968 quia
2084 2896 2222 2952 forte
2270 2896 2449 2952 brevis
2487 2897 2749 2966 epistola,
2780 2903 2838 2950 ut
2865 2895 3208 2950 tumultuaria
3239 2895 3333 2948 tibi
3361 2895 3500 2948 inter

1915 2988 2084 3043 libros
2115 2995 2236 3042 tuos
2263 2987 2449 3041 haberi
2471 2994 2649 3056 spreta
2673 2987 2766 3050 sit,
2794 3001 2993 3056 renova
3015 3000 3134 3038 eam
3157 2984 3284 3038 mihi
3309 2983 3499 3038 eodem

1915 3094 2074 3134 sensu
2120 3085 2386 3149 promtum
2429 3077 2496 3134 de
2539 3079 2794 3134 thesauro
2824 3078 3004 3133 cordis
3031 3077 3103 3131 tni
3125 3119 3141 3144 ,
3171 3083 3224 3132 et
3251 3077 3402 3130 mitte
3430 3075 3504 3130 ad

1916 3188 2002 3227 me
2032 3172 2171 3226 inter
2216 3171 2317 3225 alia
2351 3187 2604 3241 responsa
2634 3186 2753 3240 qua:
2779 3169 2976 3226 reddes
3003 3171 3165 3237 mihi,
3223 3177 3282 3224 ut
3310 3185 3500 3240 spero;

1919 3271 2206 3334 praestante
2233 3253 2362 3318 mihi
2393 3280 2456 3319 ac
2486 3264 2580 3318 tibi
2610 3271 2968 3318 commeatum
2999 3262 3094 3330 (V.
3125 3270 3241 3317 not.
3283 3262 3375 3331 64)
3398 3261 3505 3316 die-

1918 3371 2034 3410 rum
2064 3354 2299 3420 Christo,
2330 3363 2389 3409 ut
2419 3370 2481 3410 ea
2501 3394 2514 3418 ,
2549 3371 2656 3424 quo
2684 3355 2835 3409 labor
2865 3363 2986 3410 tuus
3010 3355 3062 3408 in
3092 3371 3176 3409 me
3204 3353 3502 3418 l‘ructilicet,

1921 3447 2200 3516 accipiam,
2233 3447 2525 3501 secundum
2557 3447 2931 3516 hazccapitula
2962 3445 3391 3516 Scripturarmn;
3435 3446 3504 3501 de

1919 3537 2113 3608 quibus
2129 3546 2201 3602 te,
2227 3538 2318 3606 qui
2347 3538 2416 3606 (ε)
2451 3537 2599 3592 vides
2626 3539 2779 3606 quasi
2810 3553 2906 3607 per
2937 3538 3122 3603 Deum,
3156 3537 3505 3606 interrogavi,

1922 3636 1981 3683 ut
2005 3626 2220 3681 audiam
2249 3627 2379 3696 quid
2409 3628 2462 3682 in
2493 3635 2547 3682 te
2575 3627 2658 3682 vel
2689 3644 2756 3682 ex
2785 3637 2838 3682 te
2867 3629 2995 3682 mihi
3020 3629 3270 3696 loquatur
3292 3627 3432 3682 Deus
3457 3638 3504 3682 ο.

1993 3719 2082 3775 15.
2126 3720 2242 3776 lloc
2263 3730 2442 3775 autem
2474 3736 2605 3790 rogo
2628 3721 2806 3776 lucere
2828 3722 2956 3775 mihi
2979 3720 3161 3787 facias,
3194 3719 3356 3791 295,
3373 3736 3510 3789 quo-

1923 3813 2085 3870 modo
2117 3814 2200 3868 vel
2227 3829 2334 3883 qua
2361 3814 2572 3868 ratione
2601 3813 2858 3868 Dominus
2887 3821 3020 3884 post
3061 3813 3509 3868 resurrectionem

1921 3907 2009 3962 vel
2047 3907 2360 3962 mulieribus
2378 3947 2392 3971 ,
2437 3921 2556 3975 qua:
2583 3907 2768 3975 prima;
2797 3907 2863 3960 ad
2893 3907 3195 3976 sepulcrum
3225 3914 3508 3972 venerunt,

1926 4001 2008 4055 vel
2038 4009 2222 4070 postea
2253 4000 2360 4055 illis
2387 4000 2596 4054 duobus
2619 4001 2676 4054 in
2706 4001 2819 4063 via,
2851 3999 3044 4053 deinde
3080 3999 3354 4067 discipulis
3375 4000 3506 4064 suis,

1925 4100 1982 4146 et
2011 4107 2117 4146 non
2149 4091 2362 4160 agnitus
2389 4091 2502 4157 sit,
2543 4098 2598 4144 et
2625 4092 2856 4159 agnitus.
2899 4090 2956 4144 In
2987 4090 3179 4144 eodem
3210 4091 3351 4144 enim
3383 4106 3509 4144 cor-

1925 4198 2061 4252 pore
2110 4182 2406 4236 Iesurrexit
2449 4181 2502 4234 in
2541 4196 2650 4249 quo
2689 4189 2744 4236 et
2773 4183 2962 4251 passus
2991 4191 3091 4236 est.
3139 4181 3207 4235 Et
3235 4181 3509 4251 quomodo

1929 4289 2036 4328 non
2065 4271 2254 4326 eadem
2283 4279 2402 4324 erat
2428 4270 2668 4339 ejusdem
2691 4272 2937 4341 corporis
2964 4271 3130 4327 forma
3161 4287 3278 4340 qua:
3301 4270 3510 4325 fuerat?

1928 4373 2020 4418 aut
2065 4364 2111 4418 si
2157 4362 2346 4417 eadem
2387 4371 2532 4427 erat,
2590 4362 2861 4437 quomodo
2890 4379 2996 4416 non
3026 4363 3414 4431 agnoscebatur
3443 4361 3514 4415 ab

1928 4456 2012 4511 his
2058 4455 2151 4525 qui
2197 4471 2315 4509 eam
2369 4457 2670 4509 noverant?
2718 4454 2846 4509 Illud
2885 4469 3016 4509 vero
3045 4454 3366 4509 sacramenti
3393 4468 3514 4508 esse

239 4566 320 4617 tia
368 4582 401 4617 ιι
423 4578 556 4640 agna
604 4564 732 4618 mihi
773 4564 984 4618 videtur
1030 4578 1151 4618 esse
1198 4561 1451 4618 discretio
1491 4557 1589 4629 (ν.
1618 4573 1703 4626 ep.
1736 4555 1826 4623 49,
1859 4575 1907 4636 D
1932 4548 2096 4603 credo
2123 4547 2266 4640 quod
2294 4547 2386 4615 qui
2416 4547 2470 4600 in
2497 4547 2580 4599 via
2610 4545 3005 4600 ambulantibus
3029 4561 3135 4599 non
3163 4544 3334 4599 fuerat
3361 4544 3514 4612 agni-

240 4671 303 4708 n.
336 4653 414 4721 6).
464 4654 710 4707 Arbitror
761 4653 901 4708 enim
949 4667 1072 4707 eum
1116 4651 1183 4706 de
1225 4650 1544 4706 abstinentia
1591 4648 1830 4717 qualibet

239 4745 368 4797 tida
392 4744 475 4798 vel
522 4743 716 4810 inutili,
758 4743 934 4813 qualis
976 4743 1115 4797 solet
1161 4743 1232 4796 ab
1275 4739 1540 4794 haereticis
1568 4736 1827 4802 allectari,

238 4836 352 4888 hoc
380 4833 556 4889 dicere
584 4852 596 4887 :
629 4834 710 4887 Ad
749 4851 853 4890 non
877 4833 1190 4904 parcendum
1219 4831 1444 4901 corpori.
1466 4827 1619 4896 Quod
1650 4836 1831 4882 autem

238 4923 444 4991 adjecit
487 4943 500 4978 :
545 4922 670 4978 Non
719 4925 771 4978 in
801 4925 992 4977 honore
1038 4924 1240 4993 aliqua;
1290 4921 1413 4991 quia
1443 4919 1614 4975 sancti
1654 4918 1834 4988 operis

179 5013 183 5015 ’
238 5017 504 5085 speciem,
558 5032 668 5071 non
714 5017 767 5070 in
814 5015 918 5070 ﬁde
964 5015 1206 5070 veritatis
1253 5021 1587 5077 exercentes,
1637 5011 1833 5065 nullius

239 5107 432 5186 gloriae
461 5108 672 5162 honore
714 5107 799 5162 vel
844 5107 1020 5161 fructu
1046 5114 1211 5174 agunt
1240 5109 1305 5169 ",
1353 5105 1499 5175 quod
1545 5105 1598 5159 in
1642 5118 1836 5174 magna

241 5199 451 5253 erroris
481 5198 720 5268 perversi
747 5197 1165 5268 reprehensione
1193 5196 1505 5263 coniiciunt,
1551 5193 1834 5263 transﬁgu-

328 5326 350 5350 ⁸
378 5315 397 5368 1
428 5315 564 5369 Tim.
594 5328 666 5375 tv,
695 5311 745 5367 l.

245 5401 362 5448 ιη’,
391 5385 480 5439 ‘25.
557 5384 584 5421 ιι
612 5384 767 5437 Rom.
800 5399 913 5446 vui,
944 5382 994 5436 7.

244 5472 328 5520 tv,
360 5453 412 5508 ι.
487 5464 514 5492 ﬂ
546 5454 705 5509 Rom.
741 5471 831 5519 xu,
870 5453 917 5506 l.

1078 5381 1090 5419 ί
1129 5379 1266 5436 Psal.
1303 5397 1445 5443 xcut,
1481 5380 1564 5433 ll.

328 5574 406 5643 (a)
437 5572 560 5628 Mss.
593 5573 702 5626 duo
725 5571 839 5639 Big.
861 5581 917 5625 et
944 5567 1065 5623 edd.
1096 5565 1294 5622 Bened.
1341 5574 1396 5620 et
1422 5564 1610 5628 Grav.,
1659 5563 1712 5616 in
1741 5576 1828 5614 se-

245 5646 432 5717 quenti
448 5645 649 5717 _capite.

331 5714 406 5780 (b)
447 5701 534 5768 lta'
557 5729 689 5768 mss.
714 5711 928 5767 codices
953 5723 1073 5763 cum
1099 5705 1228 5761 edit.
1248 5704 1446 5760 Bened.
1465 5704 1628 5758 Ated.
1655 5701 1847 5765 Rosv.,

253 5787 552 5839 saturitate.

337 5857 411 5917 (ι’)
452 5854 576 5910 Mss.
612 5851 698 5917 lii,
731 5850 1094 5906 exhiemarem.
1130 5846 1263 5902 Vide
1287 5853 1401 5902 not.
1431 5843 1554 5897 ‘215.

829 5311 854 5350 ιι
881 5311 1068 5366 Matth.
1100 5327 1189 5371 xv,
1224 5311 1308 5364 M.
1388 5322 1409 5349 ο
1441 5308 1640 5362 Jerem.
1675 5325 1731 5372 ιι,
1763 5306 1849 5360 l5.

1645 5381 1658 5428 l
1696 5377 1812 5431 Col.
1845 5392 1904 5442 ιι,
1935 5374 2022 5427 25.
2101 5372 2128 5411 ¹ι
2159 5373 2201 5427 ll
2249 5372 2380 5427 Cor.
2411 5389 2482 5437 ιιι,
2520 5372 2606 5428 l5.

994 5463 1018 5489 ο
1054 5452 1198 5508 Psal.
1227 5468 1441 5516 Lxxxw,
1471 5453 1528 5505 9.
1557 5449 1730 5504 rLuc.
1763 5463 1911 5513 xxw,
1946 5445 2034 5499 50.

1934 4649 2038 4702 tus,
2063 4639 2114 4694 in
2142 4637 2404 4693 fractione
2425 4637 2578 4707 panis
2599 4637 2870 4692 revelatus
2893 4647 2974 4692 est
2996 4647 3044 4690 P.
3073 4635 3304 4707 ldipsum
3335 4643 3516 4690 tamen

1933 4743 2028 4788 tuo
2055 4748 2216 4787 sensu
2247 4731 2372 4786 volo
2401 4727 2612 4795 tenere,
2638 4747 2743 4785 non
2774 4745 2914 4784 meo.

2009 4825 2099 4879 16.
2140 4823 2207 4877 Et
2235 4824 2379 4893 quod
2407 4823 2470 4876 ad
2500 4823 2718 4877 Mariam
2751 4823 2825 4876 ait
2851 4841 2863 4876 :
2900 4820 2952 4874 Ν
2957 4822 3026 4876 oli
3050 4815 3130 4876 m'e
3150 4832 3380 4893 tangere,
3399 4837 3524 4875 non-

1935 4918 2218 4970 dum-enim
2237 4916 2448 4970 arcendi
2475 4915 2544 4968 ad
2567 4914 2795 4969 Patrem.
2851 4916 2905 4970 Si
2937 4915 3179 4969 cominus
3204 4922 3380 4968 stante
3416 4929 3524 4966 non

1939 5010 2217 5070 sinebatur
2260 5009 2563 5075 attingere,
2623 5007 2896 5075 quomodo
2945 5021 3067 5060 eum
3116 5013 3356 5074 tangeret
3404 5018 3522 5057 cum

1940 5100 2273 5156 ascendisset
2321 5099 2385 5153 ad
2437 5097 2672 5152 Patrem.
2720 5097 2821 5151 nisi
2861 5096 2996 5151 forte
3026 5097 3144 5150 ﬁdei
3177 5095 3439 5165 profectu,
3473 5098 3528 5144 et

1940 5191 2136 5246 mentis
2165 5205 2412 5253 ascensu,
2443 5204 2550 5257 qua
2579 5188 2720 5242 Deus
2747 5188 2950 5242 homini
2980 5185 3040 5240 ﬁt
3067 5188 3407 5252 longinquus,
3435 5188 3527 5233 aut

1926 5303 1952 5341 δ
1984 5303 2100 5359 Col.
2133 5320 2190 5365 ιι,
2214 5302 2303 5358 2|.
2369 5313 2391 5340 θ
2424 5302 2467 5356 ll
2499 5301 2641 5356 Tim.
2666 5317 2740 5360 ut,
2773 5299 2826 5355 Β.
2893 5299 2908 5336 τ
2942 5299 3059 5352 Col.
3089 5315 3142 5359 ιι,
3170 5294 3256 5348 2|.
3317 5303 3340 5339 8
3370 5293 3528 5346 Rom.

1935 5374 2022 5425 25.
2101 5372 2128 5411 ¹ι
2159 5373 2201 5425 ll
2249 5372 2380 5425 Cor.
2411 5389 2482 5425 χι.
2520 5372 2606 5425 l5.
2688 5372 2699 5409 ¹
2738 5371 2755 5424 1
2787 5373 2910 5425 Cor.
2961 5385 3037 5425 Ix.
3083 5367 3173 5419 27.
3248 5375 3284 5402 ω
3313 5363 3336 5417 l
3366 5363 3528 5416 Thes.

2021 5558 2102 5629 (at)
2144 5555 2234 5629 Sic
2263 5572 2393 5612 mss.
2421 5555 2456 5608 4
2486 5553 2724 5629 Vaticani
2750 5593 2764 5618 ,
2798 5547 3111 5629 Bigotianui
3133 5561 3291 5629 ll'l‘ls,
3322 5555 3376 5599 et

1953 5614 2155 5684 Bcited.
2208 5627 2356 5682 Alter
2403 5643 2501 5681 ms.
2535 5625 2650 5692 Big.
2673 5662 2687 5686 ,
2719 5614 3045 5676 reseruatam.
3073 5615 3169 5669 Ed.
3196 5614 3384 5684 Rosv.,
3413 5615 3530 5668 reli«

1953 5708 2034 5752 cta
2097 5739 2108 5752 .

2027 5716 2098 5836 (7:)
2139 5769 2228 5824 Sic
2255 5765 2658 5836 etneudavimus
2693 5778 2756 5836 ex
2789 5774 2918 5814 mss.
2952 5754 3241 5836 codicibus
3257 5754 3530 5836 Vaticanis

1957 5826 2185 5908 quatuor
2214 5847 2269 5895 et
2294 5839 2424 5894 edit.
2457 5834 2653 5890 Bencd.
2689 5833 2825 5888 Ante
2855 5836 2988 5895 erat,
3018 5826 3325 5882 credendum
3357 5833 3450 5881 est.
