4008 6346
477 367 582 423 IIS
1594 360 1650 418 S.
1697 355 1967 414 I‘AULINI
2007 351 2254 410 NOLANI
2296 348 2598 408 EPISCOPI
3617 346 3722 423 118

478 479 753 547 proximus
777 495 797 530 ε
820 485 875 533 et
902 477 990 532 illa
1019 477 1095 548 (α)
1125 475 1443 531 dubitaverit
1468 473 1533 528 de
1559 472 1793 535 Christo,
1821 486 1980 541 quem
2001 470 2046 501 "
2076 478 2123 533 Α
2151 482 2246 536 per
2271 465 2446 520 crucis
2474 471 2701 517 mortem
2728 458 3031 530 demigrans
3057 461 3109 513 in
3134 461 3469 515 mternitatcn
3516 459 3636 523 Dei,
3669 471 3728 516 ut

482 568 821 621 hortulanum
847 573 1151 638 putaverat.
1183 564 1307 620 Ideo
1335 564 1576 619 fortassis
1604 562 1785 616 audire
1810 560 2002 614 meruit
2031 577 2043 611 :
2150 564 2293 612 esset
2320 554 2373 609 in
2392 554 2565 638 gloria
2595 552 2687 606 Dei
2718 549 2920 615 Patris,
2946 550 3157 631 delegat
3181 552 3381 606 homini
3406 551 3528 622 jura
3558 552 3730 622 pieta-

484 655 610 710 Noli
640 672 719 708 me
743 635 953 726 tangere
982 665 1028 709 η.
1061 654 1277 722 Indigna
1307 653 1447 707 enim
1484 651 1822 721 judicabatur
1849 656 1905 702 ut
1934 657 2051 701 tan-
2152 650 2219 704 tis
2236 635 2515 712 humanae;
2545 652 2599 700 et
2628 643 2699 713 (ε)
2722 659 2787 698 ex
2812 642 3085 713 discipulis
3110 644 3221 698 suis
3248 644 3731 699 adolescentiorem

482 754 634 813 geret
655 760 817 798 manu
844 743 1146 806 Christum,
1183 757 1341 812 quem
1367 740 1590 796 necdum
1623 740 1724 794 ﬁde
1750 738 2051 808 apprehen-
2153 739 2326 804 eligit,
2359 745 2421 796 ut
2446 735 2828 792 convenienter
2855 733 3088 802 assignet
3126 734 3316 803 virgini
3344 734 3594 804 apostolo
3622 733 3732 787 vir-

484 837 663 900 dcrat,
697 849 795 890 nec
824 834 1164 889 intellexerat
1192 834 1388 896 Deum,
1425 848 1545 886 cum
1584 828 1923 885 hortulanum
1953 840 2053 895 pu-
2154 829 2331 898 ginem
2375 835 2602 900 matrem
2629 843 2642 879 :
2676 824 2781 879 duo
2808 825 3010 894 pariter
3041 824 3095 878 in
3124 824 3311 880 eadem
3339 825 3607 879 sententia
3634 824 3735 878 do-

486 898 681 991 tasset,
711 926 779 982 de
805 943 913 997 quo
939 926 1100 997 paulo
1129 935 1253 979 ante
1286 925 1352 978 ab
1378 922 1579 991 angelis
1607 920 1845 975 audierat
1878 934 1890 968 :
1920 913 2057 981 Quid
2160 924 2289 972 'cens
2307 956 2322 982 ,
2356 898 2581 969 liirmam
2610 913 2825 983 pietatis
2853 913 3158 982 relinquens
3193 914 3350 969 nobis
3371 952 3386 977 ,
3431 910 3555 968 cum
3581 921 3666 967 est
3692 915 3740 947 "

486 1018 724 1089 quaeritis
749 1018 1017 1072 viventem
1059 1031 1177 1071 cum
1222 1015 1482 1069 mortuis?
1512 1011 1637 1067 Noli
1666 1026 1793 1080 ergo
1834 1025 1912 1063 me
1939 1017 2057 1061 tan-
2159 1007 2227 1062 de
2274 1015 2447 1060 matre
2489 1004 2749 1060 sollicitus
2774 1044 2788 1067 ,
2829 1012 2887 1057 ut
2922 1017 3081 1071 quam
3123 1003 3461 1071 relinquebat
3488 1016 3740 1072 corpore,

491 1123 628 1179 gere,
657 1109 778 1178 quia
806 1107 901 1161 tibi
930 1106 1156 1160 nondum
1178 1104 1385 1159 ascendi
1413 1103 1488 1156 ad
1501 1101 1741 1165 Patrem,
1774 1099 1860 1155 cui
1888 1098 2062 1152 adhuc
2163 1111 2270 1151 non
2314 1095 2645 1162 relinqueret
2690 1108 2853 1147 cura:
2885 1092 2979 1146 sed
3025 1108 3126 1148 nec
3167 1108 3393 1162 corpore
3434 1093 3740 1157 relicturus,

495 1203 699 1249 tantum
745 1196 909 1250 homo
956 1195 1178 1249 videor:
1228 1201 1414 1263 postea
1456 1206 1542 1245 me
1570 1200 1785 1257 tanges,
1830 1203 1951 1243 cum
1996 1185 2065 1240 ad
2163 1187 2287 1255 quia
2309 1200 2466 1254 quem
2515 1183 2729 1237 videbat
2772 1183 3113 1249 morientem,
3147 1198 3269 1237 mox
3299 1191 3417 1237 erat
3446 1183 3627 1237 visura
3654 1197 3743 1236 re-

494 1283 891 1354 agnoscendum
920 1299 1005 1339 me
1033 1283 1299 1338 credendo
1326 1280 1721 1336 conscenderis.
2165 1276 2419 1332 divivum.
2480 1273 2547 1328 Et
2576 1273 2742 1337 illud,
2790 1273 2933 1343 quod
2963 1273 3029 1328 ad
3061 1274 3216 1327 tidem
3246 1274 3483 1329 omnium
3516 1274 3745 1344 pertine

572 1374 660 1428 17.
706 1373 782 1429 De
813 1375 915 1428 illis
941 1375 1104 1428 etiam
1125 1372 1418 1427 beatissimi
1442 1371 1721 1442 Symeonis
1749 1369 1925 1425 verbis
1942 1368 2069 1439 quid
2166 1373 2269 1431 ret,
2299 1362 2628 1419 salutiferum
2659 1363 2877 1432 pietatis
2891 1377 3001 1417 sua:
3027 1364 3073 1396 ”
3102 1371 3516 1425 sacramentum,
3546 1378 3747 1417 arcana

498 1465 717 1532 sentias,
750 1466 987 1520 edissere
1014 1465 1161 1529 mihi,
1197 1472 1253 1519 ut
1280 1479 1476 1534 sequar
1499 1476 1716 1517 sensum
1745 1469 1891 1515 tuum
1919 1479 1931 1513 :
1961 1459 2073 1529 qui—
2171 1456 2338 1511 divini
2385 1455 2599 1510 ratione
2637 1453 2849 1509 consilii
2884 1454 2983 1508 sub
3012 1454 3110 1508 hac
3138 1469 3268 1508 voce
3298 1454 3374 1524 (f)
3402 1454 3748 1524 consignatis,

500 1557 636 1621 bus,
690 1571 811 1611 cum
863 1554 929 1609 ad
983 1554 1265 1610 videndum
1307 1569 1374 1609 ex
1410 1553 1629 1607 oraculo
1657 1551 1753 1605 Dei
1779 1550 2068 1615 Christum,
2175 1556 2229 1603 ut
2259 1548 2349 1601 alii
2395 1554 2619 1601 matrem
2666 1544 2940 1612 delegaret
2984 1556 3089 1613 pro
3122 1553 3293 1599 matre
3320 1543 3661 1608 habendam,
3690 1552 3745 1599 et

499 1652 690 1714 agente
734 1644 936 1715 Spiritu
961 1684 975 1710 ,
1027 1644 1260 1698 venisset
1297 1644 1350 1696 in
1399 1642 1684 1710 templum,
1715 1648 1769 1694 et
1797 1648 2071 1709 acceptum
2175 1637 2290 1692 vice
2330 1652 2425 1691 sua
2470 1634 2881 1699 consolandam;
2949 1643 3109 1703 atque
3134 1634 3228 1687 'illi
3274 1634 3505 1689 vicissim
3554 1648 3749 1688 novum

500 1735 619 1790 sinu
639 1734 999 1790 benedixisset
1027 1732 1280 1787 infantem
1305 1732 1605 1796 Dominum,
1638 1731 1712 1784 ait
1731 1730 1795 1783 ad
1818 1729 2071 1783 Mariam:
2177 1725 2341 1781 ﬁlium
2381 1726 2497 1781 vice
2522 1724 2766 1794 corporis
2790 1724 2872 1779 sui
2899 1723 3160 1788 traderet,
3193 1724 3376 1785 immo,
3415 1732 3474 1777 ut
3500 1724 3577 1777 ita
3604 1723 3751 1778 dixe.

504 1823 637 1879 Ecce
681 1825 763 1877 hic
807 1825 1000 1894 positus
1026 1824 1180 1877 estin
1222 1823 1427 1875 ruinam
1466 1829 1515 1874 et
1564 1808 1991 1873 resurrectionem
2026 1818 2071 1849 “
2111 1838 2146 1889 κ
2178 1817 2277 1871 rim
2306 1858 2321 1882 ,
2367 1816 2608 1884 gigneret
2637 1832 2649 1867 :
2698 1812 3144 1883 quo‘ostenderet
3171 1828 3289 1867 eam
3316 1822 3514 1884 praeter
3540 1828 3634 1879 se,
3664 1810 3753 1881 qui

503 1914 778 1968 multorum
812 1915 865 1967 in
908 1913 1075 1967 Israel
1098 1954 1111 1979 ,
1143 1921 1190 1966 et
1238 1915 1290 1966 in
1329 1914 1532 1983 signum
1560 1913 1642 1965 cui
1662 1912 2078 1968 contradicemr':
2178 1923 2246 1962 ex
2286 1922 2349 1961 ea
2396 1906 2611 1973 virgine
2642 1912 2801 1959 natus
2828 1911 2999 1969 esset,
3031 1918 3129 1958 nec
3159 1902 3407 1957 habuisse
3437 1902 3625 1968 lilium,
3660 1910 3755 1958 nec

505 2014 556 2058 et
576 2014 713 2057 tuam
741 2005 900 2073 ipsius
930 2005 1157 2057 animum
1178 2003 1508 2072 ﬁertransibit
1534 2003 1758 2073 gladius,
1780 2012 1834 2055 ut
1855 2002 2079 2055 reveten-
2178 1997 2377 2051 habere
2401 2013 2413 2048 :
2441 1995 2565 2063 quia
2590 2009 2688 2049 nec
2716 1992 2965 2048 Salvator
2993 2000 3273 2061 tantopere
3302 2007 3484 2047 cuiam
3508 1993 3587 2062 (g)
3610 1990 3756 2045 deso-

510 2103 592 2146 tur
637 2094 912 2146 m:.-ltorum
961 2093 1190 2147 cordium
1242 2094 1575 2163 cogitationes
1610 2092 1657 2146 ι’.
1712 2091 1975 2161 Ninnquid
2015 2091 2082 2146 de
2186 2087 2401 2142 lationis
2430 2087 2702 2141 habuisset
2727 2086 2863 2153 ejus,
2891 2084 2935 2138 si
2961 2085 3034 2138 illi
3067 2085 3252 2139 unicus
3281 2100 3387 2139 non
3417 2082 3623 2139 fuisset.

426 2238 439 2261 ν
510 2184 759 2253 passione
787 2183 965 2238 Maria:
986 2226 1003 2252 ,
1031 2199 1149 2253 qua:
1184 2199 1444 2253 nusquam
1472 2184 1668 2254 scripta
1697 2191 1796 2248 est,
1828 2183 1930 2239 hoc
1959 2198 2079 2252 pro-
2256 2177 2341 2229 18.
2383 2175 2488 2230 Sed
2518 2176 2797 2231 redeamus
2823 2175 2890 2229 ad
2918 2176 3080 2230 verba
3110 2174 3416 2245 Symeonis,
3450 2174 3502 2228 in
3531 2189 3761 2244 quorum

420 2270 425 2279 ’
513 2277 760 2345 plietasse
787 2276 860 2348 (b)
890 2276 1189 2331 credendus
1226 2285 1308 2332 est
1351 2276 1432 2330 “?
1474 2276 1554 2330 An
1578 2291 1708 2330 vero
1748 2274 1815 2330 de
1843 2284 2085 2328 materno
2184 2269 2422 2323 clausula
2452 2268 2780 2322 intellectum
2811 2281 2987 2321 meum
3022 2267 3249 2334 caligare
3278 2264 3467 2321 fateor.
3503 2263 3570 2317 Et
3600 2274 3761 2333 min,

513 2366 629 2434 ejus
656 2365 847 2421 aﬁ'ectu
872 2407 887 2433 ,
917 2380 1024 2437 quo
1065 2374 1250 2436 postea
1296 2365 1351 2419 in
1379 2373 1620 2433 tempore
1661 2364 1923 2433 passionis
1950 2362 2083 2418 assi-
2186 2360 2358 2428 inquit
2375 2398 2389 2421 ,
2436 2359 2663 2412 animam
2710 2359 3039 2430 pertransth
3065 2361 3260 2429 [ramea
3280 2398 3295 2423 ,
3327 2358 3409 2412 vel
3436 2357 3647 2428 gladius
3667 2398 3683 2421 ,
3710 2366 3763 2409 sit

514 2462 664 2510 stens
692 2456 857 2519 cruci,
885 2470 989 2524 qua
1015 2456 1119 2510 hoc
1144 2464 1260 2509 erat
1289 2454 1452 2509 linum
1481 2453 1624 2524 quod
1652 2454 1766 2524 ipsa
1785 2459 2086 2523 pepererat,
2187 2449 2468 2501 revelentur
2491 2448 2761 2501 multorum
2783 2448 3011 2502 cordium
3033 2448 3364 2518 cogitationes
3378 2445 3424 2500 ³³.
3459 2446 3765 2502 Secundum

513 2555 875 2601 maternorum
904 2547 1163 2603 viscerum
1183 2546 1369 2601 dolore
1399 2544 1608 2601 conlisa
1628 2553 1710 2599 est
1736 2562 1748 2597 :
1780 2553 1836 2598 et
1859 2543 2086 2597 animam
2189 2541 2420 2594 litteram
2469 2539 2574 2595 hoc
2622 2539 2753 2593 mihi
2802 2539 3015 2609 penitus
3060 2540 3343 2594 obscurum
3372 2547 3474 2603 est,
3512 2539 3641 2608 quia
3671 2552 3767 2592 nec

513 2638 655 2692 illius
698 2638 785 2692 illa
812 2678 828 2702 ,
875 2652 995 2707 qua)
1029 2638 1157 2706 ejus
1185 2636 1474 2693 secundum
1502 2650 1719 2690 carnem
1750 2634 1942 2698 tilium,
1977 2633 2089 2703 ipsa
2190 2628 2410 2683 Mariam
2436 2628 2801 2683 beatissimam
2823 2644 3046 2697 usquam
3076 2629 3301 2697 legimus
3329 2628 3587 2708 occisam,
3619 2636 3680 2682 ut
3703 2627 3770 2683 de

513 2735 789 2795 spectante
811 2764 825 2788 ,
882 2727 1197 2782 confoderat
1220 2765 1236 2791 ,
1282 2726 1457 2780 crucis
1496 2724 1803 2794 rhomphaca
1845 2731 2092 2793 penetra-
2196 2721 2463 2791 corporali
2489 2720 2667 2789 gladio
2694 2729 2911 2775 sam-tus
2933 2721 3019 2776 ille
3047 2721 3207 2792 296
3234 2719 3534 2776 eiluturam
3565 2721 3771 2790 passio-

515 2817 693 2871 bat".
744 2816 910 2871 Video
956 2817 1099 2872 enim
1145 2825 1203 2871 et
1251 2818 1305 2870 in
1336 2814 1562 2871 Psalmis
1590 2814 1657 2870 de
1682 2813 1879 2883 Joseph
1910 2814 1982 2867 ita
2012 2813 2094 2867 di—
2193 2830 2315 2869 nem
2359 2813 2707 2883 prophetasse
2753 2811 3014 2867 videatur.
3063 2811 3168 2867 Sed
3216 2822 3271 2867 et
3314 2810 3457 2882 quod
3495 2810 3730 2879 subjecit
3755 2828 3781 2875 :~

515 2918 662 2962 ctum
705 2922 823 2962 esse
859 2908 942 2961 ’σε
991 2907 1414 2962 Humiliaverunt
1462 2908 1513 2961 in
1557 2905 1903 2976 compedibus
1929 2904 2095 2975 pedes
2198 2906 2266 2960 Ut
2303 2907 2587 2960 reretentur
2611 2906 2883 2959 "cultorum
2911 2904 3143 2958 cordium
3170 2903 3505 2973 cogitationes
3537 2904 3582 2955 ί.
3613 2901 3774 2956 Scru-

520 2996 660 3066 ejus,
692 2996 889 3051 ferrum
913 2998 1222 3066 pertransiit
1242 2997 1471 3050 animam
1493 2996 1609 3065 ejus
1640 3011 1658 3031 ι’
1690 2997 1831 3051 sicut
1853 2996 1904 3050 in
1930 2994 2099 3049 Evan-
2197 3006 2314 3052 tans
2340 2998 2503 3062 enim,
2534 2996 2726 3066 inquit,
2750 2995 2909 3051 corda
2930 3003 2985 3050 et
3008 3009 3165 3050 renes
3195 2994 3353 3048 Deus.
3399 2992 3463 3045 Et
3491 2992 3561 3047 de
3590 2989 3772 3046 futuro

519 3085 661 3153 gelio
685 3085 824 3139 dixit
847 3087 889 3116 ³⁷
919 3086 1192 3156 Symeon:
1227 3084 1296 3138 Et
1335 3094 1477 3139 tuam
1508 3088 1671 3155 ipsius
1709 3087 1936 3139 animam
1977 3103 2095 3155 per-
2194 3088 2395 3158 judicio
2443 3088 2731 3158 Apostolus
2773 3087 2884 3139 ait?
2926 3084 3060 3151 Quia
3091 3092 3218 3139 tunc
3247 3082 3611 3137 manifestabit
3638 3082 3776 3137 Deus

522 3172 759 3227 transibit
780 3173 983 3243 gladius
1005 3171 1053 3227 ἀ.
1080 3174 1196 3228 Non
1226 3175 1320 3240 ait,
1349 3188 1567 3229 carnem
1588 3213 1602 3239 ,
1632 3175 1725 3232 sed
1756 3175 2012 3241 animum,
2043 3173 2096 3227 in
2124 3195 2170 3259 ρ
2199 3188 2385 3248 operta
2431 3178 2672 3233 cordinm
2699 3219 2713 3243 ,
2762 3182 2817 3229 et
2865 3174 3071 3230 occulta
3103 3174 3459 3228 tenebrarum.
3508 3170 3702 3226 Itidem
3730 3170 3779 3202 ”

522 3276 627 3329 qua
655 3261 871 3330 pietatis
891 3260 1102 3317 allectio
1130 3262 1288 3333 295
1314 3262 1722 3329 eontinetur,.et
1741 3262 1945 3316 doloris
1977 3276 2098 3316 acu—
2199 3268 2488 3338 Apostolus
2523 3271 2535 3316 l
2566 3307 2581 3332 ,
2620 3266 2930 3335 spiritaliter
2976 3265 3284 3334 exprimens
3323 3277 3471 3317 arma
3512 3262 3779 3327 emlestia,

524 3352 640 3407 lens
667 3352 818 3424 quasi
864 3352 1071 3421 gladius
1120 3362 1376 3424 operatur
1402 3372 1414 3407 :
1445 3369 1566 3408 cum
1607 3362 1700 3408 aut
1726 3354 1901 3422 aliqua
1926 3352 2101 3407 carnis
2199 3358 2392 3428 quibus
2420 3357 2472 3411 in
2501 3356 2741 3410 interiori
2768 3364 2954 3409 nostro
2983 3353 3271 3409 debeamus
3301 3352 3517 3418 armari,
3545 3350 3779 3420 gladium

524 3459 634 3497 sua:
662 3444 856 3523 injuria
898 3443 1149 3513 afﬁcitur,
1180 3452 1240 3499 ut
1268 3445 1345 3520 (εὶ
1369 3444 1567 3514 Josepli
1587 3485 1604 3510 ,
1633 3445 1723 3516 qui
1751 3460 1859 3498 non
1890 3444 2098 3512 mortiS,
2201 3451 2417 3521 spiritus
2454 3449 2582 3504 dicit
2626 3449 2847 3503 verbum
2895 3447 3022 3513 Dei,
3064 3449 3131 3503 de
3155 3462 3263 3516 quo
3287 3446 3352 3500 ad
3381 3445 3638 3501 Hehrmos
3663 3446 3741 3499 ait
3767 3464 3780 3498 :

525 3536 619 3590 sed
656 3535 968 3605 injuriarum
997 3536 1215 3606 pertulit
1246 3536 1524 3605 passiones
1548 3578 1564 3605 ,
1595 3538 1647 3590 in
1676 3550 1889 3599 servum
1912 3535 2100 3590 vendi-
2202 3539 2365 3595 Vivus
2389 3546 2470 3594 est
2493 3552 2670 3593 sermo
2695 3537 2810 3607 Dei,
2832 3545 2887 3593 et
2907 3537 3115 3602 el‘licax,
3147 3546 3199 3591 et
3229 3536 3618 3607 penetrabilior
3635 3536 3786 3590 omni

527 3634 631 3694 tus,
662 3636 717 3682 et
741 3629 793 3681 in
821 3643 972 3683 reum
1000 3621 1299 3684 vinculatus
1336 3628 1433 3699 (V.
1471 3644 1637 3682 carm.
1670 3627 1759 3693 2|,
1787 3644 1839 3681 v.
1873 3627 2018 3698 752),
2049 3636 2104 3683 et
2202 3630 2380 3699 gladio
2408 3630 2629 3700 ancipiti
2658 3649 2670 3683 :
2703 3631 3042 3699 pertingens,
3072 3629 3243 3696 inquit
3269 3629 3289 3659 ³
3322 3671 3336 3695 ,
3360 3643 3527 3697 usque
3555 3627 3622 3682 ad
3652 3628 3787 3682 divi-

529 3717 730 3771 carceri
759 3716 916 3772 datus
944 3728 968 3756 ⁸
995 3736 1008 3771 :
1050 3726 1144 3771 aut
1170 3733 1290 3772 cum
1319 3717 1616 3774 affectionis
1644 3719 1863 3773 interna:
1890 3719 2104 3773 tristitia
2207 3722 2413 3777 sionem
2441 3723 2629 3776 animm
2654 3730 2710 3775 et
2734 3722 2978 3791 spiritus,
3011 3728 3065 3774 et
3089 3720 3289 3790 reliqua
3318 3736 3445 3790 qna:-
3466 3719 3626 3774 nosti.
3650 3717 3792 3785 Quid

535 3809 624 3863 vel
651 3808 839 3864 dolore
866 3810 1154 3875 cruciatur,
1186 3819 1246 3865 ut
1273 3811 1326 3865 in
1355 3810 1520 3865 Maria
1552 3809 1571 3849 ί
1594 3828 1609 3877 ;
1648 3826 1807 3881 quam
1832 3812 2013 3881 utique
2039 3812 2104 3866 ad
2206 3826 2334 3880 ergo
2364 3812 2555 3865 mirum
2580 3852 2594 3876 ,
2645 3812 2691 3866 si
2740 3811 2891 3866 istius
2938 3809 3089 3866 verbi
3130 3809 3293 3879 ignita
3322 3809 3417 3874 vis,
3440 3816 3507 3863 ιρι
3535 3808 3790 3877 ancipitis

533 3914 751 3954 erucem
796 3899 1044 3965 Domini,
1090 3901 1143 3955 in
1193 3916 1301 3970 quo
1343 3910 1470 3956 tunc
1504 3903 1588 3957 sui
1624 3910 1830 3963 tantum
1867 3904 2109 3972 corporis
2214 3905 2374 3973 gladii
2402 3905 2785 3975 penetrabilior
2806 3905 2950 3959 acies
2975 3903 3021 3968 ⁸,
3049 3911 3103 3958 et
3127 3902 3297 3957 sancti
3325 3898 3520 3967 Joseph
3543 3899 3709 3965 olim,
3738 3908 3791 3954 et

534 3990 699 4045 ﬁlium
719 3992 1009 4060 cogitabat,
1036 4000 1277 4048 materna
1299 4008 1452 4057 mens
1467 3992 1726 4058 duxerat;
1758 4000 1815 4047 ut
1843 4009 1961 4048 eum
1983 4010 2107 4048 eum
2211 4005 2398 4067 postea
2444 3997 2615 4051 beata:
2666 3995 2843 4050 Maria:
2881 3996 3112 4050 animam
3142 3990 3517 4063 pertransivit?
3543 4005 3670 4043 nam
3698 4004 3793 4044 ne-

534 4080 755 4136 vidisset
781 4089 1075 4147 mortuum,
1108 4083 1336 4139 humana
1368 4082 1675 4138 inﬁrmitate
1697 4084 1921 4149 lugeret,
1955 4098 2112 4153 sepe-
2211 4102 2316 4156 que
2339 4086 2574 4150 in‘iIlius,
2604 4100 2778 4154 neque
2792 4085 2843 4138 in
2870 4084 3024 4153 hujus
3052 4098 3280 4152 corpore
3307 4082 3505 4137 lerrum
3533 4079 3795 4134 transisse

536 4173 880 4243 liendumque
926 4175 1240 4243 colligeret,
1290 4173 1421 4228 nihil
1444 4174 1545 4229 sibi
1573 4173 1642 4229 de
1669 4173 1835 4244 ipsius
1868 4188 2111 4231 resurre-
2211 4177 2579 4246 cognovimus.
2614 4176 2787 4244 Atque
2834 4183 2894 4229 ut
2940 4162 3109 4241 magis
3152 4181 3333 4244 pateat
3362 4172 3433 4227 ibi
3470 4172 3797 4242 prophetam

534 4265 715 4320 ctione
739 4280 1085 4335 pratsumeus,
1111 4264 1189 4335 (ά)
1218 4264 1344 4334 quia
1364 4264 1725 4319 subsecutum
1749 4262 2115 4317 admirationis
2215 4267 2412 4323 ferrum
2440 4282 2541 4337 pro
2571 4267 2721 4321 verbi
2768 4266 2943 4333 gladio
2975 4266 3018 4297 ³²
3049 4264 3290 4334 posuisse
3313 4303 3327 4325 ,
3376 4262 3558 4318 statim
3607 4259 3800 4316 subse-

538 4354 692 4409 Iidem
743 4356 796 4410 in
845 4356 1014 4410 oculis
1062 4356 1235 4425 posita
1264 4355 1527 4427 passionis
1562 4370 1719 4425 poena
1752 4353 1988 4409 czecabat
2018 4353 2112 4422 (V.
2214 4367 2415 4427 quente
2441 4356 2704 4412 versiculo
2732 4357 2843 4410 ait:
2892 4355 3082 4410 Sermo
3107 4354 3315 4408 Dom’ini
3358 4354 3543 4421 ignivit
3568 4352 3720 4407 illum
3753 4350 3799 4406 ι.

539 4457 652 4503 not.
695 4446 843 4517 2H).
907 4414 1166 4513 Quamvis
1211 4414 1454 4503 eamdem
1501 4414 1764 4503 astantem
1812 4447 1956 4502 cruci
2004 4460 2116 4500 sum
2216 4414 2410 4506 éermo
2437 4450 2580 4504 enim
2609 4449 2704 4503 Dei
2732 4455 2788 4503 et
2815 4448 2983 4517 ignis,
3023 4456 3078 4503 et
3097 4446 3301 4515 gladius
3322 4414 3442 4509 est,
3473 4444 3653 4499 Verbo
3678 4443 3802 4514 ipso

540 4538 798 4592 Dominus
836 4554 943 4593 non
979 4539 1257 4594 morientis
1287 4537 1594 4595 inﬁrmitate
1621 4539 1893 4609 trepidans
1916 4553 2113 4593 conso-
2145 4569 2193 4628 η
2222 4540 2330 4595 Deo
2353 4548 2635 4608 utrumque
2664 4537 2876 4593 dicente
2903 4538 2971 4593 de
2998 4553 3057 4592 se
3083 4555 3095 4590 :
3144 4536 3325 4605 Ignem
3362 4535 3504 4590 enim
3523 4578 3538 4602 ,
3588 4534 3799 4605 inquit,

541 4628 680 4682 latus
708 4629 799 4693 sit,
829 4628 921 4683 sed
951 4630 1141 4700 ipsam,
1174 4645 1279 4700 qua
1308 4631 1493 4686 obibat
1520 4631 1732 4694 volens,
1765 4630 1818 4684 in
1847 4638 2116 4699 potestate
2147 4626 2161 4628 ⁷
2220 4631 2339 4686 veni
2365 4632 2579 4686 mittere
2619 4630 2671 4684 in
2701 4638 2895 4683 terram
2916 4673 2932 4697 ,
2963 4638 3018 4684 et
3045 4628 3173 4698 quid
3202 4628 3325 4682 volo
3359 4627 3459 4681 nisi
3484 4634 3544 4680 ut
3564 4626 3679 4695 jam
3708 4641 3806 4681 ac-

542 4717 745 4772 liabens
791 4727 1017 4773 morlem
1039 4760 1053 4784 ,
1087 4720 1245 4789 plena
1273 4721 1470 4774 virtute
1500 4720 1754 4785 viventis,
1793 4727 1848 4773 et
1869 4728 2121 4775 constan-
2218 4723 2551 4779 cendaturm?
2578 4723 2706 4777 Item
2731 4722 2856 4776 alibi
2875 4722 3031 4777 dicit:
3066 4720 3179 4775 Non
3202 4720 3325 4774 veni
3348 4734 3534 4789 pacem
3557 4719 3803 4781 mittere,

542 4808 616 4863 tia
646 4811 999 4866 resurrecturi
1047 4811 1117 4868 de
1160 4828 1317 4869 cruce
1344 4812 1623 4876 admonet,
1659 4811 1842 4867 dicens
1868 4810 1935 4865 de
1962 4812 2122 4866 beato
2220 4812 2314 4867 sed
2350 4812 2582 4882 gladium
2609 4822 2657 4867 ιι.
2686 4811 2847 4867 Vides
2892 4827 3013 4867 eum
3050 4825 3211 4864 unam
3248 4809 3355 4865 vim
3388 4808 3648 4865 doctrina:
3687 4824 3809 4864 sua:

543 4899 790 4968 apostolo
815 4898 1096 4958 Johannc:
1142 4903 1353 4972 Mulier,
1392 4918 1519 4958 ecce
1543 4903 1679 4959 ﬁlius
1707 4910 1856 4967 tuus;
1889 4903 2124 4973 itemque
2223 4904 2435 4960 diverso
2474 4904 2610 4974 ignis
2636 4912 2691 4959 et
2722 4903 2882 4973 gladii
2908 4903 3125 4957 nomine
3160 4902 3484 4971 designasse.
3527 4899 3637 4954 Aut
3664 4915 3811 4969 quo-

543 4988 617 5042 illi
649 4988 844 5045 ibidem
873 4993 1189 5049 consistenti
1215 5012 1229 5046 :
1260 4984 1403 5050 Ecce
1431 5001 1603 5048 mater
1621 5001 1709 5047 tua
1741 5002 1787 5047 8.
1837 4991 1953 5047 Jam
1982 4994 2123 5059 seili-
2226 4995 2390 5051 modo
2421 4995 2600 5053 Maria:
2631 4996 2775 5050 illata
2802 5011 2897 5065 per
2926 4993 3158 5064 gladium
3199 4993 3381 5064 passio
3411 4993 3495 5048 vel
3525 4992 3813 5047 tribulatio

649 5036 844 5045 ψη.-.
874 5036 1189 5049 νυ..υ.ν..,..-.
1216 5036 1229 5046 .
1260 5036 1403 5050 ..νη
1431 5036 1593 5048 .........
1623 5036 1709 5047 η...
1744 5036 1787 5047 ψ.
1837 5036 1953 5047 --.η
1982 5036 2096 5059 πη,
2226 5036 2390 5051 ...νυν
2421 5036 2598 5053 .........,
2632 5036 2775 5050 ........
2804 5036 2887 5065 νυ.
2926 5036 3158 5064 ο....,......
3201 5036 3379 5064 μων...
3420 5036 3495 5048 η..
3526 5036 3810 5047 -..νυ---.ν

543 5087 630 5165 eet
653 5079 720 5134 ab
749 5072 978 5138 humana
1016 5083 1322 5152 lragilitate,
1352 5099 1454 5153 qua
1480 5092 1597 5140 erat
1622 5092 1778 5139 natus
1812 5098 1879 5138 ex
1906 5081 2123 5145 femina,-
2224 5095 2490 5156 pcrstaret
2512 5087 2592 5143 ³³1
2632 5087 2816 5156 Itaque
2840 5087 2942 5140 hoc
2967 5086 3104 5141 scire
3133 5086 3291 5155 cupio
3317 5080 3444 5154 quid
3483 5083 3551 5138 ad
3578 5036 3847 5138 Mariam,

552 5202 646 5265 tu"
677 5188 871 5265 Johan.
927 5209 1017 5259 xx,
1074 5193 1266 5265 I75},
1296 5194 1427 5251 Luc.
1480 5212 1534 5260 ιι,
1586 5193 1674 5259 54,
1725 5194 1813 5248 55.
1895 5206 1915 5233 τ
1953 5195 2135 5248 Psal.]

2260 5197 2342 5252 l0.
2417 5198 2441 5235 α
2474 5197 2602 5255 an.
2635 5215 2691 5263 ιι,
2724 5199 2811 5253 55.
2893 5212 2916 5237 ι’
2946 5198 3081 5252 Gen.
3125 5215 3324 5265 xxxv",
3361 5198 3449 5260 28,
3499 5207 3557 5252 et
3611 5166 3841 5264 sum.

542 5258 631 5340 ίζιρ.
684 5261 734 5340 __‘
766 5260 962 5340 dolran.
991 5258 1125 5340 una,
1155 5264 1266 5340 βξ.
1312 5275 1368 5340 _8
1397 5258 1599 5340 ειοιιιιιι1
1635 5258 1747 5328 xix,
1773 5265 1887 5340 ﬁli.
1966 5269 1991 5302 ιι
2024 5266 2125 5340 Luc

2231 5309 2245 5332 ,
2276 5267 2366 5340 ἥδ.
2408 5339 2413 5340 γ
2449 5266 2463 5305 ί
2499 5266 2646 5340 Psal.
2668 5258 2760 5333 vn,
2793 5269 2875 5322 10.
2955 5269 2969 5318 ι
3006 5267 3183 5323 ICor.
3214 5284 3283 5333 Iv,
3312 5258 3367 5323 Β.
3429 5258 3471 5307 ⁷¹κ
3501 5267 3704 5340 Ephes.
3730 5258 3809 5333 vs,

546 5330 645 5396 l7:
684 5332 818 5387 Heb.
868 5347 939 5398 IV,
985 5333 1070 5387 1‘2.
1155 5331 1170 5373 ι
1208 5332 1348 5390 Psal.
1400 5352 1505 5402 CIV,
1540 5335 1625 5390 18.
1702 5347 1739 5373 ιιι
1772 5334 1900 5391 Luc.
1928 5352 2019 5399 xu,
2054 5335 2129 5388 49.

1155 5331 1170 5373 ι
1208 5332 1348 5390 Psal.
1400 5352 1505 5402 CIV,
1540 5335 1625 5390 I8.
1702 5347 1739 5373 ιιι
1772 5334 1900 5391 Luc.
1928 5352 2019 5399 xu,
2054 5335 2140 5389 49.
2216 5330 2241 5373 ιλ
2272 5337 2457 5392 Matth.
2492 5354 2543 5402 χ,
2583 5337 2671 5392 54.

552 5436 559 5501 '_
618 5425 695 5501 (ιι)
735 5425 861 5480 Mss.
892 5424 1021 5501 duo,
1067 5428 1161 5501 qui
1168 5422 1175 5429 ’
1195 5428 1330 5481 vides
1354 5428 1500 5499 quasi
1525 5426 1705 5482 Deum.
1739 5427 1795 5481 In
1825 5427 1979 5481 editis
2009 5425 2125 5494 qui—
2305 5427 2764 5501 (dihlanuseripti
2810 5444 2926 5497 sex,
2975 5445 3145 5499 quam.
3197 5428 3298 5484 Alii
3344 5440 3489 5496 octo,
3516 5448 3638 5501 qua.
3676 5431 3814 5485 Vide

547 5495 789 5563 busidani,
815 5495 1090 5550 secundum
1125 5495 1306 5551 Deum.
1367 5495 1374 5499 ⁷
2234 5507 2345 5551 not.
2366 5495 2498 5552 "2H.

620 5566 695 5634 (b)
722 5567 813 5620 'Ita
843 5582 970 5638 mss.
1003 5566 1226 5638 codices»
1241 5568 1497 5636 quinque,
1530 5568 1836 5638 iuterquos
1862 5565 2126 5638 Bigotiani
2303 5569 2372 5633 (ε)
2404 5567 2527 5627 Mss.
2553 5568 2763 5622 codices
2783 5568 3038 5637 quinque,
3067 5584 3131 5622 ex
3152 5569 3410 5638 discipulis
3433 5569 3814 5624 adolescentior

549 5636 654 5710 duo
682 5651 801 5690 cum
823 5636 980 5691 editis
1008 5636 1176 5691 tribus
1203 5634 1599 5706 Augustinianis
1619 5680 1634 5706 ,
1667 5634 1879 5692 Ainerb.
1915 5634 2039 5688 Bad.
2074 5642 2127 5687 et
2231 5634 3012 5710 suis,adolescentioreni‘rligit.
3280 5634 3305 5710 ἀ
3436 5637 3442 5643 ’

552 5704 771 5776 Ειοιιςιιιι.Δ
1247 5735 1259 5748 ο
1292 5704 1307 5706 ⁷
1622 5704 1628 5706 ”
2305 5709 2371 5776 (Ῑ)
2413 5707 2485 5760 Ita
2528 5722 2655 5767 mss.
2688 5708 2793 5760 duo
2823 5704 2943 5774 Dig.“
2969 5708 3104 5763 Ante
3127 5715 3245 5761 erat
3274 5708 3570 5776 designans.

625 5776 693 5855 (ς)
719 5773 1444 5855 .hlxpnnxinmsparticulam
1473 5777 1546 5855 in,
1580 5792 1697 5855 qua:
1728 5776 1911 5832 aberat
1938 5790 1965 5828 a
1996 5790 2118 5830 mss.
2304 5767 2379 5844 (gi)
2419 5778 2737 5855 Sie_a|_i_quot
2767 5767 2909 5855 ‘IIISSE.
2945 5787 3011 5855 _et
3052 5778 3179 5834 editi
3208 5767 3438 5834 codices.
3472 5777 3568 5832 Ed.
3602 5777 3808 5851 Bened.

563 5844 834 5901 codicibus
857 5854 913 5902 et
940 5847 1008 5902 ab
1034 5844 1190 5904 editis
1208 5844 1369 5902 Grav.
1402 5856 1456 5903 et
1483 5844 1681 5904 Bcncd.
2234 5863 2352 5903 cum
2384 5863 2482 5902 IIIS.
2516 5846 2537 5899 l
2573 5844 2711 5914 1333.,
2744 5846 3005 5905 desolatio.
3730 5850 3733 5851 '
