4008 6346
581 346 682 401 419
1498 326 1566 381 IN
1604 326 1661 382 S.
1694 320 1968 380 PAULINI
2008 317 2250 377 NOLANI
2283 312 2583 372 EPISCOPI
2621 306 2990 370 EPISTOLAS
3731 313 3836 371 120

584 455 638 511 in
671 461 914 520 tempora
946 447 1104 518 315
1123 450 1374 500 secutura
1403 439 1793 501 transmittere;
1832 451 1898 490 ne
1929 449 2012 497 ea,
2044 447 2162 502 qua:
2194 450 2232 504 Α
2265 430 2434 483 latere
2463 441 2517 483 et
2546 444 2680 498 aqua
2711 439 2766 482 et
2793 428 3006 495 sanguis
3030 437 3074 490 ο,
3106 425 3408 495 parabatur.

583 545 758 599 adhuc
786 542 902 594 viva
934 536 1308 593 recordatione
1335 546 1533 592 rerum,
1570 537 1628 583 ut
1667 536 1792 584 sunt
1823 534 1991 596 gesta,
2023 523 2162 579 refe-

2335 519 2388 572 4.
2431 521 2591 590 316
2612 519 2718 573 Sed
2736 517 2847 587 jam
2877 517 3150 578 Dominus,
3182 516 3272 584 qui
3306 531 3402 585 per
3427 514 3684 584 Spiritum
3715 529 3840 569 san-

586 641 796 696 ruutur,
828 635 1182 686 evanescente
1212 640 1308 696 per
1335 633 1547 692 tempus
1585 621 1670 676 vel
1704 619 2052 685 tradentium,
2078 615 2165 672 vel
2263 617 2409 664 clum
2434 608 2595 662 futuri
2614 607 2862 678 martyris
2886 604 3134 660 servabat
3159 619 3374 672 arcana.
3395 603 3690 659 subeunda?
3712 620 3842 658 con-

588 693 962 796 accipientium
994 719 1122 787 tide,
1155 693 1395 772 fabulosa
1422 714 1727 770 credantur.
2266 700 2519 755 stantiam
2557 697 2821 768 passionis
2855 697 2941 750 vel
2987 694 3206 760 fecerat,
3249 695 3335 748 vel
3379 693 3598 749 videbat
3627 711 3641 746 :
3673 708 3845 761 neque

658 785 720 870 2..
746 815 972 868 Sanctus
1000 785 1180 878 itaque
1204 805 1465 862 Genesius
1495 805 1547 858 in
1570 802 1866 872 jnventutis
1899 799 2030 854 ﬂore
2059 797 2170 868 pri-
2266 792 2574 863 patiebatur
2619 789 2820 844 diﬂ'erri
2865 801 3138 852 coronam,
3182 803 3306 841 cum
3353 785 3562 840 videret
3601 795 3845 854 paratam

589 923 777 971 mzevo,
811 902 1152 975 provincialis
1179 899 1382 954 militia:
1411 897 1717 950 tirocinium
1759 893 2017 961 suscepit,
2049 906 2168 946 eam
2263 899 2390 939 esse
2412 881 2914 949 victoriamJtaque
2937 879 3341 950 percussoribus
3359 877 3470 934 suis
3490 891 3612 930 eum
3632 877 3844 941 obtulit,

590 999 752 1056 otIicii
767 967 983 1068 partem
1003 993 1179 1048 studio
1201 999 1255 1047 et
1282 999 1398 1045 arte
1420 988 1751 1057 complexug
1774 999 1892 1054 quae
1917 991 2173 1052 patrono-

2296 982 2328 1027 tt
2357 973 2439 1038 iis,
2471 987 2700 1040 quorum
2727 971 2780 1024 in
2803 970 3053 1024 eumdem
3091 969 3245 1022 avida
3272 967 3563 1023 crudelitas
3585 967 3846 1031 inhiabat,

591 1106 709 1144 rum
733 1058 895 1144 verba
915 1087 1001 1140 vel
1022 1099 1160 1138 nova
1182 1082 1454 1150 signorum
1475 1077 1783 1140 velocitate,
1813 1075 1893 1128 vel
1914 1072 2169 1135 dexterae,
2272 1062 2530 1118 Ostendit.
2561 1061 2735 1130 Aldus
2763 1061 2808 1115 is
2837 1061 2926 1116 ubi
2955 1073 3014 1114 se
3040 1059 3297 1130 perspicit
3323 1058 3740 1128 deprehensum,
3769 1058 3850 1110 in-

589 1194 786 1236 sonum
815 1194 898 1232 vo.
919 1177 964 1230 is
990 1146 1266 1244 aequat-etv:
1297 1168 1588 1239 spiritalem
1621 1166 1809 1219 futura:
1835 1161 2176 1231 glorizeima-
2274 1155 2472 1208 stinciu
2518 1151 2730 1206 Domitii
2779 1150 3095 1204 Rhodanum
3143 1149 3326 1219 petiit,
3369 1157 3425 1203 et
3467 1158 3654 1202 sancta
3696 1146 3852 1202 ﬂuvio

591 1271 773 1339 ginem
800 1241 1166 1336 prmtigurans,
1199 1275 1257 1316 ut
1283 1260 1372 1329 qui
1416 1263 1682 1328 praecepta
1710 1255 1890 1310 divina
1933 1252 2178 1307 celeriter
2277 1243 2517 1298 membra
2544 1241 2849 1306 committit,
2889 1248 2948 1294 ut
2986 1255 3107 1295 eum
3157 1241 3266 1296 illic
3295 1256 3325 1294 a
3355 1241 3681 1307 contagione
3711 1255 3853 1293 mor-

595 1331 823 1420 andirct,
849 1371 911 1411 ea
940 1331 1182 1408 ﬁdelibus
1203 1351 1344 1405 notis
1363 1350 1462 1418 pia:
1483 1348 1676 1402 mentis
1697 1347 1989 1416 exciperet.
2021 1342 2179 1396 Acci-
2281 1334 2392 1399 tali,
2425 1334 2573 1388 velut
2615 1332 2834 1387 alterius
2863 1331 3114 1388 Jordauis
3142 1331 3318 1397 undis,
3353 1333 3594 1387 occultus
3614 1331 3853 1403 Baptista

597 1452 678 1506 dit
705 1459 904 1514 autem,
938 1456 1012 1511 ut,
1045 1462 1167 1501 cum
1197 1453 1323 1499 ante
1350 1442 1585 1498 tribunal
1605 1437 1908 1509 exceptoris
1935 1436 2183 1504 fungere-

2296 1433 2564 1496 )urgaret;
2613 1433 2670 1479 et
2707 1433 2892 1478 mutuo
2937 1424 3250 1492 alternoque
3297 1424 3554 1495 mysterio
3603 1432 3661 1478 et
3708 1423 3853 1492 aquis

594 1553 685 1600 ιιη-
737 1543 937 1610 οηίοίο,
976 1540 1175 1610 injuste
1216 1547 1377 1607 atque
1414 1536 1674 1604 sacrilego
1709 1531 1965 1586 mndato
1996 1544 2184 1599 pel-se.
2282 1531 2499 1585 corpus,
2546 1522 2601 1570 et
2638 1529 2802 1584 aquas
2845 1530 3072 1584 corpore
3113 1516 3467 1570 consecravit.
3519 1517 3698 1586 Atque
3749 1517 3853 1571 hzcc

595 1635 827 1694 cutionis
851 1607 1000 1703 jussa
1027 1607 1333 1693 ederentur,
1357 1641 1476 1698 qua:
1503 1625 1729 1680 devotus
1749 1622 1860 1677 Deo
1883 1619 2187 1690 repudiaret
2285 1624 2445 1664 causa
2475 1609 2716 1678 profecto
2745 1609 2966 1672 exstitit,
2991 1616 3050 1662 ut
3079 1607 3294 1662 natandi
3323 1607 3647 1663 adminiculo
3678 1624 3855 1678 ρεπε-

597 1727 831 1789 auditus,
852 1697 915 1780 vet
944 1721 1252 1791 imprimere
1279 1697 1417 1773 ceris
1443 1731 1633 1769 manus
1673 1721 1858 1768 sancta
1890 1716 2183 1780 respueret.
2288 1700 2454 1766 nitet;
2483 1701 2574 1770 qui
2603 1700 2850 1770 exemplo
2873 1700 3164 1754 beatissimi
3189 1698 3337 1754 Petri
3362 1699 3429 1753 ad
3447 1697 3724 1754 Christum
3753 1710 3856 1755 ten-

600 1818 838 1889 Abjectis
866 1829 994 1884 ergo
1021 1812 1214 1868 tabulis
1239 1813 1364 1865 ante
1389 1809 1553 1878 pedes
1586 1806 1800 1874 judicis,
1831 1801 2184 1858 ministerium
2220 1820 2260 1877 B
2288 1793 2439 1858 dens,
2468 1809 2563 1864 per
2587 1809 2793 1848 summa
2820 1793 3085 1862 gurgitum
3115 1792 3389 1846 ambulare
3411 1791 3643 1862 potuitd.
3669 1791 3856 1848 Trans-

597 1882 915 1976 sacrilegum
934 1882 1155 1960 sacrata
1180 1902 1291 1971 jam
1337 1900 1568 1953 Domino
1613 1912 1764 1950 meus
1790 1895 2003 1963 refugit.
2034 1891 2104 1947 Et
2131 1894 2189 1947 ut
2291 1901 2534 1957 gressum
2565 1887 2821 1941 continuo
2856 1885 2908 1940 in
2940 1885 3196 1940 ulteriora
3225 1882 3482 1949 ﬂuminis,
3513 1893 3569 1939 et
3607 1885 3857 1940 subeundi

599 2003 656 2056 in
683 1999 829 2054 nullo
852 2014 882 2052 a
907 1995 1186 2066 pmceptis
1214 1989 1536 2058 evangelicis
1557 1995 1705 2043 actus
1733 1987 1982 2057 martyris
2004 1983 2187 2038 devia-

601 2100 746 2160 rmt,
769 2091 962 2160 quibus
984 2087 1251 2142 declinare
1277 2080 1666 2153 persecutionis
1688 2081 1943 2149 impetum
1963 2077 2048 2131 vel
2067 2089 2188 2145 per-

605 2184 886 2246 mittimur,
912 2179 999 2234 vel
1023 2177 1294 2247 jubemur,
1319 2175 1420 2228 alia
1451 2181 1611 2243 atque
1639 2171 1742 2224 alia
1770 2185 1878 2224 non
1906 2169 2080 2223 solum
2110 2167 2189 2249 1a:

601 2277 773 2338 tebra,
815 2286 1004 2330 verum
1053 2269 1216 2324 etiam
1263 2266 1484 2322 civitate
1534 2270 1738 2317 mutata
1771 2270 1797 2299 ⁸
1831 2262 1972 2330 (cum
2001 2267 2055 2313 et
2083 2258 2189 2311 alio

602 2367 724 2420 loco
753 2364 1011 2432 scriptum
1040 2360 1128 2426 sit,
1161 2358 1391 2428 Spiritus
1417 2354 1622 2426 quidem
1649 2361 1912 2423 promptus
1942 2359 2034 2412 est,
2067 2365 2189 2402 caro

604 2464 776 2509 autem
804 2454 1017 2524 inﬁrma
1035 2450 1087 2520 II)
1118 2450 1186 2504 ab
1223 2449 1302 2502 ira
1342 2462 1401 2503 se
1440 2445 1662 2500 furentis
1693 2443 1888 2513 judicis
1919 2441 2192 2512 paulisper

604 2545 860 2602 occuluit.
904 2543 1006 2610 Qui
1052 2556 1174 2597 cum
1215 2553 1337 2594 eum
1383 2535 1582 2606 corripi
1625 2534 1870 2605 protinus
1907 2531 2194 2601 oﬁ‘errique

604 2637 866 2709 iussisset,
899 2647 1077 2703 neque
1106 2628 1447 2698 investigatio
1477 2626 1543 2681 ad
1569 2633 1910 2697 procuratam
1932 2623 2192 2676 latebram

605 2725 934 2799 perveniret,
960 2719 1342 2778 crudelissimis
1371 2731 1543 2788 poena:
1582 2716 1864 2781 ministris,
1900 2721 1959 2768 ut
1987 2712 2076 2767 ubi
2104 2726 2194 2766 re-

605 2826 790 2889 pertus
836 2815 1043 2880 fuisset,
1075 2810 1252 2881 gladio
1295 2823 1418 2864 eum
1466 2807 1852 2871 interﬁcerent,
1886 2801 2190 2873 imperavit.

607 2907 763 2975 Quod
795 2905 881 2961 ubi
923 2904 1082 2958 beato
1116 2898 1348 2954 Genesio
1380 2899 1466 2953 vel
1494 2896 1720 2953 occultis
1747 2895 1948 2950 nuntiis
1979 2893 2064 2947 vel
2101 2907 2195 2946 ru-

609 3013 762 3053 more
789 3003 1126 3066 compertum
1156 2999 1260 3057 est,
1293 2990 1504 3046 diversa
1532 2988 1732 3043 latendi
1769 2987 1907 3052 loca,
1938 2992 1999 3040 ut
2022 2984 2198 3039 exitus

605 3089 793 3156 docet,
830 3101 938 3141 non
978 3083 1287 3139 inﬁrmitate
1323 3081 1562 3150 spiritus,
1611 3077 1706 3134 sed
1747 3076 1924 3133 carnis
1964 3073 2198 3144 trepida-

609 3182 782 3248 tione,
811 3177 1055 3232 mutavit.

680 3270 738 3325 5.
778 3269 954 3338 Atque
983 3265 1215 3330 interim,
1247 3263 1374 3318 licet
1417 3257 1710 3331 superﬂuo,
1747 3257 1815 3313 de
1857 3262 2192 3328 praisumpue

609 3358 734 3415 ﬁdei
765 3355 1175 3413 conﬁrmatione
1201 3351 1480 3416 sollicitus,
1511 3349 1767 3419 quoniam
1804 3347 2039 3402 nondum
2076 3354 2195 3402 erat

611 3469 679 3509 ex
706 3465 844 3522 aqua
865 3457 920 3504 et
947 3449 1151 3520 Spiritu
1172 3453 1360 3502 sancto
1379 3449 1622 3510 renatus,
1647 3455 1745 3512 per
1765 3439 1900 3496 ﬁdos
1917 3441 2196 3494 internun-

612 3545 718 3598 tios
747 3558 777 3598 a
799 3541 1092 3598 Catholicae
1112 3536 1386 3606 religionis
1413 3534 1653 3590 antistite
1677 3532 1876 3588 donum
1901 3531 2197 3602 baptisma-

613 3636 683 3690 tis
719 3633 1032 3705 postulavit.
1064 3630 1172 3686 Sed
1200 3630 1291 3686 iﬂe
1317 3628 1404 3684 vel
1432 3626 1691 3699 temporis
1727 3626 1986 3694 angustiis
2024 3625 2198 3695 impe-

613 3724 776 3790 ditus,
802 3723 886 3779 vel
909 3722 1129 3792 juvenili
1157 3721 1303 3776 aetati
1326 3718 1590 3784 diﬂidens,
1615 3715 1858 3771 ardentia
1885 3723 2009 3769 vota
2029 3715 2201 3770 distu-

616 3817 700 3885 lit,
729 3831 792 3870 ac
823 3809 1050 3868 ﬁdeliter
1077 3811 1333 3868 indicavit
1355 3807 1500 3880 quod
1537 3807 1751 3880 plenam
1780 3805 2199 3861 consummatio-

620 3923 745 3964 nem
774 3907 936 3962 etiam
960 3903 1119 3974 hujus
1145 3903 1384 3959 muneris
1423 3901 1576 3957 daret
1615 3906 1828 3971 promta
1855 3913 1954 3968 pro
1986 3897 2200 3954 Christo

618 3999 829 4056 cruoris
857 3996 1066 4053 eﬁ'usio.
1098 3993 1165 4049 Et
1190 3993 1304 4049 haec
1337 3991 1553 4062 quidem
1590 3991 1858 4046 cunctatio
1881 3988 2200 4054 saee'rdotis,

619 4091 821 4155 divino,
852 4097 912 4144 ut
938 4088 1163 4154 aestimo,
1194 4091 1407 4156 promta
1435 4091 1569 4138 nutu
1595 4090 1758 4151 atque
1776 4081 1978 4151 judicio
2005 4094 2205 4151 provo-

619 4189 739 4238 cata
769 4180 1136 4251 diSpositaque
1164 4183 1249 4232 est
1277 4193 1292 4231 :
1323 4183 1385 4230 ut
1415 4174 1556 4230 circa
1597 4173 1714 4243 ejus
1741 4173 2030 4228 solemnem
2068 4187 2202 4228 con-

619 4273 978 4329 secrationem
1025 4268 1203 4326 ofﬁcia
1256 4268 1490 4323 humana
1541 4271 1850 4332 cessarent,
1905 4265 1991 4320 cui
2045 4263 2205 4319 unius

620 4363 957 4435 baptismatis
981 4360 1174 4432 duplex
1203 4359 1394 4429 gratia,
1419 4371 1487 4412 ex
1515 4364 1748 4426 utroque
1773 4355 1980 4411 scilicet
2005 4352 2206 4410 Christi

2289 1979 2493 2050 prtemii
2533 1978 2796 2048 passionis
2841 1976 3058 2030 Christo
3103 1990 3367 2045 sponsore
3409 1990 3678 2041 securum,
3713 1975 3767 2028 in
3802 1991 3857 2028 ea

2288 2071 2438 2134 loco,
2467 2083 2627 2138 quem
2654 2067 2900 2123 eﬂ'usioni
2928 2066 3201 2134 sanguinis
3229 2065 3446 2133 gloriosi
3477 2065 3739 2120 Dominus
3764 2065 3858 2118 ele-

2289 2169 2461 2232 gerat,
2497 2161 2696 2231 quiqne
2731 2176 2874 2215 nunc
2911 2159 3156 2214 oratione
3189 2158 3400 2213 assidua
3436 2166 3492 2212 et
3524 2158 3669 2212 votis
3715 2173 3858 2211 num-

2291 2270 2452 2324 quam
2475 2255 2640 2308 irritis
2669 2252 3055 2322 frequentatur,
3081 2265 3366 2320 percussor
3389 2250 3714 2319 assequitur,
3745 2264 3858 2304 exos

2290 2354 2549 2416 ptatoqne
2580 2345 2741 2415 gladii
2778 2345 2888 2399 ictu
2933 2343 3274 2398 festinantem
3320 2341 3387 2396 ad
3427 2341 3597 2396 Deum
3640 2341 3858 2394 animant

2293 2436 2522 2490 vinculis
2565 2435 2847 2504 corporis,
2897 2433 3089 2504 quibus
3137 2431 3440 2497 tenebatur,
3490 2429 3725 2484 absolvit
3766 2445 3778 2481 :
3813 2436 3860 2481 et

2291 2535 2520 2596 utraque
2544 2526 2841 2582 substantia
2885 2524 3115 2594 propria:
3153 2522 3374 2591 originis
3423 2521 3688 2576 elementa
3718 2535 3861 2589 repe-

2293 2629 2463 2689 tente,
2485 2628 2698 2675 terrena
2732 2618 2945 2673 interim
2974 2617 3133 2672 terris
3161 2616 3398 2670 membra
3429 2612 3792 2677 commendat,
3813 2618 3862 2666 et

2293 2715 2567 2771 caelestem
2607 2713 2851 2783 spiritum
2881 2711 3079 2767 emittit
3103 2709 3174 2765 ad
3197 2710 3420 2766 caalum.

2364 2803 2420 2859 5.
2460 2802 2816 2859 Providerunt
2857 2810 3034 2855 tamen
3082 2801 3266 2856 ﬁdeles
3309 2800 3568 2870 temporis
3604 2800 3754 2856 illius
3781 2800 3862 2854 Dei

2295 2895 2458 2959 servi,
2478 2904 2540 2950 ut
2568 2903 2853 2964 utramque
2879 2892 3111 2948 ﬂuminis
3133 2894 3324 2962 ripam,
3347 2894 3632 2962 geminatis
3659 2893 3863 2948 urbibus

2296 2985 2656 3049 ambiendam,
2686 2985 2845 3039 unius
2872 2984 3123 3054 martyris
3161 2985 3326 3038 tutela
3372 2985 3626 3039 muniret.
3667 2983 3795 3037 Nam
3821 2984 3862 3037 in

2298 3077 2416 3147 ipso
2443 3077 2615 3132 beatae
2653 3075 2918 3146 passionis
2945 3076 3066 3131 loco
3090 3075 3393 3131 consecrati
3421 3075 3631 3130 cruoris
3659 3075 3864 3141 vestigia

2220 3185 2265 3246 ρ
2297 3167 2678 3236 relinquentes,
2694 3167 2747 3220 in
2759 3166 2986 3222 alterum
3000 3165 3146 3222 ﬂuvii
3159 3166 3299 3221 latus
3316 3165 3612 3220 honoratas
3631 3165 3866 3234 reliquias
3919 3238 3927 3244 _

2299 3259 2707 3326 transtulerunt,
2738 3265 2798 3315 ut
2819 3259 3104 3330 utrobique
3127 3275 3364 3330 praesens
3389 3259 3447 3315 S.
3470 3259 3751 3326 Genesius,
3775 3260 3866 3315 illic

2299 3353 2559 3421 sanguine
2586 3352 2894 3418 haberetur,
2926 3352 3013 3408 hic
3039 3368 3290 3423 corpore.

2372 3445 2426 3500 6.
2465 3443 2590 3501 llrec
2628 3445 2804 3500 omnia
2851 3443 3100 3509 ﬁdeliter,
3133 3453 3294 3516 atque
3333 3451 3394 3499 ut
3437 3453 3586 3513 gesta
3625 3452 3767 3508 sunt,
3793 3443 3868 3498 vel

2302 3542 2596 3604 comperta,
2639 3534 2723 3589 vel
2763 3534 2926 3598 dicta,
2971 3533 3259 3589 libentibus
3299 3531 3619 3602 devotisque
3661 3533 3861 3596 animis,

2302 3627 2393 3697 qui
2436 3627 2726 3693 noveratis,
2768 3628 3165 3695 recognoscite;
3206 3625 3297 3695 qui
3337 3625 3687 3693 ignorabatis,
3722 3639 3849 3692 agno

2302 3719 2470 3784 scite;
2497 3727 2552 3774 et
2576 3719 2801 3788 gloriam
2830 3719 2962 3774 tanti
2983 3721 3251 3791 martyris,
3275 3734 3374 3790 per
3393 3718 3602 3786 singula
3625 3733 3870 3772 annorum

2303 3811 2475 3882 spatia
2524 3818 2888 3878 crescentem,
2936 3821 2991 3868 et
3033 3813 3089 3868 in
3127 3813 3307 3870 secula
3352 3821 3557 3868 aeterna
3603 3814 3872 3877 victuram,

2303 3903 2496 3956 mentis
2523 3903 2692 3958 oculis
2717 3910 3054 3971 contuentes,
3081 3903 3443 3974 unusquisque
3469 3919 3568 3972 pro
3598 3905 3794 3958 viribus
3816 3903 3871 3956 ad

2301 3992 2512 4057 similia,
2543 3992 2589 4047 si
2618 3992 2692 4048 ita
2721 3993 2851 4049 ﬁdes
2874 3994 3278 4060 desideraverit,
3315 3995 3528 4051 animos
3567 4004 3872 4066 prmparatc,

2302 4088 2358 4135 et
2390 4089 2450 4136 ut
2476 4081 2664 4137 beatus
2691 4081 2971 4150 Genesius,
2997 4085 3193 4140 throno
3220 4083 3434 4140 Domini
3463 4102 3637 4156 usque
3676 4088 3729 4140 in
3769 4086 3874 4140 vin-

2303 4171 2462 4228 dict:e
2494 4189 2604 4228 suae
2643 4182 2852 4246 tempus
2885 4177 3160 4244 assistens,
3191 4178 3580 4242 sacerdotibus,
3609 4179 3873 4237 ministris.

2303 4263 2468 4330 clero,
2490 4264 2751 4335 nobisque
2772 4267 3038 4334 omnibus,
3064 4277 3119 4323 et
3138 4269 3188 4324 ei
3215 4270 3305 4338 qui
3328 4270 3671 4326 instructioni
3703 4280 3876 4324 Vestra:

2303 4356 2407 4413 ista
2435 4359 2756 4428 composuit,
2792 4361 3181 4430 patrocinetur,
3212 4370 3383 4418 orate.
3413 4362 3606 4416 Amen.

695 4490 720 4518 ι
749 4478 937 4533 Matth.
968 4493 1019 4542 x,
1048 4474 1138 4528 ει.
1213 4473 1240 4512 δ
1268 4473 1456 4528 Matth;
1489 4489 1635 4540 xxvt,
1660 4471 1745 4525 41.
1795 4482 1815 4509 ο
1848 4469 2040 4527 Johan.
2072 4485 2184 4534 xix,

2296 4509 2304 4523 .
2381 4468 2408 4509 ά
2439 4471 2630 4527 Matth.
2664 4488 2770 4540 xtv,
2803 4471 2905 4540 29;
2935 4471 3130 4529 Johan.
3160 4491 3273 4542 xxi,
3303 4473 3354 4529 7.

1349 4685 1470 4768 IN
1543 4682 2020 4768 PAULINI
2093 4685 2532 4770 NOLANI
2585 4687 3206 4775 EPISTOLAS

1602 4838 2213 4912 VARIANTES
2289 4831 2888 4912 LECTIONES

1575 4988 1664 5032 nx
1704 4986 2158 5033 HANUSCBIP'I‘IS
2203 4985 2290 5029 ετ
2330 4953 2538 5030 enim
2584 4987 2946 5032 CODICIBUS.

1011 5177 1078 5231 ΙΝ
1111 5174 1491 5231 EPISTOLAM
1520 5175 1808 5232 PRIMAM.

660 5267 715 5348 η’
744 5263 824 5320 Ita
852 5281 954 5322 ms.
980 5265 1141 5347 Vien.
1165 5265 1331 5348 Abest
1359 5267 1472 5321 haec
1509 5267 1770 5348 particula
1797 5269 1865 5324 ab
1890 5269 2007 5324 aliis
2045 5269 2199 5324 codi—

625 5337 776 5405 cibus
808 5351 824 5389 :
853 5351 970 5390 eam
995 5337 1270 5405 requirunt
1296 5339 1592 5405 sequentia.

697 5408 718 5436 '
748 5403 849 5477 Sic,
879 5421 977 5460 ms.
1011 5404 1179 5477 Vatic.
1223 5403 1412 5461 cedet.
1460 5406 1619 5462 Certe
1662 5408 1714 5461 in
1743 5409 2086 5477 sequentibus
2117 5417 2198 5463 est

626 5489 690 5530 ea
716 5475 994 5557 particula,
1023 5477 1077 5530 in
1106 5475 1348 5544 Domino,
1377 5479 1432 5531 in
1454 5477 1688 5545 Christo;
1718 5475 1835 5533 ideo
1858 5480 1944 5533 hic
1967 5494 2085 5534 eam
2108 5495 2196 5533 rc-

663 5561 918 5600 osuimus.

627 5561 662 5614 Ρ
699 5615 718 5645 ³
748 5614 842 5667 Ms.
876 5615 1046 5669 codex
1072 5615 1252 5680 Vien.,
1284 5617 1528 5679 omnium,
1557 5625 1606 5670 et
1635 5618 1872 5670 maxime.

696 5683 717 5713 ⁸
747 5683 840 5753 Ms.
873 5682 1069 5753 Regius
1093 5686 1282 5749 codex,
1313 5688 1411 5740 sui.
1443 5685 1579 5740 Edd.
1614 5687 1739 5740 ltad.
1771 5695 1824 5740 et
1851 5684 2036 5753 Grav.,
2065 5686 2190 5740 suis.

699 5754 720 5783 ⁸
751 5752 842 5806 Ms.
873 5752 1027 5819 Reg,
1061 5754 1151 5808 Va:
1180 5756 1278 5809 liis.

696 5822 719 5853 ‘
747 5804 843 5877 Ms.
887 5804 1289 5892 cd‘éé’xﬁegiis
1333 5840 1456 5880 cum
1501 5823 1654 5879 editis
1699 5804 1862 5892 Bad.,
1910 5823 2082 5880 Grint.
2140 5834 2195 5880 et

2307 5176 2523 5245 Schot.,
2550 5179 2856 5234 subveneris

2378 5251 2397 5280 ⁷
2425 5247 2523 5302 Ms.
2557 5249 2750 5316 Vatic.,
2779 5260 3104 5305 convertatur
3128 5261 3178 5307 et
3206 5255 3458 5311 incidant.

2377 5319 2398 5350 ⁸
2551 5319 2726 5392 Y_i_en.,
2760 5329 2896 5374 moto
2919 5322 3104 5392 gradu.

2377 5392 2397 5422 θ
2432 5389 2526 5443 Ms.
2561 5388 2738 5454 Vien.,
2766 5388 2959 5444 eorum.

2379 5460 2420 5533 ff’
2450 5458 2770 5513 Particulam
2797 5470 2872 5533 et,
2899 5476 3018 5530 qua:
3039 5460 3224 5533 deerat
3253 5461 3304 5514 in
3335 5462 3490 5518 editis
3514 5475 3759 5533 quatuor,
3792 5466 3878 5519 ad-

2308 5529 2538 5584 didimus
2564 5543 2631 5582 ex
2655 5544 2780 5583 mss.
2815 5529 2945 5597 Reg.
2980 5538 3034 5583 et
3062 5530 3217 5584 Vien.
3252 5541 3305 5584 et
3328 5533 3411 5584 ed.
3441 5529 3590 5588 Grin.

2374 5601 2412 5672 ξι
2443 5600 2608 5672 Abest
2635 5614 2739 5672 vo;
2767 5602 2983 5672 nostris
3009 5616 3107 5653 ms.
3132 5600 3316 5655 codice
3344 5601 3530 5672 Regio.

2373 5668 2414 5699 ι’
2443 5667 2518 5745 Ita
2549 5684 2649 5745 ms.
2681 5667 2833 5745 Vien.
2871 5669 3004 5745 Edd.
3027 5679 3165 5745 tres,
3197 5672 3301 5724 sint
3327 5667 3451 5727 sua:
3468 5674 3563 5728 Ms.
3597 5675 3748 5745 Reg,
3784 5679 3885 5731 s‘nt

2303 5755 2431 5791 una.
2467 5739 2643 5791 Ceteri
2672 5739 2824 5792 codd.
2844 5779 2858 5800 ,
2889 5741 2992 5792 sint
3023 5741 3074 5792 in
3102 5757 3215 5792 sua.

2375 5810 2416 5840 “
2448 5806 2545 5861 Ms;
2588 5807 2768 5863 Codex
2815 5808 3009 5878 Regius
3034 5825 3156 5865 cum
3179 5810 3336 5867 editis
3375 5823 3605 5884 quatuor
3640 5835 3652 5870 :
3687 5816 3884 5870 sobrius
