4008 6346
185 391 282 447 δει

181 515 292 556 esto
313 501 367 554 in
395 497 654 562 omnibus,
677 493 853 548 labora
880 501 1133 546 certamen
1165 492 1355 562 bonum
1383 502 1598 546 certare.

257 573 300 604 ’ἰ
313 570 480 624 Abest
503 561 722 620 verbum
744 565 912 616 devita
940 578 969 616 a
998 579 1101 617 ms.
1133 562 1316 616 codice
1342 561 1509 628 Regio
1533 574 1587 617 et
1615 561 1772 615 editis

182 649 439 726 gua'tuor,
483 636 755 726 Munius.
788 633 948 726 Forte
977 632 1444 726 addendumfuge,
1471 630 1772 726 Isuccutislus

183 701 242 764 S.
275 708 323 762 .l.
370 701 487 763 Non
520 706 771 760 inusitata
798 712 881 757 est
920 703 972 756 in
1005 702 1177 771 longis
1206 701 1508 770 liujusmodi
1538 701 1774 771 periodis

183 779 396 846 magnis
423 777 587 832 etiam
616 775 747 828 viris
774 773 1213 846 inconsequentia
1227 771 1531 846 _ali_q_ua,_‘et‘
1544 771 1772 824 fortasse

185 840 447 902 Paulinus
467 846 704 918 prudens
728 843 812 918 vel
842 842 1156 918 imprudens
1177 840 1409 918 admisit.
1433 841 1775 918 Quialtamen

187 933 320 974 vero
363 910 593 972 similius
619 914 900 969 videbatur
919 910 1151 966 verbum
1191 910 1420 964 librariis
1467 911 1731 965 excidisse
1755 950 1770 970 .

187 989 293 1043 hoc
322 988 480 1042 nobis
508 984 1000 1040 commodissimum
1029 983 1199 1035 visum
1231 990 1313 1034 est
1341 996 1408 1034 ex
1438 979 1676 1034 secunda
1705 979 1774 1033 ad

189 1056 534 1112 Timotheum
555 1053 698 1108 unde
724 1061 866 1108 lotus
886 1053 971 1106 hic
991 1053 1140 1106 locus
1161 1052 1436 1114 desumtus
1460 1059 1560 1104 est.
1585 1050 1770 1104 Simile

189 1130 479 1197 abruptum
528 1124 661 1178 inl’ra
703 1125 859 1193 epist.
905 1122 991 1189 10,
1040 1121 1185 1175 Scito
1233 1137 1368 1175 nunc
1413 1122 1596 1184 istam;
1643 1127 1772 1184 etc.;

193 1196 243 1250 Η
251 1196 349 1250 anc
377 1213 519 1266 ergo,
552 1204 654 1248 etc.

267 1269 308 1298 “
339 1265 448 1320 Ms.
473 1267 645 1326 Vien..
677 1273 726 1318 et
755 1265 808 1317 in
837 1265 1095 1334 laqueum.

263 1339 306 1368 ¹⁶
329 1339 426 1392 Ms.
463 1335 639 1396 Vien.,
667 1329 998 1404 quastiones,
1027 1343 1074 1386 et
1102 1331 1267 1385 aniles
1294 1329 1531 1402 fabulas,
1562 1337 1652 1382 aut
1675 1329 1776 1382 im-

191 1425 327 1478 pias.

265 1479 305 1509 "
337 1476 441 1531 Ms.
474 1475 606 1542 Reg.
625 1516 640 1540 ,
667 1473 757 1527 sed
785 1489 984 1528 omnes.

264 1549 307 1578 η
324 1545 459 1601 Edd.
495 1553 743 1613 quatuor.
756 1586 786 1613 ,ν
803 1543 884 1597 ob.

262 1615 408 1670 "Ms.
434 1612 612 1679 Vien.,
642 1624 698 1668 ut
725 1612 989 1684 Abraham
1012 1613 1186 1684 ﬁdelis
1220 1612 1456 1665 imitatus
1479 1626 1769 1684 excessum.

267 1687 312 1717 ¹⁶
352 1685 450 1739 Ms.
487 1684 618 1753 Reg.
649 1693 703 1738 et
728 1683 814 1753 ed.
846 1680 1034 1739 Schot'.
1061 1725 1077 1749 ,
1121 1683 1446 1736 laetantium.
1474 1681 1499 1753 1
1527 1680 1777 1753 Lactans,

195 1755 390 1826 Papiae,
419 1772 534 1826 qua:
562 1751 643 1808 [ac
664 1752 887 1826 prtebet;
918 1756 1131 1817 lactens,
1155 1755 1235 1806 cui
1262 1754 1343 1805 lac
1367 1751 1639 1826 praebetur.
1674 1751 1782 1803 Sed

196 1821 338 1896 saepe
381 1821 592 1880 veteres
638 1821 930 1893 scriptores
967 1833 1262 1896 utrumque
1306 1821 1679 1896 confundunt,
1724 1829 1784 1896 ut

195 1889 441 1966 pluribus
467 1897 517 1966 in
549 1896 680 1966 locis
708 1889 931 1966 operum
961 1894 1016 1948 S.
1052 1889 1299 1966 Paulini”.
1341 1891 1486 1966 quod
1515 1889 1780 1966 etiamad

200 1960 453 2036 hymnum
483 1960 759 2036 Prudentii
785 1965 851 2019 de
881 1966 1127 2035 passione
1157 1964 1215 2016 Β.
1253 1960 1476 2036 Romani
1502 1977 1644 2036 vers.
1680 1960 1781 2012 667

200 1983 230 2019 n
269 1983 453 2020 mnum
483 1983 755 2020 rruucnui
785 1983 851 2019 ue
881 1983 1127 2035 passnone
1157 1983 1215 2016 υ.
1255 1983 1476 2016 “omam
1502 1983 1644 2015 vers.
1680 1983 1776 2012 om

189 1983 423 2090 adnotat
464 2036 524 2088 N.
559 2035 828 2099 Heinsius,
875 2037 962 2090 ubi
995 2036 1187 2102 legitur
1219 2035 1269 2087 in
1300 2033 1571 2101 plerisque
1601 2033 1781 2085 \‘eter-

191 2106 348 2160 s'imis
373 2105 649 2172 codicibus
675 2106 937 2172 laetantis,
969 2121 1066 2172 pro
1095 2105 1351 2158 lactentis.

267 2178 308 2207 "
342 2176 441 2230 Ms.
476 2171 606 2243 Reg.
638 2184 694 2230 et
720 2175 842 2229 edd.
875 2170 1003 2229 Bad.
1041 2184 1096 2230 et
1120 2172 1306 2234 Grav.,
1349 2170 1779 2226 Barchinoncusi.

269 2248 314 2278 η
344 2245 443 2316 Ms.
479 2245 636 2314 Reg,
659 2262 875 2316 aggere;
906 2261 1004 2299 ms.
1023 2245 1197 2306 Vien.,
1225 2245 1421 2313 aggeri.

269 2317 316 2349 ”
343 2315 443 2371 Ms.
479 2316 611 2385 Reg.
636 2315 756 2372 cum
787 2317 943 2369 editis
969 2316 1156 2375 tribus,
1187 2329 1361 2385 agam.

780 2408 846 2462 ΙΝ
877 2407 1090 2462 EPIST.
1122 2405 1183 2459 Il.

271 2503 287 2533 ‘
315 2501 413 2556 Ms.
448 2500 607 2568 Reg,
637 2501 938 2568 accipimus.

244 2575 290 2604 "
319 2571 419 2625 Ms.
445 2571 626 2636 Vien.,
653 2569 890 2623 salutari.

274 2643 296 2674 ⁸
317 2641 416 2697 Ms.
447 2641 617 2696 codex
647 2639 844 2702 Vatic.,
873 2638 1050 2692 altari.

273 2713 294 2742 ⁸
322 2711 420 2766 Ms.
454 2711 612 2779 Reg.,
643 2711 914 2764 lactantes.

271 2782 292 2814 '
321 2781 482 2851 Deest
507 2775 768 2851 particula
806 2789 856 2832 et
885 2779 938 2833 in
968 2793 1068 2834 ms.
1096 2775 1252 2832 Vien.

273 2853 296 2884 ‘
320 2850 420 2906 Ms.
453 2850 631 2913 Vien.,
657 2866 855 2904 sumus.

277 2924 298 2955 ⁷
327 2920 465 2977 Edd.
488 2931 612 2986 tres,
641 2937 772 2974 unus
801 2919 1036 2990 spiritus.

284 2994 306 3024 ⁸
337 2991 538 3046 Dicitur
570 2982 729 3044 etiam
755 3006 784 3043 a
911 2989 1205 3056 Augustino
1233 3000 1397 3041 serm.
1423 2982 1490 3038 de
1518 2982 1779 3056 Innocen:

206 3061 375 3127 tibus,
405 3059 473 3114 Et
513 3061 580 3113 ad
610 3077 760 3113 unum
797 3061 883 3130 qui
911 3051 1041 3130 umis
1071 3069 1164 3113 est.
1195 3055 1380 3111 Simile
1407 3054 1534 3124 quid
1562 3054 1722 3130 epist.
1759 3051 1782 3103 1

203 3132 375 3256 ξηιηο
401 3131 493 3201 57)
528 3132 595 3185 ad
623 3126 946 3195 Victricium,
979 3128 1059 3183 Ea
1090 3131 1304 3183 veritate
1332 3143 1432 3197 qua
1472 3126 1662 3179 veritas
1690 3131 1785 3175 est.

251 3217 459 3256 ACCBIN.

251 3217 459 3257 ACCBIN.

273 3276 294 3306 ’
349 3272 450 3328 Ms.
485 3272 663 3335 Vien.,
703 3272 921 3327 socialia
947 3271 1161 3325 invicem
1181 3265 1430 3323 membra.

275 3343 316 3374 ¹⁶
345 3343 457 3414 Ms.
479 3341 658 3405 Vien.,
691 3343 1062 3414 fundamentis.

278 3414 316 3445 “
346 3412 484 3468 Edd.
517 3421 646 3475 tres,
671 3412 827 3467 mn.

277 3485 318 3516 ¹¹
344 3482 445 3538 Ed.
477 3483 685 3552 Rosw.,
707 3485 828 3554 quia
855 3491 943 3536 aut
971 3491 1211 3536 vestrum.

779 3573 845 3628 IN
873 3573 1086 3628 EPIST.
1110 3571 1196 3626 III.

283 3667 301 3698 ¹
331 3666 427 3721 Ms.
462 3666 638 3722 codex
665 3682 804 3722 unus
832 3665 1162 3734 Bigotianus,
1189 3660 1482 3717 muneribus
1511 3662 1583 3714 ita
1615 3675 1789 3714 sumus

210 3738 482 3807 provocati.

281 3809 300 3839 ¹
328 3807 422 3862 Ms.
454 3807 563 3861 duo
593 3805 948 3877 Big.,nltaque
976 3810 1050 3859 sic
1073 3805 1287 3877 ﬁducia.

282 3877 302 3907 ⁸
328 3877 403 3931 Ita
445 3894 546 3931 ms.
586 3870 694 3931 duo
719 3870 965 3931 Vaticani
1005 3870 1124 3931 cuin
1155 3876 1283 3929 edit.
1330 3870 1529 3926 Bencd.
1563 3884 1788 3938 onerum

221 3944 270 3999 ὃ.
298 3948 606 4016 Augustini;
637 3947 727 4001 alii
757 3947 862 4002 duo
893 3961 1018 4000 mss.
1055 3945 1173 3999 Vat.
1207 3954 1263 4000 et
1288 3945 1394 3999 duo
1415 3942 1554 4009 Big.,
1588 3939 1790 3992 Burcil-

223 4015 395 4070 lenem.
423 4019 563 4072 Ante
592 4025 709 4072 erat
737 4016 1086 4070 Barcilonam.

286 4088 304 4117 δ
331 4087 428 4141 Ed.
455 4089 680 4155 Bened.,
703 4086 964 4142 vindicare
980 4105 996 4150 ,'
1020 4088 1158 4141 sicut
1182 4093 1236 4140 et
1257 4098 1418 4154 supra
1441 4098 1494 4135 η.
1522 4080 1546 4132 I
1579 4080 1632 4133 in
1664 4079 1792 4147 line,

222 4158 541 4211 uindicemus.

284 4230 303 4258 ⁵
330 4229 453 4282 Mss.
487 4228 595 4282 duo
627 4227 820 4290 Vatic.,
852 4228 1130 4281 collucens.

285 4299 305 4329 ‘
331 4298 454 4353 Mss.
492 4298 607 4367 Big.
635 4298 762 4363 duo,
797 4297 1040 4368 Tagaste.

789 4388 857 4442 IN
886 4388 1098 4443 EPIST.
1130 4387 1220 4442 IV.

287 4481 302 4510 ¹
327 4478 421 4532 Ms.
458 4479 481 4532 I
512 4479 653 4547 Big.,
685 4477 1060 4532 Ecclesiarum.

282 4551 303 4580 '
332 4549 426 4603 Ms.
461 4549 486 4601 ι
507 4549 634 4616 Big.
669 4557 723 4602 et
751 4549 872 4603 edd.
908 4549 959 4612 Ξ,
992 4550 1298 4604 constitutus
1327 4565 1400 4602 es.

285 4619 306 4649 ³
332 4619 455 4673 Mss.
479 4621 692 4673 codices
720 4618 983 4688 Bigotiani
1006 4629 1114 4674 tres
1143 4628 1194 4673 ct
1228 4619 1467 4674 Vaticani
1489 4617 1615 4682 duo,
1641 4627 1746 4673 toto
1770 4635 1789 4674 :

219 4689 368 4744 male.
392 4689 525 4744 Vide
553 4705 718 4744 carm.
749 4689 839 4753 2t,
867 4706 1006 4744 vers.
1039 4690 1161 4754 205,
1195 4697 1250 4744 et
1279 4690 1435 4759 epist.
1463 4688 1550 4756 16,
1581 4705 1636 4742 n.
1663 4689 1712 4743 1.

283 4760 306 4788 ⁸
337 4757 447 4813 Una
480 4759 662 4815 Rosw.
697 4759 884 4815 editio.
916 4762 966 4814 in
992 4770 1216 4815 portum.

283 4779 306 4788 '
339 4779 447 4813 υηξι
480 4779 662 4815 ιιοεκγ.
697 4779 884 4825 ευιιιο,
916 4779 966 4814 ΠΙ
990 4779 1216 4830 portum.

283 4829 700 4902 'Expunximus
728 4847 914 4886 vocem
944 4849 1065 4902 ego,
1105 4845 1224 4899 qua:
1252 4830 1438 4885 aberat
1463 4846 1494 4884 a
1536 4845 1663 4884 mss.
1697 4845 1792 4885 co-

219 4901 413 4956 dicibus
435 4908 491 4954 et
517 4910 748 4969 quatuor
772 4902 950 4957 editis.

273 4971 404 5094 (illa
442 4985 573 5025 mss.
622 4970 838 5028 codices
875 4987 998 5028 cum
1026 4971 1111 5027 ed.
1162 4970 1363 5026 Bencd.
1412 4971 1548 5026 Ante
1599 4980 1790 5026 eratet

293 5059 332 5094 ι.

216 5057 332 5095 san.

281 5113 301 5142 τ
331 5111 417 5168 Sic
441 5126 630 5168 omnes
655 5111 812 5168 codd.
845 5111 944 5167 Ed.
971 5111 1178 5178 Rosw.,
1208 5129 1342 5176 vere,
1368 5111 1648 5166 mendose.

783 5210 851 5265 IN
881 5210 1095 5266 EPIST.
1142 5211 1206 5266 γ.

283 5304 299 5334 ⁸
332 5303 404 5357 Ita
429 5303 578 5358 editi.
612 5302 739 5358 Mss.
771 5303 1019 5374 codices,
1046 5303 1328 5374 spiritalia.

280 5376 302 5444 ξ
333 5373 486 5444 Deest
507 5391 656 5428 suam
686 5375 738 5427 in
768 5390 868 5430 ms.
904 5373 1036 5444 Reg.
1060 5373 1113 5428 et
1137 5374 1259 5428 edd.
1293 5375 1482 5430 tribus.

283 5443 304 5473 ³
335 5442 426 5496 Ms.
461 5443 618 5513 Reg.,
651 5445 904 5497 consiliis.

282 5514 304 5544 δ
332 5513 416 5595 Sic
447 5512 574 5597 mss.
619 5513 752 5583 Reg.
798 5523 852 5570 et
879 5514 1035 5570 Vien.
1067 5529 1189 5570 cum
1219 5514 1376 5570 editis
1417 5514 1604 5569 tribus.
1653 5512 1788 5575 Alii,

214 5599 376 5654 magis
403 5595 588 5638 nostri.

215 5653 752 5778 Ed‘ﬂglﬂinffgfesbi'tam
781 5669 850 5710 ex
887 5671 1017 5710 mss.
1049 5655 1323 5712 codicibus
1361 5655 1524 5712 Vien.
1548 5662 1603 5710 et
1647 5652 1785 5722 Reg.

264 5727 374 5786 :liti,
404 5727 456 5777 in
486 5727 730 5778 tenebris.

283 5798 302 5875 ξ
334 5793 386 5875 In
415 5812 518 5875 ms..-
551 5795 692 5875 Reg:
718 5801 772 5850 et
787 5795 922 5875 .edd.
955 5795 1084 5850 Bad.
1120 5796 1389 5875 et_Scliot.
1423 5797 1573 5853 deest
1603 5813 1671 5852 se.

283 5869 301 5899 ⁷
332 5864 426 5922 Ms.
459 5866 639 5932 Vien.,
667 5867 932 5935 fuerimus,
963 5884 1056 5934 pro
1085 5867 1283 5934 quibus.

1414 376 1790 435 VARIANI‘ES
1825 377 2219 435 LEGTIONES.

3346 382 3451 437 ων

1950 493 1970 524 ⁸
2000 491 2095 564 Εὐ.
2123 491 2332 564 scliot.,
2365 495 2656 564 nequiaem.

1949 562 2132 634 εεῴι.
2165 563 2348 618 Schol.
2381 562 2647 634 exhaustis
2673 564 2903 634 corporis
2928 563 3140 618 viribus.

1949 632 1992 703 το
2030 632 2347 703 λειφθείη
2392 633 2588 703 Regius
2636 632 2771 688 cum
2803 635 2961 688 editis
3002 634 3157 698 Bad.,
3208 635 3370 690 Grav.
3398 645 3453 690 ct

1876 699 2060 757 Schol.
2073 745 2087 768 ,
2121 701 2258 766 Quid
2288 699 2481 757 tamen.

1950 773 1989 803 “
2023 774 2187 830 Abest
2214 791 2381 827 meam
2409 789 2439 827 a
2470 789 2568 827 ms.
2599 772 2783 827 codice
2804 772 3115 828 Viennensi.

1952 842 1993 872 “
2024 843 2122 896 Ms.
2158 844 2326 899 Vatic.
2351 852 2406 898 et
2427 844 2511 898 ed.
2538 842 2713 908 Grin.,
2736 845 2789 896 in
2820 845 2975 896 vicem
3003 861 3170 898 suam.

1951 911 2121 995 “.Ms.
2153 914 2321 969 codex
2341 914 2516 978 Vien.,
2548 915 2602 968 in
2631 914 2823 985 gremio
2847 924 3025 967 sancto
3053 914 3334 969 communis
3363 933 3456 983 pa-

1876 990 2036 1035 troni.

1951 1051 1994 1124 'f
2020 1053 2120 1124 Ms.
2145 1052 2344 1124 Vatic.,
2371 1056 2644 1124 impetrare
2673 1070 2849 1124 conor.

1953 1122 1996 1153 ¹⁵
2025 1122 2353 1189 Ed.Sehot.,
2384 1121 2698 1179 existimare.
2729 1123 2827 1176 Ms.
2861 1121 2993 1190 Reg.
3025 1137 3146 1177 eum
3179 1124 3301 1180 edd.
3325 1125 3454 1180 Bad.

1879 1199 1936 1246 et
1962 1190 2134 1256 Grin.,
2167 1196 2434 1248 a'stimari.

1879 1263 1998 1384 tu:
2029 1263 2162 1319 Vide
2199 1267 2358 1334 epist.
2390 1264 2490 1333 49,
2539 1281 2594 1320 n.
2627 1263 2664 1316 2
2684 1303 2699 1330 ,
2750 1263 3009 1318 sentinam
3036 1263 3232 1335 depleri
3261 1283 3459 1322 necesse

1951 1405 1991 1434 "
2022 1403 2121 1458 Ms.
2149 1404 2280 1472 Reg.
2311 1414 2366 1460 et
2389 1406 2474 1461 ed.
2506 1405 2854 1466 Bad..ne:eus.

1952 1475 1996 1547 ’ξ
2024 1473 2122 1547 ξω.
2153 1475 2364 1547 Sebot.,
2396 1478 2626 1547 suscipit.

1955 1546 1994 1617 ff
2145 1544 2310 1617 _Reg.,
2335 1564 2426 1600 nec
2442 1544 2710 1617 impedire.

1951 1613 1997 1714 ξς
2021 1613 2135 1714 'Ms;
2145 1614 2463 1714 Reg.,llicet.

1955 1686 1999 1784 ἓ
2021 1683 2075 1736 Id
2105 1688 2362 1809 CSIétede.

1955 1823 1999 1836 n
2030 1753 2216 1836 add.“
2243 1772 2353 1811 rav.
2377 1763 2433 1836 _et
2457 1753 2881 1836 Roswzﬁdd‘unt
2904 1755 2966 1807 de
2997 1764 3062 1836 te.

1955 1823 2000 1855 ”
2029 1823 2125 1878 Ms.
2155 1825 2310 1880 Vien.
2343 1825 2594 1878 circuibit.
2627 1825 2724 1877 Ed.
2757 1823 2934 1890 Grin.,
2960 1823 3317 1879 circumdabit.

1885 1963 1897 1976 ο
1953 1893 1997 1924 ’⁸
2027 1893 2475 2017 SicRI’rudcntius
2503 1896 2820 1966 Apotheos.,
2847 1909 2988 1950 vers.
3019 1895 3143 1949 118.
3176 1893 3336 1950 Deest
3363 1896 3462 1949 loci

1885 1981 1937 2017 in
1969 1980 2069 2017 ms.
2153 1980 2234 2017 ea.

1884 1981 1937 2018 in
1969 1980 2069 2020 ms.
2105 1980 2234 2033 itcg.

1885 2107 1921 2158 ε,
1954 2035 2000 2065 ’⁵
2031 2034 2126 2090 Ms.
2163 2035 2292 2106 Reg.
2325 2053 2446 2091 cum
2488 2035 2610 2092 edd.
2657 2035 2787 2092 Bad.
2829 2045 2885 2093 et
2925 2036 3134 2104 Sebot.,
3176 2036 3229 2090 in
3265 2035 3466 2091 exulta.

1907 2122 2044 2158 ioue.

1907 2122 2044 2160 tone.

1955 2176 2001 2206 "
2032 2176 2126 2230 Ms.
2160 2176 2339 2241 Vien.,
2374 2176 2583 2231 Domini
2614 2179 2775 2231 nostri
2803 2175 2949 2230 Iesu.

1957 2249 1999 2276 ’⁷
2031 2246 2274 2301 Latinius
2301 2247 2584 2315 legendum
2613 2256 2768 2316 putat
2792 2249 3041 2301 locorum.

1957 2317 2001 2346 ³⁸
2034 2316 2129 2371 Ms.
2159 2317 2349 2381 Vien.,—
2376 2319 2440 2370 dc
2469 2319 2599 2380 cella
2629 2330 2826 2372 nostra.

1956 2387 1999 2418 η
2031 2385 2126 2439 Ed.
2153 2386 2363 2452 Scliot.,
2395 2397 2591 2442 testem.

1959 2457 2002 2529 f‘f
2035 2456 2132 2529 Ms.
2168 2457 2344 2521 Vien.,
2378 2461 2624 2529 accipias.

1959 2527 1999 2598 εξ
2030 2526 2154 2581 Mss.
2180 2529 2393 2584 codices
2423 2525 2555 2598 Reg.
2588 2528 2799 2583 etVien.
2829 2544 2951 2584 cum
2979 2529 3098 2585 edd.
3127 2527 3280 2594 Bad.,
3303 2525 3463 2582 Grav.

1887 2606 1943 2652 et
1969 2596 2182 2664 Schot.,
2207 2599 2435 2678 impendi
2461 2596 2706 2653 ordinare
2732 2599 2979 2670 digneris.

2339 2691 2407 2746 IN
2433 2689 2647 2746 EPIST.
2679 2690 2869 2768 VI'ET
2898 2691 3010 2747 VII.

1958 2784 1971 2812 ¹
2006 2781 2133 2836 Mss.
2163 2782 2271 2837 duo
2301 2782 2439 2851 Big.,
2469 2784 2644 2850 amici,
2678 2798 2785 2838 non
2814 2783 2977 2839 male.

1957 2853 1978 2882 '
2007 2851 2115 2908 Mss
2165 2853 2272 2908 duo
2300 2852 2438 2922 Big.,
2469 2854 2630 2925 quod.

2451 2942 2516 2996 IN
2542 2941 2758 2997 EPIST.
2782 2943 2920 2998 VIII.

1969 3031 1984 3062 ¹
2019 3028 2388 3101 Expunximns
2413 3049 2603 3088 vocem
2634 3051 2852 3105 semper,
2885 3049 3044 3102 quam
3067 3034 3294 3090 addebat
3313 3034 3472 3093 edilic

1890 3100 2072 3157 Rosw.
2102 3100 2289 3158 contra
2321 3105 2476 3158 [idem
2501 3100 3028 3159 aliorum'codicum.

1965 3179 1983 3245 ξ
2022 3173 2097 3245 Ita
2127 3191 2258 3228 mss.
2289 3178 2397 3229 duo
2422 3173 2537 3243 Big.
2570 3175 2736 3242 Alias,
2768 3192 2946 3245 supra.

1966 3244 1988 3274 ³
2029 3243 2275 3300 Ostendit
2315 3260 2577 3300 summam
2625 3243 2896 3299 miseriam
2944 3244 3348 3299 ambitiosorum
3389 3246 3479 3314 qu'

1891 3324 2078 3368 emunt
2107 3316 2348 3382 ancillas,
2382 3314 2437 3370 id
2466 3323 2568 3380 est,
2604 3315 2760 3370 donis
2790 3315 3033 3369 ambiunt
3061 3313 3287 3382 gratiam
3316 3313 3476 3368 lenii-

1892 3400 2083 3456 narum
2111 3387 2328 3449 vilium,
2365 3400 2485 3456 qua:
2514 3386 2642 3455 ipsis
2670 3385 3033 3445 dominentur.
3067 3383 3315 3440 SACCIHN.
3342 3385 3399 3439 S.
3425 3383 3475 3438 J.

1962 3454 1985 3486 ‘
2014 3454 2263 3510 Sacchin.
2299 3454 2751 3512 fortassedecori.

1965 3525 2106 3596 'glta
2137 3543 2266 3582 mss.
2304 3526 2569 3596 Bigotiani
2598 3527 2812 3581 codices
2841 3526 2946 3580 duo
2969 3565 2984 3591 ,
3033 3525 3283 3582 Vaticani
3327 3523 3392 3589 4,
3425 3531 3477 3580 et

1891 3595 1978 3650 ed.
2006 3594 2204 3652 Bened.
2239 3594 2389 3652 Ante
2407 3606 2525 3652 erat
2553 3613 2614 3649 ac
2643 3597 2942 3651 simulacra.

1963 3667 1983 3697 ‘
2012 3667 2102 3722 Sic
2129 3667 2255 3723 edd.
2283 3669 2483 3724 Bencd.
2513 3677 2568 3722 et
2594 3666 2758 3721 Grav.
2792 3666 2954 3733 Alias,
2989 3667 3280 3736 alfundam.

2463 3764 2530 3818 IN
2560 3763 2776 3818 EPIST.
2817 3762 2907 3818 IX.

1969 3862 1983 3888 ‘
2013 3857 2089 3911 Ita
2121 3873 2221 3911 ms.
2249 3857 2406 3910 Vien.
2434 3855 2596 3920 Alias,
2625 3854 2704 3907 sal
2737 3864 2872 3906 terra
2896 3854 3134 3915 vividum,
3160 3855 3406 3924 referens.

1926 3931 1984 4051 d’
2019 3928 2146 3981 Mss.
2194 3928 2409 3982 codices
2456 3926 2589 3993 Reg.
2620 3933 2675 3980 et
2718 3924 2870 3978 Vien.
2912 3939 3033 3978 cum
3081 3923 3238 3978 editis
3278 3923 3477 3986 tribus,

1963 4015 2138 4051 nuere.

1891 4015 2121 4051 aanuere
2127 4040 2138 4050 .

1963 4069 1984 4100 ⁸
2018 4068 2270 4122 Sacchin.
2300 4064 2722 4134 consequentius
2745 4063 2957 4117 videtur
2985 4061 3318 4115 abstinemus.

1965 4141 1985 4170 ⁸
2013 4138 2109 4192 Ed.
2139 4137 2316 4199 Grin.,
2349 4139 2431 4190 via
2462 4135 2679 4194 peccati.

2488 4236 2554 4290 IN
2586 4232 2798 4288 EPIST.
2831 4231 2899 4286 X.

1965 4336 1981 4366 ¹
2008 4333 2103 4387 Ms.
2140 4331 2294 4400 Reg.,
2331 4328 2672 4400 Quamquam.

1963 4408 1983 4436 ¹
2014 4404 2112 4459 Ms.
2149 4403 2306 4470 Reg.,
2339 4403 2403 4454 de
2431 4400 2642 4470 nostris.

1963 4476 1983 4506 ³
2013 4475 2108 4528 Ms.
2146 4465 2274 4539 Reg.
2300 4482 2354 4526 et
2381 4470 2506 4525 edd.
2537 4468 2589 4539 4,
2621 4485 2652 4520 a
2684 4477 2769 4521 tuo
2799 4465 2972 4520 corde.

1966 4546 1983 4576 ⁸
2008 4545 2132 4600 Mss.
2164 4538 2296 4612 Reg.
2328 4552 2382 4597 et
2413 4538 2562 4594 Vien.
2591 4539 2855 4608 adferens.

2467 4639 2534 4693 IN
2560 4637 2779 4692 EPIST.
2827 4635 2916 4689 XI.

1967 4739 1981 4769 ¹
2011 4736 2108 4790 Ms.
2136 4736 2268 4803 Reg.
2303 4749 2424 4789 cum
2447 4732 2604 4786 editis
2627 4731 2781 4803 Bad.,
2805 4726 3163 4803 Grav.,_Grin.
3187 4731 3242 4781 et
3267 4725 3480 4794 SCIIOI.,
3561 4754 3563 4756 -

1883 4797 2246 4879 jocunditutisv.
2282 4805 2345 4858 Et
2374 4801 2866 4879 si_c__ubique.iidem
2895 4797 3128 4879 codices.

1964 4882 1982 4909 ’
2016 4878 2138 4931 Mss.
2173 4877 2303 4940 Reg.
2335 4884 2389 4928 et
2421 4867 2606 4938 Vien.,
2628 4872 2882 4942 adfertur.
2909 4867 2974 4922 Et
3002 4867 3258 4942 sic_alibi.

1965 4949 1985 4979 ³
2013 4948 2088 5001 Ita
2121 4964 2220 5001 ms.
2259 4946 2410 4999 Vien.
2435 4944 2613 4999 Ceteri
2640 4939 2876 5002 codices,
2904 4956 2996 4992 nec
3021 4939 3205 4992 solum.

1965 5017 1987 5049 ⁸
2016 5017 2104 5071 Sic
2129 5018 2421 5085 repositum
2448 5030 2513 5067 ex
2548 5028 2648 5085 m_s.
2681 5011 2866 5066 codice
2897 5007 3210 5085 Viennensi.
3229 5005 3482 5085 _Alii,_.snt

1894 5087 2104 5143 habeas.
2138 5076 2205 5140 Et
2237 5102 2362 5140 mox
2391 5100 2458 5140 ex
2500 5083 2694 5139 eodem
2724 5097 2823 5135 ms.
2857 5081 3076 5145 codice,
3119 5076 3298 5146 eligis;
3328 5076 3480 5140 alias,

1945 5176 2082 5212 1008.

1892 5161 2089 5282 ch?
2114 5243 2239 5282 mss.
2265 5226 2399 5296 Reg.
2431 5232 2487 5280 et
2519 5223 2670 5280 Vien.
2703 5236 2824 5276 cum
2849 5219 2938 5275 ed.
2967 5219 3118 5275 Grin.
3150 5215 3344 5273 Ceteri.
3376 5215 3478 5284 spi-

1892 5301 2179 5352 ritualium.

1967 5371 1986 5400 ⁶
2018 5370 2113 5423 Ms.
2148 5369 2302 5421 Vien.
2334 5375 2387 5421 et
2411 5367 2497 5420 ed.
2529 5365 2741 5427 Scliot.,
2767 5361 3074 5428 adsumpsit.

1965 5441 1984 5470 "
2017 5440 2112 5493 Ms.
2148 5439 2305 5504 Reg.,
2336 5438 2654 5509 singulatim.
2814 5475 2817 5478 .
2997 5499 3008 5509 θ

1965 5511 1986 5542 ⁸
2013 5510 2110 5565 Ms.
2147 5510 2277 5575 Reg.
2309 5524 2428 5562 cum
2459 5508 2614 5561 editis
2642 5510 2894 5575 quatuor,
2921 5508 3042 5569 quia
3071 5511 3228 5549 unus.

1965 5583 1985 5614 '
2013 5581 2177 5635 Abest
2207 5568 2256 5633 av
2284 5594 2382 5632 ms.
2417 5568 2678 5635 Vaticano
2707 5574 2812 5627 hoc
2843 5568 3072 5632 nomen,
3117 5579 3217 5619 nec
3243 5575 3372 5616 sane
3396 5568 3483 5615 est

1894 5651 2278 5707 necessarium.
2309 5648 2558 5702 SACCHIN.

1970 5723 2011 5752 ‘°
2042 5721 2137 5774 Ms.
2171 5719 2351 5783 Vien.,
2377 5719 2640 5770 viventem.

1969 5793 2008 5824 ιι
2034 5773 2130 5843 Ms.
2157 5773 2543 5852 codcx'Regius
2558 5799 2679 5844 cum
2694 5780 2852 5839 editis
2872 5776 3006 5834 Bad.
3025 5773 3251 5851 Gray.et
3263 5773 3480 5838 δειλοί..

1905 5864 2094 5916 hircum
2127 5877 2236 5913 cum
2263 5857 2597 5923 pcremtione.
