4008 6346
229 353 340 408 I23

307 463 350 493 "
381 460 474 515 Ms.
512 460 644 528 Reg.
667 470 721 516 et
742 461 828 516 ed.
856 460 1028 526 Grin.,
1052 461 1280 516 Sirenes.

303 532 350 562 “
371 529 470 584 Ms.
495 530 672 594 Vien.,
697 531 979 585 daemonas.

303 603 346 631 "
368 599 468 654 Ms.
501 600 679 665 Vien.,
710 603 754 654 si
781 617 1062 668 corporea.

299 670 346 700 '°
376 668 475 738 Ms.
500 669 681 734 Vien.,
705 679 794 722 aut
817 687 926 738 per.

301 740 344 769 ’ί
379 737 480 792 Ed.
512 738 721 798 Schot..
750 735 901 791 Patet
929 741 1084 792 etiam
1112 754 1176 792 es:
1204 740 1371 806 copia.
1394 737 1646 800 Latinius,
1672 735 1812 791 forte

231 808 494 861 Patioret
541 808 762 876 copiam.
807 808 1077 868 Sacchin.,
1129 809 1245 875 lege
1288 806 1452 860 Facio
1497 817 1545 860 et
1586 810 1810 875 copiam.

233 877 342 932 Nec
371 877 652 946 displiceat
688 876 874 931 Patior
901 886 978 930 est
1020 879 1185 946 copia,
1218 877 1497 946 mendose.
1525 876 1710 930 Patior
1747 893 1813 928 ex

231 949 406 1015 copia,
444 945 571 1000 vera
602 947 761 1000 lectio
789 962 951 1015 quam
979 945 1198 1002 tuentur
1222 961 1350 1000 mss.
1382 945 1597 1000 codices
1626 954 1680 1000 et
1706 954 1817 998 tres

236 1016 390 1070 editi.
423 1015 556 1069 Vide
587 1024 698 1069 not.
727 1015 814 1077 5|,
844 1015 932 1070 6|.

303 1086 347 1116 ¹¹
364 1083 680 1139 Addidimus
705 1094 782 1137 est
807 1101 872 1140 ex
897 1101 994 1139 ms.
1024 1083 1208 1140 codice
1229 1084 1533 1138 Viennensi.

302 1153 350 1185 ’³
380 1153 480 1207 Ms.
509 1154 680 1207 codex
708 1154 885 1207 Vien..
911 1151 1119 1207 Omitte.

435 1169 480 1208 s.
509 1169 680 1208 couex
715 1169 885 1217 Vien.,
911 1169 1119 1207 unnue.

305 1223 354 1253 ’⁸
394 1223 492 1276 Ms.
537 1222 670 1292 Reg.
694 1265 708 1289 ,
747 1224 1030 1277 adsumtos.
1069 1222 1202 1277 Edd.
1245 1222 1375 1286 Bad.
1415 1231 1470 1277 et
1509 1220 1692 1286 Gram,
1734 1238 1818 1275 as-

236 1302 490 1415 w'szos‘:
511 1362 688 1424 Vien.,
716 1362 1176 1428 phantasmatibus.

306 1433 352 1462 “
381 1431 480 1485 Ms.
515 1431 670 1500 Reg.,
690 1433 904 1501 decepit.

766 1519 833 1572 IN
864 1517 1074 1572 EPIST.
1099 1518 1264 1572 XVII.

319 1614 332 1640 ‘
371 1608 450 1663 Ita
494 1625 596 1663 ms.
627 1609 796 1664 codex
839 1609 1056 1677 Regius.
1097 1608 1256 1674 Editi,
1297 1608 1482 1663 Severo
1505 1609 1657 1679 fratri
1685 1624 1818 1661 una-

242 1680 403 1738 nimo.
434 1679 706 1732 Paulinus.

314 1752 333 1779 ³
363 1747 659 1812 Ειιάηιτθε,
690 1749 907 1802 domini.
940 1747 1076 1802 Vide
1099 1756 1209 1801 not.
1243 1746 1329 1800 52.

315 1818 337 1848 ³
368 1817 468 1870 Ms.
493 1809 633 1884 Reg.
648 1809 786 1872 cum
817 1818 977 1872 editis
1006 1827 1260 1888 quatuor,
1286 1817 1536 1871 totiens...
1567 1818 1816 1888 quotiens.

243 1887 310 1941 Et
338 1888 416 1942 sic
446 1888 661 1956 ubique.

313 1957 334 1986 ‘
363 1956 462 2026 Ms.
481 1956 640 2026 Reg.,
664 1959 867 2026 Opinor.

314 2027 335 2057 '
362 2025 462 2081 Ms.
495 2024 649 2094 Reg,
675 2024 816 2079 reum
844 2042 1031 2086 verum,
1063 2029 1170 2096 qui.

765 2117 830 2171 IN
858 2115 1069 2171 EPIST.
1113 2114 1296 2169 XVIII.

321 2207 337 2237 ⁸
366 2206 464 2278 Ms.
499 2207 673 2278 codex
700 2206 880 2275 Vien.,
907 2207 1028 2278 quia
1059 2205 1226 2258 illum.

317 2279 337 2307 ¹
363 2276 461 2331 Ms.
493 2277 671 2340 Vien.,
699 2286 869 2329 tamen
889 2276 1017 2329 utin
1041 2285 1144 2329 tuo.

317 2345 339 2375 ³
363 2343 464 2399 Ed.
487 2345 662 2408 Grin.,
691 2347 743 2398 in
764 2345 1007 2400 Domino.

320 2415 342 2444 ⁸
362 2415 458 2469 Ms.
494 2415 650 2482 Reg.,
674 2415 1018 2469 verberamur.

323 2486 356 2608 ἶ)
384 2485 549 2540 Abest
586 2485 846 2554 particula
885 2487 938 2538 in
976 2500 1005 2538 a
1045 2501 1146 2540 ms.
1179 2485 1363 2540 codice
1393 2483 1559 2554 Regio
1587 2491 1643 2538 et
1669 2483 1826 2538 editis

361 2570 441 2608 us.

251 2556 441 2609 tribus.

258 2626 344 2748 Mf
370 2624 598 2748 Itatcum
627 2623 892 2680 Saechino
921 2625 1272 2696 reposuimus,
1305 2624 1609 2694 postulante
1641 2637 1822 2678 sensu.

329 2709 402 2748 tas
429 2712 457 2748 ε
484 2734 497 2747 ο

329 2709 402 2749 tas
429 2705 497 2748 ει.

328 2764 642 2828 ’.Sacchin.,
673 2773 729 2816 ut
764 2765 1027 2833 perducat.

325 2836 349 2866 ‘
373 2833 471 2905 Ms.
501 2833 673 2905 codex
699 2834 880 2897 Vien.,
912 2836 1266 2905 pinguesceret
1293 2833 1440 2903 ﬁdes.
1466 2875 1478 2889 .

331 2901 473 2972 θεὰ.
504 2901 676 2972 Grin.,
704 2905 874 2957 cordis
900 2901 1104 2972 aspera.

336 2971 377 3043 ff
397 2971 496 3043 Ms.
519 2971 646 3043 Reg.
677 2981 730 3026 et
758 2974 842 3028 ed.
868 2971 1075 3039 Schot.,
1095 2981 1151 3025 ut
1170 2973 1368 3043 ubique.

337 3041 378 3072 “
407 3039 668 3095 Particula
695 3045 748 3096 in
777 3045 927 3097 abest
954 3057 985 3096 a
1014 3059 1110 3097 ms.
1141 3039 1296 3099 Vien.

336 3112 376 3141 η
402 3109 480 3180 Ita
508 3125 631 3166 mss.
660 3112 867 3166 codices
893 3111 1023 3180 Reg.
1058 3120 1112 3165 et
1149 3111 1302 3165 Vien.
1336 3119 1390 3166 et
1416 3111 1495 3166 sic
1521 3109 1679 3165 hodie
1699 3109 1832 3163 scri-

260 3181 395 3250 bunt
431 3179 721 3234 doctissimi
746 3183 866 3236 viri.
907 3179 1003 3235 Ed.
1036 3181 1220 3245 Rosv.,
1265 3180 1655 3250 Rlzotomagum.
1699 3179 1828 3250 Alii,

263 3248 656 3322 Rothomagum.
676 3251 700 3316 1
723 3250 1036 3322 Ilotomagus
1065 3251 1188 3322 urbs
1216 3252 1282 3304 ad
1311 3248 1612 3322 Sequanam
1635 3249 1832 3318 prima-

259 3320 397 3373 tialis
424 3327 485 3389 et
504 3320 1049 3389 metropolitana,‘cui
1087 3321 1311 3374 subsunt
1339 3336 1433 3375 sex
1461 3320 1822 3389 episcopatus,

259 3390 422 3458 totius
442 3387 701 3444 Neustriae
728 3405 822 3444 seu
843 3390 1181 3444 Normannize
1203 3399 1365 3458 caput
1388 3407 1401 3441 :
1429 3387 1650 3458 vocatur
1669 3388 1831 3441 etiam

260 3457 314 3512 in
340 3459 610 3514 veteribus
630 3461 764 3514 actis
787 3461 1134 3515 conciliorum
1154 3468 1210 3515 et
1239 3457 1545 3515 chartarum
1584 3457 1833 3512 Rotomus

262 3537 318 3582 et
348 3527 630 3582 Rodomus.

329 3600 372 3628 ¹³
401 3597 498 3651 Ms.
530 3599 709 3660 Vien.,
740 3600 1046 3654 audivimus.

329 3667 373 3697 “
402 3666 502 3721 Ms.
533 3669 902 3736 eodexVien.,
926 3668 1056 3723 Nec.

330 3738 372 3768 "
399 3735 494 3791 Ms.
514 3738 1060 3802 Vien.,'Hierusalem.

331 3808 376 3838 ¹⁸
401 3805 498 3860 Ms.
531 3808 702 3862 codex
729 3808 1035 3873 Vaticanus,
1057 3812 1269 3864 morari.

331 3877 372 3949 Ϊῖ
517 3877 663 3949 _Reg.
688 3887 741 3931 et
755 3887 862 3932 tres
876 3879 995 3949 edd.
1009 3921 1024 3943 ,
1047 3881 1408 3949 requiescente.

332 3946 374 4018 ξ’
395 3944 492 4001 Ms.
517 3946 695 4018 Vien.,
722 3957 782 4018 et
800 3950 920 4001 edd.
942 3948 1092 4002 Grin.
1117 3944 1180 4002 'et
1203 3949 1414 4012 Sehot.,
1443 3949 1718 4018 voluptate.

325 4015 847 4096 ’fLSacehinAddita
866 4019 1121 4088 particula
1140 4027 1209 4082 et,
1241 4026 1408 4074 totam
1438 4015 1716 4088 perindum
1741 4032 1836 4070 ex-

262 4083 429 4153 pedit.
866 4083 882 4088 ’

331 4156 377 4184 ¹⁶
400 4155 494 4209 Ms.
514 4154 672 4223 Reg.,
687 4157 1021 4212 visitantium.

327 4225 372 4255 ¹¹
405 4224 504 4279 Ms.
527 4226 696 4279 codex
729 4226 879 4280 Vien.
901 4268 914 4289 ,
947 4229 1275 4282 illuminatio.

329 4296 375 4325 η
397 4293 520 4347 Mss.
565 4294 781 4349 codices
831 4297 1067 4351 cathedr.
1124 4297 1257 4351 eccl.
1307 4294 1714 4362 Rotomagensis
1783 4301 1840 4346 et

257 4363 393 4418 eccl.
418 4364 711 4431 collegiate?
741 4364 796 4418 S.
834 4365 1010 4421 Maria:
1029 4367 1095 4420 de
1121 4365 1364 4420 Rotunda
1389 4365 1670 4431 Rotomag.
1717 4379 1838 4418 cum

259 4432 533 4486 Breviario
564 4432 846 4503 Rotomag.
876 4451 964 4489 an.
999 4435 1156 4498 “9|,
1189 4436 1423 4489 Christus
1459 4434 1694 4488 adduxit.

327 4503 376 4533 "
409 4501 539 4557 Tres
564 4503 722 4557 iidem
745 4505 1171 4558 codices.initiis.

455 4519 539 4557 res
550 4519 722 4574 iidem
745 4519 978 4574 coutces,
991 4519 1171 4560 mnus.

263 4643 274 4653 ⁸
319 4571 495 4654 Ms.
544 4572 592 4626 M
647 4572 882 4630 Rotund.
937 4571 992 4631 et
1041 4576 1276 4630 Breviar.
1322 4574 1537 4628 Rotom.
1587 4571 1743 4638 “9|,
1783 4575 1836 4626 in

255 4653 428 4694 initio.
551 4677 553 4680 ι

326 4714 376 4742 ’³
400 4710 494 4764 Ms.
529 4711 684 4778 Reg,
708 4717 1020 4770 antestitem.

326 4781 377 4811 "
399 4780 520 4835 Mss.
555 4781 596 4834 C
621 4781 767 4848 Rot.,
793 4784 839 4838 M
872 4785 1108 4841 Rotund.
1139 4795 1192 4840 et
1221 4786 1262 4838 Β
1289 4785 1434 4844 Rot.,
1467 4783 1619 4836 vires.

330 4852 377 4882 ³⁷
402 4849 496 4904 Ms.
516 4850 673 4919 Reg.,
701 4855 980 4908 roboraris.
1003 4855 1136 4910 Edd.
1157 4865 1283 4916 tres,
1308 4853 1561 4908 roborari.

262 4990 272 4999 _
328 4921 379 4950 ’⁸
403 4919 526 5002 Mss.
542 4922 762 5002 codices
789 4924 830 4977 C
863 4924 984 4979 [ἰοί.
1008 4964 1024 4991 ,
1049 4925 1096 4978 M
1121 4926 1356 4979 Rotund.
1387 4933 1442 4978 et
1469 4921 1508 4973 Β
1534 4919 1660 4974 Ιίοι..
1685 4919 1840 4982 1491,

255 4992 675 5044 immanissimis.

330 5063 376 5092 *'
408 5058 484 5133 Ita
513 5076 641 5133 mss.
691 5061 905 5117 codices
932 5064 1187 5133 quinque.
1221 5063 1315 5118 Ed.
1359 5062 1545 5117 Schol.
1568 5101 1583 5126 ,
1609 5076 1839 5113 accenso.

257 5127 398 5181 Tres
425 5131 568 5191 e.ld.,
594 5132 821 5185 incenso.

331 5198 378 5228 ³⁸
402 5199 516 5252 Vox
539 5201 626 5252 illa
651 5201 796 5255 abest
831 5217 861 5256 a
883 5218 982 5256 ms.
1008 5203 1192 5258 codice
1205 5203 1486 5258 Vaticano.

331 5267 373 5338 ξ·
407 5267 504 5338 Ms.
530 5268 573 5320 M
611 5268 844 5325 Rotund.
869 5280 924 5325 et
946 5273 986 5325 Β
1018 5273 1164 5338 Rot.,
1198 5274 1423 5328 violavit.

332 5336 378 5408 ῗξ
403 5336 524 5408 Mss.
553 5346 661 5393 tres
680 5355 803 5394 cum
832 5341 872 5394 Β
903 5341 1052 5408 Rot.,
1081 5336 1260 5396 artius.

1454 345 1837 405 VARIANTES
1875 344 2048 398 LECT
2067 344 2275 401 QVI-IS.

1983 462 2027 490 '-“
2045 461 2150 514 .Ms.
2170 461 2325 530 Reg.,
2349 463 2607 516 Christum
2629 461 2928 516 Dominum.

1981 531 2026 565 θ’
2050 531 2147 585 Ms.
2167 534 2321 598 Reg.,
2354 534 2666 585 antestitum.

1983 601 2026 638 ⁸ο
2053 601 2150 656 Ms.
2181 603 2331 670 Reg,
2358 612 2640 655 centenum.

2443 691 2511 744 IN
2546 689 2758 744 EPIST.
2791 687 2929 742 XIX.

1987 780 2000 809 ¹
2032 780 2179 835 Edit.
2207 782 2417 842 Schot..
2453 780 2659 834 Uranii.

1981 850 2005 880 ¹
2038 851 2200 905 Abest
2228 852 2302 903 ita
2327 866 2358 904 a
2385 865 2484 904 ms.
2511 849 2695 904 codice
2722 848 2998 902 Vaticano.
3025 899 3032 907 ,

1984 919 2005 1016 2
2027 918 2125 1016 l3?-
2146 919 2732 1016 Σέξεξιονέιξιξξίξίίξαηε·

1985 987 2005 1016 ⁸
2023 987 2122 1041 Ed.
2146 987 2320 1051 Grin.,
2343 987 2642 1042 etiamnum.

1917 1080 1920 1083 -
1987 1059 2006 1088 '
2038 1057 2195 1112 Deest
2222 1059 2412 1111 dudum
2442 1058 2494 1111 in
2524 1073 2624 1111 ms.
2657 1055 2808 1109 Vien.

1990 1128 2009 1158 ⁶
2035 1127 2129 1179 Ms.
2163 1127 2294 1195 Reg.
2327 1137 2382 1182 et
2409 1127 2492 1181 ed.
2519 1126 2695 1192 Grin.,
2725 1125 2962 1195 respiciat
2987 1140 3015 1178 e
3042 1126 3184 1179 caelo.

1987 1198 2006 1267 ἶ
2160 1196 2344 1267 _\'ien.,
2375 1199 2458 1267 qui
2484 1198 2575 1267 ait.

1987 1265 2007 1295 ‘
2036 1264 2132 1336 Ms.
2152 1265 2288 1336 Reg.
2321 1263 2441 1320 cum
2470 1265 2628 1336 editis
2652 1272 2901 1333 quatuor,
2933 1263 3297 1336 tinguentilous.

1988 1337 2007 1366 '
2031 1334 2124 1389 Ms.
2151 1334 2328 1400 Vien.,
2346 1336 2490 1405 pueri
2510 1335 2609 1388 mei
2637 1350 2781 1404 quos.

2465 1422 2536 1476 IN
2565 1421 2777 1477 EPIST.
2811 1420 2928 1476 XX.

1991 1515 2004 1543 '
2038 1511 2135 1566 Ms.
2163 1512 2334 1568 codex
2361 1514 2672 1579 Vaticanus,
2707 1511 3016 1583 Loquamur.

1992 1583 2012 1613 ⁸
2043 1581 2138 1633 Ms.
2170 1582 2346 1633 Vien..
2379 1600 2512 1633 cum.

1992 1583 2012 1613 ⁸
2043 1582 2138 1637 Ms.
2170 1582 2347 1647 Vien.,
2379 1600 2512 1635 cum.
2799 1582 2802 1583 ⁷

1989 1651 2009 1681 ³
2043 1650 2174 1720 Reg.
2225 1668 2346 1706 cum
2392 1651 2511 1705 edd.
2543 1649 2701 1704 Grav.
2733 1659 2790 1705 et
2839 1650 3045 1715 Schot.,
3078 1652 3347 1705 consertirn
3374 1668 3489 1705 ma-

2019 1737 2034 1772 t
2104 1761 2117 1775 .

1921 1737 2017 1871 ne?
2038 1738 2135 1871 Ed.
2165 1789 2339 1871 Erim,
2370 1790 2641 1871 affectione
2666 1789 3217 1871 lilrerankproperavit.

1989 1861 2009 1891 '
2038 1859 2134 1914 Ms.
2169 1859 2300 1928 Reg.
2323 1852 2440 1914 eum
2470 1861 2626 1914 editis
2654 1860 2839 1923 tribus,
2870 1852 3115 1928 ﬁdest.
3144 1859 3318 1921 Vien.,
3341 1856 3489 1927 fides.

1989 1930 2010 1960 ⁶
2040 1929 2134 2000 Ms.
2167 1929 2323 2000 Reg,
2346 1930 2483 2000 quod
2506 1941 2602 2000 est.

1991 2001 2009 2030 ’
2038 1997 2134 2054 Ms.
2167 1997 2512 2070 Vien.,‘apud
2533 2008 2581 2051 te
2605 2008 2680 2052 est
2711 2000 2826 2069 fons
2854 2001 2989 2052 vitta.

2479 2090 2546 2143 IN
2576 2089 2790 2144 EPIST.
2825 2088 2968 2144 XXI.

1997 2182 2010 2212 ¹
2036 2181 2112 2234 lta
2136 2197 2262 2236 mss.
2287 2181 2498 2236 codices
2521 2180 2651 2247 Reg.
2675 2188 2730 2232 et
2750 2180 2901 2233 Vien.
2930 2193 3049 2231 cum
3069 2175 3226 2231 editis
3243 2182 3492 2246 quatuor.

1886 2266 1892 2272 '
1920 2248 2016 2304 Ed.
2051 2251 2238 2314 Rosv.,
2265 2261 2313 2304 et
2344 2253 2500 2304 levem
2527 2259 2576 2303 et
2607 2265 2758 2302 cursu
2783 2250 2852 2300 ita
2875 2257 2930 2300 ut
2956 2248 3138 2301 cervis.

1994 2323 2013 2352 ¹
2044 2320 2140 2374 Ms.
2173 2320 2328 2374 Vien.
2359 2328 2414 2374 ct
2441 2319 2525 2374 ed.
2555 2317 2731 2383 Grin.,
2757 2317 2964 2370 Asaltel.

1998 2390 2018 2420 ⁸
2049 2389 2147 2450 Ms.
2172 2389 2350 2454 Vien.,
2382 2389 2529 2442 illum
2559 2391 2799 2458 fratrum.

1992 2460 2014 2489 δ
2044 2459 2320 2526 Sacchin.,
2350 2459 2523 2528 pusilli
2544 2458 2726 2512 nostri.

1995 2531 2015 2560 '
2034 2528 2168 2583 Edd.
2197 2539 2325 2590 tres.
2348 2545 2520 2598 quam.

1996 2600 2016 2629 ⁸
2039 2598 2133 2651 Ms.
2163 2598 2292 2666 Reg.
2319 2595 2438 2652 cum
2469 2597 2590 2651 edd.
2624 2597 2784 2666 Grav.
2812 2605 2871 2666 et
2899 2595 3111 2666 Schot.,
3135 2609 3267 2666 quat.

1994 2670 2014 2699 "
2037 2666 2136 2721 Ms.
2163 2664 2352 2722 codex.
2389 2667 2519 2732 Reg.
2551 2681 2671 2719 cum
2695 2664 2851 2718 editis
2871 2665 3060 2728 tribus,
3083 2665 3294 2732 prioris,
3319 2670 3425 2715 etc.

1995 2739 2015 2767 "
2044 2735 2307 2806 Bignmus,
2333 2737 2534 2806 faciem.
2559 2734 2654 2806 Ms.
2681 2733 2801 2786 Vat.
2832 2743 2888 2787 et
2916 2732 3076 2806 Rosv.
3110 2733 3429 2806 ed.,_acie_m.

1993 2809 2014 2841 '
2034 2799 2143 2861 Sic.
2173 2799 2362 2859 omnes
2386 2820 2512 2860 mss.
2537 2804 2751 2859 codices
2771 2817 2891 2858 cum
2915 2802 3000 2857 ed.
3034 2800 3195 2857 Rosv.
3216 2799 3353 2855 Editi
3373 2814 3481 2868 qua

1928 2886 2067 2940 tuor,
2100 2876 2392 2928 accubator.
2631 2911 2634 2914 ~

2002 2946 2042 2976 ¹⁰
2065 2945 2162 2998 Ms.
2195 2944 2329 3012 Reg.
2358 2959 2478 2998 cum
2509 2943 2596 2998 ed.
2628 2941 2805 3008 Grin.,
2832 2958 3106 2995 sensum...
3139 2940 3393 3010 altiorem.

2001 3017 2039 3047 “
2066 3013 2162 3067 Ms.
2196 3013 2352 3081 Reg.,
2382 3013 2551 3067 Asael.

2001 3087 2040 3116 ¹¹
2067 3083 2164 3136 Ms.
2197 3083 2373 3142 Vien.,
2405 3083 2664 3136 benedixit
2690 3084 2856 3134 nobis.

2001 3154 2044 3185 ¹³
2073 3153 2170 3208 Ms.
2204 3152 2400 3221 Regius
2425 3152 2596 3206 codex
2624 3167 2745 3206 cum
2775 3151 2931 3205 editis
2952 3158 3199 3217 quatuor,
3235 3148 3502 3219 tingueret.

2457 3242 2522 3295 IN
2561 3240 2773 3296 EPIST.
2807 3240 2972 3294 XXII.

1981 3337 2036 3458 1;)
2067 3333 2378 3389 Addidimus
2427 3349 2492 3385 ne
2537 3345 2605 3385 ex
2653 3346 2752 3385 ms.
2804 3328 2970 3396 Regio
3018 3328 3206 3383 codice
3260 3337 3316 3382 et
3350 3327 3506 3383 editis

1984 3422 1997 3458 ι
2035 3421 2121 3458 us.

1929 3405 2121 3458 tribus.

2003 3478 2022 3506 ’
2045 3474 2141 3527 Ms.
2172 3473 2326 3541 Reg.,
2357 3472 2684 3541 inspiratuni.

2009 3545 2029 3574 ³
2062 3544 2155 3598 Ms.
2188 3536 2338 3612 Reg,
2372 3536 2572 3610 pallidi.
2600 3538 2701 3612 Ed.
2724 3536 2900 3602 Grin.,
2925 3536 3295 3607 compalliduli.

2003 3613 2023 3643 ⁸
2055 3613 2153 3667 Ms.
2181 3610 2358 3675 Vien.,
2379 3612 2482 3664 illis
2508 3610 2686 3681 faciat.

2005 3684 2024 3715 ⁸
2053 3682 2132 3736 Ex
2159 3673 2407 3736 omnibus
2432 3673 2561 3734 mss.
2611 3687 2666 3731 et
2709 3677 2868 3732 editis
2895 3675 3166 3730 codicibus
3212 3673 3510 3729 addidimus

1935 3753 2154 3808 verbum
2183 3759 2280 3818 est,
2311 3749 2453 3819 quod
2481 3749 2666 3802 deerat
2688 3748 2740 3801 in
2769 3746 3002 3800 editione
3033 3745 3191 3799 Rosv.

2006 3825 2028 3855 ⁶
2058 3821 2244 3876 Melius
2272 3835 2431 3884 quam
2462 3829 2633 3871 noster
2661 3817 2712 3870 in
2735 3832 2832 3869 ms.
2861 3814 2994 3884 Reg.

2111 3835 2244 3876 enus
2272 3835 2431 3886 quam
2462 3835 2633 3871 noster
2661 3835 2712 3870 in
2735 3835 2832 3869 ms.
2864 3835 2994 3884 neg.

2005 3896 2023 3923 "
2047 3893 2122 3946 Ita
2152 3907 2251 3947 ms.
2284 3890 2438 3944 Vien.
2467 3887 2630 3949 Alias,
2669 3886 2914 3956 Vergilio.

2457 3986 2525 4040 IN
2552 3984 2768 4039 EPIST.
2801 3983 2987 4037 XXIII.

2011 4083 2024 4112 '
2056 4080 2219 4134 Abest
2240 4077 2460 4132 verbum
2489 4093 2542 4128 es
2567 4089 2596 4127 a
2625 4090 2726 4127 ms.
2757 4071 2940 4125 codice
2969 4071 3277 4126 Viennensi.

2008 4153 2027 4182 '
2059 4149 2155 4202 Ed.
2190 4147 2379 4212 Rosv.,
2410 4144 2553 4198 nobis
2583 4160 2705 4212 ager
2729 4153 2822 4194 est.

2005 4221 2026 4251 ³
2047 4219 2137 4274 Sic
2157 4205 2494 4272 emendatum
2536 4214 2590 4266 in
2616 4205 2770 4265 textu
2809 4224 2876 4263 ex
2906 4223 3033 4263 mss.
3063 4207 3338 4262 codicibus
3371 4205 3503 4275 Reg.

1937 4299 1992 4345 et
2016 4290 2172 4344 Vien.
2207 4293 2342 4340 Ante
2362 4292 2479 4338 erat
2507 4283 2559 4336 in
2583 4281 2758 4340 editis,
2791 4288 3044 4346 petrosus.

2009 4361 2031 4390 ‘
2063 4359 2224 4412 Abest
2255 4356 2343 4409 Sic
2370 4370 2398 4407 a
2426 4369 2524 4406 ms.
2559 4349 2847 4403 Viennensi
2873 4348 3078 4402 codice.

2011 4432 2031 4462 ⁸
2051 4428 2150 4482 Ed.
2180 4426 2353 4489 Grin.,
2377 4433 2426 4476 et
2446 4423 2792 4490 omnigenum.

2011 4503 2031 4532 ⁸
2061 4497 2220 4551 Deest
2247 4487 2347 4548 vox
2371 4496 2481 4562 ipso
2507 4493 2560 4545 in
2586 4487 2682 4562 ius.
2712 4487 2878 4543 Vatic.

2011 4573 2028 4602 ⁷
2061 4567 2155 4620 Ms.
2189 4561 2500 4627 Vatic.,aut
2527 4561 2784 4628 inﬁrmus.

2011 4645 2032 4671 ⁸
2062 4637 2185 4690 Mss.
2218 4635 2348 4700 Reg.
2374 4641 2428 4686 et
2452 4631 2631 4700 Vien..
2662 4630 2936 4700 vindicavi.

2008 4713 2030 4743 ⁹
2085 4706 2182 4760 Ms.
2216 4695 2344 4771 Reg.
2371 4711 2426 4756 et
2453 4701 2574 4771 edd.
2600 4699 2728 4771 Bad.
2753 4709 2808 4753 et
2831 4698 3007 4762 Grin.,
3040 4695 3196 4766 quod.

2013 4777 2054 4809 ¹⁰
2079 4775 2204 4830 Mss.
2237 4769 2474 4838 codices,
2505 4769 2828 4840 adquisisset.

2015 4848 2054 4879 ¹¹
2088 4843 2354 4899 Particula
2384 4842 2447 4894 de
2463 4833 2623 4894 abest
2651 4853 2682 4890 a
2710 4836 3072 4902 ms.Vati¢ano
3093 4833 3296 4888 codice.

2016 4918 2058 4948 “
2085 4915 2181 4968 Ms.
2213 4914 2381 4968 codex
2405 4910 2600 4976 Regius
2624 4922 2745 4963 cum
2774 4899 3143 4966 tribus'editis,
3173 4903 3381 4976 inritus.
3413 4899 3510 4954 Ed.

1944 4986 2104 5042 Grav.
2132 4985 2184 5038 in
2205 4996 2396 5050 marg.,
2424 4973 2618 5033 Inritus
2649 4992 2746 5046 pro
2773 4978 2949 5050 irritus
2978 4982 3190 5028 veteres
3211 4973 3416 5026 dixere.

2019 5056 2059 5089 ³³
2084 5054 2176 5108 Ed.
2193 5047 2378 5106 Scho't.
2402 5051 2454 5104 in
2482 5061 2675 5115 marg.,
2692 5047 2944 5100 censibus.
3281 5051 3284 5054 ’

2018 5126 2062 5156 ¹⁸
2093 5122 2377 5186 Ms.Vien.,
2403 5119 2562 5173 cellte.

2019 5195 2061 5226 ιε
2091 5193 2188 5247 Ms.
2207 5191 2608 5253 Vien.,[nostrm

2018 5267 2061 5295 “
2090 5260 2389 5315 Ed.Schot.
2414 5259 2467 5313 in
2487 5269 2676 5326 ωδε-δ..
2700 5256 2951 5326 germina.
3023 5321 3072 5326 __
3125 5320 3160 5326 _
3217 5317 3231 5326 _
3326 5324 3333 5326 Α
3372 5313 3405 5326 Α
3443 5315 3454 5325 ,

2021 5336 2060 5364 ’⁷
2086 5313 2186 5385 ἐῶ
2205 5313 2330 5383 mss.
2363 5327 2493 5395 Reg.
2525 5333 2580 5380 et
2604 5313 2762 5378 Vien.
2815 5339 2935 5378 cum
2975 5321 3094 5377 edd.
3125 5317 3253 5373 Bad.
3285 5324 3340 5370 et
3367 5313 3513 5368 Grin.

334 5406 382 5475 ξ’
405 5405 568 5462 Abest
621 5425 725 5463 vox
770 5409 1026 5464 Christum
1041 5402 1083 5466 'a
1114 5428 1241 5466 mss.
1271 5410 1312 5464 C
1356 5410 1502 5475 Rot.,
1532 5409 1581 5462 M
1613 5409 1735 5464 Rot.
1790 5418 1846 5463 et
1950 5402 2306 5475 Alias_,_int_ra.

263 5475 309 5528 Β
338 5474 463 5530 Rot.

338 5549 384 5576 ⁸³
400 5545 489 5599 Ed.
511 5547 724 5609 Schot.,
749 5551 1076 5615 testimoniis,
1100 5552 1310 5605 favente
1331 5566 1428 5604 ms.
1451 5549 1617 5615 Regio
1637 5548 1842 5602 codice.

339 5615 387 5688 ἒξ
410 5616 531 5688 Mss.
561 5616 603 5670 Ο
628 5617 779 5682 Rot.,
812 5617 858 5671 M
913 5620 1144 5674 Rotund.
1176 5630 1230 5674 et
1252 5621 1293 5673 Β
1324 5620 1470 5683 Rot.,
1501 5619 1800 5688 repleverat.

341 5685 578 5757 “‘Deest
603 5689 851 5757 prapheta
881 5690 932 5742 in
956 5706 1052 5742 ms.
1081 5690 1268 5744 codice
1293 5689 1460 5757 Regio
1475 5698 1529 5743 et
1552 5685 1718 5742 tribus
1745 5687 1851 5742 edi-

269 5755 360 5808 tis.
391 5754 490 5826 sed
522 5766 576 5809 et
603 5754 838 5824 quatuor
863 5759 1010 5825 αλιι,
1038 5760 1252 5826 affectus
1274 5769 1370 5812 est.

346 5829 390 5856 ⁸⁷
421 5825 514 5881 Ed.
550 5825 759 5889 Sehot.,
790 5844 822 5879 a
842 5825 1174 5898 perfectione.

557 5920 831 5980 Panos.
871 5919 1040 5980 LXI.

2022 5453 2182 5524 i3M3).
2215 5469 2347 5534 Reg.
2379 5463 2545 5534 codex
2575 5479 2695 5518 cum
2726 5464 2882 5517 editis
2909 5467 3166 5531 quatuor,
3194 5465 3281 5508 aut
3303 5453 3470 5506 vividi.

2021 5545 2062 5576 "
2090 5541 2187 5594 Ms.
2219 5533 2415 5598 Vatic.,
2450 5533 2798 5588 Reuertemur.

2019 5614 2063 5644 “
2092 5610 2186 5664 Ed.
2209 5607 2383 5669 Grin.,
2412 5605 2577 5672 cujus.

2021 5684 2063 5713 “
2088 5680 2185 5734 Ms.
2215 5676 2362 5741 Vat.,
2384 5671 2768 5727 monachorum.

2021 5753 2063 5782 ²¹
2085 5738 2357 5808 Sacchin.,
2376 5744 2599 5798 fortasse
2621 5738 2909 5792 necessario

2024 5819 2068 5852 "
2096 5801 2355 5877 saccbin:
2376 5815 2429 5868 in
2454 5810 2711 5866 Vaticano
2761 5823 2861 5871 ms.
2906 5802 3250 5871 continuatur
3289 5801 3526 5872 epistola
3607 5824 3628 5837 -

3076 5894 3171 5980 ,ιδ

3379 345 3489 404 BG
3585 336 3594 344 ί
