4008 6346
557 299 663 356 «859

689 414 832 471 Ordo
863 416 995 470 nitet
1021 415 1215 470 sensim
1245 417 1494 468 tenuatus
1519 411 1586 465 ad
1610 412 1712 465 ima
1745 409 1972 471 tabellae,

693 504 762 560 Ut
787 507 962 562 minus
982 505 1216 561 offendat
1240 505 1470 570 macies;
1502 503 1717 574 praelata
1747 502 1942 568 sagina-

688 595 870 652 Gratia
898 605 1197 669 prmventos
1227 597 1404 666 pingui
1421 594 1576 663 juvat
1603 594 1728 648 alite
1751 592 1913 646 visus.

1113 685 1344 740 ΡΟΕΜΛ
1384 685 1427 738 ll
1460 687 1500 738 '.

549 776 636 849 [In
672 777 840 830 seculo
864 777 1030 830 adhuc
1057 793 1214 847 agens
1253 775 1419 829 eidem
1448 771 1675 826 Gestidio
1712 769 1869 824 mittit
1897 765 2114 835 aurem]

683 867 937 939 Pauperis
965 878 1023 922 ut
1047 869 1258 939 placeat
1285 882 1469 922 carum
1498 865 1593 918 tibi
1618 879 1810 918 munus
1830 862 2007 927 amici,

681 961 900 1022 Munera
931 976 998 1015 ne
1027 968 1265 1030 reputes,
1293 973 1415 1027 qua:
1439 957 1608 1010 mittis
1633 955 1761 1009 ditia
1790 953 1964 1007 nobis.

680 1050 812 1106 Nam
840 1049 935 1103 tibi
964 1049 1091 1118 quid
1117 1047 1332 1116 dignum
1361 1044 1588 1100 referam
1614 1059 1711 1113 pro
1735 1043 1968 1112 piscibus
1992 1040 2111 1104 illis,
2165 1061 2170 1064 ·

678 1141 825 1207 Quos
855 1141 949 1194 tibi
978 1140 1210 1194 vicinum
1241 1136 1494 1206 locupleti
1517 1135 1725 1203 gurgite
1753 1123 1916 1186 littus

609 1231 644 1285 5
680 1231 1032 1303 329—330
1059 1227 1396 1298 Suppeditat,
1428 1225 1561 1278 mira
1590 1225 1610 1254 ³
1639 1223 1819 1292 specie
1841 1220 2116 1288 formaque

1779 1311 2112 1382 fdiremptos.

677 1415 746 1468 At
771 1413 900 1468 mihi
930 1413 1016 1467 vix
1047 1411 1156 1465 alto
1187 1410 1208 1440 ³
1237 1407 1371 1462 vada
1401 1422 1498 1477 per
1526 1417 1718 1460 saxosa
1745 1400 2011 1472 profundo

682 1504 859 1558 Rarus
887 1503 938 1557 in
969 1503 1198 1556 obscura
1238 1506 1526 1567 generatur
1558 1505 1582 1531 ι
1613 1492 1942 1562 sphondylus
1969 1490 2109 1559 alga.

676 1594 812 1649 llinc
833 1604 885 1647 te
904 1592 1253 1662 participans,
1279 1589 1361 1642 bis
1383 1586 1620 1654 quinque
1643 1591 1697 1636 et
1718 1582 1798 1635 bis
1819 1581 1914 1634 tibi
1935 1589 2114 1634 ternas

673 1683 969 1739 Transmisi
995 1695 1248 1750 aequoreo
1275 1676 1582 1732 redolentcs
1609 1680 1826 1726 nectare
1853 1677 2040 1733 testas,

569 1777 638 1833 10
676 1766 820 1841 Quas
847 1773 1026 1826 viscus
1055 1768 1319 1839 praedulce
1347 1765 1520 1834 replet
1549 1761 1786 1818 bicolore
1813 1758 2063 1814 medulla.
2143 1765 2190 1823 Β

669 1863 778 1918 Oro
806 1863 979 1916 libens
1007 1874 1186 1913 sumas
1209 1875 1223 1920 ;
1254 1871 1356 1910 nec
1381 1855 1506 1908 vilia
1534 1849 1858 1918 dedigneris,

673 1953 802 2019 Qua:
827 1959 952 2006 sunt
978 1963 1142 2019 parva
1169 1945 1349 2005 modo,
1383 1956 1576 2009 magno
1605 1940 1821 1993 metitus
1847 1951 2050 1992 amore.

792 2060 1132 2119 POEMATIS
1168 2059 1232 2114 lli
1271 2052 1768 2111 FRAGMENTUM.
1821 2054 1859 2075 "

749 2155 756 2160 ‘
843 2145 923 2199 De
952 2143 1152 2213 regibus
1177 2155 1241 2193 ex
1273 2137 1520 2192 Suetonio
1550 2133 1797 2187 collectis.

657 2239 797 2301 (Huc
819 2236 1052 2285 adscitum
1071 2245 1133 2279 ex
1160 2232 1305 2290 epis'.
1332 2227 1388 2274 19
1412 2225 1612 2274 Ausnn‘i
1637 2223 1695 2270 ad
1723 2218 2017 2280 Paulinum).

669 2319 1062 2388 Europamque,
1091 2311 1379 2378 Asiamque
1413 2306 1517 2360 duo
1546 2305 1631 2359 vel
1659 2303 1888 2356 maxima
1919 2311 2073 2355 terra:

671 2409 930 2471 Membra,
959 2404 1153 2472 quibus
1181 2399 1401 2470 Libyam
1425 2395 1452 2434 δ
1483 2395 1641 2450 dubie
1663 2392 1943 2447 Sallustius
1964 2390 2110 2445 addit

675 2499 902 2567 Europae
927 2494 1256 2563 adjunctam,
1277 2488 1442 2558 possit
1471 2501 1591 2542 cum
1622 2483 1776 2538 tertia
1802 2482 1928 2548 dici,

677 2588 948 2655 Regnatas
975 2582 1173 2644 multis,
1205 2594 1343 2648 quos
1371 2577 1509 2629 fama
1538 2574 1831 2636 oblitterat,
1862 2582 1915 2627 et
1936 2586 2073 2640 quos

602 2679 636 2731 5
672 2677 903 2732 Barbara
934 2673 1188 2727 Romana:
1217 2683 1323 2722 non
1353 2664 1569 2720 tradunt
1596 2663 1810 2717 nomina
1841 2663 2050 2730 lingua‘,

673 2768 974 2830 lllibanum,
1022 2758 1412 2825 Numidamque
1459 2753 1696 2816 Avelim,
1745 2749 2107 2819 Parthumque

1791 2843 2102 2903 Vononem,

1791 2844 1992 2896 'Vonon
2029 2857 2050 2894 r

670 2950 734 3004 Et
761 2949 1048 3009 Caranum,
1081 2942 1272 2998 Pellaea
1298 2938 1447 2993 dedit
1471 2937 1560 3005 qui
1583 2844 1800 2989 nomini
1826 2857 2050 3000 Regurii,

671 3041 879 3109 Quique
908 3050 1092 3104 magos
1117 3031 1300 3087 docuit
1328 3027 1580 3099 mysteria
1603 3038 1741 3077 vana
1761 3021 2101 3091 Nechepsus;

674 3130 740 3185 Et
765 3129 856 3198 qui
884 3123 1127 3193 regnavit
1153 3122 1270 3174 sine
1292 3117 1508 3172 nomine
1531 3130 1652 3168 mox
1684 3111 1996 3166 Sesoostris.

557 3222 635 3380 ,ω
670 3309 861 3365 Audax
887 3304 1059 3361 Icario
1083 3302 1172 3371 qui
1203 3299 1326 3355 fecit
1354 3297 1569 3352 nomina
1601 3302 1795 3365 ponto,

670 3400 737 3455 Et
764 3399 856 3470 qui
879 3394 1209 3454 Chalcidicas
1234 3389 1508 3444 moderate
1535 3385 1714 3441 enavit
1743 3382 1808 3436 ad
1838 3397 2006 3437 arces.

1109 3499 1338 3556 POEMA
1360 3498 1424 3552 lV

539 3603 702 3656 Paulo
730 3609 844 3671 post
873 3615 1018 3653 suam
1059 3613 1089 3648 α
1130 3593 1322 3671 seculo“
1345 3589 1731 3671 conuersipnem'
1764 3585 1868 3671 brae.
1893 3583 1947 3634 in
1986 3598 2106 3671 erit

602 3649 1012 3726 iiéie’ib'néaai
1028 3680 1192 3718 mores
1222 3679 1253 3713 a
1281 3660 1388 3726 Deo
1417 3657 1662 3726 postulat,
1691 3670 1750 3706 ac
1781 3652 1980 3723 felicem
2006 3649 2102 3704 sibi
2186 3677 2197 3685 —

602 3751 651 3794 et
673 3741 778 3793 suis
799 3739 1097 3808 deprecatur
1122 3731 1492 3802 posteritatem.

882 3843 948 3880 ΑΙ)
986 3836 1125 3878 υευιι
1167 3835 1433 3875 MATUTINA
1474 3829 1748 3870 PRECA'I'IO.

674 3917 1027 3987 Omnipotens
1053 3911 1277 3967 Genitor
1307 3907 1382 3979 (a)
1412 3911 1589 3960 rerum
1607 3945 1622 3969 ,
1664 3902 1747 3957 cui
1777 3914 1979 3955 summa
2008 3904 2106 3968 p’o-

1896 3991 2102 4063 [testas;

673 4100 874 4157 Exaudi
903 4099 948 4155 si
971 4097 1113 4167 justa
1142 4108 1351 4163 precor,
1385 4106 1451 4146 ne
1477 4090 1546 4167 sit
1568 4085 1700 4144 mihi
1729 4085 1896 4140 tristis

675 4191 955 4253 Ulla‘dies,
975 4165 1239 4258 placidam
1271 4199 1374 4238 nox
1398 4165 1612 4250 rumpat
1641 4178 1784 4234 nulla
1811 4177 2065 4245 quietem.

669 4285 779 4338 Nec
800 4281 1048 4352 placeant
1076 4278 1249 4332 aliena
1275 4275 1424 4339 mihi,
1447 4274 1576 4342 quin
1597 4278 1652 4325 et
1679 4284 1797 4324 mea
1829 4267 2035 4337 prosint

603 4377 637 4429 5
673 4371 1030 4442 Supplicibus,
1049 4367 1331 4432 nullusque
1352 4363 1546 4417 habeat
1567 4359 1696 4414 mihi
1711 4364 1835 4412 vota
1858 4354 2102 4409 nocendi.

678 4465 784 4516 Aut
809 4461 1005 4515 habeat
1034 4457 1275 4511 nocitura
1303 4452 1453 4507 mihi.
1489 4462 1510 4489 ο
1540 4449 1676 4502 Male
1718 4447 1856 4500 velle
1884 4444 2106 4498 facultas

671 4553 824 4606 Nulla
851 4551 940 4612 sit,
958 4565 1020 4604 ac
1042 4549 1179 4602 bene
1208 4559 1368 4615 posse.
1380 4542 1519 4596 adsit
1543 4537 1824 4606 tranquilla
1843 4544 2102 4605 potestas.

676 4641 826 4696 Mens
855 4645 1107 4694 contenta
1135 4650 1254 4700 suo,
1285 4648 1384 4687 nec
1413 4630 1553 4698 turpi
1573 4627 1751 4683 dedita
1777 4626 1948 4687 lucro,

681 4733 872 4787 Vincat
899 4742 1189 4799 corporeas
1219 4733 1369 4780 casto
1396 4724 1535 4777 bene
1563 4718 1777 4774 conscia
1806 4717 1959 4779 lecto.

574 4825 638 4877 10
675 4823 989 4884 lllecebras;
1013 4827 1301 4887 turpesque
1322 4814 1494 4880 jocos,
1527 4810 1865 4874 obscenaque
1893 4803 2031 4858 dicta

674 4914 857 4969 Oderit
883 4913 970 4966 illa
998 4925 1220 4975 noeens,
1250 4915 1306 4961 et
1328 4904 1552 4958 multum
1580 4909 1732 4971 grata
1763 4895 2006 4966 malignis
2035 4924 2050 4933 ο

604 5050 619 5062 .
677 5005 908 5060 Auribus
933 4999 1102 5058 effuso
1130 5011 1342 5068 semper
1369 5010 1458 5049 rea
1490 4991 1669 5061 lingua
1694 5004 1924 5045 veneno.

607 5124 921 5204 f_$criptum
949 5125 1075 5204 ante
1103 5125 1299 5204 annum
1328 5111 1452 5198 390.

606 5199 646 5214 "
675 5180 940 5262 Scriptum
971 5197 1056 5244 est
1082 5196 1204 5262 ante
1230 5199 1427 5262 annum
1447 5180 1566 5262 δέξο.

607 5243 1126 5381 ’⁸⁸ὝᾹίἷᾶέή75ἐῶυού
1156 5254 1332 5310 autem
1360 5250 1544 5316 erati,
1577 5264 1715 5304 nunc
1753 5245 1802 5298 5.
1843 5243 2111 5313 Scriptum

607 5349 671 5381 ’ρει
700 5347 900 5381 annum
1040 5369 1054 5381 .

531 5337 672 5389 circa
700 5347 900 5386 annum
931 5330 964 5382 5

607 5382 938 5456 inﬁnita
961 5418 973 5452 :
1001 5398 1142 5468 quod
1169 5405 1346 5450 autem
1371 5389 1403 5444 5
1429 5400 1728 5460 crat,}nunc
1763 5384 1813 5436 6ο
1837 5382 2105 5451 Scriptum

535 5477 675 5530 circa
703 5487 900 5528 annum
925 5470 1048 5524 950.

608 5556 632 5579 Α
663 5543 795 5596 Vide
820 5550 932 5596 not.
958 5538 1079 5592 216.

605 5612 634 5650 ιι
664 5593 1135 5680 [dives—tVAfricam.
1182 5604 1312 5660 Vide
1347 5617 1509 5659 carm.
1543 5596 1630 5658 27,
1675 5610 1724 5647 v.
1769 5593 1868 5656 75,
1901 5597 1954 5644 et
1993 5594 2105 5644 not.

540 5681 664 5733 an.
1225 5733 1227 5736 ,

616 5763 634 5787 υ
671 5747 782 5803 Vid.
817 5763 978 5802 carm.
1009 5746 1135 5808 5,-v.
1172 5743 1258 5797 (Si.

1281 287 1286 292 ’
1377 292 1384 300 ’
1438 296 1492 351 S.
1539 290 1806 348 PAUUNI
1845 289 2088 344 NOLANI
2131 284 2430 344 EPISCOPI
2471 287 2812 360 PQEMATA.
3169 359 3180 366 ε
3691 299 3790 352 uc

2141 409 2192 464 Α

2338 406 2454 459 Non
2466 406 2612 461 obitu
2627 405 2830 474 afﬂigar
2843 407 3151 478 cujusquam
3172 419 3264 465 aut
3277 411 3788 470 funere‘crescamus.

2338 494 2606 550 lnvideam
2647 511 2918 565 nunquam
2957 499 3247 568 cuiquam,
3278 516 3378 556 nec
3404 503 3631 556 mentiar
3675 519 3789 558 um-

3614 591 3789 662 [quam

2253 674 2322 728 l5
2357 676 2509 731 Adsit
2537 676 2656 732 lzeta
2681 677 2898 743 domus,
2927 679 3098 749 epulis
3122 679 3323 734 alludat
3349 680 3371 711 ⁸
3399 680 3652 750 inemptis

2358 769 2536 824 Verna
2578 777 2744 835 satur,
2777 767 3020 840 ﬁdusque
3047 786 3258 836 comes,
3291 771 3603 842 nitidusque
3630 773 3787 827 mini-

3637 865 3786 936 [ster,

2357 951 2621 1019 Morigera
2649 960 2704 1006 et
2729 953 2945 1020 conjux,
2977 967 3208 1022 caraque
3239 967 3305 1006 ex
3333 952 3560 1022 conjuge
3584 955 3718 1007 nati.

2354 1041 2589 1096 Moribus
2617 1042 2730 1097 ιιωο
2758 1043 2920 1097 castis
2949 1043 3148 1096 tribuat
3172 1044 3192 1074 ⁸
3215 1042 3378 1110 Deus,
3404 1044 3458 1097 hi
3492 1044 3585 1097 tibi
3615 1058 3788 1097 mores

2357 1133 2673 1203 Perpetuam
2701 1132 2964 1203 spondent
2990 1141 3213 1188 ventura
3241 1131 3295 1186 in
3322 1133 3502 1188 secula
3530 1133 3716 1186 vitam.

2857 1261 3088 1318 POEMA
3123 1264 3261 1317 V‘“.

2216 1358 2564 1481 33%—332
2602 1356 2762 1412 Varia
2787 1356 2887 1410 Dei
2909 1357 3154 1410 attributa
3182 1364 3466 1421 enumerat,
3489 1363 3539 1409 et
3583 1356 3781 1410 'ratiam

2287 1445 2320 1480 a
2390 1444 2448 1481 eo
2474 1437 2714 1481 precatur
2734 1444 2835 1481 ana
2864 1435 3071 1481 peccata
3105 1428 3327 1481 ritet.~ut
3356 1425 3454 1478 Dei
3485 1373 3675 1481 iudicio
3702 1442 3781 1479 se—

2390 1425 2448 1481 co
2473 1425 2714 1495 pﬂcatur
2734 1444 2835 1497 qua
2863 1435 3071 1496 peccata
3105 1428 3327 1492 ritet,~ut
3356 1425 3454 1478 Dei
3474 1425 3675 1496 judicio
3702 1442 3782 1479 se—

2286 1515 2437 1552 curus
2465 1505 2720 1574 occurrat.

2627 1599 2872 1642 AD‘DE’UI
2913 1603 3030 1641 ΑΗΔ
3072 1603 3351 1642 PRECA'UO.
3593 1647 3607 1652 ι

2357 1679 2708 1750 Omnipotens
2744 1677 2770 1714 ά
2811 1691 2970 1746 quem
3009 1683 3190 1732 mente
3229 1677 3379 1741 colo,
3426 1673 3588 1730 Pater
3631 1675 3784 1730 unice

3551 1766 3569 1838 [
3581 1778 3776 1833 rerum,

2351 1862 2596 1934 lgnorate
2623 1862 2796 1926 malis,
2824 1869 2881 1918 et
2905 1861 3034 1916 nulli
3051 1861 3235 1929 ignote
3256 1858 3497 1930 piorum;

2352 1956 2619 2025 Principio
2647 1961 2998 2022 extremoque
3019 1966 3224 2013 carens,
3255 1949 3522 2018 antiquior
3538 1963 3699 2013 aevo,

2349 2046 2504 2114 Quod
2531 2045 2628 2100 fuit
2649 2053 2741 2098 aut
2761 2043 2942 2098 veniet
2965 2061 2978 2094 :
3001 2043 3154 2112 cujus
3177 2040 3508 2108 formamque
3533 2036 3775 2092 modum-

2703 2131 2712 2136 ’
3659 2126 3774 2198 [que

2281 2229 2314 2281 5
2350 2229 2457 2284 Nec
2481 2225 2936 2295 mensicomplecti
2960 2224 3176 2294 poterit,
3207 2237 3307 2276 nec
3331 2220 3512 2288 lingua
3537 2217 3735 2288 profari
3760 2233 3774 2268 :

2349 2320 2582 2376 Cernere
2608 2334 2769 2389 quem
2795 2317 2963 2383 solus,
2988 2328 3278 2383 coramque
3301 2310 3483 2366 audire
3501 2308 3774 2378 jubentem

2348 2411 2451 2467 Fas
2471 2399 2650 2474 habet,
2667 2417 2722 2463 et
2741 2407 2965 2477 patriam
2980 2411 3197 2475 propter
3217 2401 3497 2456 considere
3514 2397 3788 2453 dextram.

2349 2503 2467 2573 Ipse
2491 2503 2564 2572 (b)
2587 2499 2765 2570 opifex
2787 2496 2986 2566 rerum,
3008 2496 3167 2550 rebus
3186 2507 3344 2548 causa
3369 2491 3483 2560 ipse
3505 2487 3773 2551 creandis;

2349 2596 2468 2664 ipse
2495 2593 2590 2648 Dei
2615 2580 2868 2653 Verbum,
2901 2585 3136 2641 Verbum
3164 2583 3305 2637 Deus
3333 2580 3658 2650 anticipator

2246 2688 2311 2741 it)
2349 2685 2554 2751 Mundi,
2578 2698 2738 2752 quem
2763 2681 2999 2735 facturus
3026 2683 3142 2730 erat
3166 2692 3179 2728 :
3207 2679 3489 2742 generatus
3515 2669 3568 2723 in
3599 2669 3692 2722 illo

2349 2778 2614 2847 Tempore
2637 2781 2980 2843 quotempus
3009 2768 3240 2823 nondum
3270 2765 3368 2818 fuit
3395 2781 3407 2816 :
3437 2762 3611 2817 editus
3656 2769 3774 2814 ante

2346 2870 2516 2936 Quam
2560 2866 2718 2935 jubar
2770 2872 2824 2917 et
2869 2860 3061 2915 rutilus
3115 2856 3309 2912 coelum
3367 2853 3438 2931 (ξ)
3492 2851 3772 2906 illustravit

3555 2942 3734 3015 [Eous
3755 2959 3768 2996 :

2347 3053 2467 3120 Quo
2493 3053 2609 3106 sine
2628 3050 2699 3104 nil
2723 3055 2918 3111 actum,
2941 3054 3038 3115 p’er
3057 3043 3215 3113 queui
3238 3039 3376 3095 facta
3398 3038 3600 3104 omnia,
3621 3037 3772 3106 cujus

2347 3146 2404 3200 lu
2434 3144 2568 3200 coelo
2592 3141 2803 3217 solium,
2833 3139 2918 3194 cui
2946 3136 3156 3192 subdita
3181 3142 3323 3189 terra
3352 3130 3577 3192 sedenti,

2241 3238 2309 3292 15
2345 3238 2412 3292 Ει
2438 3251 2606 3299 mare,
2645 3242 2700 3288 et
2727 3233 2968 3286 obscura:
2995 3229 3162 3284 chaos
3191 3223 3550 3294 insuperabile
3577 3221 3771 3285 noctis,

2342 3328 2608 3398 lrrequies
2626 3333 2815 3380 cuncta
2839 3325 2952 3391 ipse
2971 3335 3211 3383 movens,
3228 3324 3502 3386 vegetator
3519 3317 3766 3374 inertum;

2345 3421 2459 3476 Non
2489 3419 2688 3488 genito
2712 3426 2736 3454 θ
2768 3429 2834 3492 ex
2861 3413 3115 3468 Genitore
3143 3410 3313 3473 Deus,
3343 3406 3433 3476 qui
3475 3403 3655 3459 fraude
3681 3419 3768 3456 su-

3602 3495 3786 3570 [perbi-

2345 3606 2588 3662 Oll‘ensus
2614 3601 2798 3688 populi
2824 3609 3010 3670 gentes
3039 3599 3090 3652 in
3115 3602 3279 3666 regna
3310 3592 3522 3649 vocavit
3554 3608 3567 3642 :

2345 3700 2537 3768 Stirpis
2559 3685 2822 3768 adoptivm
2849 3695 3071 3749 meliore
3093 3705 3329 3763 propage
3356 3685 3629 3744 colendus.

2241 3791 2310 3867 9.0
2346 3789 2580 3845 Cernere
2607 3802 2766 3858 quem
2797 3785 2946 3839 licuit
2972 3782 3184 3852 proavis
3218 3799 3229 3833 :
3261 3793 3368 3849 quo
3391 3775 3616 3830 Numine
3636 3772 3782 3834 viso,~

2347 3873 2415 3938 Et
2443 3881 2654 3936 Patrem
2680 3879 2876 3933 vidisse
2901 3877 3102 3939 datum,
3126 3871 3370 3938 contagia
3400 3868 3582 3922 nostra

2348 3974 2615 4042 Qui'tulit,
2647 3980 2703 4027 et
2729 3970 2828 4024 diri
2855 3982 3043 4038 passus
3077 3963 3300 4018 ludibria
3329 3959 3479 4021 lethi,

2347 4068 2476 4121 Esse
2502 4066 2602 4119 iter
2627 4071 2840 4117 mternae
2867 4056 3047 4111 docuit
3072 4050 3360 4108 remeabile
3389 4047 3527 4100 vilze.

2348 4155 2457 4210 Nec
2478 4153 2645 4208 solam
2671 4161 2912 4204 remeare
2940 4144 3194 4207 animam,
3218 4138 3311 4193 sed
3339 4149 3566 4204 corpore
3595 4141 3722 4186 toto‘

2243 4248 2312 4303 23
2347 4246 2605 4302 leestes
2632 4242 2830 4295 intrare
2857 4236 3056 4305 plagas,
3089 4239 3144 4286 et
3172 4231 3328 4284 inane
3356 4224 3588 4294 sepulcri

2351 4339 2615 4392 Arcanum
2641 4328 2828 4384 vacuis
2849 4325 3163 4392 adopertum
3187 4318 3427 4385 linquere
3449 4313 3624 4367 terris.

2422 4426 2554 4481 Nate
2576 4420 2748 4476 Patris
2767 4415 2978 4476 summi,
3003 4419 3292 4477 nostroque
3318 4406 3344 4445 τ’
3361 4403 3600 4460 salutifer
3618 4417 3732 4455 :evo
3760 4416 3772 4449 :

2351 4518 2585 4572 Virtutes
2605 4510 2805 4582 patrias
2831 4505 3054 4560 Genitor
3077 4501 3163 4556 cui
3194 4497 3408 4552 tradidit
3431 4507 3638 4557 omnes,

2351 4609 2433 4663 Nil
2461 4623 2527 4661 cx
2557 4601 2752 4658 invidia
2779 4597 3044 4654 retinens,
3079 4592 3373 4661 plenusque
3401 4584 3669 4644 datorum,

2247 4704 2314 4757 50
2352 4698 2531 4754 Pande
2558 4695 2699 4748 viam
2741 4686 3006 4760 precibus,
3038 4681 3344 4752 patﬁasqde
3369 4678 3484 4731 haec
3511 4671 3686 4742 perfer
3715 4667 3776 4722 ad

3582 4763 3773 4834 [θυι-ρει

2401 4883 2475 4936 Da
2491 4879 2650 4932 Pater
2662 4865 2908 4928 invictam
2924 4875 3109 4921 contra
3123 4860 3299 4916 omnia
3313 4856 3533 4913 crimina
3553 4861 3776 4905 mentem
3845 4904 3851 4910 ,

2355 4971 2748 5043 Vipereumque
2778 4960 2924 5016 nefas
2947 4953 3174 5012 nocituri
3199 4957 3381 5004 averte
3409 4943 3600 4999 veneni
3626 4951 3651 4990 -.'

2285 5097 2308 5133 ι’
2340 5093 2473 5147 Vide
2499 5094 2628 5142 not.~
2645 5080 2768 5134 9.18.

2289 5178 2310 5202 ο
2494 5169 2658 5211 carm.
2690 5151 2740 5210 6,
2771 5165 2822 5202 v.
2857 5143 2975 5217 168.

2292 5236 2310 5273 τ
2344 5215 2475 5286 Vide
2497 5240 2662 5281 carm.
2699 5220 2784 5286 10,
2817 5235 2864 5269 v.
2894 5215 2948 5267 5.

2288 5270 2372 5372 (α).
2811 5281 3096 5372 Alexandri
3116 5287 3202 5372 ket
3225 5357 3237 5372 ι
3255 5271 3552 5372 tres-“edit:

2215 5338 2496 5430 Ροιὲίίῃῗὲί
2812 5338 3013 5430 inargg.
3046 5349 3244 5404 habent
3272 5364 3283 5397 ε
3311 5343 3644 5412 Omnipotens
3672 5338 3772 5391 solo

2214 5426 2395 5499 mentis
2423 5437 2547 5493 mihi
2574 5431 2771 5502 cognite
2797 5426 2954 5479 cultu.
3067 5490 3079 5502 _
3195 5437 3198 5442 '
3222 5494 3235 5502 Δ
3261 5485 3273 5496 υ
3383 5482 3416 5502 ν

2282 5477 2822 5585 ξξᾶῗιέῖίῖθὲ
2846 5477 3031 5548 versus
3051 5490 3240 5544 desunt
3261 5485 3313 5539 in
3335 5482 3490 5537 editis
3510 5477 3784 5537 codicibus»

2208 5573 2348 5638 Ba‘d.’
2371 5590 2425 5633 et
2454 5573 2736 5631 Mediolani.

2282 5628 2349 5723 tua)
2373 5628 2689 5706 Etltl.~_Glill.
2724 5648 2777 5694 et
2806 5633 3034 5697 Poelm.,
3065 5628 3364 5682 illustraret.
