4008 6346
243 278 327 332 ιιι
870 276 875 283 ’
1683 275 1826 331 PDE!

1897 291 1915 332 ι
1952 278 2020 332 γι
3374 284 3480 340 ui

365 385 611 449 Sitsatis,
626 385 899 454 antiquam
912 400 1135 456 serpens
1153 386 1296 455 quod
1317 386 1543 457 perdidit
1560 390 1581 419 '
1604 388 1792 449 Evam,
1830 393 1871 447 Α
2056 387 2312 459 Tempora
2328 425 2358 454 ,η
2377 397 2768 462 cunctaturque
2805 392 2919 450 dies
2934 432 2949 459 ,
2980 396 3167 466 procul
3198 396 3351 468 exige
3375 413 3477 453 sre-

364 477 764 548 Deceptumque
793 487 819 515 ι
841 477 1083 546 adjunxit
1109 474 1299 533 A'dam.
1332 478 1438 533 Nos
1475 495 1596 535 sera
1627 494 1797 548 nepo-
3335 487 3478 561 [vum

1670 568 1802 639 [tum
2043 569 2412 628 lnsidiatorem
2438 572 2649 630 blandis
2684 577 2958 633 erroribus
2986 593 3234 648 anguem.

266 661 332 715 55
366 659 600 725 Semina,
630 661 880 716 veridicis
903 670 1034 715 mtas
1060 660 1080 691 ⁸
1105 657 1359 729 prmdicta
1392 654 1679 729 prophetis
1766 708 1782 720 ,
2116 659 2240 717 llzec
2266 663 2374 732 pia,
2404 665 2498 720 sed
2525 674 2711 722 maesto
2733 667 3047 737 trepidantia
3074 677 3201 724 vota
3229 676 3404 733 reatu,

366 748 609 803 Vitemus
633 749 874 818 laqueos,
904 760 1051 827 quos
1064 745 1237 802 letifer
1262 747 1498 816 implicat
1525 747 1730 814 anguis.
1940 747 2010 804 80
2045 749 2255 807 Christe
2281 753 2357 823 (α)
2384 746 2810 825 apudaaternum
2848 757 3124 827 placabilis
3151 774 3334 814 assere
3372 757 3478 813 Pa—

372 840 553 895 Pande
582 842 743 904 viam,
767 857 872 911 qua
900 856 987 895 me
1014 824 1137 911 post
1167 840 1371 894 vincula
1407 840 1650 908 corporis
1677 838 1804 908 mgri
2424 824 2427 825 ν
2848 824 2866 827 τ
3293 853 3492 925 [ιτεηιφ

370 932 427 987 ln
456 932 686 987 sublime
714 930 880 986 feram
908 950 920 984 :
952 931 1072 1001 puri
1102 946 1207 1002 qua
1233 930 1408 985 lactea
1437 930 1556 985 caeli
2047 933 2316 1006 Salvator,
2348 937 2488 995 Deus
2511 955 2574 997 ao
2605 940 3103 1010 Dominusrmens,
3129 943 3480 1014 gloria,.Ver-

370 1023 574 1078 Semita
605 1032 841 1078 ventosm
869 1030 1095 1091 superat
1116 1034 1248 1089 vaga
1285 1021 1483 1075 lumina
1514 1022 1651 1074 luna:
1684 1037 1695 1072 :
3307 1032 3488 1105 Ibam,

273 1113 335 1168 £0
369 1113 485 1179 Qua
515 1127 767 1182 proceres
792 1113 972 1167 abiere
999 1112 1336 1194 pii,_quaque
1359 1112 1565 1178 integer
1592 1110 1719 1164 olim
2046 1112 2214 1170 Filius
2243 1108 2338 1188 (li),
2368 1125 2430 1173 et‘
2444 1133 2573 1173 vero
2600 1134 2789 1174 verum
2814 1118 2880 1176 de
2911 1118 3108 1177 lumine
3136 1117 3335 1188 lumen,

374 1202 580 1272 Raptus
623 1201 651 1241 δ
694 1201 1009 1272 quadriiugo
1047 1210 1293 1272 penetrat
1333 1213 1496 1272 super
1542 1200 1745 1255 aethera
1783 1199 1802 1230 ⁸
2046 1202 2275 1260 ᾹΞιει-ηο
2302 1222 2423 1262 cum
2453 1207 2610 1263 Patre
2637 1225 2891 1277 manens,
2920 1212 2973 1265 in
3010 1212 3188 1267 secula
3218 1226 3478 1280 regnans;

1627 1289 1807 1362 [curru
2046 1292 2298 1351 Consona
2342 1312 2503 1367 quem
2533 1297 2601 1370 (c)
2644 1299 2883 1356 celebrat
2926 1288 3497 1357 modulatocarmine-

372 1384 534 1452 Elias,
565 1390 629 1442 et"
646 1385 818 1442 solido
845 1398 965 1441 cum
989 1399 1216 1453 corpore
1245 1384 1471 1454 praevius
1492 1380 1695 1437 Enoch.
3248 1391 3475 1464 [plebes,

448 1477 543 1543 Da,
571 1476 747 1541 Pater,
777 1476 962 1531 afterni
989 1484 1255 1545 speratam
1284 1468 1497 1528 luminis
1523 1485 1730 1534 auram,
1944 1469 2016 1526 85
2049 1466 2115 1527 Et
2133 1476 2471 1545 responsuris
2496 1476 2617 1532 ferit
2642 1493 2768 1534 aera
2788 1479 3010 1535 vocibus
3034 1498 3046 1534 :
3071 1481 3277 1536 Amenr

373 1566 431 1622 Si
459 1566 663 1637 lapides
689 1583 797 1621 non
818 1567 944 1636 juro
972 1566 1124 1632 deos,
1154 1579 1425 1634 unumque
1450 1563 1667 1619 verendi
2483 1564 2715 1621 POEMA
2760 1567 2850 1622 Vl.
2884 1570 2900 1589 ‘

278 1657 345 1712 45
376 1659 685 1730 Suspiciens
704 1659 871 1713 altare
898 1658 1056 1724 sacri,
1089 1657 1337 1711 libamina
1369 1657 1492 1710 vitae
2016 1650 2118 1724 (De
2146 1652 2207 1707 S.
2237 1645 2478 1708 Johanne
2508 1650 2744 1726 Baptista
2772 1656 2962 1710 Christi
2990 1656 3368 1729 Prwcursore.)

372 1747 694 1804 [intemerata
720 1747 832 1802 fero
864 1766 876 1801 :
907 1748 953 1801 si
977 1756 1028 1802 te
1050 1747 1366 1815 Dominiquc
1394 1746 1596 1816 Deique
1834 1751 1880 1811 Β
2047 1743 2266 1800 Summe
2295 1742 2458 1800 Pater
2484 1760 2683 1812 rerum,
2715 1747 2941 1817 caelique
2960 1757 3160 1804 :eterna
3186 1756 3463 1819 potestas,-

375 1837 600 1907 Unigeni
632 1848 657 1877 σ
684 1852 954 1907 cognosco
978 1836 1212 1903 Patrem,
1246 1838 1573 1906 mixtumque
1600 1836 1806 1894 duobus
2046 1830 2180 1890 Cum
2209 1850 2317 1904 quo
2346 1843 2528 1889 nostra
2545 1835 2707 1900 salus,
2728 1846 3035 1892 sanctorum
3062 1838 3231 1905 gloria
3250 1836 3493 1904 Christe,

369 1926 470 1993 Qui
496 1942 661 1997 super
685 1938 959 1994 :equoreas
984 1926 1244 1982 volitabat
1265 1925 1492 1996 Spiritus
1519 1926 1706 1981 undas.
2046 1924 2278 1996 Spiritus
2307 1935 2363 1981 et
2389 1919 2535 1981 Patri
2563 1922 2763 1997 pariter
2788 1924 3031 1997 Natoque
3059 1929 3354 1996 cohaerens,

415 2017 510 2080 Da,
528 2017 1007 2084 Genitor,veniam,
1024 2020 1364 2088 cruciataque
1383 2027 1601 2089 pectora
1615 2034 1803 2089 purga,
2048 2017 2150 2083 Qui
2172 2025 2379 2071 mentes
2401 2015 2715 2087 linguasque
2736 2018 2895 2086 regis,
2922 2017 3167 2087 viresque
3187 2017 3493 2084 ministras,

276 2107 339 2163 50
370 2107 425 2163 Si
454 2116 508 2163 te
539 2123 647 2164 non
676 2108 947 2185 pecudum
966 2107 1135 2173 ﬁbris,
1159 2123 1264 2163 non
1294 2109 1552 2177 sanguine
1582 2106 1699 2162 fuso
2048 2102 2351 2161 Promeruit
2377 2119 2512 2176 quas
2536 2107 2648 2161 sola
2682 2103 2811 2162 ﬁdes
2836 2125 2849 2159 :
2880 2106 2965 2161 cui
2996 2107 3153 2176 plena
3182 2116 3447 2178 potestas,

370 2197 561 2264 Quaero
588 2216 600 2251 :
626 2213 728 2253 nec
755 2199 964 2255 arcanis
995 2213 1188 2253 numen
1213 2197 1458 2267 conjecto
1485 2198 1585 2253 sub
1611 2199 1769 2254 extis.
2044 2195 2223 2250 Brutis
2250 2195 2863 2265 ingenium,.vocemque
2887 2194 3166 2251 infundere
3193 2198 3376 2262 mutis,

370 2286 724 2359 333-3“
760 2287 819 2342 Si
847 2287 874 2325 ά
904 2288 1109 2343 scelere
1146 2287 1411 2353 abstineo,
1441 2288 1611 2343 errori
1642 2288 1805 2358 ipse_'
2046 2286 2248 2341 Pursta
2278 2286 2600 2356 Evangelico
2627 2287 2843 2341 ductum
2872 2286 2940 2341 de
2960 2286 3109 2341 fonte
3126 2285 3447 2354 Iohannem,

1311 2379 1601 2452 [obnoxius
1637 2397 1649 2432 :
1681 2389 1735 2435 et
1761 2380 1804 2434 si
2046 2379 2102 2433 in
2134 2386 2316 2434 nostra
2344 2380 2518 2435 arenti
2539 2380 2824 2436 decurrere
2852 2380 3088 2436 carmina
3119 2381 3257 2436 rivo.

370 2473 507 2544 Opto
533 2473 727 2543 magis,
748 2487 908 2543 quam
938 2470 1061 2534 ﬁdo,
1085 2471 1259 2527 bonus
1276 2487 1547 2542 purusque
1568 2473 1808 2542 probari,
1934 2547 1936 2551 γ
2118 2470 2211 2527 ille
2262 2471 2477 2541 quidem
2533 2480 2711 2527 tantus
2735 2512 2751 2538 ,
2803 2481 3061 2544 quantum
3128 2473 3302 2543 potuit
3350 2472 3482 2529 dare

370 2564 681 2620 Confessam
723 2563 945 2631 dignare
983 2563 1217 2617 animam
1261 2580 1273 2615 :
1321 2562 1367 2617 si
1415 2565 1656 2619 membra
1713 2577 1807 2619 οτι-ι
3227 2562 3479 2637 [mundo,

1150 2642 1158 2648 ’
1637 2652 1803 2727 [duca
1944 2653 2008 2708 l0
2045 2653 2146 2720 Qui
2174 2653 2319 2708 nasci
2342 2652 2502 2708 talem
2533 2668 2669 2706 nova
2699 2669 2795 2723 per
2820 2650 3071 2708 miracula
3093 2652 3254 2722 jussit
3280 2670 3293 2705 :
3406 2700 3420 2713 ,

278 2734 344 2796 55
373 2741 648 2812 Exsecror,
678 2753 735 2799 et
762 2745 981 2799 tacitum
1027 2745 1071 2800 si
1101 2745 1346 2815 panitet,
1374 2745 1590 2814 altaque
1616 2759 1805 2801 sensus
2045 2742 2154 2798 Sed
2177 2743 2377 2797 licitum
2404 2743 2611 2811 magnis
2636 2751 2822 2797 tenues
2850 2741 3157 2813 impendere
3184 2758 3375 2809 curas,

376 2833 633 2915 Formido‘
647 2836 937 2901 excruciat,
963 2841 1337 2904 tormentaque
1361 2851 1482 2890 sera
1513 2835 1770 2904 gehenna:
2043 2833 2154 2889 Nec
2180 2834 2533 2902 dedignantur
2558 2833 2715 2889 vilem
2743 2834 2983 2889 cmlestia
3013 2833 3225 2889 laudem
3254 2852 3268 2888 :

382 2924 657 2993 Anticipat,
690 2925 1144 2995 patiturque‘suos
1171 2941 1324 2981 mens
1350 2926 1530 2981 saucia
1561 2941 1765 2981 manes.
2043 2923 2173 2978 Pars
2193 2924 2353 2978 etiam
2374 2924 2571 2989 meriti,
2601 2924 2848 2978 meritum
2878 2924 3149 2979 celebrare
3172 2926 3383 2994 piorum
3411 2943 3425 2978 :

448 3015 731 3081 Da,Pater,
754 3018 868 3072 hmo
892 3027 1076 3074 nostro
1092 3016 1204 3073 ﬁeri
1225 3029 1248 3057 ο
1270 3027 1384 3072 rata
1405 3027 1528 3074 vota
1542 3027 1761 3087 precatu
1786 3031 1811 3071 ε’
2045 3014 2153 3069 Nec
2181 3030 2319 3069 nova
2347 3030 2488 3070 nunc
2506 3054 2520 3081 ,
2552 3022 2645 3069 aut
2670 3024 2854 3070 nostra
2883 3031 3071 3071 canam
3099 3034 3113 3068 :
3144 3015 3329 3071 dixere
3357 3030 3485 3086 pro-

379 3105 457 3162 Nil
490 3116 755 3175 metuam,
799 3109 1116 3179 cupiamque
1157 3108 1330 3163 nihil:
1363 3108 1494 3165 satis
1534 3109 1639 3164 hoc
1684 3123 1807 3163 rear
1834 3104 1880 3167 Ο
3194 3126 3201 3131 ·
3286 3104 3486 3178 [pheta

1641 3199 1804 3273 [esse,
1948 3194 2015 3249 f3
2048 3194 2251 3252 Cuncta
2271 3196 2441 3267 prius,
2469 3195 2744 3265 sanctique
2766 3194 2865 3250 viri
2886 3210 3133 3251 sermone
3153 3195 3332 3251 soluto

278 3287 341 3342 ω
373 3287 519 3356 Quod
539 3288 673 3344 satis
698 3296 782 3344 est
812 3307 825 3342 :
867 3288 941 3344 nil
970 3297 1125 3359 turpe
1160 3288 1347 3354 velim,
1376 3303 1477 3346 nec
1513 3303 1683 3345 causa
1701 3305 1804 3360 pu-
2053 3284 2381 3341 Promissum
2408 3293 2688 3351 exortum,
2720 3286 2886 3339 vitam
2926 3295 3262 3356 mortemque
3302 3300 3487 3340 sacra-

1638 3381 1806 3455 [doris
3152 3436 3163 3446 ,
3295 3375 3442 3448 [runt
3469 3394 3482 3429 :

371 3469 483 3525 Sim
502 3469 676 3524 mihi:
704 3483 805 3526 nec
846 3469 1040 3525 faciam
1086 3470 1333 3539 cuiquam
1352 3509 1367 3533 ,
1397 3485 1529 3541 qua:
1562 3480 1805 3541 tempore
2050 3465 2106 3521 Si
2135 3481 2281 3521 mors
2300 3465 2391 3520 illa
2418 3464 2537 3532 fuit,
2566 3465 2761 3520 meruit
2789 3479 2907 3535 qua:
2927 3466 3184 3535 sanguine
3213 3467 3430 3521 coelum.

1594 3561 1802 3633 [eodem
2048 3555 2401 3627 335-336
2414 3554 2521 3610 Nos
2562 3562 2768 3609 tantum
2802 3554 3036 3610 modulis
3075 3555 3323 3611 evolvere
3346 3554 3487 3611 dicta

368 3649 540 3705 Nolim
569 3648 708 3706 facta
736 3650 867 3705 mihi
897 3668 910 3704 :
937 3664 1037 3706 nec
1064 3665 1194 3707 vero
1223 3651 1445 3707 crimine
1475 3649 1660 3717 laedar,
2596 3680 2605 3689 -
3251 3645 3489 3718 [canoris

363 3740 470 3799 Nec
496 3743 736 3798 maduler
755 3742 916 3798 dubio
944 3760 957 3796 :
991 3743 1204 3813 paulum
1231 3742 1428 3799 distare
1452 3744 1663 3798 videtur

2051 3734 2326 3803 Vovimus,
2352 3743 2409 3790 et
2435 3750 2592 3790 versu
2622 3742 2831 3792 mentes
2855 3734 3037 3790 laxare
3064 3735 3334 3802 legentum
3368 3753 3379 3787 :

367 3831 677 3902 Suspectus,
700 3847 934 3901 vereque
958 3848 1103 3888 reus.
1145 3831 1163 3871 τ
1190 3832 1327 3888 Male
1355 3849 1514 3904 posse
1544 3834 1766 3889 facultas
2048 3826 2141 3883 Sic
2171 3827 2317 3897 (nam
2348 3840 2539 3896 magna
2566 3827 2691 3882 licet
2718 3826 2918 3897 parvis,
2942 3825 3160 3895 antiqua
3190 3826 3433 3891 novellis,

274 3918 335 3974 65
364 3920 515 3977 Nulla
543 3923 615 3977 sit
631 3959 657 3989 ,ο
683 3930 740 3977 et
758 3922 900 3979 bene
928 3923 949 3954 '
978 3938 1138 3994 posse
1166 3922 1307 3977 adsit
1335 3924 1622 3993 tranquilla
1650 3932 1803 3995 pote-
1904 3918 1974 3973 20
2045 3918 2289 3975 Perfecta
2319 3919 2550 3975 indoctis
2578 3918 2844 3982 conferre,
2880 3929 2905 3967 lt
2934 3927 3134 3974 aeterna
3155 3918 3396 3989 caducis)

1648 4017 1821 4088 Istas;
2045 4012 2344 4082 inspirante
2364 4012 2476 4067 Deo
2503 4011 2759 4081 quidquid
2788 4011 2974 4066 dixere
3001 4014 3229 4080 priores,

363 4103 476 4159 Sim
504 4103 653 4159 tenui
672 4104 818 4160 victu
842 4112 1003 4175 atque
1029 4105 1236 4171 habitu,
1268 4107 1367 4161 sim
1396 4107 1759 4163 carusamicis
1783 4126 1795 4160 :
2044 4102 2262 4171 Aptavit
2282 4103 2501 4157 citharis
2523 4116 2717 4155 nomen
2747 4101 3054 4155 venerabile
3079 4101 3269 4165 David,

361 4192 430 4248 Et
457 4209 672 4265 semper
693 4196 906 4263 genitor
929 4197 1046 4250 sine
1073 4197 1293 4251 vulnere
1313 4197 1543 4252 nominis
1565 4196 1742 4266 hujus.
2045 4193 2293 4248 Consona
2337 4193 2544 4247 cmlesti
2573 4205 2814 4261 pangens
2845 4192 3205 4246 modulamina
3237 4192 3442 4263 plectro
3470 4212 3481 4246 :

360 4284 478 4339 Non
499 4285 680 4339 animo
708 4283 942 4350 doleam,
975 4301 1350 4357 non’corpore,
1378 4295 1571 4341 cuncta
1603 4288 1799 4356 quietis
2046 4282 2153 4337 Nos
2168 4296 2384 4353 quoque
2405 4280 2484 4336 fas
2503 4282 2812 4338 meminisse
2835 4281 2947 4346 Dei,
2966 4297 3289 4352 quamquam
3312 4284 3485 4337 (ὼρίιει

359 4371 673 4441 Fungantur
698 4373 945 4428 membra
965 4370 1157 4428 ofﬁciis
1189 4392 1202 4427 :
1235 4390 1336 4430 nec
1355 4376 1566 4431 saucius
1593 4376 1715 4431 ullis
3274 4374 3489 4446 [multis

268 4461 328 4514 70
360 4462 615 4517 Partibus
641 4463 897 4517 amissum
927 4462 1216 4533 quidquam
1246 4463 1516 4520 desideret
1543 4480 1687 4521 usus.
1826 4473 1876 4533 ι)
1899 4466 1971 4522 35
2050 4464 2276 4523 Pectora
2305 4466 2616 4522 criminibus
2633 4465 2910 4522 cmlestem
2941 4466 3227 4522 admittere
3247 4483 3485 4522 sensum.

360 4552 499 4609 Pace
526 4552 692 4619 fruar,
724 4568 943 4609 securus
967 4567 1151 4622 agam,»
1173 4554 1427 4609 miracula
1454 4563 1609 4609 terra:
2122 4557 2409 4612 Zacharias
2433 4556 2587 4629 Syria
2617 4556 2887 4627 quondam
2916 4556 2984 4611 de
3011 4565 3171 4625 gente
3199 4559 3483 4624 sacerdos,

358 4647 509 4701 Nulla
540 4653 725 4716 putem
754 4662 768 4697 :
794 4660 1042 4715 suprema
1068 4645 1198 4699 mihi
1227 4639 1347 4700 cum
1370 4647 1579 4701 venerit
1606 4647 1756 4711 hora,
2042 4647 2261 4703 Credita
2286 4647 2749 4703 solemnicurabat
2769 4647 2967 4717 templa
2990 4656 3202 4718 paratu.

357 4737 467 4792 Nec
488 4738 674 4791 timeat
701 4745 928 4791 mortem
956 4737 1092 4791 bene
1113 4738 1327 4791 conscia
1351 4736 1480 4803 vita,
1503 4753 1603 4792 nec
1623 4748 1792 4807 optet.
2045 4739 2166 4793 Vita
2194 4738 2314 4802 viri,
2347 4738 2569 4808 pietate,
2602 4736 2724 4802 ﬁde,
2753 4738 3038 4805 gravitate,
3070 4737 3299 4809 pudore,

272 4874 275 4875 ν
356 4828 529 4883 Purus
556 4828 625 4883 ab
652 4827 878 4883 occultis
898 4843 1019 4883 cum
1051 4836 1103 4881 te
1133 4827 1441 4896 indulgente
1470 4829 1712 4893 videbor,
2044 4828 2325 4898 Obsequio
2345 4827 2610 4895 condigna
2638 4827 2733 4882 Dei
2762 4826 2958 4897 coniux
2982 4828 3105 4883 huic
3133 4828 3272 4884 alma

263 4917 324 4969 75
356 4917 882 4989 Omniade’spidam,
914 4917 1076 4972 fuerit
1103 4934 1227 4972 cum
1254 4919 1369 4973 sola
1403 4920 1649 4990 voluptas
1675 4923 1692 4951 ⁷
1902 4923 1973 4977 50
2044 4921 2312 4978 Elisabeth
2341 4920 2516 4990 prisca
2537 4926 2847 4974 sanctorum
2876 4919 3041 4989 stirpe
3067 4919 3306 4974 virorum

356 5007 624 5065 Indicium
653 5004 871 5079 sperai-e
893 5017 1038 5062 tuum
1068 5027 1080 5060 :
1107 5008 1252 5077 quod
1280 5008 1405 5063 dum
1432 5024 1527 5063 sua
1556 5009 1731 5065 dill'ert
2043 5012 2353 5083 Progenita,
2386 5019 2444 5065 et
2466 5018 2615 5065 tanto
2644 5010 2931 5066 virtutibus
2956 5025 3107 5079 aequa
3138 5002 3381 5066 maritoﬁ

262 5212 313 5291 θ’
339 5211 483 5267 Alias
517 5212 754 5296 5:quod
793 5222 969 5268 autem
998 5211 1031 5266 6
1055 5220 1200 5277 erat,
1245 5227 1386 5267 nunc
1426 5213 1478 5268 7.
1522 5214 1793 5286 Scriptum
1976 5183 2383 5296 gYideepfl;
2407 5229 2564 5296 num.
2591 5211 2675 5296 lg.
2726 5283 2740 5296 .
2889 5292 2899 5296 _
2944 5282 2977 5296 η
3016 5283 3031 5296 ⁸
3094 5290 3105 5296 Δ
3172 5282 3185 5295 .
3380 5241 3472 5296 d-

232 5281 584 5353 είωέἑιηηυῐη
611 5281 741 5353 59οί
1645 5281 1660 5286 ’
1975 5287 2049 5353 (a)
2079 5281 2225 5338 Editi
2251 5282 2383 5353 cod.
2404 5282 2578 5353 Grin.,
2612 5281 2818 5339 Poelm.
2852 5292 2907 5338 et
2944 5282 3131 5338 Schot.
3171 5282 3223 5336 in
3252 5294 3480 5349 margg.,

296 5361 320 5388 -
347 5350 479 5421 vide
508 5361 621 5408 not.
652 5352 775 5406 εις).
954 5384 983 5411 ς

1902 5350 2062 5418 me,
2092 5363 2151 5408 ut
2174 5369 2333 5408 versu
2358 5352 2445 5406 26.
3222 5417 3319 5421 Α.-
3412 5416 3416 5421 ,

295 5422 319 5459 ⁵
346 5419 479 5495 Ride
502 5432 615 5477 ηοί·
640 5422 763 5495 329:
910 5489 972 5495 __
1972 5417 2241 5495 (b)lidem
2287 5422 2445 5478 codd.
2485 5437 2609 5479 cum
2650 5422 2831 5478 Grav.‘
2856 5422 2908 5476 in
2947 5434 3172 5489 margg.,
3212 5417 3384 5473 Filius
3412 5417 3477 5473 ἐκ

296 5499 319 5529 ε
346 5488 478 5545 Vide
503 5508 671 5546 carm.
701 5491 789 5555 2i,
824 5508 874 5545 ν.
906 5489 993 5544 95.

615 5508 671 5546 n.
701 5491 789 5555 2i,
824 5508 874 5545 ν.
906 5489 993 5544 95.
1896 5488 2011 5550 νει-ὸ
2031 5488 2198 5548 uerus.

295 5559 319 5598 ά
348 5558 479 5633 [ide
507 5564 559 5615 in
584 5565 815 5633 appenJ.
846 5562 1003 5633 epist.
1034 5566 1069 5620 2
1095 5566 1161 5622 ad
1188 5565 1428 5629 (Seiane,
1455 5581 1507 5620 n.
1534 5564 1584 5617 ϐ.
1964 5566 2034 5633 (c)
2062 5563 2189 5619 Sola
2217 5562 2489 5631 llosveyd.
2522 5559 3009 5633 editio,_cefe_lnant_,
3034 5557 3323 5633 mendose,
3348 5573 3469 5613 cum

297 5643 319 5703 ξ
348 5629 477 5703 Ῐῇερθ
502 5627 671 5685 carm.
709 5631 791 5703 μ,
823 5627 991 5703 νς-ίὸ.
1203 5676 1208 5682 .
1420 5627 1425 5629 “
1891 5627 2047 5690 vorsu
2076 5627 2600 5703 sequenti‘ha'heatur
2628 5630 2764 5701 (erit,
2800 5630 2884 5684 hic
2909 5630 3048 5684 enim
3071 5627 3239 5699 plebes
3281 5630 3467 5697 singu-

242 5706 249 5712 '
299 5699 320 5737 f
350 5697 476 5755 Vide
496 5716 664 5755 carm.
696 5700 755 5769 4,»
781 5717 830 5755 v.
857 5702 908 5753 6'.
1891 5706 1986 5759 lari
2019 5697 2239 5757 numero
2263 5701 2504 5757 eil-rtur.
