4008 6346
469 319 576 373 με
1412 312 1468 365 8.
1516 309 1788 364 PAULINI
1828 307 2076 363 NOLAM
2115 304 2419 360 EPISCOPI
2458 302 2803 359 POEMATA.
3627 307 3733 362 με

613 431 722 487 Sed
752 430 917 501 (quod
945 431 1000 484 in
1029 426 1322 498 opprobrio
1344 433 1368 461 ⁸
1396 431 1627 478 matrum
1648 437 1879 492 posuere
1909 421 2057 492 prio-
2087 423 2133 478 A
2301 416 2379 471 Ne
2402 416 2618 470 dubiam
2638 413 2904 484 suspende
2932 413 3087 468 ﬁdem
3103 454 3118 478 ,
3142 428 3211 469 ne
3237 423 3384 470 mota
3406 414 3632 473 faventis

1945 511 2056 582 [res
2302 506 2382 560 lra
2414 507 2508 562 Dei
2537 507 2784 561 meritam
2809 513 3010 560 statuat
3040 514 3166 574 post
3191 506 3664 588 prazmiapmnam.

618 609 776 665 Prole
803 624 1012 673 carens,
1034 606 1273 661 sterilem
1303 603 1534 659 ducebat
1555 611 1738 657 masta
1767 608 2041 656 senectam
2371 599 2495 653 Haac
2519 599 2614 662 ait,
2642 606 2698 652 et
2718 605 2907 652 tenues
2930 597 3161 676 elabitur
3187 597 3298 652 ales
3326 597 3381 652 in
3405 613 3565 654 auras
3581 639 3598 664 ,

615 699 886 770 Spemque
913 711 1129 752 omnem
1172 695 1375 750 sobolis
1429 701 1699 748 transacta
1751 693 2055 747 excluserat
2161 689 2232 743 85
2305 690 2758 758 Fragrantemque
2784 703 2936 742 sacro
2969 687 3158 757 procul
3183 702 3308 741 aera
3349 686 3528 741 fundit
3555 687 3734 744 odore.

1884 783 2056 852 iactas,
2307 782 2534 850 Diriguit
2563 780 2768 850 trepida
2795 781 3049 838 confusus
3069 790 3246 835 mente
3271 780 3542 846 sacerdos,

475 882 545 938 35
614 881 777 937 Forte
799 897 1010 938 sacrum
1035 882 1276 936 sollenne
1314 880 1427 934 Deo
1445 878 1596 948 plebs
1620 884 1810 931 cuncta
1833 874 2059 940 ferebat,
2305 875 2383 929 Ac
2403 873 2528 927 dum
2565 872 2889 942 promissum
2910 875 3218 927 cunctantia
3242 873 3406 928 corda
3428 874 3675 929 volutant
3692 918 3707 942 ,

619 969 689 1027 Et
717 973 835 1042 plus
861 972 1088 1027 antistes
1115 987 1300 1026 sacros
1329 969 1641 1023 adoleverat
1669 967 1846 1033 ignes,
2303 968 2438 1020 Dum
2465 981 2524 1020 se
2545 963 2738 1020 difﬁdit
2760 973 2968 1020 tantum
2989 966 3250 1021 meruisse
3273 966 3534 1030 favorem,

616 1062 810 1117 intima
839 1062 1034 1119 divinis
1069 1061 1332 1116 decoratis
1359 1059 1547 1113 altaria
1575 1055 1803 1110 flammis
1836 1072 1847 1106 :
2313 1057 2379 1114 Ut
2402 1059 2596 1114 summi
2625 1057 2695 1113 sit
2720 1073 2848 1114 cura
2871 1058 2984 1124 Dei,
3003 1057 3254 1114 dimissus
3279 1066 3338 1112 ut
3365 1058 3478 1113 alio

620 1153 760 1208 Ecce
788 1168 996 1208 sacram
1025 1160 1248 1222 propter
1274 1149 1301 1188 δ
1331 1149 1564 1204 cmlestis
1589 1145 1808 1200 nuntius
1844 1157 1994 1197 aram
2167 1153 2236 1206 9i)
2308 1151 2535 1206 Nuntius
2555 1167 2586 1207 e
2614 1151 2786 1216 caelo,
2815 1149 3015 1206 famulo
3047 1159 3156 1230 tam
3177 1150 3322 1204 clara
3352 1149 3580 1204 referret

624 1240 863 1311 Adstitit,
885 1260 949 1300 ac
976 1253 1128 1299 veste
1156 1242 1398 1310 insignis,
1424 1237 1747 1294 venerabilis
1771 1250 1892 1300 ore,
2026 1304 2037 1312 '
2309 1242 2353 1296 Α
2383 1235 2611 1296 Domino
2633 1241 2884 1295 mandata
2914 1256 3037 1308 suo,
3060 1240 3278 1308 ludique
3301 1247 3538 1306 veretur,

479 1335 550 1390 ιο
621 1333 694 1390 Se
717 1334 855 1391 coelo
875 1334 1095 1388 missum
1123 1333 1378 1400 vultuque
1400 1329 1694 1398 habituque
1718 1323 1993 1396 probavit,
2310 1332 2637 1401 somniaque
2667 1331 2754 1386 illa
2783 1339 2964 1401 putat,
2996 1346 3174 1386 mores
3202 1329 3328 1384 dum
3355 1329 3572 1399 parcius
3593 1343 3748 1400 aquo

629 1424 762 1480 Tum
805 1432 988 1478 sancta
1020 1423 1074 1477 in
1105 1423 1240 1477 tales
1267 1422 1467 1475 laxavit
1494 1429 1715 1490 pectora
1741 1431 1923 1470 voces.
2315 1423 2569 1482 ,Estimai
2597 1424 2711 1494 ipso
2737 1437 2884 1488 suos,
2907 1437 3007 1477 nec
3027 1437 3086 1476 se
3118 1423 3381 1476 mei-uisse
3407 1419 3605 1475 fatetur
3630 1437 3644 1471 :

641 1515 860 1584 Accipe,
890 1513 1098 1569 cmlesti
1129 1513 1356 1566 Domino
1386 1511 1579 1566 dilecte
1608 1507 1882 1572 sacerdos,
2313 1513 2538 1568 lnlidum
2568 1512 2695 1567 facit
2724 1513 2835 1582 ipsa
2866 1511 3017 1574 fides,
3045 1511 3174 1565 dum
3201 1509 3424 1565 credere
3443 1508 3668 1578 dignum

627 1604 839 1660 Eterni
861 1604 1114 1659 mandata
1144 1603 1259 1668 Dei,
1287 1603 1375 1658 cui
1397 1617 1526 1656 cura
1555 1601 1767 1670 piorum

2174 1605 2243 1660 95
2313 1605 2384 1660 Se
2408 1621 2514 1660 non
2540 1605 2676 1668 vult,
2708 1619 2896 1674 pmnas
2925 1602 3299 1658 incredulitate
3319 1608 3578 1656 meretur.

624 1695 892 1772 Perpetua
920 1701 1023 1760 est.
1047 1695 1191 1765 Ιυείε
1219 1693 1311 1762 (illi
1342 1709 1479 1763 Ρυΐο
1507 1693 1562 1746 in
1588 1699 1808 1760 Ρθεῑοτθ
1831 1695 2015 1744 ουεῑοε
2319 1696 2574 1753 Protinus
2600 1697 2856 1752 adstricta
2877 1703 2962 1749 est
2985 1693 3251 1749 dubitanti
3272 1693 3451 1760 lingua
3473 1691 3658 1762 palato
3675 1728 3694 1756 ,

491 1788 563 1844 45
631 1789 927 1844 Emeritum
956 1787 1153 1842 sanctis
1180 1775 1492 1855 impendere
1521 1782 1676 1838 scivit
1702 1795 1963 1835 amorem.
2107 1789 2149 1845 Β
2318 1791 2388 1846 Et
2417 1799 2598 1846 ωοιυε
2623 1790 2791 1846 obuia
2817 1789 2918 1853 sui,
2949 1788 3241 1858 moiiiaque
3268 1787 3437 1850 vocis,

701 1878 780 1932 Ac
811 1876 1041 1946 primum
1072 1894 1086 1928 :
1116 1889 1285 1946 genus
1309 1874 1398 1930 hic
1426 1873 1692 1929 exstincto
1721 1871 1926 1926 semine
1956 1885 2066 1924 non

1910 1886 1926 1925 ⁵
1956 1885 2066 1924 ηοῐι
2322 1883 2624 1938 Articulare
2651 1896 2866 1948 sonum,
2888 1879 3041 1950 pigro
3066 1887 3286 1948 torpore
3305 1877 3547 1933 cohaesit.

1937 1961 2076 2035 [νυη
2319 1975 2562 2044 Dumque
2591 1973 2738 2042 cupit
2767 1986 2988 2026 narrare
3014 1985 3124 2026 suae
3145 1968 3403 2023 miracula
3423 1967 3588 2037 plebi,

629 2063 900 2119 interiisse
929 2070 1095 2127 tuum,
1127 2059 1458 2128 fecundaque
1482 2057 1686 2112 viscera
1717 2055 1843 2110 fecit
2179 2064 2280 2120 {oo
2315 2064 2553 2118 conaius
2581 2063 2796 2128 frustra,
2829 2061 3007 2116 deﬁxo
3035 2060 3305 2115 obmutuit
3331 2073 3446 2114 ore.

628 2153 907 2222 Conjugis,
936 2151 1097 2206 elfcto
1123 2166 1241 2220 quae
1262 2149 1373 2219 jam
1403 2148 1653 2203 cessabat
1682 2147 1735 2200 in
1765 2162 1902 2200 mvo.

2319 2153 2535 2208 Maestus
2553 2154 2686 2217 abit,
2719 2163 3002 2222 versatque
3031 2153 3234 2206 inclusa
3261 2158 3444 2205 mente
3469 2149 3734 2215 dolorem,

632 2242 742 2298 Cur
763 2254 942 2297 tamen
973 2241 1277 2304 addubitas,
1309 2238 1524 2293 mortali
1555 2245 1610 2292 tu
1634 2251 1849 2306 quoque
1877 2250 2039 2289 sensu
2058 2275 2074 2299 ,

1910 2250 2039 2289 ειιδιι
2058 2275 2074 2299 ν
2319 2243 2386 2298 Εῑ
2413 2245 2625 2298 veniam
2651 2244 2844 2298 erratis
2872 2258 3072 2297 arcano
3102 2242 3155 2296 in
3184 2241 3350 2296 corde
3369 2249 3642 2310 precatur.

495 2333 563 2390 50
631 2331 821 2388 Omnia
849 2348 1010 2403 posse
1039 2332 1244 2387 Deum?
1272 2329 1368 2386 sed
1397 2330 1602 2392 credes,
1638 2328 1726 2381 ille
1753 2325 2022 2397 probabit.
2312 2346 2315 2347 ν
2393 2334 2602 2401 Quanta
2628 2335 2721 2389 Dei
2741 2329 3762 2404 pietas!quamqueexorabileNumenl

632 2424 894 2499 Nascetur
914 2423 1106 2492 ὀίεηυε
1132 2431 1282 2477 mmo
1303 2436 1562 2491 εροηεοτθ
1590 2421 1799 2483 beatus»
2324 2427 2642 2484 Pcenituisse
2668 2436 2752 2481 sat
2778 2435 2879 2482 est.
2923 2427 3059 2480 Rata
3083 2426 3173 2494 qui
3201 2425 3312 2488 dat,
3339 2423 3600 2494 temporis
3628 2420 3761 2478 ordo

633 2515 1038 2586 Perpetuusque
1057 2531 1210 2585 puer,
1236 2514 1327 2582 qui
1362 2512 1536 2583 primo
1558 2511 1805 2581 protinus
1831 2522 1948 2562 ωνο

1910 2522 1948 2561 ὀ
2185 2519 2289 2574 105
2324 2519 2588 2583 Volvitur,
2613 2526 2670 2572 et
2688 2516 2903 2586 gravida
2927 2515 3163 2587 (mirum)
3188 2514 3512 2570 distenditur
3539 2512 3663 2566 alvo

641 2607 717 2663 Te
746 2611 938 2676 major,
960 2622 1143 2664 sacras
1171 2606 1372 2660 invicto
1399 2604 1451 2658 in
1476 2611 1693 2672 pectore
1719 2601 1864 2655 vires

2327 2611 2618 2676 Elisabelh,
2633 2614 2983 2678 sanctumque
2995 2616 3188 2677 gerunt
3215 2609 3301 2678 pia
3317 2607 3526 2661 viscera
3540 2601 3776 2675 pondus,

592 2704 608 2722 '
637 2697 855 2752 Autoris
876 2697 1021 2752 dono
1059 2697 1180 2767 plus
1206 2710 1366 2765 quam
1388 2693 1647 2762 genitoris
1673 2690 1913 2745 habebit.
2198 2739 2201 2746 ,
2327 2701 2394 2756 Ei
2421 2703 2568 2756 νεηίι
2595 2699 2759 2756 caelo
2782 2715 2981 2755 munus
3000 2699 3237 2768 juvenile
3262 2697 3360 2753 sub
3379 2712 3518 2752 ωνο,

497 2787 566 2843 55
635 2788 744 2844 Nec
770 2803 919 2852 sane:
947 2795 1076 2842 ηθίο
1104 2801 1223 2866 qui“
1248 2787 1422 2856 Ρτίιηα
1448 2783 1711 2839 vocabula
1739 2797 1940 2852 P0033:
2398 2792 2527 2847 Inde
2555 2791 2718 2856 aliud,
2748 2800 2966 2846 sanctus
2990 2789 3226 2854 Gabriel,
3245 2789 3338 2858 qui
3381 2787 3602 2843 nuntius
3629 2785 3776 2842 idem

638 2882 857 2937 Arbitrii
879 2882 1122 2952 jurisque
1151 2881 1227 2935 tui
1262 2889 1346 2936 est
1379 2898 1391 2932 :
1424 2879 1564 2934 Deus
1594 2879 1708 2949 ipse
1733 2876 1977 2948 profecto
1997 2917 2013 2941 ,
2333 2883 2603 2937 zachariae
2631 2881 2824 2946 fuerat,
2857 2880 3027 2935 multo
3057 2879 3261 2949 majora
3288 2878 3561 2942 volutans,

643 2973 746 3039 Qui
770 2973 918 3026 nasci
934 2971 1107 3040 jubet,
1125 2970 1268 3025 hunc
1288 2971 1428 3025 idem
1444 2969 1597 3038 jubet
1618 2983 1736 3022 esse
1761 2966 2082 3022 Johannem.
2192 2977 2296 3032 ηο
2332 2975 2413 3030 Ad
2443 2975 2518 3046 (δ)
2549 2973 2773 3028 Mariam
2801 2973 3167 3038 molam-iter,
3190 2985 3311 3041 qua,
3338 2983 3537 3040 sponsa
3553 2966 3776 3030 mai-im,

647 3063 890 3132 Nominis
918 3063 1004 3117 hic
1060 3061 1269 3128 titulus,
1299 3061 1613 3116 meritorum
1669 3059 1930 3113 immensa
1959 3073 2088 3127 pro-
2335 3066 2442 3122 sed
2469 3079 2624 3132 mage
2653 3063 2792 3119 locta
2820 3064 2952 3128 Deo,
2980 3062 3167 3118 mundi
3190 3062 3430 3132 paritura
3457 3059 3706 3124 salutem,

1883 3149 2088 3222 [ρεεου
2117 3141 2164 3204 C
2333 3159 2498 3226 Virgo
2523 3157 2782 3211 illibatum
2812 3154 3062 3210 servabat
3085 3162 3230 3208 casta
3259 3152 3517 3222 pudorem
3544 3167 3558 3203 :

641 3243 769 3311 Qum
795 3243 1020 3298 necdum
1049 3243 1232 3312 genito
1259 3243 1433 3313 potuit
1453 3257 1792 3313 praenoscere
1815 3241 1982 3304 solus,

1910 3257 1982 3304 “Si
2329 3251 2428 3306 Cui
2455 3258 2740 3321 postquam
2770 3247 2993 3321 insignis
3020 3246 3225 3302 caelesti
3251 3243 3420 3300 forma
3452 3242 3652 3298 decoro

507 3336 572 3390 ῧθ
643 3337 744 3403 QUi
775 3335 944 3402 dabit,
972 3344 1029 3390 ει
1050 3344 1200 3390 lanio
1225 3335 1425 3390 ῑΐίῧηει
1454 3335 1550 3390 tibi
1578 3333 1774 3403 gaudia
1803 3341 1930 3387 ηθῐο
1965 3351 1976 3385 ε
2333 3320 2591 3400 Constitit
2619 3348 2743 3395 ante
2765 3320 2972 3403 oculos,
3004 3338 3188 3395 vultus
3206 3335 3439 3390 demissa
3461 3333 3708 3404 pudicos.

646 3426 758 3482 Nec
787 3439 916 3482 vero
947 3425 1145 3481 tribuet
1171 3435 1377 3481 tantum
1403 3427 1518 3491 tibi,
1550 3425 1720 3494 gloria
1749 3439 1912 3496 parva
1939 3431 2022 3478 est

1910 3467 1912 3476 ι
1939 3431 2022 3478 εει
2196 3435 2300 3488 115
2327 3433 2509 3488 Tinxit
2529 3430 2732 3487 suﬂ'uso
2758 3430 3041 3485 rutilantes
3065 3428 3327 3498 sanguine
3356 3427 3548 3481 malas.

644 3515 791 3572 intra
838 3532 999 3571 unam
1029 3515 1282 3572 conclusa
1329 3515 1580 3581 domum;
1624 3515 1722 3570 sed
1751 3521 1986 3584 quanlus
2027 3514 2096 3566 ab
2411 3525 2505 3580 Ille
2526 3524 2602 3578 ait
2632 3541 2645 3576 :
2679 3520 2724 3575 0
2747 3530 2862 3576 toto
2885 3535 3044 3590 quem
3066 3520 3195 3576 solis
3221 3517 3452 3574 circulus
3489 3515 3676 3578 ambit,

1941 3605 2096 3678 [οτία
2340 3617 2577 3686 Qumqne
2622 3613 2772 3669 fuere
2799 3613 2968 3684 prius,
3009 3628 3131 3682 qua:
3159 3619 3284 3666 sunt
3304 3624 3423 3681 qua:
3467 3607 3661 3690 deinde
3687 3621 3778 3660 se-

651 3699 912 3755 Tenditur
939 3701 992 3755 in
1019 3716 1153 3757 sera:
1176 3700 1325 3755 finita
1351 3700 1665 3770 crepuscula
1685 3700 1840 3763 lucis,
3519 3701 3785 3774 [quentur

657 3788 826 3845 Totus
851 3791 1005 3859 prole
1025 3798 1116 3844 tua
1146 3799 1325 3845 tecum
1357 3791 1622 3844 lrctabitur
1651 3789 1812 3844 orbis.
2344 3799 2652 3869 Virginibus
2679 3799 2888 3854 cuneus
2913 3796 3120 3852 [elicior
3146 3795 3278 3850 orbo
3301 3793 3499 3864 puella,

516 3876 584 3932 65
656 3877 796 3946 Quid
818 3879 1051 3934 mirum?
1078 3889 1268 3934 cuncta
1299 3880 1548 3934 vitiorum
1579 3879 1707 3934 ftece
1733 3878 1957 3964 carebit,
2347 3892 2538 3960 Magno
2568 3891 2707 3946 lecta
2735 3891 2864 3955 Deo,
2888 3897 3061 3943 maior
3080 3886 3278 3942 dicaris
3307 3893 3365 3940 ut
3391 3883 3508 3952 ejus
3526 3925 3542 3947 ,

661 3968 950 4026 leestem
979 3971 1182 4026 ducens
1209 3971 1324 4026 sine
1348 3971 1469 4027 labe
1497 3979 1553 4026 et
1577 3971 1802 4026 crimine
1831 3971 1994 4025 vitam
2016 4012 2031 4036 ,
2209 3983 2310 4036 εει)
2347 3982 2512 4051 cuius
2535 3989 2591 4037 ει
2636 3981 2726 4036 me
2754 3979 2934 4050 pater!
2969 3977 3095 4034 felix
3123 3993 3221 4047 age
3245 3975 3470 4044 concipe
3493 3971 3718 4042 pondus,

657 4063 866 4119 Vesano
900 4074 924 4102 ο
953 4078 1174 4120 servans
1198 4064 1456 4119 abstemia
1485 4073 1705 4134 pectora
1731 4064 1857 4118 vino
1875 4106 1892 4130 ,

2349 4073 2631 4142 lmpolluta
2657 4073 2794 4136 viro,
2827 4071 3079 4139 coituque
3108 4067 3360 4122 immunis
3388 4064 3454 4119 ab
3482 4063 3652 4126 omni,

655 4154 954 4224 Omniaque
973 4156 1180 4211 evitans
1209 4156 1502 4211 malesuadi
1527 4157 1718 4227 pocula
1746 4157 1911 4212 succi.
2309 4159 2315 4164 ’
2353 4164 2530 4219 verbo
2551 4163 2657 4234 fcta
2681 4162 2777 4216 Dei
2810 4181 2822 4215 ;
2851 4175 3048 4230 corpus
3071 4169 3161 4214 tua
3184 4158 3388 4212 viscera
3412 4161 3670 4225 prmslent

655 4244 897 4313 Cumque
915 4245 1189 4300 hominum
1205 4247 1388 4315 generi
1411 4247 1497 4302 vel
1525 4255 1648 4316 post
1669 4257 1845 4302 errata
1881 4248 2108 4304 salutem
2352 4257 2453 4322 mi,
2480 4256 2571 4326 qui
2599 4255 2816 4317 malum,
2851 4255 3040 4313 terras,
3086 4265 3252 4313 mare,
3282 4246 3457 4301 sidera
3488 4243 3616 4299 fecit
3647 4260 3661 4294 :

524 4341 594 4394 70
666 4338 962 4408 spondeat:
991 4338 1059 4392 ab
1087 4347 1272 4394 sane“!
1294 4341 1534 4408 (ιυίεειιιίε
1561 4341 1909 4396 renovabitur
1937 4340 2106 4404 unda.
2356 4349 2459 4415 Qui
2480 4361 2694 4416 semper
2721 4344 2842 4409 fuit,
2871 4351 2926 4398 et
2954 4357 3096 4396 nunc
3121 4348 3205 4396 est
3233 4347 3288 4394 et
3315 4346 3558 4406 tempore
3577 4335 3631 4389 in
3650 4335 3795 4389 omni

670 4431 790 4499 lpsc
820 4431 872 4484 in
903 4446 962 4484 se
992 4431 1238 4498 nihilum,
1259 4447 1367 4500 quo
1393 4430 1724 4502 purificetur,
1754 4433 1993 4488 habebit.

1910 4433 1993 4487 ³ίιο
2149 4508 2180 4512 _
2221 4443 2323 4497 125
2359 4443 2586 4512 Semper
2608 4441 2710 4496 erit
2743 4458 2756 4492 :
2783 4439 2965 4493 mundi
2985 4437 3264 4502 Dominus,
3295 4433 3536 4501 lucisque
3565 4439 3794 4495 creator,

734 4520 811 4574 Ac
835 4536 903 4574 ne
930 4520 1081 4589 plura
1109 4522 1204 4575 tibi
1231 4523 1396 4576 variis
1424 4523 1734 4590 ambagibus
1754 4521 1930 4584 edam,
2147 4508 2194 4568 Ι)
2359 4532 2427 4588 Ei
2449 4508 2540 4586 lux
2570 4531 2684 4601 ipse
2706 4531 2815 4601 poli
2835 4545 2929 4599 per
2957 4536 3011 4582 to
3033 4526 3278 4581 mortalia
3306 4522 3548 4578 membra

674 4609 803 4663 Elia:
833 4612 1081 4664 meritum
1107 4612 1298 4666 doctus
1327 4612 1537 4665 nescire
1566 4611 1823 4666 sacerdos

2367 4622 2584 4687 lnduet;
2613 4629 2776 4688 atque
2796 4617 2984 4674 oculos
3009 4617 3286 4672 hominum
3302 4655 3318 4680 ,
3349 4622 3627 4682 coetusque
3648 4611 3794 4667 subi-

673 4701 789 4756 Non
815 4710 993 4772 potes,
1021 4717 1200 4758 exosae
1227 4703 1319 4772 qui
1349 4703 1540 4756 mortis
1560 4702 1678 4770 lege
1701 4703 1948 4771 remissa,
3669 4703 3798 4776 ibit.

529 4792 599 4847 75
672 4791 950 4848 Eternam
972 4793 1119 4861 degit
1145 4793 1365 4863 proprio
1395 4808 1516 4846 cum
1547 4808 1776 4862 corpore
1800 4793 1982 4859 vitam,

1912 4809 1982 4859 ιη»
2364 4805 2786 4875 lmperturbatos
2815 4811 3084 4857 tantarum
3111 4803 3164 4857 in
3189 4802 3407 4872 prmmia
3437 4799 3654 4855 laudum

670 4882 863 4952 Igneus
883 4884 1158 4939 excelsum
1189 4899 1344 4953 quem
1367 4883 1514 4938 vexit
1541 4883 1605 4936 ad
1629 4884 1830 4938 anthera
1859 4900 2077 4950 currus,
2372 4897 2524 4952 Toue
2553 4897 2779 4961 animos,
2811 4895 2959 4948 dubii
2987 4894 3076 4948 ine
3098 4893 3193 4946 ubi
3217 4893 3483 4958 vii-osque,
3516 4887 3799 4954 ﬁdemque,

658 4976 1067 5032 ‘Flammamum
1097 4975 1172 5046 (α)
1205 4975 1395 5046 rapido
1444 4975 1562 5029 "is"
1586 4971 1916 5045 Βιυιηθηιυε
1943 4993 2112 5046 ⁸41υο-
2230 4990 2330 5044 150
2365 4989 2469 5056 Qui
2493 4989 2664 5044 voluit
2687 4988 2834 5059 (nam
2858 4995 3052 5042 cuncta
3079 4985 3236 5053 regit,
3266 4990 3503 5050 nutuque
3523 4978 3802 5048 gubernat)

1916 5069 2068 5141 [Γυῐη
2098 5086 2110 5121 ³
2365 5081 2531 5136 Filius
2551 5097 2672 5136 esse
2703 5090 2846 5147 tuus,
2878 5078 3090 5134 Domini
3118 5093 3239 5133 cum
3269 5075 3434 5129 Filius
3467 5079 3630 5127 esset.

675 5159 1066 5232 337-338
1119 5158 1272 5214 Hunc
1335 5167 1458 5214 tuus
1509 5157 1745 5229 :cquabit
1803 5159 2115 5212 meritorum

1910 5159 2115 5212 'ilONIII
2432 5172 2675 5236 Dixerat,
2700 5180 2756 5226 et
2778 5172 2922 5226 visus
2949 5171 3152 5240 pariter
3174 5177 3452 5234 terrasque
3467 5162 3705 5232 reliquit.

1599 5252 1903 5322 Ιδῑθιηηιθιθ
1930 5258 2114 5314 "ams,
2367 5263 2440 5319 As
2453 5273 2773 5332 suetumque
2796 5264 2898 5317 sibi
2928 5262 3068 5316 facili
3089 5261 3223 5330 petit
3249 5259 3450 5312 aethera
3476 5256 3618 5309 nisu.

540 5342 610 5397 80
681 5339 1034 5398 Tantumdem
1064 5351 1120 5397 et
1149 5343 1318 5397 laudis
1346 5341 1503 5395 simul
1527 5349 1582 5396 et
1601 5341 1816 5395 virtutis
1845 5341 2080 5395 habebit.

1910 5341 2080 5395 νδεδίῑ·
2370 5357 2662 5427 Implentur
2682 5363 2948 5426 pratcepta
2979 5354 3093 5419 Dei',
3115 5351 3392 5418 creditque
3420 5347 3598 5418 puella

748 5433 887 5503 Ergo
913 5435 980 5489 ad
1009 5435 1302 5503 condignas
1331 5440 1483 5487 tanto
1510 5447 1609 5502 pro
1637 5444 1860 5485 munere
1880 5439 2079 5498 grates,

1910 5439 2079 5497 ῖηῑεε,
2227 5446 2327 5501 I55
2366 5445 2634 5510 Protinus,
2659 5454 2819 5514 atque
2839 5453 2999 5514 auget
3018 5442 3268 5500 meritum
3289 5441 3561 5507 vitamque
3583 5434 3811 5507 priorem

516 5585 522 5591 ’
612 5589 640 5650 _"
669 5578 804 5650 “de
833 5587 945 5631 ηοῑο
976 5576 1151 5650 εὶίιη
1176 5647 1187 5650 _
1449 5642 1476 5650 ,
1621 5639 1684 5650 ,η
2237 5647 2264 5650 _
2309 5579 2383 5650 (ὁ)
2414 5579 2489 5633 lta
2517 5579 2569 5633 in
2592 5593 2725 5633 voce
2756 5577 2980 5650 Mariam
3005 5575 3295 5650 secundam
3317 5566 3811 5650 syllabamcorr'iplil

611 5647 639 5686 ι’
667 5647 722 5700 Id
744 5657 858 5707 est;
881 5664 1058 5715 prope.
1089 5646 1222 5700 Vide
1251 5660 1419 5715 carm.
1447 5642 1501 5709 9,
1534 5659 1584 5694 ν.
1620 5639 1706 5694 52.

2236 5637 2557 5704 Prudentius
2586 5649 2968 5715 Psychomacb.
3007 5664 3054 5701 ν.
3088 5646 3182 5710 ες,
3219 5637 3363 5715 δεῦρό
3386 5641 3660 5697 Paulinus.
3695 5637 3816 5694 Vide

620 5728 641 5756 ε
669 5716 798 5770 Vide
822 5711 986 5786 epist.
1013 5715 1106 5786 βξ,
1131 5733 1274 5786 nunt.
1418 5769 1493 5786 ___
1538 5781 1571 5786 _
1762 5778 1822 5786 __

2237 5735 2400 5774 carm.
2425 5720 2515 5783 2'2,
2545 5739 2594 5773 γ.
2627 5711 2744 5773 155.

617 5788 692 5847 (η)
715 5769 802 5843 Sic
824 5769 986 5840 editio
1011 5769 1394 5850 Lugdunensis.
1418 5769 1722 5845 Ed.Rosv.,
1757 5778 1799 5833 1⁷
1805 5780 2129 5834 ιαηυηαιιιηι.
