4008 6346
278 315 376 372 με
1321 375 1326 380 ,
1738 313 1861 370 ΡοΕ

1945 312 1969 368 i
2009 314 2099 369 Vl.
3423 321 3528 378 ιιι

408 429 660 499 Prompta
692 411 822 486 fides
852 447 867 482 :
897 416 1073 486 tacitis
1098 429 1364 486 elementa
1383 429 1604 484 latentia
1630 431 1810 489 causis
1875 429 1927 488 Α
1955 426 2061 482 185
2096 427 2294 497 Aptent
2319 427 2531 484 collatis
2554 430 2780 498 quaesita
2805 431 3067 486 vocabula
3094 433 3269 490 causis
3297 450 3313 487 :

411 521 656 575 Divinum
686 518 978 575 informant
1004 535 1218 591 corpus,
1250 521 1617 591 sacrandaque
1653 522 1848 577 crescit
2091 516 2199 572 Sed
2227 525 2386 585 negat
2409 518 2689 573 arbitrium
2719 522 2962 590 cognatis
2982 537 3101 576 esse
3121 522 3388 589 relictum,

409 610 766 684 339-3‘0
796 610 1017 666 Sarcina
1051 629 1068 664 :
1109 611 1384 667 cmlestem
1433 612 1716 666 Dominum
1759 612 1847 681 pia
2089 609 2338 664 Caelestis
2361 608 2494 678 jnssi
2523 626 2620 680 per
2646 620 2833 666 natum
2860 615 3076 668 conscia
3105 621 3298 668 mater.
3365 639 3369 641 ·

1374 702 1648 774 [confovet
1675 702 1846 759 alvus.
2092 698 2233 767 Ergo
2256 701 2435 769 placet
2461 700 2660 756 dudum
2685 701 2944 771 praéclusa
2973 719 3106 758 voce
3125 703 3373 758 silentem

484 795 696 851 interea
742 794 1017 865 gravidam
1045 795 1294 860 soboles,
1345 809 1666 865 quamquam
1707 794 1848 849 edita
2091 790 2436 846 Consuluisse
2463 797 2690 860 patrem,
2723 793 3002 861 promendi
3028 793 3144 848 sola
3171 792 3396 848 facultas

961 951 968 960 ,
1578 886 1850 958 [necdum,
1951 879 2054 935 190
2089 879 2296 945 indicii,
2323 883 2466 948 quod
2495 880 2674 948 lingua
2703 882 2907 948 nequit,
2937 881 2983 935 si
3014 882 3192 936 littera
3220 881 3417 950 signat.

283 977 377 1032 NO
413 976 630 1047 lnstigat
657 977 876 1033 Mariam
902 984 1161 1040 sanctam,
1189 985 1248 1030 ut
1275 990 1557 1046 progressa
1582 977 1782 1030 revisat
2093 970 2420 1036 Consulitur,
2448 972 2611 1026 sumit
2642 971 2874 1033 tabulas,
2897 972 3190 1040 scribitque
3213 969 3534 1026 Iohannem.

413 1069 705 1134 Elisabeth,
733 1070 892 1136 longo
919 1083 1038 1138 qua:
1059 1068 1170 1137 jam
1198 1068 1519 1122 venerabilis
1544 1081 1682 1133 aevo,
2092 1058 2355 1114 Mirantur
2381 1061 2578 1123 cuncti,
2612 1061 2924 1129 nullumque
2948 1061 3198 1116 habuisse
3224 1060 3467 1130 priorum

414 1159 675 1213 Dilectum
705 1159 931 1213 Domino
956 1173 1178 1228 puerum
1204 1159 1442 1227 paritura
1469 1158 1709 1226 gerebat.
2095 1151 2473 1222 Prtcscriptum
2513 1167 2712 1208 nomen
2739 1153 2987 1208 recolunt
3024 1152 3093 1208 de
3138 1153 3304 1223 stirpe
3343 1165 3539 1224 paren-

412 1249 695 1304 Auscultat
721 1257 850 1303 nato
877 1249 1127 1317 genitrix,
1160 1249 1238 1303 vis
1264 1257 1410 1302 tanta
1440 1259 1466 1286 σι
1495 1248 1639 1312 fidei,
1879 1290 1888 1302 .
2099 1267 2126 1289 -
3379 1242 3536 1316 [tum.

413 1339 482 1394 Et
509 1355 618 1410 quo
639 1339 786 1408 jussa
808 1339 956 1392 venit
981 1357 994 1390 :
1027 1339 1194 1392 movit
1215 1347 1456 1392 materna
1477 1336 1748 1392 Johannes
2099 1337 2366 1406 Quantum
2393 1354 2511 1394 sera
2535 1337 2668 1396 fides
2688 1337 2882 1393 valuit!
2913 1337 3040 1406 quia
3065 1337 3258 1392 dextra
3280 1335 3489 1390 notavit

285 1429 381 1485 115
415 1431 655 1499 Viscera,
687 1438 742 1485 et
770 1430 1012 1499 implevit
1037 1429 1218 1483 divino
1246 1438 1464 1498 pectora
1491 1444 1671 1483 sensu.
1956 1433 2058 1487 195
2094 1431 2445 1504 εει-342
2474 1430 2628 1498 Quod
2657 1446 2812 1486 meus
2838 1429 3163 1492 crediderat,
3191 1424 3400 1498 peccati
3425 1431 3548 1495 pari

412 1521 530 1576 Jam
555 1531 724 1584 vates,
748 1519 974 1575 necdum
995 1520 1228 1587 genitus,
1253 1519 1539 1574 conclusus
1558 1520 1611 1573 in
1639 1519 1781 1582 alvo,
3065 1522 3156 1595 [na
3184 1519 3407 1578 remissa
3434 1525 3539 1574 est.

413 1611 638 1682 Jamque
665 1611 929 1680 propheta
957 1611 1103 1679 prius
1130 1619 1277 1678 gesta
1299 1619 1354 1664 et
1375 1619 1598 1665 ventura
1619 1609 1852 1665 videbat.
2098 1615 2393 1670 Solvuntur
2419 1615 2609 1669 vincta:
2634 1614 2812 1668 laxata
2840 1613 3092 1683 repagula
3115 1612 3326 1680 linguae.

483 1702 578 1756 Illa
605 1702 696 1756 ubi
723 1709 986 1770 concepto
1014 1701 1304 1768 fulgentem
1331 1701 1531 1756 lumine
1555 1703 1713 1770 longe
2101 1704 2412 1775 Respondet
2441 1703 2555 1773 jam
2583 1719 2719 1759 voce
2755 1716 2921 1759 senex
2944 1742 2960 1768 ,
3007 1701 3294 1771 proditque
3320 1697 3542 1776 propin-

413 1785 708 1863 Conspexit
734 1792 977 1858 Mariam,
1008 1793 1170 1848 celeri
1197 1795 1381 1863 procul
1411 1795 1572 1848 incita
1599 1809 1784 1864 gressu
1888 1789 1932 1848 Β
3374 1788 3539 1864 [quis,

289 1882 381 1938 f50
413 1883 582 1940 Obvia
628 1883 1001 1954 progreditur,
1059 1893 1418 1953 venerataque
1470 1885 1687 1940 brachia
1734 1894 1854 1938 ten-
2099 1889 2262 1944 Tecta
2289 1888 2380 1943 diu
2409 1887 2660 1942 mandata
2693 1886 2807 1951 Dei,
2839 1885 3172 1954 spondetque
3202 1883 3397 1948 futura,

1682 1974 1855 2047 [ἀθηεν
2101 1979 2236 2034 Dum
2277 1987 2550 2034 transacta
2595 1978 2809 2049 probat.
2857 1975 3046 2030 Talem
3083 1976 3198 2029 fore
3230 1971 3351 2045 q’uis
3387 1969 3544 2027 dubi-

416 2063 598 2129 Salve,
627 2079 661 2118 o
680 2072 874 2128 mater,
898 2062 994 2130 ait,
1027 2062 1260 2128 Domini,
1290 2064 1437 2119 salve
1465 2065 1552 2134 pia
1575 2063 1748 2132 virgo,
3359 2061 3545 2137 ﬂaret,

414 2153 673 2209 immunis
702 2153 943 2218 thalami,
975 2154 1256 2223 coitusque
1285 2155 1468 2223 ignara
1491 2154 1680 2219 virilis,
1958 2163 1997 2216 Si

1958 2162 2064 2218 200
2099 2164 2270 2229 Quem
2299 2161 2514 2216 Domini
2539 2159 2725 2230 jussis,
2757 2164 2960 2212 natura:
2987 2157 3104 2225 lege
3125 2155 3366 2220 remissa,

418 2245 525 2301 Sed
553 2247 790 2316 Parim"
818 2244 984 2300 Deum
1015 2265 1028 2298 ε
1052 2246 1189 2300 mili
1217 2244 1316 2300 Ῐυίι
1335 2261 1455 2301 esse
1481 2246 1750 2316 Pudicam.
2101 2255 2322 2309 lnsolito
2350 2262 2543 2308 exortu
2574 2253 2722 2307 nasci
2751 2251 2991 2320 potuisse
3011 2249 3250 2303 videret?

418 2336 634 2392 Intacta:
663 2344 721 2390 ut
747 2335 917 2392 ferres
945 2337 1148 2403 titulos,
1179 2345 1235 2392 et
1267 2339 1486 2407 praemia
1517 2347 1714 2407 nuptm.

2102 2345 2418 2414 Exemplum
2448 2343 2657 2398 cunctis
2685 2339 3069 2396 celebrandum
3098 2334 3491 2393 incredulitatis

292 2425 388 2482 155
418 2427 526 2484 Cur
552 2428 683 2482 mihi
714 2443 825 2482 non
853 2429 1079 2501 meritge,
1111 2444 1212 2484 nec
1239 2437 1390 2483 tanto
1427 2445 1649 2484 munere
1687 2429 1858 2498 digna:
2102 2437 2241 2491 Ante
2269 2436 2456 2490 oculos
2493 2433 2700 2490 cunctis
2727 2432 2934 2501 posuit,
2975 2431 3060 2485 vel
3089 2445 3246 2500 paena
3283 2427 3546 2498 parentis,

417 2516 588 2573 Officii
609 2516 847 2572 defertur
873 2493 1085 2573 hands?
1114 2533 1211 2573 cur
1238 2519 1406 2586 gloria
1434 2519 1578 2586 caeli,
1746 2493 1769 2498 Ἰ

2105 2530 2202 2584 Vel
2233 2529 2386 2584 venia
2434 2546 2447 2581 :
2479 2534 2644 2597 atque
2672 2493 2865 2579 animis
2893 2493 3059 2578 instat
3084 2493 3242 2577 simul
3282 2493 3409 2575 hinc
3433 2527 3545 2573 me-

419 2612 473 2668 ln
500 2621 718 2669 nostros
745 2611 919 2666 delata
951 2611 1113 2666 Lares
1141 2621 1196 2666 et
1222 2613 1349 2666 vilia
1369 2620 1529 2677 tecta,
3089 2613 3223 2685 [tus,
3252 2611 3378 2666 hinc
3401 2624 3542 2680 spes.

418 2703 670 2760 Obscuris
696 2711 904 2757 tantum
935 2703 1112 2758 lumen
1140 2704 1506 2774 penetralibus
1532 2704 1730 2759 infert?
1961 2709 2069 2765 205
2105 2709 2327 2764 Labitur
2352 2709 2559 2763 interea
2588 2717 2848 2762 cunarum
2877 2713 3087 2772 tempus
3122 2719 3136 2755 :
3167 2703 3222 2756 in
3251 2701 3382 2771 ipsis

423 2794 525 2850 Sed
553 2794 701 2850 mitis
729 2792 1074 2863 placidusque
1102 2793 1214 2848 suis
1241 2793 1538 2849 cultoribus
1564 2795 1727 2860 adsit,
2110 2802 2303 2855 Exstat
2331 2799 2496 2853 divini
2525 2797 2734 2868 species
2761 2794 3045 2850 manifesta
3073 2793 3290 2862 vigoris.

304 2886 396 2941 160
426 2885 645 2942 Praestet
689 2886 766 2957 (a)
793 2893 850 2941 et
897 2885 1037 2940 hunc
1062 2885 1275 2955 genitus
1303 2883 1331 2924 δ
1353 2926 1369 2951 ,
1414 2900 1573 2956 quem
1614 2885 1864 2955 praestitit
2105 2891 2403 2956 Biandiiitc,
2433 2891 2679 2957 risusque
2717 2886 2897 2950 silent,
2929 2887 3240 2954 incertaque
3267 2889 3483 2938 cessant

1429 2977 1574 3047 ὶθηῑθ
1601 2975 1860 3031 ίανοΐθιηο
2107 2985 2379 3040 Murmura
2406 3002 2419 3038 :
2446 2984 2671 3038 serietas
2699 2981 2883 3036 lascivi
2904 2995 3012 3050 prtc

1756 2991 1860 3031 θιηο
2107 2985 2379 3040 Murmura
2406 3002 2419 3038 :
2446 2984 2671 3038 serietas
2699 2981 2883 3036 lascivi
2904 2979 3102 3050 prmvia
3130 2993 3339 3044 sensus,

429 3067 588 3132 Dixit.
616 3075 672 3122 ει
701 3067 980 3138 amplexus
1007 3066 1147 3123 ulnis
1169 3066 1496 3123 circumdata
1520 3065 1720 3136 junxit,
2107 3075 2224 3130 lam
2255 3083 2439 3130 tenera
2463 3072 2714 3128 informat
2740 3071 2981 3126 venturis
3007 3071 3247 3125 moribus
3273 3083 3390 3123 ora.

424 3157 646 3226 Jamque
666 3158 834 3212 Deum
864 3165 1138 3222 venerata,
1164 3159 1254 3227 pio
1278 3156 1426 3212 dedit
1453 3157 1636 3212 oscula
1663 3158 1858 3213 ventri.
1890 3159 1936 3222 C
1967 3165 2004 3219 2

1808 3158 1858 3210 ’ί-
1890 3159 1936 3222 C
1967 3165 2074 3220 210
2180 3165 2307 3220 Inde
2332 3163 2422 3218 ubi
2451 3163 2623 3233 prima
2646 3175 2782 3232 puer
2817 3160 2996 3215 stabili
3019 3159 3243 3227 vestigia
3272 3159 3391 3212 nisu

488 3248 586 3303 Dic
615 3263 714 3317 age
735 3256 900 3315 nunc,
919 3247 1100 3302 Judzea
1126 3263 1347 3313 nocens,
1378 3255 1433 3302 et
1451 3247 1710 3315 sanguine
1726 3247 1867 3317 regis

2113 3257 2360 3324 Fixerat,
2391 3264 2448 3310 et
2473 3263 2676 3310 certam
2705 3253 2978 3321 signarent
3002 3252 3168 3306 Verba
3199 3249 3468 3318 loquelam
3501 3265 3512 3301 :

422 3339 822 3394 Commaculata
852 3340 949 3405 tui,
983 3340 1157 3394 verbis
1183 3339 1229 3395 si
1259 3339 1401 3393 nulla
1431 3326 1670 3412 priorum

2112 3351 2228 3406 Mos
2252 3358 2372 3404 erat
2397 3356 2490 3402 aut
2517 3346 2692 3401 sancti
2719 3345 2861 3399 dicta
2888 3343 3189 3398 auscultare
3222 3341 3480 3412 parentis,

300 3431 392 3486 f65
422 3431 513 3488 Est
535 3430 841 3486 adhibenda
871 3430 1027 3497 fides,
1054 3446 1238 3486 sacros
1260 3432 1306 3484 si
1328 3411 1514 3485 fallere
1541 3437 1690 3485 vates

2113 3445 2220 3498 Aut
2247 3442 2591 3509 antiquorum
2621 3437 2876 3506 pmclara
2897 3435 3134 3490 ediscere
3161 3432 3325 3499 facta,

423 3525 677 3591 Creditis,
706 3533 762 3578 et
789 3522 970 3578 Mosen
1003 3523 1197 3593 ipsum,
1237 3524 1282 3578 si
1313 3523 1497 3577 fallere
1526 3521 1693 3577 David
2111 3533 2207 3589 vel
2231 3548 2364 3603 quas
2391 3532 2504 3600 ipse
2533 3529 2675 3583 Deus
2702 3528 2848 3596 leges
2874 3526 3166 3594 interprete
3190 3522 3339 3577 Mose

423 3617 590 3687 Impia
620 3631 884 3686 Ρθτνθτδαε
911 3624 1064 3686 9m»at
1091 3615 1431 3670 ίηοιθιηθηιί³
1459 3617 1653 3685 εοιιιὶε.
1970 3625 2076 3680 ὓιὸ
2108 3623 2455 3686 Condiderat,
2477 3619 2617 3674 sacri
2629 3633 2764 3688 quas
2791 3623 2972 3671 servat
2997 3612 3024 3651 ά
3055 3613 3249 3684 pagina
3270 3611 3409 3668 saxi.

419 3706 640 3761 (ῖΐεάίιθ
672 3717 695 3746 ⁸
726 3721 832 3760 ηοη
862 3706 1056 3774 Senius
1095 3723 1108 3759 ε
1140 3714 1381 3760 materna
1419 3707 1634 3761 Clausus
1663 3707 1714 3761 in
1745 3707 1868 3762 alvo
2115 3714 2259 3776 Haec,
2283 3722 2339 3768 et
2365 3728 2484 3782 qua:
2516 3720 2753 3764 teneram
2785 3706 3058 3761 firmarent
3085 3713 3266 3760 cetera
3295 3709 3553 3764 mentem,

423 3797 562 3863 Quid
591 3795 798 3862 ﬁdem,
837 3807 1023 3853 8³116ιο
1057 3799 1244 3852 matris
1266 3797 1426 3852 ἀοοθι
1451 3813 1547 3854 Ofe
1573 3798 1865 3854 JOhanﬂeS-
2113 3805 2694 3863 Tractabatrecolens:
2717 3807 2890 3870 neque
2914 3799 3058 3854 enim
3080 3799 3354 3866 ignorasse
3374 3795 3556 3865 priora

299 3884 390 3943 1ῗο
424 3888 556 3957 Quis
601 3905 798 3962 precor
825 3890 969 3946 hunc
1006 3889 1224 3956 docuit,
1266 3901 1430 3961 quem
1470 3900 1622 3946 casto
1661 3893 1870 3947 viscere

2113 3898 2450 3964 Credendus,
2475 3895 2700 3951 dederat
2719 3893 2976 3948 Dominus
2996 3891 3082 3944 cui
3107 3903 3266 3943 nosse
3285 3888 3483 3940 futura.

794 4043 797 4048 -
1696 3983 1870 4056 ῐνίνεο
2115 3994 2184 4046 At
2210 3999 2492 4061 postquam
2521 3988 2686 4042 robur
2713 3985 2966 4039 membris
2996 3981 3225 4036 accessit
3258 3979 3326 4032 ab
3350 3993 3468 4031 mvo
3502 3995 3518 4030 :
3556 4032 3561 4036 ,

423 4074 735 4142 Contineat,
767 4085 997 4145 quantus
1026 4085 1240 4131 maneat
1265 4091 1403 4130 nova
1431 4077 1610 4132 secula
1652 4078 1871 4146 partus?
1973 4083 2076 4138 220
2116 4083 2270 4154 (Nam
2311 4095 2464 4134 mens
2507 4079 2666 4148 plena
2708 4077 2820 4131 Deo
2870 4072 3053 4128 [ar-dos
3096 4077 3430 4142 ρηιςνεηεηι
3458 4084 3557 4122 an-

424 4166 533 4223 Sed
571 4168 774 4222 sanctis
803 4168 1047 4222 abstrusa
1077 4175 1302 4237 patent,
1341 4181 1442 4222 nec
1469 4167 1582 4221 visa
1609 4166 1866 4236 profanis.
3347 4161 3473 4233 [nos
3500 4162 3559 4229 :)

503 4261 705 4317 Verum
761 4275 978 4330 egressa
1033 4261 1254 4316 modum
1312 4260 1450 4315 latos
1503 4260 1643 4330 petit
1695 4258 1870 4314 οι·δίιᾶ
2114 4266 2207 4321 illa
2237 4263 2339 4320 sibi
2364 4263 2475 4332 jam
2505 4269 2618 4316 tum
2647 4258 2835 4315 statuit
2856 4255 3131 4323 discenda,
3159 4255 3356 4310 docere

1608 4351 1868 4421 [camPOS.
2115 4358 2244 4425 Quae
2282 4361 2555 4424 nequeunt
2581 4351 2829 4407 homines
2859 4347 3054 4403 :simul
3077 4344 3377 4416 effugienda
3407 4345 3564 4401 cibo-

422 4443 602 4512 Atque
629 4442 795 4499 oblita
822 4442 930 4497 mei
959 4457 1280 4513 procurrere
1310 4441 1520 4510 longius
1547 4441 1726 4495 audet.
3393 4437 3563 4512 [rum,

295 4534 389 4588 175
424 4535 631 4604 Spero,
677 4537 782 4590 erit
817 4543 877 4588 ut
905 4535 1105 4605 possim
1136 4533 1347 4588 firmato
1381 4534 1579 4588 robore
1603 4533 1872 4602 quondam
1904 4530 1955 4589 D
2119 4538 2186 4592 Et
2205 4545 2384 4608 potus,
2406 4541 2602 4591 sancta:
2629 4533 2877 4601 contagia
2899 4531 3060 4587 noxia
3091 4532 3237 4586 vitae.

425 4624 543 4680 Hoc
563 4638 780 4694 quoque
806 4639 904 4694 per
917 4624 1149 4694 spatium
1174 4623 1316 4678 fores
1336 4623 1871 4693 agitareﬁquadrigas.
2124 4629 2286 4686 Tecta
2313 4629 2473 4697 igitur
2497 4627 2689 4692 sancti,
2720 4639 3042 4696 quamquam
3073 4623 3434 4686 immaculata,
3461 4636 3558 4691 pa-

425 4716 577 4771 Nunc
599 4714 673 4785 (ὑ)
693 4723 926 4784 ereptum
949 4722 1255 4784 repetamus
1293 4715 1395 4767 iter
1418 4732 1430 4765 :
1457 4714 1704 4768 mortalia
1732 4714 1874 4768 dicat
2697 4722 2704 4728 ‘
3370 4714 3563 4789 [rentis

425 4805 629 4876 Pagina
659 4804 938 4859 mortalis:
969 4803 1253 4858 Dominum
1281 4804 1460 4858 divina
1492 4803 1797 4874 loquantur.
1982 4813 2089 4867 29,5
2125 4813 2368 4877 Deserit,
2428 4829 2494 4869 ac
2545 4813 2729 4868 turbas
2772 4811 3080 4876 hominum,
3134 4816 3412 4878 οωιυειιυε
3458 4822 3566 4860 no-

494 4896 722 4963 Jamque
741 4894 876 4950 adeo
895 4903 1109 4959 exacto,
1139 4902 1396 4964 quantum
1418 4901 1610 4948 natura
1625 4885 1870 4963 jubebat,
3357 4899 3569 4973 [centes

297 4987 390 5042 180
427 4988 717 5058 Tempore,
737 4994 947 5040 matura
969 5002 1102 5056 puer
1123 4988 1352 5058 inclytus
1377 4988 1556 5042 editur
1586 4989 1728 5052 alvo,
2127 4994 2341 5064 Effugit,
2370 5011 2432 5050 ac
2459 4995 2603 5050 solas
2627 4996 2744 5050 loca
2775 4994 2945 5049 tendit
2973 4993 3038 5048 ad
3066 4993 3206 5048 invia
3239 5002 3430 5053 terras,

423 5079 492 5133 Et
518 5079 784 5149 promissa
815 5078 911 5132 Dei
938 5091 1128 5146 magna
1153 5095 1256 5133 non
1287 5079 1490 5134 credita
1519 5095 1677 5150 pmna

2125 5089 2180 5142 ln
2209 5089 2363 5158 queis
2390 5105 2447 5143 se
2478 5096 2681 5142 tantum
2709 5103 2861 5142 mens
2890 5087 3166 5157 impolluta
3194 5085 3421 5149 videret,

422 5169 615 5240 implet
642 5179 786 5225 certa
817 5169 965 5234 fides,
995 5178 1051 5224 et
1078 5178 1236 5224 natus
1264 5171 1582 5240 comprobat
1609 5172 1799 5226 infans.
2129 5179 2424 5249 Liberaque
2447 5196 2476 5234 a
2501 5181 2645 5234 curis
2668 5195 2818 5234 sacra
2845 5179 2913 5233 ad
2936 5187 3200 5249 prmcepta
3231 5183 3468 5230 vacaret.

425 5262 769 5318 Conveniunt
793 5264 1162 5331 contingentes
1183 5263 1250 5317 de
1280 5279 1430 5317 more
1455 5265 1762 5336 propinqui,
2132 5270 2304 5326 Vestis
2329 5277 2446 5324 erat
2469 5273 2619 5326 curvi
2641 5272 2769 5327 setis
2795 5278 3040 5326 conserta
3070 5268 3281 5331 cameli,

342 5345 346 5350 ’
429 5356 498 5412 Ut
526 5371 660 5425 puer
688 5364 928 5410 veterum
955 5356 1023 5410 de
1052 5357 1269 5410 nomine
1295 5356 1452 5410 ducta
1482 5367 1764 5426 parentum
1982 5360 2090 5416 250
2127 5361 2326 5416 Contra
2357 5361 2618 5417 luxuriem
2648 5345 2836 5418 molles
2864 5373 2887 5401 θ
2917 5363 3136 5416 duraret
3166 5371 3225 5417 ut
3245 5371 3414 5428 artus,
3503 5416 3512 5426 ,

345 5457 384 5522 ,ξ
412 5447 548 5522 Ῐῇᾀθ
573 5455 688 5501 not.
1997 5457 2002 5462 ’
2052 5454 2127 5522 (a)
2171 5449 2259 5508 Sic
2309 5456 2710 5510 emendavimus
2749 5471 2870 5510 cum
2918 5455 3212 5510 Gronovio.
3261 5458 3398 5510 Ante
3443 5463 3562 5510 erat

361 5517 385 5554 ι’
417 5518 547 5572 Vide
575 5525 691 5571 not.
723 5515 847 5568 222.

1975 5515 2229 5578 Praestitit
2261 5523 2412 5577 hunc.
2446 5523 2580 5578 Vide
2608 5534 2717 5578 not.
2751 5525 2871 5580 222.

365 5588 546 5661 inde
573 5584 818 5661 carm._5,
843 5605 895 5661 v_.
923 5587 1012 5661 17.
1105 5659 1115 5661 _
1247 5659 1256 5661 _
1383 5659 1391 5661 _
1455 5658 1488 5661 __
1571 5657 1592 5661 _
1619 5596 1631 5661 χ
1714 5659 1756 5661 Η
2045 5593 2118 5661 (by
2151 5594 2289 5649 Edit.
2335 5593 2499 5661 Lugd.
2537 5603 2592 5648 et
2631 5590 2816 5659 Rosv.,
2851 5595 2987 5649 Huc.
3016 5593 3114 5648 Cui
3142 5611 3250 5651 non
3279 5606 3558 5652 succurrat

359 5656 385 5699 ιι
415 5657 469 5710 Id
493 5667 595 5713 est.
621 5658 707 5710 lex
731 5655 976 5726 Decalogi
1002 5659 1208 5726 sculpta
1246 5659 1296 5711 in
1326 5658 1518 5712 tabulis
1565 5657 1861 5727 Slapideis.
1973 5655 2290 5727 attendenti,
2335 5655 2489 5716 Nuvnc
2527 5668 2779 5732 carptum?
2805 5655 3184 5721 'Prmcedentia
3227 5667 3359 5722 satis
3399 5667 3454 5722 in
3493 5685 3553 5720 e-

369 5739 390 5764 s
421 5725 474 5780 LI
501 5737 614 5792 est,
657 5728 941 5780 indurarel.
987 5727 1220 5793 Simplex
1263 5745 1358 5793 pro
1397 5729 1696 5793 composito
1726 5731 1863 5793 apud
1973 5743 2114 5789 runt.
2144 5731 2189 5790 J.
2220 5733 2279 5789 l".
2305 5731 2603 5789 Gnoxovws
2627 5735 2680 5790 in
2707 5736 2985 5793 Observat.
3014 5735 3350 5793 Ecclesiast..
3381 5755 3434 5793 c.
3459 5682 3563 5793 ῗίλ

369 5739 390 5764 ε
414 5725 474 5808 μ
501 5725 946 5808 est,_indurarel.
987 5725 1220 5808 Simplex
1263 5745 1358 5808 pro
1397 5725 1863 5808 αορλροείιρέηιυά
1973 5743 2114 5789 runt.
2144 5731 2189 5790 J.
2220 5725 2284 5789 F.’
2305 5725 2680 5790 Gnoxovlusin
2707 5736 2985 5794 Observat.
3014 5735 3355 5805 Ecclesiast.,
3381 5755 3434 5795 c.

305 5792 597 5877 Paulinum.
629 5797 762 5852 Vide
792 5813 954 5852 carm.
988 5798 1048 5864 8,.
1070 5792 1117 5853 v'.
1156 5797 1239 5864 l2,
1265 5792 1325 5853 et
1352 5814 1436 5867 ep.
1461 5792 1552 5862 25',
1582 5815 1634 5852 n.
1667 5792 1772 5854 55f
2801 5792 2836 5793 η
2975 5792 3010 5809 “
