4008 6346
442 331 556 385 447
1389 327 1459 379 S.-
1489 319 1758 380 PAULINI
1795 315 2043 374 NOLA‘NI
2083 311 2385 367 EPISCOPI
2425 304 2764 364 POEMATA.
3592 307 3686 358 με

584 447 912 516 Arceretque
964 454 1151 516 graves
1202 447 1525 511 compuncto
1577 450 1806 506 corpore
1861 447 2008 487 som-
2041 435 2086 489 Α
2254 421 2721 516 Sustinet-erranti
2747 419 2906 474 toties
2930 419 3210 516 ignoscere
3234 417 3399 516 nato?

1871 525 2012 598 pos,
2261 513 2335 583 (ὁ)
2367 511 2472 566 Das
2514 510 2661 580 genti
2699 524 2944 573 sensum,
2994 523 3102 578 quo
3128 507 3213 562 vel
3242 507 3384 598 bona
3429 506 3515 562 vel
3557 508 3693 562 mala

584 628 738 684 Hunc
761 630 878 684 vilis
907 627 1103 700 rigidos
1128 625 1192 680 ad
1215 625 1428 678 lumbos
1457 636 1591 675 zona
1618 618 1837 686 ligabat,
1876 596 1886 598 ⁷
2121 695 2167 700 __

3359 596 3625 669 [noscant.

585 718 903 774 Prtebebant
924 687 1123 773 victum
1149 715 1356 770 facilem
1386 710 1648 768 silvestria
1679 707 1857 768 mella,
2115 695 2168 748 ἓξ

2115 695 2220 748 280
2257 693 2528 748 Non-satis
2553 710 2565 744 :
2599 691 2826 746 innectis
2845 689 3121 744 servanda:
3147 688 3358 743 vincula
3381 687 3531 755 legis,

586 807 891 878 Pomaque,
907 816 962 862 et
989 806 1204 868 incultis
1229 812 1400 858 enata:
1421 801 1663 856 cautibus
1689 795 1886 858 herbae,

2260 784 2626 854 Proponisque
2656 781 2810 834 malis
2839 795 3046 849 poenas,
3071 786 3126 834 et
3150 778 3369 848 praemia
3394 777 3574 847 justis.

443 897 548 953 9.55
584 865 943 967 Arentemque
971 898 1117 952 sitim
1145 897 1436 950 decurrens
1463 891 1603 947 unda
1637 889 1870 943 levabat.

2264 872 2388 927 Haec
2415 885 2629 942 quoque
2647 871 2775 940 quis
2801 869 3044 947 sprevit?'
3071 868 3258 922 redeat
3285 867 3608 936 quandoque
3638 865 3699 920 li-

659 987 788 1053 Quis
822 957 972 1043 locus
1003 987 1090 1041 hic
1119 985 1292 1040 vitiis?
1316 984 1703 1049 aditum-quem
1727 991 1890 1046 prava
1920 991 2017 1029 cu-
2732 1050 2742 1053 _
3437 957 3630 1053 [bebiy

1547 1045 1578 1075 ⁷
1731 1045 1744 1046 ί
1875 1064 2022 1137 [pido
2262 1053 2319 1108 In
2345 1059 2597 1124 promptu
2627 1050 2780 1105 venia
2807 1057 2891 1104 est
2922 1066 2934 1102 :
2963 1057 3209 1104 sanctum
3255 1054 3404 1118 patet
3451 1062 3581 1102 ecce
3626 1045 3701 1101 la-

587 1167 798 1226 lnvenit
825 1167 941 1222 bace
969 1168 1113 1222 inter
1136 1179 1288 1220 saera
1319 1173 1372 1218 et
1401 1160 1694 1231 penetralia
1723 1155 1952 1211 mentis?
3371 1140 3630 1212 [vacrum,

589 1258 708 1324 Quo
734 1268 938 1328 peccet,
965 1257 1056 1327 qui
1085 1257 1156 1309 nil
1183 1255 1400 1324 cupiat?
1427 1267 1534 1320 quo
1569 1251 1752 1304 tendat
1783 1244 1951 1314 iniqui
2200 1326 2224 1328 ﬂ
2267 1233 2418 1328 Quod
2432 1242 2656 1289 renovet
2671 1234 2855 1328 vitam,
2886 1241 3204 1328 veteresque
3226 1231 3500 1328 oblitteret
3530 1238 3700 1328 actus,

589 1322 647 1404 lu
669 1322 906 1404 latebras
927 1322 1131 1411 sensus,
1161 1322 1398 1415 quisquis
1422 1359 1528 1397 non
1551 1341 1749 1408 indiget
1771 1338 1919 1392 ullo?
2124 1326 2230 1381 285
2263 1326 2527 1396 Quodque
2555 1342 2724 1382 novos
2766 1326 3012 1380 homines
3040 1323 3218 1378 faciat.
3245 1323 3384 1389 Quid
3421 1322 3704 1415 quaerimus

445 1419 551 1494 ΞΠ)
579 1438 667 1494 Sic
695 1439 855 1508 primi
882 1439 1063 1492 vixere
1091 1413 1353 1510 homines,
1385 1430 1692 1500 mundoque
1719 1427 1920 1482 recenti
2274 1509 2281 1510 γ
2608 1509 2618 1510 7
2715 1508 2723 1510 4
2933 1507 2941 1510 Δ
3198 1507 3208 1510 Α
3252 1505 3265 1510 Δ
3403 1505 3413 1510 μ
3438 1413 3597 1510 [ultra
3617 1414 3662 1465 ’ἐπ

590 1503 882 1584 Ηοεέιιιοι·
906 1527 1128 1582 dederat
1156 1505 1381 1580 ventura
1412 1524 1464 1576 in
1495 1521 1676 1576 secula
1702 1533 1908 1582 mores;
2268 1509 2334 1564 Et
2363 1518 2541 1563 tamen
2570 1508 2795 1562 ulterior
2821 1507 2980 1562 venia
3006 1515 3088 1562 est
3119 1525 3132 1559 :
3161 1505 3442 1561 violaverit
3467 1503 3604 1558 ullus

590 1623 823 1678 Inseruit
853 1621 1026 1676 donec
1054 1636 1175 1675 sese
1204 1617 1512 1674 malesuada
1542 1617 1810 1684 voluptas,
2269 1600 2384 1654 Hoc
2405 1613 2621 1669 quoque
2641 1599 2846 1668 polluto
2873 1597 3153 1667 prolapsus
3177 1610 3407 1666 corpore
3427 1594 3645 1649 donum.

594 1712 880 1789 Aqsecum
911 1711 1087 1777 luxus,
1119 1719 1175 1764 et
1201 1716 1442 1762 amorem
1472 1707 1676 1760 invexit
1701 1704 1955 1759 habendi.
2063 1788 2080 1789 ί

2271 1689 2603 1758 Quamquam
2629 1687 2740 1757 jam
2772 1688 2968 1743 nimius
2997 1689 3154 1756 longe
3181 1685 3510 1756 processerit
3536 1700 3725 1750 error,.

588 1776 725 1858 Hinc
761 1803 902 1866 odia,
933 1776 1226 1866 hinclites,
1260 1801 1384 1855 hinc
1414 1798 1590 1866 fraus,
1634 1799 1761 1852 hinc
1796 1797 1952 1860 livor,
1976 1805 2030 1849 et
2059 1788 2106 1848 Β

1985 1805 2030 1849 ει
2059 1788 2106 1848 Β
2270 1781 2504 1843 Desinat,
2527 1788 2582 1834 et
2602 1780 2786 1834 redeat
2811 1797 2822 1831 :
2855 1793 2976 1832 eum
2999 1776 3411 1834 sedamnaverit
3433 1776 3568 1845 ipse,

1895 1887 2026 1958 (im,
2129 1875 2233 1932 290
2269 1873 2486 1928 Absolvi
2510 1872 2704 1926 meruit
2731 1890 2743 1924 :
2775 1872 2820 1926 si
2849 1871 3111 1941 paenitet,
3126 1870 3273 1923 irrita
3302 1869 3456 1938 culpa
3486 1876 3586 1931 est,

455 1981 557 2036 245
591 1982 795 2045 Caedes,
826 1995 994 2037 arma.
1018 1997 1199 2043 cruor,
1230 1977 1759 2047 conﬂictus,.pr:elia,
1786 1984 1989 2031 mortes
2014 1995 2025 2028 :

2268 1966 2313 2020 0
2338 1981 2496 2049 vere,
2521 1964 2662 2033 quod
2693 1965 2797 2030 ais,
2830 1963 3038 2034 pondus
3075 1963 3223 2028 leve,
3261 1961 3512 2031 quodque
3539 1959 3717 2014 colunt

595 2072 731 2126 Hinc
777 2070 979 2126 ollensa
1020 2071 1137 2137 Dei,
1175 2085 1335 2138 quam
1366 2077 1569 2123 tartara
1599 2083 1738 2122 stcva
1784 2067 2027 2136 piabunt.
2790 2083 2799 2093 ·
3501 2051 3645 2122 [νει.

665 2162 866 2217 Verum
895 2175 996 2230 ego
1036 2177 1132 2216 cur
1155 2161 1374 2214 nimium
1398 2172 1709 2214 communes
1733 2171 1899 2225 arguo
1920 2157 2034 2212 cul-
2280 2147 2458 2202 Suave
2481 2145 2875 2216 jugum,.toties
2903 2144 3106 2199 homini
3133 2159 3252 2200 cum
3282 2142 3577 2212 ignoscitur
3601 2141 3718 2207 uni,

640 2303 642 2306 ,
1883 2251 2028 2325 “ms;
2273 2236 2341 2290 Et
2361 2246 2540 2290 tamen
2563 2237 2824 2302 erramus,
2857 2235 2977 2289 linis
3003 2249 3104 2288 nec
3131 2233 3372 2288 criminis
3401 2231 3542 2286 ullus

595 2349 884 2404 immemor
909 2349 1024 2418 ipse
1050 2348 1178 2414 mei;
1211 2362 1371 2417 quem
1401 2362 1509 2401 ηοη
1537 2355 1561 2383 ει
1592 2323 2034 2413 ροωηιίεεεέη-
2141 2368 2149 2374 .
2275 2326 2520 2381 Humano
2553 2326 2740 2394 generi
2769 2345 2780 2378 :
2809 2325 2903 2380 sed
2931 2324 3125 2379 crescit
3151 2323 3268 2378 laus
3295 2331 3386 2376 tua
3411 2338 3426 2387 ;
3458 2336 3583 2376 nam
3608 2335 3712 2391 quo

1863 2437 2031 2508 [val-9,
2134 2417 2238 2472 205
2277 2417 2448 2486 Major
2475 2417 2627 2486 culpa
2660 2417 2758 2484 rei,
2789 2415 3058 2498 parcentis
3086 2413 3254 2483 gloria
3277 2415 3469 2483 major.

592 2529 698 2585 Sed
722 2530 935 2584 veniam
959 2545 1177 2600 sperare
1204 2529 1400 2585 decet?
1431 2529 1852 2599 (aimirabimur
1864 2502 2036 2582 immo
2277 2505 2469 2600 ξίῗίλιθδ
2490 2521 2622 2574 θνῧο
2651 2506 2743 2560 ubi
2773 2506 2970 2560 τεῖθΐθί
2999 2520 3150 2559 mens
3171 2505 3366 2600 omnis;
3399 2511 3454 2558 εί
3475 2502 3650 2558 omnis

457 2617 560 2672 250
598 2617 817 2674 Rectius
849 2591 1127 2687 invictum,
1153 2619 1390 2687 nullique
1419 2591 1672 2672 imitabile
1697 2619 1858 2688 prisci
1931 2601 1937 2606 ’

2280 2593 2482 2662 Lingua
2508 2601 2686 2656 canat,
2722 2601 3087 2662 quantumque
3123 2599 3299 2662 potest
3329 2591 3562 2646 humana
3590 2607 3712 2662 pro-

595 2706 908 2781 Exemplum
939 2709 1089 2773 secli,
1121 2717 1512 2776 transgressum
1543 2708 1773 2762 humana
1795 2707 1998 2770 labore,
2281 2775 2334 2787 Μ
2406 2776 2418 2787 _
2527 2775 2538 2787 .
2798 2775 2829 2787 Ἀ
2891 2773 2918 2787 ﬂ
2989 2774 3001 2785 .
3104 2774 3114 2787 .
3239 2781 3251 2787 Δ
3317 2773 3332 2787 _
3370 2773 3384 2787 ‘
3469 2683 3650 2787 [ιξδεο.

595 2796 1010 2868 Semideumque
1028 2799 1218 2861 virum,
1244 2798 1472 2866 quilabe
1502 2798 1752 2852 immunis
1778 2799 1844 2852 ab
1865 2797 2035 2865 omni,

1962 2797 2035 2865 ni,
2279 2775 2337 2833 Si
2368 2775 2630 2847 placuisse
2653 2775 2856 2843 nequit,
2890 2773 3004 2828 fieri
3033 2774 3116 2828 vel
3139 2781 3288 2842 grata
3317 2773 3545 2828 laboret.

593 2885 731 2939 cum
754 2901 851 2940 sua
881 2863 989 2940 m'm
1017 2887 1172 2941 “vis
1193 2863 1447 2942 στέρξω-η
1477 2903 1706 2956 corpora
1736 2887 1928 2957 pmnis,
2023 2863 2027 2865 ⁷
2281 2867 2537 2922 Panditur
2565 2866 2900 2928 immensum,
2933 2864 2978 2917 si
3007 2863 3194 2918 demus
3218 2864 3358 2927 vela,
3399 2863 3725 2933 profundum

592 2973 922 3044 Praeseripsit
944 2975 1070 3044 quid
1101 2992 1198 3030 nos
1227 2977 1314 3030 vel
1352 2985 1474 3045 post
1503 2986 1719 3045 peccata
1750 2959 1966 3034 deceret
1995 2995 2007 3030 :
2140 2965 2175 3018 5

2140 2963 2244 3019 300
2279 2963 2336 3017 In
2367 2961 2569 3026 laudes,
2601 2959 2762 3014 Pater
2787 2960 2945 3024 alme,
2979 2967 3098 3013 tuas
3125 2977 3136 3011 :
3170 2959 3265 3014 sed
3290 2960 3506 3014 conscia
3537 2959 3670 3013 tanti

460 3061 560 3118 255
597 3063 950 3136 353-3“
976 3067 1046 3118 At
1074 3075 1356 3136 postquam
1390 3066 1641 3122 invictam
1687 3068 1905 3123 firmans
1943 3084 2040 3138 per
2284 3055 2434 3111 Mens
2471 3054 2652 3109 oneris
2690 3052 2937 3122 trepidat.
2970 3052 3320 3140 propriaSQue
3365 3053 3510 3108 haud
3557 3053 3719 3110 inscia

496 3177 504 3186 ι
1531 3157 1683 3228 [talia
1706 3168 1964 3227 mentem,
2064 3147 2079 3203 ί

2071 3143 2110 3205 C
2927 3228 2931 3232 _
3488 3142 3654 3216 [vires

598 3246 791 3314 Exegit
818 3247 1020 3315 largum
1050 3254 1276 3315 tempus,
1295 3248 1588 3316 statuitque
1616 3259 1828 3319 reperta
2279 3235 2541 3298 Consulit,
2572 3243 2628 3288 et
2644 3233 2816 3302 dignis
2835 3234 3014 3303 potius
3033 3233 3258 3288 dicenda
3277 3233 3552 3302 relinquit.

600 3328 730 3405 Qua:
769 3339 985 3394 meram
1029 3340 1316 3408 querenda
1341 3381 1356 3405 ,
1406 3341 1507 3395 sibi
1555 3358 1658 3396 vox
1711 3344 1852 3398 edim
1903 3346 2041 3401 οαειο
2359 3326 2665 3382 Reddantur
2691 3325 2927 3394 emptis:
2959 3340 3095 3394 opus
3123 3326 3228 3380 hoc
3255 3325 3370 3390 tibi,
3417 3333 3605 3380 sancte
3633 3323 3721 3380 Jo-

1819 3436 1924 3507 [est
1955 3455 1966 3489 :

3406 3414 3651 3486 [bannes,

671 3522 788 3577 Jam
819 3524 949 3579 satis
978 3524 1278 3594 impensum
1307 3525 1496 3594 spatii,
1518 3526 1712 3580 dilecte
1745 3529 2038 3596 propheta,

1964 3537 2007 3581 ιη
2025 3571 2038 3590 ν
2283 3509 2402 3576 Quo
2425 3523 2654 3564 renoves
2672 3525 2833 3579 puras
2854 3509 3037 3564 abluto
3065 3523 3294 3578 corpore
3317 3517 3547 3564 mentes.

599 3611 717 3677 Quo
749 3614 841 3666 tibi
865 3613 1146 3682 prodesses
1171 3632 1183 3666 :
1215 3624 1424 3683 tempus
1449 3616 1540 3670 tibi
1569 3630 1687 3684 qmc
1709 3615 1832 3670 data
1854 3620 2040 3684 sentis,
2143 3604 2246 3657 505
2284 3603 2397 3656 Νοη
2429 3603 2543 3658 hac
2563 3604 2731 3672 Prima
2759 3601 2906 3656 ded“
2934 3601 3147 3656 Domini
3173 3601 3461 3667 εθηῑθηῑίθν
3485 3608 3672 3671 (111³4⁸

469 3699 564 3754 260
608 3699 674 3754 Ut
701 3703 906 3769 prosint
935 3704 1074 3768 aliis,
1105 3713 1160 3758 et
1184 3719 1302 3772 qua:
1327 3705 1433 3774 jam
1462 3705 1692 3774 perdita,
1719 3716 1952 3762 servent.

2288 3693 2577 3747 Admonuit
2595 3692 2795 3747 claram
2821 3691 3040 3761 mittens
3061 3706 3156 3761 per
3186 3691 3365 3746 nubila
3393 3705 3582 3746 vocem
3606 3709 3617 3743 :

611 3791 779 3859 Perge
809 3793 968 3859 igitur
995 3802 1210 3848 sanctas
1240 3795 1357 3863 puri
1381 3793 1629 3848 Jordanis
1656 3796 1720 3849 ad
1753 3795 1936 3852 undas.
2284 3786 2473 3841 Secula
2506 3785 2670 3839 multa
2701 3783 2850 3853 prius
2879 3783 3049 3838 sancti
3079 3782 3222 3838 Deus
3248 3797 3344 3838 ore
3367 3783 3578 3838 locutus

599 3883 696 3938 llic
711 3885 1032 3952 quicumque
1049 3885 1322 3938 hominum
1345 3886 1465 3945 vitm
1505 3885 1532 3925 δ
1553 3888 1834 3941 commissa
1853 3889 2047 3956 prioris

1883 3889 2047 3944 ,τίοι-ξς,
2291 3880 2439 3934 Isaia:
2471 3890 2493 3918 ε
2524 3879 2681 3943 vatis,
2709 3877 2909 3933 veteris
2927 3878 3018 3947 qui
3044 3878 3310 3932 maximus
3327 3878 3428 3932 αξνί
3455 3895 3466 3930 :

607 3971 862 4036 Paenitet,
893 3981 948 4026 et
978 3973 1192 4028 tandem
1223 3990 1382 4028 sensu
1412 3975 1633 4028 meliora
1665 3976 1886 4040 volutat,
2293 3971 2497 4026 Mittam
2518 4012 2532 4034 ,
2565 3971 2669 4034 ait,
2713 3978 2839 4025 ante
2887 3978 3008 4025 tuos
3036 3970 3224 4025 oculos
3244 4011 3259 4036 ,
3306 3986 3340 4024 ο
3381 3978 3533 4036 nate,
3577 3968 3730 4024 mini-

603 4062 774 4117 Ablue
803 4062 1105 4118 confessum
1139 4081 1151 4115 :
1185 4065 1426 4134 quisquis
1458 4065 1552 4118 tibi
1586 4073 1764 4120 mente
1787 4067 1926 4123 fideli
3451 4061 3674 4134 [ειτυιηο.

453 4152 564 4206 9.65
601 4153 901 4208 Crediderit
920 4154 1102 4209 delere
1132 4156 1221 4224 pio
1249 4157 1533 4210 commissa
1564 4157 1801 4223 lavacro,
2150 4155 2254 4210 310
2291 4153 2390 4220 Qui
2412 4162 2753 4210 sentosarum
2782 4166 3019 4224 purgans
3041 4163 3295 4208 concreta
3324 4152 3543 4207 viarum

605 4243 698 4299 llle
728 4255 944 4299 renatus
965 4246 1090 4312 erit,
1121 4246 1242 4299 talis
1270 4247 1429 4299 modo
1457 4248 1565 4300 vita
1590 4257 1868 4318 sequatur,
2292 4245 2576 4301 Gressibus
2605 4245 2694 4300 ille
2716 4246 2839 4308 tuis,
2861 4246 3035 4300 celsos
3055 4246 3332 4300 subsidere
3359 4255 3591 4309 montes,

605 4334 733 4400 Quae
762 4337 955 4403 probet
983 4337 1197 4390 ablutos
1225 4338 1385 4390 vitam
1421 4338 1704 4392 damnasse
1725 4339 1975 4407 priorem.
2296 4336 2440 4390 Idem
2469 4335 2751 4405 depressas
2779 4335 2942 4391 faciet
2969 4351 3294 4406 consurgere
3316 4337 3482 4392 valles
3508 4356 3520 4389 :

689 4422 869 4478 Paruit
899 4426 1094 4480 auditis
1122 4427 1399 4481 famulanti
1443 4439 1621 4482 mente
1644 4427 1938 4489 Johannes,
2296 4425 2499 4494 Diriget
2524 4427 2610 4481 hic
2637 4443 2756 4496 qua:
2785 4443 2971 4496 prava,
3003 4437 3058 4482 et
3077 4429 3241 4483 leniet
3271 4444 3482 4499 aspera,
3515 4429 3656 4484 dura-

612 4517 861 4570 Protinus
885 4527 940 4571 et
971 4519 1113 4588 ripas
1137 4519 1271 4587 jussi
1291 4520 1569 4575 descendit
1599 4521 1664 4574 ad
1693 4521 1882 4574 amnis.
2085 4506 2133 4564 Ι)
2300 4516 2521 4581 Molliet,
2546 4525 2601 4571 et
2628 4524 2800 4571 totum
2821 4527 2978 4585 coget
2999 4519 3311 4588 planescere
3337 4520 3613 4575 mundum.

458 4605 570 4662 ⁸270
613 4606 869 4662 Przcdicat
893 4609 977 4664 hic
1007 4621 1271 4680 pnncepla
1295 4612 1389 4665 Dei
1415 4628 1663 4666 sermone
1690 4613 1943 4674 verendo,
2159 4605 2263 4659 515
2369 4605 2725 4677 345-346
2752 4606 2922 4676 Tune,
2953 4624 3165 4680 precor,
3191 4610 3391 4666 donum
3419 4613 3610 4667 summi
3632 4609 3732 4665 Pa-

613 4697 951 4777 lnfunditquc
977 4715 1170 4753 novam
1199 4703 1507 4755 credentum
1538 4702 1588 4756 in
1611 4702 1773 4757 corda
1801 4703 2045 4756 salutem.
3039 4703 3176 4775 [Iris,
3209 4691 3350 4758 alme
3373 4703 3663 4770 Iohannes,

614 4787 776 4841 D.luit
797 4788 982 4842 infusis
1007 4791 1316 4844 credentum
1343 4790 1565 4845 crimina
1592 4792 1839 4862 lymphis,
2302 4790 2436 4845 Cum
2481 4793 2708 4848 Christo.
2727 4795 2988 4862 promisse
3012 4796 3178 4857 venis,
3209 4804 3367 4864 teque
3396 4798 3622 4866 imputat
3648 4796 3734 4851 ille

616 4879 965 4948 Absolvitque
1004 4889 1178 4934 metus
1207 4880 1476 4934 hominum
1495 4923 1508 4946 ,
1544 4898 1835 4952 pinnasque
1874 4884 2054 4938 remit-
2304 4882 2566 4947 Quimisit
2594 4887 2804 4938 natum?
2833 4893 2976 4951 tune,
3005 4900 3038 4939 ο
3059 4886 3314 4955 ρτωᾶὶοιθ
3338 4889 3647 4958 prophetis,

1866 4974 1980 5045 [tit,
2303 4978 2540 5034 Nominis
2568 4977 2793 5043 angelici
2825 4985 2878 5029 tu
2906 4976 3254 5046 partieipatus
3280 4977 3532 5033 honore?

619 5063 794 5134 Atque
823 5062 1005 5133 ignem
1020 5061 1300 5131 restinguit
1326 5063 1479 5133 aquis
1504 5082 1515 5115 :
1549 5064 1743 5119 oblivia
1775 5067 1964 5120 suadet
2306 5067 2410 5122 Per
2434 5076 2486 5122 te
2515 5067 2682 5136 prima
2713 5065 2804 5120 Dei
2826 5081 2944 5119 sese
2973 5065 3253 5120 clementia
3281 5067 3522 5137 profert:

475 5153 580 5211 275
616 5155 890 5221 Errorum,
917 5163 1239 5226 praestatque
1267 5171 1418 5209 nova:
1444 5172 1578 5210 nova
1603 5171 1828 5225 corpora
1860 5159 1999 5211 vitrc.
2161 5160 2263 5213 59.0
2302 5158 2477 5212 Prima
2510 5158 2604 5212 tibi
2626 5157 2810 5212 danda:
2831 5157 3000 5210 veniae
3029 5159 3287 5227 permissa
3317 5167 3594 5228 potestas:

682 5247 726 5302 Ο
753 5246 943 5315 Pater,
973 5263 1007 5303 ο
1037 5248 1312 5302 hominum
1344 5263 1626 5317 rerumque
1655 5258 1854 5304 aeterne
1895 5265 2050 5304 crea-
2277 5250 2378 5307 .Te
2402 5266 2523 5304 cum
2550 5249 2713 5302 multa
2743 5262 2895 5301 nova:
2919 5256 3165 5316 peterent
3193 5249 3450 5303 miracula
3475 5249 3666 5318 plebis,

1843 5340 1980 5411 μον,
2301 5341 2375 5395 De
2401 5349 2453 5394 te
2473 5340 2717 5394 Christus
2741 5338 2814 5391 ait
2843 5356 2854 5390 :
2885 5337 3211 5392 Concessum
3250 5345 3333 5393 est
3359 5339 3535 5394 visere
3559 5339 3734 5403 talem,

620 5431 758 5498 Quot
795 5431 1044 5499 gradibus
1073 5429 1244 5500 parcit
1267 5427 1438 5499 pietas
1469 5429 1592 5482 tua!
1623 5428 1742 5498 quis
1772 5437 1926 5500 pater
1955 5445 2054 5483 uu-
2302 5430 2524 5497 Qualem
2553 5429 2693 5482 nulla
2723 5430 2868 5498 prius
2891 5429 3138 5484 viderunt
3161 5431 3302 5484 secla
3330 5432 3667 5501 prophetam.

1810 5521 1985 5592 [quam
2304 5521 2432 5575 Dico
2459 5532 2580 5587 ego,
2603 5519 2694 5586 qui
2721 5519 2866 5574 solus
2889 5535 3008 5588 quae
3047 5530 3194 5588 gesta
3223 5521 3564 5590 gerendaque
3593 5522 3734 5580 novi,

557 5645 578 5669 ἰ
608 5633 734 5688 Vide
765 5651 902 5690 vers.
933 5635 1058 5692 262.
1087 5631 1091 5633 ’
1430 5701 1469 5702 η
2245 5632 2321 5702 (a)
2370 5630 2456 5684 Sic
2489 5631 2615 5688 edit.
2657 5629 2822 5700 Lugd.
2868 5631 3007 5686 Edil.
3056 5631 3238 5695 Rosv.,
3273 5630 3560 5685 mirabitur.
3606 5630 3742 5684 Vide

549 5703 575 5741 ἲν
607 5704 758 5776 l_.lest
786 5717 1013 5776 pergqta.
1049 5707 1181 5763 Vide
1211 5721 1350 5761 vers.
1377 5701 1500 5756 248.
1540 5747 1558 5759 .

1078 5707 1181 5763 ’ide
1211 5721 1350 5761 vers.
1377 5701 1500 5756 ENS.
1540 5747 1558 5759 .
2175 5721 2226 5757 v.
2252 5703 2361 5776 235i
2383 5710 2438 5756 et
2465 5702 2661 5776 v.28;

557 5785 578 5807 ο
614 5771 857 5838 Isairen,
882 5771 992 5830 5'ct
1015 5776 1064 5829 4.
2253 5775 2325 5842 (b)
2350 5773 2421 5826 ita
2454 5775 2614 5830 editio
2640 5772 2876 5842 Lugdun.
2913 5772 3004 5826 Ed.
3039 5772 3219 5826 Rosv”
3258 5771 3356 5836 Da,
3390 5773 3566 5827 minus
3582 5773 3748 5828 bene-
