4008 6346
161 279 164 282 ’
254 271 350 371 ua
1371 271 1380 282 ’
1677 317 1918 372 ῬΟΕΜΔ
1959 317 2090 373 vut.
2725 321 2730 326 '
3283 316 3291 328 ‘
3393 329 3498 385 450

253 432 350 484 525
384 430 524 483 Inter
551 430 805 485 mortales
827 429 1032 484 dederit
1055 444 1189 498 quos
1215 427 1410 482 femina
1437 437 1642 497 partus,
1853 438 1891 491 Α
2068 428 2203 492 Quia
2224 442 2386 483 carne
2415 428 2604 495 victus,
2626 439 2807 485 mente
2827 447 2936 487 non
2957 447 3141 488 versus
3157 441 3356 500 tamen,

385 522 639 592 Quosque
667 520 814 575 dabit
833 519 1079 574 sollemni
1107 519 1382 574 hominum
1404 520 1470 574 de
1494 535 1642 574 more
1671 536 1822 574 crea-
1959 520 2029 572 40
2068 520 2180 574 Etsi
2201 521 2409 588 negarit
2428 520 2659 575 debitam
2680 523 2785 591 Iegi
2803 523 2981 588 tidem,

1613 612 1722 684 [tos
1737 655 1750 679 ,
2065 610 2167 664 Per
2187 612 2350 664 multa
2373 627 2511 682 saepe
2531 613 2812 670 devolutus
2831 617 3051 670 crimina
3073 635 3084 668 :

386 705 569 758 Nullus
589 705 692 759 erit
714 704 882 773 possit
899 703 990 774 qui
1019 719 1076 758 se
1105 704 1355 772 praeferre
1380 702 1630 756 Johanni.
2067 701 2269 756 Tamen
2293 703 2413 758 ﬁdei
2436 720 2629 759 nomen
2651 716 2907 761 aeternum
2941 722 3151 775 gerens,

389 798 511 852 Hanc
534 798 602 852 de
631 806 684 851 te
711 797 799 851 ille
821 796 1001 860 refert,
1021 796 1118 866 qui
1149 796 1399 866 quaslibet
1425 797 1608 850 intima
1647 797 1824 851 cordis
2063 793 2358 862 Numquam
2387 795 2574 851 salutis
2594 798 2859 852 exsulabit
2889 798 3097 854 finibus.

389 889 649 957 Humani,
679 900 734 944 et
756 896 978 943 cunctos
1006 889 1271 943 seclorum
1297 904 1362 942 ex
1404 887 1595 942 ordine
1625 897 1825 942 tractus
2064 882 2462 939 [deirco'cunCli
2490 901 2630 940 nunc
2653 887 2704 940 in
2727 888 2831 942 isto
2862 889 3074 950 $60010.

253 980 352 1036 3'50
387 978 656 1045 Pervidet,
687 987 744 1033 ut
771 993 890 1049 qua:
918 987 1043 1032 sunt
1063 979 1230 1033 oculis
1250 977 1491 1047 subjecta
1522 977 1780 1032 videmus.
1958 972 2029 1026 45
2066 974 2200 1028 Dum
2221 975 2390 1029 currit
2408 985 2557 1040 artas,
2581 984 2636 1031 ct
2654 977 2768 1035 dies
2787 978 2885 1032 :evi
2907 988 3074 1047 patet.

823 1088 1056 1144 POEMA
1093 1089 1176 1143 VII
1201 1093 1239 1142 '.

2067 1066 2259 1122 Rectus
2280 1082 2500 1136 agamus
2528 1069 2747 1124 semitas
2777 1069 2931 1124 firmo
2960 1072 3116 1140 pede,

2063 1156 2172 1211 Nec
2192 1157 2497 1213 deferamur
2517 1159 2722 1215 lubrico
2744 1161 2864 1215 latae
2887 1162 2982 1216 vite
3000 1203 3015 1227 ,

2067 1245 2287 1300 Pmstat
2314 1262 2408 1316 per
2435 1257 2642 1302 arctum
2665 1249 2684 1280 ³
2709 1249 3024 1307 dimicantes
3059 1254 3326 1309 tramitem

254 1312 523 1394 Ρσὲἓέὺὲυξ·
544 1323 662 1369 “mc
678 1312 1098 1392 Τ¹²⁸⁰¹⁰9ί⁶⁰ν¹¹⁸ῗ³
1113 1325 1418 1394 “naporum
1435 1309 1596 1394 'f‘dj"
1612 1311 1824 1394 Pf‘m’w‘
2067 1309 2371 1391 Laboriosis
2394 1338 2616 1392 introire
2643 1340 2865 1394 nisibus.

298 1383 637 1437 ~Cltristt'anos
653 1398 849 1448 omnes,
873 1379 1107 1452 quamvis
1142 1380 1326 1452 malos,
1347 1379 1496 1431 modo
1520 1379 1823 1431 incolumem

317 1463 598 1508 servassent
625 1453 798 1522 ﬁdem,
827 1449 1044 1504 salutem
1078 1449 1353 1516 quamdam
1381 1456 1758 1503 consecuturos.

389 1546 583 1600 Beatus
605 1545 710 1608 ille,
743 1543 834 1614 qui
857 1542 1038 1612 procul
1063 1543 1227 1595 vitam
1256 1557 1409 1595 suam

718 1217 1069 1256 PABAPIIRASIS
1099 1217 1284 1256 PSALII
1309 1217 1344 1254 1.

1963 1426 2029 1479 50
2066 1426 2189 1479 Vias
2219 1427 2481 1480 bonorum
2514 1428 2662 1482 lautus
2683 1431 2923 1496 agnoscit
2952 1421 3114 1495 Deus,

2067 1517 2135 1569 At
2153 1517 2430 1586 impiorum
2453 1531 2680 1585 pronum
2701 1517 2804 1572 iter
2827 1519 3110 1574 delebilur.

387 1638 465 1690 Ab
492 1635 778 1705 impiorum
800 1633 1094 1700 segregarit
1115 1633 1361 1697 canibus,
2487 1648 2716 1708 ΡΟΕΜΑ
2743 1649 2853 1704 Vm

386 1728 450 1782 Et
479 1729 530 1782 in
557 1728 638 1781 via
661 1726 994 1796 peccantium
1021 1740 1128 1779 non
1162 1726 1437 1788 manserit,

2386 1777 2738 1816 PARAPHRASIS
2777 1777 2961 1817 PSALII
2991 1780 3046 1817 11.

388 1821 496 1874 Nec
522 1820 575 1875 in
604 1817 856 1873 cathedra
888 1817 1156 1886 pestilenti
1182 1816 1380 1870 sederit
1406 1833 1418 1868 :
1466 1873 1471 1878 _
1853 1803 1904 1861 ’Β

2057 1869 2180 1924 -Οιιιι
2198 1877 2385 1938 gentes
2403 1867 2690 1935 fremuere,
2712 1879 2768 1924 et
2793 1871 2970 1925 inania
2994 1888 3088 1926 cur
3115 1873 3354 1928 meditati
3383 1870 3388 1874 ’

317 1910 353 1965 5
387 1909 488 1964 Sed
512 1908 675 1963 corde
696 1914 811 1960 toto
839 1906 973 1961 tixus
1003 1907 1055 1960 in
1079 1905 1250 1973 legem
1275 1905 1369 1959 Dei
2057 1905 2169 1980 :i"
2192 1905 2970 1980 ff'fjfiilvturi-‘f’jvAni-ee-
2994 1905 3078 1926 w-
3115 1905 3354 1928 uncumu
3392 1968 3403 1980 ο

2073 1961 2211 2016 Sunt
2237 1962 2454 2032 populi?
2483 1961 2802 2017 adstiterant
2832 1977 3084 2033 proceres
3125 1981 3248 2021 cum
3295 1968 3506 2036 regibus

390 2002 659 2070 Prarcepta
689 2000 810 2053 vita:
834 2005 991 2052 nocte
1013 1997 1181 2052 volvit
1200 2005 1254 2050 et
1273 1997 1383 2065 die,

387 2060 725 2160 Menteinque
753 2090 912 2144 castis
939 2089 1195 2143 institutis
1219 2088 1435 2142 excolit.
2082 2146 2102 2160 Δ
2133 2145 2147 2160 ⁸
2391 2145 2429 2160 ἢ
2529 2146 2542 2158 θ
2734 2157 2741 2160 _
2780 2148 2835 2160 Μ
2891 2150 2903 2160 _
2947 2159 2950 2160 ν
3341 2154 3352 2160 Δ
3381 2060 3509 2160 [acti

392 2183 508 2236 Erit
542 2145 711 2234 illelut
733 2180 892 2233 arbor
913 2193 1032 2246 qua:
1061 2178 1359 2248 propinqua
1383 2175 1609 2239 flumini,

392 2273 621 2316 Ilnmnm
650 2271 777 2316 rinm
808 2271 1074 2316 nutriente
1100 2271 1355 2316 nascitur-

2072 2145 2365 2200 Adversum
2391 2145 2673 2201 Dominum
2693 2157 2750 2204 et
2776 2148 3048 2207 Christum
3065 2195 3081 2220 ,
3109 2168 3304 2208 vesana
3333 2154 3410 2224 (a)
3431 2153 3508 2208 fe-

2260 2255 2266 2260 ’
3285 2243 3504 2316 (rentes.

386 2273 621 2326 Ilumore
650 2271 777 2340 ripae
806 2271 1074 2324 nutriente
1100 2271 1356 2339 pascitur,

287 2363 350 2416 10
384 2362 601 2429 Suoque
624 2357 850 2414 fructum
871 2360 1028 2429 plena
1053 2359 1236 2413 reddet
1262 2370 1524 2428 tempore,

384 2452 469 2516 Et,
502 2448 692 2503 fronde
715 2462 1000 2516 numquam
1029 2448 1317 2514 defluente,
1346 2449 1621 2518 pervirens

386 2543 561 2597 Stabit
585 2540 809 2610 perenni
841 2538 1070 2592 vividum
1102 2540 1298 2608 lignum
1323 2554 1497 2593 coma.

387 2635 501 2688 Non
529 2635 644 2687 bmc
671 2633 882 2701 iniquos
904 2639 1257 2700 prosequetur
1279 2631 1469 2698 gloria,

393 2724 496 2780 Sed
523 2732 582 2778 ut
602 2723 833 2777 favillam
855 2721 1089 2790 pulveris
1114 2729 1303 2776 ventus
1323 2721 1482 2790 rapit,

294 2817 359 2871 15
390 2818 474 2872 Sic
496 2818 573 2872 ira
603 2818 813 2884 iniquos
831 2823 1011 2868 verret
1031 2827 1059 2867 a
1089 2815 1239 2868 vultu
1265 2811 1378 2867 Dei.

395 2909 591 2963 Idcirco
617 2906 709 2960 tali
731 2904 1033 2958 dividentur
1057 2905 1244 2958 ordine

383 2998 672 3052 iHominum
696 3010 792 3065 per
811 2995 994 3049 orbem
1017 2993 1394 3065 dissipatorum
1416 3011 1623 3068 greges,

399 3088 467 3144 Ut
482 3088 749 3158 judicandi
771 3103 877 3142 non
899 3098 1180 3156 resurgant
1200 3089 1366 3160 impii,

395 3179 490 3246 Qui
519 3179 850 3247 denegarunt
871 3178 1106 3237 debitum
1128 3180 1326 3234 cultum
1358 3179 1498 3243 Deo,
1851 3171 1898 3233 C
1920 3185 1934 3196 ‘

293 3271 358 3324 20
390 3270 496 3325 Sed
523 3271 964 3341 puniendis-nam
986 3288 1140 3327 suum
1169 3273 1371 3326 crimen
1395 3271 1602 3335 videns,

389 3361 504 3418 Non
527 3362 781 3431 indigebit
807 3365 1101 3432 quazstione
1129 3363 1330 3431 detegi,

388 3454 653 3521 Quoniam
701 3455 1066 3511 imminentem
1111 3458 1125 3488 ⁸
1173 3455 1456 3526 przefcrent
1493 3455 1679 3509 mortis
1724 3471 1822 3508 no-

1587 3547 1748 3618 [ωσι.

384 3635 606 3704 Signum
632 3635 820 3690 salutis
847 3651 952 3691 non
982 3645 1230 3705 gerentes
1252 3633 1531 3690 frontibus.

389 3723 650 3781 Peccator
678 3734 876 3792 autem,
909 3743 1017 3781 non
1043 3734 1099 3781 et
1121 3727 1313 3796 impius
1343 3735 1542 3789 tamen,

287 3813 348 3867 25
384 3814 512 3882 Qua:
541 3829 731 3883 magna
758 3816 909 3869 turba
938 3824 1040 3881 est,
1071 3831 1175 3870 non
1208 3823 1448 3882 resurget
1474 3815 1678 3883 glorizr,

385 3906 584 3960 Verum
616 3915 859 3974 resurget
887 3905 1190 3976 deputanda
1214 3906 1465 3960 examini.

380 3998 490 4052 Nec
516 3998 658 4052 enim
687 3997 873 4053 sedere
895 4013 1014 4052 cum
1038 3998 1140 4067 piis
1157 3997 1319 4066 judex
1343 4004 1538 4066 potest,

2073 2326 2292 2382 Vincula
2316 2344 2643 2398 rumpamus,
2663 2330 2789 2400 juga
2809 2331 3161 2387 discutiamus
3187 2348 3376 2387 eorum
3405 2351 3416 2385 :

2001 2416 2034 2468 5
2071 2417 2172 2484 Qui
2203 2430 2383 2475 manet
2411 2430 2620 2477 aeterno
2635 2424 2762 2477 totis
2783 2422 3150 2478 moderamine
3172 2413 3342 2489 caelis,

2071 2510 2445 2578 Irridebitcos,
2465 2513 2714 2582 justaque
2729 2514 2981 2582 loquetur
3007 2515 3060 2568 in
3091 2515 3188 2576 ira,

2069 2599 2423 2669 Terribilique
2451 2604 2624 2656 minas
2645 2605 2810 2658 verbo
2839 2605 3070 2658 turbabit
3099 2605 3331 2674 iniquos.

2070 2689 2168 2742 Ast
2197 2705 2296 2758 ego
2328 2690 2441 2746 Rex
2470 2693 2536 2748 ab
2556 2707 2624 2747 eo
2654 2694 2806 2762 parili
2836 2693 3038 2748 ditione
3065 2703 3296 2760 creatus,

2073 2779 2405 2852 Prmceptum
2429 2783 2638 2838 Domini
2666 2800 2827 2853 super
2847 2785 3042 2839 almum
3065 2787 3294 2855 prasdico
3311 2787 3442 2843 Sion
3467 2791 3506 2844 '.

1962 2870 2031 2926 10
2066 2871 2184 2941 Ipse
2213 2872 2280 2927 ad
2301 2889 2387 2927 me
2416 2873 2693 2937 Dominus,
2729 2875 2895 2940 Meus,
2928 2877 3118 2946 inquit,
3163 2879 3301 2933 filius
3345 2895 3404 2933 es
3428 2889 3505 2942 tu,

2069 2962 2252 3032 Teque
2269 2963 2618 3032 hodiegenui
2652 2965 2747 3036 (ὁ),
2773 2965 2902 3021 Pete
2929 2985 2946 3019 ε
2985 2968 3060 3021 sis
3105 2969 3234 3023 tnibi
3262 2970 3506 3037 gentibus

3305 3060 3502 3132 [heres,

2064 3144 2133 3199 Et
2162 3155 2247 3200 tua
2271 3145 2298 3185 δ
2326 3145 2578 3202 fundatur
2606 3149 2731 3203 totis
2759 3150 3028 3219 possessio
3069 3150 3241 3204 terris.

2072 3236 2267 3291 Ferrea
2280 3239 2436 3307 avirga
2464 3239 2558 3293 tibi
2587 3247 2691 3305 est,
2723 3239 2898 3294 valido
2943 3240 3065 3309 quia
3088 3239 3212 3308 jure
3241 3249 3506 3296 tumentes

2071 3327 2212 3384 Orbe
2241 3331 2381 3399 regis
2413 3339 2528 3385 toto
2574 3332 2840 3402 populos:
2867 3348 2968 3387 ceu
2997 3348 3122 3387 vasa
3172 3333 3242 3403 (ε)
3291 3344 3507 3388 recocto

1966 3419 2032 3471 I5
2069 3419 2216 3474 Ficta
2241 3421 2353 3476 luto
2382 3420 2843 3491 trangenscorda,
2870 3432 2927 3476 ut
2960 3423 3181 3477 meliora
3228 3421 3505 3477 reformes.

2137 3511 2204 3564 Et
2235 3528 2375 3567 nunc
2396 3527 2523 3568 ecce
2568 3528 2756 3568 onmes
2800 3513 2984 3568 stratis
3029 3512 3312 3580 advertite,
3355 3526 3506 3580 reges

2069 3601 2358 3670 Mentibus,
2389 3612 2444 3659 et
2491 3604 2812 3674 quicumque
2863 3604 3138 3670 hominum
3195 3603 3504 3658 famulantia

3319 3695 3503 3768 {corda

2065 3784 2275 3841 Judicio
2301 3786 2502 3853 regitis,
2529 3801 2812 3857 rerumque
2834 3789 3024 3843 tenetis
3050 3788 3290 3843 habenas
3315 3806 3326 3839 :

2066 3875 2340 3932 Deservite
2364 3877 2470 3932 Deo
2503 3877 2717 3946 trepidi,
2746 3880 3019 3946 mixtoque
3051 3878 3232 3932 fideles

1960 3973 2028 4027 ἢ)
2066 3974 2342 4030 Exsultate
2371 3985 2515 4030 metu
2548 3995 2561 4029 :
2588 3977 2678 4029 tiat
2706 3977 2984 4030 discordia
3012 3991 3256 4040 concors,

385 4088 589 4142 Causas
610 4103 827 4141 suorum
854 4088 1156 4142 redditurus
1185 4097 1420 4150 actuum,
2066 4075 2356 4128 Dissimiles
2381 4075 2590 4128 socians
2609 4074 2830 4129 affectus
2852 4081 3070 4144 pectore
3097 4077 3151 4128 in
3184 4089 3322 4137 uno;

383 4177 649 4250 varieque
678 4181 839 4246 gestis
865 4188 956 4233 aut
977 4179 1301 4250 probandus,
1335 4188 1425 4232 aut
1447 4193 1585 4232 reus,
2062 4164 2139 4216 Ne
2172 4163 2334 4217 timor
2361 4162 2558 4230 afﬂigat
2587 4173 2812 4231 mentes,
2837 4164 2921 4218 vel
2947 4164 3138 4230 gaudia
3168 4163 3396 4230 solvant,

283 4265 345 4320 50
379 4268 509 4324 Sine
539 4269 655 4337 lege
680 4271 873 4339 passim
901 4270 1230 4339 Iegis'ignari
1251 4269 1464 4328 cadent.
2064 4263 2121 4316 Si
2137 4272 2353 4318 careant
2381 4263 2520 4330 laeto,
2548 4264 2722 4334 pavidi
2747 4263 3029 4319 formidine
3051 4265 3198 4319 Iethi.

381 4359 442 4413 In
471 4360 588 4429 lege
618 4361 817 4429 lapsus,
841 4361 956 4429 lege
975 4360 1320 4429 iudicabitur.
2063 4355 2259 4409 Discite
2281 4355 2560 4424 justitiam,
2593 4363 2876 4423 rectosque
2895 4357 3160 4424 capessite
3196 4371 3392 4417 mores,

379 4449 529 4520 Opus
557 4466 655 4520 per
673 4465 832 4506 omne
860 4459 1039 4505 curret
1065 4460 1090 4487 ι
1117 4451 1251 4520 ignis
1270 4451 1488 4516 arbiter,
1954 4443 2024 4496 23
2065 4445 2128 4499 Et
2143 4446 2288 4514 justo
2317 4444 2580 4514 trepidate
2608 4445 2740 4512 Deo,
2769 4445 2995 4514 gaudete
3017 4446 3269 4513 benigno,

377 4542 536 4607 Quod
566 4559 672 4616 non
703 4544 954 4597 cremarit
982 4542 1213 4605 ﬂamma.
1241 4542 1335 4598 sed
1365 4543 1689 4614 probaverit.
1848 4542 1899 4603 D
2062 4546 2355 4616 Nequando
2379 4547 2625 4600 meritum
2654 4545 2795 4601 Deus
2825 4536 3088 4602 ii-ascatur
3114 4546 3165 4599 in
3201 4545 3408 4609 orbem,

284 4721 305 4722 ἡ
378 4632 512 4687 Illud
535 4612 782 4722 pepienni
805 4635 1021 4703 pnemio
1049 4609 1382 4703 pensabitur:
2067 4609 2283 4706 Vosque
2306 4639 2389 4691 via
2414 4636 2554 4705 justa
2572 4637 2714 4706 juste
2749 4638 2982 4706 pereatis
3009 4637 3204 4691 abacti.

279 4721 344 4775 35
380 4723 483 4789 Qui
504 4721 894 4778 concremanda
911 4725 1156 4792 gesserit,
1186 4724 1437 4778 damnum
1465 4723 1622 4789 feret,
2067 4731 2272 4785 Amodo
2296 4731 2405 4798 jam
2436 4731 2642 4784 resilire
2670 4730 2755 4783 via
2776 4731 3078 4798 properetis
3107 4729 3304 4796 iniqua,

376 4812 485 4870 Sed
515 4815 630 4884 ipse
659 4816 836 4870 salvus
855 4815 1089 4870 evolabit
1117 4815 1340 4885 ignibus.
2066 4820 2199 4874 Ecce
2228 4821 2395 4884 brevi,
2428 4835 2548 4875 cum
2579 4835 2769 4888 magna
2799 4821 3036 4888 potentis
3058 4819 3305 4873 inarserit
3326 4819 3422 4883 ira,

380 4907 585 4962 Tamen
613 4909 816 4963 subusti
847 4909 1088 4977 corporis
1117 4909 1281 4975 signis
1301 4910 1464 4963 miser
1618 4957 1623 4962 .
1956 4912 2024 4966 50
2133 4913 2367 4966 Ventilet
2393 4921 2450 4966 ut
2473 4921 2642 4966 totum
2665 4913 2844 4966 divino
2875 4913 3120 4967 examine
3149 4912 3421 4976 mundum,

373 4997 728 5070 357-358
759 4997 931 5052 Vitam
983 4999 1186 5053 tenebit
1236 5001 1276 5062 ’,
1307 5015 1414 5053 non
1460 4999 1661 5054 tenebit
1703 4999 1818 5068 gIo~
2063 5002 2316 5071 Segreget
2344 5013 2399 5057 et
2419 5003 2600 5072 paleas
2629 5003 2756 5070 igni,
2787 5002 3050 5057 frumenta
3080 5003 3271 5058 saluti:

1614 5093 1768 5164 [riam
1801 5111 1812 5144 :
2063 5091 2210 5146 Tunc
2239 5107 2443 5158 omnes,
2471 5093 2661 5162 quibus
2689 5101 2771 5148 est
2799 5093 2851 5146 in
2878 5109 2943 5148 eo
2971 5110 3093 5164 spes
3114 5093 3236 5159 fida,
3260 5095 3419 5148 beati.

313 5231 327 5247 ‘
358 5227 506 5281 Alias
534 5227 600 5288 6;
627 5225 784 5300 quod
825 5232 1005 5280 autem
1044 5225 1074 5277 7
1117 5234 1253 5290 erat,
1287 5243 1425 5281 nunc
1453 5225 1506 5279 8.
1539 5227 1807 5296 Scriptum
1915 5229 2064 5300 (irin.
2093 5236 2149 5282 et
2177 5227 2402 5292 Poelm.,
2435 5232 2705 5299 frementes
2738 5245 2754 5281 :
2785 5230 2927 5298 quod
2957 5231 3203 5300 placeret,
3233 5230 3330 5284 nisi
3371 5231 3482 5298 jam

241 5298 376 5369 circa
403 5313 604 5369 annum
624 5295 766 5369 2⁷590.Δ
1006 5364 1029 5369 _
1409 5364 1431 5369 Δ
1486 5365 1525 5369 _
1662 5295 1676 5296 ί
1704 5367 1711 5369 _
1914 5299 2129 5369 dictum_
2141 5307 2282 5352 esset
2321 5295 2495 5369 gentes
2526 5302 2796 5369 (temnere.

271 5402 278 5410 -
311 5368 501 5421 “Alias
528 5367 556 5418 7
582 5383 594 5418 :
625 5364 768 5435 quod
799 5371 977 5418 autem
1002 5364 1036 5418 8
1064 5374 1212 5429 erat,
1245 5381 1383 5420 nunc
1398 5364 1454 5418 .9.
1486 5365 1647 5420 Forte
1668 5367 1808 5421 circa
1988 5366 2060 5437 (ὑ)
2093 5366 2168 5420 Ex
2198 5384 2295 5422 ms.
2321 5364 2706 5437 'codice'Regio
2737 5377 2791 5422 et
2820 5367 2978 5421 editis
3020 5367 3174 5434 Bad.,
3221 5368 3381 5422 Grav.
3430 5380 3487 5424 et

241 5436 689 5506 idem'tempus.H
829 5503 850 5506 Α
1144 5503 1155 5506 _
1183 5503 1228 5506 __
1361 5504 1389 5506 ἡ
1508 5505 1513 5506 γ
1914 5436 2098 5491 Schot.
2123 5438 2524 5493 cmendavimus
2577 5436 2729 5505 Pete,
2756 5437 2909 5506 juxta
2936 5447 3139 5490 textum
3173 5438 3485 5506 Scriptura}.

307 5518 331 5542 ι
362 5506 494 5578 Vi_de
515 5520 599 5574 ep.
630 5503 720 5572 28,
747 5521 799 5558 n.
822 5503 876 5571 2,
904 5513 960 5558 et
979 5519 1065 5572 ep.
1093 5503 1159 5557 ad
1180 5503 1480 5559 Marcellam
1505 5505 1555 5557 in
1579 5507 1803 5575 append.

1965 5508 2010 5559 J.
2041 5507 2232 5578 .Rosv.,
2265 5519 2400 5577 peto.

244 5574 292 5636 1.
322 5593 375 5629 u.
408 5575 463 5628 7.
711 5643 719 5646 _
883 5643 977 5646 __7_
1235 5641 1256 5646 Α
1405 5642 1491 5646 ,ω
1616 5574 1660 5575 ﬂ
1916 5645 1931 5646 γ
1985 5576 2055 5646 (ε)
2103 5577 2190 5630 Sic
2243 5574 2339 5632 ms.
2391 5577 2562 5632 codex
2617 5577 2830 5644 Regius.
2866 5591 2987 5631 cum
3035 5574 3191 5632 editis
3234 5575 3382 5633 Grin.
3433 5587 3484 5633 et

308 5646 332 5682 ι’
355 5646 410 5698 Id
435 5652 517 5714 est
542 5643 857 5711 enuntiatur.
883 5643 1013 5714 Vide
1037 5658 1202 5714 carm.
1227 5641 1281 5709 6,
1314 5660 1361 5694 v.
1398 5642 1521 5696 250.
1914 5641 2116 5702 Poel'm.
2145 5646 2282 5702 Edit.
2320 5648 2480 5703 Rosv.
2502 5687 2516 5714 ,
2550 5641 2768 5702 recocta.

312 5721 386 5780 (a)
421 5713 810 5782 Manuscriptus
852 5712 1028 5768 codex
1076 5712 1270 5782 Ilcgius
1300 5728 1420 5768 cum
1451 5714 1608 5767 e.titis
1652 5714 1805 5782 Bad.,
