4008 6346
537 267 630 325 ﬁl
1441 264 1500 316 S.
1543 262 1809 317 PAULINI
1851 261 2095 316 SOLANI
2135 260 2437 314 EPISCOPI
2478 260 2819 314 POEMA'I‘A.
3685 263 3779 319 452

1097 360 1328 436 rbem
1363 373 1436 429 ix
1479 378 1515 428 ·.

904 486 1251 526 PAIIAPIIRASIS
1287 485 1473 535 PSAIMI
1509 484 1725 525 CXXXVI.

483 614 496 634 ,
674 561 1015 633 3&9350
1031 559 1276 614 Sedimus
1301 561 1513 628 ignotos
1535 572 1559 596 ⁸
1589 560 1719 614 dira:
1738 557 2025 628 Babylonis
2047 557 2112 610 ad

457 626 502 700 ‘f'
680 626 1002 633 "H"
1327 626 1341 628 θ
1855 626 2114 720 (amnes

467 729 502 766 ν
669 741 898 812 Captivi,
927 741 1113 796 ιιιιιεει
1133 757 1344 805 nus,
1382 740 1687 795 miserabile
1714 739 1922 794 ﬂentes.

671 832 806 887 Cum
833 833 1063 902 patrium
1091 833 1316 886 memori
1344 832 1676 908 traheremus
1703 837 1922 900 pectore
1958 827 2111 895 Sion,

671 922 740 978 Et
767 924 1018 978 meritum
1036 922 1180 993 justa
1206 923 1598 992 suspiraremus
1623 922 1690 976 ab
1718 922 1798 976 ira

604 1013 638 1066 5
674 1013 934 1072 Exsrlium
967 1032 981 1068 :
1007 1014 1165 1069 lentis
1192 1028 1297 1081 qua
1326 1014 1531 1068 consita
1560 1013 1675 1081 ripa
1713 1011 1932 1074 salictis,

676 1104 985 1175 Hospitibus
1010 1105 1222 1175 populis
1251 1104 1466 1159 umbras
1493 1102 1768 1172 praebebat
1803 1102 2020 1156 amicas.

673 1195 788 1252 Illic
806 1197 1037 1268 Assyria:
1063 1196 1253 1252 mediis
1273 1196 1328 1250 in
1353 1195 1618 1272 moenibus
1647 1194 1814 1258 urbis,

669 1287 831 1344 Obliti
855 1290 1004 1343 laetas
1031 1303 1129 1358 per
1148 1293 1334 1343 mmsta
1369 1286 1584 1342 silentia
1607 1300 1790 1349 voces,

627 1376 632 1380 ’
671 1378 750 1434 De
776 1380 1003 1434 salicum
1027 1379 1192 1432 ramis
1211 1366 1592 1447 suspendimus
1611 1391 1813 1444 organa
1834 1383 2039 1430 nostra.

565 1469 632 1525 10
735 1469 975 1540 Namque
1015 1469 1182 1525 dabat
1227 1468 1384 1524 nobis
1427 1467 1622 1523 durum
1651 1466 1830 1535 gravis
1876 1466 1957 1520 ira
2010 1465 2113 1520 do-

1897 1555 2110 1627 [lorem,

669 1651 824 1718 Quod
848 1651 1006 1708 solita
1035 1651 1090 1705 in
1115 1659 1305 1706 sancto
1325 1649 1570 1720 depromi
1599 1649 1808 1704 cantica
1836 1647 2041 1718 templo

671 1740 799 1796 Hrec
827 1741 891 1794 ad
921 1740 1143 1795 delicias
1171 1740 1271 1794 sibi
1300 1755 1398 1794 nos
1418 1747 1638 1793 cantare
1659 1737 1886 1806 jubebat

672 1831 872 1902 Impius
900 1832 1008 1896 ille,
1037 1831 1201 1886 domo
1229 1832 1323 1899 qui
1352 1846 1450 1885 nos
1475 1829 1790 1894 abduxerat,
1812 1826 2001 1884 hostis.

669 1919 884 1989 Ergone
912 1921 1118 1975 divinas
1148 1921 1334 1975 laudes
1361 1928 1417 1975 et
1434 1920 1677 1975 carmina
1705 1921 1868 1974 castis

2213 1645 2283 1700 ϐο

2363 373 2472 429 Nec
2499 376 2674 431 minus
2703 376 2792 430 ille
2820 377 3008 430 beatus
3027 376 3152 442 erit,
3175 359 3266 447 qui
3300 358 3462 449 parva
3485 379 3686 435 tenebit

2356 463 2422 518 Et
2441 465 2599 520 simul
2625 464 2790 519 elidet
2817 467 2836 497 ⁸
2865 466 3049 522 solidae
3081 478 3168 521 tua
3197 465 3220 503 ι¹
3246 469 3470 538 pignora
3499 477 3683 539 petrae.

2253 552 2320 606 50
2425 554 2483 608 Si
2513 556 2665 624 cupis
2691 557 2954 610 exstincta
2981 556 3269 627 Babylonis
3289 559 3458 626 stirpe
3477 559 3647 627 beari,

2354 643 2420 698 In
2437 653 2492 699 te
2510 646 2632 715 ipso
2657 646 2845 715 primis
2869 646 2919 716 gl
2926 647 3154 701 isceutia
3177 649 3406 703 crimina
3433 647 3668 707 hamis

2358 737 2568 808 Frange
2587 737 2712 804 ﬁde,
2741 738 2853 808 jam
2877 743 3099 810 propter
3133 752 3156 777 ε
3179 741 3331 796 adest
3353 750 3505 811 petra
3529 741 3785 803 Christus:

2355 918 2641 988 Vipeream
2671 922 2913 977 sobolem
2935 921 3126 978 validis
3151 923 3291 979 elide
3319 923 3557 980 lacertis.
3579 835 3658 909 [In
3681 852 3784 907 Ipso

2357 1006 2490 1062 Nam
2515 1008 2754 1081 Babylon
2776 1026 2974 1080 nomen
2997 1011 3253 1067 Confusio
3287 1031 3300 1066 :
3336 1013 3439 1067 lilia
3473 1014 3617 1082 cujus

2250 1095 2320 1150 55
2356 1096 2451 1152 Est
2476 1114 2624 1163 caro,
2656 1101 2895 1169 peccatis
2919 1110 3092 1157 mater
3119 1120 3133 1155 :
3164 1117 3284 1171 qua:
3315 1103 3471 1156 turba
3493 1103 3653 1157 saluti

2357 1185 2548 1248 Noxia,
2581 1190 2860 1258 corporeis
2881 1190 3030 1245 ducit
3053 1192 3192 1246 mala
3217 1192 3425 1246 semina
3454 1191 3615 1247 libris.

2356 1278 2516 1350 35],
2536 1280 2739 1351 -352
2779 1279 2906 1337 Haec
2931 1283 3191 1338 vincenda
3221 1283 3336 1348 tibi,
3367 1284 3415 1338 si
3440 1284 3520 1338 vis
3545 1284 3788 1340 evincere

3434 1377 3687 1449 [mortem
3711 1397 3722 1432 :

2355 1461 2597 1533 Namque
2624 1465 2731 1519 tuis
2759 1464 2895 1521 tales
2922 1466 3156 1522 inclusos
3183 1468 3393 1524 ossibus
3413 1469 3617 1540 hostes,

2357 1553 2415 1608 Si
2444 1548 2820 1630 permittantur
2849 1559 3142 1614 crescendo
3171 1573 3445 1615 assumere
3473 1562 3634 1626 vires,

2355 1645 2567 1701 Difﬁcili
2595 1647 2776 1702 vinces
2803 1647 3091 1704 luctamine
3120 1667 3133 1703 :
3171 1651 3399 1721 prmripe
3426 1651 3446 1682 ³
3475 1668 3694 1722 parvos,

2359 1738 2492 1792 Dum
2519 1738 2668 1793 rudis
2696 1754 2762 1793 ex
2793 1747 2947 1794 utero
2976 1740 3152 1795 cordis
3174 1757 3271 1810 per
3297 1749 3516 1812 pectora
3543 1753 3705 1813 capta

2355 1829 2550 1900 Reptat
2578 1830 2751 1885 adhuc
2777 1831 2976 1885 teneris
2997 1832 3247 1886 vitiorum
3274 1832 3495 1888 infantia
3518 1836 3785 1891 membris:

2353 1920 2483 1988 Quae
2512 1922 2613 1976 nisi
2641 1937 2963 1992 praecaveas,
2994 1931 3151 1978 aucta
3177 1924 3374 1980 virtute
3403 1927 3618 1980 necabit

571 2011 640 2066 15
675 2013 813 2084 Apta
859 2014 1068 2080 choris,
1103 2013 1244 2088 inter
1311 2027 1467 2068 sacra
1540 2012 1804 2075 barbara,
1865 2011 2112 2080 foedaque
2211 2012 2281 2065 65
2349 2011 2685 2068 Concordem
2716 2013 2854 2068 vitiis
2883 2015 3118 2068 animam
3147 2022 3362 2070 terrena
3389 2030 3650 2087 propago.

1913 2104 2108 2177 [busta.

667 2197 816 2253 Inter
840 2205 894 2253 et
913 2212 1167 2253 accensas
1189 2195 1414 2250 funestis
1443 2195 1654 2264 ignibus
1681 2210 1826 2260 aras,

671 2288 819 2342 Heu!
853 2288 989 2342 male
1009 2287 1077 2342 de
1097 2292 1284 2342 nostro
1305 2285 1442 2341 lanis
1467 2300 1723 2354 maerore,
1752 2285 2040 2342 canemus?

673 2379 854 2448 Deque
881 2379 973 2450 pio
993 2379 1100 2432 ritu
1119 2378 1302 2432 luxum
1323 2377 1581 2433 faciemus
1603 2378 1862 2447 iniquum,

673 2471 896 2543 Mystica
923 2470 992 2525 ad
1016 2471 1265 2525 hostilem
1287 2470 1629 2526 modulantes
1655 2472 1866 2526 cantica
1890 2470 2111 2526 ludum?
2215 2466 2281 2522 70

563 2565 634 2620 20
665 2564 788 2633 Quo
810 2565 989 2619 miseri
1010 2579 1152 2619 nunc
1179 2579 1276 2618 ore
1299 2579 1484 2620 sacros
1503 2563 1839 2620 cantabimus
1858 2566 2112 2635 hymnos?

673 2658 860 2724 Quove
889 2658 1008 2712 loco
1036 2655 1276 2728 Babylon
1302 2655 1476 2726 poscit
1503 2656 1601 2712 sibi
1624 2657 1836 2712 cantica
1864 2655 2030 2711 Sion?

670 2749 778 2804 Sed
805 2748 1018 2803 Domini
1046 2762 1265 2803 carmen
1293 2747 1456 2802 tellus
1484 2747 1661 2802 aliena
1689 2747 1886 2802 mereri

673 2840 792 2896 Non
823 2841 848 2879 δ
875 2841 1041 2912 capit,
1074 2839 1318 2907 indignas
1337 2853 1625 2894 sacra'vox
1650 2839 1912 2893 avertitur
1931 2854 2106 2894 aures.

747 2932 804 2988 Si
833 2939 1010 2988 tamen
1034 2940 1092 2986 ut
1117 2932 1291 3001 captis
1309 2930 1563 2986 dominus
1605 2928 1894 2985 violentior
1921 2931 2109 2998 instas,

569 3023 640 3077 25
675 3023 759 3088 Et,
790 3023 834 3077 si
857 3030 1036 3077 tantus
1055 3036 1227 3085 amor,
1249 3020 1378 3074 Sion
1401 3020 1493 3089 pia
1509 3034 1733 3074 noscere
1748 3020 1899 3074 vobis

673 3113 912 3178 Cantica,
940 3113 985 3168 si
1014 3111 1191 3181 pergis
1218 3124 1305 3164 me
1330 3123 1524 3176 cogere
1554 3125 1660 3164 non
1686 3117 1777 3163 tua
1807 3109 1928 3177 fari,

673 3205 740 3259 Et
768 3204 946 3258 divina
970 3202 1064 3256 tibi
1092 3216 1337 3270 quaenam
1366 3201 1475 3254 sint
1503 3200 1714 3256 cantica
1739 3199 1894 3268 Sion,

675 3296 875 3368 Accipe
901 3294 1028 3364 quid
1053 3301 1223 3362 capta:
1244 3293 1386 3348 Deus
1415 3293 1558 3347 ultor
1576 3293 1842 3362 spondeat
1871 3293 2008 3347 urbi.

742 3389 818 3444 Ne
838 3389 1054 3456 longum
1079 3401 1265 3457 speres
1291 3387 1393 3441 isto
1414 3385 1648 3454 gaudere
1670 3386 1940 3456 triumpho
2040 3419 2046 3425 -

566 3481 635 3535 30
672 3481 870 3552 Impie;
901 3494 1009 3549 quo
1033 3493 1242 3533 sacrum
1262 3477 1418 3548 prodi
1437 3477 1532 3530 tibi
1548 3477 1794 3546 praecipis
1815 3477 2102 3547 hymnum:

669 3572 808 3628 Ecce
849 3573 970 3641 quis
1013 3577 1097 3625 est
1137 3571 1365 3641 hymnus
1423 3568 1663 3633 Domini,
1713 3583 1833 3637 qum
1892 3570 2105 3624 cantica

1911 3659 2061 3732 [Sion
2088 3678 2100 3712 :

737 3752 794 3808 Si
825 3752 976 3807 fuero
1005 3751 1204 3806 oblitus
1225 3765 1347 3806 mea
1366 3741 1587 3816 mmnia,
1615 3759 1669 3806 te
1696 3765 1815 3806 mea
1844 3766 1972 3806 cura
1989 3792 2004 3816 ,

670 3845 809 3901 Urbs
837 3844 1190 3910 Hierusalem,
1223 3843 1314 3897 liat
1342 3858 1460 3898 mea
1492 3859 1597 3898 non
1631 3859 1840 3898 memor
1868 3858 2102 3912 unquam

667 3940 868 3995 Dextra
898 3936 1026 4004 mei,
1047 3950 1168 3998 mea
1197 3935 1379 4002 lingua
1412 3934 1547 3988 meis
1568 3942 1624 3988 et
1649 3933 1919 3990 adhmreat
1945 3949 2105 3989 arens

559 4034 628 4088 ὃς
663 4031 949 4094 Faucibus,
979 4036 1186 4082 artemo
1213 4026 1313 4080 nisi
1341 4035 1397 4081 te
1417 4025 1959 4094 complectaramore
1987 4043 2000 4078 :

665 4123 732 4177 Et
760 4123 858 4177 nisi
881 4119 1147 4191 principio
1176 4117 1424 4189 promissi
1460 4118 1513 4170 in
1541 4117 1718 4172 secula
1746 4119 1920 4188 regni,

664 4211 993 4278 Lmtititeque
1013 4223 1145 4264 meae
1174 4209 1345 4277 primo
1373 4207 1689 4292 reminiscar
1718 4207 1772 4261 in
1794 4222 1958 4270 anno,

665 4303 743 4358 Te
768 4302 974 4358 cunctis
1001 4300 1336 4356 Hierusalem
1363 4314 1678 4369 praeponere
1700 4301 1877 4354 terris.

669 4390 794 4447 Esto
813 4404 1019 4444 memor
1043 4397 1156 4442 tum
1182 4389 1347 4458 prolis
1372 4389 1560 4454 Edom,
1587 4397 1646 4442 ut
1671 4404 1821 4443 versa
1852 4389 1968 4444 vice
1999 4404 2098 4443 no-

1903 4481 2096 4551 [strum
2129 4472 2177 4532 ῐ)

560 4577 628 4631 ιο
665 4575 902 4646 Aspiciat
927 4572 1148 4630 confusa
1176 4572 1340 4639 diem,
1366 4587 1472 4640 quo
1493 4571 1645 4642 plebs
1674 4581 1762 4626 tua
1792 4573 1990 4629 claram

663 4667 926 4722 anibus
951 4663 1168 4719 aeternis
1191 4673 1211 4700 ε
1237 4661 1570 4716 Hierusalem
1601 4663 1884 4727 habitabit,

661 4756 760 4811 Cui
791 4769 934 4809 nunc
953 4766 1084 4820 gens
1113 4751 1280 4806 oblita
1303 4751 1399 4815 tui,
1425 4751 1641 4805 crudele
1661 4753 1898 4806 minatur

663 4845 960 4910 Excidium,
985 4842 1171 4898 dicens
1203 4859 1216 4895 :
1247 4840 1474 4895 Invisam
1503 4841 1740 4896 funditus
1767 4843 1953 4898 urbem

659 4935 865 4990 Diruite
884 4919 939 4988 et
964 4939 1191 4988 vacuate
1219 4947 1400 4996 manu,
1426 4932 1648 5000 vestigia
1679 4932 1852 4989 donec

550 5027 620 5082 l5
656 5027 808 5082 Nulla
837 5025 1229 5092 relinquantur,
1251 5023 1418 5078 muris
1447 5023 1514 5078 ad
1542 5024 1702 5080 inane
1729 5026 1978 5080 redactis.

659 5117 844 5173 Infelix
871 5115 1080 5169 misera:
1105 5113 1393 5185 Babylonis
1414 5114 1521 5169 ﬁlia
1541 5154 1555 5178 ,
1588 5115 1714 5170 felix

654 5204 755 5273 Qui
777 5205 871 5260 tibi
899 5219 999 5275 pro
1018 5203 1175 5258 nobis
1201 5204 1253 5258 in
1277 5219 1376 5259 nos
1407 5213 1495 5258 tua
1518 5215 1669 5274 gesta
1699 5207 1977 5276 rependet.

587 5324 605 5341 ‘
631 5319 842 5388 Alias,8
867 5320 1043 5391 :quod
1059 5327 1238 5374 autem
1266 5317 1300 5372 9
1327 5329 1464 5386 erat,
1484 5336 1623 5376 nunc
1643 5320 1728 5375 10.
1751 5319 1915 5378 Forte
1941 5323 2080 5378 circa

514 5407 604 5446 an.
629 5391 750 5446 590.

589 5465 628 5482 "
658 5460 864 5532 Scripta
894 5462 1272 5532 videturanno
1301 5458 1424 5511 390.

665 5528 884 5603 Scripta
913 5548 1054 5603 anno
1074 5529 1198 5584 591.

591 5602 675 5671 “‘_'
705 5597 910 5671 Scripta
937 5601 1145 5655 videtur
1173 5614 1316 5653 anno
1342 5597 1464 5671 392i.

587 5679 614 5715 tt
637 5666 950 5726 Prudentius
972 5673 1023 5726 in
1053 5671 1300 5740 Diptyco,
1332 5684 1388 5722 n.
1417 5666 1506 5722 25.

2353 2105 2431 2160 Ne
2457 2121 2646 2176 parcas
2674 2105 2836 2173 igitur
2863 2106 3026 2160 talem
3057 2115 3296 2161 mactare
3321 2115 3613 2162 catervam.

2354 2195 2472 2250 Non
2496 2196 2592 2250 tibi
2613 2196 2814 2251 crimen
2838 2197 2962 2264 erit,
2993 2198 3292 2252 nocituram
3311 2197 3538 2268 perdere
3557 2210 3782 2267 gentem,

2359 2271 2720 2356 Ultricemque
2745 2287 2886 2341 malo
2907 2285 3227 2357 perfundere
3250 2289 3509 2359 sanguine
3528 2299 3768 2360 petram:

2353 2376 2562 2432 Gaudet
2590 2377 2733 2431 enim
2756 2377 2936 2447 justus
2959 2419 2973 2442 ,
3004 2379 3048 2433 si
3074 2379 3323 2435 concidat
3348 2381 3512 2452 impia
3538 2383 3754 2452 proles:

2352 2467 2486 2522 Nam
2519 2469 2689 2537 magis
2717 2476 2880 2540 atque
2910 2470 3078 2539 magis
3108 2471 3227 2542 pius
3256 2472 3357 2527 ista
3386 2475 3532 2530 czede
3559 2476 3757 2546 piatur,

2355 2557 2413 2612 Si
2439 2559 2669 2628 perimat
2696 2568 2919 2630 peccata
2948 2562 3057 2618 suis
3083 2561 3415 2618 dominantia
3444 2567 3724 2632 membris,

2353 2650 2420 2705 Et
2448 2651 2615 2707 fracta
2645 2652 2696 2706 in
2719 2651 2935 2706 Christo
2958 2653 3211 2708 vitiorum
3247 2653 3265 2692 τ
3296 2655 3452 2726 plebe
3474 2657 3766 2730 triumphet

2679 2743 3045 2800 EPISTOLA
3076 2744 3287 2802 XXIII
3312 2750 3354 2769 “

2651 2866 2654 2870 ·
2690 2853 2893 2892 AUSONII
2920 2854 2987 2892 AD
3018 2855 3301 2896 PAULINUII.

2200 2905 2438 2975 Paulino
2463 2909 2515 2986 in
2547 2907 2810 2986 Hispania
2834 2909 3242 2986 glegentiscribit
3264 2913 3552 2986 sitisenim,
3582 2915 3782 2986 ejusque

2283 2980 2663 3053 conversionem
2691 2977 2867 3053 tribuit
2896 2980 3058 3053 animi
3086 2981 3301 3035 levitati.
3338 2977 3648 3053 Expostulat
3677 2977 3782 3038 cina

2280 3049 2477 3170 illotde
2521 3049 2900 3102 intermissione
2926 3049 3213 3104 litterarum
3235 3091 3250 3117 ,
3282 3049 3495 3124 eumque
3533 3055 3602 3107 ad
3628 3072 3684 3109 se
3707 3055 3782 3108 in-

2283 3128 2384 3172 tnta
2412 3158 2427 3171 .

2597 3204 2850 3244 AUSONIUS
2879 3205 3103 3245 PAULINO
3131 3205 3397 3247 SALUTEM.

2351 3257 2686 3323 Discutimus,
2714 3259 2964 3323 Pauline,
2976 3261 3159 3332 jugum
3183 3262 3320 3334 quod
3345 3271 3488 3316 certa
3501 3262 3704 3334 fovebat

2353 3349 2640 3419 Temperies
2656 3367 2674 3404 :
2701 3351 2805 3404 lere
2823 3353 2958 3421 quod
2977 3354 3198 3423 positum
3221 3363 3272 3407 et
3295 3354 3561 3409 tolerabile
3569 3354 3778 3425 junctis.

2281 3439 2437 3510 (Vide
2476 3441 2621 3510 hanc,
2661 3441 2941 3510 epistolam
2973 3442 3112 3497 inter
3139 3443 3474 3498 Ausonianas
3512 3446 3611 3500 sub
3639 3460 3779 3500 num.

2211 3507 2300 3575 23,
2333 3518 2481 3564 torno
2509 3509 2626 3563 XIX
2654 3507 2850 3565 nostra:
2879 3511 3219 3581 Patrologize,
3253 3514 3358 3569 col.
3391 3513 3541 3584 952.)

2644 3601 3007 3658 EPISTOLA
3045 3604 3240 3659 XXIV
3287 3608 3352 3627 ‘“

2675 3711 2878 3749 AUSONII
2915 3712 2982 3750 AD
3021 3713 3305 3752 PAULINUI.

2210 3780 2406 3857 Iterum
2449 3783 2512 3836 de
2539 3784 2760 3857 silentio
2792 3783 2998 3857 Paulini
3027 3788 3257 3857 queritur
3284 3789 3572 3856 Ausonius,
3604 3800 3654 3845 et
3676 3793 3776 3846 vio-

2276 3854 2399 3994 laja:
2432 3855 2688 3974 gmicitiw
2733 3855 2929 3909 crimen
2976 3854 3181 3928 in'ejus
3217 3875 3434 3913 uxorem
3484 3854 3775 3916 Therasiam

2276 3941 2333 3976 re
2359 3941 2428 3980 un
2469 3933 2530 3977 tl.

2275 3933 2530 3980 retundit.

2512 4031 2762 4072 AUSONIUS
2801 4033 3026 4073 PAULINO
3063 4035 3161 4075 SUO
3200 4036 3464 4076 SALUTEM.

2345 4104 2598 4159 Proxima
2620 4123 2733 4175 qua:
2757 4117 2950 4162 nostra:
2980 4111 3150 4180 fuerat
3169 4114 3490 4181 querimonia
3519 4114 3712 4168 charta

2342 4193 2675 4250 Credideram
2705 4198 2839 4267 quod
2869 4208 2936 4265 te,
2965 4197 3208 4268 Pauline,
3238 4203 3496 4271 inﬂectere
3521 4214 3706 4274 posset.

2275 4285 2448 4352 (Hanc
2481 4287 2761 4356 epistolam
2791 4288 2969 4355 legere
3007 4299 3090 4344 est
3128 4291 3270 4345 inter
3315 4292 3648 4348 Ausonianas
3681 4295 3770 4349 sub

2204 4366 2427 4412 numero
2456 4356 2545 4422 22,
2577 4365 2725 4411 tomo
2756 4357 2874 4410 XIX
2901 4367 3097 4414 nostra:
3129 4361 3468 4444 Patrologite,
3499 4365 3604 4419 col.
3628 4364 3768 4435 931.)

2637 4448 3001 4506 EPISTOLA
3038 4451 3198 4507 XXV

2612 4564 2619 4572 '
2665 4563 2874 4602 AUSONII
2911 4565 2977 4603 AD
3017 4566 3299 4606 PAULINUN.

2204 4637 2355 4718 Nihil
2379 4639 2715 4718 respondente
2742 4640 3248 4718 Ραιιιὲηο-ᾼμδοηὶηε
3277 4649 3426 4701 tertio
3451 4647 3767 4718 conqueritur

2269 4712 2502 4783 epistola
2537 4711 2731 4779 scripta
2757 4729 2915 4783 anno
2956 4712 3085 4778 592;
3130 4730 3246 4782 qua:
3281 4718 3492 4772 excidit.
3527 4711 3762 4783 Quartam

2271 4780 2406 4832 hanc
2433 4779 2502 4832 ad
2527 4795 2642 4832 eum
2661 4781 2837 4834 scribit
2857 4783 3035 4836 eodem
3061 4779 3380 4853 argumento.

2522 4885 2778 4925 AUSONIUS
2815 4886 3040 4927 PAULINO
3077 4890 3175 4930 SUO
3212 4892 3475 4934 SALUTEI.

2341 4961 2539 5025 Quarta
2565 4962 2655 5015 tibi
2683 4963 2792 5016 hare
2820 4971 2968 5018 notos
2997 4965 3190 5020 detexit
3221 4970 3440 5039 epistola
3478 4978 3691 5040 questus,

2339 5052 2580 5116 Pauline,
2602 5063 2651 5106 et
2673 5052 2861 5106 blando
2887 5055 3101 5110 resident
3131 5073 3364 5113 sermone
3390 5061 3609 5114 lacessit.

2269 5141 2503 5213 (Videsis
2539 5143 2677 5197 banc
2706 5145 2986 5212 epistolam
3017 5147 3156 5200 inter
3189 5148 3524 5204 Ausonianas
3550 5151 3644 5204 sub
3668 5163 3734 5200 nu

2196 5211 2349 5266 mero
2375 5211 2465 5278 24,
2493 5222 2640 5268 tomo
2670 5211 2790 5267 XIX
2821 5225 3018 5270 nostra:
3048 5214 3382 5286 Patrologim,
3412 5221 3520 5275 col.
3550 5218 3691 5286 934.)

2193 5323 2286 5447 “lt
2313 5325 2370 5380 Id
2400 5336 2495 5447 ἕξι
2544 5345 2648 5383 non
2696 5345 2866 5400 capax.
2912 5339 3024 5393 est,
3074 5345 3177 5383 non
3226 5320 3560 5401 petest.Vid.
3601 5346 3737 5388 carm

2229 5420 2232 5422 ⁷
2273 5437 2288 5447 .
2321 5413 2373 5447 ν.
2473 5437 2484 5447 .
2610 5431 2614 5435 >

2229 5396 2251 5447 Ἰ
2273 5437 2288 5458 ,
2321 5413 2373 5449 ν.
2400 5396 2484 5450 67.
2610 5431 2614 5435 ›

2265 5478 2287 5505 ο
2320 5466 2451 5522 Vide
2474 5475 2585 5522 not.
2616 5467 2740 5522 225.

2262 5534 2285 5572 τ’
2312 5535 2367 5605 ld
2388 5547 2469 5590 est
2497 5537 2701 5592 liberos.
2733 5537 2862 5593 Vide
2882 5553 3049 5593 carm.
3083 5537 3169 5605 18,
3195 5555 3248 5595 ν.
3279 5538 3404 5597 227.

2267 5615 2290 5679 ξ
2403 5615 2486 5660 est
2515 5625 2696 5679 prope.

2270 5675 2288 5710 τ
2319 5673 2374 5727 ιιι
2395 5684 2476 5730 est
2505 5673 2828 5734 multitudine
2853 5695 2947 5734 seu
2979 5695 3208 5734 numero.
3308 5749 3315 5758 _
