4008 6346
211 314 305 367 453
1707 315 1942 370 ΡΟΕΜΑ

1879 315 1942 370 lA
1971 315 2035 371 Χ.
3361 316 3468 373 ΑΜ

801 425 1028 481 rosus
1075 427 1120 481 x
1161 430 1178 447 ·
1803 435 1855 493 Α
1880 428 1948 480 45

1880 428 1948 480 45
2024 419 2148 482 Veri
2186 425 2419 495 bonique
2448 424 2692 482 fomitem
2721 433 2776 479 et
2807 425 3010 481 fontem
3042 417 3254 481 Deum?

212 522 432 582 Quatuor
466 533 626 584 supra
670 527 978 588 memoratas
1016 520 1261 588 epistolas
1295 525 1530 582 quartum
1546 534 1662 588 jam
1685 534 1778 571 an-
2159 516 2335 582 ‘Quem
2365 531 2522 569 nemo
2548 514 2651 570 nisi
2680 515 2732 569 in
2755 514 2972 570 Christo
2999 515 3164 570 videt.

269 603 387 668 ’⁸³⁸3⁸⁸
428 604 586 656 αςεηε
714 586 972 669 Πίερίξηία
1002 587 1254 670 ᾳξιιίηιιξ
1289 589 1474 670 νεεερίι
1497 626 1511 650 ν
1549 586 1782 670 ηυανιεηξ
2029 605 2126 661 Hic
2157 607 2400 661 veritatis
2429 606 2608 660 lumen
2638 615 2754 670 est,
2786 607 2908 660 vitae
2937 606 3042 670 via,

269 658 692 764 ζῃξξζίὶαξ
715 673 830 726 qua:
858 657 1114 710 intercidit
1141 699 1156 724 ,
1203 665 1250 710 et
1280 668 1476 727 quarta:
1505 657 1782 726 respondet
2030 657 2122 661 ’Ἦ
2151 657 2282 761 «,i's’,
2950 657 3148 764 ﬁalris’

2153 727 2282 761 'VIB,
2317 727 2486 762 ιιιειιδ,
2518 727 2727 761 ιιιαιιιιι),
2762 727 2827 752 ‘Il
2843 727 2926 753 ιυθ
2953 727 3024 751 Id

2027 786 2120 842 Sol
2147 788 2433 856 mquitatis,
2465 787 2584 843 fons
2612 789 2905 854 honorum,
2938 786 3036 844 ﬂos
3064 789 3180 844 Dei.

2171 876 2342 930 Natus
2370 877 2501 940 Deo,
2532 877 2714 931 mundi
2745 885 2912 942 sator,
3045 877 3051 882 ’

2025 965 2365 1022 Mortalitatis
2393 967 2500 1020 vita
2527 975 2742 1031 nostrae,
2769 976 2823 1021 et
2851 982 2997 1022 mors
3024 967 3191 1024 necis.

2169 1056 2422 1126 Magister
2451 1058 2538 1113 hic
2566 1059 2826 1114 virtutum
2858 1061 2926 1126 ",

2036 1148 2284 1218 Deusque
2313 1151 2488 1214 nobis,
2520 1159 2680 1220 atque
2709 1166 2806 1220 pro
2836 1151 2991 1206 nobis
3018 1151 3181 1206 homo

2162 1243 2272 1300 Nos
2296 1245 2374 1314 (ά)
2401 1245 2668 1300 induendo
2697 1261 2756 1299 se
2783 1247 2954 1314 exuit,

1884 1331 1954 1386 55
2099 1332 2320 1388 Eterna
2347 1336 2577 1404 jungens
2605 1337 2850 1391 homines
2879 1338 3019 1393 inter
3045 1345 3101 1393 et
3127 1337 3318 1408 Deum,

2170 1424 2228 1478 ln
2259 1432 2543 1495 utrumque
2571 1441 2629 1482 se
2658 1429 2999 1483 commercia.

2026 1513 2124 1569 Hic
2151 1528 2282 1582 ergo
2311 1519 2510 1572 nostris
2533 1526 2590 1574 ut
2617 1535 2771 1574 suum
2800 1521 3108 1590 pmordiis

2166 1605 2467 1661 Vibraverit
2494 1609 2630 1663 caelo
2654 1608 2833 1677 jubar,

2027 1694 2314 1764 Absterget
2338 1695 2364 1732 ἀ
2395 1712 2594 1766 aegrum
2623 1703 2865 1770 corporis
2887 1701 3023 1772 pigri
3051 1701 3208 1758 situm
3226 1744 3242 1771 ,

2169 1785 2530 1857 Habitumque
2559 1792 2752 1844 mentis
2781 1792 3037 1858 innovat;

2023 1873 2286 1932 Exhaurit
2312 1893 2475 1932 omne
2501 1880 2645 1948 quod
2668 1879 2890 1948 juvabat
2913 1892 3072 1938 antea

2179 1967 2353 2024 Casta:
2383 1971 2674 2040 voluptatis
2701 1974 2857 2038 vice;

2023 2060 2293 2132 Totusque
2325 2064 2394 2135 (ε)
2425 2075 2607 2120 nostra
2629 2066 2750 2134 jure
2777 2066 2988 2123 Domini
3016 2069 3248 2126 vindicat

690 815 704 846 ¹
747 829 971 869 wsomo
1011 829 1286 869 muuuus.
1772 874 1774 876 τ

338 905 494 977 381
517 934 546 946 ·
564 905 725 976 362
747 903 948 970 Quarta
974 904 1113 958 redit
1138 904 1283 957 duris
1309 903 1422 959 haec
1438 903 1547 972 jam
1572 874 1779 959 mes”.
1887 874 1954 928 50

726 986 728 989 ’
1249 997 1253 999 “
1332 996 1501 1066 [ribus
1527 1005 1707 1059 testas,

484 1085 552 1140 Et
582 1087 741 1141 toties
768 1101 904 1142 cano
934 1087 1118 1140 bruma
1149 1087 1273 1153 gelu
1297 1087 1478 1154 riguit,

339 1176 416 1231 Ex
443 1192 552 1246 quo
579 1178 725 1232 nulla
755 1185 847 1230 tuo
877 1178 1005 1230 mihi
1027 1178 1203 1231 littera
1233 1178 1378 1231 venit
1398 1179 1465 1231 ab
1493 1184 1608 1242 ore,

481 1268 636 1322 Nulla
666 1277 754 1322 tua
787 1269 890 1322 vidi
917 1269 1116 1338 scripta
1140 1276 1321 1323 notata
1351 1283 1535 1335 manu,

243 1357 272 1407 5
339 1357 472 1412 Ante
495 1358 770 1412 salutifero
800 1358 926 1412 felix
952 1361 972 1390 ³
1003 1373 1123 1412 cum
1152 1358 1338 1413 charta
1368 1359 1551 1413 libello

476 1447 625 1502 Dona
655 1455 846 1515 negata
875 1448 986 1512 diu,
1019 1448 1366 1518 multiplicata
1391 1448 1562 1503 daret.

347 1535 505 1590 Trina
536 1537 735 1591 etenim
762 1538 912 1592 vario
935 1537 1161 1592 florebat
1188 1537 1412 1607 epistola
1443 1547 1610 1601 textu,

478 1626 584 1681 Sed
608 1643 898 1682 numerosa
928 1629 1120 1697 triplex
1150 1629 1344 1697 pagina
1371 1644 1589 1684 carmen
1616 1638 1752 1684 erat.

345 1715 535 1772 Dulcia
560 1717 885 1772 multimodis
915 1718 936 1748 ³
965 1718 1210 1787 quaedam
1245 1719 1527 1774 subamara
1547 1720 1782 1788 querelis

222 1805 280 1859 l0
479 1805 651 1860 Anxia
677 1821 920 1860 censura:
949 1783 1239 1861 miscuerat
1267 1808 1460 1877 pietas.
1566 1783 1581 1788 -
1809 1799 1856 1860 Β
1883 1783 1953 1838 δθ

357 1895 730 1969 δδδ-εθῆ,
766 1895 872 1952 Sed
919 1898 1050 1951 mihi
1087 1898 1218 1951 mite
1255 1899 1424 1967 patris
1465 1897 1583 1968 plus
1617 1914 1778 1970 quam

1160 1985 1422 2059 [censoris
1449 1988 1704 2043 acerbum

472 2078 651 2144 Sedit,
677 2080 756 2150 (a)
789 2087 844 2134 et
871 2095 902 2134 e
924 2079 1134 2134 blandis
1161 2095 1353 2150 aspera
1379 2095 1546 2150 penso
1573 2082 1776 2139 animo.

339 2170 439 2224 Ista
465 2185 564 2225 suo
589 2170 868 2225 referenda
893 2170 915 2201 ⁵
941 2171 1061 2225 loco
1090 2179 1267 2226 tamen
1283 2211 1298 2236 ,
1332 2179 1388 2225 et
1414 2171 1662 2238 graviore

471 2262 712 2318 Vindicis
740 2262 892 2317 heroi
919 2270 1045 2317 sunt
1064 2263 1314 2332 agitanda
1343 2278 1498 2318 sono.

219 2353 280 2404 {5
342 2353 548 2409 Interea
577 2354 746 2409 levior
771 2355 956 2426 paucis
992 2355 1273 2424 praecurrit
1302 2355 1528 2418 iambus,

476 2443 716 2498 Discreto
741 2442 980 2498 referens
1005 2452 1189 2498 mutua
1218 2443 1383 2499 verba
1409 2444 1570 2514 pede.

342 2533 488 2588 Nunc
515 2535 651 2602 elegi
681 2535 886 2590 salvere
905 2535 1130 2604 jubent,
1161 2535 1410 2604 dictaque
1438 2535 1630 2598 salute,

478 2623 548 2680 Ut
574 2625 749 2681 fecere
773 2627 892 2682 aliis
913 2629 934 2658 ⁸
957 2637 981 2664 ι
1006 2642 1129 2682 orsa
1151 2628 1502 2699 gradumque,
1530 2629 1691 2685 silent
1706 2630 1772 2684 ’.ν
1875 2701 1945 2755 70

207 2803 272 2858 Ἀ)
337 2809 361 2844 δ
393 2803 526 2872 Quid
553 2805 827 2862 abdicatas
852 2806 906 2861 in
936 2821 1111 2861 meam
1140 2822 1354 2874 curam,
1385 2816 1561 2879 pater,

475 2895 669 2951 Redire
696 2895 877 2951 Musas
904 2897 1193 2967 praecipis?

2170 2152 2238 2208 Et
2263 2154 2450 2219 corda,
2479 2163 2532 2209 et
2561 2171 2677 2222 ora,
2710 2165 2766 2212 et
2790 2167 3070 2230 tempora;

1879 2241 1948 2297 65
2017 2243 2180 2317 385
2199 2274 2225 2285 -
2244 2245 2408 2317 366
2446 2245 2517 2302 Se
2545 2247 2787 2315 cogitari,
2818 2251 3058 2320 intelligi,
3090 2252 3256 2320 credi,
3281 2253 3407 2324 legi,

2161 2337 2233 2391 Se
2255 2338 2369 2392 vult
2397 2339 2572 2394 timeri
2601 2348 2656 2396 et
2681 2341 2848 2410 diligi.

2019 2427 2203 2484 Estus
2233 2431 2436 2496 inanes,
2468 2448 2602 2502 quos
2629 2443 2812 2506 movet
2833 2436 2954 2490 vita:
2980 2437 3132 2493 labor

2159 2519 2444 2594 Prmsentis
2467 2523 2567 2576 aevi
2597 2525 2830 2592 tramite,

2021 2611 2213 2666 Abolet
2239 2612 2283 2644 ⁸³
2305 2612 2496 2667 futurae
2523 2628 2643 2668 cum
2673 2615 2784 2680 Deo
2811 2616 2930 2670 vita:
2958 2615 3108 2672 fides.

2155 2701 2307 2771 Qum,
2338 2717 2474 2772 quas
2492 2702 2735 2760 videmur
2763 2707 2806 2738 ¹⁶
2835 2721 3110 2776 spernere,

2017 2791 2134 2847 Non
2164 2804 2224 2847 ut
2250 2793 2502 2864 profanas
2530 2794 2715 2864 abjicit
2742 2808 2835 2852 aut
2869 2798 3002 2853 viles
3028 2812 3195 2870 opes;

2156 2883 2262 2939 Sed
2283 2892 2341 2938 ut
2368 2885 2536 2952 magis
2563 2901 2737 2950 caras,
2770 2897 2955 2942 monet

343 2983 542 3054 Negant
566 2984 862 3051 Cammnis,
894 3002 993 3043 nec
1022 2996 1208 3058 patent
1235 2989 1468 3059 Apollini

2014 2973 2177 3032 leis
2209 2976 2252 3008 "
2280 2977 2467 3044 reponi
2495 2976 2728 3032 creditas
2753 2977 2968 3034 Christo
2994 2979 3129 3048 Deo,

479 3076 652 3131 Dicata
673 3076 887 3132 Christo
917 3087 1162 3148 pectora.
2161 3067 2262 3136 Qui
2288 3068 2440 3139 Plura
2468 3070 2712 3139 Promis“
2751 3070 2930 3137 άαιίδς

336 3164 454 3220 Fuit
477 3167 574 3220 ista
602 3166 873 3236 quondam
898 3184 1004 3222 non
1033 3184 1158 3238 ope,
1188 3168 1283 3224 sed
1305 3169 1484 3224 studio
1513 3172 1625 3241 pari
1794 3161 1839 3224 C
1874 3163 1940 3217 75
2009 3161 2293 3218 Contemta
2322 3176 2555 3231 praesens
2587 3162 2630 3192 "
2657 3163 2741 3216 vel
2771 3176 2924 3231 mage
2948 3164 3189 3235 deposita
3216 3165 3317 3220 sibi

206 3253 269 3308 35
473 3255 670 3312 Tecum
697 3259 830 3313 mihi
859 3259 1165 3325 concordia,
2155 3253 2322 3308 Multo
2350 3261 2409 3307 ut
2435 3253 2694 3323 rependat
2721 3253 2924 3309 fenore.

331 3345 480 3403 Ciere
509 3348 726 3403 surdum
753 3348 1008 3420 Delphica
1038 3349 1298 3406 thbum
1327 3366 1512 3422 specu,
1577 3353 1580 3355 λ
2010 3345 2138 3402 Sine
2169 3346 2354 3402 fraude
2381 3356 2561 3402 custos
2588 3356 2744 3402 aucta
2772 3349 3144 3416 creditoribus.

464 3437 671 3494 Vocare
700 3438 878 3495 Musas
906 3439 1132 3495 Numina
1156 3458 1170 3506 ;
2152 3437 2332 3492 Bonus
2359 3453 2464 3492 tera
2491 3437 2678 3492 reddet
2705 3437 2952 3504 debitor;

329 3528 601 3598 Fandique
631 3546 823 3586 munus
851 3547 1074 3586 munere
1104 3531 1364 3587 indultum
1396 3532 1511 3598 Dei,
2011 3527 2282 3597 Multaque
2306 3537 2540 3598 spretam
2569 3529 2769 3595 largior
2795 3531 3074 3599 pecuniam

468 3620 543 3693 (b)
575 3620 765 3677 Petere
789 3638 819 3678 e
848 3624 1156 3679 nemoribus
1184 3633 1278 3679 aut
1299 3624 1460 3694 jugis.
1867 3618 1936 3672 80

1879 3618 1936 3672 30
2150 3619 2419 3675 Restituet
2448 3636 2608 3675 usura
2641 3620 2801 3675 Deus.
3255 3684 3268 3696 ι

206 3704 264 3758 30
335 3705 483 3765 Nunc
505 3702 609 3765 alia
641 3721 876 3767 mentem
899 3714 979 3768 vis
999 3715 1136 3782 agit,
1167 3714 1341 3784 major
1369 3713 1510 3770 Deus
1534 3735 1546 3782 ;
2006 3709 2141 3766 Huic
2167 3720 2470 3778 vacantem,
2497 3712 2583 3766 vel
2612 3712 2934 3778 studentem,
2960 3720 3014 3769 et
3041 3713 3302 3784 deditum,

466 3803 722 3872 Aliosque
747 3819 926 3859 mores
951 3805 1209 3875 postulat,
2144 3801 2201 3855 In
2231 3802 2334 3857 hoc
2363 3811 2712 3872 reponentem
2740 3805 2943 3871 omnia,

325 3891 436 3947 Sibi
463 3909 755 3962 reposcens
789 3905 810 3934 ε
846 3896 914 3950 ab
939 3895 1158 3951 homine
1188 3912 1382 3952 munus
1409 3913 1583 3959 suum.
2007 3893 2104 3957 N0.
2133 3907 2335 3961 (103350.
2365 3908 2604 3962 segnem.
2638 3910 2772 3950 neve
2798 3911 3105 3966 perversum
3132 3906 3314 3967 limes.

463 3983 715 4038 Vivamus
743 3992 802 4038 ut
822 3985 942 4039 vita:
967 3982 1130 4040 Patri.
2148 3983 2257 4038 Nec
2285 3985 2584 4040 crimineris
2614 3987 2856 4054 impium.

322 4074 526 4130 Vacare
550 4076 703 4130 vanis
728 4077 841 4130 otio
871 4085 964 4131 aut
992 4078 1229 4145 negotio,
1863 4073 1933 4126 85
2005 4072 2183 4126 Pietas
2210 4073 2396 4126 abesse
2424 4073 2727 4127 Christiano
2755 4075 2846 4142 qui
2876 4078 3101 4144 potest?

462 4163 531 4220 Et
558 4165 815 4222 fabulosis
837 4168 1030 4223 litteris
2147 4161 2385 4230 Namque
2413 4171 2787 4229 argumentum
2813 4173 3054 4218 mutuum
3083 4173 3167 4218 est

199 4253 257 4307 35
320 4255 506 4319 Vetat,
535 4258 645 4311 suis
674 4265 733 4311 ut
758 4272 1044 4327 pareamus
1070 4257 1294 4327 legibus,
1817 4294 1825 4306 .
2007 4253 2254 4318 Pietatis,
2287 4269 2408 4308 esse
2435 4251 2795 4308 Christianum
2823 4272 2837 4310 :
2868 4265 2924 4311 et
2951 4257 3120 4326 impii,

469 4346 777 4416 Lucemque
807 4363 1090 4419 cernamus
1117 4365 1268 4404 suam
1295 4367 1307 4402 :
2145 4347 2260 4402 Non
2297 4361 2417 4401 esse
2443 4347 2656 4402 Christo
2684 4348 2976 4402 subditum.

318 4439 488 4506 Quam
507 4441 587 4496 vis
608 4443 901 4511 sophorum
921 4443 1131 4508 callida,
1164 4459 1358 4516 arsque
1382 4445 1679 4511 rhetorum,
1705 4457 1759 4502 et
2006 4436 2152 4490 Hanc
2180 4452 2300 4492 cum
2331 4445 2517 4491 ῑθηθτθ
2542 4436 2815 4504 diximus.
2847 4453 3064 4507 Possum
3098 4440 3191 4494 libi

459 4530 738 4600 Figmenta
769 4541 953 4587 vatum
982 4534 1224 4588 nubilant
1248 4539 1290 4602 ⁸,
1784 4531 1836 4592 Ι)
1860 4524 1928 4579 90

1879 4525 1928 4579 l0
2146 4526 2259 4580 Non
2288 4527 2545 4581 exhibere
2563 4567 2578 4592 ,
2610 4527 2658 4580 id
2689 4535 2774 4582 est
2801 4529 2964 4596 patri,
3262 4521 3269 4528 ’

314 4621 414 4688 Qui
443 4623 606 4677 corda
635 4623 780 4678 falsis
808 4634 967 4694 atque
996 4626 1147 4680 vanis
1177 4625 1423 4680 imbuunt
1448 4644 1462 4690 ;
2005 4615 2104 4671 Cui
2132 4625 2323 4672 cuneta
2355 4619 2424 4689 (Ῑ)
2456 4627 2637 4671 sancta
2663 4617 2806 4686 jura,
2837 4633 2961 4672 cara
2989 4620 3205 4676 nomina

197 4708 254 4762 ιο
462 4711 800 4782 Tantumque
824 4714 1027 4783 linguas
1051 4715 1337 4780 instruunt,
2145 4710 2348 4764 Debere
2378 4726 2462 4764 me
2491 4710 2661 4763 voluit
2693 4710 2877 4767 Deus?

313 4802 453 4856 Nihil
482 4800 786 4856 adferentes
813 4805 832 4838 ⁸
864 4811 924 4856 ut
951 4803 1179 4857 salutem
1209 4803 1504 4867 conferant,
1999 4807 2117 4861 Tibi
2143 4807 2468 4877 disciplinas,
2497 4800 2827 4875 dignitatem,
2863 4807 3089 4869 litteras.

457 4892 613 4959 Quod
638 4895 916 4948 veritatem
943 4894 1158 4962 detegat
1183 4895 1248 4948 ‘°.
2145 4896 2379 4964 Lingum,
2405 4906 2560 4966 tegat,
2584 4897 2737 4950 fama:
2766 4899 2950 4961 decus,

311 4983 450 5050 Quid
472 4985 613 5038 enim
636 4991 819 5038 tenere
840 4984 925 5039 vel
946 4984 1144 5039 bonum
1167 4994 1258 5038 aut
1278 5001 1461 5039 verum
1483 4988 1750 5054 queant",
1864 4983 1934 5039 95
2010 4995 2032 5023 ο
2062 4984 2375 5052 Provectus,
2406 4988 2562 5052 altus,
2591 4988 2865 5042 institutus
2893 4989 3087 5052 debeo,

375 5135 378 5137 Α
455 5075 558 5140 Qui
585 5091 694 5129 non
726 5082 910 5129 tenent
940 5076 1010 5146 (ε)
1037 5091 1256 5130 summa:
1284 5084 1475 5144 caput,
2146 5075 2400 5144 Patrone,
2433 5088 2747 5148 prmceptor,
2782 5089 2958 5149 pater.

248 5185 263 5204 '
293 5185 434 5258 _Alias
460 5186 514 5253 9,
548 5185 632 5249 10,
666 5185 735 5238 12
759 5204 770 5239 :
804 5186 1072 5258 Scriptum
1100 5203 1241 5242 anno
1269 5186 1374 5241 395
1403 5187 1455 5240 in
1481 5195 1683 5242 testate.

245 5263 268 5326 ξ·
297 5255 347 5326 ω
377 5265 460 5309 est
495 5258 814 5326 proemium.

246 5323 270 5361 δ
298 5325 394 5380 Hic
421 5323 550 5380 oliin
578 5327 866 5382 incipiebat
892 5343 1059 5382 carm.
1093 5327 1180 5382 10.

246 5405 267 5463 ἐ
298 5395 431 5449 Vide
460 5404 571 5449 not.
603 5395 728 5450 224.
1931 5400 2000 5463 (ι’)
2031 5397 2164 5450 Edd.
2197 5395 2326 5450 Ball.
2360 5407 2414 5451 et
2442 5397 2641 5463 Vinet.,
2675 5416 2945 5452 sumntum.

241 5462 266 5500 ά
295 5463 761 5536 forte'legendum
791 5465 1072 5536 Abstergit,
1114 5468 1182 5521 ob
1211 5483 1362 5536 seqq.
1930 5462 1954 5535 (ι

1930 5462 2006 5535 (ά)
2039 5467 2430 5536 illanliscriptus
2468 5462 2636 5522 codex
2683 5469 2873 5535 Regius
2913 5477 2967 5521 et
3017 5466 3102 5521 ed.
3154 5468 3341 5523 Schot.
3377 5473 3430 5526 in

244 5543 266 5613 τ
295 5533 431 5613 Vide
470 5533 676 5613 ᾼαεορ.
710 5535 887 5613 θρηῖι
914 5576 928 5598 ,
962 5533 1028 5613 :et
1054 5538 1142 5591 Ξῖ».
1426 5606 1453 5613 Α·
1535 5607 1563 5613 ἢ
1622 5608 1630 5613 _
1694 5608 1704 5613 _
1857 5533 2049 5613 marg”
2097 5535 2211 5589 Nos
2237 5533 2530 5613 indicendus
2555 5540 2741 5592 induit.
2766 5533 2922 5592 'Editi
2968 5546 3076 5590 tres
3107 5539 3158 5591 in
3189 5554 3420 5613 ntargg.,

242 5604 316 5679 (ᾳ)
351 5603 447 5679 ills.
483 5603 854 5679 Lugdunensis
867 5607 1054 5679 codex
1079 5624 1204 5679 cum
1237 5606 1392 5679 editis
1423 5606 1482 5669 5,
1527 5607 1748 5679 sederit,
1861 5605 2073 5679 Nosque
2098 5607 2362 5679 eruendus
2388 5609 2573 5661 induit.

181 5674 462 5746 eluendis.
496 5675 565 5728 At
593 5691 780 5746 omnes
806 5676 917 5746 alii,
951 5677 1126 5746 Sedit,
1159 5677 1208 5731 id
1240 5686 1322 5730 est
1354 5677 1577 5735 Placuit,
1612 5687 1667 5730 ut
1699 5679 1750 5730 in
1933 5674 2004 5746 (ρ)
2037 5675 2075 5728 Ε
2099 5677 2172 5729 liti
2203 5685 2453 5746 quatuor,
2491 5679 2730 5746 Totoque.

183 5743 452 5868 ﬁmi-(:78
477 5753 532 5799 et
553 5760 721 5801 carm.
754 5745 840 5809 ﬁt,
875 5762 924 5799 v.
951 5744 1072 5801 545.
1105 5749 1193 5803 Sic
1219 5749 1270 5801 in
1293 5746 1554 5823 principio
1577 5748 1754 5816 quarti
1933 5743 2000 5818 (f)
2035 5747 2170 5800 liditi
2209 5743 2466 5814 quatuor,
2501 5743 2677 5806 saucio
2701 5748 2836 5817 jure.

247 5828 327 5867 uel
367 5829 450 5868 os.

247 5828 450 5869 ιιειαος.

1937 5188 2010 5256 (b)
2044 5187 2117 5241 Ita
2149 5204 2248 5242 ms.
2281 5189 2449 5243 codex
2488 5188 2684 5257 Regius
2706 5206 2826 5245 cum
2856 5190 3012 5245 editis
3033 5188 3216 5252 Grav.,
3249 5192 3433 5248 Schot.

1742 5263 1754 5273 '
1861 5269 1917 5312 et
1950 5257 2149 5333 Poelm.
2191 5273 2312 5333 cum
2346 5258 2471 5312 Bad.
2503 5260 2695 5314 Caneri
2731 5261 2984 5314 mendose
3008 5303 3022 5327 ,
3055 5260 3237 5314 Petere
3270 5267 3430 5333 fonte.

1860 5327 2169 5399 nemoribus,
2195 5330 2356 5399 jugis.
