4008 6346
578 257 683 313 455

716 366 844 433 Sed,
874 382 968 422 cur
994 347 1231 420 remotus
1249 361 1456 417 tamdiu
1485 359 1694 429 degam,
1726 361 1925 429 arguis,

860 458 1060 526 Pioque
1090 464 1239 509 motu
1268 454 1550 508 irasceris?

715 551 974 607 Condncit
1001 549 1162 615 istud,
1194 556 1286 602 aut
1313 562 1532 602 necesse
1561 557 1661 610 est,
1694 554 1787 600 aut
1815 546 1992 616 placet
2019 563 2030 595 :

850 639 1089 704 Veniale,
1111 637 1186 708 (α)
1216 637 1473 706 quidquid
1501 638 1694 692 horum
1724 637 1850 690 erit.

712 731 930 799 Ignosce
957 729 1178 794 amanti,
1203 724 1256 782 si
1275 742 1456 796 geram
1481 726 1625 795 quod
1650 727 1869 796 expedit
1894 743 1906 778 :

851 818 1096 885 Gratare,
1127 819 1171 874 si
1202 819 1372 872 vivam
1402 825 1461 871 ut
1485 817 1630 871 libet.

575 642 676 695 100

714 1010 739 1038 ι
770 999 963 1055 Defore
991 1015 1077 1054 me
1100 999 1290 1069 patriis
1319 1006 1431 1052 tota
1458 997 1731 1052 trieteride
1761 997 1939 1059 terris,

711 1094 885 1160 Atque
913 1091 1075 1146 alium
1104 1091 1294 1159 legisse
1321 1091 1467 1158 vagis
1495 1091 1766 1144 erroribus
1795 1090 2000 1153 orbem,

573 1181 677 1236 105
710 1181 864 1236 Culta
894 1183 1040 1250 prius
1066 1189 1256 1235 vestrae
1283 1181 1506 1234 oblitum
1536 1181 1806 1235 consortia
1837 1182 1959 1235 vita:

709 1273 1002 1342 lncrepitas
1031 1271 1232 1324 sanctis
1260 1279 1407 1324 mota
1438 1271 1637 1340 pietate
1667 1272 1708 1301 ”
1736 1271 1987 1338 querelis.

708 1362 1020 1431 Amplector
1041 1362 1213 1429 patrio
1241 1361 1573 1415 venerandos
1601 1369 1821 1424 pectore
1844 1371 2039 1426 motus,

663 1500 665 1503 .
706 1450 774 1506 Et
800 1451 1035 1523 (b).mihi
1058 1451 1344 1519 gratandas
1371 1451 1533 1506 salvis
1559 1449 1837 1506 allectibus
1864 1451 1992 1505 iras.

1523 248 1578 303 S.
1613 247 1884 302 PAULINI
1912 245 2164 302 NOLANI
2202 244 2501 299 EPISCOPI
2542 243 2863 304 ΡΟΕΜΑΤΑ

2165 365 2218 421 Λ

3717 252 3821 306 456

2389 358 2454 411 Et
2485 373 2764 427 perversus
2788 374 2966 421 eram,
3000 359 3118 415 falsi
3145 361 3372 431 caligine
3400 378 3644 429 cernens,

2256 450 2353 504 155
2389 450 2563 504 Stulta
2589 451 2684 506 Dei
2709 452 2924 521 sapiens
2951 452 3014 517 '°,
3048 461 3102 507 et
3129 455 3318 510 mortis
3343 454 3370 493 δ
3401 457 3820 526 ρεδυιδινίνθηε.

2389 541 2507 607 Quo
2523 542 2905 610 magisignosci
2921 543 3048 597 mihi
3065 543 3163 608 fas,
3187 545 3311 613 quia
3324 548 3587 614 promtius
3607 563 3672 602 ex
3693 549 3820 611 hoc,

2387 631 2616 698 Agnosci
2647 632 2822 696 datur,
2854 647 2884 686 a
2914 649 3125 689 summo
3155 633 3410 691 Genitore
3436 639 3644 702 novari,

2387 721 2540 788 Quod
2586 738 2696 777 non
2739 738 2890 777 more
2936 740 3058 779 meo
3105 726 3346 794 geritur;
3414 743 3521 782 non
3569 731 3820 793 arbitror,

3549 818 3684 890 [istis
3703 821 3753 851 ’ί

2386 899 2674 957 Confessus
2699 903 2846 958 dicar
2866 913 3082 959 mutatae
3111 906 3163 960 in
3193 923 3359 976 prava
3384 911 3674 964 notandum

2247 991 2349 1044 140
2389 992 2635 1048 Errorem
2659 996 2872 1058 mentis,
2904 998 3158 1064 quoniam
3183 999 3284 1052 sim
3311 1008 3505 1068 sponte
3526 1001 3821 1070 professus,

2388 1081 2472 1135 Me
2501 1098 2608 1136 non
2638 1092 2817 1138 mente
2841 1099 2961 1138 mea
2985 1087 3150 1138 vitam
3174 1095 3406 1143 mutasse
3437 1090 3690 1158 priorem.

2387 1170 2536 1224 Mens
2563 1187 2702 1226 nova
2731 1187 2827 1242 me.
2853 1172 3024 1228 fateor
3052 1175 3195 1244 cepit
3222 1178 3268 1208 “
3295 1218 3309 1243 ,
3361 1194 3514 1233 mens
3554 1196 3660 1234 non
3700 1176 3822 1235 mea

3435 1270 3751 1341 [quondam,

2387 1352 2492 1407 Sed
2521 1368 2640 1408 mea
2668 1371 2810 1410 nunc
2837 1364 3026 1411 autorc
3055 1357 3185 1424 Deo,
3217 1359 3372 1426 quisi
3403 1361 3530 1429 quid
3558 1362 3610 1416 in
3640 1371 3772 1417 actu

2386 1443 2674 1510 lngeniove
2699 1461 2819 1501 meo
2847 1462 2941 1501 sua
2969 1447 3185 1515 dignum
3209 1449 3275 1502 ad
3305 1451 3483 1504 munia
3510 1452 3657 1516 vidit,

673 1541 782 1596 Sed
843 1541 1075 1595 reditum
1135 1539 1258 1594 inde
1315 1555 1492 1595 meum
1548 1540 1760 1608 genitor
1815 1547 1871 1594 te
1923 1555 2148 1610 poscere
2248 1531 2350 1587 145
2385 1532 2567 1588 Gratia
2595 1535 2763 1605 prima
2794 1537 2909 1605 tibi,
2943 1538 3037 1591 tibi
3063 1538 3229 1606 gloria
3259 1539 3436 1594 debita
3469 1541 3542 1612 (g)
3572 1543 3751 1606 cedet,

1833 1632 2072 1704 [mallem

571 1723 674 1777 110
713 1721 864 1778 Unde
889 1723 1003 1776 dari
1029 1724 1218 1792 possit.
1262 1722 1641 1777 Revocandum
1671 1737 1756 1775 me
1787 1722 1881 1776 tibi
1910 1723 2144 1788 credam,
2183 1718 2224 1774 Β

711 1812 846 1866 Cum
875 1813 1085 1866 steriles
1114 1811 1304 1866 fundas
1334 1827 1440 1865 non
1469 1811 1535 1864 ad
1563 1811 1741 1864 divina
1770 1821 2038 1879 precatus,

710 1900 993 1956 Castalidis
1021 1900 1247 1970 supplex
1274 1915 1463 1954 averso
1493 1899 1720 1953 Numine
1747 1899 1952 1954 Musis?

706 1992 823 2046 Non
853 1992 936 2046 his
964 1991 1270 2046 numinibus
1296 1991 1389 2044 tibi
1413 2005 1498 2044 me
1527 1989 1823 2059 patrimque
1845 1989 2139 2044 reduces”.

707 2082 862 2149 Quod
909 2082 1064 2137 datur
1085 2120 1102 2148 ,
1151 2081 1202 2135 in
1252 2081 1476 2135 nihilum
1509 2081 1645 2148 (sine
1673 2079 1898 2133 Numine
1927 2079 2144 2133 nomina

1875 2168 2075 2240 [Musas

566 2263 669 2316 H5
741 2262 914 2317 Surda
943 2278 1108 2317 vocas
1128 2299 1145 2325 ,
1194 2270 1250 2316 et
1282 2261 1426 2315 nulla
1455 2259 1634 2329 rogas)
1677 2259 1810 2313 levis
1841 2262 1909 2328 (ε)
1941 2258 2145 2314 auferet

1896 2350 2069 2422 [aura,

705 2443 858 2498 Irrita
889 2451 1123 2498 ventosa:
1153 2443 1366 2512 rapiunt
1394 2443 1508 2498 hate
1537 2450 1659 2497 vota
1691 2444 1733 2477 ¹’
1763 2441 2030 2512 procellze,

595 2595 602 2600 I
703 2532 834 2598 Qua:
863 2547 968 2586 non
999 2533 1159 2586 missa
1190 2532 1301 2591 Deo
1333 2533 1513 2586 vacuis
1539 2533 1593 2585 in
1623 2533 1852 2586 nubibus
1879 2532 2100 2595 hatrent,

699 2623 810 2677 Nec
838 2631 1121 2692 penetrant
1147 2623 1326 2691 superi
1353 2623 1656 2676 stellantem
1679 2622 1839 2690 [legis
1861 2622 1912 2675 in
1937 2622 2135 2674 aulam.

770 2712 1164 2783 367—368
1199 2711 1256 2767 Si
1292 2712 1388 2767 tibi
1415 2728 1544 2768 cura
1587 2713 1696 2766 mei
1723 2712 1955 2776 reditus,
1990 2712 2136 2765 illum

1617 2802 1839 2873 [aspice,
1864 2809 1919 2855 et
1947 2817 2063 2866 ora,

562 2890 662 2943 l20
699 2890 800 2956 Qui
830 2892 1034 2945 tonitru
1061 2891 1254 2947 summi
1281 2892 1452 2959 quatit
1479 2893 1636 2960 ignea
1665 2893 1896 2946 culmina
1922 2893 2078 2956 εαξη,

696 2983 805 3048 Qui
849 2982 1023 3035 trilido
1063 2982 1185 3051 igne
1232 2982 1432 3046 micat,
1490 2997 1589 3036 nec
1635 2982 1812 3036 inania
1860 2997 2132 3036 murmura

1770 3072 1781 3142 |
1796 3072 1997 3135 miscet,

695 3163 904 3232 Quique
929 3161 1058 3218 satis
1086 3161 1223 3216 cmlo
1255 3161 1395 3216 soles
1419 3160 1672 3229 largitur,
1700 3170 1755 3215 et
1783 3162 2001 3223 imbres,
2074 3217 2080 3234 ι

691 3253 792 3320 Qui
815 3268 976 3324 super
1003 3267 1162 3307 omne
1186 3251 1328 3322 quod
1351 3259 1452 3317 est,
1483 3252 1569 3307 vel
1597 3252 1650 3305 in
1681 3251 1757 3324 (Δ)
1787 3251 1966 3305 omnia
1989 3259 2132 3305 totus

1766 3341 1985 3413 [ubique

691 3423 948 3490 Omnibus
975 3433 1180 3489 infusus
1207 3434 1368 3488 rebus
1397 3434 1535 3501 regit
1564 3432 1741 3488 omnia
1769 3432 2036 3497 Christus,

556 3525 659 3579 £25
703 3526 805 3592 Qui
849 3535 1057 3580 mentes
1105 3534 1250 3578 tenet
1297 3532 1460 3594 atque
1488 3533 1702 3588 movet,
1756 3524 1849 3591 qui
1887 3531 2129 3592 tempora

1855 3612 2058 3684 [nostra

693 3705 762 3760 Et
791 3707 906 3761 loca
936 3705 1196 3775 disponit;
1231 3705 1301 3777 (e)
1325 3703 1469 3773 quod
1495 3704 1539 3758 si
1568 3702 1836 3758 contraria
1865 3703 2004 3755 votis

693 3795 996 3850 Constituat
1020 3797 1241 3861 nostris,
1273 3809 1432 3863 prece
1457 3790 1822 3846 deﬂectendus
1846 3791 1898 3844 in
1931 3792 2018 3844 illa
2048 3800 2130 3845 est

693 3885 823 3952 Qua:
863 3885 1151 3940 volumus:
1200 3883 1331 3954 quid
1376 3898 1462 3937 me
1498 3885 1762 3936 accusas?
1810 3881 1853 3936 si
1883 3881 2129 3951 displicet

1883 3970 2058 4042 [actus

685 4070 854 4136 Quem
875 4082 1004 4136 gero
1032 4075 1225 4135 agente
1254 4067 1382 4132 Deo,
1409 4065 1554 4136 prius
1577 4073 1660 4120 est
1684 4064 1780 4136 [(f)
1805 4064 1851 4117 si
1879 4063 1979 4134 las]
2005 4079 2126 4118 reus

1879 4157 2058 4228 [autor
2133 4223 2138 4230 _

551 4258 651 4311 150
685 4258 783 4312 Cui
806 4259 983 4328 placet
1009 4265 1102 4310 aut
1122 4256 1354 4310 formare
1377 4269 1547 4318 meos,
1571 4261 1664 4306 aut
1682 4261 1892 4306 vertere
1914 4267 2119 4307 sensus.

684 4347 819 4428 _Nam
841 4366 958 4412 mea
979 4350 1024 4403 si
1044 4355 1259 4418 reputes
1281 4361 1398 4415 qua:
1418 4345 1664 4414 pristina,
1696 4359 1813 4412 qua:
1852 4343 1944 4396 tibi
1975 4351 2119 4406 nota,

2158 3085 2205 3147 C

2388 1624 2551 1695 Cujus
2610 1629 2892 1698 praeceptis
2956 1639 3165 1700 partum
3237 1640 3319 1685 est
3376 1633 3519 1701 quod
3576 1633 3820 1691 Christus

3495 1724 3748 1797 [amaret.

2460 1809 2636 1876 Quare
2663 1811 2979 1882 gratandum
3012 1814 3180 1881 magis
3207 1822 3287 1868 est
3316 1815 3411 1870 tibi
3440 1829 3597 1882 quam
3631 1818 3816 1885 queri-

3487 1905 3749 1972 [tandum,

2391 1989 2543 2055 Quod
2574 1997 2696 2044 tuus
2725 1990 2830 2055 ille,
2859 1991 2964 2045 tuis
2991 1991 3182 2046 studiis
3209 2001 3263 2048 et
3291 1995 3530 2050 moribus
3556 2005 3729 2066 ortus,

2390 2080 2662 2148 Paulinus,
2684 2082 2770 2136 cui
2799 2090 2852 2136 te
2881 2098 2986 2136 non
3013 2082 3249 2138 inliciare
3277 2093 3553 2154 parentem

2248 2171 2350 2226 150
2391 2171 2499 2226 Nec
2546 2171 2745 2238 modo,
2794 2188 2916 2227 cum
2963 2173 3135 2227 credis
3180 2189 3522 2243 perversum,
3579 2177 3657 2230 sic
3694 2191 3818 2232 mea

3591 2265 3751 2338 [verti
3816 2293 3822 2298 -

2383 2353 2640 2429 Consilia,
2665 2362 2725 2407 ut
2737 2353 2835 2407 sim
2857 2353 3178 2422 promeritus
3192 2351 3392 2408 Christi
3414 2353 3547 2418 lore,
3560 2353 3682 2408 dum
3698 2371 3816 2409 sum

2387 2445 2640 2509 Ausonii;
2673 2444 2806 2500 feret
2832 2445 2918 2498 ille
2948 2453 3049 2498 tua:
3073 2460 3165 2499 sua
3193 2446 3413 2514 prtemia
3442 2446 3602 2509 laudi,

2301 2603 2306 2605 _
2385 2535 2566 2604 Deque
2597 2543 2687 2587 tua
2717 2533 2946 2603 primum
2978 2533 3071 2586 tibi
3097 2532 3299 2587 deferet
3326 2533 3518 2586 arbore
3544 2531 3794 2588 fructum.

2458 2621 2612 2678 Unde
2660 2638 2852 2694 precor
2895 2622 3118 2681 meliora
3166 2631 3359 2693 putes,
3427 2638 3532 2677 nec
3585 2623 3814 2680 maxima

3530 2715 3746 2786 [perdas

2242 2806 2344 2861 155
2382 2806 2623 2873 Praemia,
2654 2806 2968 2863 detestanda
2997 2807 3102 2862 tuis
3130 2807 3270 2861 bona
3301 2806 3534 2863 fontibus
3561 2817 3698 2862 orta.

2379 2885 2495 2955 Non
2520 2899 2723 2954 etenim
2751 2899 2880 2952 mihi
2907 2914 3057 2953 mens
3084 2899 3158 2969 (Ιι)
3189 2913 3342 2967 vaga,
3371 2900 3464 2954 sed
3491 2915 3663 2970 neque
3685 2914 3812 2969 par-

3406 2990 3740 3061 [ticipantum

2378 3081 2497 3135 Vita
2515 3081 2669 3150 fugax
2687 3082 2980 3146 hominum,
3001 3081 3172 3152 Lycia:
3193 3078 3296 3149 qua
3316 3081 3504 3136 scribis
3524 3081 3575 3134 in
3593 3082 3810 3137 antris”

2376 3171 2668 3241 Pegaseum
2697 3173 2894 3227 vixisse
2921 3173 3186 3242 equitem,
3219 3172 3344 3227 licet
3372 3173 3491 3226 avia
3517 3173 3668 3226 multi

2375 3265 2602 3319 Numine
2622 3272 2814 3332 agente
2836 3264 3031 3328 colant,
3059 3263 3185 3317 clari
3211 3263 3354 3317 velut
3372 3270 3498 3317 ante
3519 3263 3806 3331 sophorum

2237 3353 2337 3408 160
2376 3355 2478 3409 Pro
2501 3355 2688 3408 studiis
2712 3354 2980 3422 Musisque
3000 3353 3110 3406 suis
3136 3370 3149 3404 :
3183 3361 3241 3406 ut
3264 3368 3401 3406 nunc
3421 3367 3635 3420 quoque
3649 3352 3806 3406 castis

2372 3444 2472 3510 Qui
2498 3443 2766 3498 Christum
2795 3458 3032 3498 sumsere
3060 3443 3250 3496 animis
3281 3453 3303 3480 ο
3333 3443 3537 3510 agitare
3558 3443 3803 3510 frequen-

3507 3531 3643 3604 [tant
3666 3532 3733 3597 “,

2374 3624 2490 3678 Non
2521 3624 2706 3692 inopes
2731 3623 2918 3686 animi,
2947 3638 3122 3693 neque
3147 3621 3211 3676 de
3241 3621 3450 3676 feritate
3478 3623 3714 3691 legentes

2371 3715 2606 3768 Desertis
2635 3712 2879 3767 habitare
2908 3712 3066 3774 locis,
3100 3713 3192 3767 sed
3223 3713 3275 3766 in
3307 3712 3472 3766 ardua
3502 3714 3643 3768 versi

2370 3805 2588 3870 Sidera,
2620 3812 3031 3874 spectantesque
3061 3803 3228 3857 Deum
3247 3844 3262 3867 ,
3289 3804 3510 3872 verique
3538 3803 3798 3873 profunda

2233 3894 2334 3948 165
2373 3894 2682 3964 Perspicere
2712 3895 2921 3958 intenti,
2954 3893 3020 3948 de
3047 3893 3196 3947 vanis
3220 3893 3386 3947 libera
3416 3894 3561 3949 curis

2370 3985 2491 4040 Otia
2518 3994 2737 4050 amant;
2769 3976 3132 4054 strepitusque
3157 3987 3204 4016 ³⁵
3237 3983 3368 4050 fori,
3400 4000 3683 4055 rerumque
3717 3992 3796 4038 tu-

3012 4133 3016 4136 ,
3486 4077 3724 4148 [multus,

2369 4168 2680 4237 Cunctaque
2708 4168 2902 4222 divinis
2931 4168 3146 4222 inimica
3175 4167 3386 4234 negotia
3415 4167 3586 4231 donis,

2369 4258 2436 4312 Et
2456 4259 2654 4313 Christi
2686 4259 2924 4328 imperiis
2952 4265 3007 4312 et
3039 4272 3219 4311 amore
3245 4256 3452 4320 salutis,
3483 4256 3790 4310 abhorrent.

2366 4350 2577 4419 Speque
2599 4349 2809 4416 ﬁdeque
2826 4349 2999 4402 Deum’
3012 4363 3205 4417 sponsa
3223 4347 3468 4401 mercede
3483 4355 3791 4416 sequuntur.

687 4440 891 4509 Sponte
919 4439 1129 4492 fatebor
1155 4452 1278 4492 eum
1304 4435 1466 4489 modo
1493 4449 1581 4487 tne
1608 4447 1716 4486 non
1745 4447 1864 4486 esse
1905 4433 2003 4487 sub
2032 4433 2122 4487 illo
2151 4453 2202 4510 ι)
2232 4439 2332 4493 170
2373 4440 2768 4511 369—370
2795 4437 2964 4504 Quam
2993 4438 3189 4493 referet
3226 4445 3405 4491 certus
3453 4453 3562 4491 non
3609 4438 3796 4506 despe-

689 4531 955 4601 Tempore
997 4530 1090 4601 qui
1123 4527 1312 4583 fuerim
1340 4569 1355 4593 ,
1384 4541 1493 4595 quo
1539 4541 1647 4580 non
1695 4538 1981 4594 perversus
2027 4524 2124 4577 ha-

1167 4633 1170 4636 ‘
1846 4615 2052 4687 [bebar,
2105 4626 2108 4628 '

620 4809 642 4835 α
675 4798 772 4852 llic
800 4797 924 4851 olim
955 4795 1241 4863 incipiebat
1267 4807 1483 4848 carmen
1514 4789 1599 4842 η.

621 4868 645 4907 δ
704 4867 832 4922 Vide
857 4875 967 4919 not.
999 4864 1122 4918 225.

620 4953 642 4978 ε
673 4939 727 4992 1d
754 4947 837 5007 est
866 4939 1150 5007 frequentes
1190 4943 1365 5007 agunt.

617 5011 692 5078 (α)
727 5000 1078 5078 summa?
1106 5000 1292 5078 cm,
1323 5001 1528 5078 _Poelm.
1550 5009 1605 5078 et
1628 5001 1815 5078 Schot.
1841 5000 1891 5052 in
1915 5013 2116 5068 margg.

549 5072 990 5142 cuiu-Sacchino,‘
1022 5074 1113 5128 Vel
1141 5074 1283 5128 aliud
1312 5073 1493 5144 horum
1517 5072 1760 5144 quidquid
1786 5080 1881 5144 est.

617 5147 818 5227 (ιημδ.
842 5137 1049 5227 .Regiu's
1077 5143 1256 5227 (1:9ch
1281 5182 1295 5207 ,
1351 5141 1450 5224 [ire
1488 5137 1930 5227 tui/ti'gralundjue‘
1965 5137 2118 5227 θίξιιῄ

543 5207 808 5291 απὲεὶὶὺιιδ
837 5207 960 5271 iraa:
983 5215 1047 5268 Hi
1076 5212 1144 5265 65
1173 5229 1356 5267 versus
1385 5213 1436 5265 in
1467 5228 1565 5264 ms.
1598 5207 1724 5278 (leg.
1751 5220 1804 5264 et
1819 5209 1952 5291 edit.
1983 5207 2110 5261 Bad.

543 5293 719 5346 locum
750 5289 944 5341 habent
975 5292 1099 5355 post
1125 5299 1337 5337 versum
1362 5280 1592 5355 Mor-ilius
1621 5290 1668 5355 et
1692 5289 1906 5355 nt__omt_u_.
1933 5349 1944 5355 -
2016 5348 2027 5355 _

636 5362 685 5430 ε)
717 5347 1484 5430 Siclegcn'dutn“me_tnonu_it
1516 5350 1584 5430 γε
1612 5350 1672 5402 C.
1695 5349 1817 5430 Nic.
1850 5347 2113 5412 Heinsius,

606 5365 685 5482 Ιςε)
717 5365 805 5412 Sic
833 5365 1114 5426 legendum
1163 5369 1248 5408 me
1279 5365 1484 5405 monuit
1522 5365 1578 5404 γ.
1612 5365 1672 5402 υ.
1704 5365 1817 5404 mc.
1853 5365 1913 5401 tu

542 5446 601 5484 re
627 5429 930 5499 ragantibus
957 5425 1232 5499 codicibus
1252 5425 1310 5478 in
1344 5423 1535 5491 quibus
1565 5421 1662 5499 hoc
1687 5422 1832 5499 fere}.
1902 5488 1913 5499 .

617 5487 798 5567 (dflta
835 5496 1244 5567 Aemendavimus
1288 5487 1376 5567 ex‘
1403 5507 1504 5546 ms.
1549 5487 2023 5567 codice_Vossiano
2062 5496 2117 5567 et

543 5557 686 5620 edit.’
719 5565 945 5641 I_‘oelm._,
969 5563 1404 5641 succurreutibus
1447 5576 1582 5641 mss:
1602 5557 1777 5640 .Lugd.
1808 5566 1872 5641 et:
1902 5557 2028 5641 lleg.
2063 5566 2116 5610 et

546 5637 701 5688 editis
731 5635 856 5688 Bai.
888 5625 942 5687 et
972 5635 1172 5694 Viuet.,
1206 5635 1258 5686 in
1284 5632 1475 5699 quibus
1505 5629 1632 5698 regit
1654 5637 1748 5699 μοι
1777 5627 1895 5699 edl.
1924 5625 2109 5688 Grav.,

550 5704 750 5759 l’oclm.
807 5713 860 5757 et
905 5703 1084 5756 Schot.
1135 5703 1186 5756 iu
1235 5697 1458 5771 margg.,
1513 5699 1562 5751 in
1603 5698 1794 5768 quibus
1842 5697 2031 5767 legitur
2060 5699 2112 5750 in

3261 4529 3525 4602 [rantibus
3553 4538 3722 4591 autor,

2372 4620 2427 4674 Si
2459 4619 2618 4675 modo
2646 4635 2754 4673 non
2786 4618 3003 4674 vincant
3025 4619 3206 4672 vacuis
3234 4618 3514 4686 praesentia
3540 4619 3726 4679 rebus;

2222 4795 2396 4846 omnia
2422 4833 2436 4865 ._
2463 4833 2476 4846 .
2505 4834 2518 4846 .
2545 4835 2558 4847 .
2587 4834 2599 4846 .
2623 4795 2827 4865 infusus
2851 4833 2905 4865 ,η
2930 4833 2948 4865 _.
2977 4832 2990 4846 .
3020 4792 3249 4865 Ch_ristus
3278 4832 3290 4844 .
3320 4832 3333 4845 .
3363 4832 3376 4846 .
3407 4832 3420 4846 .
3445 4793 3530 4863 qui
3551 4801 3791 4858 tempore.

2226 4865 2394 4917 Antea
2426 4861 2699 4930 legebatur
2726 4865 2778 4917 in
2817 4863 3048 4917 editione
3076 4861 3236 4916 Rosv.

2348 4975 2441 5033 Qui
2463 4989 2610 5037 super
2632 4989 2776 5025 omne
2799 4975 2923 5033 quod
2949 4982 3038 5030 est,
3065 4982 3116 5022 et
3141 4976 3185 5022 in
3210 4976 3338 5037 omni
3361 4982 3489 5022 totus
3513 4975 3683 5036 ubique

2349 5035 2587 5084 Umninns
2609 5037 2769 5085 infuso
2788 5037 2937 5084 rebus
2957 5039 3054 5097 agit
3074 5039 3230 5082 omnia
3255 5035 3462 5090 Christo,

2349 5098 2454 5155 Quo
2476 5105 2671 5146 mentes
2692 5106 2833 5147 tenet
2855 5108 3000 5159 atque
3025 5104 3206 5152 movet,
3229 5109 3326 5158 quo
3350 5105 3562 5158 tempora
3587 5106 3759 5147 nostra.

2321 5207 2368 5276 e)
2385 5205 2775 5276 Manuscriptus
2789 5205 2959 5276 codex
2975 5204 3270 5276 Vossianus
3282 5204 3558 5276 in_Anglia,
3579 5223 3638 5276 ne
3649 5206 3790 5276 quid.

2321 5209 2368 5276 ε)
2385 5209 2775 5276 Manuscriptus
2789 5209 2959 5260 codex
2977 5209 3333 5260 Vossianusin
3351 5209 3558 5273 Anglia,
3579 5209 3789 5274 nequid.

2294 5209 2362 5347 [ﬁ
2391 5275 2678 5347 MsaVoss.
2709 5291 2839 5347 cum
2870 5274 3026 5328 editis
3053 5273 3480 5347 Lugd_._,_Vinet.
3511 5285 3565 5330 et
3590 5274 3789 5347 Poelm.

2221 5344 2382 5400 Grav.
2407 5354 2462 5400 et
2490 5345 2676 5401 Schot.
2704 5346 2756 5400 in
2786 5357 3011 5414 margg.,
3041 5345 3155 5413 ﬁat.
3192 5344 3412 5412 Vulgata
3444 5347 3598 5400 lectio
3625 5344 3793 5410 magis

2221 5417 2494 5554 Ριῗᾶῗιίηε.
2548 5483 2682 5553 Reg.
2733 5493 2788 5538 et
2835 5483 2956 5538 edd.
3003 5483 3136 5538 Bad.
3164 5526 3179 5550 ,
3243 5483 3447 5539 Poelm.
3492 5495 3544 5539 et
3590 5485 3788 5544 VincL,

2190 5582 2193 5584 ·
2222 5557 2375 5608 redit.

2288 5603 2374 5696 δέ).
2397 5603 2785 5696 Manuscriptus
2825 5622 3023 5696 Regius
3051 5624 3217 5696 codex
3248 5639 3367 5676 cum
3401 5625 3558 5696 editis
3580 5621 3700 5676 Bad.
3730 5628 3790 5696 et

2214 5692 2398 5751 Schot.
2438 5696 2490 5750 in
2524 5708 2721 5762 marg.,
2744 5695 2946 5748 demens
2987 5694 3196 5760 Sacch.,
3222 5709 3288 5746 an
3318 5695 3528 5764 prrccipt
3557 5692 3788 5746 tantum?
