4008 6346
224 336 319 393 15⁸1
1772 343 1794 399 1

1907 345 2003 400 MA
2043 345 2110 401 Χ.
3380 340 3486 398 438

351 453 594 526 Quaeque
639 453 783 512 vide.“
823 464 1082 527 spernat,
1131 469 1250 526 quae
1279 471 1388 510 nou
1428 455 1569 510 videt
1598 464 1656 510 ut
1683 471 1797 511 111οο
1825 469 1871 525 Α

1524 557 1721 612 reatur,

1524 565 1612 602 rea

351 640 574 694 Secreta
605 641 803 708 ignitus
832 650 1120 710 penetrans
1146 641 1384 696 coalestia
1403 549 1616 696 senlsus.

355 730 598 801 Namque
626 731 823 786 caduca
852 741 1036 801 patent
1066 733 1282 797 nostris,
1307 741 1504 786 aeterna
1537 742 1800 801 negantur

225 825 316 877 1ἲό
358 824 599 886 Visibus,
648 831 703 878 et
728 840 870 880 nunc
897 840 991 893 spe
1021 826 1293 894 sequimur
1330 827 1473 894 quod
1505 835 1683 881 mente
1713 826 1795 878 vi-

1496 915 1637 987 [dem
1647 933 1726 977 us.

358 1008 687 1077 Spernentes
717 1007 891 1062 varias
920 1022 1098 1063 rerum
1128 1007 1430 1078 spectacula
1466 1007 1697 1074 formas,

359 1099 424 1154 Et
451 1101 592 1154 male
617 1115 910 1170 corporeos
937 1101 1077 1154 bona
1107 1100 1451 1154 sollicitantia
1485 1101 1646 1153 visus.

357 1196 607 1248 Attamen
639 1195 752 1248 11100
778 1203 806 1231 ι
833 1193 1034 1247 sedisse
1063 1193 1109 1224 “
1139 1193 1242 1246 illis
1269 1193 1532 1246 sententia
1559 1193 1667 1245 visa
1698 1200 1796 1255 est,

359 1288 494 1342 'l'ota
517 1287 709 1356 quibus
729 1286 842 1354 jam
873 1286 963 1339 lux
992 1286 1162 1356 patuit
1186 1286 1406 1353 verique
1431 1284 1683 1352 bonique,

225 1383 318 1438 180
359 1383 582 1438 Venturi
609 1391 871 1436 :ctcrnum
899 1369 1046 1446 secli,
1079 1388 1134 1434 et
1164 1379 1443 1450 111-1118011118
1472 1379 1653 1433 11111110.

431 1474 499 1526 At
533 1471 662 1526 mihi
693 1488 801 1526 non
830 1471 1018 1526 eadem
1044 1469 1129 1524 cui
1159 1469 1327 1537 gloria
1346 1511 1359 1534 ,
1390 1485 1487 1523 cur
1515 1467 1702 1522 eadem
1733 1467 1803 1521 sit

357 1565 521 1620 Fama
545 1567 567 1618 ?
590 1564 720 1617 ﬁdes
747 1563 855 1619 voti
877 1564 920 1594 ’⁷
954 1577 1054 1631 par
1082 1568 1184 1624 est,
1210 1559 1303 1614 sed
1339 1575 1551 1614 amoena
1582 1559 1800 1623 colenti,

360 1655 512 1709 Nunc
529 1656 770 1709 etiamet
791 1653 984 1707 blanda
1006 1652 1182 1722 posito
1210 1651 1492 1720 locupletis
1517 1651 1569 1704 iu
1593 1650 1618 1688 δ
1633 1653 1774 1705 11οι11²
1787 1654 1801 1680 ⁴

363 1747 603 1808 Littoris,
635 1745 774 1799 unde
804 1745 917 1799 11100
941 1745 1051 1813 jam
1083 1752 1190 1796 tam
1219 1741 1468 1796 festinata
1499 1742 1761 1805 locorum,

228 1840 322 1895 185
358 1837 560 1893 Invidia
590 1837 717 1891 est?
747 1835 947 1888 utinam
969 1833 1145 1902 justus
1174 1849 1258 1886 me
1287 1848 1509 1902 carpere
1541 1833 1676 1886 livor

357 1929 596 1998 Incipiat,
630 1925 825 1980 Christi
853 1925 951 1979 sub
981 1925 1197 1990 nomine
1227 1924 1420 1993 probra
1453 1924 1757 1992 placebunt.

355 2021 474 2076 Non
517 2019 720 2091 patitur
767 2025 1008 2071 tenerum
1058 2031 1209 2070 meus
1238 2013 1464 2071 Numine
1509 2015 1657 2068 lirma
1696 2029 1789 2083 pu-

1522 2105 1728 2168 dorem,

1522 2106 1728 2168 dorem,

354 2202 422 2257 Et
452 2202 566 2256 laus
592 2202 681 2256 hic
704 2208 975 2255 contemta
1000 2198 1141 2253 redit
1167 2197 1295 2251 mihi
1320 2106 1757 2266 judice‘Christo.

422 2292 502 2348 Ne
531 2307 618 2346 me
648 2292 807 2360 igitur
827 2333 842 2358 ,
868 2288 1172 2345 venerande
1201 2303 1428 2358 parens,
1461 2287 1542 2340 his
1572 2297 1629 2339 ut
1659 2285 1800 2341 male

1487 2378 1726 2450 [versum

226 2472 319 2529 I90
351 2474 648 2544 Increpitcs
674 2472 882 2537 studiis,
913 2486 1086 2540 neque
1111 2485 1196 2524 me
1225 2469 1311 2524 vel
1337 2467 1562 2538 conjuge
1585 2485 1794 2539 carpas,

354 2565 453 2620 VeI
479 2566 678 2620 mentis
706 2563 838 2618 vitio
863 2582 876 2616 :
909 2578 1016 2618 non
1044 2561 1202 2615 anxia
1234 2560 1662 2630 Bellerophontis

354 2655 503 2711 Mens
549 2663 634 2710 est
661 2697 674 2720 ,
726 2669 826 2709 nec
871 2652 1134 2722 Tanaquil
1181 2651 1352 2714 mihi,
1412 2651 1504 2705 sed
1551 2651 1796 2705 Lucretia

1482 2743 1721 2816 [conju.v.

388 2843 493 2898 Nec
522 2843 652 2896 mihi
683 2859 822 2896 nunc
846 2841 1004 2912 patrii
1026 2848 1107 2895 est
1137 2839 1217 2911 (ut
1242 2839 1343 2908 vis)
1374 2839 1572 2894 oblivio
1603 2840 1756 2904 011111,

393 2936 492 3003 Qui
519 2952 786 2991 summum
815 2941 1069 3005 suspecto
1098 2932 1336 3000 Patrem,
1368 2947 1526 3001 quem
1550 2933 1638 3003 qui
1669 2933 1799 2988 colit

1503 3024 1690 3098 [unum
1705 3065 1721 3090 ,

229 3117 327 3174 I95
361 3117 458 3176 Ilic
477 3136 599 3174 vere
621 3135 828 3176 memor
849 3128 932 3174 est
948 3119 1092 3174 01011.
1127 3115 1300 3172 Crede
1322 3130 1470 3186 ergo,
1497 3125 1670 3186 pater,
1697 3132 1796 3174 nos

2046 457 2162 511 Non
2196 456 2306 512 lare
2336 440 3067 525 barbarico~rigui,vmutatus
3097 456 3150 512 iu
3182 457 3348 526 ipsos,

1905 548 2008 601 210
2046 548 2188 602 Inter
2215 563 2350 618 quos
2381 547 2456 618 (b)
2484 548 2643 603 habui
2669 549 2814 603 socia
2844 546 3076 613 feritate,
3101 548 3341 602 colonos.

2043 639 2160 696 Non
2202 642 2392 710 recipit
2417 656 2568 695 mens
2602 657 2734 712 pura
2765 641 2965 695 malum
2991 682 3004 706 ,
3056 656 3232 709 neque
3275 640 3485 694 levibus

3181 735 3410 806 [hmrent

2046 827 2302 896 luspcrsae
2326 825 2471 880 libris
2498 825 2717 880 macula:
2743 844 2754 876 :
2787 826 2865 880 sic
2893 826 3138 881 Vascone
3164 825 3304 880 saltu

2041 916 2292 986 Quisquis
2339 917 2447 984 agit
2495 931 2661 986 purus
2707 917 2926 972 sceleris
2977 919 3140 972 vitam
3191 919 3333 972 inter
3381 918 3487 973 ini—

3163 1011 3322 1084 [quos
3347 1013 3414 1078 ",

2042 1087 2194 1156 Nulla
2223 1105 2289 1157 ah
2319 1103 2608 1157 inhumano
2637 1118 2846 1158 morum
2885 1105 3132 1172 contagia
3164 1104 3309 1160 ducit

1901 1191 2008 1246 215
2045 1193 2286 1264 Ilospite.
2319 1195 2425 1249 Sed
2455 1197 2581 1250 mihi
2606 1213 2702 1251 cur
2729 1198 2798 1251 sit
2819 1199 2885 1252 ah
2909 1199 2997 1251 iilo
3017 1198 3236 1252 nomine
3257 1197 3482 1263 crimen,

2043 1284 2144 1350 Qui
2176 1285 2387 1339 diversa
2417 1286 2558 1350 colo,
2592 1295 2650 1340 ut
2677 1287 2850 1351 colui,
2885 1287 2998 1342 loca
3024 1287 3208 1356 juncta
3238 1288 3486 1358 superbis

2049 1372 2298 1438 Urbibus,
2331 1384 2386 1429 et
2413 1375 2548 1430 laetis
2575 1377 2850 1430 hominum
2877 1377 3231 1431 celeberrima
3256 1377 3457 1433 cultis?

2047 1466 2120 1520 Ac
2147 1467 2191 1520 si
2223 1466 2535 1520 Vasconicis
2565 1467 2691 1520 mihi
2720 1467 2826 1521 vita
2860 1467 3044 1521 fuisset
3075 1468 3126 1521 in
3156 1468 3266 1522 oris
3294 1484 3306 1498 ·

2045 1558 2151 1612 Cur
2181 1576 2286 1612 non
2319 1574 2468 1612 more
2491 1573 2612 1612 meo
2634 1559 2812 1628 potius
2839 1558 3085 1623 formata,
3116 1560 3317 1614 ferinos

1901 1649 2005 1704 220
2045 1649 2275 1720 Poneret
2298 1649 2321 1686 (³
2348 1651 2398 1704 111
2425 1661 2635 1706 nostros
2657 1653 2888 1718 migrans
2913 1667 3042 1721 gens
3065 1654 3291 1708 barbara
3315 1654 3486 1709 ritus?

2045 1742 2177 1796 Nam
2204 1742 2347 1812 quod
2378 1744 2428 1796 in
2459 1744 2528 1813 (τ)
2557 1744 2758 1798 aversis
2781 1744 3082 1798 habitacula
3105 1745 3258 1814 ponis
3279 1744 3489 1803 Hiberis

2050 1832 2301 1898 Urbibus,
2339 1843 2393 1888 et
2419 1833 2628 1888 deserta
2661 1844 2753 1889 tuo
2781 1835 2913 1902 legis
2940 1837 3135 1905 Oppida
3164 1851 3342 1898 versu,

2046 1923 2464 1992 Moutanamque
2487 1925 2615 1978 mihi
2639 1923 2972 1993 Calagurrim
2996 1934 3049 1979 et
3069 1924 3296 1979 Bilbilim
3321 1927 3489 1983 acutis

2047 2013 2378 2068 Pendentem
2409 2015 2666 2084 scopulis,
2699 2015 3000 2084 collemque
3021 2015 3252 2085 jacentis
3283 2017 3466 2072 Ilerda;-

1900 2104 2005 2159 225
2043 2105 2372 2175 Exprobras,
2396 2106 2544 2159 velut
2571 2107 2654 2160 his
2675 2106 2910 2161 habitem
2942 2107 3071 2163 laris
3093 2109 3243 2163 exsul
3267 2119 3320 2164 et
3344 2109 3488 2166 urbis

1905 2197 2254 2272 371.372
2289 2194 2450 2250 Extra
2497 2197 2772 2252 hominum
2817 2206 2957 2254 tecta
2996 2209 3157 2269 atque
3198 2201 3310 2258 vias
3362 2219 3374 2254 :
3420 2217 3489 2256 an

3049 2293 3246 2363 [credis
3277 2291 3487 2348 Hibera:

2046 2381 2153 2436 llas
2183 2382 2387 2436 telluris
2413 2397 2561 2453 opes,
2591 2383 2807 2455 Hispani
2833 2384 3044 2439 nescius
3072 2385 3250 2450 orbis,

2045 2474 2164 2540 Quo
2193 2474 2371 2542 gravis
2402 2474 2491 2528 ille
2522 2475 2632 2544 poli
2662 2477 2762 2529 sub
2789 2476 3026 2545 pondere
3047 2477 3288 2531 constitit
3314 2476 3486 2543 Atlas,

2045 2563 2240 2617 Ultima
2273 2581 2415 2620 nunc
2443 2565 2558 2634 ejus
2581 2582 2736 2620 mons
2764 2567 2942 2636 portio
2977 2575 3229 2636 metaque
3260 2576 3416 2622 terra:

1901 2654 2006 2708 250
2042 2654 2298 2710 Discludit
2325 2657 2583 2711 bimarem
2623 2658 2767 2712 celso
2791 2659 2882 2726 qui
2915 2659 3116 2714 vertice
3143 2659 3381 2730 Calpen?

2047 2744 2248 2800 Bilbilis
2264 2747 2386 2801 huic
2407 2754 2636 2813 tantum,
2655 2748 2978 2816 Calagurris,
2999 2749 3167 2804 Ilerda
3186 2759 3402 2808 notatur
3419 2753 3482 2818 ⁷⁸,

2037 2836 2286 2892 Cmsarea
2312 2845 2394 2891 est
2417 2837 2651 2904 Augusta
2673 2839 2779 2899 cui,
2798 2839 2874 2908 (d)
2892 2841 2977 2894 cui
3008 2838 3234 2898 Barcino
3255 2858 3488 2912 ama-na,

2044 2924 2107 2980 Et
2135 2927 2310 2996 capite
2339 2927 2532 2995 insigni
2563 2927 2882 3000 despectans
2909 2929 3142 2986 Tarraco
3171 2943 3416 3003 pontum.

2113 3016 2254 3085 Quid
2283 3032 2560 3073 numerem
2589 3020 2834 3088 egregias
2861 3021 3023 3076 terris
3052 3031 3108 3076 et
3150 3025 3418 3082 moenibus
3448 3027 3488 3061 "

3285 3117 3488 3189 [urbcs,

353 3211 460 3266 Nec
493 3211 613 3266 00111
639 3212 998 3274 immemores,
1028 3225 1125 3264 nec
1143 3210 1326 3264 vivere
1347 3209 1541 3264 mentis
1561 3217 1800 3277 egentes,
1831 3214 1876 3278 (ζ
1906 3202 2012 3256 2ὖό
2047 3202 2160 3270 Qua
2192 3204 2461 3272 geminum
2491 3203 2619 3258 felix
2650 3203 2903 3276 Hispania
2935 3208 3104 3262 tendit
3134 3209 3184 3262 in
3214 3225 3418 3279 :equor,

356 3303 723 3372 Romanisque
751 3302 955 3369 agitare
985 3302 1116 3356 locis
1145 3319 1158 3367 ;
1203 3301 1378 3356 studia
1409 3303 1523 3370 ipsa
1551 3301 1763 3371 piorum

351 3396 642 3452 Testantur
690 3411 870 3450 mores
917 3395 1231 3449 hominum:
1289 3409 1392 3450 nec
1439 3395 1582 3449 enim
1636 3394 1800 3464 impia

1439 3486 1730 3559 [summum

348 3581 492 3637 Gens
513 3579 716 3652 poterit
738 3579 950 3634 novisse
974 3579 1140 3632 Deum
1170 3596 1184 3643 ;
1215 3578 1322 3632 sint
1344 3578 1507 3632 multa
1531 3578 1796 3642 locorum,

224 3673 318 3730 soo
352 3674 516 3729 Multa
547 3673 825 3728 hominum
853 3670 1043 3725 studiis
1070 3671 1290 3738 inculta,
1321 3669 1566 3739 expertia
1598 3669 1797 3738 legum,

347 3765 478 3837 Qua:
507 3763 658 3833 regio
695 3763 892 3832 agresti
929 3761 1035 3817 ritu
1064 3762 1254 3816 caret?
1306 3767 1399 3814 aut
1425 3759 1554 3828 quid
1594 3766 1669 3829 (a)
1698 3760 1798 3815 ho-

1535 3850 1727 3923 [uestis

348 3948 672 4019 lmprob’tas
698 3947 873 4001 aliena
900 3948 1106 4001 nocet?
1135 3944 1271 4012 Quid
1303 3953 1358 4000 tu
1387 3945 1518 3998 mihi
1551 3951 1728 4000 vastos

348 4039 630 4095 Vasconiae
653 4038 851 4104 saltus,
881 4045 936 4092 et
967 4049 988 4075 ε
1021 4037 1273 4104 ninguida
1304 4035 1548 4104 Pyrenzei

350 4130 549 4201 Objicis
576 4130 828 4200 hospitia,
861 4129 914 4183 in
944 4129 1118 4199 primo
1144 4129 1295 4197 quasi
1323 4127 1504 4182 limine
1531 4126 1666 4180 Iixus

221 4221 313 4279 1115
348 4223 598 4295 Hispana:
627 4222 862 4290 regionis
891 4235 1063 4290 agam,
1097 4237 1196 4276 nec
1224 4221 1288 4274 sit
1321 4220 1469 4275 locus
1499 4234 1723 4288 usquam

347 4315 492 4372 Rure
541 4315 626 4370 vel
678 4315 809 4369 urbe
857 4314 1025 4380 mihi,
1083 4329 1349 4368 summum
1396 4328 1501 4383 qua
1547 4312 1697 4368 dives
1739 4311 1793 4366 in

1507 4393 1720 4480 [orbem

347 4502 527 4574 Usque
559 4510 708 4572 patet
735 4517 940 4557 mersos
969 4510 1217 4573 spectans
1246 4501 1501 4572 Hispania
1531 4501 1720 4555 soles?

412 4593 520 4648 Sed
546 4592 707 4646 fuerit
732 4591 976 4656 fortuna,
1001 4592 1142 4661 jugis
1173 4592 1442 4646 habitasse
1472 4591 1739 4645 latronum
1766 4609 1781 4643 :
1817 4583 1864 4641 D

273 4745 296 4772 "
322 4735 380 4790 Id
408 4744 490 4790 est
521 4735 794 4805 placuisse.
829 4734 960 4788 Vide
983 4749 1123 4788 vers.
1159 4732 1242 4785 12.

269 4814 296 4853 b
322 4814 510 4883 Virgil.
536 4815 685 4872 sua.

273 4905 294 4931 ο
319 4893 456 4948 Vide
488 4904 602 4948 not.
635 4892 760 4944 226.

269 4971 293 5009 δ
325 4973 382 5026 111
405 4981 487 5027 est
517 4973 811 5042 deponeret.
838 4971 968 5024 Vide
990 4987 1158 5028 carm.
1197 4970 1278 5038 1-1,
1312 4988 1361 5024 v.
1395 4971 1483 5025 81.

274 5063 295 5088 ε
328 5052 463 5109 Vide
488 5059 604 5106 not.
641 5051 763 5104 227.

274 5130 293 5169 ί
326 5131 465 5185 Vide
491 5139 605 5185 not.
640 5129 764 5182 228.

270 5220 295 5258 8
322 5209 458 5265 Vide
479 5218 597 5264 not.
627 5207 750 5262 229.

270 5301 348 5382 (α)
380 5301 458 5382 Ita
484 5317 584 5356 ms.
617 5301 753 5382 Voss
783 5309 838 5356 et
857 5301 989 5356 edit.
1021 5301 1198 5356 Vinet.
1233 5301 1354 5370 Alii,
1377 5303 1428 5356 in
1454 5302 1588 5356 istis.
1623 5301 1782 5358 Utra-

206 5387 300 5442 que
331 5380 490 5426 lectio
520 5380 760 5440 recepta.

269 5451 344 5518 (11)
377 5448 586 5512 Habui,
606 5449 675 5522 _id
704 5458 788 5522 est
818 5449 1059 5506 habitari.
1091 5451 1180 5506 Sic
1208 5451 1394 5522 habere
1422 5467 1522 5522 pro
1548 5451 1782 5508 habitare

204 5529 573 5592 usurpatuma
597 5519 896 5592 Prudentio
921 5565 936 5589 ,
979 5523 1069 5577 lib.
1099 5540 1136 5577 u
1163 5530 1351 5577 contra
1375 5519 1776 5592 Svmmachum,

203 5605 250 5643 v.
279 5589 404 5642 299.
424 5588 572 5643 Vide
597 5587 872 5644 Heinsium
904 5587 957 5645 in
985 5594 1144 5648 notis.

268 5670 342 5744 (ι)
372 5669 512 5722 Ante
539 5676 658 5744 erat
685 5671 891 5744 eversis.
919 5670 1044 5726 Levi
1070 5673 1207 5728 facta
1230 5673 1603 5729 immutatione
1625 5689 1780 5744 repoo

201 5740 421 5802 mimus,
453 5739 668 5803 aversis,
702 5739 752 5793 id
778 5749 861 5794 est
887 5744 1110 5797 remotis.

266 5817 347 5887 (11)
377 5817 454 5871 Ita
479 5816 747 5879 editiones
763 5816 1123 5891 Constantini,
1146 5821 1348 5878 Poclm.
1383 5831 1437 5877 et
1459 5823 1632 5879 Vinet.
1654 5840 1774 5880 011111

480 5906 754 5968 Ριτιιοι..
803 5909 966 5970 LXI.

2047 3292 2159 3361 Qua
2202 3294 2274 3366 (e)
2326 3295 2471 3354 Betis
2509 3293 2802 3362 Oceanum,
2846 3297 3290 3371 Thyrrenumque
3334 3314 3488 3372 auget

3217 3395 3489 3468 [Hiberus,

2047 3481 2284 3554 Lataquc
2313 3483 2561 3538 distantis
2582 3483 2753 3555 pelagi
2775 3484 3001 3540 divortia
3024 3487 3277 3558 complet,

2045 3572 2186 3629 Orbe
2215 3591 2312 3629 suo
2343 3573 2502 3630 11110111
2532 3591 2740 3645 ponens
2770 3577 2820 3630 in
2851 3576 2940 3630 lim
2968 3586 3018 3632 tc
3044 3578 3272 3634 mundi?

2115 3668 2195 3721 An
2245 3668 2360 3734 tibi,
2406 3669 2478 3722 mi
2527 3668 2742 3724 domine
2775 3669 3015 3736 illustris,
3067 3673 3110 3726 si
3141 3672 3377 3726 scribere
3422 3673 3490 3731 sit

3291 3764 3490 3837 [mens,

1899 3847 2003 3902 210
2039 3849 2154 3916 Qua
2179 3851 2400 3919 regione
2428 3851 2658 3916 habites,
2692 3852 2902 3922 placeat
2931 3854 3158 3910 reticere
3194 3855 3455 3910 nitentem

2044 3941 2404 4010 Burdigalam,
2438 3952 2492 3997 et
2527 3946 2708 4012 piceos
2737 3945 2892 3998 malis
2920 3945 3224 4000 describere
3256 3946 3452 4002 Boios?

2041 4035 2283 4102 Cumque
2315 4034 2633 4103 Marojalicis
2664 4045 2751 4089 tua
2785 4038 3019 4106 prodigis
3050 4047 3072 4073 °
3107 4038 3216 4094 otia
3237 4039 3484 4104 thermis,

2041 4125 2184 4180 Inter
2213 4133 2267 4179 et
2305 4125 2584 4180 umbrosos
2609 4126 2778 4182 donas
2805 4127 2897 4181 tibi
2922 4128 3100 4181 vivere
3126 4128 3302 4195 lucos,

2041 4216 2182 4269 Lana
2212 4216 2364 4280 locis,
2389 4223 2444 4269 et
2472 4216 2606 4269 mira
2636 4216 2818 4270 colens
2841 4217 3144 4272 habitacula
3177 4221 3331 4274 tectis
3362 4239 3373 4274 :

1894 4312 2002 4371 245
2038 4310 2387 4378 Nigrantesne
2415 4323 2570 4362 casas
2614 4317 2668 4361 et
2700 4307 2767 4378 (ι’)
2798 4315 2940 4362 texta
2988 4310 3217 4378 mapalia
3263 4313 3442 4367 culmo
3466 4355 3482 4380 ,

2037 4397 2348 4470 Dignaque'
2379 4397 2576 4468 pellitis
2601 4398 2808 4452 habitas
2833 4398 3043 4454 deserta
3075 4400 3340 4470 Bigerris?

2035 4493 2245 4562 Quique
2268 4490 2497 4560 superba
2528 4498 2630 4545 11110
2658 4491 2700 4521 ⁸¹
2730 4493 3032 4548 contemnis
3073 4496 3266 4548 mmnia
3301 4495 3482 4553 Romae

2032 4584 2251 4651 Consul,
2280 4598 2538 4638 arenosos
2567 4592 2592 4630 κ
2625 4598 2750 4637 1111111
2773 4583 3063 4651 dedignare
3093 4586 3357 4643 Vasatas?

1892 4745 1992 4784 ms.
2027 4727 2212 4784 codice
2251 4727 2419 4794 Regio
2467 4735 2520 4780 et
2554 4727 2676 4781 edd.
2726 4727 2911 4782 Schol.
2948 4725 3046 4780 Ezl.
3085 4726 3341 4784 liosv.....
3375 4731 3481 4784 Au-

1892 4810 2040 4870 gusta
2071 4800 2151 4851 cui
2184 4798 2477 4851 Bai-cianus
2506 4815 2728 4850 amoma.

1966 4885 2222 4960 (e)7Prior
2245 4886 2447 4960 syllaba
2477 4887 2530 4940 iu
2554 4887 2720 4960 Brutis
2751 4905 3029 4958 perperam
3058 4891 3346 4960 corripitur
3361 4910 3481 4947 011111

1893 4957 2255 5029 diphthongus
2278 4958 2382 5029 sit;
2398 4967 2459 5029 et
2485 4959 2664 5026 priore
2697 4957 2857 5029 longa
2901 4960 3093 5026 legitur
3117 4957 3256 5028 apud
3310 4962 3480 5015 [11011-

1895 5026 2046 5099 num,
2071 5026 2324 5086 Statium.
2347 5027 2561 5099 Silium,
2587 5037 2641 5082 et
2671 5026 2858 5084 omnes
2881 5040 3089 5099 poetas.
3122 5026 3190 5084 Ut
3217 5032 3480 5099 igiturlcx

1895 5098 2051 5152 metri
2077 5105 2385 5151 servaretur
2415 5097 2644 5164 legerem
2682 5116 2692 5150 :

1985 5199 2088 5256 Qua
2112 5198 2234 5246 Breti
2261 5198 2524 5256 Oceanum,
2550 5199 2956 5261 Thyrreuumuue
2981 5207 3130 5262 auget
3158 5200 3364 5250 Hibero.

1894 5295 2037 5364 Duos
2061 5309 2248 5364 amnes
2275 5293 2516 5358 denotat,
2550 5310 2777 5364 quorum
2805 5295 2962 5348 Baetis
2992 5297 3042 5350 in
3069 5293 3360 5363 Oceanum,
3385 5297 3477 5352 Ilio

1891 5363 2054 5419 berus
2080 5364 2132 5418 in
2159 5363 2494 5435 Tyrrhenum
2524 5363 2674 5419 mare
2702 5381 2820 5418 sese
2846 5373 3164 5435 exonerant.
3195 5366 3475 5434 Vulgatzuu

1891 5442 2074 5489 tamen
2101 5433 2418 5489 retinuimus
2442 5435 2752 5501 lectionem,
2779 5450 2938 5503 quam
2982 5433 3186 5488 Paulini
3219 5433 3338 5491 esse
3382 5456 3468 5490 ar-

1889 5504 2172 5574 bitramur,
2205 5520 2327 5560 cum
2364 5520 2483 5560 eam
2508 5506 2752 5561 codicum
2776 5504 3015 5558 omnium
3047 5512 3263 5557 tueatur
3287 5517 3472 5566 auclo-

1889 5575 2040 5630 ritas.

1960 5665 2030 5738 (n
2061 5665 2150 5721 Sic
2177 5681 2305 5738 mss.
2338 5667 2552 5722 codices
2581 5666 2714 5734 Reg.
2751 5674 2811 5738 et
2835 5665 2991 5738 Voss.
3025 5672 3080 5718 ct
3100 5663 3248 5738 _editi
3272 5666 3466 5738 Graia,

1889 5733 2093 5791 Poélm.
2137 5745 2191 5790 et
2215 5737 2400 5792 Schot.
2437 5738 2488 5791 in
2519 5748 2719 5802 margg.
2757 5735 2886 5790 Vide
2934 5734 3046 5789 Nic.
3100 5734 3373 5793 Heinsiqu
3415 5742 3468 5795 in

1889 5809 2031 5862 notis
2051 5809 2118 5862 ad
2150 5807 2437 5863 Nasonem.
2464 5807 2582 5874 Alii,
2619 5815 2767 5872 tecta,
2800 5821 2919 5860 cum
2945 5805 3106 5864 Rosv.

3196 5914 3268 5975 15
