  <div class='ocr_page' id='page_1' title='image "/cluster/home/n/w/nwhite01/storage/ocr_20150623/61/hvd.32044004824777/235.png"; bbox 0 0 4008 6346; ppageno 0'>
   <div class='ocr_carea' id='block_1_1' title="bbox 497 323 600 378">
    <p class='ocr_par' dir='ltr' id='par_1_1' title="bbox 497 323 600 378">
     <span class='ocr_line' id='line_1_1' title="bbox 497 323 600 378; baseline 0.029 -3"><span class='ocrx_word' id='word_1_1' title='bbox 497 323 600 378; x_wconf 67' lang='grc'><strong>459</strong></span> 
     </span>
    </p>
   </div>
   <div class='ocr_carea' id='block_1_2' title="bbox 643 464 2160 539">
    <p class='ocr_par' dir='ltr' id='par_1_2' title="bbox 643 464 2160 539">
     <span class='ocr_line' id='line_1_2' title="bbox 643 464 2160 539; baseline -0.007 -13"><span class='ocrx_word' id='word_1_2' title='bbox 643 469 749 526; x_wconf 83' lang='lat' dir='ltr'><strong>Ve’l</strong></span> <span class='ocrx_word' id='word_1_3' title='bbox 775 469 898 539; x_wconf 87' lang='lat' dir='ltr'><strong>quia</strong></span> <span class='ocrx_word' id='word_1_4' title='bbox 915 465 1208 522; x_wconf 58' lang='lat' dir='ltr'><strong>&#39;Pictoziicis</strong></span> <span class='ocrx_word' id='word_1_5' title='bbox 1231 464 1324 518; x_wconf 93' lang='lat' dir='ltr'><strong>tibi</strong></span> <span class='ocrx_word' id='word_1_6' title='bbox 1356 465 1531 518; x_wconf 81' lang='lat' dir='ltr'><strong>fertile</strong></span> <span class='ocrx_word' id='word_1_7' title='bbox 1567 480 1660 518; x_wconf 92' lang='lat' dir='ltr'><strong>rus</strong></span> <span class='ocrx_word' id='word_1_8' title='bbox 1684 464 1820 518; x_wconf 92' lang='lat' dir='ltr'><strong>viret</strong></span> <span class='ocrx_word' id='word_1_9' title='bbox 1848 465 2008 523; x_wconf 85' lang='lat' dir='ltr'><strong>arvis,</strong></span> <span class='ocrx_word' id='word_1_10' title='bbox 2113 465 2160 523; x_wconf 86' lang='grc' dir='ltr'><strong>Α</strong></span> 
     </span>
    </p>
   </div>
   <div class='ocr_carea' id='block_1_3' title="bbox 661 552 2091 626">
    <p class='ocr_par' dir='ltr' id='par_1_3' title="bbox 661 552 2091 626">
     <span class='ocr_line' id='line_1_3' title="bbox 661 552 2091 626; baseline -0.008 -11"><span class='ocrx_word' id='word_1_11' title='bbox 661 569 687 598; x_wconf 75' lang='grc' dir='ltr'>ι</span> <span class='ocrx_word' id='word_1_12' title='bbox 714 560 1018 614; x_wconf 77' lang='lat' dir='ltr'><strong>Rauranum</strong></span> <span class='ocrx_word' id='word_1_13' title='bbox 1048 557 1126 626; x_wconf 90' lang='lat' dir='ltr'><strong>(a)</strong></span> <span class='ocrx_word' id='word_1_14' title='bbox 1157 555 1419 610; x_wconf 78' lang='lat' dir='ltr'><strong>Ausonias</strong></span> <span class='ocrx_word' id='word_1_15' title='bbox 1455 553 1529 624; x_wconf 76' lang='grc' dir='ltr'><strong>(ὁ)</strong></span> <span class='ocrx_word' id='word_1_16' title='bbox 1571 553 1674 608; x_wconf 89' lang='lat' dir='ltr'><strong>huc</strong></span> <span class='ocrx_word' id='word_1_17' title='bbox 1701 553 1980 607; x_wconf 83' lang='lat' dir='ltr'><strong>devexisse</strong></span> <span class='ocrx_word' id='word_1_18' title='bbox 2019 552 2091 622; x_wconf 76' lang='grc' dir='ltr'><strong>(ε)</strong></span> 
     </span>
    </p>
   </div>
   <div class='ocr_carea' id='block_1_4' title="bbox 1861 642 2095 713">
    <p class='ocr_par' dir='ltr' id='par_1_4' title="bbox 1861 642 2095 713">
     <span class='ocr_line' id='line_1_4' title="bbox 1861 642 2095 713; baseline -0.013 -16"><span class='ocrx_word' id='word_1_19' title='bbox 1861 642 2095 713; x_wconf 80' lang='lat' dir='ltr'><strong>[curules</strong></span> 
     </span>
    </p>
   </div>
   <div class='ocr_carea' id='block_1_5' title="bbox 659 730 2093 809">
    <p class='ocr_par' dir='ltr' id='par_1_5' title="bbox 659 730 2093 809">
     <span class='ocr_line' id='line_1_5' title="bbox 659 730 2093 809; baseline -0.009 -15"><span class='ocrx_word' id='word_1_20' title='bbox 659 739 999 809; x_wconf 86' lang='lat' dir='ltr'><strong>Conquerar;</strong></span> <span class='ocrx_word' id='word_1_21' title='bbox 1046 745 1100 792; x_wconf 92' lang='lat' dir='ltr'><strong>et</strong></span> <span class='ocrx_word' id='word_1_22' title='bbox 1152 735 1393 789; x_wconf 85' lang='lat' dir='ltr'><strong>trabeam</strong></span> <span class='ocrx_word' id='word_1_23' title='bbox 1438 730 1607 789; x_wconf 82' lang='lat' dir='ltr'><strong>veteri</strong></span> <span class='ocrx_word' id='word_1_24' title='bbox 1654 733 1966 788; x_wconf 87' lang='lat' dir='ltr'><strong>sordescere</strong></span> <span class='ocrx_word' id='word_1_25' title='bbox 2016 731 2093 802; x_wconf 80' lang='grc' dir='ltr'><strong>(ιι)</strong></span> 
     </span>
    </p>
   </div>
   <div class='ocr_carea' id='block_1_6' title="bbox 1855 820 2097 890">
    <p class='ocr_par' dir='ltr' id='par_1_6' title="bbox 1855 820 2097 890">
     <span class='ocr_line' id='line_1_6' title="bbox 1855 820 2097 890; baseline -0.012 -16"><span class='ocrx_word' id='word_1_26' title='bbox 1855 820 2053 890; x_wconf 84' lang='lat' dir='ltr'><strong>[panno</strong></span> <span class='ocrx_word' id='word_1_27' title='bbox 2074 820 2097 871; x_wconf 88' lang='lat'><strong>?</strong></span> 
     </span>
    </p>
   </div>
   <div class='ocr_carea' id='block_1_7' title="bbox 661 910 1965 984">
    <p class='ocr_par' dir='ltr' id='par_1_7' title="bbox 661 910 1965 984">
     <span class='ocr_line' id='line_1_7' title="bbox 661 910 1965 984; baseline -0.008 -12"><span class='ocrx_word' id='word_1_28' title='bbox 661 918 787 983; x_wconf 63' lang='lat' dir='ltr'><strong>Quae</strong></span> <span class='ocrx_word' id='word_1_29' title='bbox 818 925 996 971; x_wconf 91' lang='lat' dir='ltr'><strong>tamen</strong></span> <span class='ocrx_word' id='word_1_30' title='bbox 1025 923 1248 984; x_wconf 91' lang='lat' dir='ltr'><strong>augusta</strong></span> <span class='ocrx_word' id='word_1_31' title='bbox 1279 914 1507 968; x_wconf 83' lang='lat' dir='ltr'><strong>Latiaris</strong></span> <span class='ocrx_word' id='word_1_32' title='bbox 1531 913 1581 968; x_wconf 92' lang='lat' dir='ltr'><strong>in</strong></span> <span class='ocrx_word' id='word_1_33' title='bbox 1605 913 1737 967; x_wconf 88' lang='lat' dir='ltr'><strong>urbe</strong></span> <span class='ocrx_word' id='word_1_34' title='bbox 1759 910 1965 976; x_wconf 86' lang='lat' dir='ltr'><strong>Quirini</strong></span> 
     </span>
    </p>
   </div>
   <div class='ocr_carea' id='block_1_8' title="bbox 659 1005 1745 1077">
    <p class='ocr_par' dir='ltr' id='par_1_8' title="bbox 659 1005 1745 1077">
     <span class='ocr_line' id='line_1_8' title="bbox 659 1005 1745 1077; baseline -0.005 -14"><span class='ocrx_word' id='word_1_35' title='bbox 659 1010 934 1064; x_wconf 71' lang='lat' dir='ltr'><strong>Ctesareas</strong></span> <span class='ocrx_word' id='word_1_36' title='bbox 962 1009 1102 1062; x_wconf 89' lang='lat' dir='ltr'><strong>inter</strong></span> <span class='ocrx_word' id='word_1_37' title='bbox 1125 1007 1280 1077; x_wconf 81' lang='lat' dir='ltr'><strong>parili</strong></span> <span class='ocrx_word' id='word_1_38' title='bbox 1302 1006 1454 1058; x_wconf 90' lang='lat' dir='ltr'><strong>titulo</strong></span> <span class='ocrx_word' id='word_1_39' title='bbox 1483 1005 1745 1074; x_wconf 90' lang='lat' dir='ltr'><strong>palmatas</strong></span> 
     </span>
    </p>
   </div>
   <div class='ocr_carea' id='block_1_9' title="bbox 662 1093 1970 1168">
    <p class='ocr_par' dir='ltr' id='par_1_9' title="bbox 662 1093 1970 1168">
     <span class='ocr_line' id='line_1_9' title="bbox 662 1093 1970 1168; baseline -0.006 -16"><span class='ocrx_word' id='word_1_40' title='bbox 662 1098 853 1168; x_wconf 82' lang='lat' dir='ltr'><strong>Fulget</strong></span> <span class='ocrx_word' id='word_1_41' title='bbox 875 1100 927 1152; x_wconf 92' lang='lat' dir='ltr'><strong>in</strong></span> <span class='ocrx_word' id='word_1_42' title='bbox 948 1097 1133 1152; x_wconf 87' lang='lat' dir='ltr'><strong>attrito</strong></span> <span class='ocrx_word' id='word_1_43' title='bbox 1162 1097 1377 1163; x_wconf 86' lang='lat' dir='ltr'><strong>longum</strong></span> <span class='ocrx_word' id='word_1_44' title='bbox 1407 1095 1450 1126; x_wconf 83' lang='grc'><strong>³³</strong></span> <span class='ocrx_word' id='word_1_45' title='bbox 1480 1093 1796 1148; x_wconf 87' lang='lat' dir='ltr'><strong>venerabilis</strong></span> <span class='ocrx_word' id='word_1_46' title='bbox 1819 1106 1970 1155; x_wconf 89' lang='lat' dir='ltr'><strong>auro,</strong></span> 
     </span>
    </p>
   </div>
   <div class='ocr_carea' id='block_1_10' title="bbox 525 1186 1965 1244">
    <p class='ocr_par' dir='ltr' id='par_1_10' title="bbox 525 1186 1965 1244">
     <span class='ocr_line' id='line_1_10' title="bbox 525 1186 1965 1244; baseline -0.007 1"><span class='ocrx_word' id='word_1_47' title='bbox 525 1190 629 1244; x_wconf 75' lang='lat'><strong>255</strong></span> <span class='ocrx_word' id='word_1_48' title='bbox 663 1190 968 1244; x_wconf 87' lang='lat' dir='ltr'><strong>Florentem</strong></span> <span class='ocrx_word' id='word_1_49' title='bbox 991 1189 1230 1244; x_wconf 89' lang='lat' dir='ltr'><strong>retinens</strong></span> <span class='ocrx_word' id='word_1_50' title='bbox 1259 1187 1433 1242; x_wconf 87' lang='lat' dir='ltr'><strong>meriti</strong></span> <span class='ocrx_word' id='word_1_51' title='bbox 1454 1186 1658 1241; x_wconf 84' lang='lat' dir='ltr'><strong>vivacis</strong></span> <span class='ocrx_word' id='word_1_52' title='bbox 1687 1186 1965 1239; x_wconf 87' lang='lat' dir='ltr'><strong>honorem.</strong></span> 
     </span>
    </p>
   </div>
   <div class='ocr_carea' id='block_1_11' title="bbox 665 1273 1866 1338">
    <p class='ocr_par' dir='ltr' id='par_1_11' title="bbox 665 1273 1866 1338">
     <span class='ocr_line' id='line_1_11' title="bbox 665 1273 1866 1338; baseline -0.007 -4"><span class='ocrx_word' id='word_1_53' title='bbox 665 1282 771 1336; x_wconf 84' lang='lat' dir='ltr'><strong>Aut</strong></span> <span class='ocrx_word' id='word_1_54' title='bbox 797 1295 918 1333; x_wconf 91' lang='lat' dir='ltr'><strong>cum</strong></span> <span class='ocrx_word' id='word_1_55' title='bbox 948 1278 1145 1332; x_wconf 91' lang='lat' dir='ltr'><strong>Lucani</strong></span> <span class='ocrx_word' id='word_1_56' title='bbox 1168 1277 1417 1332; x_wconf 92' lang='lat' dir='ltr'><strong>retineris</strong></span> <span class='ocrx_word' id='word_1_57' title='bbox 1446 1275 1678 1331; x_wconf 89' lang='lat' dir='ltr'><strong>culmine</strong></span> <span class='ocrx_word' id='word_1_58' title='bbox 1701 1273 1866 1338; x_wconf 85' lang='lat' dir='ltr'><strong>fundi,</strong></span> 
     </span>
    </p>
   </div>
   <div class='ocr_carea' id='block_1_12' title="bbox 664 1366 1886 1435">
    <p class='ocr_par' dir='ltr' id='par_1_12' title="bbox 664 1366 1886 1435">
     <span class='ocr_line' id='line_1_12' title="bbox 664 1366 1886 1435; baseline -0.007 -9"><span class='ocrx_word' id='word_1_59' title='bbox 664 1371 878 1426; x_wconf 66' lang='lat' dir='ltr'><strong>Emula</strong></span> <span class='ocrx_word' id='word_1_60' title='bbox 903 1370 1174 1425; x_wconf 84' lang='lat' dir='ltr'><strong>Romuleis</strong></span> <span class='ocrx_word' id='word_1_61' title='bbox 1202 1369 1448 1423; x_wconf 90' lang='lat' dir='ltr'><strong>habitans</strong></span> <span class='ocrx_word' id='word_1_62' title='bbox 1469 1367 1677 1435; x_wconf 91' lang='lat' dir='ltr'><strong>fastigia</strong></span> <span class='ocrx_word' id='word_1_63' title='bbox 1711 1366 1886 1428; x_wconf 88' lang='lat' dir='ltr'><strong>tectis,</strong></span> 
     </span>
    </p>
   </div>
   <div class='ocr_carea' id='block_1_13' title="bbox 666 1455 2029 1530">
    <p class='ocr_par' dir='ltr' id='par_1_13' title="bbox 666 1455 2029 1530">
     <span class='ocr_line' id='line_1_13' title="bbox 666 1455 2029 1530; baseline -0.009 -13"><span class='ocrx_word' id='word_1_64' title='bbox 666 1461 944 1516; x_wconf 81' lang='lat' dir='ltr'><strong>Materiam</strong></span> <span class='ocrx_word' id='word_1_65' title='bbox 974 1460 1244 1530; x_wconf 73' lang='lat' dir='ltr'><strong>praebente</strong></span> <span class='ocrx_word' id='word_1_66' title='bbox 1274 1459 1415 1525; x_wconf 93' lang='lat' dir='ltr'><strong>loco,</strong></span> <span class='ocrx_word' id='word_1_67' title='bbox 1442 1458 1532 1526; x_wconf 88' lang='lat' dir='ltr'><strong>qui</strong></span> <span class='ocrx_word' id='word_1_68' title='bbox 1562 1456 1803 1525; x_wconf 83' lang='lat' dir='ltr'><strong>proxima</strong></span> <span class='ocrx_word' id='word_1_69' title='bbox 1833 1455 2029 1522; x_wconf 80' lang='lat' dir='ltr'><strong>signat,</strong></span> 
     </span>
    </p>
   </div>
   <div class='ocr_carea' id='block_1_14' title="bbox 669 1549 1679 1616">
    <p class='ocr_par' dir='ltr' id='par_1_14' title="bbox 669 1549 1679 1616">
     <span class='ocr_line' id='line_1_14' title="bbox 669 1549 1679 1616; baseline -0.006 -9"><span class='ocrx_word' id='word_1_70' title='bbox 669 1553 727 1606; x_wconf 92' lang='lat' dir='ltr'><strong>ln</strong></span> <span class='ocrx_word' id='word_1_71' title='bbox 753 1552 1053 1607; x_wconf 91' lang='lat' dir='ltr'><strong>Condatino</strong></span> <span class='ocrx_word' id='word_1_72' title='bbox 1081 1549 1273 1604; x_wconf 91' lang='lat' dir='ltr'><strong>diceris</strong></span> <span class='ocrx_word' id='word_1_73' title='bbox 1300 1549 1494 1616; x_wconf 90' lang='lat' dir='ltr'><strong>degere</strong></span> <span class='ocrx_word' id='word_1_74' title='bbox 1522 1549 1679 1603; x_wconf 83' lang='lat' dir='ltr'><strong>vico?</strong></span> 
     </span>
    </p>
   </div>
   <div class='ocr_carea' id='block_1_15' title="bbox 425 1632 2101 1710">
    <p class='ocr_par' dir='ltr' id='par_1_15' title="bbox 425 1632 2101 1710">
     <span class='ocr_line' id='line_1_15' title="bbox 425 1632 2101 1710; baseline -0.004 -14"><span class='ocrx_word' id='word_1_75' title='bbox 425 1641 436 1650; x_wconf 86' lang='grc'><em>”</em></span> <span class='ocrx_word' id='word_1_76' title='bbox 525 1641 629 1696; x_wconf 74' lang='grc'>260</span> <span class='ocrx_word' id='word_1_77' title='bbox 733 1641 1051 1709; x_wconf 81' lang='lat' dir='ltr'><strong>Multajocis</strong></span> <span class='ocrx_word' id='word_1_78' title='bbox 1072 1639 1721 1710; x_wconf 87' lang='lat' dir='ltr'><strong>pateant;liceatquoque</strong></span> <span class='ocrx_word' id='word_1_79' title='bbox 1743 1632 1926 1691; x_wconf 79' lang='lat' dir='ltr'><strong>ludere</strong></span> <span class='ocrx_word' id='word_1_80' title='bbox 1948 1635 2101 1690; x_wconf 91' lang='lat' dir='ltr'><strong>ﬁctis.</strong></span> 
     </span>
    </p>
   </div>
   <div class='ocr_carea' id='block_1_16' title="bbox 669 1728 2103 1798">
    <p class='ocr_par' dir='ltr' id='par_1_16' title="bbox 669 1728 2103 1798">
     <span class='ocr_line' id='line_1_16' title="bbox 669 1728 2103 1798; baseline -0.005 -12"><span class='ocrx_word' id='word_1_81' title='bbox 669 1731 778 1786; x_wconf 89' lang='lat' dir='ltr'><strong>Sed</strong></span> <span class='ocrx_word' id='word_1_82' title='bbox 803 1732 979 1798; x_wconf 78' lang='lat' dir='ltr'><strong>lingua</strong></span> <span class='ocrx_word' id='word_1_83' title='bbox 1008 1730 1275 1784; x_wconf 88' lang='lat' dir='ltr'><strong>mulcente</strong></span> <span class='ocrx_word' id='word_1_84' title='bbox 1299 1743 1516 1797; x_wconf 78' lang='lat' dir='ltr'><strong>gravem</strong></span> <span class='ocrx_word' id='word_1_85' title='bbox 1545 1728 1850 1782; x_wconf 88' lang='lat' dir='ltr'><strong>interlidere</strong></span> <span class='ocrx_word' id='word_1_86' title='bbox 1871 1728 2103 1791; x_wconf 81' lang='lat' dir='ltr'><strong>dentem,</strong></span> 
     </span>
    </p>
   </div>
   <div class='ocr_carea' id='block_1_17' title="bbox 670 1821 1930 1887">
    <p class='ocr_par' dir='ltr' id='par_1_17' title="bbox 670 1821 1930 1887">
     <span class='ocr_line' id='line_1_17' title="bbox 670 1821 1930 1887; baseline -0.001 -10"><span class='ocrx_word' id='word_1_87' title='bbox 670 1824 879 1878; x_wconf 86' lang='lat' dir='ltr'><strong>Ludere</strong></span> <span class='ocrx_word' id='word_1_88' title='bbox 893 1823 1166 1878; x_wconf 92' lang='lat' dir='ltr'><strong>blanditiis</strong></span> <span class='ocrx_word' id='word_1_89' title='bbox 1185 1823 1478 1887; x_wconf 89' lang='lat' dir='ltr'><strong>urentibus,</strong></span> <span class='ocrx_word' id='word_1_90' title='bbox 1502 1831 1555 1878; x_wconf 91' lang='lat' dir='ltr'><strong>et</strong></span> <span class='ocrx_word' id='word_1_91' title='bbox 1583 1823 1722 1876; x_wconf 91' lang='lat' dir='ltr'><strong>male</strong></span> <span class='ocrx_word' id='word_1_92' title='bbox 1749 1821 1930 1876; x_wconf 87' lang='lat' dir='ltr'><strong>dulces</strong></span> 
     </span>
    </p>
   </div>
   <div class='ocr_carea' id='block_1_18' title="bbox 672 1914 1875 1983">
    <p class='ocr_par' dir='ltr' id='par_1_18' title="bbox 672 1914 1875 1983">
     <span class='ocr_line' id='line_1_18' title="bbox 672 1914 1875 1983; baseline 0.001 -14"><span class='ocrx_word' id='word_1_93' title='bbox 672 1915 1017 1969; x_wconf 86' lang='lat' dir='ltr'><strong>Fermentare</strong></span> <span class='ocrx_word' id='word_1_94' title='bbox 1033 1914 1187 1983; x_wconf 90' lang='lat' dir='ltr'><strong>jocos</strong></span> <span class='ocrx_word' id='word_1_95' title='bbox 1211 1915 1388 1969; x_wconf 67' lang='lat' dir='ltr'><strong>satine</strong></span> <span class='ocrx_word' id='word_1_96' title='bbox 1408 1915 1674 1970; x_wconf 90' lang='lat' dir='ltr'><strong>mordacis</strong></span> <span class='ocrx_word' id='word_1_97' title='bbox 1702 1923 1875 1979; x_wconf 89' lang='lat' dir='ltr'><strong>aceto,</strong></span> 
     </span>
    </p>
   </div>
   <div class='ocr_carea' id='block_1_19' title="bbox 670 2005 2102 2077">
    <p class='ocr_par' dir='ltr' id='par_1_19' title="bbox 670 2005 2102 2077">
     <span class='ocr_line' id='line_1_19' title="bbox 670 2005 2102 2077; baseline -0.001 -16"><span class='ocrx_word' id='word_1_98' title='bbox 670 2005 823 2077; x_wconf 68' lang='lat' dir='ltr'><strong>Saepe</strong></span> <span class='ocrx_word' id='word_1_99' title='bbox 849 2013 1149 2076; x_wconf 89' lang='lat' dir='ltr'><strong>poetarum,</strong></span> <span class='ocrx_word' id='word_1_100' title='bbox 1166 2021 1455 2074; x_wconf 87' lang='lat' dir='ltr'><strong>numquam</strong></span> <span class='ocrx_word' id='word_1_101' title='bbox 1484 2007 1637 2062; x_wconf 91' lang='lat' dir='ltr'><strong>decet</strong></span> <span class='ocrx_word' id='word_1_102' title='bbox 1657 2021 1774 2062; x_wconf 89' lang='lat' dir='ltr'><strong>esse</strong></span> <span class='ocrx_word' id='word_1_103' title='bbox 1799 2014 2102 2077; x_wconf 90' lang='lat' dir='ltr'><strong>parentum.</strong></span> 
     </span>
    </p>
   </div>
   <div class='ocr_carea' id='block_1_20' title="bbox 529 2099 2109 2170">
    <p class='ocr_par' dir='ltr' id='par_1_20' title="bbox 529 2099 2109 2170">
     <span class='ocr_line' id='line_1_20' title="bbox 529 2099 2109 2170; baseline -0.001 -16"><span class='ocrx_word' id='word_1_104' title='bbox 529 2099 634 2154; x_wconf 74' lang='lat'><strong>265</strong></span> <span class='ocrx_word' id='word_1_105' title='bbox 674 2100 912 2170; x_wconf 87' lang='lat' dir='ltr'><strong>Namque</strong></span> <span class='ocrx_word' id='word_1_106' title='bbox 941 2099 1297 2170; x_wconf 67' lang='lat'><strong>373-374</strong></span> <span class='ocrx_word' id='word_1_107' title='bbox 1321 2099 1452 2154; x_wconf 91' lang='lat' dir='ltr'><strong>ﬁdes</strong></span> <span class='ocrx_word' id='word_1_108' title='bbox 1480 2102 1756 2169; x_wconf 88' lang='lat' dir='ltr'><strong>pietasque</strong></span> <span class='ocrx_word' id='word_1_109' title='bbox 1797 2108 2004 2170; x_wconf 90' lang='lat' dir='ltr'><strong>petunt,</strong></span> <span class='ocrx_word' id='word_1_110' title='bbox 2049 2107 2109 2154; x_wconf 88' lang='lat' dir='ltr'><strong>ut</strong></span> 
     </span>
    </p>
   </div>
   <div class='ocr_carea' id='block_1_21' title="bbox 1493 2191 2106 2260">
    <p class='ocr_par' dir='ltr' id='par_1_21' title="bbox 1493 2191 2106 2260">
     <span class='ocr_line' id='line_1_21' title="bbox 1493 2191 2106 2260; baseline -0.002 -15"><span class='ocrx_word' id='word_1_111' title='bbox 1493 2191 1664 2260; x_wconf 77' lang='lat' dir='ltr'><strong>[quod</strong></span> <span class='ocrx_word' id='word_1_112' title='bbox 1692 2191 1831 2243; x_wconf 88' lang='lat' dir='ltr'><strong>mala</strong></span> <span class='ocrx_word' id='word_1_113' title='bbox 1866 2198 2106 2254; x_wconf 88' lang='lat' dir='ltr'><strong>nectens,</strong></span> 
     </span>
    </p>
   </div>
   <div class='ocr_carea' id='block_1_22' title="bbox 670 2280 2102 2351">
    <p class='ocr_par' dir='ltr' id='par_1_22' title="bbox 670 2280 2102 2351">
     <span class='ocr_line' id='line_1_22' title="bbox 670 2280 2102 2351; baseline -0.001 -16"><span class='ocrx_word' id='word_1_114' title='bbox 670 2282 906 2336; x_wconf 88' lang='lat' dir='ltr'><strong>lnsiuuat</strong></span> <span class='ocrx_word' id='word_1_115' title='bbox 933 2281 1097 2336; x_wconf 88' lang='lat' dir='ltr'><strong>castis</strong></span> <span class='ocrx_word' id='word_1_116' title='bbox 1122 2281 1261 2334; x_wconf 88' lang='lat' dir='ltr'><strong>fama</strong></span> <span class='ocrx_word' id='word_1_117' title='bbox 1291 2281 1530 2347; x_wconf 88' lang='lat' dir='ltr'><strong>auribus,</strong></span> <span class='ocrx_word' id='word_1_118' title='bbox 1562 2281 1666 2335; x_wconf 92' lang='lat' dir='ltr'><strong>hoc</strong></span> <span class='ocrx_word' id='word_1_119' title='bbox 1712 2281 1852 2334; x_wconf 88' lang='lat' dir='ltr'><strong>bona</strong></span> <span class='ocrx_word' id='word_1_120' title='bbox 1879 2280 1951 2351; x_wconf 91' lang='lat' dir='ltr'><strong>(e)</strong></span> <span class='ocrx_word' id='word_1_121' title='bbox 1992 2281 2102 2333; x_wconf 91' lang='lat' dir='ltr'><strong>voti</strong></span> 
     </span>
    </p>
   </div>
   <div class='ocr_carea' id='block_1_23' title="bbox 671 2370 2106 2442">
    <p class='ocr_par' dir='ltr' id='par_1_23' title="bbox 671 2370 2106 2442">
     <span class='ocr_line' id='line_1_23' title="bbox 671 2370 2106 2442; baseline -0.001 -16"><span class='ocrx_word' id='word_1_122' title='bbox 671 2372 821 2426; x_wconf 79' lang='lat' dir='ltr'><strong>Mens</strong></span> <span class='ocrx_word' id='word_1_123' title='bbox 867 2372 1034 2441; x_wconf 85' lang='lat' dir='ltr'><strong>patris</strong></span> <span class='ocrx_word' id='word_1_124' title='bbox 1080 2373 1240 2440; x_wconf 90' lang='lat' dir='ltr'><strong>afﬁgi,</strong></span> <span class='ocrx_word' id='word_1_125' title='bbox 1303 2373 1572 2442; x_wconf 88' lang='lat' dir='ltr'><strong>ﬁxumque</strong></span> <span class='ocrx_word' id='word_1_126' title='bbox 1621 2373 1914 2425; x_wconf 76' lang='lat' dir='ltr'><strong>haerescere</strong></span> <span class='ocrx_word' id='word_1_127' title='bbox 1959 2370 2106 2425; x_wconf 89' lang='lat' dir='ltr'><strong>cordi</strong></span> 
     </span>
    </p>
   </div>
   <div class='ocr_carea' id='block_1_24' title="bbox 674 2461 2096 2534">
    <p class='ocr_par' dir='ltr' id='par_1_24' title="bbox 674 2461 2096 2534">
     <span class='ocr_line' id='line_1_24' title="bbox 674 2461 2096 2534; baseline -0.004 -14"><span class='ocrx_word' id='word_1_128' title='bbox 674 2466 791 2521; x_wconf 90' lang='lat' dir='ltr'><strong>Non</strong></span> <span class='ocrx_word' id='word_1_129' title='bbox 830 2467 990 2532; x_wconf 84' lang='lat' dir='ltr'><strong>sinat,</strong></span> <span class='ocrx_word' id='word_1_130' title='bbox 1036 2474 1094 2520; x_wconf 92' lang='lat' dir='ltr'><strong>ut</strong></span> <span class='ocrx_word' id='word_1_131' title='bbox 1132 2465 1321 2534; x_wconf 88' lang='lat' dir='ltr'><strong>vulgus</strong></span> <span class='ocrx_word' id='word_1_132' title='bbox 1353 2464 1422 2534; x_wconf 65' lang='grc' dir='ltr'><strong>(Γ)</strong></span> <span class='ocrx_word' id='word_1_133' title='bbox 1467 2478 1639 2518; x_wconf 66' lang='lat' dir='ltr'><strong>saevo</strong></span> <span class='ocrx_word' id='word_1_134' title='bbox 1687 2476 1904 2515; x_wconf 90' lang='lat' dir='ltr'><strong>rumore</strong></span> <span class='ocrx_word' id='word_1_135' title='bbox 1951 2461 2096 2514; x_wconf 89' lang='lat' dir='ltr'><strong>mali-</strong></span> 
     </span>
    </p>
   </div>
   <div class='ocr_carea' id='block_1_25' title="bbox 1903 2551 2107 2624">
    <p class='ocr_par' dir='ltr' id='par_1_25' title="bbox 1903 2551 2107 2624">
     <span class='ocr_line' id='line_1_25' title="bbox 1903 2551 2107 2624; baseline 0.02 -20"><span class='ocrx_word' id='word_1_136' title='bbox 1903 2551 2107 2624; x_wconf 72' lang='lat' dir='ltr'><strong>[guunt].</strong></span> 
     </span>
    </p>
   </div>
   <div class='ocr_carea' id='block_1_26' title="bbox 670 2641 2164 2726">
    <p class='ocr_par' dir='ltr' id='par_1_26' title="bbox 670 2641 2164 2726">
     <span class='ocr_line' id='line_1_26' title="bbox 670 2641 2164 2726; baseline -0.002 -26"><span class='ocrx_word' id='word_1_137' title='bbox 670 2647 809 2700; x_wconf 85' lang='lat' dir='ltr'><strong>Ante</strong></span> <span class='ocrx_word' id='word_1_138' title='bbox 856 2646 1069 2702; x_wconf 89' lang='lat' dir='ltr'><strong>habitos</strong></span> <span class='ocrx_word' id='word_1_139' title='bbox 1115 2660 1328 2708; x_wconf 91' lang='lat' dir='ltr'><strong>mores,</strong></span> <span class='ocrx_word' id='word_1_140' title='bbox 1383 2660 1487 2698; x_wconf 91' lang='lat' dir='ltr'><strong>non</strong></span> <span class='ocrx_word' id='word_1_141' title='bbox 1546 2658 1798 2712; x_wconf 80' lang='lat' dir='ltr'><strong>semper,</strong></span> <span class='ocrx_word' id='word_1_142' title='bbox 1847 2641 2104 2704; x_wconf 81' lang='lat' dir='ltr'><strong>flectere,</strong></span> <span class='ocrx_word' id='word_1_143' title='bbox 2157 2723 2164 2726; x_wconf 24' lang='lat'>.</span> 
     </span>
    </p>
   </div>
   <div class='ocr_carea' id='block_1_27' title="bbox 1814 2733 2106 2806">
    <p class='ocr_par' dir='ltr' id='par_1_27' title="bbox 1814 2733 2106 2806">
     <span class='ocr_line' id='line_1_27' title="bbox 1814 2733 2106 2806; baseline 0.007 -20"><span class='ocrx_word' id='word_1_144' title='bbox 1814 2733 1918 2806; x_wconf 87' lang='lat' dir='ltr'><strong>[(g)</strong></span> <span class='ocrx_word' id='word_1_145' title='bbox 1946 2733 2106 2788; x_wconf 85' lang='lat' dir='ltr'><strong>vitam</strong></span> 
     </span>
    </p>
   </div>
   <div class='ocr_carea' id='block_1_28' title="bbox 529 2822 2104 2896">
    <p class='ocr_par' dir='ltr' id='par_1_28' title="bbox 529 2822 2104 2896">
     <span class='ocr_line' id='line_1_28' title="bbox 529 2822 2104 2896; baseline -0.002 -15"><span class='ocrx_word' id='word_1_146' title='bbox 529 2828 632 2882; x_wconf 73' lang='lat'><strong>270</strong></span> <span class='ocrx_word' id='word_1_147' title='bbox 667 2827 882 2882; x_wconf 89' lang='lat' dir='ltr'><strong>Crimen</strong></span> <span class='ocrx_word' id='word_1_148' title='bbox 915 2826 1078 2882; x_wconf 86' lang='lat' dir='ltr'><strong>habet</strong></span> <span class='ocrx_word' id='word_1_149' title='bbox 1109 2845 1122 2880; x_wconf 87' lang='lat'><strong>:</strong></span> <span class='ocrx_word' id='word_1_150' title='bbox 1157 2840 1386 2896; x_wconf 88' lang='lat' dir='ltr'><strong>namque</strong></span> <span class='ocrx_word' id='word_1_151' title='bbox 1415 2833 1498 2880; x_wconf 89' lang='lat' dir='ltr'><strong>est</strong></span> <span class='ocrx_word' id='word_1_152' title='bbox 1538 2822 1676 2878; x_wconf 87' lang='lat' dir='ltr'><strong>laudi</strong></span> <span class='ocrx_word' id='word_1_153' title='bbox 1708 2823 1845 2878; x_wconf 90' lang='lat' dir='ltr'><strong>bene</strong></span> <span class='ocrx_word' id='word_1_154' title='bbox 1876 2831 2104 2878; x_wconf 86' lang='lat' dir='ltr'><strong>vertere.</strong></span> 
     </span>
    </p>
   </div>
   <div class='ocr_carea' id='block_1_29' title="bbox 1841 2914 2108 2986">
    <p class='ocr_par' dir='ltr' id='par_1_29' title="bbox 1841 2914 2108 2986">
     <span class='ocr_line' id='line_1_29' title="bbox 1841 2914 2108 2986; baseline -0.004 -18"><span class='ocrx_word' id='word_1_155' title='bbox 1841 2914 1993 2986; x_wconf 86' lang='lat' dir='ltr'><strong>[Cum</strong></span> <span class='ocrx_word' id='word_1_156' title='bbox 2023 2929 2108 2968; x_wconf 92' lang='lat' dir='ltr'><strong>me</strong></span> 
     </span>
    </p>
   </div>
   <div class='ocr_carea' id='block_1_30' title="bbox 667 3003 2104 3073">
    <p class='ocr_par' dir='ltr' id='par_1_30' title="bbox 667 3003 2104 3073">
     <span class='ocr_line' id='line_1_30' title="bbox 667 3003 2104 3073; baseline 0 -15"><span class='ocrx_word' id='word_1_157' title='bbox 667 3005 1007 3060; x_wconf 90' lang='lat' dir='ltr'><strong>lmmutatum</strong></span> <span class='ocrx_word' id='word_1_158' title='bbox 1036 3006 1208 3072; x_wconf 89' lang='lat' dir='ltr'><strong>audis,</strong></span> <span class='ocrx_word' id='word_1_159' title='bbox 1239 3004 1470 3059; x_wconf 91' lang='lat' dir='ltr'><strong>studium</strong></span> <span class='ocrx_word' id='word_1_160' title='bbox 1503 3003 1843 3073; x_wconf 90' lang='lat' dir='ltr'><strong>ofﬁciumque</strong></span> <span class='ocrx_word' id='word_1_161' title='bbox 1871 3005 2104 3073; x_wconf 88' lang='lat' dir='ltr'><strong>require.</strong></span> 
     </span>
    </p>
   </div>
   <div class='ocr_carea' id='block_1_31' title="bbox 739 3093 1894 3164">
    <p class='ocr_par' dir='ltr' id='par_1_31' title="bbox 739 3093 1894 3164">
     <span class='ocr_line' id='line_1_31' title="bbox 739 3093 1894 3164; baseline 0 -16"><span class='ocrx_word' id='word_1_162' title='bbox 739 3093 796 3148; x_wconf 87' lang='lat' dir='ltr'><strong>Si</strong></span> <span class='ocrx_word' id='word_1_163' title='bbox 826 3110 990 3163; x_wconf 90' lang='lat' dir='ltr'><strong>pravo</strong></span> <span class='ocrx_word' id='word_1_164' title='bbox 1016 3101 1242 3158; x_wconf 89' lang='lat' dir='ltr'><strong>rectum,</strong></span> <span class='ocrx_word' id='word_1_165' title='bbox 1266 3095 1311 3148; x_wconf 91' lang='lat' dir='ltr'><strong>si</strong></span> <span class='ocrx_word' id='word_1_166' title='bbox 1341 3095 1609 3162; x_wconf 81' lang='lat' dir='ltr'><strong>relligiosa</strong></span> <span class='ocrx_word' id='word_1_167' title='bbox 1638 3093 1894 3164; x_wconf 78' lang='lat' dir='ltr'><strong>profanis,</strong></span> 
     </span>
    </p>
   </div>
   <div class='ocr_carea' id='block_1_32' title="bbox 668 3185 2034 3253">
    <p class='ocr_par' dir='ltr' id='par_1_32' title="bbox 668 3185 2034 3253">
     <span class='ocr_line' id='line_1_32' title="bbox 668 3185 2034 3253; baseline 0 -15"><span class='ocrx_word' id='word_1_168' title='bbox 668 3185 900 3238; x_wconf 79' lang='lat' dir='ltr'><strong>Luxurie</strong></span> <span class='ocrx_word' id='word_1_169' title='bbox 929 3199 1169 3253; x_wconf 90' lang='lat' dir='ltr'><strong>parcum,</strong></span> <span class='ocrx_word' id='word_1_170' title='bbox 1203 3185 1345 3252; x_wconf 87' lang='lat' dir='ltr'><strong>turpi</strong></span> <span class='ocrx_word' id='word_1_171' title='bbox 1380 3191 1614 3238; x_wconf 84' lang='lat' dir='ltr'><strong>mutatur</strong></span> <span class='ocrx_word' id='word_1_172' title='bbox 1646 3185 1688 3215; x_wconf 58' lang='grc' dir='ltr'><strong>³δ</strong></span> <span class='ocrx_word' id='word_1_173' title='bbox 1716 3185 2034 3251; x_wconf 86' lang='lat' dir='ltr'><strong>honestum;</strong></span> 
     </span>
    </p>
   </div>
   <div class='ocr_carea' id='block_1_33' title="bbox 667 3275 2103 3348">
    <p class='ocr_par' dir='ltr' id='par_1_33' title="bbox 667 3275 2103 3348">
     <span class='ocr_line' id='line_1_33' title="bbox 667 3275 2103 3348; baseline 0.002 -19"><span class='ocrx_word' id='word_1_174' title='bbox 667 3275 856 3348; x_wconf 81' lang='lat' dir='ltr'><strong>Segnis</strong></span> <span class='ocrx_word' id='word_1_175' title='bbox 879 3317 894 3341; x_wconf 97' lang='lat'><strong>,</strong></span> <span class='ocrx_word' id='word_1_176' title='bbox 927 3275 1103 3341; x_wconf 91' lang='lat' dir='ltr'><strong>iners,</strong></span> <span class='ocrx_word' id='word_1_177' title='bbox 1129 3275 1389 3330; x_wconf 90' lang='lat' dir='ltr'><strong>obscurus</strong></span> <span class='ocrx_word' id='word_1_178' title='bbox 1418 3289 1518 3342; x_wconf 87' lang='lat' dir='ltr'><strong>ago</strong></span> <span class='ocrx_word' id='word_1_179' title='bbox 1555 3293 1568 3328; x_wconf 91' lang='lat'><strong>:</strong></span> <span class='ocrx_word' id='word_1_180' title='bbox 1602 3275 1858 3330; x_wconf 87' lang='lat' dir='ltr'><strong>miserere</strong></span> <span class='ocrx_word' id='word_1_181' title='bbox 1905 3277 2103 3332; x_wconf 88' lang='lat' dir='ltr'><strong>sodalis</strong></span> 
     </span>
    </p>
   </div>
   <div class='ocr_carea' id='block_1_34' title="bbox 525 3367 2103 3438">
    <p class='ocr_par' dir='ltr' id='par_1_34' title="bbox 525 3367 2103 3438">
     <span class='ocr_line' id='line_1_34' title="bbox 525 3367 2103 3438; baseline 0 -16"><span class='ocrx_word' id='word_1_182' title='bbox 525 3368 630 3422; x_wconf 74' lang='grc'><strong>275</strong></span> <span class='ocrx_word' id='word_1_183' title='bbox 664 3369 720 3422; x_wconf 90' lang='lat' dir='ltr'><strong>ln</strong></span> <span class='ocrx_word' id='word_1_184' title='bbox 749 3369 889 3422; x_wconf 89' lang='lat' dir='ltr'><strong>mala</strong></span> <span class='ocrx_word' id='word_1_185' title='bbox 931 3369 1165 3438; x_wconf 87' lang='lat' dir='ltr'><strong>perversi</strong></span> <span class='ocrx_word' id='word_1_186' title='bbox 1218 3386 1230 3420; x_wconf 92' lang='lat'><strong>:</strong></span> <span class='ocrx_word' id='word_1_187' title='bbox 1275 3367 1524 3422; x_wconf 88' lang='lat' dir='ltr'><strong>blandum</strong></span> <span class='ocrx_word' id='word_1_188' title='bbox 1567 3368 1691 3422; x_wconf 90' lang='lat' dir='ltr'><strong>licet</strong></span> <span class='ocrx_word' id='word_1_189' title='bbox 1717 3368 1794 3421; x_wconf 91' lang='lat' dir='ltr'><strong>ira</strong></span> <span class='ocrx_word' id='word_1_190' title='bbox 1824 3378 2103 3437; x_wconf 85' lang='lat' dir='ltr'><strong>parentem</strong></span> 
     </span>
    </p>
   </div>
   <div class='ocr_carea' id='block_1_35' title="bbox 662 3458 1960 3528">
    <p class='ocr_par' dir='ltr' id='par_1_35' title="bbox 662 3458 1960 3528">
     <span class='ocr_line' id='line_1_35' title="bbox 662 3458 1960 3528; baseline 0 -16"><span class='ocrx_word' id='word_1_191' title='bbox 662 3458 890 3525; x_wconf 82' lang='lat' dir='ltr'><strong>Excitet,</strong></span> <span class='ocrx_word' id='word_1_192' title='bbox 920 3468 977 3512; x_wconf 90' lang='lat' dir='ltr'><strong>ut</strong></span> <span class='ocrx_word' id='word_1_193' title='bbox 1006 3459 1213 3528; x_wconf 87' lang='lat' dir='ltr'><strong>lapsum</strong></span> <span class='ocrx_word' id='word_1_194' title='bbox 1241 3460 1402 3513; x_wconf 88' lang='lat' dir='ltr'><strong>rectis</strong></span> <span class='ocrx_word' id='word_1_195' title='bbox 1443 3459 1704 3514; x_wconf 88' lang='lat' dir='ltr'><strong>instauret</strong></span> <span class='ocrx_word' id='word_1_196' title='bbox 1730 3459 1960 3513; x_wconf 89' lang='lat' dir='ltr'><strong>amicum</strong></span> 
     </span>
    </p>
   </div>
   <div class='ocr_carea' id='block_1_36' title="bbox 667 3553 1972 3621">
    <p class='ocr_par' dir='ltr' id='par_1_36' title="bbox 667 3553 1972 3621">
     <span class='ocr_line' id='line_1_36' title="bbox 667 3553 1972 3621; baseline 0 -15"><span class='ocrx_word' id='word_1_197' title='bbox 667 3553 924 3620; x_wconf 80' lang='lat' dir='ltr'><strong>Moribus,</strong></span> <span class='ocrx_word' id='word_1_198' title='bbox 956 3563 1004 3606; x_wconf 86' lang='lat' dir='ltr'><strong>et</strong></span> <span class='ocrx_word' id='word_1_199' title='bbox 1039 3553 1242 3607; x_wconf 91' lang='lat' dir='ltr'><strong>monitu</strong></span> <span class='ocrx_word' id='word_1_200' title='bbox 1271 3561 1486 3621; x_wconf 86' lang='lat' dir='ltr'><strong>reparet</strong></span> <span class='ocrx_word' id='word_1_201' title='bbox 1514 3553 1737 3606; x_wconf 82' lang='lat' dir='ltr'><strong>meliora</strong></span> <span class='ocrx_word' id='word_1_202' title='bbox 1761 3567 1972 3607; x_wconf 85' lang='lat' dir='ltr'><strong>severo.</strong></span> 
     </span>
    </p>
   </div>
   <div class='ocr_carea' id='block_1_37' title="bbox 737 3642 2100 3712">
    <p class='ocr_par' dir='ltr' id='par_1_37' title="bbox 737 3642 2100 3712">
     <span class='ocr_line' id='line_1_37' title="bbox 737 3642 2100 3712; baseline 0.001 -16"><span class='ocrx_word' id='word_1_203' title='bbox 737 3644 803 3696; x_wconf 86' lang='lat' dir='ltr'><strong>At</strong></span> <span class='ocrx_word' id='word_1_204' title='bbox 832 3644 876 3697; x_wconf 91' lang='lat' dir='ltr'><strong>si</strong></span> <span class='ocrx_word' id='word_1_205' title='bbox 907 3644 952 3674; x_wconf 81' lang='lat'><strong>&quot;</strong></span> <span class='ocrx_word' id='word_1_206' title='bbox 979 3644 1116 3697; x_wconf 90' lang='lat' dir='ltr'><strong>forte</strong></span> <span class='ocrx_word' id='word_1_207' title='bbox 1139 3643 1216 3712; x_wconf 73' lang='lat' dir='ltr'><strong>(Ii)</strong></span> <span class='ocrx_word' id='word_1_208' title='bbox 1261 3643 1461 3708; x_wconf 87' lang='lat' dir='ltr'><strong>itidem,</strong></span> <span class='ocrx_word' id='word_1_209' title='bbox 1509 3643 1651 3712; x_wconf 91' lang='lat' dir='ltr'><strong>quod</strong></span> <span class='ocrx_word' id='word_1_210' title='bbox 1700 3643 1826 3710; x_wconf 82' lang='lat' dir='ltr'><strong>legi,</strong></span> <span class='ocrx_word' id='word_1_211' title='bbox 1874 3651 1930 3697; x_wconf 94' lang='lat' dir='ltr'><strong>et</strong></span> <span class='ocrx_word' id='word_1_212' title='bbox 1957 3642 2100 3712; x_wconf 88' lang='lat' dir='ltr'><strong>quod</strong></span> 
     </span>
    </p>
   </div>
   <div class='ocr_carea' id='block_1_38' title="bbox 1651 3735 2097 3804">
    <p class='ocr_par' dir='ltr' id='par_1_38' title="bbox 1651 3735 2097 3804">
     <span class='ocr_line' id='line_1_38' title="bbox 1651 3735 2097 3804; baseline 0.004 -18"><span class='ocrx_word' id='word_1_213' title='bbox 1651 3735 1893 3804; x_wconf 88' lang='lat' dir='ltr'><strong>[sequor,</strong></span> <span class='ocrx_word' id='word_1_214' title='bbox 1922 3735 2070 3788; x_wconf 90' lang='lat' dir='ltr'><strong>audis</strong></span> <span class='ocrx_word' id='word_1_215' title='bbox 2083 3775 2097 3800; x_wconf 84' lang='lat'><strong>,</strong></span> 
     </span>
    </p>
   </div>
   <div class='ocr_carea' id='block_1_39' title="bbox 667 3822 2010 3894">
    <p class='ocr_par' dir='ltr' id='par_1_39' title="bbox 667 3822 2010 3894">
     <span class='ocr_line' id='line_1_39' title="bbox 667 3822 2010 3894; baseline 0.002 -18"><span class='ocrx_word' id='word_1_216' title='bbox 667 3822 842 3877; x_wconf 89' lang='lat' dir='ltr'><strong>Corda</strong></span> <span class='ocrx_word' id='word_1_217' title='bbox 875 3824 937 3894; x_wconf 76' lang='grc' dir='ltr'><strong>(ἱ)</strong></span> <span class='ocrx_word' id='word_1_218' title='bbox 963 3823 1054 3893; x_wconf 91' lang='lat' dir='ltr'><strong>pio</strong></span> <span class='ocrx_word' id='word_1_219' title='bbox 1079 3823 1286 3880; x_wconf 84' lang='lat' dir='ltr'><strong>vovisse</strong></span> <span class='ocrx_word' id='word_1_220' title='bbox 1316 3823 1447 3890; x_wconf 93' lang='lat' dir='ltr'><strong>Deo,</strong></span> <span class='ocrx_word' id='word_1_221' title='bbox 1476 3824 1785 3879; x_wconf 86' lang='lat' dir='ltr'><strong>venerabile</strong></span> <span class='ocrx_word' id='word_1_222' title='bbox 1813 3823 2010 3880; x_wconf 87' lang='lat' dir='ltr'><strong>Christi</strong></span> 
     </span>
    </p>
   </div>
   <div class='ocr_carea' id='block_1_40' title="bbox 525 3899 1969 3984">
    <p class='ocr_par' dir='ltr' id='par_1_40' title="bbox 525 3899 1969 3984">
     <span class='ocr_line' id='line_1_40' title="bbox 525 3899 1969 3984; baseline 0.002 -17"><span class='ocrx_word' id='word_1_223' title='bbox 525 3899 628 3968; x_wconf 74' lang='lat'><strong>280</strong></span> <span class='ocrx_word' id='word_1_224' title='bbox 663 3913 948 3983; x_wconf 85' lang='lat' dir='ltr'><strong>Imperium</strong></span> <span class='ocrx_word' id='word_1_225' title='bbox 970 3913 1130 3968; x_wconf 91' lang='lat' dir='ltr'><strong>docili</strong></span> <span class='ocrx_word' id='word_1_226' title='bbox 1159 3929 1257 3983; x_wconf 89' lang='lat' dir='ltr'><strong>pro</strong></span> <span class='ocrx_word' id='word_1_227' title='bbox 1287 3914 1600 3969; x_wconf 87' lang='lat' dir='ltr'><strong>credulitate</strong></span> <span class='ocrx_word' id='word_1_228' title='bbox 1628 3925 1969 3984; x_wconf 88' lang='lat' dir='ltr'><strong>sequentem,</strong></span> 
     </span>
    </p>
   </div>
   <div class='ocr_carea' id='block_1_41' title="bbox 663 4004 2007 4078">
    <p class='ocr_par' dir='ltr' id='par_1_41' title="bbox 663 4004 2007 4078">
     <span class='ocr_line' id='line_1_41' title="bbox 663 4004 2007 4078; baseline 0.004 -20"><span class='ocrx_word' id='word_1_229' title='bbox 663 4004 1089 4074; x_wconf 90' lang='lat' dir='ltr'><strong>Persuasumque</strong></span> <span class='ocrx_word' id='word_1_230' title='bbox 1122 4006 1185 4076; x_wconf 64' lang='grc' dir='ltr'><strong>(λ)</strong></span> <span class='ocrx_word' id='word_1_231' title='bbox 1214 4005 1306 4060; x_wconf 90' lang='lat' dir='ltr'><strong>Dei</strong></span> <span class='ocrx_word' id='word_1_232' title='bbox 1336 4007 1574 4072; x_wconf 90' lang='lat' dir='ltr'><strong>monitis,</strong></span> <span class='ocrx_word' id='word_1_233' title='bbox 1604 4017 1806 4062; x_wconf 63' lang='lat' dir='ltr'><strong>aeterna</strong></span> <span class='ocrx_word' id='word_1_234' title='bbox 1832 4011 2007 4078; x_wconf 89' lang='lat' dir='ltr'><strong>parari</strong></span> 
     </span>
    </p>
   </div>
   <div class='ocr_carea' id='block_1_42' title="bbox 663 4095 1951 4168">
    <p class='ocr_par' dir='ltr' id='par_1_42' title="bbox 663 4095 1951 4168">
     <span class='ocr_line' id='line_1_42' title="bbox 663 4095 1951 4168; baseline 0.003 -19"><span class='ocrx_word' id='word_1_235' title='bbox 663 4095 886 4150; x_wconf 62' lang='lat' dir='ltr'><strong>Praemia</strong></span> <span class='ocrx_word' id='word_1_236' title='bbox 913 4097 1144 4162; x_wconf 89' lang='lat' dir='ltr'><strong>mortali,</strong></span> <span class='ocrx_word' id='word_1_237' title='bbox 1176 4095 1384 4151; x_wconf 84' lang='lat' dir='ltr'><strong>damnis</strong></span> <span class='ocrx_word' id='word_1_238' title='bbox 1414 4100 1764 4168; x_wconf 68' lang='lat' dir='ltr'><strong>praesentibus</strong></span> <span class='ocrx_word' id='word_1_239' title='bbox 1790 4108 1951 4166; x_wconf 86' lang='lat' dir='ltr'><strong>emta,</strong></span> 
     </span>
    </p>
   </div>
   <div class='ocr_carea' id='block_1_43' title="bbox 663 4188 1988 4261">
    <p class='ocr_par' dir='ltr' id='par_1_43' title="bbox 663 4188 1988 4261">
     <span class='ocr_line' id='line_1_43' title="bbox 663 4188 1988 4261; baseline 0.003 -19"><span class='ocrx_word' id='word_1_240' title='bbox 663 4188 778 4244; x_wconf 90' lang='lat' dir='ltr'><strong>Non</strong></span> <span class='ocrx_word' id='word_1_241' title='bbox 802 4204 926 4243; x_wconf 90' lang='lat' dir='ltr'><strong>reor</strong></span> <span class='ocrx_word' id='word_1_242' title='bbox 953 4188 1004 4242; x_wconf 91' lang='lat' dir='ltr'><strong>id</strong></span> <span class='ocrx_word' id='word_1_243' title='bbox 1031 4188 1103 4259; x_wconf 83' lang='lat' dir='ltr'><strong>(k)</strong></span> <span class='ocrx_word' id='word_1_244' title='bbox 1130 4205 1260 4243; x_wconf 90' lang='lat' dir='ltr'><strong>sano</strong></span> <span class='ocrx_word' id='word_1_245' title='bbox 1298 4190 1375 4244; x_wconf 91' lang='lat' dir='ltr'><strong>sic</strong></span> <span class='ocrx_word' id='word_1_246' title='bbox 1402 4189 1734 4260; x_wconf 88' lang='lat' dir='ltr'><strong>displicuisse</strong></span> <span class='ocrx_word' id='word_1_247' title='bbox 1759 4193 1988 4261; x_wconf 89' lang='lat' dir='ltr'><strong>parenti,</strong></span> 
     </span>
    </p>
   </div>
   <div class='ocr_carea' id='block_1_44' title="bbox 666 4281 1989 4351">
    <p class='ocr_par' dir='ltr' id='par_1_44' title="bbox 666 4281 1989 4351">
     <span class='ocr_line' id='line_1_44' title="bbox 666 4281 1989 4351; baseline 0.005 -16"><span class='ocrx_word' id='word_1_248' title='bbox 666 4281 858 4336; x_wconf 84' lang='lat' dir='ltr'><strong>Mentis</strong></span> <span class='ocrx_word' id='word_1_249' title='bbox 883 4290 941 4336; x_wconf 91' lang='lat' dir='ltr'><strong>ut</strong></span> <span class='ocrx_word' id='word_1_250' title='bbox 963 4298 1199 4337; x_wconf 91' lang='lat' dir='ltr'><strong>errorem</strong></span> <span class='ocrx_word' id='word_1_251' title='bbox 1228 4283 1432 4347; x_wconf 88' lang='lat' dir='ltr'><strong>credat,</strong></span> <span class='ocrx_word' id='word_1_252' title='bbox 1459 4286 1534 4338; x_wconf 91' lang='lat' dir='ltr'><strong>sic</strong></span> <span class='ocrx_word' id='word_1_253' title='bbox 1555 4286 1735 4340; x_wconf 86' lang='lat' dir='ltr'><strong>vivere</strong></span> <span class='ocrx_word' id='word_1_254' title='bbox 1755 4285 1989 4351; x_wconf 89' lang='lat' dir='ltr'><strong>Christo,</strong></span> 
     </span>
    </p>
   </div>
   <div class='ocr_carea' id='block_1_45' title="bbox 519 4370 2094 4446">
    <p class='ocr_par' dir='ltr' id='par_1_45' title="bbox 519 4370 2094 4446">
     <span class='ocr_line' id='line_1_45' title="bbox 519 4370 2094 4446; baseline 0.004 -23"><span class='ocrx_word' id='word_1_255' title='bbox 519 4370 626 4424; x_wconf 69' lang='lat'><strong>285</strong></span> <span class='ocrx_word' id='word_1_256' title='bbox 665 4370 733 4424; x_wconf 93' lang='lat' dir='ltr'><strong>Ut</strong></span> <span class='ocrx_word' id='word_1_257' title='bbox 759 4370 1001 4427; x_wconf 91' lang='lat' dir='ltr'><strong>Christus</strong></span> <span class='ocrx_word' id='word_1_258' title='bbox 1021 4373 1216 4426; x_wconf 78' lang='lat' dir='ltr'><strong>sanxit.</strong></span> <span class='ocrx_word' id='word_1_259' title='bbox 1237 4372 1394 4426; x_wconf 86' lang='lat' dir='ltr'><strong>Juvat</strong></span> <span class='ocrx_word' id='word_1_260' title='bbox 1421 4373 1544 4435; x_wconf 87' lang='lat' dir='ltr'><strong>hoc,</strong></span> <span class='ocrx_word' id='word_1_261' title='bbox 1565 4389 1665 4428; x_wconf 90' lang='lat' dir='ltr'><strong>nec</strong></span> <span class='ocrx_word' id='word_1_262' title='bbox 1687 4377 1915 4443; x_wconf 87' lang='lat' dir='ltr'><strong>poenitet</strong></span> <span class='ocrx_word' id='word_1_263' title='bbox 1935 4377 2094 4446; x_wconf 89' lang='lat' dir='ltr'><strong>hujus</strong></span> 
     </span>
    </p>
   </div>
   <div class='ocr_carea' id='block_1_46' title="bbox 661 4461 1865 4536">
    <p class='ocr_par' dir='ltr' id='par_1_46' title="bbox 661 4461 1865 4536">
     <span class='ocr_line' id='line_1_46' title="bbox 661 4461 1865 4536; baseline 0.006 -21"><span class='ocrx_word' id='word_1_264' title='bbox 661 4461 893 4532; x_wconf 86' lang='lat' dir='ltr'><strong>Erroris,</strong></span> <span class='ocrx_word' id='word_1_265' title='bbox 925 4464 1116 4518; x_wconf 87' lang='lat' dir='ltr'><strong>stultus</strong></span> <span class='ocrx_word' id='word_1_266' title='bbox 1143 4462 1351 4520; x_wconf 90' lang='lat' dir='ltr'><strong>diversa</strong></span> <span class='ocrx_word' id='word_1_267' title='bbox 1379 4465 1725 4536; x_wconf 82' lang='lat' dir='ltr'><strong>sequentibus</strong></span> <span class='ocrx_word' id='word_1_268' title='bbox 1747 4481 1865 4522; x_wconf 89' lang='lat' dir='ltr'><strong>esse</strong></span> 
     </span>
    </p>
   </div>
   <div class='ocr_carea' id='block_1_47' title="bbox 596 4577 1084 4632">
    <p class='ocr_par' dir='ltr' id='par_1_47' title="bbox 596 4577 1084 4632">
     <span class='ocr_line' id='line_1_47' title="bbox 596 4577 1084 4632; baseline 0.006 -3"><span class='ocrx_word' id='word_1_269' title='bbox 596 4586 620 4614; x_wconf 71' lang='grc'>³</span> <span class='ocrx_word' id='word_1_270' title='bbox 648 4577 779 4630; x_wconf 87' lang='lat' dir='ltr'><strong>Vide</strong></span> <span class='ocrx_word' id='word_1_271' title='bbox 808 4587 918 4632; x_wconf 94' lang='lat' dir='ltr'><strong>not.</strong></span> <span class='ocrx_word' id='word_1_272' title='bbox 962 4577 1084 4632; x_wconf 70' lang='lat'><strong>230.</strong></span> 
     </span>
    </p>
   </div>
   <div class='ocr_carea' id='block_1_48' title="bbox 591 4645 2095 4717">
    <p class='ocr_par' dir='ltr' id='par_1_48' title="bbox 591 4645 2095 4717">
     <span class='ocr_line' id='line_1_48' title="bbox 591 4645 2095 4717; baseline 0.008 -19"><span class='ocrx_word' id='word_1_273' title='bbox 591 4646 668 4714; x_wconf 92' lang='lat' dir='ltr'><strong>(a)</strong></span> <span class='ocrx_word' id='word_1_274' title='bbox 693 4645 823 4717; x_wconf 90' lang='lat' dir='ltr'><strong>&#39;I_‘res</strong></span> <span class='ocrx_word' id='word_1_275' title='bbox 863 4663 990 4717; x_wconf 79' lang='lat' dir='ltr'><strong>mss.</strong></span> <span class='ocrx_word' id='word_1_276' title='bbox 1031 4648 1242 4702; x_wconf 90' lang='lat' dir='ltr'><strong>codices</strong></span> <span class='ocrx_word' id='word_1_277' title='bbox 1273 4647 1464 4716; x_wconf 87' lang='lat' dir='ltr'><strong>Lugd.,</strong></span> <span class='ocrx_word' id='word_1_278' title='bbox 1497 4648 1627 4717; x_wconf 88' lang='lat' dir='ltr'><strong>Reg.</strong></span> <span class='ocrx_word' id='word_1_279' title='bbox 1677 4657 1731 4702; x_wconf 86' lang='lat' dir='ltr'><strong>et</strong></span> <span class='ocrx_word' id='word_1_280' title='bbox 1773 4651 1928 4705; x_wconf 87' lang='lat' dir='ltr'><strong>Voss.</strong></span> <span class='ocrx_word' id='word_1_281' title='bbox 1973 4671 2095 4711; x_wconf 86' lang='lat' dir='ltr'><strong>cum</strong></span> 
     </span>
    </p>
   </div>
   <div class='ocr_carea' id='block_1_49' title="bbox 520 4714 2090 4788">
    <p class='ocr_par' dir='ltr' id='par_1_49' title="bbox 520 4714 2090 4788">
     <span class='ocr_line' id='line_1_49' title="bbox 520 4714 2090 4788; baseline 0.008 -20"><span class='ocrx_word' id='word_1_282' title='bbox 520 4715 673 4788; x_wconf 74' lang='lat' dir='ltr'><strong>editis</strong></span> <span class='ocrx_word' id='word_1_283' title='bbox 694 4714 899 4788; x_wconf 42' lang='lat' dir='ltr'><strong>Gravi</strong></span> <span class='ocrx_word' id='word_1_284' title='bbox 910 4714 1114 4788; x_wconf 78' lang='lat' dir='ltr'><strong>Poelm.</strong></span> <span class='ocrx_word' id='word_1_285' title='bbox 1147 4726 1203 4772; x_wconf 93' lang='lat' dir='ltr'><strong>et</strong></span> <span class='ocrx_word' id='word_1_286' title='bbox 1227 4714 1410 4772; x_wconf 64' lang='lat' dir='ltr'><strong>Schol.</strong></span> <span class='ocrx_word' id='word_1_287' title='bbox 1436 4719 1488 4771; x_wconf 92' lang='lat' dir='ltr'><strong>in</strong></span> <span class='ocrx_word' id='word_1_288' title='bbox 1508 4714 1732 4788; x_wconf 75' lang='lat' dir='ltr'><strong>margg.,</strong></span> <span class='ocrx_word' id='word_1_289' title='bbox 1767 4720 2090 4781; x_wconf 86' lang='lat' dir='ltr'><strong>Rarauuum.</strong></span> 
     </span>
    </p>
   </div>
   <div class='ocr_carea' id='block_1_50' title="bbox 520 4784 1046 4839">
    <p class='ocr_par' dir='ltr' id='par_1_50' title="bbox 520 4784 1046 4839">
     <span class='ocr_line' id='line_1_50' title="bbox 520 4784 1046 4839; baseline -0.002 0"><span class='ocrx_word' id='word_1_290' title='bbox 520 4785 652 4839; x_wconf 88' lang='lat' dir='ltr'><strong>Vide</strong></span> <span class='ocrx_word' id='word_1_291' title='bbox 686 4792 800 4838; x_wconf 92' lang='lat' dir='ltr'><strong>not.</strong></span> <span class='ocrx_word' id='word_1_292' title='bbox 833 4784 954 4838; x_wconf 71' lang='lat'><strong>230.</strong></span> <span class='ocrx_word' id='word_1_293' title='bbox 1039 4810 1046 4817; x_wconf 93' lang='lat'><strong><em>-</em></strong></span> 
     </span>
    </p>
   </div>
   <div class='ocr_carea' id='block_1_51' title="bbox 588 4853 2086 4924">
    <p class='ocr_par' dir='ltr' id='par_1_51' title="bbox 588 4853 2086 4924">
     <span class='ocr_line' id='line_1_51' title="bbox 588 4853 2086 4924; baseline 0.008 -18"><span class='ocrx_word' id='word_1_294' title='bbox 588 4854 660 4924; x_wconf 77' lang='grc' dir='ltr'><strong>(ὸ)</strong></span> <span class='ocrx_word' id='word_1_295' title='bbox 692 4853 1032 4923; x_wconf 88' lang='lat' dir='ltr'><strong>Manuscripti</strong></span> <span class='ocrx_word' id='word_1_296' title='bbox 1054 4854 1208 4910; x_wconf 92' lang='lat' dir='ltr'><strong>codd.</strong></span> <span class='ocrx_word' id='word_1_297' title='bbox 1228 4855 1395 4922; x_wconf 87' lang='lat' dir='ltr'><strong>Lugd.</strong></span> <span class='ocrx_word' id='word_1_298' title='bbox 1411 4855 1631 4913; x_wconf 89' lang='lat' dir='ltr'><strong>etVoss.</strong></span> <span class='ocrx_word' id='word_1_299' title='bbox 1659 4866 1713 4914; x_wconf 89' lang='lat' dir='ltr'><strong>et</strong></span> <span class='ocrx_word' id='word_1_300' title='bbox 1734 4858 1860 4916; x_wconf 88' lang='lat' dir='ltr'><strong>edd.</strong></span> <span class='ocrx_word' id='word_1_301' title='bbox 1883 4861 2086 4918; x_wconf 87' lang='lat' dir='ltr'><strong>Poelm.</strong></span> 
     </span>
    </p>
   </div>
   <div class='ocr_carea' id='block_1_52' title="bbox 519 4924 1525 4992">
    <p class='ocr_par' dir='ltr' id='par_1_52' title="bbox 519 4924 1525 4992">
     <span class='ocr_line' id='line_1_52' title="bbox 519 4924 1525 4992; baseline 0.002 -13"><span class='ocrx_word' id='word_1_302' title='bbox 519 4931 573 4979; x_wconf 89' lang='lat' dir='ltr'><strong>et</strong></span> <span class='ocrx_word' id='word_1_303' title='bbox 594 4924 781 4978; x_wconf 83' lang='lat' dir='ltr'><strong>Schot.</strong></span> <span class='ocrx_word' id='word_1_304' title='bbox 812 4924 862 4977; x_wconf 93' lang='lat' dir='ltr'><strong>in</strong></span> <span class='ocrx_word' id='word_1_305' title='bbox 887 4938 1110 4992; x_wconf 89' lang='lat' dir='ltr'><strong>margg.,</strong></span> <span class='ocrx_word' id='word_1_306' title='bbox 1128 4925 1224 4977; x_wconf 80' lang='lat' dir='ltr'><strong>heu</strong></span> <span class='ocrx_word' id='word_1_307' title='bbox 1245 4925 1525 4981; x_wconf 71' lang='lat' dir='ltr'><strong>devenisse.</strong></span> 
     </span>
    </p>
   </div>
   <div class='ocr_carea' id='block_1_53' title="bbox 577 4992 2086 5188">
    <p class='ocr_par' dir='ltr' id='par_1_53' title="bbox 577 4992 2086 5188">
     <span class='ocr_line' id='line_1_53' title="bbox 589 4992 2082 5064; baseline 0.009 -18"><span class='ocrx_word' id='word_1_308' title='bbox 589 4995 658 5064; x_wconf 81' lang='grc' dir='ltr'><strong>(ο)</strong></span> <span class='ocrx_word' id='word_1_309' title='bbox 698 4992 796 5047; x_wconf 89' lang='lat' dir='ltr'><strong>Ms.</strong></span> <span class='ocrx_word' id='word_1_310' title='bbox 819 4993 998 5058; x_wconf 87' lang='lat' dir='ltr'><strong>Voss.,</strong></span> <span class='ocrx_word' id='word_1_311' title='bbox 1030 5010 1266 5060; x_wconf 77' lang='lat' dir='ltr'><strong>secures;</strong></span> <span class='ocrx_word' id='word_1_312' title='bbox 1313 5010 1420 5050; x_wconf 89' lang='lat' dir='ltr'><strong>non</strong></span> <span class='ocrx_word' id='word_1_313' title='bbox 1451 4997 1604 5053; x_wconf 90' lang='lat' dir='ltr'><strong>male.</strong></span> <span class='ocrx_word' id='word_1_314' title='bbox 1640 4998 1773 5054; x_wconf 83' lang='lat' dir='ltr'><strong>Vide</strong></span> <span class='ocrx_word' id='word_1_315' title='bbox 1813 5011 1926 5057; x_wconf 92' lang='lat' dir='ltr'><strong>not.</strong></span> <span class='ocrx_word' id='word_1_316' title='bbox 1956 5003 2082 5061; x_wconf 76' lang='grc'><strong>251.</strong></span> 
     </span>
     <span class='ocr_line' id='line_1_54' title="bbox 577 5061 2086 5188; baseline 0.01 -72"><span class='ocrx_word' id='word_1_317' title='bbox 577 5063 663 5145; x_wconf 38' lang='lat' dir='ltr'><strong>.(d)</strong></span> <span class='ocrx_word' id='word_1_318' title='bbox 695 5061 891 5146; x_wconf 79' lang='lat' dir='ltr'><strong>Omnes</strong></span> <span class='ocrx_word' id='word_1_319' title='bbox 918 5064 1131 5118; x_wconf 90' lang='lat' dir='ltr'><strong>codices</strong></span> <span class='ocrx_word' id='word_1_320' title='bbox 1138 5066 1311 5188; x_wconf 49' lang='lat' dir='ltr'><strong>[[ano,</strong></span> <span class='ocrx_word' id='word_1_321' title='bbox 1361 5080 1468 5148; x_wconf 39' lang='lat' dir='ltr'><strong>seu.</strong></span> <span class='ocrx_word' id='word_1_322' title='bbox 1495 5068 1687 5137; x_wconf 77' lang='lat' dir='ltr'><strong>pliano.</strong></span> <span class='ocrx_word' id='word_1_323' title='bbox 1736 5070 2086 5132; x_wconf 89' lang='lat' dir='ltr'><strong>Scribendum</strong></span> 
     </span>
     <span class='ocr_line' id='line_1_55' title="bbox 577 5140 2085 5188; baseline 0.001 -1"><span class='ocrx_word' id='word_1_324' title='bbox 577 5148 698 5188; x_wconf 83' lang='lat' dir='ltr'><strong>mue</strong></span> <span class='ocrx_word' id='word_1_325' title='bbox 724 5141 876 5187; x_wconf 75' lang='lat' dir='ltr'><strong>veteri</strong></span> <span class='ocrx_word' id='word_1_326' title='bbox 903 5150 1095 5188; x_wconf 74' lang='lat' dir='ltr'><strong>Dauno.</strong></span> <span class='ocrx_word' id='word_1_327' title='bbox 1187 5152 1354 5188; x_wconf 84' lang='lat' dir='ltr'><strong>anuus</strong></span> <span class='ocrx_word' id='word_1_328' title='bbox 1385 5150 1525 5188; x_wconf 80' lang='lat' dir='ltr'><strong>enim</strong></span> <span class='ocrx_word' id='word_1_329' title='bbox 1555 5140 1753 5188; x_wconf 82' lang='lat' dir='ltr'><strong>nassim</strong></span> <span class='ocrx_word' id='word_1_330' title='bbox 1783 5144 1921 5188; x_wconf 77' lang='lat' dir='ltr'><strong>amid</strong></span> <span class='ocrx_word' id='word_1_331' title='bbox 1953 5161 1991 5188; x_wconf 74' lang='grc' dir='ltr'><strong>ς.</strong></span> <span class='ocrx_word' id='word_1_332' title='bbox 2011 5147 2085 5188; x_wconf 85' lang='lat' dir='ltr'><strong>ri-</strong></span> 
     </span>
    </p>
   </div>
   <div class='ocr_carea' id='block_1_54' title="bbox 515 5138 2085 5213">
    <p class='ocr_par' dir='ltr' id='par_1_54' title="bbox 515 5138 2085 5213">
     <span class='ocr_line' id='line_1_56' title="bbox 515 5138 2085 5213; baseline 0.008 -27"><span class='ocrx_word' id='word_1_333' title='bbox 515 5138 698 5213; x_wconf 86' lang='lat' dir='ltr'><strong>utique</strong></span> <span class='ocrx_word' id='word_1_334' title='bbox 724 5138 877 5213; x_wconf 67' lang='lat' dir='ltr'><strong>veteri</strong></span> <span class='ocrx_word' id='word_1_335' title='bbox 902 5138 1354 5213; x_wconf 84' lang='lat' dir='ltr'><strong>pauuo._Panuus</strong></span> <span class='ocrx_word' id='word_1_336' title='bbox 1385 5138 1525 5190; x_wconf 90' lang='lat' dir='ltr'><strong>enim</strong></span> <span class='ocrx_word' id='word_1_337' title='bbox 1555 5140 1754 5213; x_wconf 85' lang='lat' dir='ltr'><strong>passim</strong></span> <span class='ocrx_word' id='word_1_338' title='bbox 1783 5144 1922 5213; x_wconf 90' lang='lat' dir='ltr'><strong>apud</strong></span> <span class='ocrx_word' id='word_1_339' title='bbox 1953 5147 2085 5199; x_wconf 62' lang='lat' dir='ltr'><strong>siri-</strong></span> 
     </span>
    </p>
   </div>
   <div class='ocr_carea' id='block_1_55' title="bbox 513 5205 2084 5282">
    <p class='ocr_par' dir='ltr' id='par_1_55' title="bbox 513 5205 2084 5282">
     <span class='ocr_line' id='line_1_57' title="bbox 513 5205 2084 5282; baseline 0.01 -26"><span class='ocrx_word' id='word_1_340' title='bbox 513 5212 694 5282; x_wconf 88' lang='lat' dir='ltr'><strong>ptores</strong></span> <span class='ocrx_word' id='word_1_341' title='bbox 722 5205 1216 5282; x_wconf 76' lang='lat' dir='ltr'><strong>antiquosponitur</strong></span> <span class='ocrx_word' id='word_1_342' title='bbox 1258 5221 1357 5275; x_wconf 91' lang='lat' dir='ltr'><strong>pro</strong></span> <span class='ocrx_word' id='word_1_343' title='bbox 1382 5205 1615 5282; x_wconf 57' lang='lat' dir='ltr'><strong>centone,</strong></span> <span class='ocrx_word' id='word_1_344' title='bbox 1634 5211 1769 5282; x_wconf 71' lang='lat' dir='ltr'><strong>sive</strong></span> <span class='ocrx_word' id='word_1_345' title='bbox 1814 5205 1912 5282; x_wconf 76' lang='lat' dir='ltr'><strong>pro</strong></span> <span class='ocrx_word' id='word_1_346' title='bbox 1936 5224 2084 5272; x_wconf 90' lang='lat' dir='ltr'><strong>veste</strong></span> 
     </span>
    </p>
   </div>
   <div class='ocr_carea' id='block_1_56' title="bbox 513 5274 2008 5348">
    <p class='ocr_par' dir='ltr' id='par_1_56' title="bbox 513 5274 2008 5348">
     <span class='ocr_line' id='line_1_58' title="bbox 513 5274 2008 5348; baseline 0.007 -21"><span class='ocrx_word' id='word_1_347' title='bbox 513 5275 689 5328; x_wconf 86' lang='lat' dir='ltr'><strong>lacera</strong></span> <span class='ocrx_word' id='word_1_348' title='bbox 714 5287 745 5328; x_wconf 90' lang='lat' dir='ltr'><strong>e</strong></span> <span class='ocrx_word' id='word_1_349' title='bbox 767 5274 1083 5329; x_wconf 88' lang='lat' dir='ltr'><strong>centonibus</strong></span> <span class='ocrx_word' id='word_1_350' title='bbox 1110 5274 1354 5331; x_wconf 83' lang='lat' dir='ltr'><strong>consula.</strong></span> <span class='ocrx_word' id='word_1_351' title='bbox 1392 5275 1481 5332; x_wconf 89' lang='lat' dir='ltr'><strong>Sic</strong></span> <span class='ocrx_word' id='word_1_352' title='bbox 1509 5279 1648 5348; x_wconf 90' lang='lat' dir='ltr'><strong>apud</strong></span> <span class='ocrx_word' id='word_1_353' title='bbox 1677 5274 2008 5338; x_wconf 82' lang='lat' dir='ltr'><strong>Petronium.</strong></span> 
     </span>
    </p>
   </div>
   <div class='ocr_carea' id='block_1_57' title="bbox 513 5366 1740 5480">
    <p class='ocr_par' dir='ltr' id='par_1_57' title="bbox 513 5366 1740 5480">
     <span class='ocr_line' id='line_1_59' title="bbox 513 5366 1740 5480; baseline 0.006 -67"><span class='ocrx_word' id='word_1_354' title='bbox 513 5427 580 5480; x_wconf 52' lang='lat' dir='ltr'><strong>Et</strong></span> <span class='ocrx_word' id='word_1_355' title='bbox 635 5366 846 5416; x_wconf 78' lang='lat' dir='ltr'><strong>Barbara</strong></span> <span class='ocrx_word' id='word_1_356' title='bbox 871 5370 1149 5416; x_wconf 80' lang='lat' dir='ltr'><strong>contermini</strong></span> <span class='ocrx_word' id='word_1_357' title='bbox 1177 5368 1340 5430; x_wconf 69' lang='lat' dir='ltr'><strong>praelia</strong></span> <span class='ocrx_word' id='word_1_358' title='bbox 1363 5383 1549 5430; x_wconf 83' lang='lat' dir='ltr'><strong>pannus</strong></span> <span class='ocrx_word' id='word_1_359' title='bbox 1573 5372 1740 5422; x_wconf 85' lang='lat' dir='ltr'><strong>habet.</strong></span> 
     </span>
    </p>
   </div>
   <div class='ocr_carea' id='block_1_58' title="bbox 562 5437 1647 5562">
    <p class='ocr_par' dir='ltr' id='par_1_58' title="bbox 562 5437 1647 5562">
     <span class='ocr_line' id='line_1_60' title="bbox 562 5437 1647 5562; baseline 0.005 -16"><span class='ocrx_word' id='word_1_360' title='bbox 562 5437 609 5492; x_wconf 55' lang='grc' dir='ltr'><strong>ι’</strong></span> <span class='ocrx_word' id='word_1_361' title='bbox 634 5497 745 5546; x_wconf 89' lang='lat' dir='ltr'><strong>Sola</strong></span> <span class='ocrx_word' id='word_1_362' title='bbox 771 5498 1011 5560; x_wconf 83' lang='lat' dir='ltr'><strong>pruinosis</strong></span> <span class='ocrx_word' id='word_1_363' title='bbox 1035 5498 1200 5548; x_wconf 88' lang='lat' dir='ltr'><strong>horret</strong></span> <span class='ocrx_word' id='word_1_364' title='bbox 1223 5498 1438 5548; x_wconf 80' lang='lat' dir='ltr'><strong>facundia</strong></span> <span class='ocrx_word' id='word_1_365' title='bbox 1464 5504 1647 5562; x_wconf 81' lang='lat' dir='ltr'><strong>pannis.</strong></span> 
     </span>
    </p>
   </div>
   <div class='ocr_carea' id='block_1_59' title="bbox 581 5576 2082 5654">
    <p class='ocr_par' dir='ltr' id='par_1_59' title="bbox 581 5576 2082 5654">
     <span class='ocr_line' id='line_1_61' title="bbox 581 5576 2082 5654; baseline 0.009 -25"><span class='ocrx_word' id='word_1_366' title='bbox 581 5576 716 5633; x_wconf 77' lang='lat' dir='ltr'><strong>Hinc</strong></span> <span class='ocrx_word' id='word_1_367' title='bbox 741 5597 1008 5649; x_wconf 84' lang='lat' dir='ltr'><strong>pannucea</strong></span> <span class='ocrx_word' id='word_1_368' title='bbox 1037 5579 1223 5654; x_wconf 78' lang='lat' dir='ltr'><strong>Baucis</strong></span> <span class='ocrx_word' id='word_1_369' title='bbox 1263 5583 1401 5651; x_wconf 90' lang='lat' dir='ltr'><strong>apud</strong></span> <span class='ocrx_word' id='word_1_370' title='bbox 1427 5583 1748 5654; x_wconf 85' lang='lat' dir='ltr'><strong>Satyricum.</strong></span> <span class='ocrx_word' id='word_1_371' title='bbox 1778 5585 1992 5641; x_wconf 86' lang='lat' dir='ltr'><strong>Pannus</strong></span> <span class='ocrx_word' id='word_1_372' title='bbox 2025 5597 2082 5644; x_wconf 85' lang='lat' dir='ltr'><strong>et</strong></span> 
     </span>
    </p>
   </div>
   <div class='ocr_carea' id='block_1_60' title="bbox 510 5651 2080 5727">
    <p class='ocr_par' dir='ltr' id='par_1_60' title="bbox 510 5651 2080 5727">
     <span class='ocr_line' id='line_1_62' title="bbox 510 5651 2080 5727; baseline 0.01 -30"><span class='ocrx_word' id='word_1_373' title='bbox 510 5663 736 5727; x_wconf 75' lang='lat' dir='ltr'><strong>purpura</strong></span> <span class='ocrx_word' id='word_1_374' title='bbox 755 5665 1148 5720; x_wconf 90' lang='lat' dir='ltr'><strong>nonnumquam</strong></span> <span class='ocrx_word' id='word_1_375' title='bbox 1171 5651 1312 5727; x_wconf 82' lang='lat' dir='ltr'><strong>inter</strong></span> <span class='ocrx_word' id='word_1_376' title='bbox 1330 5668 1390 5707; x_wconf 92' lang='lat' dir='ltr'><strong>se</strong></span> <span class='ocrx_word' id='word_1_377' title='bbox 1409 5651 1772 5727; x_wconf 82' lang='lat' dir='ltr'><strong>opponuntur,</strong></span> <span class='ocrx_word' id='word_1_378' title='bbox 1788 5657 1926 5727; x_wconf 85' lang='lat' dir='ltr'><strong>unde</strong></span> <span class='ocrx_word' id='word_1_379' title='bbox 1947 5658 2080 5714; x_wconf 88' lang='lat' dir='ltr'><strong>ada-</strong></span> 
     </span>
    </p>
   </div>
   <div class='ocr_carea' id='block_1_61' title="bbox 510 5722 2080 5789">
    <p class='ocr_par' dir='ltr' id='par_1_61' title="bbox 510 5722 2080 5789">
     <span class='ocr_line' id='line_1_63' title="bbox 510 5722 2080 5789; baseline 0.01 -22"><span class='ocrx_word' id='word_1_380' title='bbox 510 5722 672 5783; x_wconf 85' lang='lat' dir='ltr'><strong>gium,</strong></span> <span class='ocrx_word' id='word_1_381' title='bbox 701 5735 927 5787; x_wconf 84' lang='lat' dir='ltr'><strong>pannum</strong></span> <span class='ocrx_word' id='word_1_382' title='bbox 957 5736 1196 5789; x_wconf 79' lang='lat' dir='ltr'><strong>purpura:</strong></span> <span class='ocrx_word' id='word_1_383' title='bbox 1219 5722 1441 5776; x_wconf 85' lang='lat' dir='ltr'><strong>insuere.</strong></span> <span class='ocrx_word' id='word_1_384' title='bbox 1473 5722 1549 5776; x_wconf 87' lang='lat' dir='ltr'><strong>Ita</strong></span> <span class='ocrx_word' id='word_1_385' title='bbox 1590 5731 1646 5777; x_wconf 91' lang='lat' dir='ltr'><strong>et</strong></span> <span class='ocrx_word' id='word_1_386' title='bbox 1691 5723 1778 5780; x_wconf 90' lang='lat' dir='ltr'><strong>hic</strong></span> <span class='ocrx_word' id='word_1_387' title='bbox 1813 5726 1987 5779; x_wconf 79' lang='lat' dir='ltr'><strong>trabea</strong></span> <span class='ocrx_word' id='word_1_388' title='bbox 2025 5737 2080 5782; x_wconf 90' lang='lat' dir='ltr'><strong>et</strong></span> 
     </span>
    </p>
   </div>
   <div class='ocr_carea' id='block_1_62' title="bbox 510 5789 2078 5868">
    <p class='ocr_par' dir='ltr' id='par_1_62' title="bbox 510 5789 2078 5868">
     <span class='ocr_line' id='line_1_64' title="bbox 510 5789 2078 5868; baseline 0.008 -28"><span class='ocrx_word' id='word_1_389' title='bbox 510 5801 713 5855; x_wconf 83' lang='lat' dir='ltr'><strong>pannus</strong></span> <span class='ocrx_word' id='word_1_390' title='bbox 737 5798 860 5842; x_wconf 88' lang='lat' dir='ltr'><strong>sunt</strong></span> <span class='ocrx_word' id='word_1_391' title='bbox 885 5790 1151 5858; x_wconf 87' lang='lat' dir='ltr'><strong>opposita.</strong></span> <span class='ocrx_word' id='word_1_392' title='bbox 1201 5789 1452 5848; x_wconf 89' lang='lat' dir='ltr'><strong>Paulinus</strong></span> <span class='ocrx_word' id='word_1_393' title='bbox 1487 5808 1652 5848; x_wconf 87' lang='lat' dir='ltr'><strong>carm.</strong></span> <span class='ocrx_word' id='word_1_394' title='bbox 1679 5792 1745 5847; x_wconf 71' lang='lat' dir='ltr'><strong>2i</strong></span> <span class='ocrx_word' id='word_1_395' title='bbox 1781 5795 1848 5851; x_wconf 88' lang='lat' dir='ltr'><strong>ad</strong></span> <span class='ocrx_word' id='word_1_396' title='bbox 1878 5794 2078 5868; x_wconf 81' lang='lat' dir='ltr'><strong>Cythe-</strong></span> 
     </span>
    </p>
   </div>
   <div class='ocr_carea' id='block_1_63' title="bbox 1431 336 2800 400">
    <p class='ocr_par' dir='ltr' id='par_1_63' title="bbox 1431 336 2800 400">
     <span class='ocr_line' id='line_1_65' title="bbox 1431 336 2800 400; baseline -0.008 0"><span class='ocrx_word' id='word_1_397' title='bbox 1431 344 1484 400; x_wconf 89' lang='lat' dir='ltr'><strong>S.</strong></span> <span class='ocrx_word' id='word_1_398' title='bbox 1532 346 1801 400; x_wconf 80' lang='lat' dir='ltr'><strong>PAULINI</strong></span> <span class='ocrx_word' id='word_1_399' title='bbox 1836 343 2082 400; x_wconf 82' lang='lat' dir='ltr'><strong>NOLANI</strong></span> <span class='ocrx_word' id='word_1_400' title='bbox 2119 341 2420 398; x_wconf 83' lang='lat' dir='ltr'><strong>EPISCOPI</strong></span> <span class='ocrx_word' id='word_1_401' title='bbox 2459 336 2800 394; x_wconf 74' lang='grc' dir='ltr'><strong>ΡΟΕΜΑΪΛ.</strong></span> 
     </span>
    </p>
   </div>
   <div class='ocr_carea' id='block_1_64' title="bbox 2121 4463 2172 4525">
    <p class='ocr_par' dir='ltr' id='par_1_64' title="bbox 2121 4463 2172 4525">
     <span class='ocr_line' id='line_1_66' title="bbox 2121 4463 2172 4525; baseline 0 0"><span class='ocrx_word' id='word_1_402' title='bbox 2121 4463 2172 4525; x_wconf 90' lang='lat' dir='ltr'><strong>D</strong></span> 
     </span>
    </p>
   </div>
   <div class='ocr_carea' id='block_1_65' title="bbox 3663 330 3772 385">
    <p class='ocr_par' dir='ltr' id='par_1_65' title="bbox 3663 330 3772 385">
     <span class='ocr_line' id='line_1_67' title="bbox 3663 330 3772 385; baseline 0.009 -1"><span class='ocrx_word' id='word_1_403' title='bbox 3663 330 3772 385; x_wconf 61' lang='lat'><strong>‘60</strong></span> 
     </span>
    </p>
   </div>
   <div class='ocr_carea' id='block_1_66' title="bbox 2329 449 3632 521">
    <p class='ocr_par' dir='ltr' id='par_1_66' title="bbox 2329 449 3632 521">
     <span class='ocr_line' id='line_1_68' title="bbox 2329 449 3632 521; baseline -0.007 -8"><span class='ocrx_word' id='word_1_404' title='bbox 2329 460 2412 513; x_wconf 88' lang='lat' dir='ltr'><strong>Nil</strong></span> <span class='ocrx_word' id='word_1_405' title='bbox 2439 474 2640 521; x_wconf 91' lang='lat' dir='ltr'><strong>moror,</strong></span> <span class='ocrx_word' id='word_1_406' title='bbox 2666 466 2868 510; x_wconf 74' lang='lat' dir='ltr'><strong>mterno</strong></span> <span class='ocrx_word' id='word_1_407' title='bbox 2894 467 3011 507; x_wconf 90' lang='lat' dir='ltr'><strong>mea</strong></span> <span class='ocrx_word' id='word_1_408' title='bbox 3041 453 3166 507; x_wconf 90' lang='lat' dir='ltr'><strong>dum</strong></span> <span class='ocrx_word' id='word_1_409' title='bbox 3195 451 3464 506; x_wconf 89' lang='lat' dir='ltr'><strong>sententia</strong></span> <span class='ocrx_word' id='word_1_410' title='bbox 3496 449 3632 520; x_wconf 87' lang='lat' dir='ltr'><strong>Regi</strong></span> 
     </span>
    </p>
   </div>
   <div class='ocr_carea' id='block_1_67' title="bbox 2347 541 3780 615">
    <p class='ocr_par' dir='ltr' id='par_1_67' title="bbox 2347 541 3780 615">
     <span class='ocr_line' id='line_1_69' title="bbox 2347 541 3780 615; baseline -0.006 -13"><span class='ocrx_word' id='word_1_411' title='bbox 2347 547 2427 602; x_wconf 90' lang='lat' dir='ltr'><strong>Sit</strong></span> <span class='ocrx_word' id='word_1_412' title='bbox 2454 547 2687 615; x_wconf 87' lang='lat' dir='ltr'><strong>sapiens.</strong></span> <span class='ocrx_word' id='word_1_413' title='bbox 2741 544 2911 597; x_wconf 90' lang='lat' dir='ltr'><strong>Breve</strong></span> <span class='ocrx_word' id='word_1_414' title='bbox 2938 544 3000 612; x_wconf 89' lang='grc' dir='ltr'><strong>(ι)</strong></span> <span class='ocrx_word' id='word_1_415' title='bbox 3039 541 3295 612; x_wconf 88' lang='lat' dir='ltr'><strong>quidquid</strong></span> <span class='ocrx_word' id='word_1_416' title='bbox 3347 542 3510 595; x_wconf 92' lang='lat' dir='ltr'><strong>homo</strong></span> <span class='ocrx_word' id='word_1_417' title='bbox 3557 548 3676 605; x_wconf 84' lang='lat' dir='ltr'><strong>est,</strong></span> <span class='ocrx_word' id='word_1_418' title='bbox 3721 548 3780 594; x_wconf 91' lang='lat' dir='ltr'><strong>ut</strong></span> 
     </span>
    </p>
   </div>
   <div class='ocr_carea' id='block_1_68' title="bbox 3301 631 3777 704">
    <p class='ocr_par' dir='ltr' id='par_1_68' title="bbox 3301 631 3777 704">
     <span class='ocr_line' id='line_1_70' title="bbox 3301 631 3777 704; baseline 0 -18"><span class='ocrx_word' id='word_1_419' title='bbox 3301 631 3569 704; x_wconf 88' lang='lat' dir='ltr'><strong>[corporis</strong></span> <span class='ocrx_word' id='word_1_420' title='bbox 3605 645 3738 699; x_wconf 69' lang='lat' dir='ltr'><strong>:1:ng</strong></span> <span class='ocrx_word' id='word_1_421' title='bbox 3762 673 3777 695; x_wconf 91' lang='lat'><strong>,</strong></span> 
     </span>
    </p>
   </div>
   <div class='ocr_carea' id='block_1_69' title="bbox 2341 722 3785 794">
    <p class='ocr_par' dir='ltr' id='par_1_69' title="bbox 2341 722 3785 794">
     <span class='ocr_line' id='line_1_71' title="bbox 2341 722 3785 794; baseline -0.002 -15"><span class='ocrx_word' id='word_1_422' title='bbox 2341 726 2621 794; x_wconf 86' lang='lat' dir='ltr'><strong>Temporis</strong></span> <span class='ocrx_word' id='word_1_423' title='bbox 2669 723 2918 788; x_wconf 87' lang='lat' dir='ltr'><strong>occidui,</strong></span> <span class='ocrx_word' id='word_1_424' title='bbox 2967 732 3024 778; x_wconf 91' lang='lat' dir='ltr'><strong>et</strong></span> <span class='ocrx_word' id='word_1_425' title='bbox 3069 724 3186 778; x_wconf 88' lang='lat' dir='ltr'><strong>sine</strong></span> <span class='ocrx_word' id='word_1_426' title='bbox 3240 722 3456 778; x_wconf 87' lang='lat' dir='ltr'><strong>Christo</strong></span> <span class='ocrx_word' id='word_1_427' title='bbox 3503 724 3680 792; x_wconf 82' lang='lat' dir='ltr'><strong>pulvis</strong></span> <span class='ocrx_word' id='word_1_428' title='bbox 3727 731 3785 778; x_wconf 83' lang='lat' dir='ltr'><strong>et</strong></span> 
     </span>
    </p>
   </div>
   <div class='ocr_carea' id='block_1_70' title="bbox 3526 814 3781 886">
    <p class='ocr_par' dir='ltr' id='par_1_70' title="bbox 3526 814 3781 886">
     <span class='ocr_line' id='line_1_72' title="bbox 3526 814 3781 886; baseline 0 -20"><span class='ocrx_word' id='word_1_429' title='bbox 3526 814 3742 886; x_wconf 89' lang='lat' dir='ltr'><strong>[umbra</strong></span> <span class='ocrx_word' id='word_1_430' title='bbox 3766 831 3781 866; x_wconf 90' lang='lat'>:</span> 
     </span>
    </p>
   </div>
   <div class='ocr_carea' id='block_1_71' title="bbox 2201 902 3787 974">
    <p class='ocr_par' dir='ltr' id='par_1_71' title="bbox 2201 902 3787 974">
     <span class='ocr_line' id='line_1_73' title="bbox 2201 902 3787 974; baseline -0.001 -16"><span class='ocrx_word' id='word_1_431' title='bbox 2201 903 2305 958; x_wconf 62' lang='lat'><strong>9.90</strong></span> <span class='ocrx_word' id='word_1_432' title='bbox 2343 905 2494 970; x_wconf 88' lang='lat' dir='ltr'><strong>Quod</strong></span> <span class='ocrx_word' id='word_1_433' title='bbox 2526 905 2718 974; x_wconf 89' lang='lat' dir='ltr'><strong>probat</strong></span> <span class='ocrx_word' id='word_1_434' title='bbox 2746 912 2838 957; x_wconf 92' lang='lat' dir='ltr'><strong>aut</strong></span> <span class='ocrx_word' id='word_1_435' title='bbox 2865 902 3102 968; x_wconf 90' lang='lat' dir='ltr'><strong>damnat,</strong></span> <span class='ocrx_word' id='word_1_436' title='bbox 3129 903 3260 957; x_wconf 90' lang='lat' dir='ltr'><strong>tanti</strong></span> <span class='ocrx_word' id='word_1_437' title='bbox 3290 911 3390 969; x_wconf 92' lang='lat' dir='ltr'><strong>est,</strong></span> <span class='ocrx_word' id='word_1_438' title='bbox 3420 904 3608 973; x_wconf 89' lang='lat' dir='ltr'><strong>quanti</strong></span> <span class='ocrx_word' id='word_1_439' title='bbox 3639 903 3787 956; x_wconf 81' lang='lat' dir='ltr'><strong>arbi-</strong></span> 
     </span>
    </p>
   </div>
   <div class='ocr_carea' id='block_1_72' title="bbox 3506 995 3782 1066">
    <p class='ocr_par' dir='ltr' id='par_1_72' title="bbox 3506 995 3782 1066">
     <span class='ocr_line' id='line_1_74' title="bbox 3506 995 3782 1066; baseline 0 -17"><span class='ocrx_word' id='word_1_440' title='bbox 3506 995 3614 1066; x_wconf 91' lang='lat' dir='ltr'><strong>[ter</strong></span> <span class='ocrx_word' id='word_1_441' title='bbox 3643 997 3782 1064; x_wconf 89' lang='lat' dir='ltr'><strong>ipse.</strong></span> 
     </span>
    </p>
   </div>
   <div class='ocr_carea' id='block_1_73' title="bbox 2339 1084 3788 1155">
    <p class='ocr_par' dir='ltr' id='par_1_73' title="bbox 2339 1084 3788 1155">
     <span class='ocr_line' id='line_1_75' title="bbox 2339 1084 3788 1155; baseline 0.001 -16"><span class='ocrx_word' id='word_1_442' title='bbox 2339 1086 2455 1154; x_wconf 73' lang='lat' dir='ltr'><strong>lpse</strong></span> <span class='ocrx_word' id='word_1_443' title='bbox 2479 1085 2612 1149; x_wconf 89' lang='lat' dir='ltr'><strong>obit,</strong></span> <span class='ocrx_word' id='word_1_444' title='bbox 2636 1093 2798 1155; x_wconf 88' lang='lat' dir='ltr'><strong>atque</strong></span> <span class='ocrx_word' id='word_1_445' title='bbox 2846 1084 2922 1138; x_wconf 92' lang='lat' dir='ltr'><strong>illi</strong></span> <span class='ocrx_word' id='word_1_446' title='bbox 2967 1097 3096 1139; x_wconf 88' lang='lat' dir='ltr'><strong>suus</strong></span> <span class='ocrx_word' id='word_1_447' title='bbox 3122 1093 3207 1138; x_wconf 90' lang='lat' dir='ltr'><strong>est</strong></span> <span class='ocrx_word' id='word_1_448' title='bbox 3247 1085 3572 1140; x_wconf 88' lang='lat' dir='ltr'><strong>comitabilis</strong></span> <span class='ocrx_word' id='word_1_449' title='bbox 3609 1101 3788 1150; x_wconf 90' lang='lat' dir='ltr'><strong>error,</strong></span> 
     </span>
    </p>
   </div>
   <div class='ocr_carea' id='block_1_74' title="bbox 2339 1176 3718 1246">
    <p class='ocr_par' dir='ltr' id='par_1_74' title="bbox 2339 1176 3718 1246">
     <span class='ocr_line' id='line_1_76' title="bbox 2339 1176 3718 1246; baseline -0.001 -14"><span class='ocrx_word' id='word_1_450' title='bbox 2339 1178 2579 1246; x_wconf 87' lang='lat' dir='ltr'><strong>Cumque</strong></span> <span class='ocrx_word' id='word_1_451' title='bbox 2606 1192 2704 1232; x_wconf 92' lang='lat' dir='ltr'><strong>suo</strong></span> <span class='ocrx_word' id='word_1_452' title='bbox 2733 1177 2969 1232; x_wconf 86' lang='lat' dir='ltr'><strong>moriens</strong></span> <span class='ocrx_word' id='word_1_453' title='bbox 2996 1177 3261 1231; x_wconf 89' lang='lat' dir='ltr'><strong>sententia</strong></span> <span class='ocrx_word' id='word_1_454' title='bbox 3285 1176 3466 1245; x_wconf 85' lang='lat' dir='ltr'><strong>judice</strong></span> <span class='ocrx_word' id='word_1_455' title='bbox 3497 1177 3718 1231; x_wconf 90' lang='lat' dir='ltr'><strong>transit.</strong></span> 
     </span>
    </p>
   </div>
   <div class='ocr_carea' id='block_1_75' title="bbox 2417 1267 3790 1336">
    <p class='ocr_par' dir='ltr' id='par_1_75' title="bbox 2417 1267 3790 1336">
     <span class='ocr_line' id='line_1_77' title="bbox 2417 1267 3790 1336; baseline 0.001 -16"><span class='ocrx_word' id='word_1_456' title='bbox 2417 1268 2486 1321; x_wconf 81' lang='lat' dir='ltr'><strong>At</strong></span> <span class='ocrx_word' id='word_1_457' title='bbox 2534 1268 2654 1333; x_wconf 90' lang='lat' dir='ltr'><strong>nisi,</strong></span> <span class='ocrx_word' id='word_1_458' title='bbox 2695 1267 2822 1320; x_wconf 88' lang='lat' dir='ltr'><strong>dum</strong></span> <span class='ocrx_word' id='word_1_459' title='bbox 2861 1274 3070 1336; x_wconf 90' lang='lat' dir='ltr'><strong>tempus</strong></span> <span class='ocrx_word' id='word_1_460' title='bbox 3115 1281 3350 1336; x_wconf 79' lang='lat' dir='ltr'><strong>praesens</strong></span> <span class='ocrx_word' id='word_1_461' title='bbox 3396 1267 3582 1332; x_wconf 89' lang='lat' dir='ltr'><strong>datur,</strong></span> <span class='ocrx_word' id='word_1_462' title='bbox 3627 1267 3790 1321; x_wconf 83' lang='lat' dir='ltr'><strong>anxia</strong></span> 
     </span>
    </p>
   </div>
   <div class='ocr_carea' id='block_1_76' title="bbox 3611 1358 3793 1428">
    <p class='ocr_par' dir='ltr' id='par_1_76' title="bbox 3611 1358 3793 1428">
     <span class='ocr_line' id='line_1_78' title="bbox 3611 1358 3793 1428; baseline 0.005 -17"><span class='ocrx_word' id='word_1_463' title='bbox 3611 1358 3793 1428; x_wconf 85' lang='lat' dir='ltr'><strong>[nobis</strong></span> 
     </span>
    </p>
   </div>
   <div class='ocr_carea' id='block_1_77' title="bbox 2347 1448 3789 1519">
    <p class='ocr_par' dir='ltr' id='par_1_77' title="bbox 2347 1448 3789 1519">
     <span class='ocr_line' id='line_1_79' title="bbox 2347 1448 3789 1519; baseline 0 -17"><span class='ocrx_word' id='word_1_464' title='bbox 2347 1448 2486 1502; x_wconf 87' lang='lat' dir='ltr'><strong>Cura</strong></span> <span class='ocrx_word' id='word_1_465' title='bbox 2527 1449 2598 1502; x_wconf 91' lang='lat' dir='ltr'><strong>sit</strong></span> <span class='ocrx_word' id='word_1_466' title='bbox 2645 1448 2711 1503; x_wconf 92' lang='lat' dir='ltr'><strong>ad</strong></span> <span class='ocrx_word' id='word_1_467' title='bbox 2759 1448 2972 1503; x_wconf 90' lang='lat' dir='ltr'><strong>Domini</strong></span> <span class='ocrx_word' id='word_1_468' title='bbox 3000 1457 3327 1519; x_wconf 68' lang='lat' dir='ltr'><strong>prmeeptum</strong></span> <span class='ocrx_word' id='word_1_469' title='bbox 3351 1449 3534 1504; x_wconf 88' lang='lat' dir='ltr'><strong>vivere</strong></span> <span class='ocrx_word' id='word_1_470' title='bbox 3564 1448 3789 1510; x_wconf 89' lang='lat' dir='ltr'><strong>Christi,</strong></span> 
     </span>
    </p>
   </div>
   <div class='ocr_carea' id='block_1_78' title="bbox 2204 1537 3790 1611">
    <p class='ocr_par' dir='ltr' id='par_1_78' title="bbox 2204 1537 3790 1611">
     <span class='ocr_line' id='line_1_80' title="bbox 2204 1537 3790 1611; baseline 0.002 -20"><span class='ocrx_word' id='word_1_471' title='bbox 2204 1537 2307 1591; x_wconf 73' lang='grc'><strong>295</strong></span> <span class='ocrx_word' id='word_1_472' title='bbox 2343 1539 2473 1594; x_wconf 89' lang='lat' dir='ltr'><strong>Sera</strong></span> <span class='ocrx_word' id='word_1_473' title='bbox 2503 1541 2608 1594; x_wconf 89' lang='lat' dir='ltr'><strong>erit</strong></span> <span class='ocrx_word' id='word_1_474' title='bbox 2655 1541 2832 1595; x_wconf 79' lang='lat' dir='ltr'><strong>exutis</strong></span> <span class='ocrx_word' id='word_1_475' title='bbox 2879 1540 3082 1606; x_wconf 83' lang='lat' dir='ltr'><strong>homini</strong></span> <span class='ocrx_word' id='word_1_476' title='bbox 3122 1541 3462 1611; x_wconf 75' lang='lat' dir='ltr'><strong>querimonia</strong></span> <span class='ocrx_word' id='word_1_477' title='bbox 3510 1541 3790 1604; x_wconf 90' lang='lat' dir='ltr'><strong>membris,</strong></span> 
     </span>
    </p>
   </div>
   <div class='ocr_carea' id='block_1_79' title="bbox 2347 1634 3640 1705">
    <p class='ocr_par' dir='ltr' id='par_1_79' title="bbox 2347 1634 3640 1705">
     <span class='ocr_line' id='line_1_81' title="bbox 2347 1634 3640 1705; baseline 0.002 -19"><span class='ocrx_word' id='word_1_478' title='bbox 2347 1634 2479 1687; x_wconf 91' lang='lat' dir='ltr'><strong>Dum</strong></span> <span class='ocrx_word' id='word_1_479' title='bbox 2510 1635 2646 1688; x_wconf 89' lang='lat' dir='ltr'><strong>levia</strong></span> <span class='ocrx_word' id='word_1_480' title='bbox 2672 1636 2920 1689; x_wconf 74' lang='lat' dir='ltr'><strong>humana:</strong></span> <span class='ocrx_word' id='word_1_481' title='bbox 2947 1637 3140 1690; x_wconf 90' lang='lat' dir='ltr'><strong>metuit</strong></span> <span class='ocrx_word' id='word_1_482' title='bbox 3164 1637 3404 1691; x_wconf 90' lang='lat' dir='ltr'><strong>convicia</strong></span> <span class='ocrx_word' id='word_1_483' title='bbox 3423 1637 3640 1705; x_wconf 61' lang='lat' dir='ltr'><strong>lingua},</strong></span> 
     </span>
    </p>
   </div>
   <div class='ocr_carea' id='block_1_80' title="bbox 2349 1725 3494 1795">
    <p class='ocr_par' dir='ltr' id='par_1_80' title="bbox 2349 1725 3494 1795">
     <span class='ocr_line' id='line_1_82' title="bbox 2349 1725 3494 1795; baseline 0.003 -17"><span class='ocrx_word' id='word_1_484' title='bbox 2349 1725 2462 1780; x_wconf 85' lang='lat' dir='ltr'><strong>Non</strong></span> <span class='ocrx_word' id='word_1_485' title='bbox 2489 1726 2727 1782; x_wconf 88' lang='lat' dir='ltr'><strong>timuisse</strong></span> <span class='ocrx_word' id='word_1_486' title='bbox 2753 1741 2943 1794; x_wconf 89' lang='lat' dir='ltr'><strong>graves</strong></span> <span class='ocrx_word' id='word_1_487' title='bbox 2965 1726 3129 1780; x_wconf 92' lang='lat' dir='ltr'><strong>divini</strong></span> <span class='ocrx_word' id='word_1_488' title='bbox 3151 1726 3346 1795; x_wconf 88' lang='lat' dir='ltr'><strong>judicis</strong></span> <span class='ocrx_word' id='word_1_489' title='bbox 3368 1728 3494 1790; x_wconf 90' lang='lat' dir='ltr'><strong>iras,</strong></span> 
     </span>
    </p>
   </div>
   <div class='ocr_carea' id='block_1_81' title="bbox 2347 1816 3789 1886">
    <p class='ocr_par' dir='ltr' id='par_1_81' title="bbox 2347 1816 3789 1886">
     <span class='ocr_line' id='line_1_83' title="bbox 2347 1816 3789 1886; baseline 0 -16"><span class='ocrx_word' id='word_1_490' title='bbox 2347 1816 2516 1882; x_wconf 89' lang='lat' dir='ltr'><strong>Quem</strong></span> <span class='ocrx_word' id='word_1_491' title='bbox 2559 1816 2731 1871; x_wconf 87' lang='lat' dir='ltr'><strong>Patris</strong></span> <span class='ocrx_word' id='word_1_492' title='bbox 2758 1817 2942 1872; x_wconf 85' lang='lat' dir='ltr'><strong>aeterni</strong></span> <span class='ocrx_word' id='word_1_493' title='bbox 2982 1817 3121 1873; x_wconf 90' lang='lat' dir='ltr'><strong>solio</strong></span> <span class='ocrx_word' id='word_1_494' title='bbox 3163 1817 3462 1886; x_wconf 80' lang='lat' dir='ltr'><strong>dextraque</strong></span> <span class='ocrx_word' id='word_1_495' title='bbox 3503 1817 3789 1872; x_wconf 89' lang='lat' dir='ltr'><strong>sedentem</strong></span> 
     </span>
    </p>
   </div>
   <div class='ocr_carea' id='block_1_82' title="bbox 2347 1906 3792 1978">
    <p class='ocr_par' dir='ltr' id='par_1_82' title="bbox 2347 1906 3792 1978">
     <span class='ocr_line' id='line_1_84' title="bbox 2347 1906 3792 1978; baseline 0 -16"><span class='ocrx_word' id='word_1_496' title='bbox 2347 1906 2604 1962; x_wconf 91' lang='lat' dir='ltr'><strong>Omnibus</strong></span> <span class='ocrx_word' id='word_1_497' title='bbox 2632 1909 2942 1978; x_wconf 90' lang='lat' dir='ltr'><strong>impositum</strong></span> <span class='ocrx_word' id='word_1_498' title='bbox 2970 1907 3192 1978; x_wconf 85' lang='lat' dir='ltr'><strong>Regem,</strong></span> <span class='ocrx_word' id='word_1_499' title='bbox 3219 1917 3275 1962; x_wconf 93' lang='lat' dir='ltr'><strong>et</strong></span> <span class='ocrx_word' id='word_1_500' title='bbox 3300 1908 3603 1962; x_wconf 89' lang='lat' dir='ltr'><strong>labentibus</strong></span> <span class='ocrx_word' id='word_1_501' title='bbox 3633 1909 3792 1962; x_wconf 87' lang='lat' dir='ltr'><strong>annis</strong></span> 
     </span>
    </p>
   </div>
   <div class='ocr_carea' id='block_1_83' title="bbox 2207 1999 3792 2070">
    <p class='ocr_par' dir='ltr' id='par_1_83' title="bbox 2207 1999 3792 2070">
     <span class='ocr_line' id='line_1_85' title="bbox 2207 1999 3792 2070; baseline 0.001 -15"><span class='ocrx_word' id='word_1_502' title='bbox 2207 1999 2308 2055; x_wconf 81' lang='grc'>500</span> <span class='ocrx_word' id='word_1_503' title='bbox 2347 2000 2660 2065; x_wconf 88' lang='lat' dir='ltr'><strong>Venturum,</strong></span> <span class='ocrx_word' id='word_1_504' title='bbox 2692 2009 2751 2055; x_wconf 90' lang='lat' dir='ltr'><strong>ut</strong></span> <span class='ocrx_word' id='word_1_505' title='bbox 2792 2008 3016 2056; x_wconf 87' lang='lat' dir='ltr'><strong>cunctas</strong></span> <span class='ocrx_word' id='word_1_506' title='bbox 3061 2009 3275 2069; x_wconf 62' lang='lat' dir='ltr'><strong>aequato</strong></span> <span class='ocrx_word' id='word_1_507' title='bbox 3303 2001 3554 2056; x_wconf 79' lang='lat' dir='ltr'><strong>examine</strong></span> <span class='ocrx_word' id='word_1_508' title='bbox 3601 2011 3792 2070; x_wconf 86' lang='lat' dir='ltr'><strong>gentes</strong></span> 
     </span>
    </p>
   </div>
   <div class='ocr_carea' id='block_1_84' title="bbox 2347 2092 3645 2163">
    <p class='ocr_par' dir='ltr' id='par_1_84' title="bbox 2347 2092 3645 2163">
     <span class='ocr_line' id='line_1_86' title="bbox 2347 2092 3645 2163; baseline 0.003 -17"><span class='ocrx_word' id='word_1_509' title='bbox 2347 2092 2575 2159; x_wconf 86' lang='lat' dir='ltr'><strong>Judicet,</strong></span> <span class='ocrx_word' id='word_1_510' title='bbox 2601 2101 2658 2147; x_wconf 90' lang='lat' dir='ltr'><strong>et</strong></span> <span class='ocrx_word' id='word_1_511' title='bbox 2677 2093 2836 2147; x_wconf 90' lang='lat' dir='ltr'><strong>variis</strong></span> <span class='ocrx_word' id='word_1_512' title='bbox 2865 2093 3062 2147; x_wconf 90' lang='lat' dir='ltr'><strong>referat</strong></span> <span class='ocrx_word' id='word_1_513' title='bbox 3087 2109 3182 2146; x_wconf 90' lang='lat' dir='ltr'><strong>sua</strong></span> <span class='ocrx_word' id='word_1_514' title='bbox 3211 2093 3427 2162; x_wconf 66' lang='lat' dir='ltr'><strong>prmmia</strong></span> <span class='ocrx_word' id='word_1_515' title='bbox 3456 2094 3645 2163; x_wconf 87' lang='lat' dir='ltr'><strong>gestis,</strong></span> 
     </span>
    </p>
   </div>
   <div class='ocr_carea' id='block_1_85' title="bbox 2348 2183 3794 2255">
    <p class='ocr_par' dir='ltr' id='par_1_85' title="bbox 2348 2183 3794 2255">
     <span class='ocr_line' id='line_1_87' title="bbox 2348 2183 3794 2255; baseline 0.001 -16"><span class='ocrx_word' id='word_1_516' title='bbox 2348 2184 2521 2240; x_wconf 85' lang='lat' dir='ltr'><strong>Credo</strong></span> <span class='ocrx_word' id='word_1_517' title='bbox 2535 2185 2782 2254; x_wconf 90' lang='lat' dir='ltr'><strong>equidem</strong></span> <span class='ocrx_word' id='word_1_518' title='bbox 2803 2195 2858 2239; x_wconf 91' lang='lat' dir='ltr'><strong>et</strong></span> <span class='ocrx_word' id='word_1_519' title='bbox 2881 2183 2976 2255; x_wconf 73' lang='grc' dir='ltr'><strong>(ιη)</strong></span> <span class='ocrx_word' id='word_1_520' title='bbox 3002 2193 3248 2239; x_wconf 88' lang='lat' dir='ltr'><strong>metuens</strong></span> <span class='ocrx_word' id='word_1_521' title='bbox 3267 2184 3444 2239; x_wconf 88' lang='lat' dir='ltr'><strong>studio</strong></span> <span class='ocrx_word' id='word_1_522' title='bbox 3467 2195 3794 2254; x_wconf 84' lang='lat' dir='ltr'><strong>properante</strong></span> 
     </span>
    </p>
   </div>
   <div class='ocr_carea' id='block_1_86' title="bbox 3534 2277 3788 2347">
    <p class='ocr_par' dir='ltr' id='par_1_86' title="bbox 3534 2277 3788 2347">
     <span class='ocr_line' id='line_1_88' title="bbox 3534 2277 3788 2347; baseline 0.004 -18"><span class='ocrx_word' id='word_1_523' title='bbox 3534 2277 3750 2347; x_wconf 89' lang='lat' dir='ltr'><strong>[laboro</strong></span> <span class='ocrx_word' id='word_1_524' title='bbox 3774 2295 3788 2340; x_wconf 88' lang='lat'><strong>;</strong></span> 
     </span>
    </p>
   </div>
   <div class='ocr_carea' id='block_1_87' title="bbox 2349 2366 3794 2437">
    <p class='ocr_par' dir='ltr' id='par_1_87' title="bbox 2349 2366 3794 2437">
     <span class='ocr_line' id='line_1_89' title="bbox 2349 2366 3794 2437; baseline -0.003 -13"><span class='ocrx_word' id='word_1_525' title='bbox 2349 2368 2410 2424; x_wconf 90' lang='lat' dir='ltr'><strong>Si</strong></span> <span class='ocrx_word' id='word_1_526' title='bbox 2457 2383 2561 2437; x_wconf 89' lang='lat' dir='ltr'><strong>qua</strong></span> <span class='ocrx_word' id='word_1_527' title='bbox 2607 2367 2784 2432; x_wconf 90' lang='lat' dir='ltr'><strong>datur,</strong></span> <span class='ocrx_word' id='word_1_528' title='bbox 2837 2381 2904 2422; x_wconf 92' lang='lat' dir='ltr'><strong>ne</strong></span> <span class='ocrx_word' id='word_1_529' title='bbox 2955 2375 3132 2422; x_wconf 90' lang='lat' dir='ltr'><strong>morte</strong></span> <span class='ocrx_word' id='word_1_530' title='bbox 3180 2366 3328 2437; x_wconf 89' lang='lat' dir='ltr'><strong>prius</strong></span> <span class='ocrx_word' id='word_1_531' title='bbox 3354 2381 3515 2436; x_wconf 89' lang='lat' dir='ltr'><strong>quam</strong></span> <span class='ocrx_word' id='word_1_532' title='bbox 3567 2367 3794 2421; x_wconf 89' lang='lat' dir='ltr'><strong>crimine</strong></span> 
     </span>
    </p>
   </div>
   <div class='ocr_carea' id='block_1_88' title="bbox 3567 2457 3791 2528">
    <p class='ocr_par' dir='ltr' id='par_1_88' title="bbox 3567 2457 3791 2528">
     <span class='ocr_line' id='line_1_90' title="bbox 3567 2457 3791 2528; baseline 0 -16"><span class='ocrx_word' id='word_1_533' title='bbox 3567 2457 3791 2528; x_wconf 85' lang='lat' dir='ltr'><strong>[solvar.</strong></span> 
     </span>
    </p>
   </div>
   <div class='ocr_carea' id='block_1_89' title="bbox 2425 2548 3794 2620">
    <p class='ocr_par' dir='ltr' id='par_1_89' title="bbox 2425 2548 3794 2620">
     <span class='ocr_line' id='line_1_91' title="bbox 2425 2548 3794 2620; baseline -0.001 -16"><span class='ocrx_word' id='word_1_534' title='bbox 2425 2548 2596 2619; x_wconf 87' lang='lat' dir='ltr'><strong>Hujus</strong></span> <span class='ocrx_word' id='word_1_535' title='bbox 2621 2549 2674 2604; x_wconf 90' lang='lat' dir='ltr'><strong>in</strong></span> <span class='ocrx_word' id='word_1_536' title='bbox 2698 2549 2985 2605; x_wconf 88' lang='lat' dir='ltr'><strong>adventum</strong></span> <span class='ocrx_word' id='word_1_537' title='bbox 3010 2550 3231 2620; x_wconf 91' lang='lat' dir='ltr'><strong>trepidis</strong></span> <span class='ocrx_word' id='word_1_538' title='bbox 3245 2550 3375 2604; x_wconf 90' lang='lat' dir='ltr'><strong>mihi</strong></span> <span class='ocrx_word' id='word_1_539' title='bbox 3403 2549 3621 2605; x_wconf 90' lang='lat' dir='ltr'><strong>credula</strong></span> <span class='ocrx_word' id='word_1_540' title='bbox 3647 2551 3794 2604; x_wconf 86' lang='lat' dir='ltr'><strong>libris</strong></span> 
     </span>
    </p>
   </div>
   <div class='ocr_carea' id='block_1_90' title="bbox 2208 2639 3792 2710">
    <p class='ocr_par' dir='ltr' id='par_1_90' title="bbox 2208 2639 3792 2710">
     <span class='ocr_line' id='line_1_92' title="bbox 2208 2639 3792 2710; baseline -0.001 -14"><span class='ocrx_word' id='word_1_541' title='bbox 2208 2641 2312 2696; x_wconf 75' lang='lat'><strong>505</strong></span> <span class='ocrx_word' id='word_1_542' title='bbox 2347 2639 2521 2696; x_wconf 85' lang='lat' dir='ltr'><strong>Corda</strong></span> <span class='ocrx_word' id='word_1_543' title='bbox 2549 2648 2806 2707; x_wconf 91' lang='lat' dir='ltr'><strong>tremunt,</strong></span> <span class='ocrx_word' id='word_1_544' title='bbox 2834 2642 3099 2710; x_wconf 89' lang='lat' dir='ltr'><strong>gestitque</strong></span> <span class='ocrx_word' id='word_1_545' title='bbox 3124 2642 3322 2707; x_wconf 91' lang='lat' dir='ltr'><strong>anima,</strong></span> <span class='ocrx_word' id='word_1_546' title='bbox 3353 2641 3404 2696; x_wconf 91' lang='lat' dir='ltr'><strong>id</strong></span> <span class='ocrx_word' id='word_1_547' title='bbox 3425 2642 3536 2710; x_wconf 88' lang='lat' dir='ltr'><strong>jam</strong></span> <span class='ocrx_word' id='word_1_548' title='bbox 3570 2643 3792 2696; x_wconf 80' lang='lat' dir='ltr'><strong>&quot;cauta</strong></span> 
     </span>
    </p>
   </div>
   <div class='ocr_carea' id='block_1_91' title="bbox 2651 2733 3793 2804">
    <p class='ocr_par' dir='ltr' id='par_1_91' title="bbox 2651 2733 3793 2804">
     <span class='ocr_line' id='line_1_93' title="bbox 2651 2733 3793 2804; baseline 0 -19"><span class='ocrx_word' id='word_1_549' title='bbox 2651 2799 2655 2803; x_wconf 26' lang='grc' dir='ltr'><em>ι</em></span> <span class='ocrx_word' id='word_1_550' title='bbox 3572 2733 3760 2804; x_wconf 86' lang='lat' dir='ltr'><strong>[futuri</strong></span> <span class='ocrx_word' id='word_1_551' title='bbox 3778 2772 3793 2796; x_wconf 92' lang='lat'><strong>,</strong></span> 
     </span>
    </p>
   </div>
   <div class='ocr_carea' id='block_1_92' title="bbox 2349 2820 3791 2894">
    <p class='ocr_par' dir='ltr' id='par_1_92' title="bbox 2349 2820 3791 2894">
     <span class='ocr_line' id='line_1_94' title="bbox 2349 2820 3791 2894; baseline 0.001 -19"><span class='ocrx_word' id='word_1_552' title='bbox 2349 2820 2708 2878; x_wconf 74' lang='lat' dir='ltr'><strong>Pnemetueus</strong></span> <span class='ocrx_word' id='word_1_553' title='bbox 2735 2839 2804 2879; x_wconf 90' lang='lat' dir='ltr'><strong>ne</strong></span> <span class='ocrx_word' id='word_1_554' title='bbox 2828 2824 3006 2879; x_wconf 90' lang='lat' dir='ltr'><strong>vineta</strong></span> <span class='ocrx_word' id='word_1_555' title='bbox 3035 2825 3191 2892; x_wconf 62' lang='lat' dir='ltr'><strong>aegris</strong></span> <span class='ocrx_word' id='word_1_556' title='bbox 3233 2840 3334 2894; x_wconf 89' lang='lat' dir='ltr'><strong>pro</strong></span> <span class='ocrx_word' id='word_1_557' title='bbox 3364 2839 3597 2894; x_wconf 90' lang='lat' dir='ltr'><strong>corpore</strong></span> <span class='ocrx_word' id='word_1_558' title='bbox 3622 2825 3791 2890; x_wconf 89' lang='lat' dir='ltr'><strong>curis,</strong></span> 
     </span>
    </p>
   </div>
   <div class='ocr_carea' id='block_1_93' title="bbox 2348 2909 3689 2983">
    <p class='ocr_par' dir='ltr' id='par_1_93' title="bbox 2348 2909 3689 2983">
     <span class='ocr_line' id='line_1_95' title="bbox 2348 2909 3689 2983; baseline 0.002 -19"><span class='ocrx_word' id='word_1_559' title='bbox 2348 2909 2784 2982; x_wconf 88' lang='lat' dir='ltr'><strong>Ponderibusque</strong></span> <span class='ocrx_word' id='word_1_560' title='bbox 2804 2915 2980 2983; x_wconf 88' lang='lat' dir='ltr'><strong>gravis</strong></span> <span class='ocrx_word' id='word_1_561' title='bbox 3004 2929 3202 2978; x_wconf 88' lang='lat' dir='ltr'><strong>rerum,</strong></span> <span class='ocrx_word' id='word_1_562' title='bbox 3232 2914 3277 2969; x_wconf 91' lang='lat' dir='ltr'><strong>si</strong></span> <span class='ocrx_word' id='word_1_563' title='bbox 3306 2913 3443 2968; x_wconf 88' lang='lat' dir='ltr'><strong>forte</strong></span> <span class='ocrx_word' id='word_1_564' title='bbox 3472 2915 3689 2968; x_wconf 87' lang='lat' dir='ltr'><strong>recluso</strong></span> 
     </span>
    </p>
   </div>
   <div class='ocr_carea' id='block_1_94' title="bbox 2354 3002 3793 3073">
    <p class='ocr_par' dir='ltr' id='par_1_94' title="bbox 2354 3002 3793 3073">
     <span class='ocr_line' id='line_1_96' title="bbox 2354 3002 3793 3073; baseline 0.001 -18"><span class='ocrx_word' id='word_1_565' title='bbox 2354 3002 2643 3072; x_wconf 88' lang='lat' dir='ltr'><strong>lncrepitet</strong></span> <span class='ocrx_word' id='word_1_566' title='bbox 2673 3006 2798 3058; x_wconf 89' lang='lat' dir='ltr'><strong>tuba</strong></span> <span class='ocrx_word' id='word_1_567' title='bbox 2824 3012 2973 3059; x_wconf 89' lang='lat' dir='ltr'><strong>vasta</strong></span> <span class='ocrx_word' id='word_1_568' title='bbox 2999 3005 3147 3073; x_wconf 92' lang='lat' dir='ltr'><strong>polo,</strong></span> <span class='ocrx_word' id='word_1_569' title='bbox 3170 3020 3276 3058; x_wconf 92' lang='lat' dir='ltr'><strong>non</strong></span> <span class='ocrx_word' id='word_1_570' title='bbox 3307 3004 3532 3073; x_wconf 78' lang='lat' dir='ltr'><strong>possit&quot;</strong></span> <span class='ocrx_word' id='word_1_571' title='bbox 3558 3005 3610 3056; x_wconf 91' lang='lat' dir='ltr'><strong>in</strong></span> <span class='ocrx_word' id='word_1_572' title='bbox 3634 3018 3793 3057; x_wconf 88' lang='lat' dir='ltr'><strong>auras</strong></span> 
     </span>
    </p>
   </div>
   <div class='ocr_carea' id='block_1_95' title="bbox 2355 3093 3704 3164">
    <p class='ocr_par' dir='ltr' id='par_1_95' title="bbox 2355 3093 3704 3164">
     <span class='ocr_line' id='line_1_97' title="bbox 2355 3093 3704 3164; baseline 0 -16"><span class='ocrx_word' id='word_1_573' title='bbox 2355 3093 2515 3162; x_wconf 87' lang='lat' dir='ltr'><strong>Regis</strong></span> <span class='ocrx_word' id='word_1_574' title='bbox 2544 3095 2609 3148; x_wconf 90' lang='lat' dir='ltr'><strong>ad</strong></span> <span class='ocrx_word' id='word_1_575' title='bbox 2639 3110 2921 3149; x_wconf 91' lang='lat' dir='ltr'><strong>occursum</strong></span> <span class='ocrx_word' id='word_1_576' title='bbox 2956 3095 3162 3149; x_wconf 87' lang='lat' dir='ltr'><strong>levibus</strong></span> <span class='ocrx_word' id='word_1_577' title='bbox 3190 3110 3249 3150; x_wconf 87' lang='lat' dir='ltr'><strong>se</strong></span> <span class='ocrx_word' id='word_1_578' title='bbox 3272 3095 3462 3149; x_wconf 86' lang='lat' dir='ltr'><strong>tollere</strong></span> <span class='ocrx_word' id='word_1_579' title='bbox 3491 3095 3704 3164; x_wconf 87' lang='lat' dir='ltr'><strong>pennis,</strong></span> 
     </span>
    </p>
   </div>
   <div class='ocr_carea' id='block_1_96' title="bbox 2139 3186 3683 3252">
    <p class='ocr_par' dir='ltr' id='par_1_96' title="bbox 2139 3186 3683 3252">
     <span class='ocr_line' id='line_1_98' title="bbox 2139 3186 3683 3252; baseline 0 -13"><span class='ocrx_word' id='word_1_580' title='bbox 2139 3189 2183 3250; x_wconf 84' lang='lat' dir='ltr'><strong>C</strong></span> <span class='ocrx_word' id='word_1_581' title='bbox 2214 3186 2317 3239; x_wconf 81' lang='grc'><strong>510</strong></span> <span class='ocrx_word' id='word_1_582' title='bbox 2354 3186 2496 3240; x_wconf 88' lang='lat' dir='ltr'><strong>Inter</strong></span> <span class='ocrx_word' id='word_1_583' title='bbox 2523 3186 2730 3240; x_wconf 90' lang='lat' dir='ltr'><strong>honora</strong></span> <span class='ocrx_word' id='word_1_584' title='bbox 2761 3187 2950 3240; x_wconf 88' lang='lat' dir='ltr'><strong>volans</strong></span> <span class='ocrx_word' id='word_1_585' title='bbox 2995 3195 3301 3241; x_wconf 89' lang='lat' dir='ltr'><strong>sanctorum</strong></span> <span class='ocrx_word' id='word_1_586' title='bbox 3330 3187 3493 3241; x_wconf 86' lang='lat' dir='ltr'><strong>millia</strong></span> <span class='ocrx_word' id='word_1_587' title='bbox 3523 3187 3683 3252; x_wconf 66' lang='lat' dir='ltr'><strong>caelo,</strong></span> 
     </span>
    </p>
   </div>
   <div class='ocr_carea' id='block_1_97' title="bbox 2350 3276 3792 3347">
    <p class='ocr_par' dir='ltr' id='par_1_97' title="bbox 2350 3276 3792 3347">
     <span class='ocr_line' id='line_1_99' title="bbox 2350 3276 3792 3347; baseline 0.002 -18"><span class='ocrx_word' id='word_1_588' title='bbox 2350 3276 2449 3343; x_wconf 86' lang='lat' dir='ltr'><strong>Qui</strong></span> <span class='ocrx_word' id='word_1_589' title='bbox 2489 3291 2584 3346; x_wconf 88' lang='lat' dir='ltr'><strong>per</strong></span> <span class='ocrx_word' id='word_1_590' title='bbox 2639 3277 2800 3331; x_wconf 89' lang='lat' dir='ltr'><strong>inane</strong></span> <span class='ocrx_word' id='word_1_591' title='bbox 2847 3276 3013 3345; x_wconf 86' lang='lat' dir='ltr'><strong>leves,</strong></span> <span class='ocrx_word' id='word_1_592' title='bbox 3072 3292 3246 3346; x_wconf 89' lang='lat' dir='ltr'><strong>neque</strong></span> <span class='ocrx_word' id='word_1_593' title='bbox 3301 3277 3484 3332; x_wconf 93' lang='lat' dir='ltr'><strong>mundi</strong></span> <span class='ocrx_word' id='word_1_594' title='bbox 3529 3277 3792 3347; x_wconf 87' lang='lat' dir='ltr'><strong>compede</strong></span> 
     </span>
    </p>
   </div>
   <div class='ocr_carea' id='block_1_98' title="bbox 3555 3368 3792 3441">
    <p class='ocr_par' dir='ltr' id='par_1_98' title="bbox 3555 3368 3792 3441">
     <span class='ocr_line' id='line_1_100' title="bbox 3555 3368 3792 3441; baseline 0.008 -19"><span class='ocrx_word' id='word_1_595' title='bbox 3555 3368 3792 3441; x_wconf 83' lang='lat' dir='ltr'><strong>[vinctos</strong></span> 
     </span>
    </p>
   </div>
   <div class='ocr_carea' id='block_1_99' title="bbox 2349 3455 3681 3528">
    <p class='ocr_par' dir='ltr' id='par_1_99' title="bbox 2349 3455 3681 3528">
     <span class='ocr_line' id='line_1_101' title="bbox 2349 3455 3681 3528; baseline 0.002 -19"><span class='ocrx_word' id='word_1_596' title='bbox 2349 3455 2525 3510; x_wconf 87' lang='lat' dir='ltr'><strong>Ardua</strong></span> <span class='ocrx_word' id='word_1_597' title='bbox 2549 3456 2602 3510; x_wconf 92' lang='lat' dir='ltr'><strong>in</strong></span> <span class='ocrx_word' id='word_1_598' title='bbox 2633 3465 2776 3511; x_wconf 86' lang='lat' dir='ltr'><strong>astra</strong></span> <span class='ocrx_word' id='word_1_599' title='bbox 2805 3457 2970 3528; x_wconf 89' lang='lat' dir='ltr'><strong>pedes</strong></span> <span class='ocrx_word' id='word_1_600' title='bbox 2999 3457 3141 3513; x_wconf 81' lang='lat' dir='ltr'><strong>facili</strong></span> <span class='ocrx_word' id='word_1_601' title='bbox 3169 3459 3444 3513; x_wconf 92' lang='lat' dir='ltr'><strong>molimine</strong></span> <span class='ocrx_word' id='word_1_602' title='bbox 3468 3460 3681 3526; x_wconf 88' lang='lat' dir='ltr'><strong>tollent,</strong></span> 
     </span>
    </p>
   </div>
   <div class='ocr_carea' id='block_1_100' title="bbox 2349 3547 3578 3620">
    <p class='ocr_par' dir='ltr' id='par_1_100' title="bbox 2349 3547 3578 3620">
     <span class='ocr_line' id='line_1_102' title="bbox 2349 3547 3578 3620; baseline 0.004 -19"><span class='ocrx_word' id='word_1_603' title='bbox 2349 3547 2414 3602; x_wconf 89' lang='lat' dir='ltr'><strong>Et</strong></span> <span class='ocrx_word' id='word_1_604' title='bbox 2443 3549 2640 3604; x_wconf 90' lang='lat' dir='ltr'><strong>teneris</strong></span> <span class='ocrx_word' id='word_1_605' title='bbox 2668 3551 2807 3604; x_wconf 89' lang='lat' dir='ltr'><strong>vecti</strong></span> <span class='ocrx_word' id='word_1_606' title='bbox 2831 3567 2928 3620; x_wconf 89' lang='lat' dir='ltr'><strong>per</strong></span> <span class='ocrx_word' id='word_1_607' title='bbox 2954 3552 3132 3607; x_wconf 88' lang='lat' dir='ltr'><strong>sidera</strong></span> <span class='ocrx_word' id='word_1_608' title='bbox 3156 3553 3384 3608; x_wconf 90' lang='lat' dir='ltr'><strong>nubibus</strong></span> <span class='ocrx_word' id='word_1_609' title='bbox 3407 3553 3578 3618; x_wconf 90' lang='lat' dir='ltr'><strong>ibunt,</strong></span> 
     </span>
    </p>
   </div>
   <div class='ocr_carea' id='block_1_101' title="bbox 2343 3640 3786 3713">
    <p class='ocr_par' dir='ltr' id='par_1_101' title="bbox 2343 3640 3786 3713">
     <span class='ocr_line' id='line_1_103' title="bbox 2343 3640 3786 3713; baseline 0.004 -19"><span class='ocrx_word' id='word_1_610' title='bbox 2343 3640 2630 3696; x_wconf 68' lang='lat' dir='ltr'><strong>Caelestem</strong></span> <span class='ocrx_word' id='word_1_611' title='bbox 2669 3651 2727 3696; x_wconf 92' lang='lat' dir='ltr'><strong>ut</strong></span> <span class='ocrx_word' id='word_1_612' title='bbox 2752 3643 2931 3698; x_wconf 89' lang='lat' dir='ltr'><strong>medio</strong></span> <span class='ocrx_word' id='word_1_613' title='bbox 2952 3652 3279 3698; x_wconf 89' lang='lat' dir='ltr'><strong>venerentur</strong></span> <span class='ocrx_word' id='word_1_614' title='bbox 3308 3645 3362 3697; x_wconf 90' lang='lat' dir='ltr'><strong>in</strong></span> <span class='ocrx_word' id='word_1_615' title='bbox 3391 3659 3518 3699; x_wconf 89' lang='lat' dir='ltr'><strong>aere</strong></span> <span class='ocrx_word' id='word_1_616' title='bbox 3559 3644 3786 3713; x_wconf 87' lang='lat' dir='ltr'><strong>Regem,</strong></span> 
     </span>
    </p>
   </div>
   <div class='ocr_carea' id='block_1_102' title="bbox 2208 3728 3718 3804">
    <p class='ocr_par' dir='ltr' id='par_1_102' title="bbox 2208 3728 3718 3804">
     <span class='ocr_line' id='line_1_104' title="bbox 2208 3728 3718 3804; baseline 0.004 -20"><span class='ocrx_word' id='word_1_617' title='bbox 2208 3728 2312 3784; x_wconf 78' lang='grc'><strong>515</strong></span> <span class='ocrx_word' id='word_1_618' title='bbox 2346 3729 2610 3800; x_wconf 89' lang='lat' dir='ltr'><strong>Claraque</strong></span> <span class='ocrx_word' id='word_1_619' title='bbox 2638 3731 2861 3788; x_wconf 89' lang='lat' dir='ltr'><strong>adorato</strong></span> <span class='ocrx_word' id='word_1_620' title='bbox 2887 3733 3220 3802; x_wconf 73' lang='lat' dir='ltr'><strong>coniungant</strong></span> <span class='ocrx_word' id='word_1_621' title='bbox 3244 3735 3456 3804; x_wconf 84' lang='lat' dir='ltr'><strong>agmina</strong></span> <span class='ocrx_word' id='word_1_622' title='bbox 3476 3735 3718 3790; x_wconf 85' lang='lat' dir='ltr'><strong>Christo.</strong></span> 
     </span>
    </p>
   </div>
   <div class='ocr_carea' id='block_1_103' title="bbox 2425 3821 3790 3893">
    <p class='ocr_par' dir='ltr' id='par_1_103' title="bbox 2425 3821 3790 3893">
     <span class='ocr_line' id='line_1_105' title="bbox 2425 3821 3790 3893; baseline 0.003 -17"><span class='ocrx_word' id='word_1_623' title='bbox 2425 3821 2522 3877; x_wconf 85' lang='lat' dir='ltr'><strong>llic</strong></span> <span class='ocrx_word' id='word_1_624' title='bbox 2551 3831 2724 3877; x_wconf 90' lang='lat' dir='ltr'><strong>metus</strong></span> <span class='ocrx_word' id='word_1_625' title='bbox 2752 3832 2856 3890; x_wconf 90' lang='lat' dir='ltr'><strong>est,</strong></span> <span class='ocrx_word' id='word_1_626' title='bbox 2888 3824 3041 3878; x_wconf 89' lang='lat' dir='ltr'><strong>labor</strong></span> <span class='ocrx_word' id='word_1_627' title='bbox 3069 3825 3192 3893; x_wconf 87' lang='lat' dir='ltr'><strong>iste,</strong></span> <span class='ocrx_word' id='word_1_628' title='bbox 3217 3825 3332 3880; x_wconf 91' lang='lat' dir='ltr'><strong>dies</strong></span> <span class='ocrx_word' id='word_1_629' title='bbox 3352 3841 3420 3880; x_wconf 91' lang='lat' dir='ltr'><strong>ne</strong></span> <span class='ocrx_word' id='word_1_630' title='bbox 3449 3841 3536 3880; x_wconf 90' lang='lat' dir='ltr'><strong>me</strong></span> <span class='ocrx_word' id='word_1_631' title='bbox 3571 3827 3790 3880; x_wconf 90' lang='lat' dir='ltr'><strong>ultimus</strong></span> 
     </span>
    </p>
   </div>
   <div class='ocr_carea' id='block_1_104' title="bbox 3639 3917 3791 3989">
    <p class='ocr_par' dir='ltr' id='par_1_104' title="bbox 3639 3917 3791 3989">
     <span class='ocr_line' id='line_1_106' title="bbox 3639 3917 3791 3989; baseline 0.007 -19"><span class='ocrx_word' id='word_1_632' title='bbox 3639 3917 3791 3989; x_wconf 89' lang='lat' dir='ltr'><strong>[atris</strong></span> 
     </span>
    </p>
   </div>
   <div class='ocr_carea' id='block_1_105' title="bbox 2348 4007 3626 4081">
    <p class='ocr_par' dir='ltr' id='par_1_105' title="bbox 2348 4007 3626 4081">
     <span class='ocr_line' id='line_1_107' title="bbox 2348 4007 3626 4081; baseline 0.001 -19"><span class='ocrx_word' id='word_1_633' title='bbox 2348 4007 2591 4079; x_wconf 92' lang='lat' dir='ltr'><strong>Sopitum</strong></span> <span class='ocrx_word' id='word_1_634' title='bbox 2613 4009 2851 4064; x_wconf 90' lang='lat' dir='ltr'><strong>tenebris</strong></span> <span class='ocrx_word' id='word_1_635' title='bbox 2877 4010 3047 4064; x_wconf 89' lang='lat' dir='ltr'><strong>sterili</strong></span> <span class='ocrx_word' id='word_1_636' title='bbox 3071 4011 3366 4081; x_wconf 90' lang='lat' dir='ltr'><strong>deprendat</strong></span> <span class='ocrx_word' id='word_1_637' title='bbox 3395 4011 3450 4064; x_wconf 91' lang='lat' dir='ltr'><strong>in</strong></span> <span class='ocrx_word' id='word_1_638' title='bbox 3480 4018 3626 4075; x_wconf 88' lang='lat' dir='ltr'><strong>actu,</strong></span> 
     </span>
    </p>
   </div>
   <div class='ocr_carea' id='block_1_106' title="bbox 2346 4101 3788 4174">
    <p class='ocr_par' dir='ltr' id='par_1_106' title="bbox 2346 4101 3788 4174">
     <span class='ocr_line' id='line_1_108' title="bbox 2346 4101 3788 4174; baseline -0.008 -12"><span class='ocrx_word' id='word_1_639' title='bbox 2346 4103 2701 4174; x_wconf 77' lang='lat'><strong>375-376</strong></span> <span class='ocrx_word' id='word_1_640' title='bbox 2731 4101 2995 4172; x_wconf 88' lang='lat' dir='ltr'><strong>Tempora</strong></span> <span class='ocrx_word' id='word_1_641' title='bbox 3021 4105 3120 4158; x_wconf 88' lang='lat' dir='ltr'><strong>sub</strong></span> <span class='ocrx_word' id='word_1_642' title='bbox 3149 4105 3331 4158; x_wconf 88' lang='lat' dir='ltr'><strong>vacuis</strong></span> <span class='ocrx_word' id='word_1_643' title='bbox 3366 4104 3649 4158; x_wconf 89' lang='lat' dir='ltr'><strong>ducentem</strong></span> <span class='ocrx_word' id='word_1_644' title='bbox 3678 4119 3788 4173; x_wconf 83' lang='lat' dir='ltr'><strong>per.</strong></span> 
     </span>
    </p>
   </div>
   <div class='ocr_carea' id='block_1_107' title="bbox 3385 4196 3715 4269">
    <p class='ocr_par' dir='ltr' id='par_1_107' title="bbox 3385 4196 3715 4269">
     <span class='ocr_line' id='line_1_109' title="bbox 3385 4196 3715 4269; baseline -0.003 -19"><span class='ocrx_word' id='word_1_645' title='bbox 3385 4196 3519 4269; x_wconf 84' lang='lat' dir='ltr'><strong>[dita</strong></span> <span class='ocrx_word' id='word_1_646' title='bbox 3549 4197 3715 4251; x_wconf 91' lang='lat' dir='ltr'><strong>curis.</strong></span> 
     </span>
    </p>
   </div>
   <div class='ocr_carea' id='block_1_108' title="bbox 2348 4284 3788 4353">
    <p class='ocr_par' dir='ltr' id='par_1_108' title="bbox 2348 4284 3788 4353">
     <span class='ocr_line' id='line_1_110' title="bbox 2348 4284 3788 4353; baseline 0.001 -15"><span class='ocrx_word' id='word_1_647' title='bbox 2348 4284 2480 4338; x_wconf 82' lang='lat' dir='ltr'><strong>Nam</strong></span> <span class='ocrx_word' id='word_1_648' title='bbox 2509 4285 2634 4353; x_wconf 92' lang='lat' dir='ltr'><strong>quid</strong></span> <span class='ocrx_word' id='word_1_649' title='bbox 2677 4285 2869 4352; x_wconf 85' lang='lat' dir='ltr'><strong>agam?</strong></span> <span class='ocrx_word' id='word_1_650' title='bbox 2898 4285 3059 4339; x_wconf 87' lang='lat' dir='ltr'><strong>lentis</strong></span> <span class='ocrx_word' id='word_1_651' title='bbox 3087 4287 3131 4340; x_wconf 89' lang='lat' dir='ltr'><strong>si</strong></span> <span class='ocrx_word' id='word_1_652' title='bbox 3157 4286 3282 4340; x_wconf 90' lang='lat' dir='ltr'><strong>dum</strong></span> <span class='ocrx_word' id='word_1_653' title='bbox 3328 4287 3595 4341; x_wconf 90' lang='lat' dir='ltr'><strong>conniveo</strong></span> <span class='ocrx_word' id='word_1_654' title='bbox 3624 4287 3788 4350; x_wconf 90' lang='lat' dir='ltr'><strong>v0tis,</strong></span> 
     </span>
    </p>
   </div>
   <div class='ocr_carea' id='block_1_109' title="bbox 2197 4375 3785 4447">
    <p class='ocr_par' dir='ltr' id='par_1_109' title="bbox 2197 4375 3785 4447">
     <span class='ocr_line' id='line_1_111' title="bbox 2197 4375 3785 4447; baseline 0.001 -16"><span class='ocrx_word' id='word_1_655' title='bbox 2197 4375 2300 4431; x_wconf 70' lang='lat'><strong>520</strong></span> <span class='ocrx_word' id='word_1_656' title='bbox 2337 4375 2582 4431; x_wconf 90' lang='lat' dir='ltr'><strong>Christus</strong></span> <span class='ocrx_word' id='word_1_657' title='bbox 2607 4377 2673 4430; x_wconf 89' lang='lat' dir='ltr'><strong>ab</strong></span> <span class='ocrx_word' id='word_1_658' title='bbox 2701 4377 2919 4430; x_wconf 74' lang='lat' dir='ltr'><strong>zetheria</strong></span> <span class='ocrx_word' id='word_1_659' title='bbox 2948 4377 3075 4430; x_wconf 91' lang='lat' dir='ltr'><strong>mihi</strong></span> <span class='ocrx_word' id='word_1_660' title='bbox 3107 4377 3346 4447; x_wconf 85' lang='lat' dir='ltr'><strong>proditus</strong></span> <span class='ocrx_word' id='word_1_661' title='bbox 3374 4393 3499 4433; x_wconf 90' lang='lat' dir='ltr'><strong>arce</strong></span> <span class='ocrx_word' id='word_1_662' title='bbox 3519 4389 3785 4443; x_wconf 89' lang='lat' dir='ltr'><strong>coruscet,</strong></span> 
     </span>
    </p>
   </div>
   <div class='ocr_carea' id='block_1_110' title="bbox 2341 4466 3534 4540">
    <p class='ocr_par' dir='ltr' id='par_1_110' title="bbox 2341 4466 3534 4540">
     <span class='ocr_line' id='line_1_112' title="bbox 2341 4466 3534 4540; baseline 0.005 -20"><span class='ocrx_word' id='word_1_663' title='bbox 2341 4466 2408 4521; x_wconf 88' lang='lat' dir='ltr'><strong>Et</strong></span> <span class='ocrx_word' id='word_1_664' title='bbox 2429 4468 2614 4522; x_wconf 89' lang='lat' dir='ltr'><strong>subitis</strong></span> <span class='ocrx_word' id='word_1_665' title='bbox 2644 4468 2853 4521; x_wconf 85' lang='lat' dir='ltr'><strong>Domini</strong></span> <span class='ocrx_word' id='word_1_666' title='bbox 2885 4468 3021 4523; x_wconf 73' lang='lat' dir='ltr'><strong>cmlo</strong></span> <span class='ocrx_word' id='word_1_667' title='bbox 3050 4470 3316 4524; x_wconf 91' lang='lat' dir='ltr'><strong>venientis</strong></span> <span class='ocrx_word' id='word_1_668' title='bbox 3344 4480 3534 4540; x_wconf 88' lang='lat' dir='ltr'><strong>aperto</strong></span> 
     </span>
    </p>
   </div>
   <div class='ocr_carea' id='block_1_111' title="bbox 2207 4581 3783 4668">
    <p class='ocr_par' dir='ltr' id='par_1_111' title="bbox 2207 4581 3783 4668">
     <span class='ocr_line' id='line_1_113' title="bbox 2207 4581 3783 4668; baseline 0.003 -33"><span class='ocrx_word' id='word_1_669' title='bbox 2207 4582 2364 4646; x_wconf 88' lang='lat' dir='ltr'><strong>rium,</strong></span> <span class='ocrx_word' id='word_1_670' title='bbox 2390 4597 2442 4668; x_wconf 75' lang='lat' dir='ltr'><strong>v.</strong></span> <span class='ocrx_word' id='word_1_671' title='bbox 2475 4581 2605 4668; x_wconf 53' lang='lat'><strong>47:7}</strong></span> <span class='ocrx_word' id='word_1_672' title='bbox 2637 4581 2833 4668; x_wconf 41' lang='lat' dir='ltr'><strong>(idcum</strong></span> <span class='ocrx_word' id='word_1_673' title='bbox 2855 4585 2909 4636; x_wconf 85' lang='lat' dir='ltr'><strong>in</strong></span> <span class='ocrx_word' id='word_1_674' title='bbox 2930 4599 3353 4668; x_wconf 51' lang='lat' dir='ltr'><strong>auum‘purwrw</strong></span> <span class='ocrx_word' id='word_1_675' title='bbox 3379 4593 3427 4638; x_wconf 86' lang='lat' dir='ltr'><strong>et</strong></span> <span class='ocrx_word' id='word_1_676' title='bbox 3460 4588 3623 4656; x_wconf 84' lang='lat' dir='ltr'><strong>panni</strong></span> <span class='ocrx_word' id='word_1_677' title='bbox 3664 4605 3783 4658; x_wconf 82' lang='lat' dir='ltr'><strong>gre—</strong></span> 
     </span>
    </p>
   </div>
   <div class='ocr_carea' id='block_1_112' title="bbox 2205 4650 3784 4726">
    <p class='ocr_par' dir='ltr' id='par_1_112' title="bbox 2205 4650 3784 4726">
     <span class='ocr_line' id='line_1_114' title="bbox 2205 4650 3784 4726; baseline 0.004 -23"><span class='ocrx_word' id='word_1_678' title='bbox 2205 4668 2344 4726; x_wconf 70' lang='lat' dir='ltr'><strong>gem;</strong></span> <span class='ocrx_word' id='word_1_679' title='bbox 2373 4659 2426 4726; x_wconf 81' lang='lat' dir='ltr'><strong>et</strong></span> <span class='ocrx_word' id='word_1_680' title='bbox 2459 4651 2620 4720; x_wconf 90' lang='lat' dir='ltr'><strong>epist.</strong></span> <span class='ocrx_word' id='word_1_681' title='bbox 2651 4650 2737 4726; x_wconf 63' lang='lat'><strong>29,</strong></span> <span class='ocrx_word' id='word_1_682' title='bbox 2768 4668 2919 4726; x_wconf 59' lang='lat' dir='ltr'><strong>num.</strong></span> <span class='ocrx_word' id='word_1_683' title='bbox 2959 4653 3047 4720; x_wconf 72' lang='lat' dir='ltr'><strong>l2,</strong></span> <span class='ocrx_word' id='word_1_684' title='bbox 3091 4650 3325 4708; x_wconf 77' lang='lat' dir='ltr'><strong>Vidimus</strong></span> <span class='ocrx_word' id='word_1_685' title='bbox 3357 4650 3784 4726; x_wconf 58' lang='lat' dir='ltr'><strong>purpuream&#39;su-</strong></span> 
     </span>
    </p>
   </div>
   <div class='ocr_carea' id='block_1_113' title="bbox 2203 4720 3343 4792">
    <p class='ocr_par' dir='ltr' id='par_1_113' title="bbox 2203 4720 3343 4792">
     <span class='ocr_line' id='line_1_115' title="bbox 2203 4720 3343 4792; baseline 0.004 -18"><span class='ocrx_word' id='word_1_686' title='bbox 2203 4720 2504 4792; x_wconf 63' lang='lat' dir='ltr'><strong>pellectilem</strong></span> <span class='ocrx_word' id='word_1_687' title='bbox 2528 4723 2714 4792; x_wconf 54' lang='lat' dir='ltr'><strong>pannis</strong></span> <span class='ocrx_word' id='word_1_688' title='bbox 2745 4722 2990 4777; x_wconf 81' lang='lat' dir='ltr'><strong>veteribus</strong></span> <span class='ocrx_word' id='word_1_689' title='bbox 3021 4726 3343 4779; x_wconf 78' lang='lat' dir='ltr'><strong>servientem.</strong></span> 
     </span>
    </p>
   </div>
   <div class='ocr_carea' id='block_1_114' title="bbox 2273 4788 3776 4872">
    <p class='ocr_par' dir='ltr' id='par_1_114' title="bbox 2273 4788 3776 4872">
     <span class='ocr_line' id='line_1_116' title="bbox 2273 4788 3776 4872; baseline 0.006 -30"><span class='ocrx_word' id='word_1_690' title='bbox 2273 4792 2343 4872; x_wconf 62' lang='grc' dir='ltr'><strong>(ρ)</strong></span> <span class='ocrx_word' id='word_1_691' title='bbox 2375 4788 2506 4872; x_wconf 75' lang='lat' dir='ltr'><strong>Edd.</strong></span> <span class='ocrx_word' id='word_1_692' title='bbox 2539 4789 2742 4872; x_wconf 68' lang='lat' dir='ltr'><strong>Poelm.</strong></span> <span class='ocrx_word' id='word_1_693' title='bbox 2781 4799 2835 4846; x_wconf 92' lang='lat' dir='ltr'><strong>et</strong></span> <span class='ocrx_word' id='word_1_694' title='bbox 2868 4792 3056 4860; x_wconf 91' lang='lat' dir='ltr'><strong>Rosv.,</strong></span> <span class='ocrx_word' id='word_1_695' title='bbox 3088 4796 3214 4848; x_wconf 84' lang='lat' dir='ltr'><strong>noti.</strong></span> <span class='ocrx_word' id='word_1_696' title='bbox 3262 4795 3510 4852; x_wconf 83' lang='lat' dir='ltr'><strong>Heinsius</strong></span> <span class='ocrx_word' id='word_1_697' title='bbox 3543 4815 3554 4849; x_wconf 93' lang='lat'><strong>:</strong></span> <span class='ocrx_word' id='word_1_698' title='bbox 3589 4797 3692 4866; x_wconf 87' lang='lat' dir='ltr'><strong>leg.</strong></span> <span class='ocrx_word' id='word_1_699' title='bbox 3740 4797 3776 4851; x_wconf 86' lang='lat' dir='ltr'><strong>f.</strong></span> 
     </span>
    </p>
   </div>
   <div class='ocr_carea' id='block_1_115' title="bbox 2195 4869 2590 4929">
    <p class='ocr_par' dir='ltr' id='par_1_115' title="bbox 2195 4869 2590 4929">
     <span class='ocr_line' id='line_1_117' title="bbox 2195 4869 2590 4929; baseline -0.005 -14"><span class='ocrx_word' id='word_1_700' title='bbox 2195 4869 2388 4915; x_wconf 59' lang='lat' dir='ltr'><strong>eam...</strong></span> <span class='ocrx_word' id='word_1_701' title='bbox 2413 4869 2590 4929; x_wconf 67' lang='lat' dir='ltr'><strong>patrii.</strong></span> 
     </span>
    </p>
   </div>
   <div class='ocr_carea' id='block_1_116' title="bbox 2272 4929 3774 5005">
    <p class='ocr_par' dir='ltr' id='par_1_116' title="bbox 2272 4929 3774 5005">
     <span class='ocr_line' id='line_1_118' title="bbox 2272 4929 3774 5005; baseline 0.009 -24"><span class='ocrx_word' id='word_1_702' title='bbox 2272 4932 2341 5000; x_wconf 75' lang='grc' dir='ltr'><strong>(ι’)</strong></span> <span class='ocrx_word' id='word_1_703' title='bbox 2370 4929 2577 5005; x_wconf 81' lang='lat' dir='ltr'><strong>lta_m_s.</strong></span> <span class='ocrx_word' id='word_1_704' title='bbox 2610 4930 2764 4984; x_wconf 90' lang='lat' dir='ltr'><strong>Voss.</strong></span> <span class='ocrx_word' id='word_1_705' title='bbox 2797 4931 2900 5005; x_wconf 61' lang='lat' dir='ltr'><strong>Alii</strong></span> <span class='ocrx_word' id='word_1_706' title='bbox 2931 4933 3286 5005; x_wconf 81' lang='lat' dir='ltr'><strong>codd.,sa:va,</strong></span> <span class='ocrx_word' id='word_1_707' title='bbox 3317 4937 3589 4993; x_wconf 90' lang='lat' dir='ltr'><strong>mendose.</strong></span> <span class='ocrx_word' id='word_1_708' title='bbox 3617 4939 3774 5005; x_wconf 84' lang='lat' dir='ltr'><strong>Vide,</strong></span> 
     </span>
    </p>
   </div>
   <div class='ocr_carea' id='block_1_117' title="bbox 2192 4999 3097 5067">
    <p class='ocr_par' dir='ltr' id='par_1_117' title="bbox 2192 4999 3097 5067">
     <span class='ocr_line' id='line_1_119' title="bbox 2192 4999 3097 5067; baseline 0.007 -15"><span class='ocrx_word' id='word_1_709' title='bbox 2192 4999 2355 5054; x_wconf 57' lang='lat' dir='ltr'><strong>semita</strong></span> <span class='ocrx_word' id='word_1_710' title='bbox 2386 4999 2582 5067; x_wconf 76' lang='lat' dir='ltr'><strong>fabula,</strong></span> <span class='ocrx_word' id='word_1_711' title='bbox 2613 5015 2778 5054; x_wconf 90' lang='lat' dir='ltr'><strong>carm.</strong></span> <span class='ocrx_word' id='word_1_712' title='bbox 2806 5001 2890 5067; x_wconf 83' lang='lat' dir='ltr'><strong>ll,</strong></span> <span class='ocrx_word' id='word_1_713' title='bbox 2926 5019 2977 5057; x_wconf 92' lang='lat' dir='ltr'><strong>v.</strong></span> <span class='ocrx_word' id='word_1_714' title='bbox 3009 5002 3097 5058; x_wconf 74' lang='grc'><strong>44.</strong></span> 
     </span>
    </p>
   </div>
   <div class='ocr_carea' id='block_1_118' title="bbox 2265 5069 3768 5144">
    <p class='ocr_par' dir='ltr' id='par_1_118' title="bbox 2265 5069 3768 5144">
     <span class='ocr_line' id='line_1_120' title="bbox 2265 5069 3768 5144; baseline 0.008 -23"><span class='ocrx_word' id='word_1_715' title='bbox 2265 5069 2339 5144; x_wconf 76' lang='lat' dir='ltr'><strong>(g)</strong></span> <span class='ocrx_word' id='word_1_716' title='bbox 2370 5069 2458 5144; x_wconf 91' lang='lat' dir='ltr'><strong>_Sic</strong></span> <span class='ocrx_word' id='word_1_717' title='bbox 2487 5085 2675 5144; x_wconf 80' lang='lat' dir='ltr'><strong>omn_es</strong></span> <span class='ocrx_word' id='word_1_718' title='bbox 2700 5071 2935 5144; x_wconf 79' lang='lat' dir='ltr'><strong>codices.</strong></span> <span class='ocrx_word' id='word_1_719' title='bbox 2959 5073 3067 5144; x_wconf 82' lang='lat' dir='ltr'><strong>Nec</strong></span> <span class='ocrx_word' id='word_1_720' title='bbox 3089 5075 3248 5140; x_wconf 86' lang='lat' dir='ltr'><strong>male,</strong></span> <span class='ocrx_word' id='word_1_721' title='bbox 3271 5075 3315 5129; x_wconf 90' lang='lat' dir='ltr'><strong>si</strong></span> <span class='ocrx_word' id='word_1_722' title='bbox 3343 5077 3611 5144; x_wconf 87' lang='lat' dir='ltr'><strong>legeretur</strong></span> <span class='ocrx_word' id='word_1_723' title='bbox 3635 5082 3768 5134; x_wconf 68' lang='lat' dir='ltr'><strong>vita.</strong></span> 
     </span>
    </p>
   </div>
   <div class='ocr_carea' id='block_1_119' title="bbox 2264 5139 3635 5211">
    <p class='ocr_par' dir='ltr' id='par_1_119' title="bbox 2264 5139 3635 5211">
     <span class='ocr_line' id='line_1_121' title="bbox 2264 5139 3635 5211; baseline 0.009 -21"><span class='ocrx_word' id='word_1_724' title='bbox 2264 5140 2448 5211; x_wconf 70' lang='lat' dir='ltr'><strong>(Ii)_lla</strong></span> <span class='ocrx_word' id='word_1_725' title='bbox 2481 5156 2579 5211; x_wconf 89' lang='lat' dir='ltr'><strong>ms.</strong></span> <span class='ocrx_word' id='word_1_726' title='bbox 2605 5139 2760 5194; x_wconf 90' lang='lat' dir='ltr'><strong>Voss.</strong></span> <span class='ocrx_word' id='word_1_727' title='bbox 2784 5150 2840 5195; x_wconf 94' lang='lat' dir='ltr'><strong>et</strong></span> <span class='ocrx_word' id='word_1_728' title='bbox 2867 5143 2953 5196; x_wconf 91' lang='lat' dir='ltr'><strong>ed.</strong></span> <span class='ocrx_word' id='word_1_729' title='bbox 2993 5143 3158 5211; x_wconf 88' lang='lat' dir='ltr'><strong>Lugd.</strong></span> <span class='ocrx_word' id='word_1_730' title='bbox 3194 5139 3358 5211; x_wconf 86' lang='lat' dir='ltr'><strong>Alias,</strong></span> <span class='ocrx_word' id='word_1_731' title='bbox 3397 5139 3635 5201; x_wconf 73' lang='lat' dir='ltr'><strong>ididem.</strong></span> 
     </span>
    </p>
   </div>
   <div class='ocr_carea' id='block_1_120' title="bbox 2263 5209 3772 5287">
    <p class='ocr_par' dir='ltr' id='par_1_120' title="bbox 2263 5209 3772 5287">
     <span class='ocr_line' id='line_1_122' title="bbox 2263 5209 3772 5287; baseline 0.007 -25"><span class='ocrx_word' id='word_1_732' title='bbox 2263 5209 2324 5280; x_wconf 87' lang='lat' dir='ltr'><strong>(i)</strong></span> <span class='ocrx_word' id='word_1_733' title='bbox 2350 5209 2644 5287; x_wconf 80' lang='lat' dir='ltr'><strong>sacchinus</strong></span> <span class='ocrx_word' id='word_1_734' title='bbox 2674 5219 2742 5282; x_wconf 84' lang='lat' dir='ltr'><strong>et</strong></span> <span class='ocrx_word' id='word_1_735' title='bbox 2751 5211 2818 5287; x_wconf 80' lang='lat' dir='ltr'><strong>_N.</strong></span> <span class='ocrx_word' id='word_1_736' title='bbox 2835 5209 3098 5287; x_wconf 81' lang='lat' dir='ltr'><strong>_l_leinsius</strong></span> <span class='ocrx_word' id='word_1_737' title='bbox 3117 5209 3457 5287; x_wconf 68' lang='lat' dir='ltr'><strong>suspicantur</strong></span> <span class='ocrx_word' id='word_1_738' title='bbox 3486 5219 3772 5287; x_wconf 89' lang='lat' dir='ltr'><strong>legendum</strong></span> 
     </span>
    </p>
   </div>
   <div class='ocr_carea' id='block_1_121' title="bbox 2189 5278 3452 5354">
    <p class='ocr_par' dir='ltr' id='par_1_121' title="bbox 2189 5278 3452 5354">
     <span class='ocr_line' id='line_1_123' title="bbox 2189 5278 3452 5354; baseline 0.008 -23"><span class='ocrx_word' id='word_1_739' title='bbox 2189 5278 2302 5348; x_wconf 81' lang='lat' dir='ltr'><strong>pie;</strong></span> <span class='ocrx_word' id='word_1_740' title='bbox 2325 5279 2417 5333; x_wconf 92' lang='lat' dir='ltr'><strong>sed</strong></span> <span class='ocrx_word' id='word_1_741' title='bbox 2437 5287 2493 5334; x_wconf 89' lang='lat' dir='ltr'><strong>et</strong></span> <span class='ocrx_word' id='word_1_742' title='bbox 2519 5294 2679 5348; x_wconf 87' lang='lat' dir='ltr'><strong>supra</strong></span> <span class='ocrx_word' id='word_1_743' title='bbox 2709 5278 2794 5350; x_wconf 79' lang='lat' dir='ltr'><strong>pio</strong></span> <span class='ocrx_word' id='word_1_744' title='bbox 2824 5281 3047 5349; x_wconf 78' lang='lat' dir='ltr'><strong>Christo,</strong></span> <span class='ocrx_word' id='word_1_745' title='bbox 3072 5299 3158 5354; x_wconf 92' lang='lat' dir='ltr'><strong>ep.</strong></span> <span class='ocrx_word' id='word_1_746' title='bbox 3189 5278 3278 5349; x_wconf 73' lang='lat'><strong>52,</strong></span> <span class='ocrx_word' id='word_1_747' title='bbox 3311 5301 3366 5338; x_wconf 93' lang='lat' dir='ltr'><strong>n.</strong></span> <span class='ocrx_word' id='word_1_748' title='bbox 3397 5285 3452 5341; x_wconf 88' lang='lat'><strong>6.</strong></span> 
     </span>
    </p>
   </div>
   <div class='ocr_carea' id='block_1_122' title="bbox 2260 5357 3131 5428">
    <p class='ocr_par' dir='ltr' id='par_1_122' title="bbox 2260 5357 3131 5428">
     <span class='ocr_line' id='line_1_124' title="bbox 2260 5357 3131 5428; baseline 0.003 -15"><span class='ocrx_word' id='word_1_749' title='bbox 2260 5357 2324 5428; x_wconf 84' lang='lat' dir='ltr'><strong>(j)</strong></span> <span class='ocrx_word' id='word_1_750' title='bbox 2349 5357 2473 5412; x_wconf 79' lang='lat' dir='ltr'><strong>Mss.</strong></span> <span class='ocrx_word' id='word_1_751' title='bbox 2501 5357 2667 5426; x_wconf 89' lang='lat' dir='ltr'><strong>Lugd.</strong></span> <span class='ocrx_word' id='word_1_752' title='bbox 2695 5368 2751 5413; x_wconf 92' lang='lat' dir='ltr'><strong>et</strong></span> <span class='ocrx_word' id='word_1_753' title='bbox 2770 5360 2949 5426; x_wconf 91' lang='lat' dir='ltr'><strong>Voss.,</strong></span> <span class='ocrx_word' id='word_1_754' title='bbox 2973 5364 3131 5417; x_wconf 85' lang='lat' dir='ltr'><strong>sedet.</strong></span> 
     </span>
    </p>
   </div>
   <div class='ocr_carea' id='block_1_123' title="bbox 2261 5436 3460 5511">
    <p class='ocr_par' dir='ltr' id='par_1_123' title="bbox 2261 5436 3460 5511">
     <span class='ocr_line' id='line_1_125' title="bbox 2261 5436 3460 5511; baseline 0.007 -21"><span class='ocrx_word' id='word_1_755' title='bbox 2261 5436 2335 5504; x_wconf 79' lang='lat' dir='ltr'><strong>(k)</strong></span> <span class='ocrx_word' id='word_1_756' title='bbox 2355 5436 2453 5492; x_wconf 83' lang='lat' dir='ltr'><strong>Ms.</strong></span> <span class='ocrx_word' id='word_1_757' title='bbox 2481 5436 2613 5507; x_wconf 90' lang='lat' dir='ltr'><strong>Reg.</strong></span> <span class='ocrx_word' id='word_1_758' title='bbox 2641 5453 2764 5492; x_wconf 84' lang='lat' dir='ltr'><strong>cum</strong></span> <span class='ocrx_word' id='word_1_759' title='bbox 2792 5439 2950 5496; x_wconf 90' lang='lat' dir='ltr'><strong>editis</strong></span> <span class='ocrx_word' id='word_1_760' title='bbox 2974 5442 3226 5511; x_wconf 90' lang='lat' dir='ltr'><strong>quinque,</strong></span> <span class='ocrx_word' id='word_1_761' title='bbox 3257 5453 3460 5499; x_wconf 81' lang='lat' dir='ltr'><strong>sancto.</strong></span> 
     </span>
    </p>
   </div>
   <div class='ocr_carea' id='block_1_124' title="bbox 2260 5515 3766 5600">
    <p class='ocr_par' dir='ltr' id='par_1_124' title="bbox 2260 5515 3766 5600">
     <span class='ocr_line' id='line_1_126' title="bbox 2260 5515 3766 5600; baseline 0.006 -31"><span class='ocrx_word' id='word_1_762' title='bbox 2260 5516 2323 5586; x_wconf 87' lang='grc' dir='ltr'><strong>(ι)</strong></span> <span class='ocrx_word' id='word_1_763' title='bbox 2483 5515 2658 5600; x_wconf 78' lang='lat' dir='ltr'><strong>codex</strong></span> <span class='ocrx_word' id='word_1_764' title='bbox 2686 5517 2998 5584; x_wconf 83' lang='lat' dir='ltr'><strong>Vossianus,</strong></span> <span class='ocrx_word' id='word_1_765' title='bbox 3028 5521 3274 5594; x_wconf 84' lang='lat' dir='ltr'><strong>quidquid</strong></span> <span class='ocrx_word' id='word_1_766' title='bbox 3307 5524 3462 5579; x_wconf 77' lang='lat' dir='ltr'><strong>homo</strong></span> <span class='ocrx_word' id='word_1_767' title='bbox 3487 5533 3586 5593; x_wconf 77' lang='lat' dir='ltr'><strong>est,</strong></span> <span class='ocrx_word' id='word_1_768' title='bbox 3619 5525 3766 5580; x_wconf 80' lang='lat' dir='ltr'><strong>homo</strong></span> 
     </span>
    </p>
   </div>
   <div class='ocr_carea' id='block_1_125' title="bbox 2187 5599 2592 5659">
    <p class='ocr_par' dir='ltr' id='par_1_125' title="bbox 2187 5599 2592 5659">
     <span class='ocr_line' id='line_1_127' title="bbox 2187 5599 2592 5659; baseline 0.01 -22"><span class='ocrx_word' id='word_1_769' title='bbox 2187 5599 2418 5656; x_wconf 76' lang='lat' dir='ltr'><strong>corporis</strong></span> <span class='ocrx_word' id='word_1_770' title='bbox 2446 5599 2592 5659; x_wconf 69' lang='lat' dir='ltr'><strong>aegri.</strong></span> 
     </span>
    </p>
   </div>
   <div class='ocr_carea' id='block_1_126' title="bbox 2187 5664 3759 5790">
    <p class='ocr_par' dir='ltr' id='par_1_126' title="bbox 2187 5664 3759 5790">
     <span class='ocr_line' id='line_1_128' title="bbox 2187 5664 3759 5790; baseline 0.006 -71"><span class='ocrx_word' id='word_1_771' title='bbox 2187 5665 2355 5790; x_wconf 49' lang='lat' dir='ltr'><strong>mem;</strong></span> <span class='ocrx_word' id='word_1_772' title='bbox 2379 5664 2456 5720; x_wconf 85' lang='lat' dir='ltr'><strong>Ita</strong></span> <span class='ocrx_word' id='word_1_773' title='bbox 2486 5683 2613 5724; x_wconf 88' lang='lat' dir='ltr'><strong>mss.</strong></span> <span class='ocrx_word' id='word_1_774' title='bbox 2646 5666 2815 5739; x_wconf 88' lang='lat' dir='ltr'><strong>Lugd.</strong></span> <span class='ocrx_word' id='word_1_775' title='bbox 2846 5679 2902 5726; x_wconf 92' lang='lat' dir='ltr'><strong>et</strong></span> <span class='ocrx_word' id='word_1_776' title='bbox 2929 5669 3083 5743; x_wconf 83' lang='lat' dir='ltr'><strong>Voss.</strong></span> <span class='ocrx_word' id='word_1_777' title='bbox 3111 5686 3235 5728; x_wconf 90' lang='lat' dir='ltr'><strong>eum</strong></span> <span class='ocrx_word' id='word_1_778' title='bbox 3263 5673 3394 5730; x_wconf 85' lang='lat' dir='ltr'><strong>edit.</strong></span> <span class='ocrx_word' id='word_1_779' title='bbox 3428 5674 3606 5732; x_wconf 75' lang='lat' dir='ltr'><strong>Vin&#39;et.</strong></span> <span class='ocrx_word' id='word_1_780' title='bbox 3640 5673 3759 5740; x_wconf 77' lang='lat' dir='ltr'><strong>Alii,</strong></span> 
     </span>
    </p>
   </div>
  </div>
