4008 6346
230 409 328 468 461

363 619 622 687 Suhfugia
655 620 804 674 illato
831 621 874 652 ³⁸
903 620 1156 677 confusus
1197 621 1396 674 lumine
1426 621 1705 689 quaaram?

433 711 589 778 Quod
619 712 750 766 mihi
788 729 855 767 ne
881 720 1095 781 pareret
1126 713 1209 766 vel
1236 711 1530 766 diffidentia
1569 711 1701 774 veri,

227 800 326 856 325
365 801 459 856 Vel
484 802 765 871 prazsentis
786 817 936 855 amor
959 801 1098 865 vitae,
1119 816 1407 870 rerumque
1437 801 1703 869 voluptas,

359 891 696 946 Curarumve
726 892 767 925 ³³
797 892 968 958 labor,
1001 892 1201 962 placuit
1235 901 1557 962 przevertere
1586 907 1741 946 casus

367 982 678 1054 Proposito,
709 991 765 1039 et
792 1000 949 1040 curas
979 985 1131 1040 linire
1159 985 1449 1055 superstite
1477 986 1583 1040 vita
1609 1003 1622 1051 ;

357 1073 779 1143 Commissisque
809 1075 851 1105 ⁵⁸
880 1074 992 1129 Deo
1016 1081 1234 1129 ventura
1265 1074 1318 1129 in
1340 1075 1518 1128 secula
1548 1075 1736 1141 rebus,

360 1163 687 1234 Exspectare
716 1172 920 1220 trucem
950 1181 1139 1220 securo
1165 1173 1386 1235 pectore
1416 1174 1664 1220 mortem.

227 1259 321 1313 3'50
359 1256 414 1311 Si
445 1257 626 1327 placet
648 1257 772 1323 hoc,
795 1265 1009 1327 gratare
1036 1258 1110 1312 tui
1141 1273 1235 1328 spe
1265 1258 1428 1312 divite
1461 1258 1619 1312 amici
1653 1277 1664 1310 :

353 1348 410 1403 Si
431 1356 620 1403 contra
642 1356 746 1414 est,
769 1347 984 1402 Christo
1013 1357 1220 1403 tantum
1250 1364 1335 1402 me
1365 1348 1546 1416 linque
1570 1347 1806 1418 probari.

812 1435 1044 1492 POEMA
1073 1436 1144 1492 Xl
1179 1440 1217 1492 '.

229 1529 474 1584 Secunda:
494 1528 711 1582 Ausonii
736 1529 970 1596 epistola:
1002 1527 1277 1597 respondet
1301 1529 1529 1582 carmine
1551 1530 1803 1600 sequenti.

751 1633 972 1672 AUSONIO
996 1633 1271 1671 PAULINUS.

358 1707 687 1764 Continuata
711 1723 844 1763 mea:
873 1709 1067 1762 durare
1095 1708 1308 1761 silentia
1338 1707 1551 1777 lingua),

357 1799 433 1855 Te
459 1815 751 1870 numquam
783 1800 945 1854 tacito
975 1813 1275 1863 memoras;
1327 1798 1686 1868 placitumque
1726 1800 1804 1853 la-

1554 1890 1740 1962 [tebris
1761 1880 1764 1883 ’
1841 1885 1888 1945 Β

356 1982 626 2038 Desidiam
652 1982 979 2053 exprobras;
1008 1982 1374 2052 neglectmque
1406 1979 1626 2050 insuper
1651 1981 1804 2035 addis

351 2073 569 2128 Crimen
599 2072 879 2138 amicitias;
919 2070 1367 2140 formidatamque
1389 2069 1628 2139 iugalem

285 2169 318 2222 δ
353 2167 574 2236 Ohjicis,
602 2175 657 2221 et
683 2167 875 2221 durutn
919 2165 1056 2235 jacis
1092 2165 1145 2218 in
1176 2179 1294 2219 mea
1330 2165 1539 2220 viscera
1568 2179 1800 2219 versum.

357 2256 545 2324 Parce,
573 2272 786 2328 precor,
816 2257 1054 2312 lacerare
1085 2263 1254 2320 tuum,
1285 2271 1384 2310 nec
1413 2271 1596 2312 amara
1624 2264 1806 2326 pater-

1630 2348 1734 2420 [nis

354 2440 666 2496 Admiscere
690 2439 843 2505 velis,
873 2454 974 2494 ceu
1002 2439 1147 2494 melli
1176 2439 1462 2502 absinthia,
1495 2439 1692 2494 verbis.

353 2531 492 2587 Cura
521 2531 654 2585 mihi
676 2545 891 2600 semper
921 2529 1040 2597 fuit,
1064 2538 1118 2582 et
1147 2539 1348 2595 manet,
1389 2527 1580 2583 officiis
1610 2537 1662 2583 te

353 2623 614 2678 Omnibus
637 2622 887 2677 excolere
905 2662 920 2686 ,
946 2621 1142 2677 affectu
1173 2622 1463 2676 observare
1493 2620 1660 2675 fideli.

259 2715 318 2770 10
351 2715 464 2770 Non
479 2729 734 2784 unquam
767 2712 914 2768 tenui
942 2713 1134 2767 saltem
1156 2720 1244 2766 tua
1273 2713 1445 2779 gratia
1474 2727 1624 2766 nzcvo

350 2807 751 2862 Commaculata
777 2806 906 2860 mihi
930 2812 1045 2870 est;
1079 2806 1196 2874 ipso
1219 2815 1272 2860 te
1293 2805 1486 2860 lmdere
1521 2805 1691 2872 vultu,

350 2898 574 2968 Semper
587 2898 868 2953 etincauta
901 2895 1053 2950 timui
1083 2896 1284 2950 violare
1317 2895 1502 2965 figura.

354 2988 588 3058 Cumque
617 2996 709 3042 tua
737 2987 942 3042 accessi
970 3001 1265 3051 venerans,
1300 3001 1418 3040 mea
1463 2985 1671 3042 cautius
1701 3001 1796 3040 ora

351 3078 656 3149 Composui,
681 3091 738 3133 et
765 3078 889 3132 lzcto
918 3076 1141 3131 formavi
1172 3077 1371 3132 lumine
1399 3077 1660 3142 frontem;

254 3172 319 3225 15
350 3169 428 3227 Ne
447 3186 551 3242 qua
571 3170 658 3225 vel
688 3185 719 3223 a
746 3169 912 3223 tacito
933 3177 1263 3223 contractam
1286 3176 1506 3238 pectore
1535 3169 1734 3222 nubem

349 3262 582 3316 Duceret
603 3261 654 3314 in
677 3267 922 3314 sanctum
951 3259 1185 3330 suspicio
1211 3261 1225 3291 ¹
1255 3260 1386 3314 falsa
1415 3267 1716 3329 parentem.

345 3351 461 3406 Hoc
480 3365 602 3405 mea
630 3358 682 3404 te
703 3349 894 3404 domus
915 3349 1162 3418 exemplo
1191 3349 1462 3418 coluitque
1492 3351 1511 3383 ⁸
1535 3349 1790 3418 colitque,

341 3440 509 3512 Inque
532 3450 626 3496 tuo
653 3449 832 3496 tantus
855 3440 1011 3496 nobis
1040 3456 1338 3499 consensus
1367 3457 1552 3497 amore
1581 3451 1682 3508 est,

339 3533 583 3602 Quantus
599 3539 654 3587 et
672 3531 748 3602 (ὁ)
763 3533 816 3587 in
835 3533 1051 3588 Christo
1073 3549 1316 3590 connexa
1341 3544 1523 3590 mente
1539 3535 1785 3592 colendo.

245 3625 308 3679 20
412 3624 548 3691 Quis
572 3631 682 3690 tua,
724 3639 926 3694 quzcso,
961 3624 1064 3681 tuis
1091 3624 1315 3681 obduxit
1352 3633 1573 3696 pectora
1615 3627 1788 3682 livor?

339 3716 458 3784 Quo
487 3730 707 3770 rumore
740 3717 812 3786 (ε)
841 3715 957 3785 pias
986 3716 1156 3772 facilis
1181 3717 1277 3772 tibi
1319 3718 1457 3773 fama
1505 3733 1602 3788 per
1631 3733 1789 3774 aures

339 3806 538 3877 Irrupit
559 3807 579 3837 '
599 3807 910 3878 pepulitque
937 3809 1172 3862 animum
1203 3816 1500 3878 contraque
1520 3818 1784 3866 vetustam

337 3897 575 3968 Experta
596 3899 798 3968 pietate
826 3897 982 3952 fidem
1011 3915 1152 3956 nova
1172 3901 1396 3955 vulnera
1417 3904 1604 3965 movit,

339 3989 587 4047 Laederet
611 3996 670 4045 ut
697 3990 836 4047 natis
863 3991 1126 4060 placidum
1151 3993 1458 4048 malesuada
1481 3999 1784 4064 parentem?

245 4080 306 4134 25
412 4081 520 4138 Sed
542 4069 670 4135 mihi
690 4097 794 4135 non
817 4081 951 4135 fictae
981 4097 1131 4136 mens
1153 4084 1368 4137 conscia
1399 4085 1778 4155 simplicitatis,

335 4175 448 4231 Nec
477 4175 646 4246 patris
668 4173 853 4229 inculti
893 4174 1066 4244 pietas
1091 4190 1207 4242 rea,
1236 4175 1442 4246 respuit
1469 4193 1629 4232 omne

337 4267 692 4334 lmmeritum,
715 4275 770 4322 et
797 4266 931 4321 falso
960 4269 1247 4337 perstringi
1268 4271 1490 4326 crimine
1519 4285 1628 4325 non
1656 4269 1778 4336 fert;

338 4359 597 4415 Immunis
624 4358 702 4429 (Δ)
725 4373 856 4413 vero
888 4359 928 4423 ‘,
950 4361 1165 4427 gravius
1188 4359 1418 4415 violatur
1443 4361 1625 4430 iniquo

335 4450 590 4515 Vulnere,
610 4458 720 4507 tam
743 4449 1207 4516 tenera‘offensae,
1225 4467 1388 4520 quam
1406 4451 1570 4506 libera
1589 4451 1775 4522 culpas.

240 4563 302 4618 30
407 4562 732 4619 Discussisse
753 4561 942 4630 jugum
968 4563 1210 4631 quereris
1247 4577 1355 4630 me,
1385 4578 1493 4634 quo
1525 4562 1620 4618 tibi
1647 4562 1778 4619 doc-

1649 4656 1716 4710 tis

971 4689 976 4694 .
1649 4656 1684 4708 ι’

336 4745 561 4802 Iunctus
587 4763 738 4802 eram
759 4746 966 4803 studiis.
995 4745 1109 4801 Hoc
1127 4761 1229 4801 nec
1257 4747 1277 4778 °
1305 4755 1543 4817 gestasse
1570 4654 1786 4817 ntitllsem

340 4929 538 4986 Assero
572 4949 584 4985 :
613 4945 845 5004 namque
864 4945 1024 5003 pares
1051 4929 1283 4986 subeunt
1306 4929 1432 5001 juga
1460 4949 1474 4986 :
1507 4841 1788 4988 aerigita-

1519 5023 1716 5096 [lentes

276 5157 294 5177 ‘
315 5155 586 5225 Scriptum
616 5154 716 5210 sub
745 5155 904 5210 tinem
933 5153 1058 5207 anni
1083 5152 1208 5208 595.

271 5227 310 5245 ’⁸
332 5226 476 5280 Alias
500 5225 568 5296 14
588 5243 600 5278 :
627 5224 769 5296 quod
786 5233 966 5279 autem
988 5222 1056 5277 l2
1077 5231 1209 5289 erat,
1234 5239 1374 5279 nunc
1397 5223 1483 5278 10.
1508 5223 1779 5296 Scriptum

209 5295 490 5377 anpoéilt,
521 5295 610 5377 die
635 5293 947 5377 iéAJanuar.

273 5375 296 5402 ⁸
330 5364 458 5420 Vide
486 5373 602 5420 not.
635 5363 762 5419 252.

268 5433 296 5473 δ
327 5435 564 5490 Licentia
594 5434 827 5504 poetica.

272 5505 483 5582 ’ξω-ρει
507 5501 610 5582 ηρῂ
639 5512 826 5582 potest.
858 5502 991 5582 Vide
1018 5518 1185 5558 carm.
1217 5501 1269 5568 9,
1302 5520 1352 5582 v_.
1383 5502 1475 5582 25.
1727 5571 1755 5582 η

271 5575 352 5699 (pg
373 5575 487 5631 Non
533 5572 841 5646 displiceret
868 5573 1164 5627 obscura...
1202 5574 1395 5636 noctis,
1426 5581 1482 5626 ut
1527 5586 1688 5626 carm.
1725 5572 1775 5625 5.

205 5661 252 5699 ν.
356 5686 368 5697 .

271 5717 342 5786 (b)
372 5714 511 5770 Edit.
551 5715 790 5785 quinque
819 5728 942 5786 cum
972 5729 1071 5786 ms.
1101 5711 1286 5767 codice
1328 5709 1518 5780 Lugd.,
1547 5712 1603 5764 in
1627 5709 1780 5766 Chri—

203 5783 333 5840 stum
352 5783 589 5840 connexa
615 5783 785 5840 mente
812 5783 1102 5838 colendum.

271 5856 341 5927 (ε)
369 5856 760 5925 Manuscriptus
784 5853 955 5909 codex
985 5851 1202 5922 Regius,
1235 5851 1395 5922 pium.

1725 414 1956 468 POEMA
1989 416 2100 470 XII.

365 527 702 585 Pncstrictus
721 529 900 593 radiis,
933 529 1010 600 (a)
1032 529 1258 584 obscura
1285 537 1341 583 et
1370 528 1539 584 tristia
1581 528 1752 582 noctis
1848 531 1900 589 Α

3355 413 3459 466 M39.

2065 525 2293 597 Copulat
2319 529 2568 593 infirmis;
2601 546 2774 602 neque
2795 542 2919 589 sunt
2940 535 3228 591 concordia
3260 534 3426 596 frena.

2055 619 2110 674 Si
2133 620 2203 674 sit
2231 622 2523 690 compulsis
2559 639 2805 678 mensura
2833 625 3102 693 jugalibus
3132 627 3320 697 impar.
3411 645 3414 648 ’

1945 709 2015 762 55
2051 709 2108 765 Si
2138 711 2360 765 vitulum
2392 721 2566 777 tauro,
2598 715 2679 768 vel
2712 731 2909 787 equum
2960 717 3232 772 commitis
3253 733 3458 785 onagro
3487 762 3498 782 ,

2055 804 2412 877 377-378
2453 805 2508 859 Si
2553 805 2764 861 confers
2812 808 2994 863 l'ultcas
3050 809 3267 880 cygnis,
3319 816 3374 862 et
3416 806 3487 873 (ei

2921 899 3128 969 [:edona
3161 908 3186 934 ἰ
3217 915 3388 969 parra:
3411 917 3425 963 ;

2053 984 2332 1040 Castaneis
2359 987 2590 1058 corylos,
2620 1004 2800 1059 aequas
2829 991 3056 1047 viburna
3086 992 3372 1060 cupressis,

2052 1074 2136 1130 Me
2161 1092 2426 1146 compone
2450 1077 2544 1132 tibi
2576 1097 2588 1133 :
2624 1079 2710 1133 vix
2734 1079 2938 1135 Tullius
2966 1089 3021 1135 et
3051 1079 3200 1138 Maro
3226 1090 3421 1145 tecum,

2054 1164 2368 1222 Sustineant
2391 1169 2410 1198 ⁷
2435 1169 2640 1240 aequale
2661 1169 2881 1238 jugum;
2928 1172 2972 1225 si
2997 1171 3194 1241 jungar
3218 1187 3424 1237 amore,

1946 1254 2013 1309 40
2051 1255 2165 1311 lloc
2192 1265 2395 1313 tantum
2423 1259 2514 1314 tibi
2538 1275 2624 1314 me
2649 1259 2856 1329 jactare
2885 1263 3094 1317 audebo
3118 1262 3385 1332 iugalem;

2054 1345 2172 1416 Quo
2203 1349 2472 1404 modicum
2502 1352 2663 1406 sociis
2708 1366 2903 1419 magno
2954 1353 3232 1410 contendit
3276 1354 3494 1410 habenis

2055 1440 2232 1497 Dulcis
2257 1443 2493 1497 amicitia
2513 1452 2716 1498 :eterno
2737 1445 2864 1499 mihi
2897 1444 3094 1502 foedere
3122 1456 3320 1512 tecum,

2050 1529 2118 1586 Et
2145 1533 2361 1601 paribus
2389 1549 2603 1603 semper
2623 1535 2933 1589 redamandi
2951 1537 3155 1605 legibus
3175 1553 3350 1607 mqua.

2052 1621 2169 1677 Hoc
2200 1633 2381 1678 nostra
2412 1627 2622 1681 cervice
2646 1626 2832 1695 jugum
2862 1644 2969 1683 non
2999 1645 3171 1685 scaeva
3201 1631 3425 1686 resolvit

1945 1711 2015 1765 45
2051 1712 2271 1779 Fabula,
2314 1730 2420 1769 non
2443 1717 2601 1770 terris
2629 1717 2870 1774 absentia
2901 1719 3058 1791 longa
3083 1721 3314 1778 diremit.

2051 1803 2161 1859 Nec
2180 1804 2428 1875 perimet,
2463 1812 2578 1862 toto
2608 1807 2734 1862 licet
2768 1809 3052 1866 abstrahar
3077 1812 3227 1878 orbe,
3251 1815 3335 1868 vel
3355 1831 3488 1872 aevo.

2055 1894 2354 1966 Numquam
2385 1897 2564 1952 animo
2610 1897 2810 1955 divisus
2857 1914 3043 1970 agam;
3087 1903 3235 1973 prius
3263 1904 3376 1968 ipsa
3407 1921 3490 1960 re~

3240 1995 3420 2068 [cedet

2051 2082 2290 2152 Corpore
2322 2083 2428 2137 vita
2475 2098 2617 2149 meo,
2647 2099 2806 2154 quam
2834 2094 3010 2143 vester
3040 2096 3257 2157 pectore
3289 2090 3486 2148 vultus.

2119 2171 2232 2240 Ego
2260 2180 2312 2226 te
2343 2189 2436 2243 per
2462 2189 2639 2240 omne,
2664 2175 2806 2243 quod
2835 2176 3019 2232 datum
3045 2180 3358 2235 mortalibus

1945 2261 2010 2314 50
2202 2262 2270 2317 Et
2297 2263 2618 2321 destinatum
2657 2267 2894 2322 seculum
2924 2276 3026 2333 est,

2117 2351 2415 2410 Claudenle
2437 2355 2610 2411 donec
2638 2357 2955 2412 continebor
2985 2375 3236 2429 corpore,

2190 2446 2476 2502 Discernar
2504 2449 2633 2504 orbe
2661 2451 2920 2520 quolibet,

2116 2537 2224 2594 Nec
2252 2541 2383 2594 orbe
2410 2542 2482 2612 (f)
2506 2541 2684 2608 longe,
2711 2559 2810 2597 nec
2839 2523 3107 2599 remotum
3137 2546 3353 2613 lumine,

2187 2628 2407 2686 Tenebo
2437 2629 2584 2687 fibris
2615 2633 2852 2699 insitum,

1937 2719 2007 2772 55
2119 2721 2325 2776 Videbo
2354 2723 2536 2791 corde,
2571 2735 2752 2780 mente
2785 2728 3117 2798 complectar
3143 2731 3228 2800 pia

2189 2811 2396 2882 Ubique
2424 2825 2744 2884 pransentem
2777 2819 2924 2873 mihi.

2114 2903 2183 2958 Et
2208 2920 2328 2959 cum
2357 2905 2565 2963 solutus
2592 2912 2860 2981 corporali
2889 2928 3126 2979 carcere,

2184 2995 2458 3067 Terraque
2487 3000 2864 3069 provolavcro,

2111 3088 2229 3159 Quo
2259 3107 2345 3146 me
2375 3091 2566 3148 locarit
2608 3109 2710 3150 axe
2739 3095 3035 3152 communis
3063 3094 3246 3161 Pater,

1934 3182 2002 3236 60
2180 3183 2293 3238 lllic
2318 3199 2531 3256 quoque
2562 3193 2615 3240 te
2640 3186 2823 3243 animo
2853 3202 3057 3257 geram.

2106 3274 2290 3345 Neque
2320 3276 2438 3331 linis
2466 3276 2605 3331 idem
2636 3278 2726 3346 qui
2754 3293 2877 3335 meo
2907 3295 2993 3335 me
3023 3295 3273 3351 corpore,

2186 3367 2252 3420 Et
2282 3383 2467 3422 amore
2497 3362 2699 3425 laxabit
2729 3369 2826 3422 tui.

2105 3457 2254 3513 Mens
2268 3459 2484 3528 quippe,
2519 3458 2682 3531 lapsis
2701 3449 2829 3531 qua).
2850 3470 3122 3530 superstes
3143 3463 3367 3521 artubus

2176 3548 2252 3603 De
2275 3549 2442 3619 stirpe
2472 3549 2626 3605 durat
2656 3549 2840 3615 cmliti,

1924 3637 1994 3692 05
2098 3638 2298 3693 Sensus
2327 3653 2549 3695 necesse
2579 3646 2661 3694 est
2688 3640 2844 3696 simul
2874 3647 2929 3696 et
2960 3638 3182 3700 a'll'ectus
3211 3659 3338 3700 suos

2173 3729 2377 3785 Teneat
2399 3729 2423 3768 δ
2453 3746 2606 3803 teque
2634 3741 2692 3786 ut
2720 3733 2882 3787 vitam
2910 3748 3088 3800 suam;

2099 3820 2166 3877 Et
2195 3830 2253 3876 ut
2273 3822 2430 3886 mori,
2459 3823 2536 3879 sic
2560 3823 2801 3879 oblivisci
2829 3837 2848 3863 ο
2880 3841 2986 3880 non
3015 3827 3192 3896 capit,

2167 3912 2412 3968 Pcrenne
2440 3916 2558 3969 viva
2579 3925 2633 3970 et
2661 3932 2888 3973 memor.

2469 4027 2695 4084 POEMA
2727 4030 2816 4082 Xll

2171 4160 2238 4200 DE
2265 4159 2310 4200 ὃ.
2343 4158 2530 4198 ηιιοε
2559 4158 2880 4196 NATALITIUM
2911 4160 3120 4200 CARIEN
3151 4162 3185 4202 Ι.

1886 4240 1951 4295 In
1979 4257 2037 4293 eo
2065 4239 2323 4308 carmine,
2342 4235 2476 4308 quod
2498 4237 2708 4308 scripsit
2747 4238 2801 4289 in
2832 4235 3094 4308 Hispania
3126 4237 3192 4294 14
3225 4239 3474 4296 Januarii

1953 4311 2037 4362 die
2061 4325 2200 4362 anno
2230 4304 2365 4377 594,-
2381 4307 2536 4376 paulo
2566 4304 2850 4377 antequam
2871 4304 3065 4377 olam
3090 4318 3299 4375 peteret,
3331 4313 3476 4365 auxi.

1950 4381 2078 4434 lium
2112 4379 2172 4432 S.
2207 4375 2400 4430 Felicis
2421 4377 2684 4448 implorat,
2702 4375 2761 4429 ἰιι
2783 4375 2852 4429 ad
2877 4376 2986 4448 ejus
3018 4378 3263 4436 tumulum
3284 4381 3475 4437 incolu-

1952 4453 2048 4505 mis
2081 4449 2343 4520 pervenire
2365 4447 2548 4516 possit.

2023 4540 2207 4598 inclite
2235 4539 2310 4610 (g)
2343 4535 2652 4601 Confessor,
2686 4536 2890 4594 meritis
2916 4544 2969 4592 et
2992 4538 3210 4594 nomine
3232 4539 3402 4606 Felix,

2029 4631 2178 4688 Mens
2205 4631 2409 4700 pietate
2449 4636 2662 4699 potens,
2695 4629 2889 4688 summi
2918 4643 3072 4684 mens
3116 4631 3298 4686 accola
3328 4633 3471 4700 caeli,

2027 4725 2137 4780 Nec
2163 4724 2338 4778 minus
2366 4721 2419 4776 in
2445 4721 2575 4776 totis
2599 4729 2820 4791 experta
2849 4723 3087 4792 potentia
3119 4723 3296 4790 terris,

2030 4814 2132 4882 Qui
2161 4814 2442 4870 Dominum
2476 4812 2552 4884 (Ii)
2586 4813 2857 4871 Christum
2885 4814 3154 4872 constanti
3183 4831 3315 4870 voce
3345 4831 3473 4886 pro-

3167 4908 3184 4980 Ι,
3203 4908 3372 4966 fessus
3387 4951 3403 4977 ,

1925 4999 1958 5052 5
2028 4996 2436 5053 Contemnendo
2466 5004 2644 5052 truces
2672 4997 2912 5052 meruisti
2941 4997 3171 5056 evadere
3194 5013 3404 5068 pinnas,

1982 5215 2031 5295 e)’
2061 5222 2159 5276 Ms.
2187 5215 2357 5295 codex
2387 5219 2582 5288 Regius
2609 5227 2665 5274 et
2690 5228 2798 5275 tres
2819 5219 2947 5276 editi
2978 5221 3030 5277 in
3064 5215 3294 5288 margg.,
3319 5221 3465 5288 picaz.

1984 5154 2038 5224 d)
2064 5151 2199 5206 Edd.
2234 5150 2284 5216 5,
2313 5153 2510 5205 merito.

1956 5154 2029 5350 ge)
2061 5222 2159 5276 Ms.
2187 5221 2357 5276 codex
2387 5219 2510 5288 Regi

1992 5310 2022 5348 e
2049 5301 2160 5347 not.
2184 5290 2308 5347 252.

1893 5290 2022 5351 Vide
2049 5301 2160 5347 not.
2184 5290 2308 5347 25%.

1959 5364 2024 5436 (1)
2052 5361 2185 5436 Edd.
2218 5359 2411 5436 Lugd"
2433 5359 2618 5436 Schot.
2653 5360 2943 5436 et_}linet.,
2969 5359 3195 5436 longum.
3229 5357 3462 5436 Poelm_.,

1885 5429 2060 5506 longe.
2104 5431 2398 5506 Sacchinus
2449 5449 2461 5482 :
2494 5429 2664 5506 forte,
2700 5429 2811 5484 Nec
2857 5447 2944 5482 ore
2972 5429 3150 5499 longe,
3181 5444 3312 5506 nam
3350 5430 3470 5485 orbe

1887 5498 2157 5576 przécessit
2183 5519 2196 5563 ;
2218 5499 2303 5554 vel
2327 5498 2438 5576 ec
2459 5500 2578 5554 orbe
2607 5501 2778 5570 longe,
2809 5517 2900 5552 nec
2921 5498 3171 5576 remorunt
3200 5499 3393 5576 limine.

1959 5573 2031 5644 (g)
2066 5571 2130 5629 lli
2153 5579 2260 5625 tres
2281 5571 2437 5644 primi
2467 5587 2671 5644 versus,
2697 5567 2833 5644 quos
2859 5568 3076 5644 exhibet
3091 5568 3254 5622 editio
3281 5567 3466 5635 Rosv.,

1885 5638 2257 5699 desiderantur
2284 5638 2339 5693 in
2362 5656 2459 5696 ms.
2499 5639 2684 5693 codice
2711 5638 3060 5691 Germanensi
3103 5647 3287 5692 notato
3317 5655 3464 5695 num.

1886 5713 2005 5768 540.
2036 5709 2312 5764 Secundus
2349 5717 2402 5762 et
2433 5710 2620 5778 tertius
2647 5710 2840 5761 desunt
2867 5708 2920 5760 in
2949 5707 3107 5778 editis
3135 5709 3390 5778 quinque.

1958 5784 2033 5906 gl)
2067 5780 2453 5848 Manuscriptns
2472 5776 2852 5833 Germanensis
2873 5777 3046 5838 codex
3072 5776 3286 5837 notatus
3315 5795 3464 5836 num.

1886 5853 1956 5909 5-5
1995 5893 2008 5909 .
2039 5851 2216 5905 Iesum
2245 5864 2348 5905 nm
2388 5849 2556 5903 vincta
2587 5865 2723 5904 voce.

1925 5887 2008 5918 τυ,

2039 5851 2216 5905 Iesum
2245 5864 2348 5905 nm
2388 5849 2556 5903 vincta
2587 5865 2723 5904 voce.
