4008 6346
237 343 334 404 465

1503 544 1732 614 [ποι-ειη.

300 638 332 693 5
370 636 500 693 Nam
526 635 814 692 Confessor
839 633 971 698 obit,
996 651 1182 704 poenas
1206 652 1311 689 non
1340 643 1530 704 sponte
1553 635 1805 699 lucratus,

375 732 702 798 Acceptante
733 727 841 782 Deo
864 727 1018 782 fidam
1045 745 1142 796 pro
1167 727 1422 792 sanguine
1445 734 1709 789 mentem;

369 823 468 888 Qui
501 822 677 876 cordis
700 820 844 873 taciti
874 827 1162 880 scrutator,
1196 817 1334 871 ferre
1359 824 1576 887 paratos

371 911 696 980 Equiparat
717 913 735 940 ‘
758 909 947 978 passis,
969 917 1058 961 sat
1077 909 1276 961 habens
1298 907 1502 960 interna
1527 906 1816 975 probasse,

369 1001 704 1070 Supplicium
729 999 904 1054 carnis
921 998 1059 1066 justa
1090 999 1290 1067 pietate
1312 998 1536 1051 remittit
1561 997 1600 1060 ³,

279 1092 343 1146 10
379 1091 688 1163 Martyrium
711 1091 827 1145 sine
873 1089 1016 1145 unde
1042 1089 1236 1158 placet,
1269 1088 1368 1159 [(a)
1399 1088 1444 1140 si
1492 1096 1699 1158 promta
1730 1087 1808 1141 fe-

1569 1179 1741 1251 [rendi

370 1271 626 1339 ﬂensque
674 1267 910 1338 ﬁdesque
941 1269 1050 1324 Deo
1079 1269 1293 1338 caleat],
1319 1285 1536 1340 passura
1563 1270 1812 1325 voluntas

369 1361 598 1426 Sufficit,
624 1372 678 1416 et
696 1376 903 1416 summa
933 1369 1016 1415 est
1045 1361 1242 1427 meriti,
1275 1363 1493 1416 testatio
1514 1362 1645 1415 voti.

439 1451 583 1519 Ergo
611 1452 745 1513 dies,
776 1460 927 1506 tanto
956 1467 1074 1520 qua:
1113 1466 1334 1506 munere
1365 1453 1436 1523 (b)
1468 1455 1671 1508 rettulit
1701 1454 1809 1510 alto

367 1540 600 1595 Felicem
631 1542 786 1607 uelo,
823 1543 992 1596 sacris
1012 1542 1359 1598 sollemnibus
1389 1545 1488 1598 ista
1520 1553 1601 1599 est
1635 1563 1646 1598 :

274 1630 336 1684 15
373 1631 501 1685 Nam
553 1641 677 1701 post
725 1633 741 1662 "
773 1633 1082 1699 solstitium,
1128 1649 1236 1702 qno
1283 1633 1533 1690 Christus
1581 1652 1809 1706 corpore

1560 1725 1740 1798 [natus

366 1813 491 1868 Sole
514 1831 657 1869 novo
684 1814 869 1882 gelidae
899 1816 1121 1870 mutavit
1144 1824 1385 1886 tempora
1412 1817 1632 1880 brumae,

371 1904 550 1972 Atque
595 1903 926 1959 salutiferum
966 1915 1226 1975 prmstans
1269 1908 1582 1962 mortalibus
1608 1917 1806 1963 ortum.

373 1993 711 2050 Procedente
735 1994 822 2050 die
850 2011 1033 2050 secum
1064 1996 1380 2054 decrescere
1407 2008 1596 2054 noctes

372 2083 558 2150 Jussit,
582 2086 650 2139 ab
679 2086 781 2140 hoc
800 2102 919 2155 qua:
948 2087 1036 2141 lux
1067 2088 1238 2143 oritur
1266 2089 1514 2146 vicesima
1543 2092 1563 2121 ⁸
1589 2091 1742 2146 nobis
1767 2099 1780 2106 ’

278 2170 342 2224 ΞΟ
376 2171 654 2227 Sidereum
684 2175 860 2228 meriti
881 2176 1056 2244 signat
1077 2175 1268 2232 Felicis
1289 2179 1570 2234 honorem.

376 2263 614 2333 Denique
645 2264 717 2317 nil
748 2264 921 2334 impar
950 2265 1055 2330 his,
1084 2267 1175 2334 qui
1205 2266 1389 2322 fudere
1417 2283 1685 2334 cruorem,

374 2355 415 2409 Τ
419 2357 714 2420 estibus,el
741 2342 896 2411 titulo
916 2358 1072 2412 simul
1095 2366 1150 2412 et
1174 2359 1371 2415 virtute
1401 2360 1472 2432 (c)
1501 2370 1736 2430 recepta,

378 2445 626 2518 Martyris
653 2448 888 2505 ostendit
911 2450 1178 2515 meritum,
1209 2467 1332 2505 cum
1354 2451 1476 2520 jure
1500 2453 1707 2522 potenti

376 2539 656 2595 Demonas
699 2550 935 2606 exercet,
979 2540 1335 2612 devinctaque
1363 2558 1589 2613 corpora
1628 2544 1804 2600 solvit.

279 2627 342 2681 23
378 2629 502 2684 Nam
526 2632 627 2685 sibi
655 2631 886 2686 Felicem
915 2633 1069 2688 cmcis
1098 2633 1402 2690 incumbere
1440 2636 1632 2704 pmnis,

383 2720 623 2776 Pestiferi
648 2738 898 2792 proceres
927 2723 1064 2776 tristi
1089 2723 1322 2778 clamore
1344 2724 1600 2795 fatentur,

381 2815 730 2885 383-385
750 2813 1102 2884 Occultasque
1122 2830 1308 2872 cruces
1325 2818 1525 2887 gemitu
1549 2827 1814 2876 testantur

1510 2909 1739 2982 [θρετιον

388 2997 725 3069 Velatumque
755 3001 920 3056 oculis
950 3001 1284 3070 mortalibus,
1317 3012 1372 3058 at
1401 3005 1741 3060 manifestum

381 3088 600 3145 Auribus
629 3101 682 3145 et
711 3093 880 3146 multo
909 3099 1222 3162 pnesentem
1245 3095 1463 3149 numine
1485 3095 1736 3166 produnt,

281 3179 346 3234 30
380 3182 501 3236 Cum
531 3184 741 3253 captiva
772 3185 910 3238 intra
939 3185 1186 3255 deprensi
1215 3203 1462 3257 corpora,
1487 3187 1757 3243 Christum

381 3276 434 3330 ln
465 3277 657 3331 sancto
688 3277 888 3345 fulgere
926 3295 1026 3335 suo
1070 3280 1406 3349 clamantque
1450 3283 1807 3353 probantque,

378 3361 734 3418 Membrorum
758 3365 970 3420 incussu
992 3366 1227 3433 tremuli,
1247 3369 1590 3436 capitumque
1609 3378 1807 3436 rotatu,

375 3451 780 3522 Tormentisque
817 3455 945 3520 suis,
994 3454 1089 3510 sed
1130 3471 1240 3529 non
1282 3471 1377 3513 sua
1423 3471 1650 3529 corpora
1698 3468 1810 3515 tor-

1529 3551 1734 3623 [quent,

371 3635 678 3694 Clamantes
705 3639 951 3709 proprios
971 3639 1144 3694 aliena
1173 3655 1270 3710 per
1297 3655 1393 3694 ora
1418 3640 1633 3697 dolores

272 3721 335 3777 35
367 3723 628 3782 Orantem
656 3729 864 3783 veniam
891 3748 903 3782 :
936 3730 1068 3785 latet
1096 3729 1259 3797 ultor,
1285 3746 1441 3800 poena
1470 3731 1698 3788 videtur.

374 3817 506 3872 Tum
540 3820 585 3874 si
612 3833 749 3887 quos
775 3820 1019 3887 graviore
1046 3820 1189 3874 malo
1218 3821 1504 3876 violentior
1529 3822 1701 3878 hostis

368 3909 632 3972 Vinxerit,
665 3910 764 3964 ista
792 3909 908 3964 dies
933 3909 1114 3966 divino
1142 3926 1366 3965 munere
1388 3912 1408 3942 ⁸
1437 3912 1614 3966 solvit.

432 3998 676 4054 Cernere
705 4007 829 4054 tunc
850 4000 1048 4068 passim
1077 4009 1161 4055 est
1179 4017 1330 4056 sacra
1350 4009 1572 4071 purgata
1596 4003 1805 4058 medela

365 4088 596 4146 Pectora
628 4089 654 4128 δ
685 4090 956 4145 liminibus
983 4091 1172 4158 sterni,
1198 4091 1309 4160 jam
1349 4100 1528 4148 mente
1558 4093 1802 4161 refectos,

266 4180 328 4233 40
361 4180 650 4236 Gratantes
673 4181 786 4250 jam
808 4196 939 4236 voce
965 4197 1060 4236 sua
1094 4201 1106 4235 :
1139 4183 1410 4238 concurrit
1437 4183 1677 4240 hiantnm

364 4272 548 4326 Turba
581 4281 813 4326 tremens
857 4273 1162 4339 hominum;
1203 4273 1382 4326 mixtae
1433 4274 1572 4329 inter
1615 4277 1806 4344 gaudia

1512 4364 1737 4436 {cunctis

360 4452 660 4510 Prosiliunt
723 4455 972 4526 lacryma:
1015 4472 1027 4507 :
1087 4469 1324 4525 prmsens
1366 4455 1506 4512 Deus
1559 4459 1806 4514 omnibus

1605 4551 1734 4623 [illic
1830 4534 1884 4593 Β

356 4638 613 4694 Creditur
645 4657 657 4691 :
692 4639 935 4694 immensi
963 4639 1111 4694 Felix
1133 4648 1216 4694 est
1241 4640 1409 4707 gloria
1439 4641 1656 4696 Christi.

433 4728 593 4781 Alma
651 4728 766 4784 dies
828 4729 1037 4798 magnis
1107 4725 1409 4783 celebratur
1482 4732 1744 4797 cmtihus,

1414 4820 1528 4893 [(d)
1549 4838 1736 4878 omnes

258 4909 321 4964 45
359 4911 497 4967 Vota
529 4911 712 4965 dicant
738 4910 911 4965 sacris
935 4921 956 4950 ε
989 4918 1108 4965 rata
1144 4911 1420 4980 postibus;
1453 4915 1630 4966 omnia
1672 4928 1804 4982 gau-

1584 5003 1734 5062 [dent

289 5164 313 5194 ⁸
343 5155 434 5211 Sic
465 5156 598 5210 mss.

289 5222 314 5262 δ
342 5225 477 5279 Vide
503 5232 621 5279 not.
650 5223 774 5277 255.

290 5305 312 5334 ε
338 5293 472 5349 Vide
502 5309 672 5349 carm.
703 5293 754 5358 5,
787 5309 837 5346 v.
866 5292 955 5359 58,
979 5299 1033 5347 et
1061 5309 1226 5348 carm.
1259 5294 1340 5358 £6,
1366 5311 1412 5346 v.
1454 5295 1536 5348 l0.

286 5363 310 5400 δ
338 5363 394 5417 Id
424 5372 512 5419 est
533 5380 694 5418 mare.

288 5443 311 5470 ε
341 5432 406 5503 id,
423 5444 509 5488 est
537 5434 809 5503 deponere.
839 5431 973 5487 Vide
1001 5449 1168 5488 carm.
1193 5433 1278 5496 l7,
1312 5451 1360 5487 ν.
1388 5434 1509 5486 218.

287 5502 360 5574 (a)
390 5502 550 5585 Hunc
599 5517 812 5557 versum
861 5503 1156 5557 addidimus
1205 5520 1271 5556 ex
1323 5520 1420 5557 ms.
1449 5503 1632 5558 codice
1661 5504 1795 5558 Ger-

220 5586 458 5628 manens:
466 5613 481 5626 .

286 5642 356 5713 (b)
385 5641 539 5713 Idem
559 5644 728 5698 codex
757 5660 882 5712 ms.,
905 5645 1155 5698 condidit.

220 5714 372 5838 mage)
423 5712 818 5786 Manuscriptus
887 5713 1067 5770 Germ.
1131 5713 1295 5769 coch
1325 5751 1340 5775 ,
1401 5717 1630 5781 recepti,
1689 5733 1800 5772 non

323 5799 375 5838 e.

323 5799 375 5841 e.

1673 334 1899 393 POEMA
1940 332 2078 392 XIV.
3383 345 3487 401 466

364 459 655 515 Celestem
681 463 704 493 ι
736 463 962 512 nanctus
995 456 1009 486 ¹
1038 425 1153 508 sine
1179 451 1439 520 sanguine
1467 460 1668 522 martyr
1705 452 1804 504 ho-
1836 456 1880 509 Α

2054 470 2338 529 Terrarum
2362 482 2415 530 et
2437 474 2602 547 εαξη]
2634 477 2808 534 ridere
2838 479 3049 534 videtur
3076 479 3277 549 apertis

2058 566 2244 621 IEthra
2277 569 2414 637 polis
2445 587 2457 621 :
2489 585 2710 623 vernum
2741 571 2945 640 spirare
2975 573 3256 628 silentibus
3285 587 3426 625 aurze

2056 658 2308 723 Flatibus,
2343 668 2396 712 et
2425 659 2600 713 hetnm
2632 661 2784 730 plaga
2813 664 3028 731 cingere
3076 665 3246 719 lactea
3277 664 3489 717 cmlnm.

2055 748 2162 803 Nec
2188 748 2378 804 modus
2401 758 2484 805 est
2506 752 2715 820 populis
2737 754 3052 807 coeuntibus
3067 755 3280 822 agmine
3304 753 3490 815 denso,

1948 836 2018 891 50
2055 837 2165 894 Nec
2187 839 2430 908 requies,
2459 834 2748 910 progieram
2781 842 2834 896 in
2861 843 3031 898 lucem
3053 857 3083 897 a
3115 852 3293 910 nocte,
3323 842 3491 896 diem-

3291 935 3423 1006 [que

2053 1020 2380 1091 Exspectare
2410 1024 2585 1092 piget,
2620 1025 2758 1079 votis
2786 1025 2954 1080 avidis
2989 1041 3138 1081 mora
3166 1029 3338 1083 noctis

2056 1113 2358 1184 Rumpitur,
2387 1127 2442 1171 et
2473 1128 2683 1172 noctem
2715 1118 2940 1174 llannnis
2967 1120 3160 1174 funalia
3181 1122 3420 1185 vincunt,

2055 1203 2314 1274 Stipatam
2345 1207 2524 1262 multis
2554 1223 2710 1261 unam
2735 1208 2886 1277 juvat
2915 1209 3131 1264 urbibus
3160 1211 3343 1264 urbem

2058 1295 2314 1362 Cernere,
2346 1304 2534 1367 totque
2562 1314 2668 1353 uno
2695 1301 2969 1368 compulsa
2999 1301 3246 1384 examina
3275 1309 3421 1355 Volo.

1950 1385 2018 1442 55
2057 1386 2256 1446 Lucani
2282 1398 2480 1445 coeunt
2501 1392 2705 1461 populi,
2735 1393 2844 1446 coit
2867 1392 3074 1462 Appula
3104 1393 3294 1461 pubes,

2056 1477 2122 1532 Et
2149 1478 2386 1546 Calabri,
2417 1488 2473 1536 et
2499 1482 2676 1537 cuncti
2722 1496 2860 1551 quos
2898 1482 3066 1536 adluit
3089 1479 3114 1519 ἀ
3157 1493 3319 1539 aestus
3348 1492 3488 1539 uter.

3275 1578 3422 1650 [que.

2054 1661 2156 1729 Qui
2185 1663 2318 1718 laeva
2343 1672 2397 1718 et
2424 1663 2610 1720 dextra
2637 1664 2846 1720 Latium
2875 1665 3237 1722 circumsonat
3259 1668 3401 1721 unda
3431 1687 3445 1722 :

2057 1753 2121 1808 Et
2143 1770 2246 1824 qua
2275 1756 2358 1811 bis
2387 1765 2565 1812 ternas
2592 1760 2610 1790 ⁷
2633 1757 2931 1827 Campania
2957 1759 3076 1812 lzeta
3105 1774 3201 1829 per
3229 1760 3388 1815 urbes

2055 1843 2167 1900 Ceu
2196 1847 2424 1915 propriis
2451 1847 2646 1916 gaudet
2672 1847 2838 1911 festis,
2864 1863 3000 1917 quos
3019 1850 3281 1904 mmnibus
3306 1865 3410 1919 am,
3432 1851 3489 1907 li:

1946 1938 2015 1992 60
2053 1937 2210 1994 Dives
2229 1939 2392 1994 habet
2420 1939 2622 2010 Capua,
2654 1948 2709 1994 et
2731 1955 2868 2009 quos
2895 1941 3078 2011 pulcra
3108 1940 3377 2012 Neapolis,
3405 1950 3490 1998 aut

3264 2033 3424 2105 [quos

2051 2120 2260 2175 Gaurus
2281 2120 2396 2188 alit,
2427 2121 2547 2175 laeta
2567 2131 2824 2177 exercent
2843 2122 2935 2191 qui
2960 2121 3205 2188 Massica,
3235 2124 3435 2192 quique

2056 2213 2298 2269 Ufentetn
2343 2215 2680 2286 Sarnumque
2710 2217 2925 2283 bibunt,
2953 2218 3044 2286 qui
3073 2219 3210 2273 sicca
3242 2217 3491 2286 Tanagri,

2053 2303 2261 2374 Quique
2286 2306 2470 2360 colunt
2497 2307 2633 2374 rigui
2662 2305 2838 2362 felicia
2867 2309 3010 2362 culta
3033 2306 3234 2374 Galesi,

2055 2395 2202 2462 Quos
2229 2396 2387 2451 Atina
2414 2406 2625 2467 potens,
2655 2413 2791 2466 quos
2817 2406 2991 2453 mater
3017 2398 3194 2454 Aricia
3223 2399 3405 2454 mittit.

1952 2486 2022 2541 65
2058 2487 2284 2559 Ipsaque
2330 2489 2610 2544 cmlestum
2655 2491 2823 2545 sacris
2869 2505 3152 2560 procerum
3199 2491 3267 2562 (e)
3316 2492 3492 2544 moni-

3208 2582 3424 2654 [mentis

2057 2673 2226 2729 Roma
2257 2673 2417 2730 Petro
2446 2673 2719 2744 Pauloque
2758 2682 2968 2745 potens,
3000 2688 3272 2729 rarescere
3299 2672 3492 2741 gaudet

2055 2765 2225 2836 Hujus
2255 2767 2463 2822 honore
2491 2766 2560 2837 (ι’)
2589 2765 2714 2831 diei,
2746 2774 3025 2835 portaeque
3052 2781 3119 2819 ex
3149 2779 3243 2820 ore
3263 2762 3492 2834 Capena:

2055 2859 2219 2914 Millia
2250 2858 2578 2929 profundens
2605 2857 2676 2912 ad
2702 2859 2886 2913 amica:
2912 2857 3109 2912 muenia
3139 2856 3304 2918 Nolm,

2055 2952 2285 3006 Dimittit
2313 2950 2560 3006 duodena
2587 2950 2774 3006 decem
2795 2965 2894 3020 per
2921 2949 3086 3004 millia
3114 2949 3283 3004 denso

1951 3044 2020 3098 70
2056 3043 2279 3112 Agmine
2304 3062 2318 3096 :
2349 3044 2604 3098 confertis
2631 3043 2788 3111 longe
2817 3043 2948 3097 latet
2969 3041 3137 3112 Appia
3163 3043 3347 3096 turbis.

2128 3136 2238 3191 Nec
2279 3137 2477 3202 minus,
2506 3150 2572 3190 ex
2602 3135 2704 3189 alia
2732 3134 2946 3205 populis
2974 3135 3193 3202 regione
3222 3131 3492 3204 profectis,

2055 3229 2258 3299 Aspera
2284 3237 2543 3284 montosae
2571 3234 2864 3298 carpuntur
2888 3235 3052 3282 strata
3080 3227 3301 3291 Latinte,

2055 3320 2200 3388 Quos
2229 3317 2497 3374 Praeneste
2522 3317 2709 3382 altum,
2739 3331 2876 3386 quos
2904 3315 3078 3372 fertile
3122 3318 3292 3388 pascit
3331 3317 3493 3385 Aqui.

3230 3409 3380 3481 [num
3408 3427 3420 3459 ε

2054 3503 2307 3571 Quosque
2334 3500 2651 3556 suburbanis
2678 3507 2830 3553 vetus
2858 3498 3032 3553 Ardea
3075 3499 3236 3552 mittit
3267 3500 3332 3552 ab
3361 3498 3488 3561 oris,

1945 3595 2012 3650 75
2048 3595 2257 3663 Quique
2288 3593 2470 3647 urbem
2516 3590 2720 3660 liquere
2747 3587 2926 3656 Cales,
2956 3588 3331 3657 geminumque
3353 3587 3492 3656 Tea-

3246 3682 3417 3754 [num.

2053 3780 2222 3849 Quam
2253 3778 2428 3849 gravis
2456 3776 2758 3844 Auruncus,
2791 3777 2873 3832 vel
2902 3789 3060 3846 quam
3097 3774 3228 3831 colit
3255 3773 3492 3845 Appulus

3195 3865 3376 3938 [asper
3407 3881 3418 3916 :

2051 3961 2166 4016 Huc
2196 3969 2251 4015 et
2276 3960 2520 4015 olivifera
2548 3958 2819 4014 concurrit
2849 3957 3004 4010 turba
3032 3953 3286 4020 Venafro,

2050 4052 2254 4121 Oppida
2283 4049 2554 4105 Samnites
2581 4048 2699 4102 duri
2723 4053 2978 4100 montana
3009 4044 3334 4111 relinquunt.

2051 4152 2189 4205 Vicit
2218 4152 2319 4204 iter
2346 4149 2537 4203 durum
2567 4148 2766 4216 pietas,
2795 4160 2949 4198 amor
2978 4144 3156 4198 omnia
3185 4140 3384 4197 Christi

1943 4246 2025 4311 80,
2052 4243 2244 4307 Vincit,
2276 4249 2331 4296 et
2354 4240 2493 4294 alma
2520 4239 2651 4294 ﬁdes
2681 4257 2693 4290 :
2726 4237 3022 4304 animisque
3053 4235 3290 4304 locisque
3315 4235 3489 4302 rigen-

3315 4326 3418 4399 [tes

2050 4437 2251 4494 Snadet
2299 4433 2490 4490 acerba
2549 4432 2699 4503 pati,
2751 4430 2909 4484 simul
2976 4444 3166 4500 aspera
3214 4437 3236 4465 ο
3287 4442 3490 4498 ponere

3208 4517 3415 4591 [corda.

2056 4619 2170 4674 Una
2203 4617 2318 4672 dies
2337 4621 2562 4672 cunctos
2588 4619 2770 4679 vocat,
2798 4625 2904 4665 una
2926 4618 2981 4665 et
3005 4609 3137 4665 Nola
3159 4616 3417 4679 receptat,

2057 4721 2298 4788 Totaque
2318 4719 2475 4788 plena
2505 4717 2634 4781 suis,
2667 4713 3010 4785 spatiosaque
3039 4712 3221 4767 limina
3250 4711 3488 4775 cunctis;

2057 4808 2620 4886 385-386Credas
2641 4805 2935 4861 innumeris
2956 4811 3015 4858 ut
3033 4805 3231 4860 muenia
3252 4802 3486 4870 dilatari,

1953 4917 2023 4973 85
2059 4915 2390 4985 llospitibus,
2419 4911 2497 4966 sic
2534 4907 2667 4963 Nola
2707 4907 2788 4978 (g)
2827 4905 3060 4975 assurgit
3103 4897 3346 5063 imaginle‘
3381 4899 3490 4955 Ro-

2539 5043 2546 5049 .
3313 5008 3429 5046 ma).

3313 5008 3429 5046 ma).

1976 5159 2054 5229 (ά)
2085 5155 2186 5209 llic
2211 5167 2396 5229 versus
2442 5149 2651 5229 additus
2695 5157 2781 5229 est
2819 5163 2886 5229 ex
2918 5131 3017 5200 ms.
3068 5144 3268 5229 codice.
3300 5141 3482 5229 Gemit.

1905 5209 2051 5284 An‘t—e"
2072 5234 2187 5281 erat
2215 5222 2452 5286 coetibus,
2483 5237 2571 5274 ore
2610 5218 2850 5272 Gaudent
2898 5228 3170 5278 terrarum,
3219 5220 3268 5266 et
3297 5209 3481 5273 ridere,

1905 5307 2062 5436 θεῖε).
2081 5365 2157 5418 lta
2188 5378 2286 5436 ms.
2319 5361 2501 5415 Germ.
2532 5375 2652 5414 cum
2683 5357 2839 5413 editis
2863 5354 3013 5409 Grin.
3045 5360 3102 5407 et
3123 5350 3325 5406 Poelm.
3359 5348 3483 5412 Alii,

1903 5435 2264 5494 monumentis.
2942 5493 2954 5500 _
3009 5491 3093 5500 η,
3161 5497 3169 5500 _
3230 5488 3241 5500 ,

1976 5509 2042 5578 (ι’)
2072 5506 2281 5578 Sicms.
2312 5502 2494 5557 Germ.
2519 5499 2710 5578 _codex
2749 5493 2976 5578 cumed.
3003 5491 3215 5578 ἕψοι.Δ
3228 5491 3480 5578 Amoti}:

1903 5558 2405 5650 Ρεῗὲγὶιάὲβρδθπηὲ
2437 5579 2492 5625 ει
2519 5571 2632 5623 ¹ι³εο
2670 5583 2777 5650 "9':
2806 5571 2900 5650 is}
2930 5558 3483 5650 E‘??E§‘3'..A.2‘.°_£'i‘f

1905 5630 2000 5702 bis
2028 5630 2079 5700 in
2110 5630 2267 5698 editis
2295 5630 2549 5710 quinque,
2579 5637 2721 5704 quod
2751 5635 2893 5687 favet
2929 5639 3126 5687 nostm
3147 5630 3399 5691 lectioni;
3427 5630 3481 5682 in

1903 5720 1988 5772 ed.
2018 5717 2204 5777 Rosv.,
2237 5709 2337 5772 die,
2370 5709 2514 5762 nullo
2543 5719 2722 5777 sensu.

1977 5789 2052 5856 (ῃ)
2084 5776 2416 5843 Ms.chrn1.,
2446 5776 2702 5847 adsurgis.
