4008 6346
233 354 333 411 M9

367 555 481 608 Non
513 554 677 608 tacita
705 554 882 610 cordis
913 555 1198 619 testudine,
1221 554 1469 608 dentibus
1491 553 1628 618 ictis,

369 643 552 700 Pulset
597 660 750 699 amor
778 645 969 714 lingua:
992 684 1008 709 ,
1050 646 1256 715 plectro
1298 644 1378 713 (a)
1416 644 1530 714 lyra
1557 650 1810 712 personet

919 743 922 746 ’
1583 733 1734 805 [oris.

263 830 328 882 50
433 826 552 882 Non
595 841 696 897 ego
739 826 1042 882 Castalidas
1082 834 1265 881 vatum
1295 825 1669 896 phantasmata
1696 824 1808 879 Illu-

1598 915 1732 987 [sas,

366 1012 474 1066 Nec
493 1009 715 1066 surdum
748 1001 918 1063 Aonia
944 1006 1206 1061 Phoebum
1231 1006 1298 1061 de
1326 1021 1460 1076 rupe
1480 1005 1662 1067 ciebo,

366 1100 633 1155 Carminis
695 1100 942 1154 incentor
1003 1095 1250 1152 Christus
1315 1096 1448 1150 mihi
1507 1112 1520 1148 :
1589 1109 1810 1150 munere

1519 1185 1738 1259 [Christi

369 1283 554 1338 Audeo
583 1290 836 1352 peccator
865 1279 943 1352 (ὁ)
973 1287 1218 1335 sanctum
1246 1286 1302 1334 et
1326 1277 1567 1334 cmlestia
1597 1277 1716 1331 fari.

368 1375 474 1428 Nec
493 1373 588 1426 tibi
610 1371 844 1436 diﬂicile,
868 1369 1242 1440 Omnipotens,
1269 1385 1388 1425 mea
1406 1369 1617 1424 solvere
1637 1368 1811 1423 doctis

262 1465 329 1520 35
365 1464 468 1518 Ora
497 1464 688 1528 modis,
721 1463 813 1531 qui
842 1469 987 1514 muta
1013 1461 1177 1529 loqui,
1203 1459 1369 1515 ﬂuere
1396 1459 1565 1525 arida,
1593 1458 1729 1513 solvi

368 1557 506 1612 Dura
530 1555 707 1625 jubes.
742 1552 822 1608 Tu
843 1566 1081 1622 namque
1110 1551 1314 1606 asinam
1342 1550 1570 1606 reboare
1590 1551 1809 1618 loquen-

1570 1639 1664 1711 [do
1687 1647 1732 1702 ι,

371 1742 772 1808 Perfectamque
794 1737 889 1791 tibi
913 1737 1176 1790 lactentes
1197 1732 1225 1774 δ
1255 1736 1275 1765 ⁸
1305 1731 1540 1789 condere
1559 1730 1771 1785 Iaudem

370 1830 585 1897 Fecisti,
616 1836 672 1883 et
700 1825 928 1900 solidam
955 1825 974 1855 ³
994 1824 1199 1880 solvisti
1230 1824 1282 1878 in
1313 1821 1530 1876 ﬂumina
1561 1834 1771 1890 rupem,
1839 1819 1884 1878 Β

371 1921 437 1976 Et
461 1930 660 1975 terram
685 1920 801 1972 sine
827 1929 964 1984 aqua
988 1915 1178 1971 subitis
1208 1927 1428 1968 manere
1455 1911 1671 1967 ﬂuentis

266 2016 330 2070 40
365 2011 595 2075 Jussisti,
621 2008 835 2063 deserta
860 2007 1040 2077 rigans
1069 2007 1121 2060 in
1149 2020 1300 2075 spem
1329 2003 1668 2074 populorum,

366 2107 422 2160 In
444 2121 674 2174 quorum
703 2112 918 2159 arentes
949 2099 1156 2154 animas
1180 2098 1269 2167 pia
1298 2096 1467 2166 gratia
1497 2094 1667 2159 ﬂuxit,

361 2196 504 2262 Quos
532 2192 778 2248 Christus
800 2192 921 2246 vivo
945 2203 1169 2243 manans
1196 2194 1349 2257 petra
1373 2185 1521 2241 fonte
1545 2183 1754 2239 refecit.

441 2283 596 2339 Unde
624 2298 726 2353 ego
747 2297 873 2353 pars
895 2279 1174 2336 hominum
1197 2276 1439 2342 minima,
1463 2276 1566 2331 isto
1591 2290 1812 2330 munere

1519 2366 1709 2440 [fretus
1726 2409 1742 2436 ,

365 2457 545 2532 Ruris,
575 2463 809 2530 Christe,
838 2463 914 2517 tui
937 2462 1090 2516 vivos
1114 2475 1306 2531 precor
1327 2458 1506 2513 aridus
1532 2458 1775 2513 haustus.

267 2560 331 2614 45
365 2559 444 2614 ω
469 2558 689 2613 verbum
714 2557 781 2610 de
800 2555 949 2611 fonte
971 2561 1096 2619 tuo;
1130 2561 1220 2607 tua
1243 2567 1348 2607 non
1369 2566 1512 2620 queo
1538 2549 1636 2604 fari

365 2647 439 2703 Te
465 2650 615 2713 sine;
646 2659 877 2716 namque
906 2643 984 2699 tui
1013 2643 1130 2698 laus
1155 2641 1405 2712 martyris
1423 2679 1436 2704 ,
1483 2649 1539 2696 et
1570 2649 1659 2695 tua
1699 2641 1815 2695 laus

1617 2730 1740 2801 [est,

367 2830 467 2897 Qui
496 2828 626 2884 facis
649 2827 1000 2896 Omnipotens
1028 2824 1272 2879 homines
1299 2823 1477 2877 divina
1510 2823 1708 2886 valere,

376 2923 657 2992 Fortiaque
703 2918 931 2974 infirmis
977 2932 1271 2988 superans,
1319 2915 1387 2972 de
1434 2931 1595 2971 carne
1625 2916 1813 2970 trium-

1559 3006 1738 3078 [phas,
1809 3021 1815 3026 '

374 3101 728 3175 389-390
756 3099 946 3155 Aerios
976 3098 1054 3170 (ε)
1084 3111 1336 3168 proceres
1363 3097 1584 3152 vincens
1613 3096 1666 3150 in
1695 3111 1815 3151 cor-

1349 3190 1504 3261 [pore
1533 3197 1738 3243 nostro.
1841 3185 1886 3244 C

273 3288 336 3343 50
441 3288 623 3354 Quare
669 3285 831 3351 ades,
865 3291 923 3339 ut
963 3283 1101 3339 duce
1149 3290 1201 3338 te
1230 3289 1481 3353 repetens
1509 3281 1576 3335 ab
1614 3281 1819 3350 origine

1507 3372 1744 3443 [peream

373 3470 610 3526 Felicem
641 3483 861 3522 narrare
889 3475 1058 3531 tuum,
1085 3465 1169 3520 cui
1197 3464 1377 3520 nobile
1405 3463 1621 3518 ductum

374 3561 452 3615 Ex
479 3560 703 3615 Oriente
725 3573 892 3626 genus
923 3575 936 3610 :
972 3572 1071 3611 nec
1097 3556 1240 3610 enim
1271 3555 1439 3624 magis
1469 3555 1637 3610 altera
1668 3555 1823 3609 tellus

375 3650 568 3705 Felicis
594 3649 825 3719 patriam
850 3646 1050 3713 decuit,
1080 3660 1241 3714 quam
1269 3659 1387 3714 qua:
1412 3645 1759 3714 patriarchas,

379 3743 618 3811 Quthue
648 3741 764 3810 pios
814 3739 1043 3804 tulerat,
1085 3734 1281 3790 Christi
1326 3751 1477 3791 sacra
1507 3752 1663 3801 vasa,
1696 3752 1824 3806 pro-

1518 3826 1750 3898 [phetas.

286 3921 349 3976 55
385 3922 534 3978 Unde
559 3930 616 3977 et
644 3920 954 3992 apostolicis
984 3918 1212 3974 fundens
1239 3933 1332 3973 sua
1364 3919 1444 3989 (ά)
1475 3917 1687 3971 ﬂumina
1725 3917 1826 3970 liu-

1186 4059 1188 4061 ,
1597 4006 1756 4078 [guis,

381 4105 575 4158 Totum
602 4103 875 4172 Evangelii
906 4118 1069 4157 sonus
1099 4103 1368 4157 emanavit
1395 4102 1445 4155 in
1477 4102 1682 4154 orbem.

385 4195 605 4249 Debitus
631 4194 751 4248 inde
779 4194 886 4248 Deo
918 4193 1088 4257 Felix,
1118 4195 1360 4262 genitore
1386 4191 1628 4262 profecto

385 4285 588 4339 Italiam
621 4285 844 4339 necdum
872 4285 1103 4352 genitus,
1138 4292 1315 4338 tamen
1348 4284 1398 4338 iu
1430 4292 1580 4354 patre
1607 4286 1753 4340 venit
1781 4305 1793 4338 :

387 4376 530 4430 Civis
558 4384 618 4430 ut
643 4375 836 4430 affectu
866 4375 1064 4428 nostris
1090 4374 1322 4428 oriretur
1344 4374 1397 4428 in
1427 4375 1563 4440 oris;

286 4468 354 4520 60
389 4467 495 4523 Nec
523 4468 772 4538 cuiquam
802 4477 986 4520 natum
1029 4466 1127 4520 nisi
1155 4466 1308 4521 nobis
1334 4482 1392 4521 se
1419 4468 1765 4524 meminisset.

390 4559 476 4614 Sic
506 4567 660 4628 pater
688 4557 958 4613 Abraham
986 4557 1196 4612 Domini
1222 4566 1488 4627 praecepta
1510 4567 1742 4626 secutus,

393 4647 615 4702 Mutavit
643 4649 845 4717 patrias
867 4656 1094 4702 externo
1121 4647 1325 4716 cespite
1356 4655 1544 4710 terras,

396 4738 504 4809 [(e)
539 4739 896 4808 Deposuitque
941 4753 1150 4792 sacrum
1198 4737 1512 4793 Chananazis
1550 4754 1733 4794 semen
1780 4741 1832 4795 in

1559 4831 1721 4903 [arvis
1742 4849 1757 4898 ;

325 4948 354 4972 "
383 4938 536 4993 Num.
567 4957 694 5005 xxii,
717 4941 805 4993 '28.

328 5009 358 5045 ι’
383 5006 581 5063 Psalm.
612 5027 720 5072 vui,
745 5009 797 5062 5.

330 5089 354 5116 ε
387 5079 520 5134 Vide
549 5088 662 5133 not.
695 5079 818 5134 554.

327 5146 435 5219 did
457 5159 540 5204 est
562 5152 752 5219 rapuit.

329 5218 489 5272 eVide
520 5218 632 5273 not.
663 5218 788 5274 9.38.

331 5289 408 5355 (a)
437 5287 534 5343 Ed.
567 5288 751 5354 Rosv.,
784 5308 889 5344 cor.

358 5357 409 5425 ὁ)
441 5357 539 5414 Ms.
569 5359 590 5410 l
624 5357 830 5425 Germ.,
864 5370 1064 5414 sancta.

357 5427 406 5489 c)
435 5427 534 5483 Hic
562 5445 747 5484 versus
772 5430 1106 5485 desideratur
1148 5435 1199 5486 in
1241 5449 1348 5488 uno
1369 5432 1722 5489 Germanensi
1744 5452 1839 5489 co-

263 5496 380 5570 dice
403 5513 502 5552 ms.
529 5499 697 5570 Alter.
720 5500 902 5570 ᾼενὲοε
924 5517 1176 5570 proceres,
1202 5511 1368 5568 recte,
1390 5503 1438 5556 id
1459 5514 1541 5559 est
1560 5506 1839 5559 dwmones.

263 5566 352 5622 Sic
381 5577 528 5622 amat
554 5568 699 5641 loqui
729 5566 1011 5641 Paulinus;
1052 5571 1102 5624 in
1133 5566 1362 5641 epistola
1389 5575 1529 5628 enim
1554 5575 1621 5627 ‘24
1647 5577 1712 5628 ad
1744 5576 1843 5627 Se-

267 5653 472 5712 verum,
501 5655 648 5712 num.
684 5637 781 5712 μ,
796 5640 955 5694 hostis
977 5642 1136 5712 aerii;
1167 5637 1292 5696 etin
1323 5645 1477 5712 epist.
1509 5645 1575 5696 ‘25
1605 5645 1670 5696 ad
1697 5661 1847 5696 eunt-

263 5707 403 5770 dein,
426 5725 479 5760 ιι.
508 5708 596 5770 20,
619 5709 907 5778 principum
925 5711 1060 5763 aeris
1084 5713 1253 5782 hujus.
1281 5707 1442 5774 Alias,
1467 5714 1705 5782 Assyrios
1727 5731 1847 5782 pro-

261 5792 418 5830 εει-εδ.

337 5833 415 5917 (ά)
448 5847 584 5903 Edit.
638 5849 824 5917 Bosv.,
873 5849 1111 5921 fulmina,
1157 5851 1541 5922 refragantibus
1571 5853 1687 5907 aliis
1717 5869 1844 5908 mss.

1637 345 1870 402 ΡΟΕΜΛ
1910 346 2014 405 XV.

365 463 555 519 Excita
583 463 666 518 vis
694 464 886 520 anima:
917 465 1079 519 tacito
1109 479 1227 519 mea
1257 464 1461 519 viscera
1489 472 1672 527 cantu,
1835 469 1884 522 Δ

1855 4550 1904 4609 υ

3392 352 3497 406 470

2056 482 2206 538 l’nde
2228 483 2539 553 peregrinas
2561 485 2832 542 subeunte
2854 486 2874 518 ⁸
2904 485 3204 556 propagine
3227 493 3416 550 terras,
3441 482 3462 555 ]

1944 573 2014 626 65
2053 571 2273 645 Mystica
2303 574 2536 631 Felicem
2565 579 2719 634 nobis
2747 578 3040 634 transmisit
3065 578 3248 647 origo,

2051 663 2221 729 Quem
2251 665 2487 734 perfecta
2517 665 2647 722 ﬂdes
2677 668 2767 722 illa
2794 667 2978 724 radice
3001 667 3302 738 profectum

2053 752 2315 821 Prodidit,
2342 764 2402 810 ut
2430 757 2584 812 nobis
2609 767 2754 813 esset
2782 759 2869 828 pia
2897 774 3034 813 vena
3067 769 3088 797 ε
3122 757 3265 813 fidei.

2052 843 2197 899 Felix
2226 862 2368 901 nunc
2391 846 2554 900 etiam
2584 848 2758 917 posita
2783 863 2904 902 cum
2925 862 3091 903 carne
3117 847 3367 917 quiescit,

2054 933 2286 1003 Spiritus
2315 935 2368 989 in
2398 935 2614 990 Christo
2638 936 2840 1000 vivens,
2873 937 3220 1006 operantibus
3245 936 3367 989 altae

1948 1021 2015 1076 70
2053 1023 2274 1080 Virtutis
2303 1025 2510 1080 meritis
2540 1025 2768 1080 Abrahae
2796 1026 3002 1080 semine
3022 1033 3193 1078 mutat

2052 1113 2312 1169 Duritiam
2338 1115 2596 1184 lapidum,
2627 1130 2763 1185 quos
2782 1115 3005 1170 suscitat
3033 1114 3086 1168 in
3115 1114 3257 1168 bona
3285 1113 3424 1167 vitae.

2123 1205 2234 1261 Ilac
2263 1207 2425 1274 igitur
2452 1207 2696 1276 genitore
2725 1206 2862 1278 Syro
2888 1214 3176 1274 generatus
3206 1206 3259 1258 in
3288 1205 3438 1269 urbe,

2053 1297 2312 1352 Dilectam
2343 1298 2510 1353 coluit
2537 1298 2726 1368 patria:
2752 1298 2851 1352 sub
2879 1296 3110 1364 imagine
3138 1295 3355 1360 Nolam,

2053 1387 2191 1442 Sede
2219 1389 2387 1443 beans
2415 1389 2610 1458 placita
2636 1405 2649 1441 :
2684 1389 2962 1457 multoque
2990 1387 3210 1442 relictus
3231 1387 3286 1440 in
3311 1401 3466 1453 auro,

1947 1477 2016 1531 75'
2053 1476 2210 1532 Dives
2234 1493 2396 1547 opum
2421 1479 2610 1549 viguit,
2643 1479 2886 1548 quamvis
2914 1479 2936 1510 ⁸
2967 1493 3076 1533 non
3107 1478 3296 1533 unicus
3319 1477 3496 1532 heres.

2054 1567 2267 1622 Ilemiia
2299 1584 2418 1623 cum
2450 1567 2613 1624 fratre
2633 1569 2714 1624 sui
2743 1568 3062 1639 cognomine
3089 1568 3257 1638 patris

2056 1657 2329 1716 Terrenas
2350 1660 2529 1716 divisit
2549 1676 2712 1731 opes;
2738 1658 2978 1716 coelestia
3003 1660 3149 1715 solus

2050 1750 2291 1806 Obtinuit
2316 1751 2498 1817 Felix;
2529 1754 2772 1821 geminos
2799 1752 3067 1807 sententia
3105 1750 3315 1806 discors

2056 1841 2244 1896 Divisit
2264 1841 2455 1897 fratres
2482 1860 2494 1894 :
2525 1841 2797 1897 llermiam
2827 1839 3060 1895 mundus
3090 1837 3115 1877 ά
3143 1840 3338 1906 abegit,

1943 1934 2012 1984 80
2053 1933 2288 1990 Felicem
2316 1932 2563 1989 Christus
2591 1934 2693 1988 sibi
2720 1933 2938 1988 sustulit
2966 1951 2979 1987 :
3012 1933 3101 1986 ille
3128 1931 3330 1987 caduca

2054 2025 2258 2088 Maluit,
2289 2025 2375 2081 hic
2407 2025 2476 2095 (f)
2526 2025 2699 2080 solida
2733 2042 2745 2077 :
2777 2025 3129 2094 prazscntibus
3157 2024 3244 2077 ille
3263 2022 3503 2089 cohmsit,

2055 2116 2163 2171 Istc
2189 2117 2363 2171 solum
2391 2117 2532 2172 cmlo
2555 2117 2735 2180 vertit,
2768 2115 3090 2185 patrimonia
3114 2114 3294 2181 regnis
3319 2131 3332 2166 :

2056 2207 2147 2262 Ille
2175 2207 2332 2262 heres
2359 2213 2565 2260 tantum
2595 2205 2800 2275 proprii
2827 2205 3016 2273 patris,
3047 2204 3148 2258 iste
3176 2203 3402 2258 coheres

2055 2297 2275 2369 Christi.
2300 2295 2406 2350 Sed
2433 2296 2552 2366 quis
2581 2302 2689 2350 tam
2719 2293 2920 2349 variam
2942 2294 3165 2348 miretur
3193 2294 3261 2348 ab
3286 2309 3393 2348 uno

1953 2388 2023 2442 85
2060 2387 2332 2457 Sanguine
2364 2385 2674 2456 progeniem
2694 2426 2709 2454 ,
2747 2393 2991 2440 veterum
3028 2385 3170 2440 inter
3195 2391 3382 2440 sancta
3411 2398 3504 2453 pa-

3203 2475 3437 2546 [rentum

2060 2568 2292 2636 Pignora
2318 2566 2412 2635 qui
2440 2565 2644 2634 relegat
2668 2565 2988 2634 populorum
3007 2564 3176 2634 stirpe
3196 2563 3426 2618 duorum

2058 2658 2362 2714 Fecundam
2388 2671 2594 2726 pugnas
2621 2657 2759 2711 uteri
2787 2656 3022 2710 doluisse
3051 2655 3350 2710 Rebeccam
3367 2657 3408 2726 ?'
3488 2682 3496 2691 -

2059 2747 2531 2815 Conquestamque
2551 2745 2663 2800 Deo
2688 2745 2893 2813 gravidi
2918 2745 3205 2800 luctamina
3233 2744 3472 2800 ventris?

2057 2835 2191 2890 Cum
2211 2835 2326 2904 jam
2346 2843 2472 2890 tunc
2499 2834 2754 2890 fremeret
2773 2845 2970 2891 sanctre
2996 2835 3135 2891 intra
3161 2835 3365 2891 viscera
3393 2851 3506 2890 ma-

3268 2927 3408 2999 [_tris,

1953 3019 2023 3074 90
2059 3017 2187 3085 Quae
2220 3031 2360 3071 nunc
2390 3017 2527 3071 intra
2553 3024 2762 3071 uterum
2791 3017 2974 3072 mundi
3002 3017 3268 3074 discordia
3299 3018 3468 3076 saevit.

2063 3107 2282 3178 Hispid’a
2309 3106 2503 3161 Judmis
2532 3107 2612 3178 (g)
2639 3107 2766 3161 hirti
2793 3108 3120 3163 sectantibus
3141 3106 3281 3162 Esau

2061 3195 2311 3262 Perﬂdia,
2335 3194 2559 3250 addictis
2587 3195 2788 3266 populo
2816 3197 3020 3252 servire
3049 3197 3264 3252 minori.

2063 3287 2132 3342 At
2159 3287 2313 3342 nobis
2340 3287 2525 3340 Imvem
2555 3301 2651 3355 per
2680 3286 2758 3356 (Ιι)
2787 3285 2924 3340 lenia
2955 3288 3102 3356 pacis
3131 3287 3311 3353 Iacob,

2063 3377 2179 3445 Qua
2207 3377 2294 3431 via
2324 3376 2457 3432 lucis
2486 3376 2615 3444 agit,
2649 3376 2874 3432 meliore
2902 3377 3250 3447 sequentibus
3278 3386 3418 3432 ortu.

1957 3469 2026 3525 95
2133 3467 2275 3538 Ergo
2302 3467 2418 3537 pari
2447 3467 2628 3536 dispar
2649 3465 2871 3521 fratrum
2894 3465 2961 3521 de
2982 3467 3238 3537 sanguine
3259 3467 3507 3536 sanguis:

2066 3560 2329 3624 IIermias,
2361 3559 2507 3614 velut
2536 3574 2694 3628 asper
2723 3557 2890 3614 Edom
2920 3566 3136 3613 terrena
3166 3566 3408 3626 secutus,

2065 3649 2310 3721 Squaluit
2340 3650 2391 3704 in
2421 3665 2588 3703 vacua
2611 3649 2854 3718 captivus
2884 3649 3116 3718 imagine
3144 3650 3350 3718 mundi,

2067 3743 2317 3812 Duraque
2343 3741 2561 3795 Idumazi
2591 3740 2831 3810 praslegit
2857 3732 2920 3810 (i)
2948 3755 3074 3795 rura
3102 3742 3362 3811 parentis,

2083 3836 2438 3909 θοι-392
2467 3833 2524 3888 In
2553 3833 2733 3904 gladio
2768 3834 2955 3889 vivens
2992 3835 3233 3904 preprio,
3262 3847 3515 3901 vanusque

3252 3922 3512 3992 [labore'u

1933 4015 2035 4069 l00
2073 4014 2272 4068 Militiae
2301 4014 2536 4069 sterilem
2566 4015 2822 4080 tolerans,
2855 4013 2947 4082 qui
2977 4014 2996 4043 °
3021 4012 3250 4067 Caesaris
3278 4012 3444 4065 armis

2079 4103 2392 4169 Succubuit,
2422 4103 2662 4173 privatus
2687 4118 2853 4172 agens
2873 4102 2939 4156 ad
2965 4103 3145 4157 munia
3173 4102 3390 4156 Christi.

2152 4195 2221 4248 At
2251 4209 2401 4248 meus
2434 4195 2618 4247 aeterni
2645 4202 2797 4248 satus
2848 4208 2996 4247 arma
3024 4207 3307 4261 capessere
3335 4191 3516 4259 Regis,

2074 4283 2131 4338 In
2163 4284 2331 4355 patris
2359 4283 2522 4338 Israel
2553 4284 2804 4352 migravit
2829 4283 3046 4338 nomina
3076 4282 3226 4337 Felix
3251 4300 3264 4336 :

2075 4359 2311 4446 Seseque
2340 4391 2370 4429 a
2398 4391 2566 4446 puero
2595 4375 2685 4446 pia
2711 4391 2864 4431 mens
2891 4374 3204 4430 cwlestibus
3225 4373 3414 4439 edens,

1941 4468 2041 4522 105
2077 4468 2310 4523 Instituit
2337 4469 2541 4523 servire
2572 4468 2716 4533 Deo;
2747 4483 2848 4522 nec
2874 4467 3044 4535 gratia
3070 4482 3274 4536 pauper

2073 4559 2272 4623 Adfuit,
2305 4566 2359 4613 et
2386 4566 2644 4628 quantum
2674 4557 2890 4611 sitiebat
2913 4554 3081 4611 corde
3106 4556 3292 4625 capaci

2083 4649 2242 4702 Lucis
2269 4648 2422 4702 hians
2450 4647 2682 4711 animus,
2715 4653 2823 4700 tam
2860 4645 3079 4714 largiter
3108 4645 3269 4699 inﬂua
3298 4647 3460 4700 traxit

2086 4743 2230 4795 Dona
2261 4741 2373 4794 Dei.
2403 4739 2592 4793 Primis
2621 4749 2643 4775 ο
2678 4738 2848 4792 lector
2867 4737 3092 4793 servivit
3120 4737 3176 4793 in
3197 4738 3374 4791 anuis.

2080 4832 2208 4887 Inde
2236 4829 2458 4900 gradum
2488 4829 2652 4899 cepit,
2675 4829 2762 4883 cui
2790 4843 2982 4884 munus
3011 4842 3147 4882 voce
3175 4826 3317 4881 lideIi

1944 4959 1998 5002 et
2026 4949 2186 5002 editis
2215 4947 2508 5016 codicibus.
2542 4945 2779 5016 Utraque
2802 4945 2964 5000 lectio
2991 4944 3151 4998 bona.

1979 5017 2183 5101 ‘(e)lli
2229 5013 2336 5072 duo
2381 5033 2569 5072 versus
2607 5011 2876 5070 adduntur
2903 5029 2969 5069 ex
3008 5028 3136 5068 mss.
3187 5013 3460 5068 codicibus
3501 5011 3534 5063 '2

1957 5089 2230 5279 ωξῗςῖῖὶὶε
2259 5155 2513 5210 Paulinus
2536 5155 2797 5226 syllabam
2828 5162 3016 5209 natura
3042 5153 3281 5214 brevem,
3309 5148 3533 5217 positio-

1957 5243 2018 5279 ne
2069 5240 2260 5279 ongam
2301 5225 2427 5279 fecit
2453 5225 2523 5279 ob
2563 5224 2696 5279 duas
2721 5224 3112 5279 subsequentes
3150 5228 3530 5275 consonantes.

1951 5224 2260 5293 nelOngam
2301 5225 2427 5281 fecit
2453 5225 2523 5280 ob
2563 5224 2696 5279 duas
2721 5224 3112 5290 subsequentes
3150 5228 3530 5275 consonantes.

1953 5295 2087 5341 Vidn
2115 5295 2362 5341 eamdem
2395 5293 2664 5341 licentiam
2692 5309 2858 5341 carm.
2885 5291 2974 5341 24.
3000 5307 3051 5341 v.
3077 5290 3198 5341 508.

1953 5295 2087 5350 Vide
2115 5291 2363 5351 eamdem
2395 5293 2664 5350 licentiam
2692 5309 2858 5349 carm.
2885 5291 2974 5356 ‘24,
3000 5307 3051 5344 v.
3077 5291 3198 5341 508.

2027 5365 2104 5436 (g)
2136 5367 2226 5421 Sic
2269 5383 2396 5421 mss.
2429 5365 2661 5436 codices.
2704 5364 2772 5417 At
2794 5361 2927 5436 editi
2955 5403 2968 5428 ,
2994 5357 3532 5436 [ιξτεῇρ-σεεεαηεξρυδ..

1948 5425 2113 5506 radii,
2138 5436 2275 5488 mala
2305 5435 2756 5506 interpunctione.
2789 5431 2893 5506 sed
2919 5425 3044 5500 quid
3073 5429 3172 5506 sibi
3198 5427 3313 5506 vult
3352 5425 3536 5496 Hispi~

1948 5496 2322 5578 «(alter/idm?
2353 5496 2951 5578 Numforteﬂlegcndum
2981 5496 3257 5578 per/indifo

2022 5574 2099 5647 (Ιι)
2132 5565 2206 5629 Ita
2237 5591 2366 5630 mss.
2400 5573 2614 5630 codices
2633 5565 2812 5626 Germ.
2841 5585 2961 5624 cum
2981 5565 3282 5623 'ed.Schot.
3302 5565 3424 5633 Alii,
3450 5566 3513 5620 ιω

1913 5693 1916 5696 .
1954 5651 2052 5700 ria.

1961 5787 1969 5795 _
2027 5715 2089 5786 (ἱ)
2119 5717 2208 5771 Sic
2229 5714 2557 5771 restituimus
2578 5726 2643 5765 ex
2665 5709 2833 5766 veteri
2857 5707 3092 5763 Badiana
3113 5707 3367 5763 editione.
3394 5706 3540 5760 Alias

1944 5802 2000 5854 ﬁt
2009 5802 2084 5838 ra.
