4008 6346
549 376 654 432 4Ἱῦ

691 482 942 538 Distrahit
962 492 1258 547 exsangues
1282 484 1450 540 artus,
1481 485 1536 532 et
1564 477 1733 531 lurida
1765 492 1993 532 cernens

688 574 792 628 Ora
815 574 970 638 fame,
1003 586 1102 625 nec
1123 571 1326 625 habens
1354 569 1641 639 quidquam
1668 584 1775 638 quo
1797 569 1960 623 rebus
1986 583 2114 637 ege-

1929 659 1949 731 [
1971 659 2054 713 nis

548 754 653 809 £85
689 754 875 810 Ferret
902 768 1092 823 opem,
1128 767 1235 806 non
1264 750 1387 821 igne
1415 749 1642 821 procul,
1674 764 1849 819 neque
1888 749 2119 804 commi-

1378 897 1383 903 η
1670 838 1687 901 Ῐ
1712 853 1809 892 nus
1837 839 1878 869 ³⁷
1908 852 2050 892 esca.

690 936 759 992 Ut
784 936 924 1005 dape
953 934 1223 991 labentem
1244 940 1513 989 recrearet
1536 940 1592 986 et
1620 932 1741 999 igne
1760 930 2049 998 rigentem.

689 1026 979 1094 Quaarenti,
1001 1034 1057 1081 et
1083 1025 1249 1079 muita
1279 1022 1546 1078 Christum
1584 1036 1743 1091 prece
1762 1018 2125 1085 convenienli,

690 1118 933 1184 Quanam
957 1131 1080 1186 ope,
1104 1130 1276 1184 quave
1304 1114 1387 1168 via
1406 1113 1612 1182 jussum
1634 1112 1906 1181 complere
1923 1111 2127 1166 valeret

691 1208 1000 1273 Servitium,
1031 1207 1260 1282 subitam
1286 1205 1626 1274 omnipotens
1652 1202 1719 1258 de
1751 1201 1853 1274 (a)
1883 1202 2127 1257 sentibus

1844 1292 1864 1367 Ι
1898 1308 2054 1349 uvam

549 1393 654 1447 290
690 1392 888 1457 Edidit,
919 1400 974 1447 et
995 1391 1157 1462 capiti
1180 1390 1339 1460 jussit
1366 1388 1604 1459 pendere
1626 1386 2003 1459 propinquam,

700 1481 768 1537 Ut
793 1482 946 1538 facile
974 1492 998 1519 ιι
1039 1482 1242 1551 attiguo
1272 1486 1456 1550 posset
1478 1466 1771 1547 decerpere
1793 1491 1944 1532 ramo

692 1572 884 1627 Natum
913 1580 1106 1642 sponte
1133 1572 1331 1627 cibum.
1355 1568 1622 1623 Divinitus
1643 1581 1771 1635 ergo
1801 1566 2053 1633 refectus,
2069 1586 2085 1604 ο

692 1661 870 1718 Mente
897 1663 983 1733 pia
1011 1662 1195 1717 oblato
1224 1660 1437 1715 laetatur
1462 1672 1685 1713 munere
1710 1655 1894 1721 Felix;

692 1756 1117 1825 Decerptumque
1161 1754 1207 1786 "
1251 1768 1415 1807 manu
1451 1750 1729 1807 morientis
1756 1750 1824 1805 ad
1851 1766 1946 1805 ora
1974 1765 2128 1806 race-

1871 1844 2056 1916 [mum
2156 1830 2203 1892 Β

496 1985 503 1993 .
552 1935 658 1991 295
693 1936 957 1991 Admovet
990 1954 1003 1989 :
1035 1944 1091 1991 et
1116 1935 1370 2005 quoniam
1399 1934 1601 1991 strictis
1624 1934 1734 2004 jam
1763 1935 2012 1990 dentibus
2042 1934 2131 1988 ille

645 2089 649 2093 _
697 2028 768 2081 Et
794 2029 995 2084 sentire
1017 2036 1179 2098 negat
1198 2029 1383 2085 dulces
1402 2038 1459 2084 et
1483 2044 1699 2084 sumere
1723 2029 1894 2084 victus
1914 2031 1978 2096 ”,

694 2116 957 2188 Exprimit
994 2118 1278 2174 humentes
1329 2119 1533 2187 acinus,
1566 2134 1894 2190 succumque
1924 2120 2132 2189 liquen-

1911 2210 2060 2282 [tem

693 2296 938 2363 lnstillat,
970 2298 1136 2366 digito
1164 2299 1419 2355 diducens
1442 2300 1589 2354 arida
1613 2301 1794 2367 labra;

693 2389 875 2455 Donec
894 2372 950 2445 et
976 2390 1286 2460 adspirante
1316 2392 1427 2447 Deo
1454 2392 1738 2447 conatibus
1766 2392 1942 2461 aegris,

551 2477 654 2533 500
693 2478 759 2532 Et
787 2479 1025 2534 luctante
1052 2495 1233 2546 manu,
1266 2482 1466 2550 rigidos
1491 2483 1766 2553 paulisper
1793 2483 1967 2538 hiatus

687 2570 943 2639 Laxavit,
974 2581 1295 2642 tenuemque
1323 2573 1526 2628 aditum
1550 2574 1697 2629 dedit
1725 2574 1835 2629 oris
1863 2577 2055 2645 aperti,

687 2660 804 2726 Quo
832 2677 1017 2716 rorem
1033 2662 1281 2731 exiguum
1312 2663 1880 2718 resolutainfunderet
1904 2679 2028 2718 uva.

759 2752 897 2809 Hinc
923 2755 1115 2809 anima:
1141 2770 1348 2822 sensus,
1376 2756 1524 2810 calor
1552 2756 1783 2819 ossibus,
1812 2768 1974 2825 atque
1994 2772 2126 2811 ocu-

1816 2845 2057 2918 [ﬁslux,

684 2932 912 3002 Vitaque
935 2942 1046 2989 tota
1067 2936 1203 2991 redit
1229 2955 1241 2989 :
1271 2952 1494 3007 quicque
1515 2924 1744 2992 laeserat
1772 2938 1947 2993 obsita
1968 2938 2126 2993 siccis

553 3021 654 3077 505
692 3022 973 3091 Faucibus,
998 3034 1216 3080 exercet
1242 3027 1429 3081 solitas
1446 3027 1557 3095 jam
1587 3028 1765 3096 lingua
1787 3028 2054 3096 loquelas,

689 3113 977 3184 Postquam
1007 3116 1158 3170 vocis‘
1177 3116 1278 3169 iter
1305 3117 1557 3185 patefecit
1582 3118 1819 3173 lubricus
1839 3119 2057 3175 humor.

760 3203 901 3273 Ergo
922 3205 1268 3269 reviviscens,
1299 3208 1578 3261 notissima
1600 3208 1901 3263 comminus
1919 3224 2035 3276 ora,

689 3298 730 3352 F
734 3298 882 3354 elicis
902 3298 1047 3353 videt
1072 3314 1166 3353 ora
1198 3299 1298 3363 sui,
1331 3299 1716 3370 amplexusque
1743 3300 1998 3370 vicissim,

687 3388 1049 3459 Conqueritur
1076 3390 1284 3445 tardum
1331 3409 1344 3444 :
1393 3389 1526 3445 Nam
1572 3399 1628 3447 te
1654 3393 2001 3464 promiserat,
2049 3394 2132 3449 in-

740 3482 747 3485 Ὗ
1881 3485 2060 3557 [ᾳυὴ,

555 3568 653 3624 510
692 3570 889 3626 Adfore
909 3571 1225 3641 jamdudum
1254 3572 1511 3629 Dominus
1539 3574 1689 3640 mihi,
1722 3589 1847 3645 pars
1875 3590 1996 3630 mea
2030 3576 2131 3632 Fe—

1542 3664 1551 3673 '
1902 3665 1922 3738 [
1951 3666 2057 3733 lix;

694 3749 1048 3821 Praecipuum,
1069 3750 1242 3814 Felix,
1278 3753 1469 3822 pignus
1497 3754 1649 3823 mihi,
1671 3770 1790 3824 qua:
1817 3769 1950 3824 rogo
1970 3764 2131 3811 tanta:

691 3840 801 3894 Aut
823 3841 909 3895 ubi
938 3851 990 3896 te
1012 3849 1235 3896 tenuere
1263 3844 1452 3897 morae?
1479 3844 1523 3898 si
1546 3860 1775 3914 corpore
1795 3845 1936 3901 cessi

689 3931 1041 4003 399-500
1065 3931 1146 3987 Ad
1194 3941 1404 4004 tempus
1450 3932 1658 4004 fragili,
1727 3935 1901 3991 solido
1950 3942 2130 3992 tamen

1786 4028 1939 4102 [esse
1963 4027 2132 4085 fidelis

690 4116 915 4173 Pectore
938 4117 1146 4174 duravi.
1179 4119 1346 4175 Docet
1363 4127 1419 4175 et
1439 4120 1588 4176 locus
1608 4128 1663 4176 et
1688 4129 1860 4177 status
1888 4122 2025 4193 ipse,

552 4207 655 4262 515
689 4208 746 4263 In
775 4224 883 4278 quo
911 4226 998 4265 me
1025 4212 1202 4267 cernis
1230 4213 1351 4267 vita:
1372 4214 1526 4268 istius
1556 4214 1662 4269 ima
1700 4216 2022 4286 trahentem,

687 4295 804 4354 Non
835 4301 1024 4356 mortis
1051 4300 1251 4372 fugisse
1280 4312 1422 4358 metu
1442 4343 1457 4369 ,
1488 4304 1810 4375 Christoque
1839 4322 2013 4361 meam
2043 4323 2132 4364 me

691 4386 1051 4459 Pimposuisse
1096 4394 1332 4448 animam
1363 4411 1377 4447 :
1410 4396 1543 4464 fugi,
1571 4412 1678 4451 non
1728 4396 1862 4452 lucis
1908 4414 2126 4465 amore,

689 4477 797 4535 Sed
852 4480 878 4520 ιι
924 4480 1112 4552 fragile
1160 4485 1265 4540 hoc
1292 4494 1537 4542 metuens
1592 4486 1788 4542 inﬁrmi
1840 4491 2126 4559 corporis;

1891 4555 2060 4652 [atqui
2082 4555 2126 4613 ³)
2158 4555 2210 4615 D

659 4654 668 4669 '
692 4658 853 4715 Tecta
880 4670 1089 4732 petens,
1114 4665 1216 4719 alia
1244 4665 1497 4721 vixissent
1522 4674 1666 4722 tutus
1686 4666 1737 4721 in
1762 4669 1913 4736 urbe,

552 4746 653 4802 520
689 4748 745 4804 Si
764 4752 893 4806 mihi
921 4753 1025 4808 vile
1055 4754 1206 4820 fides,
1230 4763 1286 4809 et
1314 4754 1391 4827 (ὁ)
1421 4772 1546 4811 cara
1575 4758 1621 4789 ³⁸
1645 4752 1763 4814 htec
1783 4761 1890 4815 vita
1918 4761 2121 4820 fuisset.

691 4837 906 4908 Ignotos
931 4851 1164 4908 montes,
1186 4844 1506 4914 desertaque
1546 4848 1686 4903 nuda
1712 4851 1909 4921 petivi,

689 4928 747 4983 In
776 4932 981 4998 gremio
1009 4931 1219 4988 Domini
1240 4934 1408 4991 dulcis
1434 4952 1550 4992 mea
1572 4939 1709 4994 colla
1730 4957 2017 5011 reponens,

689 5018 809 5090 Ipso
839 5030 899 5077 ut
927 5034 949 5062 ο
980 5022 1264 5081 deficerem
1286 5035 1442 5093 teste,
1474 5016 1565 5084 aut
1594 5038 1653 5086 ut
1674 5048 1925 5102 pascerer
1949 5036 2087 5107 ipso.

689 5108 800 5185 Nec
827 5110 1041 5179 frustra,
1069 5129 1199 5171 ecce
1229 5116 1396 5187 vides,
1424 5118 1524 5174 fuit
1552 5119 1666 5178 haec
1695 5123 1885 5181 fiducia
1913 5124 2066 5207 nobis
2098 5149 2111 5184 :

852 5246 965 5335 an:
996 5251 1342 5335 quod'autem
1375 5255 1440 5309 l6
1479 5266 1612 5323 erat,
1646 5274 1788 5314 nunc
1819 5259 1905 5316 i2.
1937 5262 2123 5335 Scrip-

549 5323 659 5369 tum
689 5332 829 5372 anno
854 5318 973 5385 598,
1004 5318 1090 5375 die
1112 5321 1177 5375 Η
1204 5322 1420 5379 Januar.

617 5395 643 5459 _‘
822 5404 987 5444 carm.
1026 5390 1111 5459 I6,
1141 5409 1190 5446 v.
1225 5393 1347 5450 168.

618 5455 644 5493 ι’
674 5455 803 5528 Vide
830 5474 998 5515 carm.
1023 5455 1111 5528 εκ
1134 5479 1185 5517 v.
1218 5463 1341 5518 005.

620 5536 641 5560 ο
674 5527 724 5579 Id
753 5536 838 5581 est
865 5527 1108 5585 morerer.

549 5592 837 5718 n;":“1d6est
864 5599 1035 5670 elegit.
1070 5600 1201 5657 Vide
1246 5618 1412 5658 carm.
1443 5603 1529 5666 5'2,
1560 5621 1609 5659 v.
1655 5604 1788 5676 5‘22,
1820 5618 1875 5665 et
1903 5627 1991 5681 ep.
2023 5613 2124 5683 52,

621 5744 643 5816 ς
675 5732 909 5816 Licentia
939 5742 1169 5816 poetica.
1214 5742 1345 5801 Vide
1370 5759 1457 5816 ep.
1491 5745 1577 5814 52,
1603 5762 1655 5802 n.
1684 5744 1738 5816 5,
1769 5763 1823 5803 v.
1853 5749 1906 5804 8.

624 5802 643 5840 ί
671 5802 807 5860 Gen.
834 5802 999 5877 xxvii,
1029 5809 1119 5865 28.
1404 5802 1419 5816 ’
1565 5802 1577 5814 ’
1646 5824 1651 5827 '

1432 363 1489 420 S.
1529 361 1796 419 PAULINI
1836 356 2085 417 NOLANI
2117 358 2418 417 EPISCOPI
2461 361 2801 417 l‘GEilATA.

2155 3193 2203 3257 C

2228 5766 2280 5807 m
2300 5752 2436 5803 ‘lins.
2474 5750 2593 5808 Alii.
2623 5749 2671 5802 It

3700 368 3805 424 476

2145 478 2196 537 Α
2227 474 2330 528 525
2368 474 2548 531 Adfuit
2569 475 2951 548 Omnipotens,
2968 486 3023 534 et
3051 489 3103 535 te
3124 478 3254 536 mihi
3275 482 3488 538 mittere
3512 482 3538 521 ἀ
3568 483 3730 554 legit,

2375 564 2478 622 Per
2505 583 2662 637 quem
2685 569 2825 624 dona
2852 570 2980 625 mihi
3001 588 3095 627 sua
3116 570 3368 629 redderet
3391 592 3403 629 :
3436 585 3609 640 utere,
3635 576 3727 642 ﬁli,

2369 656 2657 728 Praeceptis
2685 660 2898 729 pietatis
2918 676 3053 731 opus
3080 664 3475 731 mandantibus,
3503 676 3559 722 et
3576 683 3665 724 me

2364 750 2668 823 Suscipiens
2690 756 2946 824 humeris,
2979 773 3267 816 commune
3284 762 3357 816 ad
3394 763 3539 820 ovile
3560 775 3799 835 reporta.

2435 842 2663 914 impiger
2686 852 2879 914 optato
2903 848 3116 915 gavisus
3143 865 3365 907 munere
3386 851 3537 907 Felix
3553 893 3570 919 ,

2226 929 2330 985 550
2366 931 2560 989 Carum
2590 950 2759 999 onus,
2785 943 2843 990 ut
2882 935 3079 991 Christi
3107 939 3317 1008 pondus
3358 940 3495 1010 leve,
3529 944 3712 1009 sumit,
3748 954 3808 999 et

2370 1113 2502 1171 Tam
2536 1115 2607 1187 (c)
2635 1116 2842 1172 volucri
2871 1133 3051 1187 cursu,
3083 1128 3355 1191 tamquam
3384 1124 3552 1192 magis

3198 1222 3203 1229 '
3624 1226 3775 1272 ratur

2369 1293 2479 1351 Nec
2505 1294 2669 1363 ferat;
2692 1304 2746 1352 et
2768 1312 2897 1353 vere
2919 1297 3163 1356 Christus
3182 1301 3285 1356 fert
3312 1302 3426 1372 ipse
3446 1217 3729 1372 krenltem,
3788 1258 3807 1285 ’

2368 1382 2435 1438 Et
2462 1385 2541 1457 (ά)
2571 1387 2794 1456 pedibus
2822 1389 3022 1461 pietate
3054 1392 3174 1446 citis
3202 1392 3732 1469 Deusaddidit‘alas.

2365 1478 2533 1533 Nocte
2557 1489 2580 1516 ε
2610 1480 2797 1535 eadem
2818 1482 3023 1552 pariter
3041 1490 3121 1538 tot
3146 1499 3373 1541 munera
3392 1488 3621 1557 percipit
3639 1505 3801 1556 unus,

2225 1565 2333 1621 555
2367 1566 2433 1621 Et
2458 1568 2616 1624 simul
2657 1572 2967 1640 exsequitur
2995 1572 3144 1628 Felix
3168 1591 3193 1638 ',
3214 1591 3309 1630 sua
3338 1593 3587 1646 rumpere
3625 1578 3811 1648 jussus

2369 1656 2575 1725 Vincla,
2598 1660 2933 1716 sacerdotem
2957 1662 3157 1727 reﬁcit,
3181 1667 3493 1735 revehitque
3522 1667 3805 1735 refectum,

2366 1748 2703 1819 Deponitque
2731 1751 2813 1806 sui
2840 1759 3013 1806 tutum
3041 1752 3139 1808 sub
3169 1755 3402 1811 culmine
3423 1758 3587 1824 tecti,

2375 1836 2537 1916 Unica
2582 1839 2730 1911 quod
2770 1841 3019 1897 servabat
3046 1857 3212 1910 anus;
3237 1852 3348 1900 tam
3394 1847 3571 1902 celsus
3599 1855 3657 1903 et
3704 1849 3811 1906 isto

2373 1928 2634 1984 Maximus
2660 1931 2909 1986 exstabat
2932 1934 3127 1989 merito
3155 1928 3462 2003 confessor,
3496 1945 3557 1993 ut
3584 1934 3665 1993 illi

2229 2017 2335 2072 5.ίο
2371 2018 2548 2074 Turba
2574 2019 2793 2089 domus,
2818 2035 3026 2077 summa
3053 2028 3107 2078 et
3131 2039 3342 2090 census,
3374 2040 3509 2081 anus
3546 2043 3652 2082 una
3691 2043 3811 2083 ma-

3592 2120 3609 2191 [
3632 2128 3810 2175 neret.

2448 2199 2681 2258 Phlsatis
2709 2202 2914 2261 foribus
2940 2203 3090 2259 Felix
3117 2206 3255 2261 hanc
3276 2207 3474 2263 excitat
3500 2209 3581 2276 ³²;
3613 2209 3704 2264 illa

2371 2290 2452 2345 Ad
2480 2292 2686 2361 primos
2726 2293 2797 2365 (e)
2855 2293 3136 2365 pavefacta
3180 2311 3379 2366 sonos,
3413 2298 3498 2353 vix
3545 2308 3673 2355 nota
3721 2316 3812 2356 re-

3600 2391 3620 2464 [
3634 2393 3813 2448 noscit

2369 2472 2636 2545 Alloquia,
2670 2482 2724 2530 et
2749 2475 3024 2531 dominum
3053 2478 3208 2533 tectis
3230 2479 3450 2534 assumit
3475 2480 3523 2513 ³³
3548 2484 3781 2552 apertis,

2370 2563 2517 2620 Voce
2556 2564 2830 2635 graduque
2876 2573 3143 2636 tremens,
3168 2569 3443 2639 quatiente
3487 2571 3684 2628 timore
3722 2588 3813 2629 se-

3542 2660 3811 2733 [nectam.

2227 2744 2333 2800 545
2435 2746 2534 2802 Cui
2562 2745 2716 2803 Felix
2745 2765 2760 2802 :
2790 2747 2936 2820 Cape
2962 2748 3262 2820 depositum
3298 2751 3437 2822 hoc,
3485 2755 3635 2823 quod
3673 2771 3812 2810 con-

3428 2844 3566 2917 [scia
3596 2860 3809 2901 mecum
3888 2888 3895 2894 .

2366 2929 2558 2985 Sidera
2578 2931 2771 2998 noctis,
2803 2939 2859 2988 et
2877 2930 3133 3003 angelica:
3151 2934 3251 2990 sub
3279 2934 3531 3005 principe
3553 2934 3775 2991 Christo
3789 2977 3807 3000 ,

2368 3021 2451 3078 Me
2505 3023 2752 3080 tradente
2775 3067 2792 3093 ,
2822 3040 3011 3080 manus
3057 3025 3271 3081 tradunt
3301 3026 3393 3081 tibi
3418 3043 3440 3092 ;
3465 3042 3620 3082 sume
3670 3026 3818 3082 ﬁdeli

2371 3104 2523 3169 Hanc
2564 3113 2776 3171 Domini
2805 3130 3070 3185 gemmam
3096 3117 3325 3186 gremio,
3353 3126 3514 3187 quam
3566 3125 3819 3188 tempore

3566 3207 3587 3279 [
3600 3221 3817 3261 summo

2372 3292 2704 3349 Incolumem
2726 3296 2882 3350 nobis
2893 3296 3124 3352 Domino
3150 3296 3250 3352 sub
3270 3295 3452 3366 judice
3480 3295 3709 3362 reddas,

2231 3385 2334 3443 550
2371 3386 2487 3453 Quo
2511 3403 2659 3444 nunc
2697 3396 2834 3444 teste
2857 3389 3023 3459 capis.
3050 3388 3204 3444 Subit
3222 3388 3335 3444 istis
3357 3388 3628 3443 Maximus
3652 3388 3813 3454 orsis,
3853 3392 3857 3395 “

2374 3478 2715 3548 Felicemque
2758 3495 2914 3535 suum
2953 3495 3214 3536 revocans
3243 3499 3257 3535 :
3289 3480 3432 3552 Cape
3475 3488 3534 3534 tu
3561 3495 3811 3551 quoque,

3623 3569 3812 3642 [dixit,

2372 3658 2628 3725 Muneris,
2651 3676 2684 3715 o
2710 3661 2783 3715 mi
2806 3668 2932 3718 nate
2949 3660 3016 3727 “,
3033 3661 3228 3728 vicem,
3251 3675 3411 3731 quam
3431 3660 3638 3745 meOttbi
3656 3660 3818 3730 jussit

2372 3751 2615 3807 Reddere
2644 3754 3026 3823 compositum,
3054 3753 3146 3824 qui
3177 3762 3229 3808 te
3275 3752 3401 3807 mihi
3439 3751 3599 3821 jussit
3621 3752 3817 3808 adesse

2372 3845 2652 3915 Deposito.
2687 3844 2821 3900 Tum
2847 3845 3041 3900 deinde
3084 3860 3293 3901 sacram
3321 3844 3514 3900 Felicis
3542 3830 3718 3899 amati

2373 3936 2605 4006 lmponit
2630 3937 2795 4007 capiti
2822 3937 3066 3993 dextram
3084 3979 3101 4006 ,
3119 3936 3278 3991 simul
3306 3934 3482 3991 omnia
3503 3933 3716 3988 Christi

2370 4028 2518 4085 Dona
2548 4038 2739 4101 petens
2772 4048 2785 4082 :
2821 4029 2966 4085 velut
2989 4029 3077 4084 ille
3107 4038 3318 4100 patrum
3348 4026 3682 4083 venerabilis
3704 4024 3816 4080 [sae

2374 4118 2518 4175 Rere
2546 4120 2655 4190 poli
2678 4128 2881 4187 natum,
2905 4128 2961 4175 et
2986 4127 3142 4175 terrm
3164 4119 3439 4175 benedixit
3467 4120 3656 4189 opimo
3686 4117 3743 4184 f;

2371 4212 2604 4267 Felicem
2632 4211 2848 4268 Christo
2874 4213 2951 4267 sic
2976 4212 3237 4267 Maximus
3257 4227 3351 4266 ore
3379 4219 3606 4282 paterno

2371 4304 2475 4359 Ore
2498 4312 2553 4358 et
2575 4303 2874 4374 apostolico
2896 4303 3220 4358 benedicens
3241 4309 3296 4356 et
3323 4300 3694 4370 locupletans,

2231 4394 2333 4449 560
2370 4393 2835 4450 lmmarcescibilis
2861 4394 3130 4449 redimivit
3156 4391 3364 4449 honore
3392 4407 3608 4447 coronae

2370 4484 2757 4557 Perpetuisque
2786 4486 2999 4556 opibus,
3031 4500 3167 4554 quas
3195 4494 3249 4540 et
3295 4483 3456 4539 modo
3507 4485 3817 4552 cernimus,

3161 4651 3164 4654 ῃ
3616 4576 3818 4650 lauit.

2796 4667 3026 4722 POEMA
3056 4666 3173 4722 XVI
3204 4668 3241 4721 '.

2512 4777 2577 4814 DE
2606 4776 2650 4815 S.
2677 4775 2862 4814 FELICE
2891 4776 3214 4814 NATALI'HUI
3246 4775 3454 4813 CARIEN
3480 4775 3529 4812 ν.

2513 4854 2574 4909 S.
2618 4852 2811 4908 Felicis
2869 4854 3137 4906 historiam
3183 4851 3527 4923 prosequitur.

2369 4945 2527 5019 ἀοι
2550 4972 2576 4987 υ
2604 4944 2764 5016 402
2823 4941 3089 5014 Tempora
3150 4942 3482 5017 temporibus
3540 4940 3823 5006 subeunt;

3185 5033 3335 5107 [abit,
3368 5040 3425 5087 et
3453 5033 3602 5087 venit
3620 5042 3819 5094 testas;

2362 5128 2567 5184 Cuncta
2592 5126 2706 5183 dies
2728 5124 2988 5181 trudendo
3011 5124 3153 5181 diem
3174 5123 3327 5196 fugit,
3357 5133 3411 5180 et
3432 5133 3577 5179 rotat
3602 5126 3818 5181 orbem:

2309 5271 2326 5334 (
2354 5280 2386 5316 a
2410 5264 2428 5332 )
2451 5260 2924 5334 Siemssacodices
2949 5275 3071 5334 cum
3100 5259 3224 5315 edd.
3258 5258 3418 5315 Grav.
3456 5267 3513 5314 et
3538 5260 3741 5317 Sehot.
3767 5261 3824 5314 in

2232 5329 2599 5407 margg'LEditi
2625 5331 2880 5407 quinque,
2911 5329 3116 5384 ritibus.

2306 5397 2495 5474 (υνδερ
2523 5417 2621 5454 ms.
2644 5397 2804 5474 unus
2826 5397 3205 5474 Germanensis
3234 5401 3423 5474 codex.
3442 5400 3582 5474 ‘Alii,
3608 5418 3817 5474 rerum,

2234 5469 2528 5539 incongrue
2572 5471 2824 5536 omnino;
2858 5485 2956 5524 nec
2984 5471 3126 5523 enim
3170 5469 3549 5525 attendendum
3576 5471 3645 5525 ad
3678 5486 3818 5542 prte-

2234 5545 2502 5598 celentia.

2309 5612 2379 5682 (ε)
2405 5611 2502 5682 Ms.
2538 5610 2559 5663 1
2595 5608 2776 5682 Germ.
2809 5610 3029 5682 volucer.
3212 5678 3259 5682 η
3339 5678 3366 5682 _
3410 5681 3415 5682 γ
3482 5660 3483 5663 η

2298 5678 2376 5761 (ἒξ)
2406 5681 2499 5761 ΙιειΔ
2520 5697 2667 5761 ‘mss.
2699 5680 3034 5761 duouGcrm.
3065 5686 3120 5733 et
3162 5678 3287 5734 edd.
3328 5678 3479 5735 Grin.
3511 5690 3567 5737 et
3609 5681 3817 5740 I’oclm.

2306 5752 2436 5803 dius.
2474 5750 2593 5808 Alii.
2623 5750 2671 5802 It
2699 5750 2929 5819 pedibus.

2306 5824 2375 5887 lc)
2405 5820 2499 5876 Ms.
2534 5821 2550 5873 Ι
2588 5821 2792 5888 Gerun,
2818 5821 3127 5890 stupefacta.
