4008 6346
181 349 270 405 477
1620 341 1752 396 POE

1878 341 2010 398 XVI.

1767 472 1814 525 Δ

302 455 490 512 Omnia
514 464 863 526 przetereunt,
887 462 1200 509 sanctorum
1229 452 1399 523 gloria
1421 453 1580 509 durat

307 546 362 601 In
390 545 630 612 Christo,
654 547 746 617 qui
776 553 966 602 cuncta
990 552 1186 609 novat,
1213 543 1335 598 dum
1363 551 1639 614 permanet
1670 545 1747 614 (τι)

1546 637 1564 708 [
1588 637 1642 689 in
1670 651 1748 690 se.

184 729 214 782 5
354 727 595 782 Tandem
614 727 776 796 igitur
803 723 1044 780 revoluta
1060 724 1175 779 dies
1202 723 1333 778 mihi
1363 740 1604 790 nascere,
1638 733 1752 779 toto

311 817 579 887 Exoptata
608 819 724 872 dies
753 832 917 883 anno,
939 830 1058 884 qua:
1079 814 1253 869 dulcia
1275 814 1429 879 festa,

307 907 371 960 Et
400 923 520 962 mea
551 917 678 962 vota
703 922 901 970 novas;
933 920 1052 974 qua:
1081 920 1168 959 me
1195 905 1473 960 sollemnia
1506 905 1682 974 poscis

309 996 554 1060 Munera,
587 996 821 1050 natalem
842 995 1104 1062 referens,
1128 1009 1236 1064 quo
1265 995 1428 1048 millia
1453 995 1684 1062 gaudent

311 1088 581 1143 Innumeri
610 1087 793 1158 pepuli
819 1103 834 1150 ;
865 1102 974 1156 quo
1005 1101 1089 1140 me
1117 1085 1368 1155 specialia
1389 1094 1613 1154 tangunt

189 1181 243 1233 10
309 1177 539 1241 Gaudia,
559 1195 667 1247 quo
694 1176 903 1230 famula:
926 1185 1040 1230 rata
1067 1176 1236 1230 debeo
1255 1177 1277 1250 f
1309 1191 1533 1230 munera
1564 1177 1753 1246 lingua:

313 1269 476 1323 Felici
508 1268 582 1340 (ὁ)
618 1270 784 1322 libare
809 1282 948 1330 meo,
981 1266 1068 1320 cui
1090 1274 1270 1319 mente
1297 1266 1472 1319 dicata

313 1361 370 1414 In
396 1361 624 1415 Domino
643 1359 859 1414 Christo
888 1375 1005 1413 sum
1035 1358 1245 1412 deditus
1278 1374 1290 1408 :
1323 1357 1463 1410 hunc
1482 1365 1539 1411 et
1557 1358 1755 1413 amoris

312 1450 584 1520 Obsequio
613 1450 890 1505 celebrare
920 1465 1015 1519 per
1042 1463 1219 1505 annua
1247 1449 1484 1503 carmina
1511 1458 1751 1504 sanctum

316 1541 417 1596 Fas
459 1542 610 1596 mihi.
641 1541 824 1596 Dicam
861 1541 1019 1608 igitur
1047 1540 1260 1604 merita,
1290 1546 1345 1593 et
1369 1554 1560 1592 causas
1588 1539 1752 1592 meri-

1522 1630 1718 1700 [torum
1736 1669 1751 1694 ,

193 1719 251 1776 15
316 1719 358 1774 Ε
386 1721 581 1791 quibus
601 1719 837 1774 obtinuit
863 1719 1140 1775 cmlestum
1170 1719 1385 1788 prmmia
1416 1718 1627 1772 laudum
1647 1758 1662 1782 ,

315 1811 676 1881 Eternosque
701 1811 835 1875 dies,
867 1819 922 1865 et
950 1811 1129 1879 magni
1161 1826 1354 1865 nomen
1385 1811 1626 1865 honoris.

379 1903 500 1958 Jam
530 1913 557 1941 ι
589 1905 736 1974 prior
764 1904 868 1958 hoc
898 1901 968 1974 (ε)
1011 1904 1213 1973 primos
1233 1903 1386 1958 vobis
1415 1902 1551 1958 liber
1590 1902 1755 1958 edidit

1570 1994 1587 2065 [
1605 2002 1755 2049 actus

317 2087 582 2160 Martyris,
610 2086 750 2141 unde
775 2086 957 2151 domo,
982 2085 1066 2141 vel
1121 2086 1213 2156 qui
1243 2099 1431 2155 genus,
1483 2093 1539 2141 et
1563 2086 1754 2154 quibus

1157 2244 1166 2253 θ
1580 2178 1599 2250 [
1617 2178 1756 2232 altus

315 2271 371 2326 In
399 2271 616 2340 studiis,
644 2286 753 2341 quo
775 2269 967 2324 deinde
994 2268 1162 2338 gradu
1197 2283 1295 2339 per
1323 2277 1506 2324 sancta
1535 2277 1756 2324 vocatus

193 2363 254 2418 ςο
315 2364 491 2418 Munia
516 2364 767 2418 maluerit
793 2362 1006 2419 Christo
1034 2363 1237 2418 servire
1265 2364 1508 2432 perenni,

317 2456 483 2522 Quam
512 2457 716 2525 patrias
740 2470 920 2510 errare
948 2455 1108 2509 vias"
1130 2470 1226 2524 per
1251 2453 1404 2509 devia
1425 2454 1644 2509 mundi:

316 2544 443 2600 Nam
473 2554 630 2616 pater
653 2545 892 2599 emeritis
919 2544 1019 2598 sub
1034 2542 1244 2598 Caesare
1267 2545 1476 2599 vixerat
1495 2545 1679 2610 armis,

321 2636 564 2690 Diximus
587 2645 643 2690 et
673 2644 814 2690 tetro
845 2635 1102 2690 toleratas
1125 2650 1343 2690 carcere
1369 2649 1580 2705 pmnas,

319 2727 460 2794 Quas
487 2723 770 2782 confessor
798 2725 931 2790 obit,
976 2733 1204 2781 mortem
1247 2739 1463 2795 quoque
1491 2726 1632 2780 ferre
1658 2741 1756 2796 pa-

1561 2817 1752 2889 [ratus,

191 2905 262 2958 25
322 2907 385 2962 Ni
405 2908 545 2962 Deus
563 2907 864 2976 anticipans
891 2907 1118 2976 gladios,
1145 2907 1396 2963 solvisset
1415 2907 1612 2976 iniquis

325 2997 587 3052 Emissum
613 2997 823 3064 vinclis,
849 2997 1090 3065 aliosque
1113 3003 1364 3052 vocasset
1405 2995 1471 3050 ad
1501 3004 1686 3062 actus;

323 3090 389 3144 Ut
408 3092 486 3160 (ά)
505 3091 652 3160 prius
675 3089 743 3144 ad
763 3105 972 3144 sacram
992 3096 1258 3144 remearet
1276 3087 1560 3158 episcopus
1581 3088 1756 3142 aulam

317 3179 602 3245 Maximus,
635 3181 686 3233 in
717 3179 743 3217 δ
767 3179 899 3234 solis
923 3179 1014 3248 qui
1043 3178 1268 3234 saltibus
1296 3178 1481 3232 ultima
1504 3178 1628 3232 vita:

318 3269 485 3340 Eget
507 3270 818 3335 anhelabat,
847 3277 1128 3338 grassante
1155 3266 1367 3336 fugatus
1393 3267 1461 3322 ab
1490 3268 1644 3323 hoste
1667 3285 1684 3321 :

193 3360 254 3413 '50
318 3360 484 3428 Quem
510 3361 694 3430 jussus
719 3359 938 3430 proprio
956 3359 1205 3414 subvexit
1231 3372 1458 3427 corpore
1483 3357 1654 3425 Felix,

323 3451 580 3521 Pauperis
609 3461 663 3506 et
691 3451 818 3506 tecti
839 3450 1074 3505 delatum
1100 3449 1154 3503 in
1179 3449 1309 3503 sede
1333 3449 1562 3514 locavit;

323 3539 677 3610 Pensatisque
704 3541 826 3605 sibi,
857 3548 1045 3596 sancto
1074 3540 1218 3594 senis
1237 3554 1334 3594 ore
1361 3539 1527 3607 beati,

321 3628 523 3685 Ofﬁciis
545 3630 858 3685 benedictus
881 3629 1024 3696 abit;
1050 3629 1340 3700 paucisque
1364 3629 1554 3684 diebus

322 3720 546 3775 Delituit
573 3722 774 3790 proprii
803 3721 992 3775 tacitus
1015 3721 1112 3774 sub
1136 3721 1368 3775 culmine
1396 3721 1542 3784 tecti,

199 3810 259 3864 55
324 3811 441 3866 Non
467 3811 631 3866 tacita
660 3811 945 3864 Dominum
973 3810 1247 3865 cmlestem
1275 3818 1454 3865 mente
1479 3809 1724 3878 fatigans,

324 3901 497 3968 Quem
527 3915 687 3972 prece
713 3901 936 3966 directa,
966 3908 1254 3970 penetrans
1276 3916 1436 3969 super
1455 3908 1620 3965 astra,
1647 3915 1766 3968 pro-

1526 3990 1544 4061 [
1561 3991 1761 4060 pinquo

326 4081 583 4140 Pulsahat
611 4081 821 4148 merito,
853 4097 1038 4152 pacem
1070 4082 1360 4152 procedere
1388 4096 1633 4152 poscens.

395 4173 609 4228 Interea
639 4171 842 4228 fluxere
865 4172 1001 4239 dies,
1035 4189 1138 4242 pax
1166 4173 1279 4227 visa
1307 4159 1524 4226 reverti.

322 4263 568 4318 Deseruit
597 4263 857 4318 latebram
887 4262 1059 4330 Felix,
1093 4263 1409 4331 tandemque
1433 4275 1628 4316 sereno

200 4353 261 4408 10
325 4355 575 4410 Conﬁsus
603 4354 760 4416 coelo,
789 4354 922 4408 lanis
950 4369 1009 4408 se
1031 4353 1254 4408 reddere
1283 4353 1460 4408 laetum

325 4446 624 4510 Fratribus,
656 4452 710 4498 et
732 4443 952 4514 placida:
977 4444 1316 4498 committere
1343 4449 1583 4513 cmperat
1623 4441 1760 4496 urbi.

325 4536 694 4591 Gratahantur
724 4550 853 4590 Oves
879 4535 1099 4598 Christi,
1130 4544 1348 4604 pastore
1377 4544 1618 4604 recepto.

325 4629 421 4683 Ille
450 4642 666 4697 gregem
689 4626 943 4696 pavidum
971 4625 1038 4681 de
1063 4634 1386 4696 tempestate
1425 4626 1628 4681 recenti

324 4720 596 4775 Mulcehat
626 4718 842 4773 monitis
867 4717 1193 4783 caelestibus,
1225 4727 1280 4772 et
1299 4717 1434 4774 duce
1463 4718 1627 4773 verbo

194 4813 256 4866 15
326 4815 503 4868 Anxia
531 4811 692 4868 corda
722 4826 934 4880 regens,
965 4810 1214 4865 ﬁrmabat
1236 4827 1421 4866 amore
1454 4822 1474 4850 ο
1505 4811 1660 4878 fidei;

319 4905 732 4961 Contemnenda
761 4903 963 4958 docens
987 4911 1042 4958 et
1065 4918 1247 4957 amara
1269 4911 1322 4958 et
1343 4904 1519 4959 dulcia
1547 4903 1762 4970 mundi;

322 4997 436 5052 Nec
455 4994 858 5052 concedendum
888 4993 1216 5060 terroribus;
1239 4994 1502 5064 obviaque
1530 4996 1658 5064 ipsis

254 5119 278 5146 ⁸
308 5110 365 5164 Id
394 5116 480 5164 est
506 5106 638 5161 Nat.
671 5105 724 5163 ὁ.

253 5179 278 5218 δ
311 5179 447 5233 Vide
467 5193 633 5233 carm.
667 5176 755 5244 15,
785 5193 836 5231 v.
867 5174 954 5230 98.

259 5262 275 5287 ί
310 5247 450 5302 Vide
470 5256 584 5301 not.
619 5246 741 5300 554.

254 5317 456 5442 (ﬂebis.
475 5317 647 5371 codex
668 5331 804 5370 unus
823 5315 1220 5382 Germanensis,
1235 5317 1364 5385 ipse.
1390 5312 1627 5385 Utraque
1651 5316 1762 5372 lec-

254 5408 264 5441 ›
364 5403 452 5442 na.

191 5396 264 5443 tto
288 5396 452 5442 bona.

253 5459 326 5526 (ὁ)
355 5457 445 5511 Sic
473 5456 769 5526 repositum
797 5473 862 5511 ex
895 5456 1102 5512 duobus
1130 5471 1256 5512 mss.
1282 5453 1553 5509 codicibus
1575 5454 1756 5510 Germ.

185 5525 346 5595 Editi,
377 5525 558 5591 libata,
587 5527 762 5581 minus
783 5527 939 5580 bene.

251 5593 520 5667 (ci'lidem
547 5595 760 5667 codices
790 5612 915 5651 mss.
951 5593 1496 5667 Germanense_s__duo,
1522 5595 1717 5667 primus
1741 5613 1756 5658 ;

182 5677 233 5720 et
261 5664 411 5722 reae
459 5665 673 5735 quidem
705 5667 807 5720 hoc
848 5681 1005 5719 sensu
1037 5684 1049 5718 :
1073 5669 1278 5735 primus
1306 5664 1433 5716 liber
1468 5666 1612 5735 prior
1640 5665 1756 5735 hoc,

183 5737 230 5789 id
256 5746 369 5806 est,
387 5733 521 5806 iiber
548 5736 782 5805 proaime
809 5736 940 5788 hunc
968 5733 1260 5806 prwredens
1281 5735 1395 5804 jam
1422 5733 1559 5788 vobis
1597 5734 1759 5788 edidit

179 5817 324 5860 actus
348 5805 614 5876 Martyris.

1795 4571 1844 4631 Ι)

3329 333 3434 390 678

1988 451 2202 520 Ignibus
2224 458 2317 506 aut
2336 450 2526 520 gladiis
2547 452 2566 482 ³
2595 460 2875 523 promptos
2902 447 3100 504 inferre
3129 447 3387 502 monebat

1993 544 2348 617 403404
2368 543 2622 610 Pectora;
2652 555 2709 600 et
2739 546 2851 615 ipse
2881 545 2993 598 suis
3037 541 3268 596 addebat
3308 557 3436 610 pon-

1882 697 1889 704 .
2885 635 3048 707 [dera
3077 633 3258 687 verbis
3288 632 3327 697 ⁸,

1891 727 1959 782 50
1995 727 2285 784 Confessor
2306 745 2526 800 passus,
2555 743 2673 797 qua:
2701 726 3047 798 perpetienda
3068 725 3328 790 docebat;

1995 817 2255 875 Omnibus
2281 820 2496 889 eloquio
2524 819 2681 873 simul
2711 818 3066 887 exemploque
3092 816 3363 882 magister.

2075 908 2190 964 Non
2237 909 2359 964 tulit
2401 909 2517 964 haec
2553 908 2722 962 Malus
2747 909 2836 962 ille
2861 907 2952 961 diu
2994 905 3132 961 :sed
3176 903 3435 959 inhorruit

3167 997 3184 1066 [
3202 997 3334 1051 atris

2000 1087 2270 1154 Crinibus,
2294 1097 2349 1144 et
2372 1090 2441 1160 (e)
2464 1088 2664 1145 rabidis
2694 1087 2895 1144 inflavit
2913 1088 3049 1143 colla
3081 1087 3332 1151 venenis;

2000 1178 2328 1248 lmmisitque
2357 1196 2510 1235 suum
2541 1181 2802 1234 scelerata
2830 1180 2881 1232 in
2910 1188 3130 1248 pectora
3160 1179 3304 1232 virus
3325 1215 3340 1241 ,

1897 1267 1965 1322 5'3
2007 1267 2199 1323 Ureret
2222 1277 2279 1323 ut
2304 1269 2484 1338 nigras
2512 1269 2704 1346 Felicis
2731 1269 2900 1336 gratia
2925 1276 3152 1322 mentes.

2000 1360 2230 1415 Inseruit
2247 1361 2493 1415 stimulos
2510 1400 2526 1426 ,
2548 1369 2602 1415 et
2622 1359 2888 1414 mentibus
2915 1359 3046 1412 arsit
3069 1358 3265 1427 iniquis

2003 1451 2244 1521 Viperea:
2265 1451 2333 1523 (f)
2356 1451 2505 1506 furor
2525 1449 2765 1516 invidias;
2795 1449 2931 1520 petit
2967 1447 3211 1518 improba
3237 1447 3310 1518 (g)
3333 1446 3434 1517 pri«

3159 1538 3332 1611 [mam

2001 1627 2084 1683 Ira
2123 1629 2375 1695 domum;
2406 1630 2616 1684 cunctis
2642 1645 2795 1684 amor
2823 1629 3014 1700 impius
3056 1630 3109 1683 in
3139 1628 3315 1683 scelus
3354 1642 3433 1681 ar.

3188 1719 3332 1792 [det.

2004 1810 2238 1866 Felicem
2266 1811 2381 1866 sitit
2422 1811 2672 1880 impietas
2697 1829 2710 1865 :
2741 1812 2835 1867 sed
2857 1812 2925 1866 ab
2951 1811 3154 1866 :edihus
3181 1811 3375 1864 absens

1893 1902 1962 1957 60
2000 1902 2162 1959 Forte
2181 1903 2315 1960 suis“
2328 1902 2503 1959 media
2527 1910 2753 1959 steterat
2771 1902 3075 1960 securusiu.
3095 1901 3228 1958 urbe
3247 1942 3264 1971 ,

2000 1996 2272 2053 Fraternis
2299 1998 2366 2054 de
2395 2015 2546 2054 more
2576 2016 2673 2054 suo
2702 2001 2928 2054 vallatus
2955 1999 3162 2066 amicis,

2000 2087 2067 2142 Et
2096 2089 2181 2158 pia
2211 2088 2376 2143 verba
2421 2104 2608 2144 serens
2653 2090 2836 2160 populi
2883 2089 3152 2145 credentis
3180 2088 3234 2142 in
3263 2102 3436 2142 aures.

2000 2177 2140 2233 Ecce
2162 2177 2228 2232 ad
2251 2194 2395 2242 eum,
2422 2179 2624 2234 strictis
2645 2190 2946 2248 quaerentes
2963 2179 3200 2243 ensibus,
3228 2176 3436 2232 adsunt.

1996 2265 2131 2323 Cum
2169 2268 2349 2324 subito
2373 2309 2387 2335 ,
2418 2280 2514 2323 aut
2545 2269 2651 2324 illis
2687 2268 2851 2325 corda
2883 2269 3124 2325 hostibus
3143 2309 3158 2334 ,
3189 2277 3282 2323 aut
3318 2267 3437 2323 huic

3209 2360 3228 2431 [
3245 2373 3338 2413 ora

1895 2451 1964 2506 65
2003 2452 2322 2520 Vertuntur,
2349 2461 2535 2508 notum
2569 2470 2674 2508 non
2705 2468 2973 2522 agnovere
2995 2451 3259 2513 furentes,

1998 2541 2338 2611 Felicemque
2363 2552 2573 2612 rogant,
2608 2542 2758 2597 Felix
2785 2543 2874 2596 ubi
2900 2543 3157 2607 cernitur,
3187 2548 3242 2594 et
3264 2555 3370 2593 non

2002 2634 2286 2699 Cernitur;
2317 2634 2448 2704 ipse,
2481 2649 2579 2688 nec
2609 2634 2722 2703 ipse
2753 2633 2834 2686 vir
2861 2642 2974 2696 est;
3005 2647 3125 2685 cum
3153 2631 3223 2685 sit
3251 2644 3436 2700 prope,

3012 2724 3203 2796 [longe
3229 2731 3331 2778 est.

1999 2817 2214 2885 Ignotus
2237 2824 2506 2885 notusque
2527 2816 2638 2871 suis
2667 2815 2724 2870 ﬁt
2754 2815 2956 2870 civibus
2987 2815 3145 2882 idem,

2006 2908 2354 2963 Discernente
2384 2906 2486 2962 ﬁde
2502 2909 2708 2962 vultum
2735 2907 3094 2972 credentibus,
3126 2907 3239 2977 ipse

1896 2999 1964 3052 ’70
2001 2997 2255 3051 Hostibus
2286 2997 2423 3051 alter
2445 3005 2561 3052 erat
2594 3015 2605 3050 :
2641 2997 2907 3067 persensit
2929 2999 2950 3028 ⁵
2975 3005 3031 3051 et
3067 2997 3180 3066 ipse
3209 2995 3438 3051 faventis

2001 3088 2294 3144 Consilium
2322 3088 2522 3143 Christi
2549 3106 2562 3155 ;
2611 3089 2897 3157 ridensque
2937 3089 3250 3156 rogantibus
3279 3085 3394 3140 inﬁt
3426 3101 3440 3140 τ

2005 3178 2196 3232 Nescio
2228 3177 2461 3233 Felicem
2489 3193 2646 3247 quem
2677 3179 2936 3248 quaeritis.
2969 3178 3137 3234 lllicet
3166 3179 3240 3233 illi

2010 3270 2336 3325 Praetereunt
2365 3272 2571 3342 ipsum;
2603 3271 2832 3325 discedit
2857 3279 2913 3324 at
2935 3270 3024 3325 ille
3049 3270 3227 3340 platea
3248 3311 3264 3336 ,

2003 3363 2262 3418 llludente
2291 3364 2310 3394 ⁸
2339 3379 2500 3417 canes
2530 3363 2756 3416 Domino
2789 3361 3076 3416 frustratus
3105 3362 3334 3415 hiantes.

1901 3454 1970 3510 75
2004 3456 2112 3512 Nec
2141 3457 2356 3524 longum
2383 3456 2616 3510 emensis
2635 3456 2887 3524 spatium,
2911 3463 2964 3509 et
2992 3453 3441 3520 seitautibusillis,

2010 3548 2123 3613 Qua
2153 3547 2301 3601 Felix
2323 3547 2544 3615 regione
2569 3546 2727 3614 foret,
2750 3547 2967 3616 quidam
2996 3547 3255 3616 increpat,
3278 3553 3333 3600 et
3352 3545 3443 3600 dat

2004 3636 2281 3702 Iudicium,
2317 3637 2535 3706 ignarus
2562 3652 2768 3703 causte,
2800 3637 3133 3708 credensque
3163 3637 3343 3691 furore

1996 3729 2329 3794 Dementes,
2361 3719 2455 3797 qui
2497 3744 2602 3783 non
2631 3729 2892 3784 vidissent
2912 3729 3210 3784 comminus
3241 3728 3442 3798 ipsum,

2008 3819 2086 3873 Ad
2108 3835 2264 3888 quem
2295 3821 2565 3890 contiguis
2585 3820 2836 3878 fecissent
2855 3822 3017 3877 verba
3048 3821 3276 3890 loquelis
3301 3823 3341 3874 '.

1905 3910 1974 3964 80
2017 3909 2251 3965 Perculsi
2275 3912 2512 3966 novitate
2541 3912 2669 3977 doli,
2697 3913 3020 3982 graviusque
3048 3912 3286 3967 furentes

2011 3999 2136 4053 Mox
2157 3999 2422 4064 redeunt,
2451 4017 2656 4070 perque
2686 4002 2797 4072 ipsa
2828 4003 2928 4056 viri
2959 4004 3177 4071 vestigia
3208 4010 3444 4057 currunt.

2009 4088 2234 4158 Jamque
2257 4090 2818 4160 propinquabant,sed
2841 4091 3448 4160 praecurrentetumultu

2009 4177 2168 4236 Urbis
2186 4221 2200 4244 ,
2225 4188 2281 4234 ct
2310 4181 2522 4236 attoniti
2546 4181 2874 4236 clamoribus
2902 4181 3134 4250 undique
3165 4182 3305 4251 vulgi

2011 4271 2326 4326 Admonitus
2347 4270 2496 4326 Felix
2515 4313 2528 4336 ,
2559 4271 2810 4325 instantia
2841 4272 3061 4326 vulnera
3089 4273 3228 4327 ﬂexu

1903 4360 1972 4416 85
2009 4361 2271 4427 Declinat,
2301 4360 2587 4431 medioque
2616 4363 2803 4432 procul
2819 4378 2878 4418 se
2901 4363 3088 4420 devius
3110 4365 3300 4418 aufert.

2009 4454 2248 4523 Namque
2279 4454 2353 4526 (Ii)
2377 4454 2550 4508 locum
2583 4461 2828 4522 nanctus,
2861 4455 3036 4525 spatio
3065 4457 3156 4524 qui
3183 4454 3322 4510 forte
3347 4471 3444 4525 pa-

3178 4547 3343 4620 [tenti

2014 4636 2277 4693 Panditur
2296 4635 2574 4706 effugium,
2601 4638 2796 4693 celebri
2819 4638 3069 4694 seductus
3094 4639 3160 4694 ab
3191 4638 3342 4701 urbe,

2017 4729 2106 4786 Sic
2134 4746 2350 4800 quoque
2371 4746 2476 4784 non
2500 4729 2818 4799 longinquus
2845 4738 2962 4782 erat
2981 4729 3280 4784 sectoribus
3299 4728 3449 4795 atris,

2016 4819 2114 4886 Qui
2154 4837 2324 4891 prope
2358 4821 2652 4890 conspicuo
2678 4819 2968 4875 subductus
3005 4820 3072 4874 ab
3099 4835 3194 4874 ore
3223 4835 3450 4887 sequen-

3171 4909 3342 4981 [ωηι.

1911 5001 1980 5054 90
2017 4999 2246 5055 Infestos
2269 5011 2555 5070 utcumque
2586 5001 2781 5056 timens
2809 5000 3066 5056 vitaverat
3090 5014 3282 5064 enses;

1941 5111 2027 5251 ἔα)
2056 5111 2154 5167 Ms.
2181 5112 2202 5164 I
2231 5110 2440 5181 Germ.,
2466 5115 2600 5182 pius.

1962 5181 2008 5249 ε)
2039 5180 2128 5236 Sic
2184 5181 2590 5238 emendavimus
2643 5197 2711 5237 ex
2751 5183 2958 5238 duobus
2986 5197 3116 5237 mss.
3171 5178 3342 5234 codici

1941 5178 2008 5251 (ε)
2039 5180 2128 5236 Sic
2184 5178 2590 5238 emendavimus
2643 5197 2711 5237 ex
2751 5183 2958 5238 duobus
2986 5197 3116 5237 mss.
3171 5178 3451 5234 codicibus

1866 5247 2070 5315 Cerm.,
2096 5251 2487 5319 refragantibus
2507 5253 2686 5318 editis,
2723 5253 2779 5306 in
2816 5253 3011 5319 quibus
3054 5251 3306 5304 mendose
3336 5265 3446 5300 om-

1867 5320 1994 5390 nino
2022 5320 2212 5386 legitur
2253 5321 2471 5390 rapidis.
2513 5321 2648 5377 Vide
2697 5337 2750 5376 v.
2785 5319 2916 5387 199,
2950 5319 3132 5374 rabida
3172 5325 3438 5380 monstra,

1866 5397 1922 5443 ct
1950 5389 2098 5456 alibi,
2129 5389 2324 5444 rabidis
2355 5392 2640 5445 lictoribus.

1961 5459 2006 5529 f)
2047 5459 2147 5512 Ms.
2181 5476 2318 5514 unus
2346 5460 2512 5515 codex
2535 5459 2740 5523 Germ.,
2783 5461 3044 5529 γᾶμεν-ειη.

1961 5524 2014 5597 ᾖ)
2070 5529 2146 5582 Ita
2195 5529 2316 5584 edd.
2378 5545 2492 5582 sex.
2555 5529 2684 5583 Tres
2735 5529 2786 5582 in
2837 5524 3183 5596 margg.cum
3233 5524 3447 5597 mss.72

1868 5596 2074 5664 (ierim,
2129 5600 2376 5667 primum:
2428 5599 2532 5653 Sed
2578 5599 2790 5668 poetica
2841 5601 3008 5667 magis
3038 5598 3246 5666 vulgata
3277 5596 3439 5650 lectio

1868 5682 2029 5735 quam
2059 5669 2370 5723 retinemus.

1939 5737 2013 5804 (Ii)
2047 5736 2169 5791 Mss.
2203 5737 2309 5790 duo
2344 5738 2552 5791 codices
2573 5736 2785 5807 Cerm.,
2821 5736 2862 5788 Ε
2889 5737 3053 5807 spatio
3079 5776 3092 5801 ,
3125 5746 3438 5807 numinisque

1867 5804 2034 5858 locum
2057 5808 2142 5874 qui
2165 5809 2298 5877 forte
2319 5808 2542 5876 parenti.
2569 5806 2701 5862 Tres
2715 5807 2838 5863 cdd.
2871 5804 2923 5862 in
2953 5822 3178 5876 margg.,
3212 5804 3462 5873 paveaiti.‘
