4008 6346
506 315 609 375 170
1442 321 1498 377 S.
1541 317 1812 376 PAULINI
1848 313 2097 373 NOLANI
2134 311 2436 373 EPISCOPI
2477 309 2818 373 POEHATA.

2102 432 2154 488 A

644 432 713 486 Et
733 432 1019 503 capiendus
1047 439 1185 499 erat,
1213 432 1338 501 quia
1359 429 1552 488 nullius
1575 433 1729 487 obice
1751 429 2002 495 claustri,

647 524 742 578 Ille
769 523 1083 593 repellendis
1109 524 1258 576 locus
1285 523 1580 582 obsistebat
1617 523 1830 592 iniquis.

648 615 779 668 Nam
803 617 826 646 "
853 615 1057 669 foribus
1079 615 1257 678 nullis,
1291 614 1343 667 in
1377 615 1586 683 publica
1618 623 1792 668 rostra
1818 616 1838 647 ’
1866 613 2083 682 patebat

649 704 898 759 Semiruti
921 706 1098 775 paries
1118 705 1396 759 malefidus
1429 704 1688 773 fragmine
1709 704 1868 757 muri.

545 795 614 848 95
649 796 752 850 Sed
775 798 952 851 divina
983 813 1178 852 manus
1198 812 1320 851 sese
1341 805 1585 850 sanctum
1617 796 1757 850 inter
1784 803 1841 848 et
1866 795 2049 848 hostes

652 885 932 955 Opposuit,
956 889 1198 960 miroque
1229 887 1402 941 locum
1432 885 1722 961 munimine
1755 885 1941 953 sepsit.

652 976 768 1030 Non
800 985 948 1031 strue
977 992 1264 1041 saxorum,
1294 991 1469 1044 neque
1496 975 1709 1029 ferratis
1732 974 1854 1028 data
1883 973 2052 1026 valvis

654 1067 897 1122 Claustra
921 1107 935 1132 ,
965 1081 1061 1136 per
1088 1066 1349 1119 humanas
1394 1065 1588 1133 quibus
1615 1063 1750 1116 atria
1791 1061 2087 1116 claudimus

1760 1151 1936 1224 [artes
1965 1169 1976 1203 ε

656 1248 870 1302 [indere
913 1248 1006 1302 sed
1035 1247 1213 1301 subito
1241 1245 1513 1302 concrevit
1547 1243 1796 1299 sordidus
1829 1244 1868 1273 '°
1897 1256 2086 1310 agger,

517 1339 615 1393 I00
651 1339 914 1406 Jussaque
938 1345 1186 1390 nutantes
1215 1335 1444 1389 intendit
1467 1349 1665 1388 aranea
1699 1333 1854 1398 telas,

651 1428 719 1481 Et
747 1427 950 1482 sinibus
973 1425 1298 1497 tremulis(a)
1319 1425 1371 1478 in
1403 1433 1574 1477 totum
1603 1423 1801 1477 struxit
1827 1429 2090 1490 apertum,

650 1518 986 1585 Desert-aeque
1017 1515 1162 1570 dedit
1187 1512 1378 1568 faciem
1407 1514 1626 1568 sordere
1650 1512 1840 1566 ruinae.

721 1605 1115 1678 405-’406
1161 1601 1290 1668 Quae
1327 1603 1484 1657 simul
1525 1603 1762 1656 occurrit
1807 1601 2096 1656 minitanti.

1337 1694 1480 1766 [bus,
1510 1692 1903 1762 obstupuerunt
1927 1693 1987 1756 υ,

657 1787 950 1856 Deﬁxoque
975 1785 1162 1852 gradu,
1193 1784 1265 1856 (b)
1289 1784 1503 1838 sibimet
1529 1781 1716 1836 dixere
1747 1781 1977 1835 vicissim
2003 1798 2016 1832 :

521 1878 621 1934 105
657 1880 846 1934 Nonne
877 1878 1025 1932 furor
1055 1884 1262 1930 tentare
1306 1873 1481 1928 aditus
1503 1913 1518 1938 ,
1550 1881 1643 1926 aut
1669 1870 1889 1926 credere
1913 1884 2097 1940 quem-

1795 1961 1992 2034 [quam

654 2057 767 2113 Hac
790 2057 1016 2110 intrasse
1045 2053 1338 2120 hominem,
1369 2052 1575 2106 minimi
1602 2066 1705 2120 qua
1735 2051 1885 2119 signa
1921 2049 2098 2105 dedis-

1827 2142 1989 2214 [sent

661 2236 990 2291 Vermiculi?
1020 2235 1241 2290 modicae
1262 2242 1515 2304 rumpunt
1537 2233 1652 2288 haec
1675 2235 1812 2286 retia
1841 2245 2057 2293 muscae,

658 2327 766 2383 Nos
795 2336 1107 2396 penetrasse
1154 2327 1328 2380 virum
1378 2324 1448 2397 (c)
1484 2340 1584 2394 per
1632 2324 1814 2378 clausa
1850 2330 2100 2392 putamus

1773 2415 1793 2486 [
1805 2414 1988 2483 inepti,

659 2510 726 2564 Et
756 2519 998 2566 tenerum
1030 2518 1179 2564 tanto
1216 2524 1323 2563 non
1349 2516 1569 2577 ruptum
1599 2521 1831 2576 corpore
1861 2503 2098 2558 textum?

524 2602 622 2656 110
660 2601 750 2657 Ille
778 2603 948 2671 magis
979 2602 1176 2656 nostris
1203 2600 1450 2654 manibus
1479 2599 1640 2653 modo
1669 2597 1881 2651 debitus
1905 2593 2062 2650 index
2080 2633 2096 2658 ,

658 2693 758 2760 Qui
783 2709 881 2748 nos
909 2695 962 2746 in
983 2691 1194 2746 deserta
1226 2690 1415 2745 doloso
1442 2689 1668 2744 callidus
1697 2697 1816 2742 astu

659 2783 890 2850 Induxit,
919 2797 1238 2849 versumque
1261 2780 1388 2845 alio,
1418 2779 1675 2834 mentitus
1704 2778 1756 2832 in
1785 2777 1888 2832 isto

664 2874 892 2928 Felicem
922 2874 1136 2928 latitare
1161 2873 1297 2936 situ,.
1318 2885 1426 2939 quo
1456 2877 1645 2924 nostra.
1669 2868 1902 2936 maligno

667 2966 912 3020 Verteret
938 2980 1084 3019 arma
1110 2963 1236 3017 dolo
1258 3001 1276 3026 ,
1303 2962 1466 3031 capiti
1495 2960 1744 3028 fugientis
1771 2959 1991 3014 amicus.

529 3057 629 3110 115
665 3055 805 3122 Ergo
834 3055 1147 3110 recedamus
1177 3072 1189 3105 :
1218 3068 1343 3119 nam
1370 3062 1516 3106 stare
1543 3050 1742 3105 diutius
1767 3049 1886 3104 istic
1907 3089 1923 3116 ,

667 3150 828 3204 Risus
850 3149 953 3202 erit
976 3148 1142 3215 vulgi,
1173 3147 1502 3214 demensque
1532 3144 1809 3199 notabitur
1833 3159 2005 3208 error,

665 3240 973 3296 Scrutatum
1029 3240 1069 3268 "
1098 3239 1200 3293 hac
1239 3236 1471 3292 hominis
1506 3235 1738 3289 latebras
1780 3234 2105 3289 contendere

1699 3323 1719 3395 [
1733 3337 1973 3391 gressum
1983 3362 1998 3387 ,

665 3421 780 3487 Qua
810 3419 892 3474 vel
921 3418 1064 3473 mole
1091 3417 1265 3488 putri,
1293 3415 1380 3470 vel
1401 3411 1670 3470 araneolis
1694 3413 1960 3478 obductis,

664 3512 926 3566 Monstrat
955 3511 1257 3566 inaccessos
1289 3509 1483 3562 humus
1511 3507 1773 3562 incalcata
1801 3519 2067 3560 recessus.

533 3603 629 3656 120
666 3603 774 3658 Nec
828 3617 1002 3668 mora,
1051 3599 1335 3656 discedunt
1385 3613 1615 3669 propere
1664 3597 1721 3652 in
1764 3597 1976 3651 diversa
2001 3594 2108 3650 fre-

1710 3690 1951 3762 [mentes
1985 3706 1997 3740 :

666 3787 774 3840 Sed
803 3786 964 3853 Deus,
991 3794 1051 3840 nt
1077 3784 1356 3854 Scriptura
1385 3784 1530 3839 canit
1554 3792 1600 3848 ⁸,
1620 3797 1816 3838 vesana
1842 3781 2109 3836 minantes

667 3874 930 3928 lrridebat
954 3891 1050 3929 eos
1083 3875 1288 3930 caalesti
1317 3874 1562 3929 Christus
1590 3874 1657 3928 ab
1688 3889 1850 3940 arce;

666 3966 1005 4034 Felicemque
1028 3982 1182 4021 suum
1211 3968 1378 4022 sacris
1407 3967 1676 4022 velaverat
1703 3967 1822 4022 alis.

668 4057 768 4124 Qui
797 4057 1009 4112 Domini
1034 4065 1184 4112 tutus
1214 4057 1420 4124 gremio
1446 4055 1728 4111 candentia
1750 4057 1855 4110 tela
1944 4054 1956 4060 ’

535 4150 634 4207 125
673 4151 998 4205 Discutiebat
1019 4166 1186 4204 ovans
1207 4150 1378 4218 galea,
1403 4159 1666 4219 scutoque
1695 4148 1720 4187 δ
1752 4147 1896 4213 fidei,

668 4242 734 4296 Et
762 4241 994 4310 gladium
1023 4241 1172 4294 verbi
1219 4240 1494 4294 confessor
1519 4241 1575 4293 in
1605 4255 1700 4293 ore
1729 4238 1968 4307 gerebat.

671 4332 919 4385 Armatus
941 4333 1143 4400 pietate
1170 4346 1381 4398 manus,
1412 4338 1468 4384 et
1497 4340 1718 4399 pectora
1745 4329 1936 4398 plenus

672 4421 828 4476 Casta
861 4422 968 4475 Deo
989 4463 1005 4488 ,
1031 4421 1254 4487 insignis
1284 4420 1459 4472 meriti
1491 4421 1712 4473 thorace
1735 4419 1967 4485 tegebat.

745 4511 788 4566 0
809 4512 990 4565 multis
1015 4511 1193 4574 divina
1223 4509 1400 4564 modis
1427 4508 1702 4578 Sapientia
1733 4507 1908 4573 dives,

539 4603 636 4656 150
673 4602 898 4672 Semper
925 4601 993 4655 ab
1021 4599 1244 4654 infirmis
1271 4597 1603 4654 confundens
1634 4595 1794 4651 fortia
1821 4597 2034 4653 mundi!

675 4696 774 4749 Vix
797 4694 1024 4763 populos
1053 4692 1176 4746 altis
1195 4690 1485 4746 defendunt
1511 4690 1708 4744 mcenia
1726 4691 1915 4760 muris,

677 4787 742 4839 Et
761 4785 924 4840 fretos
949 4783 1126 4838 valido
1155 4783 1450 4837 munimine
1487 4783 1680 4852 saepius
1701 4785 1871 4839 hostis

672 4878 956 4946 Opprimit,
979 4876 1324 4944 adversisque
1349 4883 1618 4944 expugnat
1641 4877 1910 4932 montibus
1932 4877 2106 4933 urbes.

679 4970 829 5024 Nunc
857 4979 912 5024 et
932 4969 1000 5023 ah
1029 4969 1250 5024 armatis
1277 4969 1512 5038 protexit
1539 4983 1734 5023 aranea
1763 4977 2006 5024 sanctum

535 5061 640 5117 155
680 5059 1000 5115 Defensante
1023 5059 1167 5125 Deo;
1197 5061 1394 5114 teneris
1420 5061 1568 5124 stetit
1594 5061 1766 5116 hostis
1790 5061 2009 5116 abactus

675 5151 962 5218 cassibus;
993 5151 1141 5206 aerio
1169 5153 1328 5208 cessit
1347 5152 1427 5207 vis
1447 5151 1619 5206 ferrea
1649 5149 1759 5206 ﬁlo.

607 5274 630 5302 ⁸
656 5261 795 5319 Psal.
828 5282 882 5330 ιι,
919 5266 940 5319 1
974 5272 1028 5319 et
1056 5267 1108 5318 4.

607 5333 634 5373 ι’
676 5336 806 5391 Vide
838 5344 950 5390 not.
983 5335 1106 5390 554.

613 5417 634 5442 ο
665 5405 802 5462 Psal.
832 5424 960 5472 xm,
983 5406 1045 5467 ,4.

609 5473 635 5514 ⁸
663 5476 782 5530 Vid.
813 5486 926 5532 not.
959 5475 1082 5529 242.

614 5557 635 5617 εξ
661 5545 827 5617 ld_est
854 5563 1033 5617 prope:
1053 5546 1362 5615 Videcarm.
1386 5546 1475 5613 ει,
1499 5563 1556 5617 _v.
1576 5545 1702 5608 305;
1729 5555 1784 5599 et
1798 5546 1885 5614 22,
1910 5564 1960 5601 v.
1986 5549 2104 5603 118.

614 5615 688 5684 (a)
714 5614 834 5669 Mss.
855 5614 972 5669 duo
995 5614 1200 5678 Germ..
1231 5618 1469 5670 intutum.
1499 5615 1642 5668 Bona
1671 5625 1894 5684 utraque
1929 5617 2105 5672 lectio.

615 5683 687 5759 _(b)
721 5684 874 5759 Edd.,
897 5686 1144 5759 simul-et.
1173 5686 1248 5739 Ex
1274 5686 1480 5759 duobus
1503 5683 1932 5759 IIISS.UCOJiCIDUS
1960 5704 2110 5759 repo-

545 5754 745 5809 suimus
771 5755 988 5820 sibimet,
1019 5754 1071 5809 id
1109 5765 1217 5822 est,
1247 5756 1341 5811 sibi
1365 5757 1576 5809 invicem
1605 5755 1800 5810 dixere.

3657 319 3778 380 £30

2393 428 2542 484 Vana
2571 429 2714 483 salus
2742 427 3016 482 hominum
3039 469 3053 494 ,
3079 432 3248 484 Virtus
3294 442 3414 485 mea
3471 448 3575 487 non
3627 438 3779 492 mihi

3444 524 3655 594 [‘viI'tus,

2325 608 2380 662 Si
2405 624 2619 663 caream
2640 610 2843 663 virtute
2875 607 2990 664 Dei.
3021 608 3137 676 Quo
3164 621 3311 665 vasta
3343 613 3616 680 gigantum

2327 699 2578 754 Robora?
2607 714 2714 770 quo
2742 699 2923 754 Pharii
2968 704 3165 771 rcges?
3206 703 3292 756 ubi
3324 719 3514 770 magna
3539 704 3614 776 (ά)
3640 705 3782 761 Hie-

3454 793 3624 865 [ricus
3635 799 3663 849 ἲ

2190 877 2288 930 HO
2325 875 2579 935 Omnibus
2607 879 2774 934 exitio
2799 895 2894 934 sua
2917 879 3108 949 gloria,
3143 897 3247 951 qua
3278 889 3626 949 tumuerunt,

2328 968 2490 1022 Cassa
2520 967 2634 1021 fuit.
2674 968 2856 1038 Neque
2878 986 3006 1024 vero
3035 971 3145 1026 suis
3171 972 3459 1026 virtutibus
3489 974 3589 1028 ista
3608 1013 3625 1039 ,

2329 1056 2432 1113 Sed
2456 1061 2624 1128 magis
2651 1060 2870 1115 inﬁrmis
2899 1062 3074 1116 divina
3101 1065 3340 1132 potentia
3371 1065 3548 1135 fregit.

2330 1149 2420 1203 Ille
2447 1151 2596 1218 gigas
2628 1151 2669 1182 ⁸³
2699 1152 2848 1218 pueri
2879 1151 3040 1205 funda
3071 1155 3306 1221 pastoris
3332 1155 3521 1218 obivit,

2337 1238 2404 1293 Ut
2433 1240 2615 1304 canis;
2645 1239 2786 1292 illam
2817 1243 3001 1294 urbem
3027 1244 3235 1297 sonitus
3262 1245 3470 1299 solvere
3495 1245 3779 1314 tubarum;

2197 1326 2308 1381 H5
2345 1326 2582 1382 Littorea
2603 1328 2770 1397 jacuit
2803 1345 2899 1382 rex
2926 1331 3015 1385 ille
3042 1333 3304 1400 superbus
3327 1348 3489 1388 arena
3509 1377 3530 1400 ,

2335 1417 2557 1474 Divitias
2585 1420 2734 1485 regni
2758 1421 2996 1488 pendens
3030 1423 3088 1475 in
3113 1421 3299 1478 funere
3321 1425 3489 1481 nudo.

2337 1510 2425 1564 Sic
2447 1511 2535 1564 ubi
2571 1509 2813 1564 Christus
2841 1511 2992 1565 adest
3020 1513 3194 1578 nob's,
3229 1522 3283 1568 et
3320 1530 3515 1570 aranea
3549 1517 3619 1588 (ε)
3651 1534 3779 1571 mu-

3423 1607 3506 1679 [ro
3535 1595 3619 1662 est
3655 1627 3668 1660 :

2338 1691 2405 1745 At
2431 1693 2515 1747 cui
2543 1694 2786 1749 Christus
2801 1695 2970 1760 abest,
3003 1705 3058 1751 et
3085 1712 3268 1751 murus
3295 1713 3491 1752 aranea
3517 1697 3630 1752 ﬁet.

2414 1783 2676 1850 Digressis
2703 1785 2862 1852 igitur
2888 1801 3007 1840 cum
3033 1786 3169 1841 facta
3195 1786 3407 1840 silentia
3436 1787 3635 1853 turbis,

2202 1872 2302 1927 150
2337 1873 2820 1943 δθοτθιοίιυθιυεω
2847 1875 2979 1930 fidas
3007 1892 3118 1932 nox“
3143 1878 3254 1930 alta
3281 1877 3534 1932 tenebras

2339 1963 2591 2033 Praebuit,
2623 1951 2891 2034 egreditur
2915 1965 3087 2031 Felix,
3117 1976 3394 2036 mutatque
3419 1968 3713 2024 latebram:

2340 2053 2434 2111 llla
2461 2057 2503 2088 "‘
2526 2071 2725 2112 canens
2745 2057 3000 2112 Domino:
3031 2057 3201 2112 Media
3222 2059 3267 2112 si
3297 2058 3485 2112 mortis
3513 2058 3565 2112 in
3594 2060 3781 2118 umbra

2341 2148 2642 2218 Ingrediar,
2674 2149 2814 2208 mala
2841 2165 2947 2206 non
2970 2159 3200 2204 metuam
3218 2190 3233 2216 ,
3260 2151 3513 2219 quoniam
3545 2160 3637 2204 tua
3666 2167 3782 2208 me-

2395 2261 2398 2264 ’
3518 2240 3678 2313 [cum

2344 2329 2564 2396 Dextra,
2592 2347 2690 2402 per
2715 2331 2977 2388 infernum
3007 2349 3114 2388 non
3142 2332 3581 2402 expers‘luminis
3610 2333 3704 2388 ibo
3738 2343 3784 2387 ε.

2413 2421 2554 2490 Ergo
2579 2422 2644 2493 (Γ)
2676 2422 2770 2476 Dei
2801 2421 2960 2477 ductu
2985 2423 3128 2492 capit
3168 2422 3221 2476 in
3252 2423 3474 2490 regione
3500 2431 3716 2477 remota

2342 2510 2736 2581 Compluvium,
2773 2521 2998 2580 angusto
3010 2512 3191 2566 brevia
3214 2512 3355 2566 inter
3373 2519 3516 2566 tecta
3547 2509 3573 2548 ἀ
3598 2511 3784 2576 cubili,

2379 2604 2496 2670 Quo
2519 2610 2674 2659 vetus
2706 2603 2894 2658 arebat
2921 2611 3065 2658 tecto
3088 2604 3322 2657 cisterna
3347 2601 3641 2673 profundo.

2421 2693 2649 2764 Propter
2679 2703 2702 2732 ε
2745 2694 2797 2747 in
2827 2693 3044 2761 attiguis
3069 2692 3342 2747 habitabat
3365 2692 3562 2748 femina
3589 2693 3777 2761 tignis.

2345 2787 2502 2859 [‘07
2525 2816 2592 2828 —
2615 2786 2779 2858 5.08
2805 2784 3000 2840 Sancta
3025 2782 3136 2841 Deo
3171 2783 3381 2850 mulier,
3417 2799 3539 2855 quae
3570 2784 3786 2840 confes-

3337 2876 3495 2949 [soris
3514 2877 3692 2944 Operti

2207 2972 2309 3028 160
2345 2969 2555 3035 Nescia,
2584 2967 2815 3024 Felicem
2839 2966 3055 3023 Christo
3083 2967 3235 3038 quasi
3264 2967 3479 3022 conscia
3506 2967 3679 3037 pavit.

2351 3060 2483 3116 Mira
2511 3075 2720 3128 canam,
2751 3059 3020 3129 ingenium
3058 3058 3267 3114 Domini
3307 3058 3575 3128 pascentis
3613 3058 3786 3112 alum-

3540 3149 3719 3223 [num,

2346 3243 2533 3314 Ignara
2561 3251 2816 3315 pascente
2841 3256 3012 3298 suum.
3038 3240 3188 3298 Nunc
3213 3241 3398 3298 sedula
3425 3255 3613 3310 panes,

2347 3335 2500 3390 Nunc
2527 3335 2659 3390 alias
2682 3335 2749 3390 de
2775 3349 2944 3398 more,
2976 3333 3075 3388 sibi
3101 3348 3235 3402 quas
3259 3339 3479 3388 coxerat
3505 3344 3682 3392 escas,

2350 3424 2543 3480 Mentis
2571 3425 2625 3479 in
2654 3439 2877 3480 excessu
2903 3423 3083 3478 divino
3112 3421 3248 3478 facta
3277 3429 3469 3493 paratu

2209 3514 2313 3570 165
2347 3515 2678 3585 Importabat
2704 3530 2790 3580 eo,
2815 3513 2965 3568 Felix
2993 3513 3082 3567 ubi
3111 3519 3248 3567 teste
3275 3513 3474 3566 latebat

2350 3603 2568 3661 Velatus
2595 3605 2857 3672 Domino;
2880 3603 2972 3660 sed
2995 3619 3094 3659 nec
3113 3619 3233 3658 cum
3257 3603 3502 3658 tenderet
3523 3604 3613 3659 illo
3642 3606 3698 3637 "

2352 3699 2588 3754 Noverat
2611 3697 2939 3766 ingressum;
2963 3711 3063 3750 nec
3085 3711 3203 3752 cum
3223 3694 3299 3766 (g)
3315 3693 3618 3750 discederet
3641 3695 3795 3760 inde,

2351 3790 2609 3844 lntroitus
2633 3798 2749 3843 erat
2778 3789 2867 3843 illa
2895 3788 2975 3842 sui
3005 3802 3250 3842 memor:
3276 3794 3438 3855 utque
3466 3795 3691 3856 paratos

2352 3881 2611 3936 Intulerat
2634 3880 2831 3944 victus,
2862 3877 3094 3948 propriis
3121 3876 3246 3931 licet
3274 3876 3361 3930 illa
3392 3876 3618 3932 cibando

2212 3976 2313 4030 170
2351 3975 2587 4030 Serviret
2616 3971 2861 4026 manibus
2887 3978 3094 4034 sancto,
3129 3978 3304 4024 tamen
3331 3969 3497 4024 inscia
3523 3971 3664 4024 tanti

2348 4062 2602 4124 Muneris,
2626 4061 2731 4114 hoc
2754 4060 2796 4090 ¹⁶
2816 4057 2882 4112 de
2902 4057 3065 4113 corde
3090 4073 3188 4112 suo
3211 4059 3422 4113 novisse
3443 4059 3727 4128 nequibat,

2352 4150 2505 4218 Quod
2537 4167 2640 4205 non
2670 4159 2849 4204 mente
2869 4164 2985 4215 sua,
3009 4149 3103 4204 sed
3123 4149 3318 4204 Christi
3340 4149 3554 4203 numine
3576 4149 3793 4217 agebat,

2355 4245 2567 4314 Proque
2597 4245 2715 4299 loco
2745 4243 2983 4308 latebrae,
3016 4250 3071 4297 et
3104 4242 3300 4297 strictae
3323 4243 3364 4272 "
3386 4256 3547 4311 super
3575 4257 3674 4296 ora
3718 4243 3794 4295 la-

3523 4332 3724 4404 [cunm,

2204 2420 2308 2474 155

2357 4427 2645 4497 Appositos
2670 4427 2909 4494 ingressa
2940 4424 3088 4480 cibos
3110 4423 3402 4492 linquebat,
3435 4437 3636 4492 eosque

2146 4525 2194 4584 D
2221 4520 2322 4574 I75
2358 4521 2428 4576 Se
2461 4520 2704 4590 posuisse
2730 4518 2875 4572 domi
2905 4516 3148 4584 credens,
3181 4517 3252 4570 ita
3281 4531 3494 4585 semper
3519 4499 3730 4580 abibat,

2359 4609 2624 4664 Ponenda:
2649 4622 2871 4669 memor,
2896 4614 2950 4660 ct
2970 4605 3157 4674 positae
3181 4620 3303 4659 mox
3334 4606 3614 4658 immemor
3634 4619 3793 4660 esca.

2426 4700 2471 4752 Ο
2499 4697 2689 4751 mulier
2713 4694 2994 4750 benedicta
3023 4694 3152 4760 Deo,
3183 4693 3328 4746 velut
3359 4708 3460 4746 una
3490 4691 3795 4756 volucrum.

2358 4790 2486 4856 Quae
2511 4786 2782 4857 quondam
2811 4777 3010 4840 mundo
3039 4783 3321 4838 abductum
3344 4797 3537 4852 pavere
3563 4785 3798 4852 prophe-

3535 4874 3574 4938 gi
3595 4884 3726 4929 tam.

2362 4972 2442 5026 Tu
2470 4984 2684 5040 quoque
2711 4976 2918 5023 secreto
2946 4964 3137 5036 pavisti
3166 4972 3399 5035 martyra
3429 4972 3594 5030 tecto,

2221 5065 2322 5120 180
2359 5063 2510 5118 Sicut
2537 5060 2650 5114 avis
2678 5058 2903 5112 Domino
2931 5071 3143 5126 parens,
3176 5061 3230 5109 et
3257 5055 3436 5109 nescia
3459 5054 3652 5118 sancti,

2360 5152 2588 5210 Conscia
2609 5149 2810 5206 servitii
2835 5166 2847 5201 :
2876 5148 2952 5218 (h)
2972 5147 3097 5216 quid
3119 5146 3366 5214 gesseris,
3392 5153 3446 5198 et
3471 5145 3558 5199 cui
3581 5145 3799 5199 tandem

2307 5268 2354 5340 ο)
2383 5268 2462 5321 Ita
2489 5281 2620 5340 mss.
2641 5264 2747 5318 duo
2767 5261 2945 5340 Germ.
2968 5255 3065 5313 Ed.
3088 5257 3272 5312 Schot.
3301 5257 3547 5326 proxime
3570 5257 3794 5319 accedit,

2216 5358 2306 5411 per
2331 5331 2492 5411 clusa.
2522 5334 2646 5411 Alii,
2672 5331 2946 5411 pr‘wclusa.

2311 5409 2365 5477 ά)
2388 5395 2681 5477 Mss._d}_1o'
2700 5399 2901 5463 Germ.,
2937 5395 3146 5450 Hierico

2308 5471 2355 5534 ei
2387 5474 2484 5528 Ms.
2518 5472 2543 5524 1
2574 5471 2780 5534 Germ.,
2812 5485 3006 5521 murus.

2312 5495 2335 5529 ε
2387 5477 2484 5528 Ms.
2518 5477 2543 5524 1
2574 5477 2780 5534 Germ.,
2812 5485 3006 5521 murus.

2312 5477 2355 5616 fi
2386 5541 2484 5616 Ms.
2515 5541 2687 5616 codex
2715 5540 2737 5616 1
2774 5536 3075 5616 βθιεηιημὶε
3095 5535 3264 5616 άχςεο.

2310 5603 2362 5686 ῤ’)
2393 5611 2737 5686 Mannscripti
2759 5607 2865 5686 duo
2884 5603 3321 5686 com-gestiam...
3355 5603 3698 5660 discesserat.

2311 5672 2364 5756 7i}
2394 5685 2473 5740 Ita
2497 5697 2627 5739 mss.
2653 5672 2760 5738 duo
2784 5675 2973 5734 Germ.
2992 5673 3147 5741 Edd.,
3177 5672 3334 5743 quod.
