4008 6346
180 350 269 405 481
1581 344 1758 400 POEM

1854 343 1982 399 XVI.
3332 341 3437 398 482

303 459 581 529 Servieris,
609 461 847 530 gaudens
875 461 966 517 illo
995 463 1093 515 sub
1123 468 1365 530 tempore
1390 474 1598 524 nosces,
1773 476 1822 528 Α
2071 456 2305 513 Fu..ctus
2326 467 2460 522 erat,
2490 461 2560 528 (f)
2583 459 2797 525 longum
2821 457 3129 525 perfunctus
3149 457 3436 525 episcopus

303 551 432 605 Cum
459 552 601 606 Deus
622 553 736 622 ipse
763 569 861 608 suo
891 569 990 623 pro
1018 552 1328 608 confessore
1358 567 1616 606 coronam
3174 550 3366 620 [aevum

301 639 527 695 iustitiae
552 643 796 698 Christus
824 642 1012 698 reddet
1037 643 1153 709 tibi,
1185 650 1311 696 tunc
1343 650 1431 695 tua
1462 641 1612 696 Felix
1854 637 1958 693 250
1995 637 2276 703 Maximus,
2307 647 2362 693 et
2389 653 2639 693 numerus
2659 637 2684 676 δ
2707 639 2868 696 ductu
2900 640 3130 708 pastoris
3154 643 3365 708 egebat.

181 731 274 787 f85
307 732 424 804 Ipse
452 734 546 786 tibi
578 733 775 788 referet
802 734 900 788 sub
925 733 1106 802 judice
1126 733 1349 802 prandia
1377 728 1609 797 Christo,
1994 727 2188 783 Felicis
2218 744 2413 784 nomen
2444 738 2616 784 totum
2643 729 2860 783 balabat
2887 730 3048 794 ovile,

303 825 430 890 Qua:
455 825 596 879 Deus
621 825 688 879 ad
716 825 899 880 dulces
921 826 1119 880 sacrati
1149 824 1397 894 martyris
1424 839 1550 878 usus
1997 822 2167 888 Quem
2209 823 2533 878 confessoris
2553 823 2837 878 redimibat
2858 823 3052 877 adorea
3079 820 3328 886 Christo;

303 913 615 978 Transtulit,
646 925 702 968 ut
725 915 995 983 quondam
1021 923 1206 968 coctas
1228 913 1553 967 messoribus
1575 927 1747 976 escas,
1993 913 2271 982 Quemque
2323 913 2654 968 salutiferum
2698 913 2997 982 spondebat
3050 912 3227 980 lingua
3272 913 3427 982 magi.

306 1005 557 1071 Angelica
587 1022 684 1074 per
711 1006 869 1059 inane
894 1021 1056 1058 manu
1084 1004 1350 1074 pendente
1379 1003 1641 1071 prepheta
3153 1004 3365 1072 [strum.

302 1095 442 1150 Misit
467 1096 662 1165 jejuno
684 1097 868 1151 rabida
898 1098 1035 1152 inter
1063 1106 1300 1168 monstra
1332 1095 1639 1164 prophetae;
1997 1095 2222 1166 Vitaque
2265 1094 2528 1151 doctrina:
2571 1110 2832 1158 concors;
2863 1093 2956 1148 sed
2995 1102 3050 1147 ut
3084 1093 3188 1146 hoc
3225 1107 3430 1162 quoqut

178 1184 268 1238 f90
303 1185 417 1240 Non
441 1187 552 1240 fera
574 1196 831 1251 monstra,
859 1187 990 1241 fides
1012 1187 1136 1256 quia
1157 1186 1361 1240 vicerat
1382 1185 1521 1239 alma
1544 1185 1748 1252 leones,
3111 1187 3365 1258 [palmam

299 1274 604 1345 Sanctaque
635 1275 916 1331 frenabant
943 1277 1129 1332 avidos
1152 1276 1356 1346 jejunia
1386 1275 1571 1329 rictus.
1850 1278 1953 1332 255
1991 1277 2217 1333 Justitia:
2246 1277 2432 1341 ferret,
2467 1279 2716 1333 meritum
2745 1278 2974 1332 sublime
3002 1279 3185 1347 quieto

367 1365 476 1421 Sex
508 1367 656 1421 illum
684 1376 828 1422 totos
855 1369 1138 1437 perhibent
1162 1371 1203 1399 "‘
1224 1383 1291 1422 ex
1319 1367 1507 1422 ordine
1537 1381 1748 1420 menses
1989 1367 2164 1425 Corde
2185 1386 2454 1440 premens,
2475 1371 2620 1425 velut
2641 1371 2907 1439 indignus,
2928 1386 3033 1424 non
3052 1369 3212 1423 audet
3232 1369 3438 1422 honore

298 1455 590 1526 Expertem
621 1467 793 1513 canus
823 1459 1098 1512 hominum
1127 1458 1323 1512 vixisse
1353 1458 1450 1512 sub
1478 1457 1568 1510 illa
1991 1461 2268 1529 Crescere,
2301 1472 2636 1531 testaturque
2664 1463 2780 1517 seni
2812 1475 2964 1529 mage
2993 1461 3170 1516 debita
3201 1459 3433 1526 Quinto;

293 1544 555 1602 Culminis
581 1547 794 1603 obscuri
821 1549 978 1603 simul
1001 1549 1316 1617 angustique
1340 1547 1563 1610 latebra,
1987 1555 2141 1622 Quod
2179 1555 2325 1624 prior
2368 1556 2411 1586 “
2451 1555 2540 1608 ille
2579 1554 2801 1622 gradum
2840 1554 2971 1608 socii
3009 1553 3293 1607 meruisset
3334 1553 3434 1605 ιιο-

175 1637 262 1691 195
296 1638 378 1692 Nil
407 1640 527 1708 opis
554 1641 802 1694 humana:
828 1641 1121 1709 indignum,
1151 1640 1414 1694 solamine
1439 1638 1636 1692 Christi
3193 1643 3364 1714 [noris

298 1729 524 1801 Semper
551 1731 915 1786 abundantem
941 1748 954 1783 ε
979 1731 1069 1800 qui
1101 1739 1342 1800 tempore
1374 1729 1540 1783 fertur
1569 1728 1620 1782 ill
1651 1727 1742 1782 i110
1990 1738 2278 1808 Presbyter
2305 1755 2316 1790 :
2348 1736 2462 1791 haec
2487 1744 2693 1805 septem
2723 1736 2777 1788 di
2799 1734 2956 1787 .tabat
2988 1748 3194 1787 summa
3225 1731 3434 1786 diebus.

296 1821 453 1892 Saepe
479 1823 627 1878 illum
656 1839 906 1879 sermone
932 1840 1030 1882 suo
1059 1822 1309 1891 dignatus
1333 1822 1507 1877 adisse
1533 1839 1545 1874 :
1779 1847 1823 1906 Β
1845 1829 1953 1886 240
1988 1829 2129 1897 Ergo
2157 1830 2256 1884 sub
2286 1829 2390 1884 hoc
2417 1827 2578 1882 etiam
2609 1825 2757 1880 Felix
2787 1824 3026 1878 antistite
3057 1824 3189 1876 vixit

297 1915 452 1986 Smpe
478 1933 574 1971 sua
603 1918 814 1987 pavisse
838 1933 1018 1982 manu,
1050 1917 1295 1986 caeloque
1321 1915 1534 1969 dedisse
1989 1919 2298 1990 Presbyter,
2319 1927 2374 1972 et
2398 1917 2570 1972 crevit
2597 1916 2822 1981 meritis,
2849 1915 2940 1984 qui
2968 1916 3008 1946 ¹¹
3041 1929 3284 1968 crescere
3310 1911 3438 1965 sede

297 2007 516 2076 Pocula,
551 2025 656 2064 non
683 2009 928 2080 pluvialis
946 2025 1129 2079 aqum;
1153 2024 1312 2079 quam
1343 2007 1521 2062 nubila
1545 2005 1743 2076 passim
1987 2011 2196 2066 Noluit:
2217 2012 2330 2080 ipse
2351 2010 2498 2064 illum
2522 2018 2792 2077 tamquam
2814 2007 2992 2060 minor
3012 2007 3192 2058 omnia
3213 2004 3438 2070 Quintus

175 2098 261 2153 200
292 2099 550 2156 Omnibus
577 2100 886 2167 effundunt;
918 2103 1009 2156 sed
1034 2103 1108 2172 (α)
1131 2117 1290 2172 quem
1319 2099 1623 2170 specialiter
1653 2099 1743 2153 uni
1987 2095 2343 2168 Observabat,
2372 2109 2427 2155 et
2456 2116 2519 2155 os
2548 2101 2783 2167 linguam
2815 2097 3006 2151 Felicis
3033 2097 3282 2150 habebat.

297 2190 476 2246 Gratia
511 2191 675 2247 Felici
707 2193 782 2263 (ὁ)
808 2194 1056 2247 mittebat
1083 2194 1149 2247 ab
1176 2193 1378 2247 aethere
1400 2207 1599 2256 rorem,
1987 2193 2080 2248 llle
2104 2208 2318 2262 gregem
2349 2190 2549 2256 oﬂicio,
2575 2190 2725 2244 Felix
2753 2203 3003 2242 sermone
3033 2187 3270 2254 regebat,

299 2281 430 2336 Nam
459 2283 657 2346 nimiis,
693 2293 750 2337 ut
782 2284 859 2351 fit,
886 2293 1012 2338 tunc
1044 2283 1243 2339 torrida
1273 2283 1474 2338 solibus
1492 2290 1672 2346 testas,
1843 2285 1949 2340 245
2055 2285 2220 2339 Multa
2250 2284 2370 2338 aliis
2393 2292 2636 2338 sanctum
2667 2281 2863 2335 Christi
2895 2280 3180 2334 virtutibus
3210 2277 3358 2332 auxit

294 2370 360 2424 Et
390 2380 612 2441 puteum
641 2389 855 2443 quoque
881 2375 1128 2438 siccaret,
1155 2375 1243 2442 qui
1273 2382 1424 2443 parta
1451 2373 1636 2427 latenti
1989 2376 2174 2432 Gratia
2204 2376 2460 2441 Felicem,
2485 2390 2584 2428 nec
2615 2388 2745 2444 pace
2775 2372 2980 2426 minora
3011 2373 3224 2441 subegit

301 2460 495 2518 Pocula
530 2464 850 2533 przehuerat.
877 2464 980 2519 Sed
1012 2481 1077 2518 nc
1099 2465 1213 2518 sitis
1243 2474 1422 2519 ureret
1452 2465 1599 2518 illum
1989 2469 2209 2528 Prtelia.
2240 2483 2401 2537 quam
2433 2465 2625 2519 validis
2667 2462 2946 2518 coofessor
2970 2471 3211 2532 gesserat
3249 2458 3431 2516 armis.

173 2549 265 2604 205
300 2551 525 2614 Carnea,
558 2554 650 2621 qui
678 2553 949 2608 Christum
979 2554 1241 2621 sitiendo,
1273 2554 1478 2609 ferebat
1504 2563 1559 2609 ct
1587 2554 1742 2609 istam
1987 2559 2320 2630 Corpoream
2347 2558 2485 2610 tristi
2513 2555 2613 2610 sub
2644 2563 2962 2623 tempestate
2991 2555 3218 2608 salutem

300 2641 558 2711 Corporis
577 2642 758 2697 afllicti
784 2646 823 2676 ¹⁹
847 2659 1081 2714 ρωιιειιη,
1111 2643 1289 2698 delata
1315 2660 1509 2698 sereno

1987 2653 2298 2724 Spreverat,
2345 2649 2489 2704 idem
2526 2656 2581 2702 et
2625 2661 2787 2716 opum
2831 2645 2985 2699 simul
3028 2653 3083 2699 et
3128 2653 3432 2698 co..tcmtor

297 2730 457 2801 Inque
495 2733 716 2801 globum
743 2734 815 2802 (c)
845 2734 1020 2788 tenuis
1052 2734 1218 2789 nubes
1246 2734 1498 2798 collecta,
1533 2749 1629 2804 per
1655 2749 1744 2789 ar-
3075 2735 3362 2806 [bonorum

1501 2827 1670 2901 [Cum
1842 2837 1948 2893 250
1984 2837 2186 2892 Secura
2215 2833 2316 2889 sub
2343 2847 2476 2903 pace
2506 2831 2620 2886 fuit.
2657 2833 2771 2886 Non
2804 2831 2891 2886 ille.
2923 2827 3144 2883 tenendi

301 2917 541 2988 lmpluvii
563 2930 607 2983 ει,
641 2919 850 2974 dulcem
880 2919 1109 2974 sitientis
1138 2920 1188 2973 in
1219 2935 1313 2974 ora
1347 2919 1609 2987 liquorem
1987 2930 2223 2985 securus
2251 2926 2447 2991 meriti,
2481 2923 2576 2979 sed
2606 2926 2818 2979 cautior
2849 2931 2906 2977 ut
2936 2922 3076 2976 bona
3108 2921 3227 2974 vitae

306 3007 515 3072 lnfudit,
542 3012 691 3078 quasi
722 3025 902 3080 pressa
923 3026 1117 3076 manu;
1144 3012 1390 3079 cmloque
1417 3009 1739 3076 vocandum,

1715 3040 1739 3076 ν
1983 3019 2142 3074 Parta
2173 3026 2436 3080 tueretur,
2459 3023 2745 3086 postquam
2775 3013 3079 3068 discrimina
3111 3013 3298 3067 mortis

173 3098 271 3152 2ft)
307 3099 526 3154 Velleris
553 3101 772 3155 aetherei
803 3117 961 3158 succo
992 3102 1223 3156 lactante
1253 3101 1456 3156 refecit.
1990 3113 2222 3175 Vicerat,
2248 3117 2302 3165 et
2325 3109 2577 3178 scopulos
2599 3108 2737 3161 inter
2761 3105 3045 3174 tranquilla
3079 3104 3323 3157 timebat.

296 3188 427 3255 Quid
459 3190 675 3256 mirum,
704 3191 748 3245 si
779 3206 920 3245 nunc
945 3199 1155 3246 terrena
1187 3191 1265 3262 (ά)
1297 3192 1415 3245 labe
1437 3191 1670 3246 solutum
1767 3226 1814 3289 c

2059 3203 2298 3258 Diximus
2323 3209 2381 3255 ut
2418 3209 2645 3256 mortem
2684 3200 2928 3264 calcarit,
2960 3207 3014 3252 et
3042 3198 3386 3251 ambitionem
3415 3215 3429 3264 ;

297 3279 540 3335 Christus
568 3281 696 3346 alat,
735 3283 968 3350 positum
998 3297 1157 3352 quem
1189 3283 1239 3336 in
1272 3298 1498 3352 corpore
1527 3291 1744 3338 sanctus
1773 3279 1814 3289 ⁷
1844 3296 1880 3350 2

1713 3299 1744 3338 is
1773 3279 1814 3289 ⁷
1844 3295 1952 3350 255
1987 3295 2139 3352 Nunc
2168 3294 2327 3348 aliam
2358 3291 2681 3347 confessoris
2707 3291 3016 3358 cognoscite
3046 3289 3296 3358 palmam.

1468 3375 1671 3448 [τίῙθῘκιι
1992 3388 2126 3444 Vicit
2146 3385 2463 3441 avaritiam:
2488 3399 2608 3437 nam
2631 3383 2827 3452 praedia
2851 3381 3016 3434 multa
3043 3379 3116 3449 (fg)
3141 3379 3452 3452 domosque-

293 3460 456 3533 ωε
484 3493 504 3503 ο
531 3461 697 3534 διο
725 3460 988 3532 Spiritus;
1042 3471 1098 3518 et
1137 3465 1222 3518 cui
1255 3465 1406 3534 panis
1435 3473 1574 3532 crat,
1601 3465 1739 3520 Ver-

1988 3479 2196 3535 Divitiis
2222 3475 2462 3545 locuples
2489 3449 2676 3544 patriis
2701 3475 2746 3504 ⁸³
2778 3470 3090 3542 possederat
3119 3449 3329 3530 hercsf

1219 3558 1366 3629 [bum
1397 3558 1536 3651 θςυε
1561 3561 1674 3628 ipse
1988 3568 2279 3625 Confessor
2308 3565 2640 3636 proscriptus
2667 3569 2802 3626 erat,
2834 3560 2928 3617 sed
2958 3574 3090 3628 pace
3119 3557 3364 3623 reducta,

293 3646 588 3703 Caelestum
615 3648 789 3717 panis,
816 3663 924 3716 quo
957 3649 1191 3702 vescitur
1216 3646 1672 3718 angelus'omnis?
1987 3657 2056 3712 Ει
2075 3673 2192 3722 sua,
2225 3656 2270 3710 si
2299 3656 2482 3721 vellet,
2505 3654 2798 3722 deposcere
2815 3651 2938 3720 jura
2964 3648 3158 3703 licebat
3183 3666 3195 3699 :

169 3743 264 3798 2l5
363 3745 603 3816 Tempus
643 3754 701 3800 ut
746 3746 850 3800 hoc
893 3745 1061 3814 abiit,
1105 3760 1209 3816 pax
1255 3746 1459 3800 reddita
1504 3746 1744 3800 condidit
1843 3749 1948 3804 260
1987 3748 2174 3804 Maluit
2199 3747 2286 3801 ille
2310 3755 2488 3800 tamen
2518 3744 2742 3798 verbum
2771 3756 2961 3798 curare
2987 3740 3223 3808 Magistri
3250 3751 3294 3806 ν,

1458 3837 1664 3909 [θηεθῆ
1987 3839 2194 3895 Cuncta
2233 3837 2419 3904 licent,
2453 3851 2558 3890 non
2589 3843 2778 3889 cuncta
2804 3828 3040 3902 juvantd
3073 3849 3084 3883 :
3122 3831 3272 3884 licito
3311 3829 3440 3884 utile

295 3926 638 3996 Felicemque
668 3926 808 3981 Deus
837 3927 1045 3980 monuit
1074 3926 1288 3996 prodire
1318 3926 1540 3991 latebra,
3097 3921 3365 3992 [praefert;

297 4017 394 4085 Qui
419 4020 495 4089 (c)
520 4018 725 4074 dudum
756 4019 998 4088 placidas
1024 4018 1204 4072 mundi
1231 4019 1556 4072 clamoribus
1585 4032 1744 4074 aures
1986 4019 2053 4073 Et
2081 4018 2233 4088 quasi
2264 4026 2494 4072 terrente
2523 4015 2770 4083 contagia
2800 4012 3000 4068 ducere
3029 4012 3184 4076 labis,

292 4109 594 4176 Struxerat,
626 4112 876 4167 humanis
904 4111 1105 4165 ducens
1133 4111 1328 4165 oblivia
1359 4110 1540 4164 rebus.
1986 4107 2208 4162 Horruit
2235 4106 2464 4159 amissos
2490 4104 2545 4157 in
2567 4103 2689 4170 jura
2721 4116 3004 4170 reposcere
3032 4099 3244 4153 fundos.

299 4199 366 4255 Ut
393 4218 568 4256 novus
599 4203 650 4256 in
676 4201 847 4256 lucem
873 4201 984 4271 jam
1013 4200 1420 4271 desperantibus
1446 4201 1578 4265 exit,
1986 4196 2135 4250 Multi
2182 4195 2284 4266 (It)
2335 4193 2736 4256 ohtundebant,
2790 4205 2902 4261 prae
2955 4190 3163 4244 cunctis
3218 4188 3436 4244 nomine

163 4289 260 4345 220
294 4291 359 4348 Et
382 4294 559 4364 patria
593 4303 861 4362 tamquam
888 4291 1157 4347 redivivus
1179 4293 1233 4346 in
1261 4291 1392 4346 urbe
1422 4291 1650 4345 videtur.
3087 4282 3289 4356 [prisco
3317 4283 3361 4313 "

187 4443 192 4446 _
289 4382 355 4436 Et
382 4384 537 4438 multi
566 4384 816 4438 dubitant
858 4397 1168 4450 agnoscere,
1199 4389 1255 4437 et
1295 4391 1421 4436 ante
1465 4389 1738 4449 rogantes,
1841 4379 1950 4436 265
1985 4378 2267 4434 Archelais
2290 4377 2373 4449 (ί),
2400 4385 2511 4430 tam
2531 4382 2715 4431 sancta
2740 4372 2868 4442 fide,
2895 4388 3058 4443 quam
3081 4382 3366 4428 stemmate
3390 4373 3436 4404 “

289 4476 502 4531 Verane
532 4485 584 4530 te
616 4474 816 4530 facies?
846 4476 1039 4545 (aiunt)
1073 4484 1199 4529 tunc
1223 4475 1312 4529 ille
1335 4475 1527 4529 beatus
3169 4464 3357 4535 [clara,

291 4565 555 4622 Redderis
575 4567 680 4621 heu
703 4574 855 4620 tanto
878 4566 1032 4620 nobis
1057 4575 1180 4635 post
1208 4573 1451 4634 tempore
1483 4564 1668 4618 Felix?
1771 4591 1820 4652 υ
1984 4563 2143 4618 Dives
2171 4577 2335 4633 opmn
2356 4559 2533 4624 vidua,
2561 4565 2617 4613 et
2644 4569 2891 4613 sanctum
2917 4555 3120 4627 pietate
3149 4555 3290 4610 fideli

286 4655 401 4724 Qua
428 4657 650 4724 regione
678 4657 864 4711 venis?
887 4657 1024 4711 coelo
1051 4656 1227 4720 datus,
1260 4669 1327 4708 an
1357 4655 1645 4725 para-liso?
1773 4649 1803 4652 ⁷
1983 4654 2217 4710 Felicem
2244 4667 2528 4718 venerans,
2550 4658 2712 4720 atque
2742 4649 2814 4703 illi
2845 4664 2969 4704 cara
2998 4649 3250 4703 vicissim.

159 4744 250 4797 295
286 4745 548 4802 Redditus
579 4747 630 4800 in
661 4754 836 4800 terras
859 4747 1160 4801 habitacula
1189 4755 1373 4801 nostra
1403 4746 1629 4800 revisis?
1985 4746 2146 4818 ιιι
2175 4774 2202 4786 -
2233 4745 2394 4816 412
2430 4742 2558 4798 Haec
2581 4741 2731 4796 illum
2766 4739 2919 4810 juxta
2970 4739 3220 4793 meritum
3267 4755 3433 4794 vene-

365 4837 459 4893 llle
492 4831 650 4892 fidem
684 4837 876 4902 firmat,
910 4854 1093 4893 coram
1116 4853 1174 4892 se
1196 4852 1426 4908 corpore
1451 4837 1661 4904 adesse,
2944 4833 3095 4906 [rata
3125 4835 3358 4899 colebat,

286 4927 571 4984 Servatum
597 4929 790 4984 vixisse
820 4929 963 4994 Deo;
995 4928 1085 4982 dat
1112 4929 1301 4997 gaudia
1331 4930 1558 4994 cunctis;
1987 4930 2163 5002 thue
2185 4931 2382 4993 ferunt,
2405 4930 2650 4999 junctum
2680 4929 2894 4984 sibimet
2922 4944 3019 4997 pro
3043 4929 3165 4996 jure
3188 4928 3359 4982 sodali

282 5019 555 5074 Laudibus
583 5029 638 5074 et
664 5021 880 5083 {meritis
907 5021 1106 5091 populo
1136 5021 1439 5076 celebratur
1467 5023 1534 5078 ab
1563 5021 1730 5078 omni.
1841 5020 1946 5074 270
1985 5019 2260 5092 Usurpans
2288 5021 2524 5076 animum
2545 5060 2559 5086 ,
2581 5021 2787 5076 crebris
2816 5020 2901 5089 pia
2932 5018 3094 5073 corda
3123 5010 3360 5086 querelis

218 5141 244 5203 7'
273 5133 406 5189 Vide
428 5142 543 5189 not.
575 5134 694 5186 l67.
1831 5135 2012 5202 lectio,
2039 5150 2157 5203 qua:
2187 5135 2319 5189 infra
2354 5134 2707 5190 confirmatur
2745 5150 2811 5187 ex
2841 5148 3002 5187 versu
3045 5130 3169 5193 272,
3208 5142 3428 5186 terrena

214 5201 242 5240 ι’
270 5203 328 5276 id
356 5213 437 5259 est
465 5205 704 5274 populus.
733 5203 868 5276 )lide
897 5220 1062 5276 carm.
1095 5204 1183 5271 23,
1211 5222 1261 5258 ν.
1297 5204 1426 5276 27.77
1829 5201 2073 5276 contagia
2102 5206 2285 5258 ducere
2311 5205 2465 5259 labia.
2498 5205 2637 5259 Ante
2662 5213 2780 5276 erat
2808 5204 2959 5257 male.

216 5284 236 5346 ῗ
269 5273 439 5346 ζᾶᾲεδι
465 5270 692 5346 apostoli
722 5273 896 5329 Pauli.
928 5275 1046 5329 Vid.
1079 5270 1178 5345 ep.
1198 5276 1286 5344 50,
1312 5292 1365 5329 n.
1397 5274 1448 5330 5.
1850 5343 1868 5346 Α
1902 5270 2093 5346 (effta
2121 5291 2250 5331 mss.
2281 5275 2390 5330 duo
2419 5276 2632 5346 codices
2661 5272 2843 5346 Germ.
2876 5282 2930 5327 et
2958 5272 3044 5346 ed.
3076 5270 3264 5346 Sciret.
3300 5270 3426 5346 Alii,

211 5340 237 5379 ἀ
269 5343 286 5396 l
318 5343 442 5398 Cor.
468 5340 542 5404 vi.
577 5344 660 5397 η.
1111 5340 1129 5345 “
1273 5340 1281 5344 ⁷
1832 5340 1970 5410 Qua.
2008 5344 2072 5398 Et
2106 5361 2229 5398 mox
2267 5346 2425 5400 iidem
2466 5345 2572 5399 duo
2609 5360 2762 5408 mss.,
2800 5342 2865 5394 Et
2907 5343 3099 5410 patria.
3134 5341 3298 5403 Alias,
3336 5340 3425 5395 Ut.

212 5415 289 5482 (ιι)
321 5413 413 5469 Sic
451 5415 858 5486 emendavimus
905 5429 975 5486 ex
1000 5430 1147 5486 _mss7.
1199 5414 1408 5470 duobus
1453 5432 1517 5470 co
1538 5417 1725 5472 licibns
1903 5416 1972 5486 (ί)
2012 5416 2100 5486 Sic
2126 5431 2255 5470 mss.
2286 5415 2394 5486 duo
2420 5415 2603 5469 Germ.
2631 5414 2794 5470 Editi.
2827 5413 3049 5486 largum.

147 5478 327 5537 Germ.
359 5493 412 5538 et
449 5485 608 5541 editis
643 5494 892 5554 quatuor.
938 5484 1078 5539 Edit.
1123 5485 1308 5568 Rosv.,
1353 5504 1526 5557 quam,
1561 5490 1720 5541 male.
2009 5485 2134 5540 Mss.
2185 5487 2292 5540 duo
2333 5484 2540 5548 Germ.,
2573 5486 2883 5553 domusque;
2912 5478 2990 5535 sic
3027 5478 3225 5546 ubique
3264 5479 3428 5533 iidem

211 5554 286 5610 (bl
315 5553 411 5609 Ms.
444 5571 583 5610 unus
607 5556 787 5610 Germ.
817 5555 1009 5610 codex.
1041 5555 1259 5610 defudit.
1827 5571 1894 5610 co
1937 5573 2063 5610 tces.
2096 5557 2276 5610 domus
2306 5572 2405 5610 oro
2433 5556 2633 5610 domos.

211 5554 286 5621 (ὁ)
315 5553 411 5626 Ms.
444 5571 583 5610 unus
607 5553 787 5626 Germ.
817 5555 1009 5616 codex,
1033 5555 1259 5626 defudit.
1365 5553 1375 5557 ⁷
1827 5553 2063 5617 codices.
2096 5557 2276 5626 donius
2306 5572 2405 5625 pro
2433 5556 2633 5626 domos.

209 5627 282 5694 (c)
315 5622 524 5700 lta_ms.
557 5641 694 5680 unus
719 5623 908 5700 Germ.
943 5622 1147 5700 codex,
1165 5626 1354 5700 melius
1383 5627 1722 5700 quam_eilit.i,
1902 5627 1978 5700 (It)
1998 5626 2105 5700 Ms.
2138 5622 2403 5700 l_Ger_i_n.,
2432 5622 2792 5700 obtendebant.

143 5689 365 5747 tenuem.
395 5694 496 5750 Hic
536 5711 722 5749 versus
761 5694 1099 5751 desideratur
1136 5697 1189 5750 in
1235 5697 1341 5750 alio
1387 5689 1486 5750 ms.
1538 5689 1720 5750 Germ.
1904 5689 1969 5764 (‘3')?
1997 5695 2123 5752 Mss.
2155 5697 2263 5751 duo
2291 5689 2474 5750 Germ.
2496 5737 2511 5760 ,
2543 5693 2864 5764 Archelaus;
2894 5691 2972 5748 sic
3001 5690 3138 5748 forte
3169 5689 3427 5747 Paulinus

143 5765 373 5837 codice;
615 5836 618 5837 7
1101 5835 1113 5837 _
1195 5836 1200 5837 7
1365 5836 1376 5837 7
1829 5766 2043 5834 dixerit,
2073 5775 2130 5822 ut
2158 5765 2416 5821 Helonius
2446 5781 2544 5837 pro
2573 5763 2828 5818 Melania.

207 5835 287 5905 (ά)
322 5833 410 5892 Sic
449 5836 743 5907 repositum
793 5851 860 5892 ex
908 5852 1030 5895 mss.
1083 5835 1291 5893 duobus
1341 5836 1528 5894 Germ.
1586 5837 1726 5893 Vera
