4008 6346
198 303 290 359 485

325 412 482 482 Urget
509 409 736 466 all'ectus
764 410 975 482 placitis
995 409 1175 463 favere
1209 425 1221 460 :

318 504 430 558 Jam
456 503 571 558 vias
593 503 712 556 illas
734 503 861 557 licet
887 501 1160 558 oderimus
1191 508 1215 537 α
1242 500 1262 530 ⁸

825 593 954 658 Qua:
983 591 1198 661 rapiunt
1221 598 1274 644 te
1301 607 1315 642 :

327 685 544 740 Odimus
565 683 831 753 quamvis,
866 683 941 754 (a)
970 682 1063 738 sed
1093 681 1309 736 easdem
1341 694 1598 734 amamus.

322 775 540 831 Odimus
563 775 707 845 quod
735 784 789 830 te
822 775 1105 829 retrahunt
1134 791 1145 825 :
1183 788 1424 827 amamus

325 865 473 931 Quod
503 874 653 920 tuum
683 866 840 920 nobis
869 864 1055 934 procul
1080 863 1375 916 attulerunt

229 598 294 649 7'3

822 955 1058 1010 Cernere
1079 954 1305 1008 vultum.

321 1047 463 1114 Quas
485 1047 557 1119 (ὁ)
586 1048 736 1117 prius
763 1046 952 1114 stringi
983 1051 1274 1114 superante
1302 1056 1517 1107 amore,

323 1138 475 1192 Nunc
496 1138 592 1192 tibi
621 1137 788 1192 sterni
811 1136 995 1191 faciles
1023 1150 1306 1205 precamur

325 1231 525 1287 Prmvio
547 1231 707 1287 terris
727 1231 1023 1301 pelagoque
1050 1228 1243 1284 summi

816 1321 1044 1375 Nomine
1075 1317 1296 1374 Christi.

323 1413 421 1480 Qui
449 1413 544 1467 tibi
572 1411 731 1466 factis
760 1412 862 1466 iter
881 1425 1040 1465 omne
1067 1409 1294 1478 campis,

321 1504 526 1558 Arduos
554 1512 766 1558 montes
795 1502 1070 1572 reprimat,
1101 1513 1366 1569 cavasque

325 1594 546 1664 Impleat
574 1593 763 1661 valles,
793 1592 1028 1647 salebras
1058 1589 1307 1658 adwquet
1327 1630 1342 1656 ,

819 1683 1015 1752 Jungat
1035 1683 1232 1736 hiatus.

325 1784 400 1839 Te
426 1800 525 1854 per
542 1782 886 1854 Hydruntum
918 1782 988 1854 (c)
1021 1781 1328 1852 Lupiasque
1363 1788 1594 1842 vectum,

321 1874 538 1928 lnnubaz
569 1874 794 1927 fratrum
819 1873 975 1926 simul
997 1881 1053 1926 et
1077 1887 1322 1927 sororum

328 1967 577 2021 Ambient
604 1967 711 2036 (a),
743 1981 850 2020 uno
873 1965 1157 2020 Dominum
1181 1972 1440 2019 canentes

815 2064 919 2121 Ore
941 2075 1191 2121 catervae.

317 2160 443 2226 Quis
471 2161 600 2214 mihi
627 2175 834 2230 pennas
861 2159 1015 2214 daret
1047 2168 1104 2213 ut
1125 2159 1386 2213 columbae
1415 2157 1439 2196 ι·
1465 2197 1480 2220 ,

270 2292 272 2296 ι
324 2252 388 2307 Ut
409 2254 592 2308 choris
615 2253 720 2306 illis
741 2252 881 2306 citus
913 2253 1226 2306 interessem
1254 2269 1267 2304 :

321 2352 418 2419 Qui
446 2353 613 2408 Deum
641 2353 913 2407 Christum
934 2351 1071 2406 duce
1104 2360 1156 2406 te
1193 2359 1449 2406 canentes

811 2440 997 2496 Sidera
1023 2442 1238 2511 pulsant
1261 2444 1283 2494 ?

317 2532 419 2588 Sed
446 2533 577 2587 licet
608 2532 763 2603 pigro
792 2540 1073 2587 teneamur
1099 2533 1227 2600 κνενί

320 2633 576 2704 Corporis
609 2648 751 2688 nexu
771 2674 785 2698 ,
815 2640 994 2686 tamen
1026 2632 1304 2686 evolamus

320 2728 585 2783 Mentibus
612 2735 737 2796 post
764 2733 839 2791 te,
871 2725 1207 2793 Dominoque
1237 2733 1413 2778 tecum

817 2815 1054 2871 Dicimus
1084 2817 1332 2886 hymnos.

326 2911 456 2966 Nam
482 2912 589 2966 tuis
611 2911 753 2965 intus
783 2911 940 2965 simul
969 2902 1234 2978 implicati

331 3011 585 3067 Sensibus
607 3050 622 3074 ,
656 3012 741 3066 vel
767 3027 888 3065 cum
911 3012 1079 3076 canis,
1112 3026 1174 3063 ac
1196 3011 1432 3079 precaris
1465 3028 1478 3062 :

323 3103 455 3159 Cum
489 3112 578 3158 tua
605 3103 672 3158 de
705 3111 756 3157 te
786 3117 947 3173 prece
973 3118 1205 3172 cumque
1239 3118 1373 3157 voce

819 3191 1122 3248 Promimur
1151 3201 1205 3246 et
1234 3208 1352 3247 nos.

321 3287 447 3342 Inde
471 3286 584 3356 jam
618 3287 776 3343 terris
806 3286 1070 3341 subeunte
1093 3295 1263 3357 ponto

322 3377 498 3431 Adrize
527 3385 729 3432 stratus
757 3377 905 3432 sinus
933 3377 1280 3448 obsequetur,

332 3470 480 3527 Unde
500 3473 842 3544 procumbet,
869 3457 1342 3545 zephyroqne'leini

860 3566 993 3620 Vela
1018 3573 1336 3621 tumescent.

323 3655 480 3728 δι’]
509 3686 538 3697 -
567 3656 730 3728 418
753 3655 858 3710 [bis
880 3655 1103 3709 illabens
1132 3655 1322 3724 pelago
1346 3656 1544 3726 jacenti
1564 3698 1579 3721 ,

325 3747 388 3801 Et
410 3754 531 3802 rate
555 3756 731 3802 amata
756 3746 912 3801 titulo
935 3745 1124 3800 salutis
1155 3757 1201 3810 ο,

325 3839 510 3896 Victor
532 3848 785 3894 antemna
815 3838 990 3892 crucis
1019 3835 1043 3873 ά
1070 3837 1200 3903 ibis,
1235 3837 1389 3892 undis

821 3927 1011 3996 Tutus,
1037 3938 1092 3983 et
1121 3930 1336 3984 austris.

325 4023 527 4076 Navita:
553 4021 658 4076 lani
688 4020 905 4076 solitum
924 4020 1195 4075 celeusma
1224 4030 1246 4057 ο

324 4113 630 4168 Concinent
657 4111 826 4166 versis
852 4109 1083 4165 modulis
1111 4109 1165 4164 in
1192 4110 1436 4182 hymnos,

323 4201 392 4256 Et
418 4203 522 4272 piis
543 4201 741 4256 ducent
764 4200 991 4255 comites
1022 4201 1073 4254 in
1094 4215 1280 4269 :equor
1297 4200 1317 4229 ⁸

824 4291 1060 4346 Vocibus
1089 4307 1268 4345 auras.

227 958 291 1009 76

223 1323 288 1376 80

224 1685 288 1739 84

153 2067 284 2123 '88

218 2442 289 2498 92

223 2819 292 2873 96

199 3195 290 3248 100

201 3563 293 3616 101

199 3929 288 3982 108

200 4293 289 4346 112

323 4386 588 4442 Ρνωοίηει
619 4385 827 4441 cunctis
853 4426 868 4449 ,
899 4384 1024 4438 tuba
1057 4400 1155 4437 ceu
1187 4384 1472 4447 resultans,

319 4477 528 4545 Lingua
551 4475 750 4529 Niceta:
779 4472 1051 4527 modulata
1079 4472 1373 4539 Christum,

319 4567 524 4626 Psallet
554 4565 620 4636 (ε)
651 4574 887 4620 aeternus
922 4564 1199 4618 citharista
1229 4571 1345 4618 toto

193 4658 283 4713 116
823 4654 1065 4723 Ᾱὲᾳυοῑε
1094 4652 1259 4706 David

253 4798 274 4825 ⁸
303 4789 547 4844 Licentia
573 4788 806 4859 poetica.
830 4786 964 4842 Vide
989 4791 1100 4840 not.
1137 4783 1260 4837 512.

248 4859 275 4898 δ
299 4859 444 4914 Psal.
467 4875 573 4924 LIV,
606 4859 658 4914 7.

253 4940 273 4967 ε
306 4930 443 4984 Vide
480 4937 597 4983 not.
630 4927 754 4982 245.

246 4997 271 5036 ά
307 4999 439 5054 Vide
463 5008 578 5054 not.
610 4997 738 5051 246.

251 5078 274 5105 ε
306 5069 445 5124 Vide
469 5078 585 5123 not.
617 5067 742 5122 9.67.

251 5136 272 5175 ί
303 5138 426 5195 Jon.
453 5155 511 5206 ιι,
539 5139 590 5192 1.

246 5219 271 5255 8
295 5209 435 5264 Tob.
466 5226 520 5263 v.

245 5280 271 5314 ³³
301 5279 441 5334 Gen.
467 5297 654 5345 xxvm,
683 5280 773 5334 15.

253 5347 266 5385 ί
300 5349 442 5405 Gen.
464 5368 650 5416 xxvnt,
678 5350 763 5404 12.

245 5420 322 5492 (a)
353 5419 495 5492 Edd.
529 5424 986 5492 quinquettamen
1010 5420 1125 5492 has.

247 5487 319 5558 (ὁ)
361 5489 490 5544 Mss.
524 5487 736 5547 codices
776 5489 960 5544 Germ.
992 5500 1048 5544 et
1075 5490 1205 5559 Reg.
1231 5529 1244 5552 ,
1274 5488 1627 5559 pcradstricti.
1657 5487 1765 5542 Sed

181 5560 366 5632 melius
397 5561 688 5630 respondet
724 5563 866 5630 prius
901 5562 1083 5632 stringi
1130 5557 1252 5614 huic
1307 5559 1450 5629 quod
1479 5557 1758 5626 sequitur,

183 5629 334 5684 Nam:
354 5629 541 5684 sterni.

247 5704 319 5772 (ε)
345 5699 446 5755 Ms.
471 5699 678 5772 Germ,
705 5699 900 5771 Lipias.
926 5699 1022 5756 Ms.
1047 5700 1217 5756 codex
1241 5699 1438 5768 Regius
1459 5712 1580 5753 cum
1602 5696 1761 5752 editis

180 5770 276 5840 qu)
286 5781 434 5836 tuor,
467 5770 679 5841 Lepias.

1605 294 1842 349 ‘POEMA
1884 293 2040 347 XVII.

3349 289 3452 344 436

2013 400 2246 456 Audierit
2280 401 2439 454 Amen
2462 398 2775 455 tremefacta
2804 406 2956 464 cete,

2015 493 2082 547 Et
2103 493 2442 548 sacerdotem
2473 491 2703 546 Domino
2729 499 3014 546 canentem

2011 583 2155 638 Lieta
2196 583 2396 637 lascivo
2426 583 2612 652 procul
2643 583 2990 638 admeabunt.

2507 673 2745 728 Monstra
2770 681 2975 727 natatu.

2017 762 2264 834 Undique
2285 762 2526 818 alludent
2555 763 2740 831 patulo
2771 771 3018 818 verentes

2009 863 2113 918 Ore
2141 864 2441 934 delphines,
2465 864 2581 918 sine
2602 879 2735 918 vo.e
2759 878 3107 932 quamquam,

2011 953 2227 1009 Emula
2257 956 2504 1010 humanis
2533 964 2711 1010 tamen
2741 956 3064 1025 eloquentur

2505 1055 2712 1110 Gaudia
2743 1057 2958 1124 linguis.

2012 1147 2143 1202 Nam
2170 1147 2282 1203 Deo
2307 1147 2436 1216 quid
2467 1164 2575 1202 non
2597 1149 2737 1219 sapit
2757 1158 2919 1218 atque
2941 1151 3093 1216 vivnt,

2008 1247 2174 1316 Cujus
2202 1258 2258 1303 et
2285 1250 2449 1304 verbo
2479 1255 2596 1303 sata
2625 1257 2820 1303 cuncta
2851 1251 3069 1304 rerum?

2011 1337 2147 1394 Hinc
2174 1339 2269 1395 Dei
2291 1339 2503 1396 laudem
2541 1343 2707 1395 maris
2736 1342 2842 1395 ima
2872 1349 3103 1396 noscunt

2501 1437 2753 1508 Mutaque
2779 1440 3034 1494 clamant.

2019 1527 2193 1583 Testis
2215 1538 2296 1583 est
2319 1531 2474 1584 nobis
2505 1532 2704 1585 veteris
2732 1532 3009 1600 propheta:
3042 1528 3062 1568 ί

2009 1617 2214 1686 Bellua,
2247 1620 2312 1672 ad
2335 1628 2520 1674 nutum
2548 1620 2758 1675 Domini
2786 1621 3055 1690 profundo

2013 1718 2220 1785 Excita,
2254 1727 2312 1773 ut
2331 1735 2564 1774 mersum
2593 1729 2843 1790 caperet,
2868 1721 3100 1790 deinque

2509 1811 2778 1868 Redderet
2804 1814 3075 1868 haustum.

2007 1903 2114 1958 Sed
2145 1905 2305 1958 modo
2334 1903 2398 1957 ad
2431 1911 2672 1958 nostrum
2701 1903 2845 1958 ferus
2874 1905 2988 1974 ipse
3022 1913 3201 1960 vatem

2007 1997 2242 2052 Auribus
2273 2005 2479 2051 tantum
2507 1998 2596 2068 pia
2621 1997 2904 2052 devorabit

2008 2086 2229 2142 Cantica
2260 2087 2328 2158 (Ῑ)
2363 2105 2375 2140 :
2412 2089 2694 2157 impastam
2720 2088 2986 2142 saturahit
3015 2089 3034 2119 ⁷
3061 2088 3240 2142 alvum

2505 2179 2757 2234 Carmine
2786 2188 2990 2249 pastus.

2010 2272 2125 2340 Qua
2151 2273 2280 2327 libet
2301 2287 2492 2343 pergas
2522 2273 2645 2338 iter,
2669 2279 2724 2327 et
2747 2288 2841 2344 per
2868 2273 3058 2339 undas,

2008 2363 2216 2434 Perque
2245 2366 2508 2432 tellurem,
2539 2365 2664 2420 licet
2688 2406 2702 2431 ,
2727 2375 2782 2421 et
2809 2382 2905 2436 per
2926 2367 3129 2430 hostes,

2013 2457 2115 2511 Ibis
2137 2464 2376 2510 armatus
2397 2455 2547 2525 galea
2573 2457 2780 2520 salutis,

2507 2545 2720 2602 Vertice
2747 2546 2982 2602 Christo.

2012 2637 2241 2692 Advolet
2265 2637 2461 2691 missus
2489 2636 2753 2706 Raphael,
2782 2646 2840 2691 ut
2865 2637 2994 2692 olim

2011 2728 2195 2784 Tobiae
2221 2728 2388 2783 Medis
2412 2737 2470 2794 8;
2497 2729 2568 2782 ita
2594 2729 2970 2799 prosequendo

2011 2821 2131 2892 Ipse
2154 2821 2352 2878 Nicetze
2379 2836 2562 2876 eomes
2584 2835 2752 2890 usque
2772 2820 2946 2875 Dacos

2507 2912 2740 2982 Angelus
2769 2911 2924 2967 adsit.

2014 3006 2185 3061 Ducat
2205 3007 2348 3060 hunc
2371 3019 2522 3074 aeque
2547 3003 2799 3057 famulum
2822 3018 2974 3057 suum
3000 3003 3104 3066 dux

2012 3097 2127 3165 llle,
2157 3097 2246 3166 qui
2277 3095 2548 3166 quondam
2579 3093 2859 3164 profugum
2890 3094 2965 3165 (g)
2993 3094 3216 3150 minacis

2017 3188 2219 3243 Fratris
2248 3203 2278 3241 a
2304 3188 2449 3240 vultu
2481 3185 2621 3240 Deus
2650 3185 2701 3240 in
2724 3187 2952 3240 salutem

2473 3276 2636 3331 Duxit
2670 3275 2830 3332 lacob
2854 3273 2906 3328 ιι.

2011 3371 2255 3440 Namque
2279 3368 2464 3424 Niccta
2492 3368 2743 3437 fugitivus
2767 3383 2919 3439 mque
2947 3375 3063 3434 est;

2013 3463 2168 3531 Quod
2203 3463 2372 3517 semel
2394 3459 2520 3515 fecit
2556 3461 2884 3530 patriarcha,
2912 3475 3126 3529 semper

2013 3556 2112 3612 llic
2133 3555 2282 3623 facit,
2305 3554 2505 3609 mundo
2530 3553 2736 3622 fugiens
2767 3553 2832 3607 ad
2861 3553 2952 3606 alti

2511 3643 2706 3698 ania
2722 3643 2842 3698 cmli
2871 3660 2883 3695 :

2016 3739 2082 3794 Et
2111 3738 2306 3807 gradus
2330 3737 2469 3801 illos,
2501 3735 2695 3805 quibus
2725 3735 2813 3790 ille
2841 3735 2974 3790 vidit
3003 3737 3026 3767 ⁸

2015 3834 2250 3901 Angelos
2277 3846 2428 3885 versa
2454 3830 2573 3884 vice
2596 3813 2963 3883 commeantes
2992 3829 3034 3892 ί,

2016 3923 2120 3979 Iste
2151 3924 2228 3992 (Ii)
2251 3919 2529 3977 contendit
2555 3927 2842 3987 superante
2864 3919 3036 3974 nubes

2515 4011 2788 4065 Scandere
2808 4012 2916 4064 vita
2945 4028 2957 4062 :

2017 4107 2182 4180 5.19
2207 4135 2274 4146 —
2305 4103 2467 4175 ἀπο
2507 4101 2611 4156 Per
2639 4102 2812 4156 crucis
2851 4100 3022 4154 scalas
3067 4115 3360 4170 properans
3406 4117 3454 4161 ιη

3215 4188 3387 4262 [astra

1787 412 1841 471 Α

1870 675 1972 728 120

1870 1055 1973 1107 121

1868 1437 1970 1490 128

1800 1763 1974 1866 Β152

1872 2179 1974 2233 136

1869 2548 1972 2602 140

1870 2915 1894 2967 1
1906 2913 1973 2968 1-1

1791 3125 1840 3189 C

1874 3279 1976 3334 148

1874 3648 1976 3702 152

1877 4017 1978 4071 156

2017 4289 2132 4357 Qua
2155 4288 2295 4342 Deus
2319 4285 2496 4340 nitens
2529 4282 2595 4338 ad
2624 4283 2845 4337 humum
2866 4280 3107 4336 coruscis

2020 4383 2062 4437 E
2087 4381 2295 4436 thronis
2319 4383 2529 4447 spectat
2552 4374 2731 4428 varios
2761 4372 2973 4426 labores
2994 4414 3010 4439 ,

2511 4465 2764 4535 Bellaque
2793 4463 3005 4518 mentis.

2022 4572 2230 4640 Tuque,
2260 4564 2446 4620 Niceta
2470 4601 2484 4625 ,
2514 4560 2650 4614 bene
2673 4557 2979 4612 nominatus

2020 4665 2276 4737 Corporis
2297 4662 2488 4722 victor,
2519 4656 2666 4710 velut
2688 4653 2776 4707 ille
2805 4651 2983 4707 dictus

1968 4783 2024 4836 di
2057 4779 2153 4833 Ms.
2185 4773 2392 4834 Germ.,
2425 4768 2673 4822 ambiant.

1968 4784 2003 4836 ά
2057 4783 2153 4833 Ms.
2185 4783 2392 4834 Uerm.,
2425 4783 2673 4822 amotam.

1948 4783 2024 4924 iei
2052 4849 2150 4902 Ed.
2176 4847 2339 4924 R_osv.
2361 4841 2596 4894 alternis.
2621 4833 3037 4924 Emendavimus
3057 4848 3125 4886 ex
3146 4829 3456 4924 Insncndiee

1875 4901 2246 4981 Germanensi,
2301 4922 2542 4976 internus,
2601 4905 3038 4981 succurrentibns
3092 4919 3189 4981 πρε.
3217 4901 3370 4981 _Rog,
3403 4909 3458 4981 ος

1876 4971 2346 5050 editis—codicibus
2387 4971 2763 5050 Bad.,l$rav.,
2796 4974 2982 5050 Scliot.
3019 4982 3073 5026 et
3103 4971 3303 5050 Poenlm.
3325 5011 3339 5032 ,
3365 4971 3457 5036 qui

2209 5053 2457 5136 attentis,
2489 5041 2635 5136 nullo
2645 5041 3458 5136 geniti.J§.:CEH§:A:HE€€?”E“

2182 5108 2312 5181 sane
2340 5108 2614 5192 aptissime
2643 5115 3026 5192 Daviddicitur
3051 5123 3272 5192 {alemus
3293 5108 3458 5188 citim-

1873 5184 2041 5267 Rha",
2089 5184 2520 5269 quandoquidem
2541 5203 2656 5269 ‘ore
2686 5187 2922 5269 omnium
2955 5184 3134 5253 psallit
3164 5221 3177 5242 ,
3204 5184 3454 5269 quiue-jus

1873 5248 2458 5344 decantant;
2507 5258 2560 5313 id
2598 5264 2916 5339 consecutus
2956 5248 3067 5344 non
3109 5248 3268 5331 modo
3308 5248 3455 5344 ut

1873 5315 2391 5412 Sag-53,13,
2415 5315 2465 5412 in
2489 5328 2646 5412 terris
2668 5327 2827 5412 etiam
2858 5340 2956 5393 per
2977 5323 3112 5412 alios
3141 5320 3194 5372 in
3211 5315 3454 5412 seculurn

2034 5387 2270 5466 {Junii}
2299 5387 2466 5460 seculi
2513 5400 2680 5453 Deum
2708 5387 2922 5457 laudet,
2965 5391 3108 5459 quod
3137 5387 3362 5457 optabat
3400 5392 3456 5439 et

1871 5481 2172 5554 spondebat
2192 5477 2318 5554 dum
2343 5473 2571 5554 viveiet-
2606 5553 2609 5554 ν
2684 5534 2842 5554 μλλ-
2896 5530 3070 5554 "HM,

1968 5533 2430 5624 firManuscriptus
2457 5539 2640 5624 Germ.
2675 5533 3164 5624 ροίιειιηιξανῃὶτξίιζ

1968 5557 2010 5624 f)
2040 5555 2430 5615 Manuscriptus
2457 5555 2640 5595 berm.
2675 5555 2867 5600 couex,
2895 5555 3164 5613 carmina.

1942 5555 2015 5694 ig)
2047 5621 2170 5694 Mss.
2198 5615 2469 5694 Cerm._eﬁt
2514 5609 2644 5694 Meg.
2675 5602 2957 5694 ,AsttPfr-lil;
2989 5601 3057 5654 At
3077 5611 3265 5654 omnes
3289 5595 3453 5665 edd.,

1866 5680 2106 5755 minacis,
2137 5688 2327 5758 aptius
2342 5683 2408 5737 ad
2430 5680 2718 5758 Scriptura:
2747 5686 2982 5758 sensum.

1943 5764 2020 5828 (In
2051 5748 2127 5814 n'a
2157 5748 2238 5812 ms
2289 5755 2471 5810 Germ.
2510 5748 2626 5812 Alii,
2653 5750 2940 5800 contentus.

1799 4502 1848 4561 Ι)
1877 4479 1976 4535 160
