4008 6346
567 314 663 370 L87
1496 316 1553 370 S:
1593 315 1862 371 l’AULlNl
1903 313 2150 370 NOLANI
2190 314 2493 371 EPlSCOl’l
2526 314 2871 372 POEMATAI
3726 317 3821 377 188

704 429 867 487 lsrael
886 472 901 497 ,
928 445 1193 486 summum
1218 430 1343 499 quia
1363 429 1496 484 vidit
1515 430 1628 485 alto

570 520 672 576 164
1201 519 1379 575 Corde
1403 528 1640 575 satorem
1663 528 1687 554 ⁸
1708 561 1722 587 ,

708 611 857 668 Unde
887 610 1101 668 Nicetes
1127 626 1281 667 meus
1310 612 1643 682 approbatur

703 702 970 758 lsraelites
997 702 1115 756 sine
1140 700 1327 757 fraude
1355 717 1543 767 verus,

672 861 680 868 .
705 793 806 860 Qui
826 793 994 848 Deum
1024 795 1195 848 cernit
1220 794 1295 866 (α)
1327 794 1511 849 solidae
1541 792 1664 849 ﬁdei

568 884 665 939 168
1196 883 1422 938 Lumine
1448 883 1740 939 Christum.

706 974 807 1029 llic
836 975 980 1030 Deus
1000 984 1203 1041 noster,
1232 977 1319 1031 via
1350 984 1534 1031 nostra
1558 991 1791 1046 semper,

720 1064 804 1119 Sit
830 1081 1015 1122 comes
1042 1067 1195 1123 nobis
1212 1108 1227 1132 ,
1253 1069 1323 1122 sit
1349 1079 1404 1122 et
1433 1077 1741 1122 anteeessor
1769 1085 1782 1119 :

705 1161 926 1215 Semitis
949 1161 1149 1227 lumen,
1181 1163 1511 1233 pedibusque
1535 1161 1738 1217 uestris

568 1249 673 1305 l72
1201 1254 1392 1309 Sermo
1422 1254 1640 1308 lucerna
1669 1252 1717 1305 δ.

709 1342 824 1410 Qua
853 1361 951 1416 per
977 1345 1191 1402 obscuri
1221 1344 1352 1400 vada
1385 1360 1522 1401 cznca
1553 1344 1683 1399 secli
1710 1346 1752 1410 θ,

711 1434 952 1492 Luminis
964 1438 1077 1492 veri
1102 1438 1216 1492 face
1235 1437 1544 1506 dirigamur,

705 1524 889 1583 Donec
908 1536 1123 1598 optatos
1141 1530 1302 1583 liceat
1320 1529 1512 1583 salutis

564 1615 590 1669 l
603 1615 669 1670 76
1042 1610 1045 1613 ’
1202 1618 1448 1688 Tangere
1475 1627 1684 1690 portus,

703 1707 853 1776 Quos
872 1711 1036 1767 modo
1055 1710 1322 1767 undosum
1338 1712 1570 1783 petimus
1590 1727 1689 1782 per
1710 1725 1929 1780 aequor,

703 1798 843 1855 Dum
869 1816 1021 1871 vaga:
1046 1803 1243 1858 mentis
1270 1801 1553 1857 ﬂuitamus
1581 1811 1714 1857 (Ble
1740 1821 1752 1855 :

705 1890 929 1958 Terreo,
959 1899 1237 1963 tamquam
1266 1893 1440 1962 fragili
1467 1893 1648 1948 carina
1666 1934 1681 1960 ,

564 1981 667 2039 180
1195 1983 1440 2055 Corpore
1471 1985 1627 2039 vecti.

701 2079 808 2136 Sed
829 2080 1161 2150 gubernaclo
1191 2092 1212 2120 ο
1235 2082 1413 2137 crucis
1434 2082 1573 2136 hanc
1602 2089 1825 2149 regente

700 2173 856 2231 Nunc
880 2182 1086 2243 ratem,
1119 2175 1173 2229 in
1200 2174 1358 2230 nobis
1385 2174 1473 2244 pia
1499 2174 1619 2229 vela
1643 2173 1823 2228 cordis

700 2264 1012 2333 Pandimus,
1042 2264 1258 2322 Christo
1286 2266 1555 2321 referente
1581 2266 1733 2319 littus

561 2354 664 2409 184
1198 2356 1444 2413 Flamine
1467 2357 1684 2411 dextro.

696 2445 840 2515 Ergo
868 2446 976 2502 dux
1006 2447 1147 2503 idem
1175 2448 1338 2503 modo
1367 2455 1729 2517 prosequatur

696 2535 772 2591 Te
795 2537 902 2603 via,
930 2552 1035 2607 qua
1061 2554 1205 2594 nunc
1225 2553 1487 2609 properas
1511 2547 1791 2593 revertens

700 2627 786 2684 lre
815 2629 1021 2699 Niceta,
1042 2631 1327 2702 patrioque
1355 2630 1548 2686 reddat

559 2718 664 2775 188
1198 2721 1407 2779 Limine
1429 2732 1603 2778 tutum
1629 2724 1691 2778 '°.

692 2815 799 2870 Sed
828 2815 965 2871 freto
990 2830 1210 2871 emenso
1238 2828 1484 2887 superest
1506 2817 1710 2872 viarum

695 2904 901 2961 Rursus
933 2906 986 2960 in
1011 2913 1154 2961 terra
1185 2906 1359 2975 labor,
1389 2914 1447 2960 ut
1466 2907 1682 2962 veharis

707 2995 888 3066 Usque
918 2996 1120 3063 felices,
1144 2998 1337 3068 quibus
1363 3015 1422 3055 es
1450 2999 1707 3057 sacerdos

555 3085 660 3141 192
697 3124 703 3130 -
1183 3085 1466 3144 Ρτωειίιυε
1492 3105 1635 3147 oras.

697 3176 776 3231 Tu
806 3176 1130 3247 Pliilippzeos
1150 3177 1429 3234 Macedum
1453 3195 1550 3250 per
1571 3195 1730 3249 agros

695 3265 800 3321 Per
828 3266 1167 3322 Tomitanam
1190 3268 1454 3338 gradieris
1482 3271 1691 3337 urbem,

689 3357 795 3414 Ibis
822 3367 876 3413 et
903 3358 1108 3430 Scupos
1133 3357 1158 3397 ά
1187 3361 1375 3432 patria:
1415 3363 1746 3433 pr0pinquos

551 3446 653 3502 196
1183 3451 1460 3509 Dardanus
1485 3454 1700 3524 hospes.

688 3539 733 3594 0
760 3540 953 3611 quibus
983 3540 1095 3610 jam
1125 3548 1252 3599 tunc
1278 3544 1555 3599 resonabit
1581 3544 1672 3599 illa

691 3631 913 3687 Gaudiis
942 3633 1101 3688 tellus
1129 3633 1218 3688 ubi
1251 3642 1307 3689 tu
1335 3635 1577 3703 rigentes

690 3721 902 3779 Edoces
930 3723 1151 3780 Christo
1180 3724 1292 3785 fera
1321 3727 1459 3781 colla
1491 3728 1531 3758 ¹¹
1558 3726 1676 3781 miti

543 3814 654 3869 300
1186 3815 1431 3873 Subdere
1452 3818 1670 3887 gentes!

687 3905 910 3977 Quaque
934 3906 1170 3977 Biphteis
1199 3907 1402 3964 Boreas
1423 3910 1478 3964 in
1507 3911 1619 3965 oris

684 3998 881 4070 Alligat
903 4000 1084 4055 densis
1106 3998 1298 4057 ﬂuvios
1324 4002 1560 4072 pruinis,

680 4090 781 4147 llic
805 4091 926 4162 gelu
956 4100 1167 4149 mentes
1194 4093 1395 4161 rigidas
1422 4109 1660 4164 superno

538 4181 643 4238 204
1177 4184 1304 4254 Igne
1335 4186 1591 4243 resolves.

682 4257 1000 4330 Nam'simul
1030 4276 1189 4331 terris
1217 4277 1517 4349 animisque
1543 4278 1664 4336 duri
1681 4321 1697 4347 ,

540 481 559 516 Γ

679 4363 744 4419 Et
768 4380 864 4420 sua
893 4365 1044 4422 Bessi
1070 4367 1194 4423 nive
1214 4366 1481 4437 duriores,

678 4460 990 4519 Nunc‘oves
1017 4462 1143 4519 facti
1170 4462 1307 4519 duce
1335 4473 1391 4521 te
1418 4476 1709 4536 gregantur

537 4545 641 4601 208
1172 4552 1329 4608 Pacis
1356 4555 1412 4609 in
1440 4556 1639 4611 aulam.

676 4639 925 4711 Quasque
954 4645 1196 4700 cervices
1218 4644 1349 4699 dare
1375 4645 1653 4711 servituti,

676 4734 903 4804 Semper
923 4751 954 4789 a
981 4736 1124 4791 bello
1151 4736 1393 4790 indomiti
1424 4747 1687 4805 negarunt
1712 4777 1727 4805 ,

675 4824 830 4881 Nunc
844 4826 975 4896 jugo
1008 4827 1123 4883 veri
1148 4827 1351 4882 domini
1377 4829 1630 4884 subactas

535 4915 638 4972 2I2
1158 4915 1420 4974 Sternere
1438 4918 1694 4988 gaudent.

601 5060 627 5089 ι
657 5051 793 5106 Gen.
816 5069 982 5116 χχιιι,
1013 5054 1103 5109 98.

601 5119 628 5160 δ
658 5120 799 5176 Psal.
831 5138 1010 5183 cxvnt.
1042 5124 1162 5180 105.

600 5203 623 5231 ο
656 5192 787 5247 Vide
810 5202 923 5247 not.
955 5193 1078 5248 248.

594 5260 622 5300 ἀ
650 5261 787 5317 Vide
809 5272 926 5317 not.
960 5263 1085 5320 259.

599 5342 623 5403 ς
647 5332 779 5403 Vide
797 5347 885 5403 ep.
913 5335 1001 5402 51,
1032 5352 1086 5391 n.
1123 5335 1207 5391 l2.

477 5410 487 5419 '
600 5400 619 5440 ί
647 5400 783 5457 Gen.
812 5400 882 5458 Iv.

594 5482 620 5546 β
732 5482 816 5546 est
843 5474 1071 5546 deponit.
1106 5478 1237 5532 Vide
1263 5495 1429 5536 carm.
1469 5480 1563 5546 14,
1596 5499 1647 5536 v.
1681 5482 1772 5538 81.

592 5539 620 5579 h
646 5542 781 5598 Vide
806 5539 918 5599 not.
940 5545 1049 5601 250
1078 5557 1131 5602 et
1154 5548 1282 5603 25L

598 5610 761 5665 ilsai.
793 5630 865 5675 ιι,
897 5615 927 5667 7
956 5625 1012 5671 et
1038 5618 1091 5672 8.

614 5698 647 5734 α
694 5680 792 5737 Ms.
821 5683 1003 5741 Germ.
1031 5697 1087 5744 et
1108 5689 1192 5745 ed.
1221 5690 1413 5755 Grin.,
1443 5691 1630 5745 solido.

592 5680 669 5823 ξιξ
693 5749 768 5823 lt_a
798 5769 896 5811 ms.
923 5754 1303 5817 Gc-rnianensis
1325 5761 1520 5817 codex.
1553 5761 1626 5817 Pe

2172 436 2220 491 Α
2390 428 2545 509 μιμῇ-ο
2565 432 2734 497 magis
2754 431 2903 485 dives
2938 431 3111 502 pretio
3141 429 3340 489 laboris
3402 447 3406 451 ·

2390 500 2589 577 Bessus
2615 523 2849 576 exsultat
2872 524 2913 555 “
2939 541 2951 576 :
2976 524 3119 595 quod
3147 526 3291 580 humi
3322 540 3592 583 manuque

2348 682 2351 683 ν
2391 614 2530 685 Ante
2549 614 2843 683 quaerebat,
2875 616 3040 671 modo
3068 628 3246 672 mente
3272 619 3411 674 cmlo

2248 703 2353 758 9J6
2885 708 3099 779 Colligit
3128 728 3338 766 aurum.

2391 798 2851 873 hall—5230
2868 802 3014 861 vices
3041 803 3254 858 rerum!
3287 805 3427 859 bene
3442 819 3601 859 versa
3629 804 3822 861 fama!

2388 886 2525 955 _lnvii
2553 899 2765 945 montes
2784 891 2952 960 prius,
2976 899 3031 946 et
3052 893 3282 957 cruenti,

2396 978 2545 1036 Nunc
2575 989 2762 1051 tegunt
2787 997 2974 1037 versos
3005 993 3029 1020 ε
3059 984 3337 1039 monachis
3363 984 3606 1039 latrones

2252 1068 2357 1123 220
2887 1073 3041 1130 Pacis
3069 1075 3335 1130 alumnos.

2395 1159 2680 1230 Sanguinis
2704 1163 2997 1234 quondam,
3018 1164 3182 1220 modo
3208 1175 3350 1220 terra
3380 1166 3504 1221 vita:
3525 1174 3640 1229 est,

2397 1255 2637 1310 Vertitur
2662 1258 2800 1311 uelo
2831 1258 2917 1327 pia
2939 1258 3017 1312 vis
3046 1258 3336 1323 latronum,

2400 1347 2467 1401 Et
2515 1346 2661 1403 favet
2686 1349 2932 1425 Christus
2960 1366 3155 1421 supera
3184 1350 3474 1421 occupanti

2250 1438 2356 1492 2‘34
2891 1440 3074 1511 Regna
3102 1444 3324 1512 rapinm.

2393 1528 2509 1585 Mos
2528 1529 2616 1585 ubi
2638 1530 2907 1600 quondam
2929 1532 3101 1587 fuerat
3124 1532 3376 1596 ferarum,

2393 1621 2544 1677 Nunc
2574 1622 2647 1676 ibi
2672 1622 2809 1679 ritus
2836 1624 2980 1692 viget
3010 1624 3321 1692 angelorum
3347 1644 3360 1677 :

2397 1712 2464 1767 Et
2493 1713 2624 1769 latet
2640 1713 2819 1785 justus
2839 1756 2854 1781 ,
2878 1715 3071 1784 quibus
3098 1717 3213 1785 ipse
3243 1717 3379 1770 latro

2184 1828 2225 1886 Β
2253 1804 2358 1858 228
2894 1807 3040 1862 Vixit
3064 1808 3116 1862 in
3148 1809 3334 1863 antris.

2395 1893 2580 1950 Prada
2606 1896 2664 1950 lit
2691 1895 2905 1953 Sanctis
2935 1908 3090 1954 vetus
3114 1898 3201 1953 ille
3227 1898 3437 1969 praedo,

2394 1984 2459 2039 Et
2489 1986 2655 2053 gemit
2680 1988 2854 2042 versis
2890 1988 3158 2043 homicida
3192 1989 3403 2043 damnis
3431 2007 3446 2043 :

2393 2075 2522 2131 Jure
2544 2076 2794 2141 nudatus,
2825 2079 3090 2148 spoliante
3112 2078 3359 2145 Christo,

2248 2166 2356 2221 25:2
2889 2171 3140 2227 Criminis
3160 2173 3346 2227 armis.

2395 2257 2584 2313 Interit
2606 2273 2731 2314 casu
2758 2266 2959 2314 satana:
2986 2260 3219 2315 vicissim

2391 2349 2606 2405 Invidus
2635 2350 2792 2419 Cain,
2817 2347 3089 2406 redivivus
3112 2351 3245 2406 Abel

2393 2440 2574 2496 Pascit
2593 2439 2747 2496 etl‘usi
2775 2442 2952 2513 pretio
2977 2442 3249 2498 redemtos

2243 2530 2353 2585 256
2884 2532 3175 2601 Sanguinis
3202 2543 3370 2602 agnos
3398 2532 3421 2572 ί

2388 2620 2554 2691 Euge,
2578 2622 2790 2692 Niceta,
2811 2623 2953 2678 bone
2981 2638 3136 2678 serve
3160 2621 3383 2691 Christi,

2290 2748 2299 2756 ι
2389 2713 2491 2780 Qni
2514 2714 2610 2769 tibi
2638 2714 2801 2770 donat
2833 2714 3109 2786 lapidesin
3138 2722 3282 2769 astra

2395 2803 2640 2872 Vertere,
2665 2812 2720 2861 et
2742 2805 2878 2861 vivis
2906 2820 3061 2861 sacra
3088 2805 3287 2876 templa
3308 2805 3487 2861 saxis.

2244 2892 2350 2947 2w
2888 2893 3206 2951 jEdilicare.

2387 2988 2550 3043 Avios
2577 2989 2774 3053 saltus,
2801 2988 2929 3058 juga
2959 2998 3111 3044 vasta
3142 2990 3362 3055 lustras,

2386 3078 2523 3134 Dum
2554 3082 2696 3135 viam
2717 3082 2933 3151 qumris,
2959 3082 3306 3153 sterilemque
3335 3083 3535 3139 silvam

2164 3201 2215 3263 ο
2254 3260 2273 3263 _
2296 3260 2343 3263 ﬂ
2388 3171 2581 3228 Mentis
2607 3174 3109 3259 incultae'superans
3132 3176 3187 3230 in
3215 3190 3374 3245 agros

2247 3260 2352 3314 ω
2884 3264 3065 3321 Vertis
3091 3266 3322 3337 opimos.

2380 3353 2462 3409 Te
2483 3364 2690 3424 patrem
2711 3354 2842 3411 dicit
2870 3355 3023 3426 plaga
3054 3366 3167 3412 tota
3200 3356 3274 3429 (ιτ)
3298 3357 3484 3413 Bome

2385 3445 2468 3500 Ad
2497 3453 2619 3500 tuos
2645 3443 3014 3518 fatuarScytha
3043 3448 3339 3518 mitigatur,
3390 3506 3398 3514 ,

2384 3536 2450 3592 Et
2471 3538 2554 3593 sui
2581 3537 2788 3594 discors
2818 3538 2929 3593 lbra
2960 3547 3014 3594 te
3044 3541 3303 3610 magistro

2233 3626 2345 3681 218
2880 3630 3109 3687 Pectora
3139 3634 3292 3703 ponit
3318 3643 3367 3687 Β.

2382 3721 2451 3777 Ει
2477 3722 2627 3778 Getae
2656 3730 2899 3789 currunt,
2926 3732 2982 3779 et
3010 3733 3237 3799 uterque
3264 3725 3440 3781 Dacus
3474 3743 3490 3780 :

2381 3813 2483 3881 Qui
2512 3816 2642 3870 colit
2672 3824 2829 3872 terra:
2857 3815 3055 3884 medio,
3085 3817 3171 3871 vel
3202 3816 3291 3871 ille

2382 3906 2570 3963 Divitis
2594 3909 2762 3965 multo
2792 3909 2930 3964 bove
2962 3908 3032 3979 (ε)
3064 3909 3310 3980 pilleatus
3340 3906 3369 3946 ιι
3476 3957 3481 3962 .

2236 3996 2343 4051 252
2874 3997 3073 4054 Accola
3110 4001 3259 4070 ripaz.

2382 4096 2458 4151 De
2487 4096 2626 4165 lupis
2646 4096 2752 4151 hoc
2778 4103 2863 4151 est
2890 4097 3089 4152 vitulos
3115 4111 3330 4166 creare,

2371 4186 2442 4242 Et
2467 4188 2592 4243 bovi
2619 4188 2863 4258 junctum
2891 4190 3048 4262 palea
3077 4190 3288 4246 leonem

2375 4278 2637 4346 Pascere,
2669 4288 2725 4335 et
2754 4280 2881 4335 tutis
2903 4296 3034 4336 cava
3067 4282 3375 4352 viperarum

2231 4368 2339 4423 256
2874 4368 3119 4425 Pandere
3140 4370 3320 4440 parvis
3356 4368 3399 4431 ί.

2374 4463 2617 4535 Namque
2641 4470 2923 4520 mansueto
2952 4463 3135 4533 pecori
3157 4463 3305 4519 coire

2153 4591 2208 4652 Β
2374 4554 2583 4609 Bestias
2611 4554 2761 4624 pulsa
2789 4553 3002 4608 feritate
3029 4552 3240 4618 suades,

2370 4645 2471 4714 Qui
2493 4643 2636 4701 feras
2663 4653 2873 4700 mentes
2904 4644 3185 4702 hominum
3213 4644 3385 4717 polito

2230 4740 2336 4798 260
2867 4739 3067 4798 lmbuis
3095 4756 3209 4796 ore.

2368 4829 2526 4887 Orbis
2545 4831 2597 4885 in
2621 4839 2769 4886 muta
2789 4832 3013 4901 regione
3038 4847 3136 4903 per
3157 4837 3210 4886 te

2371 4920 2595 4983 Barbari
2625 4926 2838 4983 discunt
2864 4941 3123 4983 resonare
3151 4925 3422 4982 Christum

2208 5080 2282 5119 ex
2311 5078 2408 5117 ms.
2442 5062 2630 5118 codice
2668 5060 2852 5118 Germ.
2901 5069 3212 5132 pervetusto
3234 5060 3573 5117 correximus
3610 5061 3799 5123 Borrae,

2209 5149 2282 5189 eo
2307 5131 2662 5188 conﬁdentius
2681 5149 2808 5201 quo,
2842 5131 3038 5201 printer
3059 5132 3434 5201 necessitatem
3463 5133 3645 5189 metri.
3664 5147 3803 5186 eam-

2213 5204 2340 5259 dem
2371 5218 2558 5258 vocem
2587 5203 2653 5256 ad
2684 5200 3008 5257 vetustiores
3032 5202 3246 5256 codices
3270 5200 3548 5257 Prudentii
3581 5201 3803 5269 castiga-

2214 5283 2325 5345 tam
2349 5272 2659 5345 nioneatl‘l.
2693 5271 2943 5327 Heinsius
2972 5274 3024 5327 in
3058 5272 3201 5328 notis
3230 5272 3298 5328 ad
3325 5270 3695 5345 Psychomach
3748 5288 3778 5325 v
3812 5272 3823 5287 ⁸

2212 5343 2341 5405 817,
2368 5343 2546 5411 algida
2570 5342 2769 5397 Borrar.

2291 5414 2360 5481 (ε)
2391 5414 2481 5468 Sic
2510 5413 2912 5468 emendavimns
2949 5429 3017 5468 ex
3066 5429 3166 5469 ms.
3215 5411 3402 5468 codice
3439 5411 3623 5467 Germ.
3668 5410 3797 5481 Ante

2212 5492 2332 5555 erat.
2367 5484 2635 5554 pelicatus.
2663 5485 2751 5555 _A_t_
2767 5493 2914 5538 recte
2953 5484 3371 5555 pilleatus,_sive
3394 5484 3660 5555 pilantur:
3690 5480 3780 5555 {fit

2210 5553 2344 5608 leari
2367 5550 2676 5624 eniiniapud
2711 5550 2993 5624 Ulpiannm
3023 5553 3219 5624 dicitur
3238 5553 3297 5624 in
3318 5550 3509 5624 Collat.
3538 5552 3671 5624 legis
3695 5550 3794 5624 blo-

2207 5624 2365 5694 saicze
2395 5625 2459 5678 tit
2503 5620 2814 5694 2,'estque',
2845 5624 2981 5694 pileo
3010 5623 3213 5677 donari.
3257 5621 3522 5694 Henricus
3551 5620 3793 5694 Valesius

2208 5692 2259 5766 in
2287 5696 2428 5766 notis
2445 5694 2519 5766 ad
2554 5691 2805 5766 excerpta
2827 5691 2854 5759 ,'
2887 5695 3139 5766 pilantur,
3164 5706 3293 5766 pag.
3336 5691 3442 5766 205
3465 5692 3505 5746 Β
3534 5692 3603 5766 de
3626 5692 3792 5757 Lega-

693 5749 768 5836 Ῑξξι
798 5769 896 5811 ms.
923 5754 1303 5836 Germanensis
1325 5749 1520 5817 codex.
1553 5761 1967 5836 Perperaxnalii
2001 5780 2096 5821 co-
2205 5763 2459 5836 tionibus.
2492 5763 2597 5821 Sed
2627 5749 2913 5836 videquid'
2927 5766 3013 5821 hic
3039 5749 3300 5836 signiticet
3318 5763 3556 5835 pilleatus
3579 5763 3637 5818 in
3672 5749 3782 5816 not.

542 5819 685 5892 ices,
712 5819 1025 5901 BoreanEd.
1047 5827 1220 5888 Schot
1262 5832 1316 5888 in
1346 5847 1538 5904 marg,
1574 5819 1803 5890 Borrhaz.
1826 5833 1934 5890 Nos
1963 5819 2094 5890 vero
2202 5831 2327 5887 23L
