4008 6346
200 263 285 317 489
1600 244 1780 298 POEM

1966 243 2048 297 Ill.
3336 235 3439 290 390

319 369 493 424 Corde
522 366 786 424 Romano,
817 360 1186 432 placidamque
1219 355 1353 410 casti
1792 367 1835 420 Α
2007 354 2174 419 'l‘une,
2207 368 2412 423 precor,
2448 353 2617 406 nostri
2649 352 2869 406 ninnium
2901 359 3171 405 memento

198 463 284 517 ω
565 456 753 509 Vivere
778 455 818 483 ”
848 466 1055 521 pacem.
2007 444 2072 496 Et
2101 444 2266 513 patris
2293 444 2462 497 sancti
2491 443 2698 510 gremio
2727 442 3064 507 recumbens,

318 552 406 604 Sic
434 556 528 601 tuo
555 545 698 599 mitis
721 544 874 611 lupus
894 549 978 595 est
1005 538 1156 603 ovili,
2007 535 2236 590 Roscido
2270 533 2286 594 ῐ
2321 535 2474 589 nobis
2497 533 2662 602 digito
2693 533 2956 588 furentem

321 639 563 693 Pascitur
582 648 812 688 concors
832 629 1029 683 vitulus
1056 628 1196 681 leoni
1212 667 1225 687 .
1863 627 1968 679 3l6
2253 625 2465 679 Discute
2496 623 2784 678 ﬂammam.

322 729 522 782 Parvus
550 731 794 778 extracto
823 718 1062 774 trucibus
1091 714 1336 771 cavernis
2010 718 2159 771 Nunc
2189 717 2274 770 abi
2301 716 2426 769 l'elix
2456 725 2633 769 tamen
2657 724 2710 769 et
2736 715 2992 769 recedens.

201 822 288 876 168
569 814 769 885 ASpide
798 812 952 866 ludit.
2010 805 2238 875 Semper
2264 807 2370 860 huc
2399 804 2465 858 ad
2494 815 2592 858 nOs
2622 805 2799 859 animo
2832 820 3068 859 reeum..

315 907 671 981 ﬁza-aa!‘
699 901 932 958 Callidos
961 900 1076 953 auri
1108 898 1310 966 legulos
1341 907 1363 934 "
1393 899 1444 951 in
1475 911 1661 950 aurum
2006 896 2135 953 Esto
2165 898 2461 961 nobiscum,
2495 898 2618 952 licet
2646 897 2712 950 ad
2735 905 3011 967 paternum

324 998 518 1060 Vertis,
547 1006 602 1050 et
633 993 705 1065 (a)
740 992 932 1047 Bessos
960 989 986 1028 ³³
1020 989 1242 1042 imitaris
1272 989 1412 1058 ipse,
1867 987 1972 1041 ζ’)Ξο
2256 987 2479 1042 Veneris
2501 987 2706 1042 urbem.

330 1087 373 1142 E
395 1089 589 1158 quibus
616 1085 796 1137 vivum
827 1081 1063 1136 fodiente
1090 1080 1256 1133 verbo
2009 1079 2361 1152 535-526
2380 1079 2496 1134 Non
2518 1081 2658 1134 enim
2687 1081 2842 1133 unius
2865 1080 3044 1149 pepuli
3072 1079 3402 1147 magistrum.

173 1181 292 1236 .273
574 1177 730 1230 Eruis
754 1189 944 1228 aurum
972 1191 985 1225 :
2009 1170 2115 1226 Sed
2145 1187 2245 1225 nec
2276 1171 2431 1225 unius
2460 1167 2609 1224 dedit
2630 1186 2749 1223 esse
2775 1171 2945 1224 civem

330 1278 438 1332 Has
465 1292 596 1346 opes
627 1273 698 1344 (b)
726 1272 965 1328 condens
991 1269 1218 1323 Domino
1248 1268 1486 1338 perenni,
2011 1261 2052 1315 Τ
2055 1278 2086 1316 e
2113 1261 2256 1316 Deus
2284 1269 2459 1323 teme,
2493 1262 2666 1331 patria
2692 1277 2819 1315 ecce
2844 1271 3024 1316 nostra

328 1369 422 1423 His
449 1381 660 1421 sacrum
691 1364 852 1418 lucris
882 1361 1159 1417 eumulans
1183 1359 1459 1420 talentum,
1874 1353 1982 1407 52S
2267 1353 2341 1407 Te
2363 1353 2460 1406 sibi
2492 1354 2673 1406 sumit.

335 1459 532 1514 Audies
560 1476 574 1509 :
604 1456 747 1510 Intra
778 1453 989 1508 Domini
1012 1450 1266 1522 perennis
2015 1444 2162 1500 Nunc
2182 1454 2307 1499 tuos
2333 1461 2485 1514 aequa
2509 1445 2707 1513 pietate
2739 1446 2979 1514 utrisque

207 1553 295 1607 216
574 1546 779 1602 Gaudia
810 1545 961 1598 lcetns
995 1555 1036 1597 θ’.
2016 1537 2199 1591 Divide
2231 1535 2471 1600 allectus,
2503 1546 2556 1589 et
2585 1552 2769 1590 amore
2793 1537 2965 1602 nobis,

332 1642 447 1706 llis,
476 1655 690 1710 precor,
719 1653 844 1692 cum
873 1645 927 1690 te
955 1635 1148 1690 domus
1176 1633 1316 1687 alma
1337 1642 1520 1687 sancto
2017 1627 2233 1681 Civibus
2270 1626 2435 1688 vultu,
2469 1627 2680 1694 gemina
2712 1642 2924 1680 morare

331 1732 549 1802 Ceperit
578 1730 800 1783 fratrum
829 1742 1116 1781 numerosa
1145 1734 1290 1779 cmtu
1812 1793 1848 1802 _
1875 1719 1983 1773 328
2267 1719 2412 1772 Civis
2439 1719 2494 1771 in
2527 1734 2642 1772 ora.

335 1823 389 1876 In
413 1793 620 1886 eboris,
651 1828 706 1873 et
736 1833 834 1872 nos
862 1817 1064 1887 pietate
1093 1816 1203 1871 cari
1812 1793 1857 1854 Β
1891 1871 1905 1886 ⁸
2022 1811 2224 1865 Forsan
2247 1821 2300 1864 et
2329 1809 2502 1879 major
2524 1811 2696 1880 patria
2727 1811 2840 1864 hate
2868 1810 3133 1875 habenda,

210 1913 300 1966 Μ
586 1908 828 1964 Pectoris
849 1907 1004 1962 abde.
2021 1902 2135 1956 Non
2163 1902 2478 1957 manufaclis
2509 1902 2597 1956 ubi
2629 1903 2926 1957 contineris

336 2002 465 2056 Nam
496 2001 608 2054 Deo
633 2008 832 2069 grates,
857 1998 1000 2067 quod
1030 2011 1212 2050 amore
1245 2005 1394 2050 tanto
2019 1995 2300 2050 Pectorum
2325 1996 2515 2059 tectis;
2549 1995 2900 2065 hominesque
2930 1996 3104 2051 vivam

335 2093 441 2147 Nos
462 2092 558 2146 tibi
579 2090 866 2144 adstrinxit
889 2104 987 2162 per
1009 2095 1198 2156 operta
1228 2086 1422 2152 vincla,
1874 2084 1985 2137 332
2263 2084 2458 2139 Incolis
2489 2085 2694 2139 urbem.

337 2183 427 2237 Vis
449 2193 506 2236 ut
531 2183 797 2236 internam
827 2179 1003 2232 valeat
1032 2187 1277 2232 catenam
2019 2176 2173 2229 Sicut
2201 2176 2442 2242 antistes,
2475 2177 2546 2230 ita
2569 2175 2758 2245 dignus
2779 2178 2910 2232 almi

211 2274 304 2328 Μ
589 2272 858 2340 Rumpere
885 2271 1050 2323 nulla.
2025 2269 2232 2340 Hospes
2261 2285 2319 2324 es
2349 2269 2566 2333 Christi,
2600 2271 2724 2339 quia
2754 2270 3070 2328 Christianis

342 2365 490 2419 Unde
519 2363 790 2433 complexi
818 2363 932 2416 sine
958 2361 1062 2416 llne
1091 2376 1276 2415 carum
2024 2362 2290 2419 Mentibus
2317 2379 2561 2426 consors,
2594 2365 2804 2420 habitas
2830 2366 2995 2422 herile

343 2455 553 2518 PeClns,
589 2455 856 2508 haeremus
886 2452 1079 2520 laqueo
1109 2449 1142 2500 ﬁ
1163 2450 1249 2502 leli
1278 2470 1292 2515 ,
1880 2453 1984 2506 356
2247 2455 2443 2510 Accola
2469 2456 2750 2525 templum.

341 2546 564 2613 Quaque
595 2545 664 2615 (ε)
693 2543 1007 2606 contendas.
1041 2541 1267 2596 εοηιίῑθε
1293 2540 1493 2595 erimus
1519 2538 1546 2575 ‘
1760 2592 1772 2604 .
2024 2545 2142 2599 1am
2173 2547 2288 2600 vale
2321 2547 2493 2610 nobis,
2526 2555 2581 2601 et
2609 2548 2662 2600 in
2693 2563 2851 2601 omne
2881 2550 3048 2603 nostri

213 2640 309 2695 188
592 2639 774 2698 Mente.
797 2637 1036 2706 sequaci.
2026 2635 2262 2704 Diligens
2285 2649 2486 2700 rerum,
2516 2637 2686 2690 bonus
2717 2653 2884 2707 usque
2912 2636 3068 2693 finem

344 2733 550 2787 Caritas
568 2732 766 2786 Christi
798 2731 933 2784 bene
955 2729 1070 2782 fusa
1101 2728 1264 2795 cmlo,
2026 2723 2139 2779 Duc
2165 2727 2366 2780 bonum
2395 2742 2628 2791 cursum,
2657 2720 2992 2798 positamque
3015 2729 3175 2798 justis

350 2823 448 2892 \(d)
477 2821 736 2876 Cordibus
769 2819 966 2872 nostris
993 2818 1063 2871 ita
1097 2818 1263 2871 nectit
1292 2818 1454 2881 intus,
1886 2816 1992 2871 340
2279 2818 2444 2872 Sume
2471 2835 2749 2874 coronam.

356 2911 424 2966 Ut
442 2928 536 2966 nec
563 2911 816 2979 abjunclo
850 2909 1034 2980 procul
1062 2910 1366 2962 anferamur
2421 2909 2652 2964 POEMA
2691 2911 2852 2966 XVIII
2899 2915 2935 2965 ‘.
3013 2918 3015 2920 ’

219 3002 318 3055 29?.
587 3001 728 3055 Orbe
757 3000 981 3066 remoti:
1161 3065 1173 3076 .
2161 3020 2227 3058 ne
2257 3018 2302 3057 s.
2332 3019 2520 3058 rauce
2549 3019 2873 3058 mraurwn
2904 3021 3113 3060 causa
3143 3023 3212 3061 vi.

355 3093 499 3146 Nulla
523 3108 619 3146 nos
646 3100 778 3145 tutas
805 3090 900 3144 tibi
926 3089 1061 3143 labis
1090 3086 1371 3158 unquam,]
2035 3094 2111 3149 De
2138 3104 2320 3158 morte,
2347 3095 2602 3165 sepulcro,
2639 3110 2700 3147 ac
2727 3096 2991 3149 miraculis
3015 3096 3074 3150 S.
3109 3095 3322 3152 Felicis.

347 3186 498 3240 Orbis
527 3193 618 3238 aut
647 3185 803 3250 alter,
833 3198 1006 3252 neque
1035 3198 1184 3236 mors
1213 3182 1435 3237 revellet
1461 3198 1476 3247 ;
1811 3168 1858 3230 C
2033 3186 2141 3242 Lex
2188 3185 2330 3266 mihi,
2341 3186 2462 3254 jure
2506 3184 2594 3255 pio
2625 3185 2800 3255 posita
2830 3185 2973 3242 hunc
3005 3188 3278 3244 celebrare
3304 3198 3466 3259 quon

343 3277 597 3347 Corporis
622 3275 729 3328 vita
751 3273 1015 3328 moriente
1031 3314 1045 3337 ,
1080 3273 1187 3326 vita
3221 3281 3398 3352 [annis

216 3367 311 3421 996
591 3365 749 3420 Vivet
781 3366 822 3396 “
861 3364 1077 3418 amoris.
1577 3355 1584 3367 ’
2032 3367 2261 3439 Eloquio
2285 3366 2574 3422 famulante
2600 3367 2761 3433 diem,
2787 3369 3030 3425 sollenne
3056 3373 3295 3440 reposcit

350 3462 484 3516 Dum
507 3474 697 3529 graves
723 3460 854 3512 istos
880 3457 1185 3510 habitamus
1213 3466 1388 3524 artus,
2033 3457 2222 3512 Munus
2252 3458 2319 3511 ab
2344 3473 2439 3512 ore
2478 3472 2620 3523 meo,
2651 3458 2879 3514 Felicem
2910 3459 3088 3514 dicere
3113 3476 3290 3526 versu,

345 3555 525 3610 Mente
551 3561 605 3607 te
628 3566 844 3622 semper
867 3549 936 3621 (ε)
968 3549 1194 3603 memori
1225 3549 1500 3604 colemus:
2035 3547 2404 3618 Laetitiamque
2433 3564 2606 3603 meam
2621 3549 2885 3604 modulari
2913 3551 3151 3606 carmine
3176 3562 3326 3620 voto,

345 3647 428 3701 Tu
452 3654 606 3716 petes
637 3642 699 3716 (Γ)
731 3643 898 3697 simus
925 3641 1082 3695 simul
1109 3641 1160 3693 in
1192 3642 1414 3710 perenni
1921 3641 1959 3694 5
2030 3639 2097 3694 Et
2126 3655 2375 3710 magnum
2407 3642 2519 3697 cari
2550 3642 2798 3696 meritum
2828 3652 3048 3698 cantare
3078 3643 3317 3712 Patroni,

216 3737 310 3794 500
595 3736 860 3805 Tempore
892 3742 1086 3787 tecum.
2033 3733 2152 3800 Quo
2183 3749 2278 3804 per
2307 3735 2408 3789 iter
2435 3733 2650 3797 durum,
2683 3752 2788 3806 qua
2811 3736 2914 3791 fert
2938 3738 2953 3768 ¹
2979 3738 3062 3792 via
3086 3740 3266 3808 pervia
3293 3742 3472 3810 paucis

347 3832 590 3898 Namque
620 3837 672 3881 te
700 3825 902 3880 celsum
930 3824 1154 3889 meritis,
1187 3823 1238 3875 in
1270 3822 1437 3876 altum
2038 3828 2161 3882 Alta
2215 3843 2312 3898 per
2359 3837 2507 3883 arcta
2555 3835 2744 3898 petens
2790 3845 3016 3900 superas
3062 3832 3363 3901 penetravit
3408 3834 3473 3887 ad

345 3923 573 3976 Culmen
611 3920 851 3988 imponet
882 3917 924 3948 ¹⁸
953 3917 1188 3984 pretiosa
1220 3915 1388 3968 virtus
1418 3933 1430 3966 :
1861 3955 1864 3958 .
3204 3924 3397 3993 [arces

345 4014 512 4082 Inque
541 4011 812 4065 viventum
840 4023 999 4076 super
1028 4007 1160 4060 urbe
1194 4005 1400 4073 magnis
2101 4009 2439 4066 Concordate
2485 4011 2618 4064 meis
2643 4051 2657 4074 ,
2718 4027 2911 4081 precor
2932 4053 2948 4078 ,
3005 4021 3061 4066 et
3114 4012 3474 4081 complaudite

213 4105 310 4159 304
597 4101 858 4155 Turribus
887 4097 1069 4151 addet.
3190 4105 3407 4175 {fratres

346 4196 454 4249 Nos
484 4193 650 4255 locis,
678 4197 938 4261 quantum
969 4186 1170 4241 meritis
1195 4184 1431 4249 diremli.
2037 4191 2392 4260 Carminibus,
2421 4201 2678 4262 castoque
2703 4195 2917 4248 animos
2942 4193 3200 4249 effundite
3219 4195 3366 4249 luxu.

343 4287 572 4340 Eminus
600 4282 758 4337 081515
787 4279 1015 4334 ὶιυιιιίιθε
1045 4277 1117 4347 (9)
1146 4275 1404 4345 Patroni?»
1900 4289 1966 4342 10
2039 4288 2242 4343 Gaudia
2270 4296 2455 4344 sancta
2488 4287 2682 4342 decent
2707 4298 2761 4342 et
2789 4288 3028 4342 carmina
3057 4295 3205 4342 casta
3229 4287 3446 4342 ﬁdeles:

345 4377 422 4432 Τε
449 4373 640 4447 Procul
661 4372 827 4427 sacris
848 4369 1054 4424 δοοίηη)
1077 4366 1308 4422 catenis
2043 4377 2173 4434 Nam
2195 4380 2279 4435 cui
2308 4381 2328 4411 ²
2357 4379 2436 4433 las
2463 4379 2760 4446 hominum,
2791 4379 2877 4434 cui
2901 4377 3146 4433 Christus
3167 4379 3188 4409 ³
3217 4393 3476 4447 amorque

211 4469 306 4523 308
434 4547 443 4552 -
590 4462 974 4532 Suspiciemus.
1236 4547 1247 4552 _
1802 4503 1810 4532 ,
3091 4473 3114 4545 Ῐ
3120 4473 3403 4542 timorque,

343 4547 480 4626 Quis
500 4557 588 4611 die
623 4554 778 4608 nobis
801 4551 947 4606 dabit
976 4549 1078 4603 hoc
1112 4549 1165 4602 in
1197 4547 1305 4609 illa,

2034 4564 2151 4618 Non
2175 4565 2407 4633 gaudere
2428 4563 2625 4619 hodie?
2646 4573 2701 4618 et
2728 4580 2954 4619 vacuum
2976 4565 2997 4596 ⁸
3018 4564 3311 4634 procedere
3330 4565 3477 4619 voti?

348 4652 420 4705 Ut
449 4651 529 4704 tui
559 4657 760 4702 stemus
789 4645 973 4698 lateris
997 4642 1094 4696 θυι)
1124 4641 1332 4703 umbra.
2041 4654 2155 4720 Qua
2184 4655 2304 4724 quis
2323 4655 2494 4725 possit
2512 4669 2633 4725 ope,
2664 4655 2884 4725 ingenii,
2914 4655 3234 4724 linguzeque,
3263 4656 3475 4726 reique;

340 4743 410 4796 Et
441 4751 548 4795 tum
586 4739 738 4793 nobis
762 4737 1021 4806 requietis
1050 4751 1180 4789 aura
1722 4741 1726 4745 ’
2043 4745 2326 4801 Caalicolas
2353 4745 2569 4800 Christo
2596 4745 2811 4816 quando
2841 4746 3144 4813 adgandere
3184 4747 3477 4812 ministros,

205 4834 308 4888 3l2
599 4829 889 4900 Temperet
915 4829 1090 4895 ignem
1127 4829 1194 4879 εἳ
1911 4834 1974 4885 l5
2047 4836 2163 4906 Ipsa
2194 4839 2212 4867 ⁸
2243 4838 2404 4892 etiam
2435 4837 2569 4892 festo
2594 4837 2828 4907 produnt
2855 4838 3120 4893 elementa
3147 4837 3373 4892 colore?

273 4997 293 5016 ‘
323 4995 478 5048 Alias
496 4991 559 5044 ει
586 5009 598 5042 :
627 4989 771 5060 quod
793 4999 969 5042 autem
993 4987 1059 5041 l8
1080 4966 1217 5055 erat,
1247 5003 1387 5042 nunc
1413 4987 1495 5040 l4.
1522 4987 1790 5059 Scriptum
1971 4993 2045 5064 (ὁ)
2076 4993 2198 5047 Mss.
2231 4993 2412 5048 Germ.
2445 5002 2499 5048 et
2529 4993 2684 5059 Reg,
2714 4993 2895 5047 condis
2921 5034 2933 5047 .
2963 5034 2975 5046 .
3007 5034 3018 5046 .
3049 5034 3060 5046 .
3095 4992 3343 5064 cumulus.
3372 4990 3479 5064 Sed

204 5089 342 5128 anno
368 5071 500 5138 599,
530 5071 618 5124 die
650 5068 716 5124 Μ
738 5067 955 5122 Ianuar.
1001 5134 1003 5136 η
1899 5065 2090 5118 melius
2116 5065 2203 5118 alii
2232 5065 2466 5127 codices,
2508 5066 2734 5116 condens
2760 5103 2772 5116 .
2799 5102 2814 5117 .
2837 5103 2851 5116 .
2879 5103 2891 5116 .
2926 5064 3215 5125 cumulum,
3264 5063 3476 5113 Audies.

270 5177 294 5245 τι
417 5170 504 5245 ρει
531 5163 619 5230 φεῖ
645 5161 823 5245 έρθξιηι
850 5177 1031 5214 aurum
1070 5177 1134 5214 ex
1163 5159 1320 5214 penis.
1974 5155 2148 5245 (cum
2179 5170 2365 5245 omnes
2393 5154 2634 5245 codices,
2667 5163 2863 5245 pEther
2890 5152 3178 5245 Rosv.‘,pin
3210 5149 3480 5245 quplguo-

267 5235 295 5273 δ
325 5218 470 5290 Vide
497 5218 612 5286 ηόι.
645 5218 766 5284 252.).
1898 5218 2286 5297 qué.'Utraque
2316 5225 2476 5278 lectio
2506 5218 2832 5278 boum-Vide
2865 5239 3031 5277 carm.
3063 5221 3159 5285 16,
3193 5218 3246 5273 νζ
3282 5218 3403 5271 Hb’.

270 5317 293 5388 ξ
326 5303 542 5388 ἒίὲιίὴῖ.
564 5309 690 5367 xx“
719 5301 809 5388 52.1“.
874 5369 997 5388 ,..,_
1036 5386 1059 5388 μ
1082 5381 1122 5388 μ,
1180 5369 1279 5388 ,ω
1908 5386 1929 5388 ῃ
1968 5317 2044 5388 (d)
2075 5316 2244 5370 lIosce
2265 5325 2495 5385 quatuor
2531 5329 2716 5388 versus
2758 5312 3054 5388 addidimus
3079 5326 3142 5364 ex
3167 5325 3265 5363 ms.
3297 5307 3479 5388 codice

265 5374 293 5451 '1.
326 5373 580 5451 [ficemia
611 5372 840 5451 p‘lquca'
874 5369 1005 5425 “de
1035 5381 1146 5424 ηθί·
1180 5369 1299 5426 342'
1894 5369 2265 5451 Germanensi,
2284 5369 2388 5451 lqui
2404 5369 2636 5440 omnino
2665 5383 2950 5438 necessarii
2987 5390 3139 5434 erant
3159 5378 3478 5451 utperlice-

275 5404 293 5410 “
326 5404 580 5430 "Nam"
612 5404 840 5442 νυυδιωο
888 5404 1005 5425 ’ωδ
1035 5404 1146 5424 ""'°
1180 5404 1299 5426 ντί-ο
1894 5404 2265 5451 uermanensn,
2339 5405 2388 5441 ιιι
2419 5404 2636 5440 omnino
2665 5404 2950 5438 necessarii
2987 5404 3139 5434 eram
3165 5404 3222 5432 ut
3255 5404 3472 5447 peritu:-

275 5450 297 5519 ῗ
328 5439 471 5519 ἐτελει-
502 5459 592 5497 x‘”
610 5484 624 5506 ν
657 5441 766 5519 2L
903 5511 1001 5519 -..η
1894 5465 2046 5510 retur
2065 5473 2272 5511 sensus.
2296 5404 2509 5511 (lgcsunt
2537 5457 2589 5508 in
2616 5455 2732 5507 aliis
2753 5451 3044 5511 codicibus,
3072 5459 3124 5503 et
3156 5450 3206 5502 in
3236 5449 3350 5519 ipso
3373 5463 3472 5501 ms.

275 5510 294 5548 ί
328 5510 474 5565 Vide
505 5525 670 5563 carm.
705 5511 792 5576 20,
823 5528 876 5565 V.
902 5511 1026 5564 9.70.
1899 5510 2414 5595 BegiOISOOIannoir.

267 5601 352 5671 (a)
385 5598 451 5653 In
470 5597 640 5671 editis
668 5615 858 5671 νει-ξοδ.
899 5599 1014 5653 Non
1052 5598 1270 5653 dubium
1305 5598 1432 5671 quin
1468 5598 1617 5671 juxta
1650 5614 1778 5671 mss.

195 5666 424 5726 codices
449 5669 723 5740 Germ.__et_
742 5668 872 5738 Reg.
905 5671 1184 5740 legendum
1213 5672 1282 5724 sit
1313 5666 1490 5740 Bessos
1509 5707 1522 5730 ,
1569 5666 1638 5740 de
1664 5669 1782 5740 qui-

197 5741 299 5822 bus
317 5741 596 5822 superius.
626 5736 760 5792 Vide
785 5736 896 5793 not.
919 5736 1025 5792 933'?
1072 5740 1298 5807 Quidam
1328 5739 1556 5799 codices,
1582 5738 1786 5790 imitare

195 5827 249 5862 ιη
280 5826 444 5880 ipsis.

421 5904 688 5961 Pnnut.
747 5903 904 5962 LXI.

3002 5886 3071 5942 16

1970 5621 2041 5687 (e)
2070 5619 2164 5674 Ms.
2196 5618 2400 5679 (ierim,
2431 5632 2698 5669 memores.

1963 5701 2027 5767 (ι’)
2059 5698 2202 5752 Idem
2233 5713 2331 5750 ms.
2365 5696 2532 5752 codex
2562 5694 2766 5756 Germ.,
2799 5691 2871 5744 Tu
2901 5701 3014 5760 pete
3043 5701 3096 5744 ut
3127 5695 3308 5744 siums.

1966 5779 2039 5846 (gi)
2071 5776 2166 5828 Ms.
2197 5773 2573 5830 Ccrmancnsis
2601 5773 2792 5839 codex,
2823 5780 3115 5840 patronum,
3181 5786 3285 5824 non
3311 5769 3469 5824 male.
