4008 6346
574 351 664 406 191

1503 339 1560 395 S.
1595 338 1864 392 PAULINI
1906 330 2152 391 NO'LANI
2193 329 2493 386 EPISCOPl
2533 326 2872 382 POEMATA.
3710 328 3802 385 ιρι

792 463 1011 520 Cernite
1034 461 1272 516 laetitiam
1302 455 1482 511 mundi
1507 457 1560 510 in
1588 453 1877 524 splendore
1904 451 2011 506 diei

724 554 948 610 Elucere
977 552 1143 608 sacris
1173 548 1466 619 insignibus
1495 565 1510 613 ;
1539 547 1719 601 omnia
1745 546 1896 599 lactus

717 645 930 700 Candor
948 643 1131 707 habet,
1162 641 1334 695 siccus
1361 637 1558 693 teneris
1585 653 1616 690 a
1645 636 1872 690 nubibus
1901 634 2072 689 imber

722 737 964 800 Ponitur,
994 741 1049 788 et
1078 734 1235 786 niveo
1276 730 1435 784 tellus
1457 728 1666 782 velatur
1693 727 1911 780 amictu.

580 831 646 884 2'.)
717 829 845 895 Quae
874 826 997 880 nive
1026 833 1202 887 tecta,
1234 820 1408 875 solum
1431 819 1587 885 nive,
1617 817 1781 880 silvae,
1819 823 1874 869 et
1902 813 2154 873 culmina,

588 1375 658 1431 25

1870 907 2057 981 [colles
2075 923 2088 954 :

723 1011 929 1067 Cuncta
957 1008 1102 1065 senis
1129 1007 1303 1062 Sancti
1333 1018 1498 1059 canos
1529 1009 1792 1057 testantur
1819 999 2090 1061 honores;

724 1101 1092 1171 Angelicaque
1118 1097 1314 1152 docent
1343 1102 1397 1149 et
1424 1093 1544 1148 luce
1571 1100 1627 1147 et
1653 1106 1788 1162 pace
1815 1090 1977 1160 potiri

726 1192 960 1247 Felicem
984 1187 1192 1259 placida
1221 1186 1425 1241 clarum
1455 1185 1506 1238 in
1537 1183 1759 1250 regione
1786 1181 2021 1250 piorum,

722 1287 918 1340 Lactea
947 1299 1064 1353 quae
1095 1282 1256 1336 tacito
1285 1281 1536 1334 labuntur
1566 1276 1762 1330 vellera
1793 1273 1952 1328 coelo.

797 1375 1008 1430 Christe
1033 1412 1047 1435 ,
1098 1371 1239 1427 Deus
1266 1371 1458 1426 Felicis
1481 1410 1494 1433 ,
1526 1368 1656 1423 ades
1684 1383 1698 1431 ;
1743 1366 1811 1419 da
1856 1379 1995 1417 nunc
2038 1361 2168 1416 mihi

1851 1456 2097 1528 [verbum

729 1556 924 1610 Sermo
951 1554 1117 1618 Deus,
1143 1553 1207 1607 da
1239 1551 1576 1623 perspicuam
1608 1547 1882 1618 Sapientia
1910 1554 2164 1606 mentem.

735 1649 852 1703 Non
883 1649 1002 1718 opis
1028 1649 1274 1701 humana:
1303 1644 1376 1716 (a)
1408 1643 1652 1697 facundia
1690 1641 1870 1694 dicere
1901 1638 2082 1692 laudes

735 1738 901 1793 Posse
927 1746 1046 1791 tuas
1070 1754 1084 1787 :
1119 1744 1208 1788 tua
1233 1748 1465 1801 namque
1493 1731 1571 1785 tui
1601 1739 1726 1784 sunt
1755 1728 1946 1798 gaudia
1975 1726 2165 1782 sancti.

809 1828 974 1893 Cedo,
1002 1828 1090 1881 alii
1117 1827 1355 1897 pretiosa
1379 1825 1553 1878 ferant
1579 1823 1800 1876 donaria
1824 1835 2017 1890 meque

586 1925 666 1979 .30
737 1921 909 1977 Officii
937 1929 1116 1975 sumtu
1149 1925 1431 1988 superent,
1463 1916 1555 1984 qui
1586 1915 1766 1984 pulcra
1797 1913 2037 1981 tegendis

2181 453 2228 508 Α

2264 1081 2334 1135 65

2207 1809 2254 1868 Β

2401 445 2538 498 Ante
2565 443 2707 497 diem
2738 439 2933 495 meruit
2962 438 3085 494 facti
3114 451 3443 508 prmcerpere
3471 438 3696 504 laudem,

2259 534 2326 588 60
2401 533 2750 604 Prcherrique
2779 533 2902 594 illis,
2933 547 3164 599 quorum
3192 532 3330 599 stipe
3357 531 3553 585 vicerat
3582 547 3772 599 aurum,

2399 625 2617 680 Munere
2647 639 2852 694 pauper
2870 639 3026 688 anus,
3054 623 3148 678 sed
3179 623 3395 691 prodiga
3427 627 3585 679 corde
3617 627 3760 680 lideli.

2469 717 2608 785 Ergo
2633 760 2648 784 ,
2681 717 2804 770 boni
2835 715 3024 770 fratres
3047 758 3063 783 ,
3110 716 3302 785 quibus
3332 717 3442 771 hmc
3471 716 3698 785 dignatio
3721 759 3736 783 ,
3760 732 3806 775 et

3637 809 3748 880 [iste

2401 900 2728 966 Consensus,
2755 898 2973 968 placidis
3000 898 3264 953 advertite
3288 900 3552 954 mentibus
3580 915 3741 965 aures,

2406 989 2515 1045 Nec
2541 991 2652 1058 qui,
2678 990 2771 1044 sed
2803 989 2870 1044 de
2897 1006 3004 1057 quo
3035 991 3241 1058 loquar,
3274 991 3519 1045 exaudite
3549 993 3776 1050 libenter.

2408 1082 2756 1152 Despicienda
2775 1082 3013 1152 quidem,
3033 1092 3208 1137 tamen
3235 1092 3289 1138 et
3307 1084 3548 1138 miranda
3563 1085 3808 1155 profabor,

2409 1174 2757 1244 Despicienda
2787 1191 2908 1229 meo
2940 1177 3184 1244 ingenio,
3219 1178 3457 1232 miranda
3487 1180 3623 1234 beati

2409 1265 2599 1320 Felicis
2629 1266 2818 1320 merito
2843 1282 2857 1329 ;
2890 1266 3030 1336 quod
3061 1267 3240 1320 dicere
3268 1283 3374 1320 non
3403 1270 3517 1323 sine
3537 1269 3721 1324 Christi

2403 1357 2585 1411 Laude
2612 1357 2777 1410 licet:
2804 1357 2926 1426 quia
2948 1357 3204 1426 quidquid
3233 1359 3286 1412 in
3318 1359 3421 1414 hoc
3446 1361 3714 1428 miramur,
3755 1364 3811 1420 ab

3554 1455 3642 1514 illo
3663 1465 3754 1520 est,

3554 1455 3606 1507 ill
3663 1472 3694 1510 e

2414 1543 2563 1596 Unde
2593 1541 2693 1611 piis
2721 1541 2904 1605 virtus,
2937 1548 2992 1596 et
3017 1558 3118 1612 per
3138 1557 3297 1611 quem
3327 1545 3437 1599 vita
3462 1455 3694 1615 sepultis.

2275 1635 2340 1688 70
2413 1633 2704 1688 Praeteritis
2729 1633 2899 1687 cecini
2926 1635 3175 1702 patriam,
3206 1649 3393 1702 genus,
3427 1645 3566 1703 acta,
3597 1637 3785 1701 libellis,

2416 1726 2481 1778 Et
2510 1734 2620 1780 tota
2647 1737 2890 1780 sanctum
2917 1735 3165 1795 repetens
3193 1728 3260 1781 ab
3289 1728 3495 1797 origine
3523 1730 3595 1800 (ά)
3623 1729 3719 1784 dixi

2419 1819 2671 1883 Felicem,
2703 1818 2876 1874 donec
2905 1818 3152 1888 perfecta:
3183 1828 3425 1890 tempora
3452 1822 3573 1876 vita:

2418 1909 2720 1975 Clauderet,
2751 1919 2805 1962 et
2832 1909 3006 1978 posito
3026 1910 3252 1966 desertis
3279 1927 3507 1981 corpore
3535 1915 3697 1978 terris,

2423 1999 2687 2052 Tenderet
2714 2001 2898 2052 aeterni
2931 1999 3118 2053 merita
3153 2000 3218 2054 ad
3243 2004 3515 2056 consortia
3542 2004 3700 2072 regni.

2286 2091 2352 2144 75
2424 2089 2528 2143 Sed
2558 2090 2681 2160 quia
2706 2104 2810 2143 non
2833 2089 2991 2144 iidem
3014 2092 3225 2158 tumuli,
3253 2093 3343 2162 qui
3365 2093 3598 2147 membra
3619 2093 3798 2163 piorum

2424 2180 2487 2233 Et
2516 2181 2706 2234 merita
2732 2182 3000 2235 occultant
3024 2199 3039 2248 ;
3066 2183 3361 2237 animarum
3391 2185 3502 2239 vita
3522 2195 3766 2255 superstes

2426 2271 2752 2340 Corporibus
2781 2271 2993 2335 functis,
3025 2275 3278 2340 qumsitos
3308 2291 3538 2346 corpore
3565 2276 3766 2338 fructus,-

2431 2363 2494 2416 Et
2520 2375 2643 2433 post
2671 2380 2961 2434 corporeos
2988 2366 3163 2420 obitus
3194 2383 3302 2420 non
3325 2377 3559 2432 mortua,
3587 2370 3732 2423 sentit

745 2015 875 2068 Vela
906 2015 1078 2068 ferant
1110 2023 1134 2049 σι
1168 2011 1372 2065 foribus
1395 2052 1410 2075 ,
1460 2025 1553 2064 seu
1585 2025 1719 2078 puro
1748 2006 2024 2076 splendida
2049 2005 2176 2066 lino,

746 2103 871 2159 Sive
900 2102 1154 2158 coloratis
1183 2108 1387 2156 textum
1421 2099 1594 2153 fucata
1623 2097 1824 2167 figuris.

745 2193 1096 2266 527-428
1124 2192 1189 2246 Hi
1239 2192 1398 2245 Ιίηνρε
1437 2190 1620 2243 titulos
1650 2190 1795 2243 lento
1831 2189 2032 2258 poliant
2053 2189 2072 2216 ⁸
2099 2201 2185 2239 ar-

1907 2280 2111 2352 [gentm

751 2373 1052 2443 Sanctaque
1081 2371 1312 2444 praefixis
1341 2375 1361 2404 ⁷
1392 2371 1661 2436 abducant
1688 2371 1869 2425 limina
1901 2371 2109 2423 lamnis.

609 2462 678 2517 55
755 2464 850 2518 Ast
879 2465 967 2518 alii
995 2465 1152 2534 pictis
1180 2462 1476 2518 accendant
1505 2462 1705 2516 lumina
1739 2461 1877 2516 ceris
1908 2459 1956 2526 ι),
2432 2455 2575 2509 chta
2609 2456 2675 2528 (ε)
2706 2459 2909 2522 bonos,
2941 2460 3175 2513 cruciata
3204 2460 3404 2524 malos,
3437 2477 3569 2532 quos
3596 2478 3756 2517 rursus
3777 2462 3817 2517 in

746 2553 1152 2621 Multiforesque
1179 2551 1324 2607 cavis
1354 2551 1577 2621 lychnos
1605 2550 1945 2618 laquearibus
1976 2555 2185 2618 aptent,
3593 2554 3764 2625 {ipsum

752 2643 822 2698 Ut
844 2643 1052 2697 vibrent
1075 2640 1331 2695 tremulas
1360 2640 1559 2693 funalia
1591 2639 1822 2710 pendula
1851 2637 2111 2692 flammas.
2281 2637 2361 2692 '80
2433 2639 2694 2708 Tempore
2722 2651 2949 2695 venturo
2975 2658 3168 2712 corpus
3197 2653 3475 2711 revocata,
3507 2646 3717 2700 remixto

756 2733 1001 2804 Martyris
1025 2732 1080 2786 hi
1106 2731 1365 2786 tumulum
1391 2729 1642 2786 studeant
1662 2728 1980 2801 perfundere
2002 2727 2189 2793 nardo,
2433 2729 2672 2799 Corpore
2692 2773 2709 2795 ,
2737 2733 3006 2785 communi
3038 2741 3202 2786 metet
3235 2735 3274 2764 ¹²
3307 2734 3591 2790 indiscreta
3617 2743 3816 2803 receptu.

754 2823 826 2880 Et
850 2824 1109 2880 medicata
1132 2826 1153 2855 ⁸
1183 2823 1274 2894 pio
1303 2821 1536 2878 referant
1558 2832 1826 2891 unguenta
1856 2821 2120 2891 sepulcro.
2436 2820 2614 2888 Longa
2631 2821 2788 2888 igitur
2803 2820 3222 2888 mihimateries;
3246 2832 3606 2896 qualituque
3618 2825 3708 2879 erit
3725 2824 3820 2884 :evi,

619 2919 690 2973 40
761 2916 911 2972 Cedo
951 2915 1201 2984 equidem
1230 2923 1285 2970 et
1334 2913 1405 2985 (b)
1451 2929 1622 2969 vacuo
1670 2914 1852 2969 multis
1895 2912 2195 2985 potioribus
2438 2911 2663 2982 Tantum
2693 2913 2796 2965 erit
2825 2920 2879 2966 et
2909 2913 3054 2966 verbi
3084 2929 3261 2983 super.
3303 2913 3346 2966 0
3366 2915 3412 2968 si
3442 2916 3614 2970 dicere
3641 2914 3680 2947 ³³
3703 2921 3820 2982 gesta

1949 3003 2124 3075 [θυι-ο,
2442 3002 2631 3056 Felicis
2661 3002 2726 3074 (f)
2759 3003 2931 3068 liceat,
2963 3012 3239 3072 totumque
3267 3003 3462 3059 eflerre
3491 3021 3583 3076 per
3607 3005 3769 3060 orbem

760 3099 922 3165 Queis
942 3098 1119 3167 gravis
1146 3113 1253 3152 aere
1273 3099 1419 3152 sinus
1440 3098 1728 3164 relevatur,
1755 3106 1944 3166 egente
1965 3096 2190 3166 repleto,
2298 3094 2367 3148 85
2437 3094 2790 3167 429-430
2816 3094 3042 3150 Nomina
3084 3095 3161 3150 sic
3192 3096 3367 3150 meriti
3392 3137 3408 3162 ,
3442 3116 3475 3151 υ
3503 3097 3546 3150 si
3569 3097 3706 3166 copia
3730 3104 3824 3149 tan-

757 3191 859 3257 Qui
887 3191 1154 3261 locuplete
1180 3205 1340 3244 manu
1371 3192 1697 3260 promptaria
1719 3191 1847 3244 ditia
1874 3190 2053 3243 laxant
2080 3192 2123 3253 ’,
2223 3167 2268 3229 (ἶ
3476 3189 3548 3262 [ta
3575 3190 3639 3243 sit
3659 3188 3770 3249 oris,

763 3282 829 3336 Et
855 3283 1018 3337 variis
1041 3283 1275 3336 animam
1306 3290 1631 3352 sponsantes
1672 3293 1692 3320 ο
1725 3281 1935 3336 dotibus
1963 3279 2196 3345 adstant,
2439 3279 2645 3345 Quanta
2673 3295 2895 3350 operum
2926 3281 2969 3311 ³⁸
3006 3280 3288 3350 meritique
3317 3292 3519 3336 manet.
3559 3280 3680 3334 Nam
3713 3287 3826 3333 tem-

760 3372 943 3428 Mente
973 3387 1148 3442 pares,
1171 3387 1275 3442 ope
1299 3372 1494 3430 diversi
1519 3389 1532 3437 ;
1565 3388 1664 3427 nec
1693 3372 1908 3439 segnius
1937 3371 2010 3425 illi
3414 3374 3567 3448 [pore
3592 3372 3654 3425 ab
3679 3371 3772 3434 illo,

615 3447 691 3518 45
761 3462 986 3518 Fercula
1015 3463 1197 3532 opima
1225 3461 1379 3526 cibis,
1409 3463 1580 3517 cervis
1603 3463 1768 3515 aulam
1797 3461 2028 3529 ferisque
2053 3462 2094 3491 “

762 3555 933 3624 Larga
968 3553 1218 3623 quidem,
1247 3552 1341 3608 sed
1371 3560 1553 3606 mutua
1587 3553 1763 3607 dicant
1788 3570 1798 3603 :
1850 3553 1949 3619 ego
1977 3564 2201 3604 munere

2441 3461 2559 3528 Quo
2580 3462 2808 3532 primum
2839 3463 2940 3519 ista
2971 3463 3084 3518 dies
3103 3463 3334 3519 Felicem
3363 3463 3473 3520 fine
3499 3465 3650 3519 beato

2441 3552 2711 3618 Condidit,
2745 3563 2800 3609 et
2828 3569 3044 3609 carnem
3073 3555 3220 3618 teris,
3243 3554 3479 3608 animam
3507 3552 3644 3609 dedit
3667 3550 3828 3615 auris;

1896 3641 2128 3713 [lingu-ae,
2442 3644 2520 3699 Ex
2552 3643 2642 3700 illo
2665 3660 2833 3716 prope
2863 3653 3052 3700 cuncta
3082 3645 3197 3699 dies
3226 3653 3492 3714 operante
3527 3643 3720 3699 videtur

766 3734 949 3789 Nudus
978 3733 1047 3806 (c)
1079 3749 1242 3805 opum
1290 3733 1521 3789 famulor
1544 3779 1558 3802 ,
1609 3733 1677 3788 de
1727 3749 1810 3788 me
1864 3750 1983 3787 mea
2024 3734 2201 3788 debita
2303 3735 2371 3789 90
2441 3735 2762 3792 Confessore
2791 3735 2907 3803 Dei,
2938 3737 3133 3806 probat
3159 3746 3213 3791 et
3241 3738 3359 3792 sine
3386 3752 3614 3807 corpore
3640 3736 3787 3789 vivum

1293 3831 1296 3834 ’
1875 3823 2129 3895 [solvens,
2446 3828 2705 3894 Christus,
2737 3837 2794 3882 ut
2822 3827 3067 3882 ostendat
3093 3827 3350 3896 majorem
3381 3829 3438 3882 in
3469 3835 3635 3882 morte
3660 3826 3828 3895 piorum

767 3915 958 3984 Meque
986 3915 1159 3984 ipsum
1190 3929 1288 3984 pro
1307 3928 1411 3979 me,
1443 3914 1562 3968 vilis
1591 3915 1714 3970 licet
1744 3915 1937 3980 hostia,
1969 3915 2165 3984 pendo.
2444 3920 2706 3974 Virtutem
2730 3959 2745 3984 ,
2776 3935 2934 3988 quam
2966 3919 3069 3973 vim
3092 3919 3143 3973 in
3166 3919 3273 3972 vita
3293 3933 3572 3988 superesse
3594 3917 3827 3971 malorum.

763 4006 872 4062 Nec
901 4014 1135 4061 metuam
1163 4006 1361 4076 sperni,
1390 4007 1641 4074 quoniam
1667 4022 1772 4060 non
1803 4006 1927 4060 vilia
1957 4005 2169 4060 Christo
2516 4011 2651 4066 Ecce
2682 4011 2825 4065 vides
2855 4011 3114 4064 tumulum
3143 4025 3294 4064 sacra
3336 4007 3584 4080 Martyris
3629 4019 3734 4060 ossa
3763 4011 3829 4056 te-

610 4095 694 4150 .50
767 4095 1024 4166 Pauperis
1051 4095 1294 4164 obsequii
1323 4095 1596 4161 libamina,
1628 4096 1718 4164 qui
1746 4095 1852 4150 duo
1876 4095 2027 4151 laetus
3551 4099 3776 4171 [gentem,

768 4188 894 4241 .IEra
927 4187 1026 4257 pia:
1055 4201 1274 4241 censum
1301 4187 1476 4240 viduae
1514 4186 1728 4241 laudata
1758 4188 1979 4258 recepit.
2445 4191 2510 4245 Et
2539 4192 2759 4245 tacitum
2788 4191 3010 4245 obtento
3037 4189 3238 4244 servari
3277 4203 3548 4243 marmore
3573 4199 3774 4257 corpus:

767 4280 916 4335 Tunc
954 4295 1168 4350 quoque
1215 4279 1383 4333 multa
1430 4278 1541 4334 Deo
1589 4279 1885 4349 locupletes
1932 4280 2073 4334 dona
2125 4278 2202 4334 fe-
2307 4281 2377 4336 95
2447 4283 2558 4354 [(g)
2589 4283 2756 4338 Nemo
2785 4283 2955 4337 oculis
2982 4277 3255 4336 hominum
3297 4295 3404 4349 qua
3435 4293 3654 4347 corpore
3689 4273 3830 4331 cerni.

1071 4372 1084 4380 '
1901 4369 2133 4441 [rebant,
3445 4373 3582 4444 [mus
3611 4360 3780 4432 exstat]

766 4462 1060 4533 'lmplentes
1086 4463 1292 4530 magnis
1316 4463 1504 4516 :eraria
1533 4471 1716 4517 sancta
1749 4463 1984 4517 talentis.
2238 4525 2276 4536 η
2449 4466 2682 4522 Membra
2713 4465 2878 4521 latent
2904 4465 3062 4536 positi
3086 4505 3100 4527 ,
3143 4463 3348 4534 placida
3383 4478 3512 4518 caro
3536 4470 3697 4518 morte
3713 4456 3833 4527 quie-

769 4525 874 4606 Sed
897 4550 1141 4606 Christus
1169 4525 1441 4621 spectator
1463 4561 1598 4616 erat,
1629 4552 1720 4620 qui
1746 4552 1909 4606 corda
1942 4552 2203 4609 ferentum
2238 4525 2282 4584 Ι)
2905 4525 2921 4536 ’
3089 4525 3095 4527 Π
3144 4525 3160 4534 ’
3659 4525 3778 4622 [scit.

633 4637 700 4692 55
770 4639 1062 4709 lnspiciens
1091 4641 1262 4695 vidum
1292 4641 1522 4709 palmam
1548 4640 1696 4694 dedit
1721 4657 1734 4706 ;
1770 4641 1857 4694 illa
1885 4642 2060 4696 diurni

770 4731 907 4787 Rem
948 4733 1155 4797 victus,
1206 4732 1450 4798 geminos
1501 4731 1668 4804 (quod
1717 4733 1766 4786 ei
1816 4734 2112 4789 substantia
2155 4737 2204 4806 ά)
2454 4739 2603 4794 Unde
2630 4740 2790 4808 igitur
2819 4747 2996 4792 tantus
3023 4739 3334 4792 circumstat
3365 4736 3545 4790 limina
3577 4733 3771 4788 terror?

1867 4823 2140 4896 [nummos
2453 4829 2584 4895 Quis
2627 4837 2804 4882 tantus
2831 4829 2940 4895 agit
2970 4828 3072 4882 huc
3101 4827 3328 4898 populo‘s
3355 4827 3377 4879 ?
3421 4841 3658 4896 quamam
3684 4835 3837 4878 manus

769 4914 993 4969 Miserat
1021 4915 1072 4967 in
1101 4927 1328 4977 sacram,
1361 4913 1434 4967 nil
1465 4915 1503 4945 “
1532 4915 1689 4968 anxia
1711 4917 1972 4985 corporis,
2005 4932 2202 4972 arcam.
3633 4919 3784 4990 [urget

763 5006 1064 5076 Propterea
1091 5023 1156 5061 ex
1189 5007 1304 5076 ipso
1331 5007 1541 5061 venturi
1569 5006 1766 5065 Judicis
1796 5024 1890 5064 ore
2318 5014 2418 5068 100
2460 5013 2775 5068 υωηιοηαεῖ
2811 5013 3107 5080 invitosque
3137 5013 3320 5080 rapit?
3345 5012 3638 5080 frustraque
3663 5003 3820 5063 rebelli

2457 4649 2510 4704 ln
2541 4664 2688 4720 spem
2712 4664 2817 4703 non
2847 4664 3066 4704 vacuam
3091 4648 3335 4701 rediviva:
3363 4648 3578 4702 condita
3604 4646 3731 4698 vitae.

705 5157 733 5184 ⁸
755 5147 896 5202 'Vide
918 5156 1034 5201 not.
1069 5145 1191 5201 255.

702 5217 734 5254 ³³
766 5216 897 5272 Vide
923 5225 1037 5271 not.
1061 5216 1186 5269 254.

704 5299 730 5327 ο
760 5285 894 5344 Vide
916 5296 1026 5341 not.
1059 5285 1181 5340 255.

2395 5150 2467 5219 (e)
2498 5148 2587 5204 Sic
2634 5150 3034 5205 emendavimus
3077 5165 3142 5204 ex
3186 5167 3314 5206 mss.
3357 5151 3565 5206 duobus
3610 5143 3842 5219 codicibus

2317 5213 2496 5275 Germ.
2527 5227 2582 5273 et
2610 5229 2758 5290 recte
2783 5238 2796 5284 ;
2847 5221 2898 5275 id
2929 5228 3012 5274 est.
3035 5261 3048 5282 ,
3099 5222 3275 5274 anima
3311 5238 3522 5290 corpore
3548 5229 3693 5290 exuta
3715 5213 3841 5268 sentit

2315 5291 2433 5343 lazta
2463 5291 2658 5360 fructus
2686 5289 2860 5354 bonos,
2893 5291 3066 5344 anima
3093 5292 3318 5344 cruciata
3339 5288 3534 5361 fructus
3555 5288 3842 5361 "30108,?qu

2315 5351 2542 5429 tempore
2578 5361 2750 5429 [uturo
2774 5362 2828 5413 in
2851 5351 3024 5429 ipsum
3057 5376 3239 5429 corpus
3269 5351 3503 5415 renovata
3532 5366 3692 5413 metet.
3723 5351 3836 5429 μιρτ

2312 5423 2461 5500 Crin.
2492 5436 2546 5481 et
2577 5423 2779 5482 Poelm.
2800 5473 2814 5497 ,
2845 5423 2989 5500 quos.
3024 5423 3160 5484 Ante
3191 5441 3305 5484 erat
3335 5431 3480 5484 nullo
3509 5444 3686 5484 sensu,
3709 5423 3842 5471 ιαῖτσ

2314 5497 2802 5570 bonis,_qrucictque
2829 5497 3010 5570 malos,
3040 5500 3194 5570 quod.

708 5561 776 5640 (ej
795 5567 916 5622 Mss.
938 5569 1044 5624 duo
1061 5568 1275 5622 codices
1293 5561 1498 5630 Germ.,
1519 5565 1728 5620 Nullus.
1747 5565 1891 5621 Bona
1907 5568 2218 5689 utraq’uele-
2392 5561 2613 5691 Sphiss.
2643 5561 2748 5623 duo
2777 5570 2932 5624 codd.
2965 5561 3145 5623 Germ.
3173 5577 3228 5624 et
3255 5562 3380 5624 editi
3407 5568 3638 5635 quinque
3668 5561 3838 5634 pateat;

709 5657 760 5691 ο.
791 5637 1012 5691 Vulgata
1029 5636 1379 5691 conﬁrmatur
1392 5652 1556 5691 carm.
1574 5636 1853 5691 18.v.537.
1873 5633 2028 5690 Nuda
2075 5655 2211 5691 cum.
2318 5647 2373 5691 et
2433 5653 2499 5691 uo
2520 5653 2645 5691 mss.
2677 5638 2879 5691 addunt
2906 5647 3026 5691 nost
3047 5649 3240 5691 pateat.
3272 5637 3483 5691 ciconia
3507 5641 3646 5686 tanta
3662 5630 3837 5682 sitoru-

637 5624 773 5695 ctib.’
791 5637 1012 5709 vulgata
1029 5636 1379 5709 confirmatur
1392 5624 1556 5709 carm.
1574 5636 1716 5700 18,v.
1733 5636 1853 5700 537,
1873 5633 2028 5690 Nuda
2045 5624 2211 5692 boum.
2318 5647 2373 5692 et
2392 5624 2645 5709 duomss.
2677 5638 2879 5694 addunt
2906 5647 3026 5708 post
3045 5649 3240 5709 pateat,
3272 5640 3316 5690 si
3337 5624 3483 5704 copia
3507 5624 3646 5709 tanta
3662 5624 3724 5709 iit
3738 5624 3837 5709 oris-

712 5708 788 5780 (ά)
818 5697 940 5762 Mss.
966 5697 1084 5762 duo
1110 5708 1313 5771 Germ,
1342 5708 1486 5761 duxi.
1647 5697 1653 5700 ⁷
1842 5697 1848 5700 ’
2391 5708 2467 5777 (g)
2496 5706 2692 5763 Versus
2721 5709 2810 5764 ille
2841 5697 3055 5763 additus
3078 5717 3160 5762 est
3189 5697 3255 5763 ex
3284 5697 3408 5762 mss.
3442 5705 3564 5760 cod.
3599 5700 3634 5754 2
3658 5697 3814 5752 Germ.

706 5356 732 5395 ἀ
764 5357 820 5413 Id
842 5366 924 5414 est
955 5357 1088 5412 bona
1116 5373 1210 5412 seu
1237 5357 1446 5412 dicitur.

705 5429 781 5504 (ᾳ)
809 5428 885 5504 ita
915 5443 1042 5504 mss:
1073 5427 1180 5481 duo
1208 5426 1421 5504 codices
1443 5425 1623 5483 Germ.
1657 5426 1817 5488 Editi.
1847 5430 2087 5499 facunde.

706 5495 909 5571 (θρίξ.
946 5497 969 5571 l_
998 5499 1180 5571 Germ.
1215 5495 1407 5571 cod_ex,
1438 5514 1591 5571 van_q.
