4008 6346
185 305 278 362 ωε
1602 313 1768 369 ΡΟΕΜ

1871 312 2053 368 XVIII.
3342 317 3446 372 49o

316 420 457 475 Voce
486 421 845 477 reclamantes
875 425 1150 495 compellit
1179 426 1418 496 adusque
1446 428 1751 498 sepulcrum
1783 437 1826 490 Α
2001 426 2180 483 Turba
2203 443 2304 498 per
2329 428 2592 484 anhereas
2620 430 2665 461 "
2694 437 3008 498 susceperat
3031 428 3192 484 obvia
3216 429 3418 496 nubes;

313 513 584 584 Martyris,
619 524 672 568 et
702 523 891 570 sancto
918 517 1069 586 quasi
1102 519 1176 588 (α)
1207 517 1339 572 fixos
1374 519 1554 574 limine
1575 521 1758 574 sistit?
2004 520 2350 588 Angelicique
2377 520 2527 575 chori
2556 521 2918 591 septemplicis
2945 521 3157 589 agmina
3192 521 3334 584 αξη,

390 604 645 675 Respicio
673 607 810 662 hanc
835 608 1122 676 aliquando
1152 608 1294 663 diem
1314 652 1328 673 ,
1375 626 1537 679 quam
1566 619 1756 666 moesta
2001 607 2172 672 Totis,
2203 625 2308 677 qua
2339 612 2534 665 celum
2560 620 2728 681 patet,
2761 611 3098 665 occurrentia
3126 610 3297 680 portis
3315 651 3330 674 ,

1475 705 1686 775 [relicto
2002 700 2162 768 Regis
2191 701 2243 754 in
2273 702 2607 771 adspeetum,
2633 704 2933 771 summique
2961 702 3200 772 parentis
3229 702 3297 756 ad
3327 717 3441 764 ora,

308 788 448 845 Orbe
472 791 589 856 fuit,
615 809 774 862 quam
796 793 912 848 Ima
938 794 1082 864 polo,
1115 811 1237 850 cum
1261 795 1504 849 Christus
1528 798 1754 850 amicam
1861 789 1961 843 115
1999 791 2221 845 Sidereo
2247 793 2520 847 volucrem
2550 792 2656 846 lteti
2686 808 2879 847 vexere
2911 794 3201 863 triumpho.

182 878 273 930 105
311 881 605 935 Assutnens
629 883 861 937 animam
891 893 1042 938 casto
1075 885 1212 939 Deus
1241 886 1420 940 hausit
1449 887 1518 940 ab
1542 901 1638 941 ore
1664 887 1676 937 !
2069 882 2150 936 Tu
2178 885 2336 937 nivea
2365 899 2576 938 sacrum
2601 891 2763 954 caput
2791 900 3051 938 ornavere
3089 899 3290 938 corona
3319 902 3330 935 :

308 970 525 1026 Addidit
553 983 802 1027 ornatum
835 975 1003 1039 ctelis,
1039 991 1136 1030 nec
1164 977 1390 1045 pignore
1418 985 1591 1030 terras
1997 971 2104 1026 Sed
2165 983 2345 1027 tamen
2406 983 2462 1027 et
2519 989 2730 1028 roseam
2793 973 2953 1046 Pater
3006 974 3209 1028 addidit
3265 974 3438 1028 indice

304 1061 529 1117 Orbavit
555 1083 568 1116 :
597 1066 777 1134 superi
808 1065 1002 1121 Felicis
1025 1078 1206 1123 mente
1237 1068 1514 1132 fruuntur,
2174 1081 2205 1111 ο
3108 1061 3362 1133 {Christi}.

307 1153 552 1224 Corpore
583 1173 680 1210 nos
707 1173 720 1221 ;
754 1157 1050 1226 animmque
1082 1160 1314 1228 potentis
1339 1160 1566 1229 spiritus
1595 1159 1699 1214 illic
2000 1151 2387 1224 Purpureoque
2414 1153 2600 1209 habitu
2623 1155 2812 1208 niveos
2841 1152 3135 1222 duplicavit
3170 1153 3395 1208 amictus
3420 1172 3434 1218 ;

309 1244 489 1309 Vivit,
519 1255 575 1300 et
604 1247 690 1303 hic
718 1249 967 1302 meritum
994 1266 1008 1312 ;
1041 1249 1132 1304 sed
1158 1259 1328 1305 totum
1359 1250 1562 1307 funeris
1591 1253 1714 1306 almi
1994 1245 2148 1310 Quod
2179 1247 2241 1314 (ἱ)
2267 1245 2472 1300 meritis
2497 1253 2781 1312 utrumque
2803 1244 2984 1299 decus.
3029 1243 3160 1297 Natu
3193 1244 3233 1274 “
3263 1244 3434 1299 lucida

179 1337 269 1391 110
305 1336 644 1395 Praesentane
679 1340 871 1409 juvat,
923 1358 1083 1411 quem
1126 1343 1258 1398 Nola
1306 1345 1600 1416 impendit.
1652 1347 1749 1401 ho-
3101 1336 3149 1405 1⁸
3179 1335 3368 1390 sums“

1444 1438 1672 1508 [ποι-ειη,
1858 1423 1956 1477 150
1993 1423 2166 1486 Serta,
2191 1426 2341 1493 quasi
2376 1424 2589 1495 placido
2621 1426 2911 1480 translatus
2941 1425 2992 1478 in
3023 1444 3027 1475 :

1858 1423 1956 1477 150
1993 1423 2166 1486 Serta,
2191 1426 2341 1493 quasi
2376 1424 2589 1495 placido
2621 1426 2911 1480 translatus
2941 1425 2992 1478 in
3023 1425 3221 1478 (ethera
3255 1425 3437 1482 leto".

371 1520 616 1591 Namque
653 1525 988 1580 smel-dorem
1031 1529 1198 1583 sacris
1217 1572 1231 1594 ν
1267 1530 1526 1599 annisque
1565 1546 1751 1600 parca-
1991 1515 2098 1569 Sed
2126 1518 2322 1569 meruit
2350 1518 2551 1586 pariter
2577 1518 2727 1584 quasi
2753 1517 2878 1571 cesi
2907 1515 3156 1587 martyris
3183 1525 3387 1570 ostrum

1545 1623 1676 1691 [rem
1993 1607 2094 1672 Qui
2116 1607 2391 1662 confessor
2413 1609 2544 1662 obit.
2580 1607 2752 1662 Tenet
2774 1623 2910 1673 ergo
2939 1619 2994 1661 et
3020 1607 3236 1676 pncmia
3266 1609 3428 1678 passi,

308 1702 652 1770 Perdiderat,
695 1707 790 1760 sed
818 1723 941 1762 eum
971 1710 1122 1764 caelis
1153 1711 1397 1765 habitura
1426 1720 1712 1782 patronum
1993 1697 2148 1762 Qu‘ld
2178 1707 2387 1766 lll'Olma
2419 1699 2616 1752 νίνῑυῑθ
2645 1698 2744 1750 ﬁt“
2773 1715 2786 1762 ;
2824 1714 2922 1752 "GC
2946 1699 3092 1767 P‘Cis
3120 1700 3327 1753 ηοηοτθ

301 1794 442 1849 Urbs
469 1797 663 1850 devota
694 1799 838 1867 pium
863 1817 878 1850 τ
913 1816 1008 1869 spe
1038 1800 1110 1871 (ι)
1142 1802 1416 1856 solabatur
1441 1818 1698 1856 amorem.
1785 1809 1828 1868 Β

1785 1809 1828 1868 Β
1989 1790 2298 1858 Ornatuque
2319 1799 2488 1849 caret,
2518 1789 2641 1856 quia
2671 1805 2775 1842 non
2803 1803 3123 1856 congressus
3151 1791 3335 1843 obivit.

367 1887 524 1942 Totis
555 1903 684 1956 ergo
708 1891 904 1958 quibus
933 1893 1161 1961 stipatur
1189 1891 1401 1947 confltta
1435 1894 1625 1955 turbis,
1859 1882 1950 1934 I55

1859 1882 1961 1934 1'55
2070 1882 2234 1935 Fat-1a
2287 1883 2446 1948 igitur
2490 1891 2605 1935 rata
2648 1881 2790 1949 jttsta
2841 1883 2882 1911 "
2935 1881 3080 1950 pium
3120 1890 3304 1936 texere
3344 1897 3430 1936 se-

184 1977 278 2030 115
314 1979 498 2033 Currit
528 1981 581 2034 in
612 1981 956 2049 obsequium,
988 1983 1216 2052 populos
1245 1983 1409 2038 ell‘usa
1439 1984 1638 2039 fideles.
2612 2048 2617 2054 _
3151 1973 3360 2044 ΙΡυῙετο

303 2069 455 2125 'I'uuc
513 2071 671 2125 dolor
729 2081 786 2126 et
834 2074 1007 2142 pietas
1051 2083 1256 2128 coeunt,
1299 2076 1367 2146 (ο)
1416 2075 1470 2128 in
1521 2084 1742 2144 pectora
1986 2066 2167 2119 Futttts
2195 2066 2219 2103 δ
2245 2083 2259 2124 ;
2289 2075 2345 2118 at
2374 2066 2428 2119 in
2456 2067 2653 2118 sanctis
2674 2065 2928 2120 divinitus
2959 2066 3118 2120 insita
3148 2066 3404 2120 membris

1404 2166 1633 2236 [cunctis
1658 2183 1670 2230 ς
1986 2157 2170 2211 Gratia
2195 2174 2300 2211 non
2331 2158 2505 2226 potuit
2529 2174 2651 2211 cunt
2679 2174 2842 2212 carne
2873 2160 3116 2228 uterique
3145 2159 3360 2228 tegique
3384 2176 3398 2212 :

295 2250 544 2305 Adtnixta
577 2253 777 2320 pietate
807 2253 936 2307 ﬁdes
964 2255 1266 2324 gaudetque
1291 2256 1564 2326 doletque.

1985 2246 2134 2302 Illico
2162 2247 2255 2301 sed
2284 2248 2472 2317 positis
2499 2264 2563 2301 ex
2595 2248 2805 2303 ossibus
2828 2249 2892 2318 (j)
2924 2264 3050 2303 ecce
3075 2250 3240 2303 micat
3268 2249 3380 2314 lux,

295 2341 509 2406 Etlicet
538 2345 614 2411 (4)
639 2344 866 2398 accitum
893 2345 1110 2399 Christo
1139 2362 1302 2416 super
1326 2347 1527 2401 {ethera
1557 2348 1670 2401 tolli
1985 2340 2112 2405 Quae
2143 2340 2367 2394 medicis
2396 2340 2589 2410 opibus
2617 2341 2793 2396 meriti
2823 2342 2952 2396 dare
2980 2345 3130 2410 signa
3153 2344 3391 2412 potentis

298 2433 532 2488 Felicem
559 2434 761 2497 credat,
797 2443 947 2489 tanto
979 2444 1161 2489 tamen
1195 2437 1304 2505 ipsa
1337 2437 1562 2505 relinqui
1845 2429 1946 2482 100
1985 2429 2257 2484 llactenus
2286 2446 2354 2484 ex
2385 2431 2475 2483 illo
2505 2447 2611 2484 non
2644 2447 2894 2499 umquam
2922 2441 3165 2501 tempore
3193 2436 3386 2503 parcit.

171 2527 260 2580 1Ξο
296 2527 632 2596 Przeceptore
679 2527 865 2593 dolet;
929 2529 1181 2598 quodque
1230 2545 1393 2582 unum
1454 2531 1506 2583 in
1554 2530 1740 2585 funere

1649 2545 1740 2585 em
1984 2521 2047 2574 Et
2077 2530 2212 2587 toto,
2243 2536 2350 2590 quo
2380 2521 2610 2575 mundus
2634 2523 2757 2584 erit,
2789 2522 3010 2590 fulgebit
3040 2524 3090 2576 in
3117 2541 3232 2576 aevo

1457 2623 1665 2693 [sancio
1982 2613 2098 2666 Lux
2125 2612 2333 2676 eadem,
2363 2613 2531 2665 sancti
2555 2613 2754 2666 cineris
2781 2629 2875 2682 per
2903 2615 3079 2667 secula
3103 2624 3308 2668 custos.

298 2710 438 2765 Inter
466 2721 521 2766 et
548 2711 835 2780 exsequias
864 2719 1030 2765 restat
1055 2712 1295 2766 solamen
1323 2713 1546 2779 amoris,
1982 2705 2228 2776 Martyris
2275 2705 2386 2758 bmc
2434 2704 2602 2758 functi
2652 2706 2812 2758 vitam
2865 2706 3058 2775 probat
3090 2724 3103 2768 ;
3178 2715 3230 2760 et
3279 2706 3418 2763 bona

298 2800 584 2871 Postquam
633 2801 937 2871 depositum
991 2802 1288 2856 tumulandi
1335 2803 1389 2855 in
1431 2803 1557 2857 sede
1592 2802 1732 2858 fere-
3131 2797 3348 2867 [Christi

1462 2895 1623 2966 [trum
1641 2935 1658 2958 ,
1985 2885 2066 2939 Ad
2090 2887 2350 2940 tumulum
2380 2885 2571 2942 Felicis
2599 2901 2766 2956 agens
2785 2931 2804 2955 ,
2836 2888 3082 2942 ditlundit
3113 2891 3163 2944 in
3191 2905 3381 2944 omnes

303 2985 548 3041 Certatim
575 2986 806 3057 populus
835 2986 1050 3056 pietatis
1076 2985 1433 3040 circumfusus
1837 2976 1940 3030 165
1984 2977 2186 3032 Felicis
2216 2979 2322 3032 late
2350 2987 2520 3033 terras
2548 2981 2791 3035 mirabile
2821 2997 3037 3036 nomen.

300 3076 537 3148 Undique
558 3079 783 3133 densam
809 3087 950 3132 οωιυ
979 3079 1080 3131 sila
1111 3077 1349 3132 membra
1378 3086 1622 3142 coronat,
2049 3069 2328 3138 Digttatam
2360 3079 2510 3124 tanto
2539 3086 2648 3140 pm
2675 3072 2883 3127 cunctis
2909 3071 3129 3126 urbibus
3159 3089 3320 3127 unant

167 3168 259 3222 lii
295 3168 580 3240 Reliigiosa
602 3171 690 3241 pie
717 3184 892 3240 pugna
919 3177 1205 3224 exercetur
1232 3180 1505 3225 amantum
1531 3191 1542 3222 :
1753 3181 1798 3241 ρ
1977 3159 2200 3230 Hospite
2225 3161 2472 3216 nobilitat
2498 3161 2685 3216 Nolam
2713 3179 2726 3226 ;
2755 3178 2914 3232 quam
2943 3162 3114 3230 gratia
3142 3162 3340 3218 Christi

290 3259 522 3332 Quisque
557 3261 723 3316 alium
755 3276 1034 3331 premere,
1069 3268 1124 3316 et
1151 3262 1402 3332 proprior
1428 3263 1725 3318 consistere

1474 3263 1725 3318 maerere
1973 3252 2164 3308 Felicis
2189 3254 2393 3307 meritis
2422 3254 2494 3308 ita
2521 3254 2794 3320 dilatavit,
2825 3263 2881 3309 ut
2905 3265 3057 3311 aucta

605 3409 614 3414 ,
1459 3353 1656 3424 [cenat
1716 3387 1726 3392 -
1974 3342 2193 3398 Civibus
2231 3359 2361 3399 ecce
2408 3345 2600 3409 novis;
2658 3353 2718 3400 et
2746 3347 3010 3401 moenibus
3047 3347 3130 3400 hic
3169 3348 3330 3401 etiam
3365 3352 3404 3381 ί*

286 3441 582 3512 Relliquiis,
611 3456 916 3511 corpusque
943 3456 1106 3496 manu
1133 3442 1445 3510 contingere
1467 3442 1680 3510 gaudet.
3065 3439 3215 3511 [urbs
3244 3441 3314 3493 sit

285 3534 390 3589 Nec
417 3534 551 3588 satis
578 3542 660 3588 est
687 3532 882 3587 vidisse
907 3532 1096 3599 semel,
1120 3533 1274 3602 juvat
1301 3548 1471 3602 usque
1499 3534 1718 3595 morari,
1831 3530 1932 3586 170
1971 3527 2182 3600 Pauper
2221 3530 2307 3583 tibi
2359 3529 2588 3599 primum
2632 3530 2866 3585 tu'mulus
2889 3567 2906 3592 ,
2953 3545 3114 3598 quem
3163 3540 3404 3601 tempore

282 3623 618 3694 Luminaque
664 3623 962 3693 expositis,
1028 3631 1084 3678 et
1130 3638 1235 3692 qua
1281 3623 1480 3691 datur,
1537 3624 1719 3678 oscula
3172 3637 3335 3693 lsaevo

1377 3715 1654 3786 [membris
1969 3711 2222 3779 (Relligio
2250 3727 2359 3780 quo
2383 3713 2588 3767 crimen
2620 3714 2758 3782 erat)
2786 3714 3074 3769 minitante
3103 3715 3331 3784 profano

162 3806 248 3861 I30
283 3807 511 3876 Figere;
574 3806 667 3861 dat
722 3807 967 3860 meritam
1012 3805 1228 3860 Christo
1273 3805 1427 3876 plebs
1487 3821 1720 3860 consona
1967 3801 2249 3856 Struxerat
2276 3812 2520 3871 anguste,
2543 3804 2749 3872 gladios
2779 3805 2984 3874 trepida
3011 3806 3151 3861 inter
3176 3816 3232 3861 et
3253 3807 3401 3875 ignes

1394 3897 1648 3968 [laudem,
1966 3892 2124 3948 Plebs
2145 3893 2374 3961 Domini,
2401 3904 2460 3948 ut
2485 3897 2622 3950 seris
2641 3897 2858 3966 antiqua
2889 3898 3184 3953 minoribus
3209 3908 3341 3953 tetas

278 3986 604 4056 Iioliturque
631 3986 842 4040 sacrum
869 3986 989 4041 solii
1016 3985 1212 4042 Felicis
1237 3987 1518 4042 honorem.
1967 3983 2228 4049 Tradidit,
2263 3987 2534 4053 ingentem
2563 4004 2730 4056 parvo
2758 3989 2859 4043 sub
2886 3990 3120 4044 culmine
3156 3991 3329 4046 lucem

348 4081 468 4146 Qua
499 4079 666 4132 muris
695 4080 844 4146 regio
877 4088 932 4134 et
957 4081 1116 4134 tectis
1155 4080 1443 4149 longinqua
1474 4080 1716 4146 vacabat,
1825 4071 1927 4124 175
1965 4072 2282 4140 Clauserat;
2319 4085 2375 4130 et
2406 4078 2536 4129 tanti
2570 4086 2773 4131 tantum
2803 4094 2958 4133 sacer
2983 4080 3209 4147 angulus
3234 4082 3364 4135 olim

277 4168 454 4224 Fusus
477 4169 548 4223 ibi
582 4169 704 4224 larto
734 4169 940 4223 ridebat
964 4170 1168 4240 cespite
1195 4185 1436 4239 campus,
1964 4164 2203 4233 Depositi
2233 4181 2513 4234 possessor
2541 4174 2682 4232 erat,
2713 4167 2802 4235 qui
2831 4167 2966 4221 lucis
2993 4178 3195 4236 operta:

277 4261 506 4316 Uberius
536 4261 630 4331 (e)
670 4259 894 4315 ﬂorente
932 4262 1054 4316 loco
1077 4302 1094 4326 ,
1143 4262 1295 4330 quasi
1345 4261 1562 4331 przcscia
1607 4261 1718 4330 jam
1967 4256 2245 4320 Conscius,
2280 4265 2334 4309 ut
2357 4256 2572 4325 quidam
2596 4253 2716 4311 fons
2733 4259 2936 4311 sedibus
2952 4259 3395 4332 exstititamplis,

411 4425 418 4430 .
1496 4352 1646 4424 [tunc
1960 4347 2027 4400 Et
2056 4356 2234 4401 manet
2264 4349 2314 4402 itt
2341 4348 2533 4402 mediis
2553 4365 2704 4418 quast
2723 4365 2933 4417 gemma
2961 4353 3203 4407 intersita
3219 4355 3393 4417 tectis,

149 4438 240 4493 135
272 4441 509 4512 Semper
527 4442 830 4496 honorandi
853 4442 1050 4498 mundo
1075 4442 1146 4513 (f)
1170 4451 1462 4497 venerante
1483 4445 1716 4512 sepulcri
1961 4439 2214 4493 Basilicas
2243 4456 2338 4510 per
2365 4441 2602 4510 quinque
2629 4442 2768 4496 sacri
2796 4444 3033 4511 spatiosa
3060 4445 3289 4514 sepulcri

269 4532 557 4588 Gaudebat
585 4547 742 4587 sacro
770 4532 1010 4587 benedici
1039 4549 1297 4603 corpore,
1329 4549 1495 4604 seque
1742 4555 1792 4615 ο
1823 4532 1926 4586 180
1967 4533 2113 4586 Atria
2143 4532 2462 4598 dilTundens,
2494 4549 2719 4602 quarum
2741 4535 2949 4602 fastigia
2971 4537 3130 4604 longe

268 4625 426 4681 Veris
470 4625 545 4694 (g)
583 4638 795 4679 amoma
824 4624 1039 4688 habitu,
1093 4640 1200 4694 quo
1228 4625 1441 4692 dignior
1465 4634 1609 4681 esset
1636 4627 1711 4696 (li)
1962 4623 2281 4691 Adspectata
2311 4623 2481 4677 instar
2508 4637 2710 4691 magna:
2736 4625 2867 4680 dant
2897 4627 3096 4682 visibus
3121 4631 3286 4684 urbis.

1342 4717 1636 4787 [humando
1957 4712 2086 4779 Quae
2138 4721 2355 4782 tamen,
2404 4715 2579 4784 ampla
2627 4715 2786 4781 licet,
2840 4718 3124 4774 vincuntur
3163 4721 3396 4776 culmina

267 4806 527 4878 Martyre,
561 4805 891 4873 graminibus
920 4807 1078 4861 tellus
1104 4808 1376 4862 sternebat
1403 4808 1604 4862 odoris.
3091 4813 3284 4884 [turbis
3308 4831 3322 4876 ;

266 4895 674 4968 531—532
693 4896 789 4950 Ast
809 4897 956 4951 illum
980 4897 1188 4967 placido
1203 4897 1548 4952 scandentem
1572 4899 1714 4952 celsa
1961 4897 2118 4963 Quod
2146 4907 2422 4954 crescente
2453 4898 2574 4963 lide,
2605 4900 2931 4969 supermdat
2958 4903 3128 4971 gratia
3157 4902 3375 4970 Christi,

1418 4991 1641 5062 [volatu,
1959 4987 2091 5053 Qum
2115 4990 2326 5059 populis
2354 4989 2561 5044 medico
2591 4989 2823 5045 Felicem
2853 4977 3074 5047 munere
3103 5003 3320 5062 praastat

139 5078 228 5134 NO
264 5081 330 5136 Et
357 5091 517 5138 casto
542 5088 839 5135 assumtum
865 5080 932 5135 de
956 5096 1217 5150 corpore,
1251 5081 1368 5135 lauta
1399 5083 1606 5150 piorum
1825 5076 1926 5131 185
1968 5078 2180 5132 Vivere.
2213 5078 2312 5145 Qui
2343 5088 2588 5149 perstans
2616 5081 2776 5135 etiam
2805 5091 2926 5151 post
2952 5084 3195 5152 corporis
3222 5099 3391 5138 tevutn

197 5203 220 5230 ⁸
243 5194 302 5249 Id
330 5204 416 5252 est
433 5196 690 5250 candida.
1885 5192 1956 5260 (ε)
1982 5191 2060 5246 Ita
2088 5209 2215 5246 mss.
2247 5193 2356 5246 duo
2369 5191 2558 5248 Germ.
2589 5192 2721 5248 Edd.
2746 5193 3006 5248 Liberius.

197 5263 218 5300 δ
246 5263 300 5318 Id
328 5277 417 5320 est
444 5267 688 5331 cadaver,
728 5281 822 5322 seu
854 5283 1039 5337 corpus
1079 5267 1336 5320 exanime.
1378 5267 1511 5320 Vide
1535 5281 1705 5320 carm.
1885 5265 1954 5334 (ί)
1985 5263 2073 5316 Sic
2096 5262 2216 5316 edd.
2235 5263 2383 5318 Grin.
2409 5271 2465 5318 et
2480 5261 2684 5318 Poelm.
2704 5263 3005 5319 faventibus
3020 5263 3382 5318 mss.2Germ.

130 5328 212 5388 32.
256 5351 304 5386 ν.
340 5336 432 5388 41.
1817 5332 1980 5388 Alias.
2012 5332 2322 5386 veneranda.

194 5373 457 5534 [3,123
493 5404 700 5465 cem...
727 5405 865 5490 ιρι.
895 5406 1078 5486 ιεηιίεε.
1817 5373 2388 5472 “mm
2419 5419 2640 5482 απεκηο.

252 5483 265 5534 )
296 5473 376 5526 Ita
419 5491 552 5528 mss.
590 5475 698 5528 duo
737 5479 918 5528 Germ.
965 5475 1065 5528 Alit
1093 5516 1106 5534 ,
1151 5474 1241 5528 sed
1281 5491 1371 5534 ape
1411 5475 1608 5527 solatur
1647 5489 1706 5524 α·
1885 5473 1962 5534 (It)
1993 5471 2070 5524 Ita
2094 5485 2224 5525 mss.
2250 5471 2358 5526 duo
2377 5470 2640 5526 codices(

215 5470 265 5540 ὁ)
296 5473 376 5526 Ita
419 5491 552 5528 mss.
590 5475 698 5528 duo
728 5470 918 5528 Germ.
965 5475 1065 5528 Alii
1093 5516 1106 5538 ,
1151 5474 1241 5528 sed
1281 5491 1371 5542 ape
1411 5475 1608 5527 solatur
1647 5489 1706 5524 α·
1885 5470 1962 5540 th)
1985 5471 2070 5542 Ita
2094 5485 2224 5542 mss.
2250 5471 2358 5526 duo
2377 5470 2795 5542 codices_Grerm.
2814 5470 2987 5542 fEditi,
3011 5470 3242 5542 horago.

131 5537 332 5595 norem.
1310 5537 1319 5542 ⁷
1885 5537 1953 5611 (ἱ)’
1977 5540 2270 5596 Sacchinus
2296 5557 2416 5596 cum
2463 5541 2548 5595 ed.
2582 5540 2768 5594 Schot.
2811 5541 2861 5593 in
2902 5553 3104 5608 marg.,
3145 5537 3252 5592 Pro
3282 5554 3386 5591 me-

192 5612 260 5681 (c)
291 5611 388 5667 Sic
429 5629 556 5668 mss.
599 5612 706 5666 duo
745 5611 924 5668 Germ.
959 5623 1013 5668 et
1043 5614 1166 5669 edtl.
1211 5614 1364 5669 Grin.
1407 5623 1460 5666 et
1489 5612 1698 5664 Poclm.
1809 5614 1941 5665 ritis.

134 5678 249 5741 Alii,
272 5683 344 5752 in,
360 5694 589 5752 pectore.
614 5751 619 5752 ν
1885 5681 1949 5748 (j)
1980 5679 2103 5732 Mss.
2136 5678 2240 5732 duo
2269 5679 2472 5740 Gcrm..
2502 5679 2706 5731 emicuit
2733 5679 2838 5731 lux.

193 5753 266 5815 (ά)
298 5750 404 5808 Ms.
437 5751 799 5816 unus'Gernt.,
831 5763 1111 5818 arreptum.
