4008 6346
210 359 302 414 597
1598 371 1793 427 ΡΟΕΜι

1868 336 2042 430 xvnr.
2411 407 2414 410 ρ
3349 379 3451 436 tas

204 475 296 531 εει)
331 478 493 534 Dulce
524 480 795 536 laboranti
828 498 933 538 non
966 484 1116 538 irrita
1145 485 1312 553 gratia
1346 497 1580 556 praestet,
1793 494 1839 553 Α
2953 484 2960 489 ’
3105 531 3108 535 ·

330 567 615 626 Oblectans
645 573 856 643 inopem
885 590 1049 628 censu
1079 576 1356 644 fructuque
1383 578 1577 646 peculi.

2011 560 2290 630 Temporis
2318 561 2532 628 oblitus,
2567 561 2748 617 damni
2783 577 3007 628 memor,
3040 564 3394 631 ostiapronm

401 658 513 715 Hos
545 662 634 716 ubi
667 679 806 718 nunc
847 679 1082 733 qumram
1130 666 1512 722 miserandus?
1549 669 1764 736 quando

2008 651 2115 706 Ore
2136 668 2406 722 premens,
2443 662 2555 710 toto
2586 656 2904 725 prohibebat
2929 671 3157 726 corpore
3191 655 3445 710 claustra.

1259 758 1364 830 [vel
1396 775 1619 829 usquam
1650 763 1692 790 ’τ
2083 745 2187 801 Sed
2214 747 2397 803 multis
2427 748 2618 802 frustra
2649 750 2717 820 (ο)
2748 750 3016 818 pulsatum
3044 751 3268 805 vocibus
3289 761 3448 804 aures

329 841 603 898 Inveniam
633 845 815 900 tales?
842 855 933 899 aut
963 845 1100 900 unde
1129 848 1330 915 parabo
1367 859 1614 917 repertos
1635 851 1658 888 ν

2011 837 2331 906 Aggreditur
2376 839 2609 893 violenta
2672 855 2862 896 manus
2907 859 2921 907 ;
2984 842 3308 911 tandemque
3361 858 3446 896 rc-

331 933 426 998 Qui
449 934 596 988 solos
625 935 782 989 habui
813 944 1077 1011 contenta:
1106 936 1333 991 rusticus
1364 938 1482 991 illos
3128 934 3299 1005 [vellit
3328 934 3373 967 ⁸⁸

197 1021 296 1076 285
330 1022 666 1093 Paupertatis
693 1027 869 1095 opes?
896 1026 1046 1095 Ipsos
1075 1027 1233 1094 igitur
1261 1028 1390 1102 mihi
1417 1027 1598 1092 redde,
1865 1021 1967 1073 350
2006 1020 2182 1075 Turba
2213 1022 2586 1085 reluctantem,
2619 1031 2672 1077 et
2699 1033 2880 1078 sancta
2907 1027 3090 1095 procul
3113 1027 3276 1096 exigit
3297 1028 3447 1082 aula.

329 1115 460 1169 Nolo
491 1117 644 1171 alios.
693 1117 800 1172 Nec
827 1134 920 1172 eos
949 1119 1051 1172 ulla
1080 1120 1299 1185 regione
1329 1120 1616 1187 requiram,
2076 1113 2267 1171 Pulsus
2290 1116 2357 1170 ab
2384 1116 2594 1171 :edituis
2621 1116 2713 1170 llet
2738 1119 2992 1183 amarius,
3021 1127 3077 1173 et
3103 1135 3198 1174 sua
3229 1121 3417 1188 lugens

328 1207 423 1262 Hic
453 1208 584 1260 mihi
611 1210 876 1263 debentur
900 1229 912 1263 :
946 1211 1059 1266 hzec
1087 1211 1206 1264 illos
1233 1210 1412 1263 limina
1441 1210 1686 1274 reddent,
2003 1209 2162 1263 Tecta
2192 1209 2344 1278 petit,
2379 1219 2634 1264 resonant
2661 1211 2915 1279 plangore
2943 1212 3152 1269 silentia
3174 1222 3368 1279 noctis,

327 1297 380 1349 In
406 1298 599 1365 quibus
628 1299 800 1368 ipsum
828 1307 881 1354 te
906 1299 1129 1369 supplex
1159 1299 1451 1367 adstringo,
1485 1301 1689 1369 tibique
2002 1302 2287 1368 Questibus
2315 1303 2391 1374 (ά)
2423 1310 2477 1358 et
2506 1304 2711 1371 magnis
2740 1303 2846 1358 late
2876 1304 2991 1358 loca
3011 1305 3125 1360 sola
3147 1306 3438 1360 resultant:

329 1387 513 1444 Haereo
541 1407 554 1454 ;
598 1406 694 1445 cur
721 1406 956 1459 quaeram
980 1430 995 1455 ,
1029 1399 1120 1445 aut
1142 1391 1232 1446 ubi
1254 1431 1269 1458 ,
1300 1407 1436 1461 quos
1467 1393 1654 1460 ignoro
1683 1393 1760 1446 la-
2005 1393 2186 1446 Donec
2215 1399 2269 1446 et
2292 1391 2488 1446 invitus
2515 1393 2780 1461 pervenit.
2810 1401 2864 1447 et
2891 1402 3006 1448 atra
3038 1395 3246 1450 silentis

1441 1484 1689 1557 [trones?
1861 1481 1964 1536 555
1998 1481 2306 1549 Ingrediens
2332 1483 2508 1551 tuguri
2536 1485 2854 1553 penetralia,
2883 1501 3066 1540 rursus
3095 1488 3163 1540 ab
3189 1487 3308 1555 ipso

195 1571 290 1625 290
320 1571 540 1626 Debitor
567 1573 655 1627 hic
683 1589 834 1628 meus
861 1583 980 1639 est;
1020 1574 1191 1644 ipsum
1219 1590 1318 1643 pro
1348 1574 1464 1629 fure
1494 1575 1687 1629 tenebo
1998 1572 2258 1628 Culminis
2280 1575 2498 1628 introitu
2529 1576 2693 1637 taciti,
2727 1585 2786 1629 ut
2811 1579 3067 1647 prtesepia
3096 1579 3230 1633 vidit

321 1663 608 1718 Custodem
636 1683 648 1716 :
689 1674 754 1740 tu
780 1707 795 1731 ,
846 1673 1029 1719 sancte
1058 1707 1073 1732 ,
1123 1681 1248 1719 reus
1289 1667 1417 1719 mihi
1444 1706 1458 1730 ,
1507 1666 1756 1721 conscius
2001 1664 2146 1720 Nuda
2176 1665 2358 1730 bomn,
2392 1676 2445 1719 et
2475 1666 2649 1720 nullos
2671 1667 2801 1721 dare
2831 1668 3180 1724 tintinnabula
3211 1671 3416 1740 pulsus,

689 1733 700 1747 ’
1517 1757 1530 1827 Ι
1541 1756 1644 1810 illis
1668 1775 1679 1808 :
1998 1754 2234 1810 Excussa
2262 1764 2322 1809 ut
2350 1756 2557 1811 cervice
2587 1757 2746 1811 boum
2776 1760 3038 1827 crepitare
3066 1761 3331 1827 solebant,

317 1844 391 1900 Te
419 1855 580 1901 teneo
608 1863 622 1910 ;
657 1855 712 1900 tu
735 1847 839 1901 scis
861 1848 950 1902 ubi
979 1848 1103 1911 sint,
1138 1848 1228 1917 qui
1259 1847 1456 1901 lumine
1487 1847 1682 1902 Christi
1789 1868 1830 1926 Β
2000 1845 2210 1901 Mallius
2239 1855 2331 1900 aut
2355 1847 2515 1901 lentis
2543 1863 2671 1902 cava
2702 1848 2896 1916 linguis
2924 1866 3030 1905 aera
3063 1852 3241 1914 ferire,

314 1940 515 1995 Cuncta
537 1949 593 1994 et
612 1952 800 2010 operta
823 1941 993 2006 vides,
1011 1942 1274 2010 longeque
1296 1941 1534 1995 absentia
1557 1941 1751 2006 cernis,
1855 1937 1960 1990 540
1998 1936 2309 1991 Armentum
2334 1938 2556 1992 reduces
2575 1939 2699 1992 dum
2721 1948 2934 2006 gutture
2957 1945 3193 1998 ruminat
3213 1947 3433 2002 escas":

315 2029 379 2086 Et
404 2033 555 2102 capis
573 2074 588 2099 ,
620 2033 923 2087 includente
959 2033 1088 2099 Deo,
1121 2048 1229 2102 quo
1257 2042 1448 2088 cuncta
1480 2040 1748 2086 tenentur.
1996 2027 2088 2081 His
2116 2029 2328 2096 gravius
2358 2035 2626 2097 tamquam
2649 2031 2874 2085 rescisso
2899 2033 3136 2100 vulnere,
3161 2035 3436 2104 planctum

194 2122 287 2177 ωδ
319 2125 489 2194 Atque
516 2125 638 2180 ideo
665 2126 861 2180 occulti
887 2125 1050 2190 fures,
1081 2141 1418 2195 quacumque
1450 2126 1652 2179 latebra
1721 2131 1727 2138 '
1994 2118 2228 2186 lntegrat
2245 2137 2257 2169 τ
2276 2128 2330 2174 et
2351 2134 2672 2188 quamquam
2697 2130 2854 2188 neget
2872 2137 3015 2191 :egro
3034 2140 3161 2179 cura
3177 2126 3432 2194 quietem,

317 2215 429 2270 Non
461 2215 557 2269 tibi
585 2215 847 2281 celantur,
877 2231 975 2270 nec
1001 2216 1069 2270 de
1100 2225 1151 2270 te
1179 2219 1408 2270 evadere
1438 2225 1680 2286 possunt,
1993 2209 2242 2281 Pervigili
2275 2212 2342 2283 (e)
2373 2221 2554 2268 tamen
2585 2214 2697 2269 hmc
2722 2214 2814 2268 dat
2846 2217 3140 2271 solamenta
3165 2218 3361 2285 dolori,

313 2307 457 2373 Quos
479 2317 534 2361 et
552 2305 662 2374 jam
684 2322 874 2361 manus
897 2323 998 2361 una
1025 2315 1190 2363 tenet.
1226 2308 1366 2362 Deus
1383 2326 1518 2362 unus
1533 2309 1748 2379 ubique,
1996 2301 2066 2358 Ut
2093 2304 2267 2358 bubus
2297 2305 2562 2359 stabulata
2595 2307 2706 2360 suis
2735 2306 2850 2361 loca
2881 2324 3110 2379 corpore
3142 2309 3257 2364 fuso

315 2396 511 2454 Christi
543 2397 735 2451 blanda
757 2399 881 2468 piis,
913 2397 1009 2453 sed
1041 2400 1234 2468 iniquis
1265 2400 1484 2453 dextera
1515 2401 1730 2455 vindex.
1853 2394 1956 2448 545
1993 2393 2185 2449 1³1³888³
2213 2393 2588 2464 ευροτὶειοθεης
2630 2411 2728 2450 nec
2755 2397 2890 2452 dum
2924 2397 3086 2454 fracta
3115 2402 3276 2456 cubili

314 2492 496 2548 Redde
524 2493 688 2561 igitur
716 2493 866 2555 mihi,
890 2493 1056 2547 redde
1077 2494 1242 2548 boves
1271 2504 1324 2548 et
1348 2496 1559 2566 corripe
1587 2496 1748 2550 fures.
1995 2484 2231 2540 Membra
2277 2484 2464 2539 ἀοιοηῑ
2489 2525 2503 2549 9
2543 2485 2693 2554 juvat
2724 2486 2834 2556 ipsa
2876 2488 3066 2556 injuria
3094 2505 3108 2556 ἶ
3160 2507 3260 2547 "9-0
3298 2494 3434 2548 Silus

191 2581 280 2640 500
374 2584 482 2640 Sed
527 2601 636 2640 non
683 2600 868 2655 quaero
912 2601 1078 2649 reos,
1138 2587 1370 2652 abeant,
1419 2603 1524 2642 non
1567 2591 1751 2644 nescio
2627 2607 2634 2613 ·
3157 2583 3360 2653 [horret

1483 2683 1682 2763 [φοι-ες
1992 2665 2274 2721 Sordentis
2303 2667 2520 2733 stabuli,
2550 2669 2675 2736 quia
2707 2675 2892 2722 notum
2922 2670 3097 2724 reddit
3125 2673 3347 2729 odorem

309 2773 503 2828 Sancte
543 2781 704 2837 tuos,
750 2773 926 2827 nescis
953 2772 1027 2844 (α)
1071 2773 1210 2828 male
1253 2772 1390 2828 facta
1432 2758 1749 2844 rependere,

1606 2774 1749 2841 dere,
1995 2759 2184 2814 Dilecti
2213 2758 2444 2827 pecoris,
2476 2774 2574 2813 nec
2606 2758 2765 2814 fcetor
2793 2759 2942 2815 fmtet
2971 2764 3189 2817 amanti.

1490 2865 1681 2936 [mavis
1993 2851 2049 2906 Si
2077 2866 2177 2920 qua
2212 2851 2286 2906 illi
2315 2859 2560 2906 extremo
2591 2852 2826 2908 tulerant
2857 2853 3076 2922 vestigia
3103 2871 3288 2925 gressu

320 2953 609 3010 Emendare
639 2956 810 3009 malos
840 2957 1012 3020 venia,
1048 2972 1210 3026 quam
1237 2956 1464 3026 perdere
1497 2972 1673 3026 ρωηει,
1853 2941 1954 2995 530
1995 2942 2197 3012 Aspicit
2226 2943 2292 3009 “,
2325 2951 2378 2996 et
2408 2942 2658 3012 palpante
2688 2958 2846 2997 manu
2876 2945 3077 2999 calcata
3110 2955 3407 3003 retractans

392 3045 681 3100 conveniat
711 3046 864 3100 nobis
892 3047 1087 3114 igitur;
1122 3047 1199 3102 sic
1226 3047 1403 3101 divide
1432 3062 1640 3101 mecum
1994 3033 2236 3102 Ingemit,
2263 3043 2318 3090 et
2344 3035 2562 3090 rel'ricat
2593 3037 2639 3066 "
2670 3037 2798 3091 totis
2822 3037 2931 3106 jam
2963 3037 3148 3106 frigida
3177 3041 3432 3097 membris

310 3133 437 3201 Quae
471 3143 561 3188 tua
587 3177 603 3201 ,
646 3150 766 3203 quze
807 3150 926 3190 mea
967 3145 1128 3201 sunt;
1183 3135 1446 3191 indemnis
1484 3145 1588 3190 stet
1629 3153 1746 3192 mea
1994 3126 2156 3196 Signa
2181 3127 2419 3197 Pedum;
2471 3136 2815 3197 mentemque
2847 3144 2996 3183 suam
3022 3171 3036 3196 ,
3069 3131 3197 3185 licet
3225 3133 3434 3188 eminus

1475 3225 1596 3298 [per
1625 3234 1679 3281 te
1778 3230 1825 3292 C
3198 3223 3363 3294 [absit

189 3311 281 3368 305
311 3313 541 3383 Utilitas,
570 3317 824 3388 justeque
851 3327 967 3374 tuas
988 3317 1274 3373 clementia
1303 3326 1483 3386 partes
1993 3310 2232 3381 Corpore
2251 3353 2266 3377 9
2296 3320 2559 3366 sacratam
2591 3307 2783 3366 Fe'iCiS
2812 3311 2973 3365 ηιίιῑίι
3001 3311 3067 3365 ad
3097 3313 3296 3378 alliam.

309 3407 553 3464 Vindicet
581 3412 667 3476 ";
709 3420 1030 3482 aequatoque
1059 3419 1209 3465 tuum
1233 3409 1513 3465 libramine
1537 3420 1749 3467 constet
1993 3405 2225 3460 Felicem
2257 3403 2412 3468 ﬂetu,
2443 3403 2672 3458 Felicem
2703 3403 2920 3458 nomine
2949 3404 3186 3458 clamans
3211 3422 3224 3456 :

307 3495 569 3553 Iudicium
597 3519 608 3552 :
644 3501 740 3555 tibi
765 3502 912 3555 solve
947 3516 1088 3565 reos,
1119 3499 1249 3554 mihi
1272 3499 1437 3554 redde
1461 3499 1743 3569 juvencos.
1849 3494 1956 3551 3'55
1992 3495 2101 3551 Nec
2129 3495 2381 3564 desperat
2407 3509 2589 3564 opem,
2621 3510 2719 3548 nec
2747 3496 2920 3564 parcit
2947 3495 3174 3551 fundere
3207 3504 3355 3552 vota.

377 3589 517 3645 Ecce
547 3599 702 3646 tenes
730 3599 964 3661 pactum,
991 3589 1173 3645 famuli
1191 3591 1303 3660 jam
1335 3592 1480 3645 nulla
1502 3593 1745 3648 morandi
2063 3587 2180 3643 Nox
2241 3587 2475 3642 medium
2530 3595 2831 3641 transvecta
2890 3587 3072 3656 polum
3121 3587 3432 3656 perfuderat

308 3680 476 3737 Causa
509 3683 606 3737 tibi
631 3701 644 3743 :
677 3684 915 3739 accelera
940 3685 1102 3738 tantis
1131 3699 1217 3738 me
1237 3685 1446 3740 solvere
1473 3687 1635 3740 curis.
3152 3678 3361 3751 [orbem

189 3769 278 3826 510
307 3771 435 3827 Nam
478 3773 612 3828 mihi
652 3783 798 3828 certa
828 3781 1009 3829 manet
1046 3776 1311 3830 sententia
1351 3775 1544 3831 cedere
1577 3789 1599 3814 η
1628 3794 1747 3832 nus-
1993 3772 2131 3828 Pace
2158 3771 2475 3842 soporifera,
2505 3773 2802 3826 retieebant
2830 3772 3008 3827 omnia
3037 3787 3247 3836 somno,

1415 3867 1598 3939 [quam
1629 3869 1674 3902 ’θ
1989 3865 2174 3920 Solum
2205 3865 2249 3896 ⁸⁸
2278 3864 2426 3918 illum
2456 3879 2551 3917 sua
2575 3864 2886 3934 pervigilem
2911 3880 3035 3935 spes
3065 3879 3306 3934 curaque
3333 3865 3432 3918 bae-
3503 3927 3506 3929 Α

308 3954 484 4011 Donec
504 3957 812 4023 subvenias,
843 3973 943 4013 nec
971 3958 1038 4012 ab
1065 3958 1168 4013 isto
1194 3968 1346 4029 poste
1374 3957 1524 4028 reﬁgi
1552 3975 1565 4024 ;
3156 3957 3356 4028 [bebat.

310 4045 468 4116 Ni(b)
501 4063 783 4117 properas,
817 4049 920 4102 isto
942 4049 1207 4118 deponam
1239 4051 1290 4103 in
1321 4049 1502 4104 limine
1531 4053 1715 4116 vitam,
1992 4048 2128 4104 Ecce
2174 4058 2396 4118 repente
2453 4048 2566 4102 suis
2619 4047 2902 4116 strepitum
2949 4063 3047 4117 pro
3094 4047 3339 4116 postibus
3386 4049 3436 4080 ’l

305 4134 409 4192 Nec
433 4137 545 4206 jam
577 4141 870 4208 repperies,
893 4141 978 4194 cui
1009 4140 1200 4195 reddas
1227 4157 1349 4195 sero
1379 4141 1628 4198 reductos
1651 4145 1715 4197 ³⁸.
3164 4142 3356 4213 laud“.

380 4227 530 4282 Talia
557 4244 692 4284 voce
719 4230 937 4298 quidem
966 4232 1213 4300 querula,
1242 4232 1334 4286 sed
1362 4240 1541 4287 mente
1567 4232 1707 4287 ﬁdeli
1847 4236 1950 4290 560
1988 4234 2054 4288 Et
2082 4235 2265 4304 pulsas
2294 4249 2551 4288 resonare
2582 4233 2724 4287 fores
2749 4250 2762 4298 ;
2795 4248 2903 4301 quo
2929 4234 3146 4288 territus
3174 4249 3359 4288 amens

176 4315 272 4372 315
308 4317 636 4386 Plorantem,
669 4329 892 4391 totoque
921 4323 1007 4377 die
1027 4324 1144 4378 sine
1167 4325 1270 4378 line
1300 4334 1633 4395 precantem,
1992 4325 2293 4389 Exclamat,
2326 4337 2534 4379 rursum
2565 4324 2665 4379 sibi
2698 4324 2840 4379 fures
2869 4323 3054 4380 adfore
3075 4327 3337 4382 credens:

302 4413 514 4468 Andivit
542 4414 694 4469 lzetus
716 4429 820 4468 non
846 4415 1042 4469 blando
1071 4417 1309 4484 supplice
1337 4424 1557 4489 martyr,
1985 4417 2122 4484 Quid
2152 4431 2321 4471 vacua
2351 4416 2616 4469 incassum
2647 4415 2891 4470 crudeles
2921 4417 3055 4470 ostia
3094 4416 3252 4482 vultis

299 4501 650 4575 537-438
699 4502 766 4557 Et
800 4519 896 4559 sua
953 4519 1074 4559 cum
1105 4505 1332 4561 Domino
1367 4507 1556 4562 ludens
1601 4524 1734 4563 con-
1987 4509 2300 4578 Frangere?
2349 4507 2465 4560 Jam
2497 4507 2671 4561 nullus
2694 4508 2820 4561 mihi
2851 4508 2987 4574 bos;
3037 4509 3162 4578 quid
3193 4509 3426 4577 qumritis

1346 4598 1496 4670 [vitia
1524 4598 1669 4664 risit;
1775 4609 1821 4666 ι)
3147 4599 3309 4670 [ultra
3332 4601 3355 4653 ?

217 4747 220 4750 g
301 4683 687 4755 Poscentisque
717 4685 848 4749 ﬁde,
882 4702 990 4741 non
1019 4686 1267 4742 libertate
1295 4687 1526 4744 dolentis
1987 4688 2298 4743 Prmvenere
2324 4688 2434 4754 alii,
2459 4703 2578 4741 mea
2609 4695 2813 4740 tantum
2846 4688 2949 4741 vita
2978 4698 3251 4758 superstes

294 4773 466 4832 Motus
489 4817 506 4842 ,
556 4791 713 4846 opem
757 4785 1048 4847 properat;
1099 4777 1284 4846 paucis
1331 4793 1480 4832 mora
1523 4778 1738 4834 ducitur
1843 4779 1948 4834 365
1981 4779 2109 4847 Qua:
2137 4779 2298 4834 sociis
2324 4778 2520 4832 vestris
2542 4786 2600 4830 ut
2631 4777 2808 4846 praeda
2839 4794 2991 4833 cassa
3022 4783 3306 4837 remansit.

1474 4873 1662 4945 [horis.
2059 4869 2278 4924 Dixerat
2305 4869 2420 4923 hmc
2460 4878 2707 4924 metuens
2733 4887 2744 4921 :
2801 4870 2896 4924 sed
2925 4870 2972 4904 ⁸⁸
3002 4873 3148 4927 nullo
3177 4873 3282 4928 ﬁne
3312 4892 3426 4929 ma-

173 4951 260 5012 320
361 4961 568 5017 Interea
599 4963 814 5018 labente
843 4963 947 5029 die,
982 4961 1094 5031 jam
1117 4977 1341 5033 vespere
1372 4963 1554 5028 ducto,
3171 4964 3355 5034 [nebat

295 5050 402 5108 Nec
430 5053 684 5124 precibus
711 5053 873 5108 dabat
911 5054 1001 5109 ille
1030 5053 1246 5109 modum
1276 5097 1290 5120 ,
1337 5068 1437 5108 nec
1476 5053 1690 5110 ﬂetibus
1716 5073 1728 5118 ;
1985 5047 2281 5102 Liminibus
2306 5048 2552 5115 εοηίιυες
2581 5064 2690 5117 quo
2721 5050 3084 5115 crebescenle.
3118 5069 3218 5107 nec
3250 5054 3352 5107 ulla
3403 5107 3406 5110 .

1533 5147 1660 5220 [una
1986 5139 2362 5208 Respondente
2390 5139 2488 5193 sibi
2518 5141 2823 5209 pulsantnm
2846 5157 3000 5208 voce,
3032 5145 3353 5213 propinquat

292 5235 405 5290 Vox
429 5245 548 5291 erat
575 5235 722 5290 aﬂixi
750 5237 790 5268 ²¹
823 5235 1048 5304 foribus,
1086 5236 1201 5292 Non
1230 5251 1388 5290 eruar
1415 5235 1617 5291 istinc:
1984 5230 2285 5300 Suspensus
2331 5238 2617 5285 cunctante
2666 5231 2834 5298 gradu
2863 5274 2879 5298 ,
2938 5241 2995 5286 et
3042 5232 3137 5286 dat
3180 5234 3422 5302 postibus

259 5323 385 5381 ‘Hic
410 5328 638 5394 moriar,
669 5329 793 5381 vita:
824 5327 926 5382 nisi
954 5343 1170 5382 causam
1203 5328 1448 5397 protinus
1478 5327 1598 5382 istic
3138 5327 3346 5396 [aurem

288 5420 556 5489 Accipiam
584 5439 596 5472 :
629 5419 844 5474 tandem
867 5427 1070 5487 tamen,
1099 5428 1157 5474 ut
1172 5419 1282 5489 jam
1306 5419 1532 5489 plurima
1555 5428 1728 5474 tutum
1836 5412 1939 5467 570
1976 5411 2293 5479 Sollicitam,
2325 5421 2380 5467 et
2409 5413 2558 5467 rimis
2583 5413 2725 5468 acies
2754 5429 2851 5483 per
2878 5413 3078 5467 hiantia
3109 5415 3362 5480 claustra,

162 5502 248 5558 525
285 5508 396 5563 Nox
428 5518 695 5568 secretum
724 5511 896 5582 adytis
923 5510 1038 5566 ﬁeri
1073 5511 1340 5580 cogebat;
1372 5520 1426 5565 et
1457 5510 1546 5564 ille
1976 5505 2091 5571 Qua
2123 5505 2362 5560 tenebris
2390 5505 2542 5559 albus
2570 5505 2692 5559 caeli
2734 5504 2886 5558 color
2913 5505 3233 5570 interlucet,

223 5654 245 5681 ιι
273 5645 327 5701 ια
350 5657 433 5702 εει
461 5648 744 5702 discedere.
2012 5620 2276 5702 ltiss._duo
2300 5619 2516 5702 codices
2544 5619 2753 5702 Germ:
2775 5618 3093 5702 pulsantem.

222 5734 295 5805 (α)
323 5735 418 5794 Ms.
448 5754 589 5793 unus
615 5737 798 5794 Germ.
826 5740 991 5796 codex
1025 5750 1078 5795 et
1107 5740 1228 5795 edd.
1263 5739 1314 5804 ιι,
1359 5739 1498 5792 mala
1524 5739 1684 5808 facta.

1903 5685 1980 5760 (id)
2012 5692 2086 5744 Ita
2115 5706 2241 5744 mss.
2274 5690 2430 5744 codd.
2454 5705 2574 5744 cum
2605 5689 2690 5742 ed.
2723 5685 2905 5741 SChot.
2939 5685 3079 5750 Alii,
3101 5685 3408 5752 Questubm.

1840 5831 1851 5832 ί
1905 5765 1973 5832 (e)
2005 5763 2093 5832 Sic
2108 5758 2516 5832 rcumSacchino
2538 5774 2636 5811 ms.
2663 5756 2832 5812 codex
2847 5755 3227 5814 Germanensis
3251 5776 3408 5818 unus.

224 5826 292 5898 (δ)
321 5828 397 5888 Me
455 5831 473 5883 Ι
510 5833 694 5889 Carm.
728 5850 845 5888 cum
868 5834 1022 5889 editis
1049 5835 1311 5902 quinque,
1350 5831 1416 5886 .‘Vi
1443 5848 1709 5899 properet.
1749 5836 1754 5840 ’
1827 5826 2023 5895 Ceteri,
2071 5829 2136 5883 Et
2167 5830 2322 5899 vigili.
