4008 6346
624 312 733 369 699
1552 315 1607 367 S.
1653 313 1919 370 PAULlNl
1959 314 2203 371 NOLANI
2254 315 2556 373 EPISCOPl
2600 317 2936 375 POEMATA.
3748 326 3833 383 500

766 428 981 495 Inserit,
1006 426 1354 498 exploratque
1382 426 1471 482 diu
1499 443 1514 492 ;
1544 442 1642 481 nec
1670 428 1846 482 adhuc
1874 429 1975 483 sibi
2004 429 2190 493 credit,
2224 435 2273 492 Α
2300 430 2403 484 415
2439 432 2507 486 Et
2535 435 2823 489 reserantis
2846 431 3027 487 adhuc
3053 431 3325 488 molimina
3350 447 3721 504 pervenerunt.

765 520 899 587 Quid
927 520 1103 575 videat
1132 537 1145 571 :
1178 534 1277 573 nec
1304 519 1447 573 enim
1476 518 1729 574 sublustri
1757 519 1958 574 lumine
1991 520 2164 575 noctis
2446 524 2660 580 Dimoto
2686 524 2871 581 faciles
2897 531 3173 579 cesserunt
3201 525 3355 580 obice
3380 535 3574 595 postes.

765 612 904 667 Pura
933 611 1064 666 ﬁdes
1093 612 1283 678 oculis,
1314 611 1478 667 dubio
1509 620 1688 666 tamen
1720 612 1832 683 ipsa
1859 627 1957 682 per
1984 613 2201 667 umbras
2443 613 2798 683 Oblatumque
2824 614 2925 670 sibi
2961 630 3087 668 mox
3114 614 3233 684 ipso
3263 614 3315 668 in
3342 615 3520 670 limine
3548 631 3715 685 regem

624 702 727 758 575
760 702 1118 775 mm
1173 701 1417 773 Corpora
1474 703 1778 772 pulsantum
1821 703 2060 773 trepidos
2101 718 2199 756 au-
2445 704 2788 774 Coguoseunt
2819 705 3017 760 hilares
3042 705 3241 770 laetum,
3266 706 3608 777 lambuntque
3634 708 3833 764 vicissim

1660 794 1822 868 [ferre
1849 809 2100 864 pavores,
2379 865 2397 875 ο
2446 796 2798 862 Mulcentem,
2843 796 3113 865 labrisque
3151 813 3345 853 manus
3379 798 3638 868 palpantis
3665 799 3733 869 (ά)
3768 800 3835 853 in-

760 887 1033 957 Spemque
1081 882 1177 959 (a)
1221 888 1350 942 boni
1415 902 1630 956 erepere
1686 886 1839 940 novis
1885 886 2200 954 promittere
3553 889 3775 961 {undant,

1894 976 2127 1049 μοι-πίε.
2302 979 2405 1033 420
2442 980 2618 1050 Atque
2644 981 2885 1037 habitum
2927 989 3100 1037 totum
3140 976 3393 1052 spumosa
3435 998 3477 1052 p«

2302 979 2405 1033 420
2442 980 2618 1050 Atque
2644 981 2885 1037 habitum
2927 989 3100 1037 totum
3140 976 3393 1052 spumosa
3435 997 3533 1052 per
3562 982 3729 1037 oscula
3756 983 3834 1038 fm-

836 1071 953 1127 Non
987 1070 1236 1127 homines
1270 1072 1488 1143 pulsare
1525 1070 1706 1136 videt;
1754 1069 1847 1125 sed
1884 1069 2028 1138 quod
2056 1070 2202 1124 videt
2754 1062 2767 1075 ’
3256 1061 3267 1071 ’
3627 1071 3778 1145 [dant,

1989 1163 2129 1234 [esse
2446 1161 2580 1216 Dum
2613 1162 2707 1234 (ε)
2748 1163 3157 1234 complectentis
3194 1163 3396 1220 domini
3436 1164 3562 1234 juga
3608 1181 3720 1219 cara
3759 1168 3835 1219 be-

767 1256 984 1321 Verum,
1011 1271 1119 1310 non
1144 1253 1307 1308 audet
1327 1254 1425 1308 sibi
1448 1255 1689 1309 credere.
1712 1253 1901 1322 Magna
1924 1254 2199 1324 profabor,
2602 1304 2605 1309 ,
3566 1256 3779 1328 [uignum

762 1346 1091 1415 Quamquam
1122 1359 1289 1414 parva
1319 1342 1430 1399 Deo
1458 1345 1735 1409 miracula,
1767 1346 1853 1398 cui
1880 1345 2021 1414 sapit
2040 1359 2200 1399 mitte
2440 1344 2677 1402 Molliter
2692 1347 2877 1403 obnixi
2904 1345 3095 1402 blanda
3126 1346 3244 1401 vice
3265 1354 3454 1415 pectus
3482 1345 3547 1417 (Γ)
3574 1345 3773 1400 adulant

626 1433 723 1492 580
764 1438 960 1491 Herum
981 1436 1181 1490 animal
1209 1450 1393 1499 sensu,
1423 1451 1531 1503 quo
1553 1434 1775 1503 jusserit
1803 1435 1920 1504 ipse
1945 1432 2174 1488 Creator
2439 1434 2592 1490 Illum
2612 1437 2792 1492 dilecti
2819 1437 3031 1506 pecoris
3052 1452 3154 1491 nec
3181 1450 3384 1490 cornua
3414 1435 3624 1496 laedunt,

765 1529 1115 1598 Dinnigenum
1161 1543 1351 1597 pecus.
1398 1526 1536 1582 Ecce
1575 1542 1769 1595 gerens
1807 1526 1944 1582 duce
1972 1526 2199 1580 Numine
2441 1526 2506 1581 Et
2523 1529 2719 1584 collata
2744 1531 2896 1599 quasi
2923 1530 3117 1585 molles
3134 1529 3205 1584 ad
3228 1538 3446 1599 pectora
3475 1529 3669 1584 frontes

1870 1617 2127 1691 [mentem
2166 1686 2174 1695 ε
2300 1618 2404 1674 425
2439 1620 2721 1687 Admovet,
2752 1631 2809 1677 et
2830 1623 3075 1678 manibus
3097 1638 3205 1676 non
3227 1637 3417 1691 aspera
3446 1622 3617 1689 lingua
3637 1620 3831 1681 videtur.

764 1710 867 1764 Par
896 1712 1105 1779 insigne
1127 1709 1315 1777 boum,
1340 1727 1446 1765 non
1468 1720 1599 1765 nota
1631 1726 1728 1780 per
1747 1710 1868 1764 avia
1899 1718 2059 1764 nocte
2441 1711 2571 1778 Quae
2600 1713 2844 1768 lambens
2865 1714 3025 1768 etiam
3058 1713 3324 1769 silvestria
3353 1712 3545 1782 pabula
3573 1710 3719 1766 radit.

762 1799 999 1856 Venerat
1031 1802 1098 1856 ad
1126 1810 1284 1856 notas
1304 1802 1463 1856 nullis
1492 1801 1794 1856 rectoribus
1813 1800 1980 1865 mdes,
2238 1805 2278 1863 Β
2517 1805 2622 1860 Sed
2649 1814 2830 1861 tamen
2857 1806 2971 1862 lucc
3000 1806 3159 1871 inter,
3189 1820 3297 1860 non
3324 1820 3465 1859 vano
3492 1803 3668 1866 corde,
3692 1802 3833 1858 ﬁdelis

762 1894 970 1962 Sponte
998 1893 1177 1962 quasi,
1209 1908 1316 1947 non
1344 1900 1742 1958 spontedamen
1764 1932 1780 1958 ,
1807 1893 1932 1960 quia
1960 1890 2203 1945 Numinis

2450 1898 2700 1954 Rusticus
2719 1896 2885 1953 ofllcii
2913 1897 3181 1961 meminit,
3213 1911 3388 1965 neque
3415 1903 3569 1952 curat
3595 1894 3786 1950 anhelos

1983 1983 2128 2055 [τιθιυ
2448 1988 2845 2061 441-442
2867 1989 3005 2044 Ante
3024 1989 3191 2044 boves
3204 1987 3432 2043 stabulis
3447 1985 3705 2053 inducere,
3720 1991 3835 2054 post-

633 2072 731 2127 !85
768 2072 996 2144 Ereptos
1023 2075 1236 2144 potiore
1263 2089 1425 2129 manu
1454 2073 1796 2144 prmdonibus
1825 2073 1944 2128 illos
3423 2079 3547 2151 [que
3572 2078 3780 2133 laborem

769 2164 965 2232 Egerat
989 2165 1213 2220 occultis
1243 2164 1391 2219 Felix
1418 2163 1731 2220 moderatus
1759 2165 2002 2219 habenis.
2311 2172 2414 2227 450
2450 2171 2623 2243 Atque
2645 2172 2863 2240 tamen],
2884 2185 3130 2227 recreare
3150 2171 3289 2235 cibo,
3306 2185 3471 2240 quam
3490 2169 3671 2226 ducem
3687 2180 3834 2221 secum

834 2253 902 2309 Et
925 2264 1206 2324 postquam
1228 2254 1516 2323 attigerant
1542 2255 1739 2310 assueti
1769 2255 1976 2309 culmea
2006 2253 2133 2308 tecti
2453 2260 2605 2326 tunc,
2632 2261 2773 2317 unde
2798 2276 2928 2316 suos
2956 2262 3177 2317 meruit.
3207 2261 3366 2316 Venit
3394 2273 3524 2328 ergo
3543 2259 3763 2314 reductos

770 2342 1013 2399 Clllmim
1040 2346 1122 2410 ³⁹ς
1170 2345 1469 2412 gaudentes
1499 2345 1672 2400 τθάίιιι
1696 2384 1713 2411 ν
1761 2352 2119 2415 alienasque
2147 2344 2208 2399 ῑί·
2450 2352 2686 2419 Ducens,
2714 2368 2814 2409 nec
2843 2352 3019 2408 tacitis
3046 2352 3187 2407 celat
3206 2367 3304 2407 sua
3333 2350 3529 2421 gaudia
3553 2348 3717 2404 votis:

1842 2514 1845 2515 ν
1908 2435 2138 2507 [malles
2453 2446 2522 2500 Et
2550 2446 2787 2501 referens
2814 2445 3008 2501 densas
3036 2446 3199 2500 trahit
3217 2444 3287 2500 ad
3305 2459 3405 2500 sua
3425 2443 3585 2498 verba
3607 2447 3832 2499 catervas;

769 2531 865 2584 Sat
895 2529 968 2599 (ὁ)
998 2529 1221 2584 memori
1255 2538 1461 2584 terrore
1490 2544 1706 2592 manus,
1738 2527 1889 2599 quasi
1922 2535 2113 2596 sponte
2143 2527 2207 2581 ti-

2452 2537 2862 2606 lngrediturque
2888 2553 3071 2594 sacras
3096 2536 3305 2593 cunctis
3342 2533 3654 2590 mirantibus
3676 2529 3804 2585 mdes.

1905 2618 2139 2690 [ωθτθηι
2318 2626 2420 2682 455
2456 2627 2604 2694 Quos
2632 2628 2797 2682 miser
2821 2628 3079 2683 hesterno
3109 2626 3337 2683 amissos
3363 2624 3606 2687 dederat,
3640 2618 3819 2676 eosdem

636 2716 732 2773 590
771 2716 1061 2771 lnstantem
1091 2717 1191 2771 sibi
1211 2725 1511 2787 raptorem,
1537 2723 1763 2785 quatere
1791 2715 1930 2770 ostia
1955 2713 2156 2783 junctis
2454 2718 2752 2775 Praesentes
2773 2718 2935 2774 hodie
2961 2717 3146 2785 ducit;
3186 2717 3470 2786 sanctique
3497 2712 3785 2782 triumphum

770 2793 1058 2863 Frontibus
1085 2850 1101 2875 ,
1146 2818 1202 2862 et
1251 2817 1520 2879 tamquam
1562 2808 1810 2862 manibus
1852 2806 1931 2861 sic
1958 2805 2213 2861 cornibus
2455 2809 2701 2880 Martyris
2729 2816 2964 2864 ostentat
2989 2807 3034 2839 ’⁸⁸
3063 2807 3315 2878 populis;
3340 2806 3609 2861 ducuntur
3630 2811 3679 2856 et
3704 2798 3783 2869 ipsi

1050 2950 1059 2955 -
2022 2896 2138 2968 [ωε.
2458 2898 2563 2954 Per
2583 2898 2791 2954 medios
2819 2906 3010 2965 castus,
3042 2897 3202 2953 modo
3231 2896 3409 2952 furum
3433 2892 3627 2966 praeda,
3647 2884 3838 2961 iuvenci.

775 2986 843 3041 Ut
870 2987 1147 3043 dominum
1169 2989 1412 3043 excirent
1438 2988 1637 3042 sonitu.
1667 2986 1777 3042 Sed
1806 2986 2023 3041 territus
2050 2987 2169 3051 ille,
2459 2988 2527 3042 Et
2549 2990 2709 3045 modo
2737 2989 2932 3045 Felicis
2953 2988 3216 3058 spolium;
3238 2987 3332 3043 dat
3360 2986 3608 3043 euntibus
3633 2983 3789 3050 ingens

777 3077 979 3133 Rursus
1007 3088 1066 3133 ut
1093 3080 1272 3134 hostili
1298 3081 1497 3135 circum
1525 3095 1622 3136 sua
1647 3080 1878 3134 claustra
1908 3079 2161 3146 tumultu,
2319 3083 2423 3138 M0
2460 3082 2636 3138 Turba
2666 3083 2863 3149 locum,
2893 3091 2950 3137 et
2976 3090 3127 3138 muto
3152 3082 3463 3138 celebratur
3478 3080 3638 3151 gloria
3663 3073 3821 3131 Christi

781 3169 917 3223 Tuta
944 3172 1103 3223 etiam
1137 3171 1311 3224 timuit
1336 3186 1352 3237 ;
1391 3186 1579 3225 cursus
1606 3170 1871 3240 sapientia
1897 3170 2057 3225 bruto
2245 3173 2291 3235 C
2460 3175 2519 3230 In
2548 3188 2767 3245 pecore.
2798 3173 2893 3229 llle
2918 3181 3119 3241 autem,
3147 3174 3239 3242 qui
3267 3173 3406 3227 tanti
3435 3170 3659 3227 muneris
3679 3167 3771 3221 alto

644 3255 744 3314 595
788 3259 1043 3329 AdSpirat
1073 3260 1251 3330 pecori
1280 3274 1501 3315 causam
1529 3260 1733 3315 sentire
1765 3259 2044 3323 morantis,
2463 3265 2636 3319 Causa
2664 3263 2764 3319 fuit
2788 3264 3032 3328 Domino,
3063 3256 3255 3320 mediis
3280 3263 3338 3319 in
3362 3246 3632 3318 liminibus
3653 3265 3778 3313 stans

783 3353 960 3421 Atque
988 3352 1318 3408 intellectum
1349 3352 1550 3407 domini
1580 3367 1824 3408 reserare
1853 3352 2109 3408 timentis.
2466 3356 2733 3426 Flensque
2754 3357 2965 3421 iterum,
2988 3354 3082 3410 sed
3103 3355 3306 3418 laetitia,
3325 3353 3493 3409 modo
3512 3347 3841 3408 debitaSancto

784 3441 957 3497 Edere
981 3443 1268 3510 mugitum,
1298 3442 1366 3496 de
1393 3458 1502 3512 quo
1525 3441 1808 3497 formidine
1834 3443 1988 3513 pulsa
2182 3462 2185 3463 '
2465 3448 2603 3503 Vota
2632 3447 2815 3511 refert,
2848 3462 2954 3502 non
2980 3460 3087 3499 aere
3113 3445 3283 3514 gravi,
3306 3459 3411 3499 nec
3439 3455 3651 3497 munere
3667 3435 3818 3498 surdo,

784 3531 1057 3587 Panderet
1081 3533 1312 3588 exclusis
1341 3532 1543 3587 aditum
1571 3548 1794 3588 securus
1820 3532 2071 3595 alumnis.
2327 3541 2431 3596 4.55
2468 3540 2687 3595 Munere
2713 3537 2807 3593 sed
2833 3538 2954 3591 vivo
2982 3536 3175 3603 linguae
3202 3534 3507 3605 mentisque
3529 3530 3764 3603 profusus,

857 3625 953 3679 llle
978 3625 1200 3692 inopina
1225 3623 1411 3678 videns
1438 3623 1601 3678 divini
1632 3624 1859 3693 insignia
1887 3624 2036 3689 doni,
2468 3632 2613 3689 voce
2634 3632 2722 3701 pia
2751 3630 2957 3698 largum
2987 3637 3212 3684 testatur
3238 3643 3450 3699 pauper
3471 3628 3711 3682 honorem
3730 3618 3799 3668 ιιι

649 3717 750 3772 400
787 3717 968 3771 Hau-ct
1005 3715 1219 3775 adhuc,
1271 3714 1645 3783 trepidumque
1689 3715 1854 3770 etiam
1898 3730 1993 3768 sua
2033 3713 2225 3783 gaudia

2154 3713 2225 3768 lia
2472 3723 2690 3779 Debitor
2716 3729 2772 3777 et
2797 3721 3014 3775 Christo
3042 3720 3173 3775 satis
3199 3721 3304 3775 isto
3332 3719 3556 3790 pignore
3578 3714 3737 3779 solvit,

1899 3803 2156 3876 [ωτδθηίν
2466 3813 2806 3870 Immaculata
2829 3826 2936 3865 sua!
2958 3811 3042 3865 cui
3072 3809 3267 3867 suﬂicit
3293 3810 3474 3864 hostia
3501 3806 3677 3861 laudis.

787 3899 1022 3954 Credere
1050 3912 1157 3951 non
1189 3895 1353 3950 audet
1378 3913 1391 3962 ;
1423 3897 1613 3950 metuit
1634 3912 1741 3951 non
1765 3894 1985 3951 credere
2010 3913 2026 3961 ;
2056 3894 2229 3951 cernit
2536 3902 2787 3974 captivos
2812 3916 2902 3965 en,
2932 3900 3150 3965 Sancte,
3178 3909 3299 3954 tuos
3327 3900 3427 3954 tibi
3454 3898 3604 3969 plebe
3623 3892 3711 3950 sub
3732 3885 3844 3944 omni

786 3992 1022 4055 Coram,
1076 3989 1165 4062 (ε)
1212 3996 1268 4044 et
1305 3988 1538 4057 caligare
1588 3996 1789 4059 putat;
1839 3988 1968 4044 dum
2007 3988 2227 4058 respicit
2327 3996 2430 4052 450
2469 3995 2651 4050 Victor
2676 4006 2816 4061 ago,
2864 3999 2920 4045 et
2969 3991 3195 4061 supplex
3245 3992 3442 4045 iterum
3480 3987 3573 4044 tibi
3596 3980 3766 4040 mando
3784 3977 3843 4030 lu-

1958 4081 2047 4154 [ad
2072 4097 2152 4144 se,
3562 4075 3790 4153 [dendos=

786 4174 984 4230 Diflidit
1013 4182 1217 4229 tantum
1246 4188 1371 4227 sese
1392 4171 1632 4242 potuisse
1659 4172 1855 4228 mereri
1884 4190 1896 4225 :
2463 4177 2738 4232 Conserva
2767 4176 3025 4238 reduces,
3058 4175 3308 4244 dignatus
3335 4173 3564 4229 reddere
3588 4175 3766 4238 raptos.

783 4265 1106 4321 Sedcontra
1133 4273 1408 4333 reputans,
1456 4278 1485 4316 a
1513 4279 1621 4332 quo
1646 4264 1945 4332 speraverit
1970 4263 2039 4326 δο.
2063 4261 2226 4316 audet
2469 4268 2578 4323 sed
2623 4276 2804 4322 tamen
2852 4268 2903 4321 in
2946 4282 3031 4321 me
3079 4280 3220 4320 nunc
3273 4265 3451 4334 ipsum
3504 4261 3639 4316 bone
3684 4249 3846 4321 Γεδρίθο

649 4355 747 4409 ιο5
782 4356 1034 4420 Credere,
1065 4369 1398 4423 cognoscens
1422 4355 1616 4410 Felicis
1640 4363 1794 4423 gesta
1824 4356 2056 4425 patroni.
3565 4349 3789 4425 [Martyrz

854 4445 1079 4516 Jamque
1117 4446 1474 4500 rubescebant
1514 4454 1800 4514 rumpente
1835 4456 1859 4482 υ
1909 4447 2220 4515 crepuscula
2462 4441 2707 4518 Namque
2745 4447 2895 4503 vides
2930 4446 3076 4516 quod
3110 4460 3237 4516 agas
3277 4445 3371 4500 tibi
3416 4444 3592 4500 adhuc
3615 4445 3846 4510 superesse

1030 4542 1035 4545 “
1952 4536 2148 4607 [mane,
2250 4543 2302 4605 ι)
3497 4531 3608 4607 [sed
3637 4531 3684 4585 in
3704 4541 3791 4587 me.

788 4624 969 4681 Noctis
996 4635 1054 4681 et
1079 4634 1335 4681 extremae
1362 4626 1484 4694 fuga
1510 4628 1906 4683 rarescentibus
1933 4629 2108 4694 astris,
2463 4630 2563 4698 Qui
2582 4644 2753 4701 prope
2780 4629 2826 4661 “
2854 4629 3069 4686 caecatis
3095 4627 3266 4683 oculis
3296 4635 3388 4681 tua
3419 4616 3847 4682 comminus‘adslo

786 4717 929 4773 Luce
955 4718 1285 4772 subobscura
1316 4718 1399 4772 vel
1427 4718 1829 4773 sublucentihus
1857 4702 2081 4783 umbris,
2322 4721 2428 4778 £55
2457 4720 2706 4788 Limina;
2739 4736 2863 4776 nam
2896 4721 3067 4775 multo
3092 4718 3257 4774 mersi
3285 4733 3405 4772 mea
3431 4717 3626 4772 lumina
3652 4710 3794 4770 ﬂetu;

784 4808 1034 4877 Coeperat
1061 4806 1341 4874 ambiguos
1368 4821 1546 4861 rerum
1574 4822 1817 4863 reserare
1842 4807 1885 4839 ’δι
1915 4808 2146 4864 colores.
2467 4813 2586 4871 Non
2614 4813 2787 4869 solum
2817 4811 3034 4876 damno,
3067 4809 3161 4864 sed
3193 4818 3247 4864 et
3276 4809 3419 4863 inter
3440 4807 3627 4878 gaudia
3651 4804 3845 4874 plorans.

646 4897 746 4953 MO
784 4898 936 4977 Tunc
958 4897 1171 4951 demum
1193 4904 1319 4950 nota
1349 4898 1529 4967 specie
1556 4898 1656 4951 sibi
1692 4897 1863 4953 bubus
1894 4899 2107 4969 apertis,
2464 4904 2719 4962 Demsisti
2749 4917 2966 4959 causam
2997 4902 3372 4973 lacrymarum,
3404 4900 3533 4955 tolle
3558 4895 3705 4953 modo
3726 4899 3821 4947 orta

786 4990 855 5047 Ut
881 4990 1111 5061 primum
1139 5004 1353 5060 capere
1380 4990 1550 5045 oculis
1575 4990 1870 5046 clarescere
1891 5000 2038 5051 sem,
2463 4995 2694 5051 Vulnera
2730 4993 2801 5050 de
2839 4992 3126 5063 lacrymis;
3151 4992 3456 5059 miseratus,
3486 4992 3703 5053 Sancte,
3727 4994 3847 5037 meo—

782 5082 998 5138 Certior
1025 5081 1292 5145 exsultat,
1318 5097 1601 5137 removens
1628 5090 1686 5137 et
1711 5083 1920 5152 pessula
1948 5083 2214 5147 claustris,
3676 5077 3793 5148 [rum

779 5174 935 5232 Ostia
958 5174 1139 5228 laxato
1165 5173 1447 5228 stridentia
1473 5173 1694 5229 cardine
1721 5173 1899 5227 solvit.
2239 5238 2245 5244 _
2461 5178 2664 5232 Damna
2692 5177 2886 5241 boum,
2926 5174 3186 5231 miserare
3219 5174 3402 5230 itidem
3432 5174 3478 5205 "
3515 5170 3667 5227 modo
3689 5165 3847 5222 damna

856 5268 992 5322 Dum
1023 5266 1153 5321 facit
1173 5266 1297 5332 hoc,
1319 5266 1493 5335 juncti
1522 5266 1678 5322 simul
1708 5267 1953 5337 irrupere
1971 5265 2207 5334 juvcnct,
3503 5260 3791 5335 [oculorual-
3860 5278 3861 5281 η

766 5381 824 5436 Id
850 5389 931 5435 est
958 5388 1277 5449 erumpente.
1498 5448 1503 5449 ί
1586 5448 1593 5449 ί
2032 5447 2063 5449 ἡ
2108 5448 2131 5449 π
2336 5448 2339 5449 γ
2396 5377 2477 5449 (d)
2508 5375 2585 5432 lta
2607 5377 2940 5449 correximus
2958 5391 3025 5431 ex
3047 5392 3148 5449 ms.
3170 5374 3472 5449 Gerununo
3491 5372 3686 5449 codice.
3710 5365 3847 5449 ΑΙιᾷςτ

712 5455 788 5523 (a)
820 5451 918 5508 llic
934 5436 1120 5506 versus
1139 5448 1475 5505 desideratur
1493 5448 1546 5504 in
1567 5448 1775 5504 duobus
1795 5463 1923 5502 mss.
1947 5447 2219 5503 codicibus
2324 5436 2635 5571 ξηὴιᾶἱηαιηες
2680 5446 2818 5503 forte
2843 5445 2899 5501 id
2925 5455 3040 5510 est,
3071 5445 3307 5501 humida:
3327 5447 3564 5500 reddunt.
3595 5441 3720 5494 Ante
3756 5436 3847 5487 eral

712 5539 823 5571 erm.
2325 5534 2412 5571 ιηυ
2456 5533 2523 5570 an
2552 5556 2564 5569 .

2325 5533 2563 5571 tnuaant.

644 5522 954 5678 Eéglhsié,
975 5590 1316 5678 eﬂendaﬁul!‘
1353 5604 1417 5643 ex
1461 5588 1629 5678 ίΓΞΨδ
1652 5602 1787 5678 ξηδδν
1836 5585 2141 5652 omnem“,
2182 5586 2218 5639 2
2325 5522 2588 5678 magis
2610 5623 2738 5663 mss.
2773 5606 2881 5662 duo
2905 5606 3087 5662 Germ.
3119 5605 3272 5669 Edd.,
3303 5604 3696 5675 complementa.

645 5658 824 5714 Cor-nt.
853 5668 907 5714 et
936 5660 956 5712 l
991 5658 1174 5713 Barth.
1204 5660 1341 5713 Ante
1366 5658 1686 5728 erat_Stant.
1734 5726 1756 5728 _
2395 5658 2463 5728 ἒξ(
2490 5658 3085 5728 ᾖξξξξξξηιξξξ...ῖ.ί.η,ξζ
3119 5658 3451 5728 ...ξ-,λζ’ᾳᾲ
3505 5692 3617 5728 ,ιηιί

717 5685 824 5713 ΠΙ..
853 5685 907 5714 CI.
936 5685 956 5712 ’1
991 5685 1174 5713 Dill‘lll-
1204 5685 1341 5713 ﬂlllc
1366 5685 1483 5712 tri".
1512 5685 1686 5711 oulﬂl.
1902 5728 1913 5739 .
2786 5722 2796 5733 .
2838 5700 2865 5728 ⁹,
2978 5719 2987 5729 '
3504 5692 3617 5750 cm].
3694 5685 3842 5742 Germ.

717 5730 787 5799 (ο)
817 5728 942 5783 Mss.
968 5738 1075 5785 tres
1104 5731 1267 5799 codd.
1285 5738 1335 5783 et
1363 5729 1447 5781 ed.
1479 5726 1686 5799 Schne,
1719 5726 2033 5799 Comminus,
2055 5738 2101 5781 et
2125 5745 2213 5782 ca-
2325 5701 2462 5799 ωίερ
2490 5700 2989 5799 Ῐξίίλξᾝῖξδδδ¹¹¹¹¹¹δ
3023 5716 3096 5755 δι’
3118 5700 3325 5756 dunbus
3348 5713 3472 5781 "'S.s'
3602 5706 3669 5747 κ’

648 5771 812 5868 tanta:
836 5808 1000 5870 putat,
1037 5800 1195 5862 male.
1232 5798 1361 5853 Vide
1388 5814 1558 5852 carm.
1583 5771 1686 5862 52;
1706 5815 1757 5851 v.
1784 5797 1915 5850 205.
2019 5771 2033 5794 ’
2324 5771 2482 5836 Mn"
2515 5771 2767 5828 "domn"
