4008 6346
229 333 332 390 501
1662 334 1812 390 ΡΟΕΕ

1943 333 2073 392 XIX.
3397 329 3526 386 εἲοῒ

1489 1098 1817 1108 ———-——

229 450 342 504 t6.)
379 448 605 503 Donasti
633 448 860 504 reduces
885 449 1118 518 pecudes
1139 450 1185 480 “
1216 451 1369 518 mihi,
1400 467 1583 507 rursus
1603 461 1659 506 et
1687 453 1791 506 illis
1853 459 1898 516 Α
2073 451 2303 521 Moxque
2328 449 2528 506 refecta
2570 465 2778 507 sacram
2817 458 3100 507 senserunt
3133 449 3334 506 lumina
3373 450 3506 504 dex-

379 540 566 596 Redde
608 556 760 596 meos
797 542 1001 596 oculos.
1052 541 1182 595 Nam
1221 542 1346 611 quid
1380 542 1532 611 juvat
1568 558 1688 598 esse
1728 559 1816 599 re-
3249 544 3429 614 [ιι-ειη.

1512 632 1744 702 [ductos,
2136 632 2266 689 Inde
2298 634 2339 665 ³⁷
2371 633 2588 689 domum
2620 633 2859 703 gaudens
2898 634 3069 690 oculis
3101 633 3381 702 bubusque
3419 648 3488 686 re

375 720 434 774 Si
465 720 757 788 languente
783 721 898 776 acie
926 736 1160 790 praesens
1186 723 1540 792 praesentibus
1568 722 1737 776 absim
1761 724 1782 775 ?
3206 723 3398 798 [ceptis
3415 765 3430 789 ,

453 813 606 867 'i‘alia
637 824 928 883 prtescntes
948 816 1130 885 populi
1163 817 1330 871 risere
1348 827 1684 885 querentem.
2063 817 2422 874 Collaudante
2440 820 2486 852 “‘
2507 818 2674 874 Deum
2699 816 2920 887 populo,
2949 816 3242 882 remeabat,
3275 823 3328 871 et
3355 815 3496 871 illum

376 901 487 956 Sed
516 904 704 972 procul
736 903 963 959 admone
990 905 1184 960 secreti
1215 905 1460 977 Martyris
1485 923 1641 962 aures
2065 915 2212 970 Laeta
2241 915 2569 986 sequebatur
2592 911 2791 983 gemini
2809 911 3036 967 victoria
3063 911 3174 966 veli

224 990 333 1044 $65
378 992 677 1064 Suscepere
704 994 821 1063 pias
845 997 914 1051 ab
943 995 1125 1065 inepto
1155 997 1395 1066 supplice
1424 1012 1602 1061 voces,

1539 1168 2180 1241 MUBATOBII

586 1331 705 1413 IN
779 1333 890 1415 S..
948 1332 1424 1416 PAULINI
1497 1337 1794 1418 ΤΒΕὸ
1870 1331 2391 1420 NATALES
2471 1334 3168 1436 SEQUENTES

1415 1463 1424 1471 ’
1555 1494 2177 1557 PROLEGOMENA.

299 1630 664 1703 μεθ-ω
688 1632 922 1686 Tandem
948 1644 1190 1702 apertum
1222 1636 1276 1690 in
1304 1635 1447 1691 diem
1475 1645 1708 1706 quatuor
1740 1642 1756 1659 ‘
1784 1637 1992 1693 Paulini
2013 1637 2254 1707 episcopi
2283 1633 2471 1690 Nolani
2494 1640 2740 1704 poemata
2770 1633 3013 1704 perduxi,
3046 1632 3135 1687 diu
3156 1633 3223 1687 ah
3261 1629 3524 1688 omnibus-

229 1721 531 1776 litterarum
560 1722 856 1778 cultoribus
879 1723 1203 1792 desiderata,
1234 1725 1325 1780 diu
1353 1727 1514 1781 etiam
1545 1725 1844 1799 deplorata.
1871 1727 1994 1783 Haec
2020 1727 2152 1782 tanti
2180 1724 2278 1780 viri
2307 1732 2653 1780 monumenta
2682 1724 2954 1792 hucusque
2980 1721 3134 1776 nobis
3164 1721 3350 1775 invidit
3368 1734 3509 1774 smva

229 1819 537 1880 temporum
566 1811 824 1876 edacitas,
857 1827 976 1882 qua:
1009 1813 1151 1869 inter
1174 1815 1408 1871 illustres
1437 1817 1652 1885 rapinas
1680 1816 1784 1871 hoc
1813 1831 2029 1885 quoque
2058 1829 2308 1883 magnum
2350 1813 2653 1868 involverat
2681 1812 3002 1880 eloquentim
3031 1811 3240 1880 pignus.
3279 1807 3510 1862 Maxime

226 1899 523 1956 dolendum
549 1901 791 1972 profecto
819 1911 901 1956 est
929 1911 1008 1958 tot
1026 1911 1267 1958 veterum
1298 1903 1518 1958 Patrum
1546 1905 1758 1960 divitias
1777 1906 2060 1971 excidisse,
2085 1904 2278 1972 quibus
2305 1909 2359 1958 et
2388 1901 2750 1957 ecclesiastica
2781 1901 3024 1965 historia,
3049 1909 3106 1954 et
3128 1897 3250 1953 fidei
3278 1896 3510 1952 catholi-

227 2007 306 2046 ca!
328 1992 587 2062 dogmata
614 1996 919 2064 promoveri
949 1993 1172 2050 feliciter
1193 2005 1443 2066 possent;
1474 1996 1569 2051 sed
1601 1997 1653 2051 in
1695 2012 1880 2051 earum
1911 1996 2247 2066 potissimum
2272 1993 2483 2063 jactura
2512 1991 2757 2046 dolorem
2790 2000 3032 2046 nostrum
3059 2005 3311 2044 exercere
3335 1988 3511 2057 juvat,

227 2099 348 2154 qua:
367 2085 439 2140 ah
472 2085 945 2154 eloquentissimis,
971 2086 1426 2156 sanctissimisque
1456 2085 1704 2141 Patribus
1729 2087 2005 2141 elaborata
2038 2087 2216 2148 luere,
2251 2097 2480 2152 quorum
2508 2096 2612 2150 ope
2637 2081 2735 2134 aevi
2766 2080 2934 2133 nostri
2969 2078 3328 2134 heterodoxos
3355 2092 3511 2132 ever—

229 2185 364 2243 tere,
394 2186 454 2233 et
483 2179 761 2234 meliorem
786 2179 853 2235 ad
880 2179 1085 2248 frugem
1113 2194 1367 2235 revocare
1395 2178 1473 2233 fas
1499 2188 1660 2234 esset.
1692 2178 1932 2245 Quantus
1960 2187 2140 2233 autem
2171 2176 2330 2232 fuerit
2359 2174 2612 2230 Paulinus
2637 2181 2820 2228 noster
2852 2182 2907 2228 et
2934 2180 3142 2236 orator,
3170 2179 3225 2226 et
3247 2177 3428 2241 poeta,
3459 2178 3514 2225 et

227 2277 472 2334 sanctus,
497 2278 611 2324 tum
633 2271 751 2340 ejus
787 2272 1007 2341 scripta,
1037 2279 1148 2325 tum
1188 2271 1424 2325 omnium
1456 2271 1737 2326 illustrium
1757 2273 2084 2341 scriptorum
2110 2269 2433 2324 documenta
2465 2276 2750 2324 testantur.
2781 2264 3046 2320 Eximiam
3076 2265 3214 2338 illius
3253 2263 3513 2318 sanctita~

229 2373 341 2417 tem
365 2378 476 2417 non
497 2362 778 2432 attingam,
796 2371 984 2433 utpote
1003 2377 1122 2432 qua:
1149 2363 1279 2417 satis
1305 2371 1522 2432 apertos
1537 2361 1842 2417 laudatores
1854 2360 2188 2416 inveneritS.
2205 2359 2544 2414 Ambrosium
2558 2374 2644 2427 ep.
2658 2355 2726 2411 50
2738 2356 2803 2411 ad
2819 2356 3024 2421 Sabim,
3040 2355 3240 2426 Sulpic.
3255 2353 3513 2410 Severum

231 2453 288 2507 in
311 2451 420 2508 ﬁne
445 2452 679 2522 Dialog.,
711 2452 872 2523 Greg.
888 2452 1093 2509 Turon.
1118 2452 1454 2508 lib.deGlor.
1471 2452 1861 2520 confess.,cap.
1878 2449 2176 2519 107,Greg.
2193 2449 2440 2518 Magnum
2455 2448 2547 2504 lib.
2564 2465 2616 2502 ιιι
2631 2447 2836 2514 Dialog.
2854 2446 3093 2515 aliosque
3109 2443 3225 2512 ejus
3237 2451 3516 2512 resgestas

232 2550 588 2610 prosecutos,
617 2557 682 2597 ac
709 2543 1002 2597 etiamnum
1034 2543 1086 2596 in
1125 2541 1301 2597 Fastis
1339 2541 1716 2597 ecclesiasticis
1753 2539 2175 2596 commendetur.
2213 2539 2403 2594 Mirum
2441 2553 2571 2592 sane
2610 2535 2778 2591 videri
2817 2536 2994 2601 debet,
3027 2536 3198 2590 virum
3240 2536 3513 2589 senatoria

230 2633 516 2708 dignitate,
547 2649 611 2688 ac
635 2633 754 2702 ipso
779 2634 1060 2689 consulatu
1091 2634 1218 2688 olim
1266 2642 1504 2696 auctum,
1532 2632 1826 2688 innumeris
1852 2637 2193 2702 pratstantem
2223 2630 2414 2699 opibus
2441 2629 2624 2684 seculo
2661 2629 2734 2682 ita
2764 2628 3118 2691 renuntiasse,
3152 2632 3209 2678 ut
3249 2624 3513 2680 universa:

232 2721 662 2780 Christianorum
691 2725 996 2794 reipublicae
1024 2726 1320 2781 sanctitatis
1347 2725 1650 2795 exemplum
1683 2723 1968 2786 exstiterit,
2000 2721 2144 2790 quod
2173 2721 2341 2787 inquit
2369 2720 2435 2773 ad
2463 2735 2584 2774 eum
2613 2719 2853 2775 scribens
2882 2719 3206 2788 Augustinus
3231 2730 3318 2787 ep.
3346 2716 3436 2784 '54,
3460 2725 3515 2772 et

235 2825 324 2880 ep.
347 2810 416 2865 39
442 2811 509 2866 ad
537 2811 857 2868 Licentium.
890 2812 1018 2882 Ejus
1055 2815 1108 2869 in
1145 2814 1383 2868 oratoria
1413 2823 1530 2868 arte
1554 2813 1925 2868 excellentiam
1966 2809 2365 2866 commendavit
2401 2809 2759 2880 Hieronymus
2784 2810 2836 2863 in
2867 2825 2953 2879 ep.
2983 2811 3050 2864 15
3088 2811 3171 2865 his
3198 2810 3374 2866 verbis
3406 2827 3417 2861 :
3452 2807 3514 2863 Si

241 2903 392 2970 quasi
424 2911 649 2958 extrema
684 2920 868 2959 manus
905 2906 1046 2974 operi
1085 2916 1168 2959 tuo
1204 2904 1551 2968 induceretur,
1579 2903 1711 2958 nihil
1741 2903 2025 2972 pulchrius,
2059 2900 2190 2955 nihil
2219 2901 2416 2954 doctius
2448 2918 2463 2954 :
2493 2901 2623 2956 nihil
2655 2900 2873 2965 dulcius,
2899 2901 3124 2972 nihilque
3153 2900 3393 2956 Latinius
3415 2899 3515 2953 tuis

242 2995 540 3051 haberemus
558 2999 913 3055 voluminibus.
946 3000 1081 3056 Tum
1105 3000 1252 3055 addit
1277 3019 1288 3054 :
1324 2999 1381 3054 Μ
1384 3017 1578 3072 agnum
1599 2998 1756 3053 habes
1785 3002 2072 3071 ingenium,
2101 3009 2149 3052 et
2172 2999 2433 3068 inﬁnitam
2461 2997 2713 3051 sermonis
2737 2995 3136 3066 supellectilem,
3160 3003 3208 3049 et
3246 2995 3400 3065 facile
3437 2993 3516 3048 lo-

239 3089 413 3159 quer-is
436 3098 486 3142 et
508 3107 653 3160 pure,
679 3100 784 3148 etc.
817 3091 1041 3163 Reliqua
1084 3094 1259 3158 mitto,
1288 3101 1347 3147 ut
1384 3091 1625 3161 ejusdem
1669 3093 1721 3147 in
1762 3092 1913 3162 poesi
1935 3092 2296 3162 praestantiam
2327 3097 2521 3157 magno
2545 3089 2644 3143 viri
2673 3088 2848 3156 magni
2874 3088 3182 3144 testimonio
3211 3089 3512 3160 ostendam.

243 3180 506 3238 Ausonius
534 3180 815 3236 Paulinum
862 3182 1002 3238 inter
1028 3198 1228 3253 paucos
1254 3198 1439 3238 carum
1470 3183 1675 3247 habuit,
1710 3191 1963 3252 totusque
1989 3183 2044 3236 in
2091 3197 2158 3237 eo
2187 3195 2402 3250 semper
2432 3180 2552 3243 fuit,
2583 3187 2641 3233 ut
2670 3179 2744 3232 illi
2787 3178 3077 3247 dignitates
3113 3185 3512 3252 comparentur,

221 3269 462 3340 .rjusqm
481 3287 680 3328 nomen
709 3271 864 3327 fama:
891 3271 1379 3329 commendaretur.
1407 3272 1592 3342 itaque
1612 3272 1680 3326 ad
1700 3288 1823 3328 eum
1843 3272 2085 3328 scribens
2104 3287 2190 3341 ep.
2223 3269 2292 3324 20
2319 3271 2430 3326 haec
2456 3269 2618 3325 habet
2646 3287 2657 3322 :

1106 3383 1182 3444 Et,
1210 3397 1320 3444 qua:
1339 3383 1618 3444 jamdudum
1642 3385 1736 3434 tibi
1765 3385 1917 3442 r-alma
1945 3385 2132 3432 toetlca
2158 3382 2328 3444 pollet,

1168 3445 1418 3494 Lemnisco
1438 3453 1604 3493 ornata
1633 3454 1726 3505 est,
1753 3459 1851 3507 quo
1875 3459 1984 3492 mea
2011 3446 2162 3504 palma
2185 3457 2252 3492 ea.
2270 3456 2337 3492 et.

1105 3505 1334 3556 Cedimus
1361 3508 1582 3564 ingenio,
1607 3505 1839 3566 quantum
1864 3507 2183 3567 prtrcwilmus
2205 3519 2326 3560 aeto,

1163 3569 1391 3630 Assurgit
1417 3568 1564 3617 Musae
1587 3575 1750 3616 nostra
1771 3568 1996 3617 Camtena
2025 3576 2139 3616 ture.

303 3667 443 3723 llinc
473 3669 642 3735 disce,
672 3677 928 3738 quantum
959 3670 1010 3723 iu
1040 3670 1190 3738 poesi
1217 3669 1450 3724 nominis
1478 3668 1701 3723 Paulino
1731 3669 1888 3734 foret,
1913 3670 1998 3725 cui
2027 3669 2290 3724 Ausonius
2313 3669 2752 3738 praeclarissimus
2781 3669 2980 3737 alioqui
3010 3677 3160 3722 vates
3187 3679 3512 3736 assurgeret.

238 3755 381 3813 Idem
411 3760 682 3815 Ausonius
711 3760 775 3814 ad
803 3759 1085 3815 Paulinum
1114 3777 1199 3831 ep.
1237 3761 1260 3813 1
1298 3779 1309 3814 :
1343 3761 1462 3815 lam
1486 3762 1626 3832 quid,
1661 3763 1752 3824 ait,
1783 3764 1846 3814 de
1871 3763 2161 3832 eloquentia
2186 3761 2398 3814 dicam?
2426 3759 2642 3832 Liquida
2680 3760 2926 3830 adjurare
2953 3777 3159 3830 possunt
3196 3763 3392 3816 nullum
3423 3764 3518 3816 tibi

239 3849 306 3902 ad
333 3851 592 3919 poeticam
622 3851 921 3920 facundiam
949 3851 1201 3906 Romana:
1222 3853 1507 3923 jurentutis
1533 3853 1747 3923 arquari.
1780 3851 1886 3906 Sed
1913 3853 2013 3906 viri
2055 3852 2187 3906 tanti
2219 3867 2506 3920 numquam
2535 3851 2666 3906 satis
2702 3851 2949 3910 laudandi
2986 3853 3293 3923 panegyrim
3333 3861 3517 3907 texere

240 3958 344 3996 non
375 3943 547 3996 lubet.
580 3942 659 3997 Ad
685 3942 801 4011 ejus
827 3943 988 4012 igitur
1010 3944 1264 3997 librorum
1288 3943 1481 3997 seriem
1506 3943 1878 4012 explicandam
1909 3958 1994 3997 me
2023 3941 2259 3996 confero.
2296 3940 2543 4008 Ejusdem
2572 3942 2953 4010 quinquaginta
2984 3941 3050 3995 ad
3079 3943 3256 4011 plures
3275 3944 3516 4012 epistola:

239 4042 474 4098 exstant,
501 4043 613 4089 tum
644 4045 891 4104 poemata
917 4036 1080 4098 varia,
1101 4050 1163 4088 ac
1192 4035 1456 4103 pnecipue
1487 4033 1553 4085 10
1581 4033 1796 4088 Natales
1822 4033 1873 4087 in
1915 4033 2174 4087 honorem
2204 4032 2258 4084 S.
2296 4031 2488 4085 Felicis
2529 4033 2752 4086 conditi.
2785 4032 2909 4087 Haec
2948 4041 3002 4086 et
3043 4034 3143 4086 alia
3168 4033 3222 4086 S.
3274 4034 3515 4103 episcopi

238 4123 500 4193 opuscula
529 4125 670 4195 typis
711 4138 852 4192 δίκερε
875 4124 1160 4177 commissa
1192 4122 1360 4186 fuere,
1391 4122 1461 4174 ita
1488 4129 1664 4175 tamen
1695 4131 1753 4175 ut
1781 4122 2018 4176 omnium
2050 4121 2424 4175 venustissima
2471 4121 2732 4174 habeatur
2765 4122 3169 4190 Autuerpicnsis
3195 4122 3360 4176 editio
3388 4125 3517 4178 anni

239 4211 407 4277 1622,
435 4213 638 4282 quippe
656 4229 774 4282 qua:
789 4214 931 4268 notis
959 4214 1244 4269 Frontonis
1275 4213 1478 4278 Duczei,
1512 4221 1566 4267 et
1607 4212 1871 4267 Heriberti
1899 4211 2182 4276 Rosveidi,
2214 4227 2276 4266 ac
2308 4211 2514 4266 Paulini
2536 4212 2644 4264 vita
2674 4227 2772 4280 per
2799 4211 2859 4266 P.
2883 4212 3200 4268 Sacchinum
3238 4214 3515 4271 elaborata

238 4307 495 4380 abundet.
515 4306 734 4363 Parisiis
745 4307 958 4362 demum
975 4325 1116 4363 anno
1132 4307 1268 4362 l685
1282 4308 1331 4362 in
1353 4308 1487 4362 duos
1503 4315 1676 4360 tomos
1694 4304 1898 4372 digesta
1911 4305 2160 4375 prodiere
2172 4301 2375 4357 Paulini
2398 4317 2560 4373 opera
2575 4301 2640 4356 ad
2663 4317 2788 4356 mss.
2807 4302 3023 4358 codices
3036 4304 3331 4374 recognita,
3343 4306 3516 4360 notis-

239 4411 346 4466 que
367 4401 640 4456 variorum
661 4401 924 4457 illustrata
952 4403 1130 4456 studio
1158 4400 1415 4456 Johannis
1429 4401 1678 4472 Baptista:
1692 4400 1764 4455 Le
1778 4400 1939 4462 Brun,
1959 4412 2076 4466 quae
2087 4395 2154 4451 ad
2167 4410 2356 4450 manus
2377 4406 2545 4463 meas,
2559 4395 2702 4464 quod
2712 4395 2869 4452 valde
2881 4397 3049 4465 dolui,
3061 4397 3256 4454 deferri
3279 4399 3517 4455 nondum

237 4499 554 4558 potuerunt.
589 4489 850 4545 Emiserat
873 4492 1032 4546 etiam
1065 4490 1254 4546 Petrus
1281 4490 1468 4546 Franc.
1499 4489 1796 4545 Chililetius
1818 4490 1884 4543 V.
1907 4489 1966 4544 C.
1999 4503 2031 4542 e
2063 4503 2178 4542 soc.
2209 4485 2335 4543 Jesu
2365 4502 2508 4542 anno
2546 4486 2686 4540 1662
2725 4488 2953 4553 librum,
2984 4490 3070 4544 cui
3101 4491 3314 4546 titulum
3362 4490 3510 4548 fece-

236 4590 324 4633 rat
354 4579 611 4634 Paulinus
649 4581 955 4646 illustratus,
987 4583 1301 4651 eruditeque
1331 4582 1616 4636 admodum
1661 4597 1750 4636 res
1796 4589 1994 4648 gestas,
2028 4579 2301 4650 librosque
2347 4579 2518 4634 sancti
2556 4579 2713 4649 hujus
2749 4588 3058 4634 exornarat.
3087 4579 3297 4635 Nemini
3337 4589 3525 4637 tamen

236 4669 519 4739 hucusque
547 4686 609 4726 ea
637 4681 882 4742 poemata
914 4675 1106 4728 intueri
1134 4675 1373 4741 contigit.
1405 4689 1523 4742 quae
1546 4690 1612 4727 ex
1630 4673 1994 4729 Ambrosianum
2019 4672 2356 4727 bibliotheca:
2379 4671 2600 4726 latebris
2621 4673 2859 4726 omnium
2879 4673 3085 4742 primus
3113 4674 3165 4728 in
3189 4674 3362 4730 lucem
3391 4690 3518 4744 pro-

235 4763 400 4819 duco.
432 4763 683 4819 Testatur
712 4763 966 4821 Paulinus
996 4768 1047 4822 in
1079 4784 1163 4837 ep.
1197 4769 1260 4822 ad
1288 4768 1544 4822 Severum
1575 4783 1734 4830 nona,
1768 4783 1826 4822 se
1847 4767 2137 4836 quotannis
2161 4765 2476 4821 Natatitium
2516 4783 2723 4821 carmen
2752 4765 2808 4821 S.
2842 4765 3004 4822 Felici
3033 4781 3267 4837 pangere
3289 4781 3519 4822 consue-

235 4855 403 4909 visae.
433 4854 630 4908 Decem
658 4871 787 4911 vero
815 4872 880 4911 ex
913 4857 994 4910 his
1023 4856 1298 4910 Natalibus
1326 4865 1533 4910 tantum
1560 4864 1774 4910 exstare
1804 4856 1989 4924 opinio
2017 4863 2150 4918 erat,
2183 4872 2346 4925 quum
2376 4856 2429 4910 in
2459 4855 2728 4924 publicum
2763 4855 3006 4924 prolatus
3034 4864 3117 4912 est
3146 4856 3390 4927 Dungali,
3422 4855 3515 4925 qui

235 4958 385 4998 anno
403 4942 605 4998 Christi
627 4945 839 5001 circiter
858 4945 954 4998 821
989 4943 1232 5006 florebat,
1265 4945 1400 5000 liber
1418 4946 1674 5000 adversus
1696 4944 1975 5000 Claudium
2003 4943 2402 5016 διε-448
2427 4943 2812 5000 Taurinensem
2843 4946 2904 4999 ds
2927 4944 3078 5000 Cultu
3098 4964 3366 5002 sacrarum
3386 4947 3519 5004 ima.-

234 5035 439 5105 ginuni,
482 5049 645 5103 quem
677 5032 952 5088 Ludovico
982 5033 1076 5088 Pio
1103 5035 1436 5102 imperatori,
1479 5035 1702 5103 ejusque
1733 5033 1842 5087 lilio
1872 5034 2129 5088 Lothario
2169 5034 2456 5102 inscripsit.
2491 5031 2728 5088 Plurima
2759 5034 2831 5089 ibi
2871 5044 3136 5092 memorat
3162 5037 3245 5089 vir
3283 5035 3518 5090 disertus

234 5141 299 5179 ac
330 5125 453 5192 pius
481 5123 539 5177 S.
574 5119 779 5176 Paulini
809 5124 1063 5185 carmina,
1095 5125 1238 5178 inter
1263 5139 1379 5192 qua:
1411 5124 1664 5178 nonnulla
1690 5140 1760 5178 ex
1787 5123 2063 5178 Natalihus
2092 5140 2163 5186 xl,
2189 5140 2302 5191 xm,
2341 5140 2429 5180 xw
2455 5133 2512 5180 et
2538 5141 2607 5179 xv
2631 5125 2817 5191 libata,
2866 5127 3061 5197 quibus
3087 5142 3357 5182 sacrarum
3383 5126 3516 5180 ima-

232 5214 443 5278 ginum,
474 5212 929 5280 reliquiarumque
961 5213 1137 5267 cultus
1169 5215 1486 5268 mirabiliter
1513 5214 1913 5282 comprobatur.
1963 5214 2392 5269 Vetustissimum
2427 5214 2587 5284 hujus
2619 5217 2897 5286 scriptoris
2936 5218 3218 5286 exemplar
3241 5227 3297 5272 et
3335 5227 3516 5273 nostra

232 5299 568 5355 bibliotheca
598 5309 797 5357 servat.
828 5299 984 5355 Istius
1012 5302 1172 5369 igitur
1199 5302 1403 5356 monitu
1434 5301 1568 5357 alios
1595 5316 1812 5370 quoque
1837 5303 2054 5358 Natales
2081 5301 2358 5358 Paulinum
2389 5304 2704 5382 procudisse
2733 5306 2983 5362 innotuit.
3013 5307 3168 5364 Sitim
3198 5308 3346 5362 auxit
3374 5307 3516 5378 frag-

232 5397 551 5445 mentorum
580 5391 810 5458 pretium
859 5390 1092 5458 visisque
1137 5390 1340 5458 aliquot
1366 5390 1522 5446 unda:
1549 5392 1714 5458 guttis
1738 5391 1996 5448 continuo
2029 5399 2174 5448 totus
2210 5391 2264 5446 in
2309 5393 2450 5452 votis
2489 5392 2609 5449 fons
2643 5393 2764 5449 fuit.
2804 5395 2992 5466 Itaque
3032 5396 3158 5452 dum
3191 5397 3514 5454 uberrimam

233 5481 729 5548 manuscriptorum
757 5480 1001 5535 codicum
1025 5481 1218 5536 seriem
1248 5483 1437 5547 lustro,
1480 5497 1602 5550 qua:
1639 5483 1693 5537 in
1724 5483 2078 5539 Ambrosiana
2118 5492 2452 5550 asservatur,
2504 5487 2690 5542 incidit
2731 5488 2784 5544 in
2813 5504 3006 5543 manus
3029 5505 3176 5545 meas
3202 5491 3512 5560 antiquissi-

234 5583 388 5621 mum
415 5569 694 5635 volumen,
717 5570 768 5623 in
795 5585 902 5638 quo
923 5569 1170 5625 Venantii
1203 5572 1501 5635 Fortunati,
1543 5571 1820 5642 Prosperi,
1850 5571 2092 5638 Iuvenci,
2135 5573 2397 5641 Aratoris,
2429 5576 2764 5648 aliorumque
2804 5586 3050 5634 veterum
3085 5579 3513 5638 Christianorum

317 5703 332 5721 ‘
359 5700 621 5776 intelligit
662 5697 982 5776 Natales“,
1029 5719 1099 5776 xu
1128 5711 1182 5757 ct
1210 5719 1323 5766 xm.
1366 5719 1572 5757 necnon
1614 5719 1806 5776 poema
1918 5704 2294 5776 prolegomene
2342 5705 2557 5776 praefixa
2611 5709 2856 5776 leguntur
2885 5712 3510 5775 tomolAnecdotorum

235 5771 450 5826 Paulini
486 5771 746 5825 -ultimum
781 5789 791 5822 ι
824 5771 926 5827 illis
965 5774 1104 5828 enim
1142 5783 1370 5841 quatuor
1409 5771 1675 5842 opusculis
1709 5773 1820 5826 hzec
1920 5771 2224 5831 Mura'torii.
2260 5771 2412 5832 Ευὶτ.
