4008 6346
518 272 647 373 ωδ
696 290 710 303 “
1495 322 1551 380 s.
1587 318 1856 380 meum
1898 323 2144 382 neum
2176 324 2479 387 EPISCOP!
2518 325 2860 390 poenam.
3690 335 3807 393 nos

536 432 773 489 earmlna
800 433 1232 492 continebantur.
1263 435 1397 493 Tres
1421 445 1476 492 et
1503 438 1691 495 decem
1719 440 1777 495 8.
1813 438 2015 497 Paulini
2050 442 2265 501 Natales
2285 445 2357 500 ibi
2380 456 2631 503 exaratos
2650 450 2829 504 inveni
2848 487 2864 512 ,
2910 463 3045 520 quos
3072 459 3193 507 cttm
3230 450 3453 521 Dungali
3478 450 3794 522 fragmentis

535 525 764 580 collatos
791 540 1103 608 germanum
1128 529 1372 597 protinus
1397 531 1532 585 tanti
1553 532 1830 602 scriptoris
1857 532 2041 588 fmtum
2069 536 2221 602 mihi,
2239 544 2295 591 et
2315 536 2436 591 orbi
2460 538 2723 594 litterario
2754 555 2871 594 sum
2898 542 3409 609 gratulatus.Codex
3427 544 3790 599 venerandam

534 617 676 686 sapit
695 624 1035 673 vetustatem.
1065 619 1419 676 Characteres
1445 623 1713 691 quadrati,
1751 638 1815 678 ac
1852 625 2197 680 minutissimi
2239 628 2479 697 miraque
2524 638 2804 686 venustate
2848 633 3009 688 rectis
3049 633 3202 690 lineis
3248 637 3388 690 inter
3423 652 3483 691 se
3525 636 3789 703 distincti,

535 707 741 773 seculo,
772 716 831 763 ut
860 710 1113 776 arbitror,
1141 726 1287 767 nono
1313 712 1577 768 elaborati
1605 712 1774 769 fuere.
1821 714 2134 780 Quindecim
2162 731 2325 786 porro
2352 716 2569 773 Natales
2596 717 2875 774 Paulinum
2902 722 3162 779 cecinisse
3200 724 3475 794 hucusque
3498 726 3791 790 creditum,

533 811 698 866 quum
728 814 983 869 expresse
1006 803 1243 858 carmina
1263 803 1536 873 Dungalus
1562 813 1674 861 tum
1696 822 1765 862 ex
1792 822 1879 861 xw
1910 815 2019 862 tum
2049 823 2117 863 ex
2147 824 2215 861 xv
2234 810 2433 864 citarit.
2459 810 2658 866 Verum
2687 822 2880 869 auctor
2903 814 3025 881 iste,
3046 825 3138 871 aut
3165 817 3365 872 librarii
3395 819 3449 872 in
3470 819 3564 873 illo
3590 820 3793 874 exscriv

532 888 708 944 bendo
736 890 945 961 decepti
976 892 1156 958 fuere;
1198 911 1319 966 quae
1345 898 1490 954 enim
1517 900 1754 954 carmina
1784 915 1851 955 ex
1880 900 2053 954 Natali
2082 917 2170 954 xrv
2192 902 2380 957 hausta
2406 903 2738 971 referuntur,
2789 911 3010 965 omnino
3048 911 3337 979 rejicienda
3364 913 3417 965 in
3448 928 3559 977 xm,
3618 913 3789 967 codex

531 990 719 1036 noster
754 993 808 1039 et
836 1000 1015 1040 rerum
1054 986 1189 1042 ordo
1228 990 1501 1044 evincunt.
1534 989 1717 1059 itaque
1747 989 1952 1045 Natalis
1980 991 2121 1060 apud
2147 990 2440 1060 Dungalum
2471 1011 2539 1049 xv
2576 996 2699 1053 hinc
2736 1000 3103 1055 inscribendus
3142 1001 3244 1057 erit
3287 1002 3524 1056 decimus
3546 1010 3789 1070 quartus,

531 1090 691 1145 quem
722 1077 778 1131 in
807 1080 1134 1136 membranis
1157 1083 1708 1153 nostrisdcscriptum
1736 1096 1844 1138 non
1883 1083 2046 1138 fuisse
2081 1074 2430 1141 vehementer
2470 1087 2729 1145 dolemus.
2782 1089 2976 1147 Nostro
3005 1102 3261 1162 praeterea
3308 1093 3362 1147 in
3404 1093 3592 1148 codice
3634 1093 3789 1149 simul

530 1170 928 1230 confunduntur
946 1177 1170 1246 primus,
1201 1186 1255 1232 et
1284 1164 1422 1232 alter
1448 1177 1682 1241 Natales,
1712 1192 1775 1233 ac
1803 1176 2009 1233 idcirco
2030 1177 2221 1247 reliqui
2243 1194 2470 1234 numero
2496 1196 2603 1235 uno
2628 1182 2695 1236 ab
2720 1182 2881 1238 editis
2902 1184 3225 1253 discrepant,
3248 1184 3322 1238 ita
3343 1193 3403 1238 ut
3420 1185 3510 1240 hic
3532 1186 3791 1254 septimus

528 1261 759 1332 dicatur,
814 1268 904 1336 qui
954 1269 1093 1339 apud
1122 1270 1257 1325 alios
1285 1278 1505 1325 octavus
1534 1278 1871 1335 numeratur,
1924 1284 2032 1338 quo
2076 1269 2265 1324 ordine
2310 1270 2499 1338 reliqui
2546 1272 2872 1340 procedunt;
2920 1273 3013 1328 sed
3057 1275 3460 1330 amanuensium
3500 1276 3709 1330 incuria
3736 1274 3791 1329 id

528 1354 760 1422 factum;
806 1373 971 1426 quum
1002 1360 1216 1429 penitus
1244 1360 1385 1414 inter
1410 1375 1469 1414 se
1488 1360 1845 1427 distinguendi
1885 1360 1994 1415 sint
2035 1356 2263 1429 primus,
2301 1367 2357 1414 et
2383 1360 2668 1415 secundus.
2716 1360 3072 1432 Subsequitur
3110 1364 3160 1417 iu
3194 1363 3407 1419 laudato
3434 1363 3623 1419 codice
3651 1364 3791 1418 aliud

526 1444 735 1502 Paulini
765 1447 963 1505 Poema
991 1452 1196 1520 absque
1229 1453 1408 1520 titulo,
1432 1452 1579 1521 quod
1610 1454 1685 1509 uti
1729 1468 1936 1507 summa
1964 1452 2221 1508 refertum
2248 1452 2547 1516 eruditione
2572 1455 2633 1508 et
2663 1469 2763 1523 ego
2793 1454 3033 1524 produxi.
3062 1453 3189 1508 Post
3220 1455 3332 1510 hzec
3358 1454 3417 1509 8.
3441 1454 3658 1510 Martini
3684 1454 3792 1508 vita

526 1551 646 1590 cum
670 1537 974 1607 hujusmodi
1004 1540 1354 1611 inscriptione
1379 1542 1702 1597 exhibetur:
1736 1541 1929 1613 Incipit
1956 1559 2082 1613 opus
2117 1541 2328 1598 Paulini
2348 1541 2683 1609 Pctrecordii,
2716 1544 2779 1598 de
2816 1544 2933 1599 Vita
2961 1546 3021 1600 S.
3056 1544 3273 1600 Martini
3297 1547 3521 1615 episcopi
3542 1543 3791 1599 versibus.

528 1624 681 1682 Unde
707 1628 1016 1685 Bellarmini
1043 1632 1111 1686 de
1131 1633 1329 1702 Script.
1363 1633 1520 1699 eccl.,
1550 1632 1821 1687 Sirmondi
1850 1632 1916 1687 ad
1941 1631 2127 1687 Sidon.
2160 1631 2360 1703 Apoll.,
2402 1632 2615 1688 Labbzei
2642 1634 2710 1688 de
2732 1632 2932 1703 Script.
2957 1635 3117 1701 eccl.,
3159 1635 3493 1703 aliorumque
3520 1634 3792 1689 sententia

524 1720 897 1787 conﬁrmatur,
930 1724 1021 1793 qui
1052 1724 1244 1778 horum
1273 1724 1569 1779 carminum
1597 1733 1872 1780 auctorem
1898 1725 2102 1780 faciunt
2131 1724 2409 1779 Paulinum
2433 1723 2806 1790 'Petricorium,
2836 1741 2931 1780 seu
2963 1725 3355 1792 Petricordium,
3394 1726 3485 1794 qui
3511 1724 3583 1778 '50
3603 1733 3702 1779 aut
3727 1723 3793 1777 ‘0

525 1811 679 1865 annis
705 1813 772 1867 ab
801 1813 949 1867 obitu
981 1812 1188 1868 Paulini
1218 1812 1383 1868 nostri
1413 1812 1657 1869 ﬂorebat.
1702 1814 1916 1869 Patrum
1949 1823 2198 1871 accurate
2226 1815 2438 1885 scripsit
2461 1813 2713 1885 Ughellus
2746 1826 2878 1871 tom.
2911 1816 2976 1870 Vl
3006 1817 3125 1871 Ital.
3146 1832 3286 1872 sacr.
3318 1818 3531 1873 illorum
3561 1817 3793 1886 scripto—

526 1913 637 1953 rem
662 1909 969 1969 poematum
993 1901 1156 1957 fuisse
1180 1901 1236 1955 8.
1272 1900 1552 1955 Paulinum
1577 1901 1866 1971 juniorem,
1899 1904 2162 1959 Nolanum
2192 1904 2376 1959 itidem
2406 1904 2745 1975 episcopum;
2777 1906 2863 1960 hic
2892 1907 3033 1961 enim
3062 1906 3207 1961 circa
3227 1923 3316 1961 an.
3346 1906 3444 1961 Cb.
3475 1907 3672 1962 saltem
3695 1903 3794 1958 520

525 1990 840 2061 episcopatu
882 1991 972 2045 illo
999 2000 1085 2069 est
1111 1999 1320 2055 auctus,
1345 1989 1733 2047 Petricordium
1755 2008 1904 2058 vero,
1938 2002 1995 2047 ut
2014 1993 2144 2057 dixi,
2173 1994 2314 2048 circa
2339 2009 2426 2047 an.
2457 1992 2560 2048 460
2578 1995 2854 2069 scripsisse
2873 1997 3227 2051 certissimum
3249 2006 3350 2051 est.
3378 1996 3634 2052 Ceterum
3665 1998 3792 2053 satis

524 2080 706 2134 uirari
737 2096 946 2150 nequeo
995 2098 1092 2137 cur
1120 2083 1284 2138 hosce
1312 2082 1528 2138 Natales
1555 2084 1749 2153 partim
1779 2085 2135 2153 neglexerint,
2166 2086 2360 2155 partim
2387 2102 2595 2141 summo
2621 2087 2797 2142 studio
2836 2098 3049 2144 veteres
3083 2090 3431 2160 protexerint.
3460 2088 3628 2153 Beda,
3661 2089 3793 2145 Not-

523 2171 703 2237 kerus,
735 2170 873 2239 Δύο,
920 2171 1203 2228 Marcellus
1249 2174 1528 2249 presbyter
1572 2175 1989 2242 antiquissimus,
2041 2183 2203 2243 atque
2243 2176 2357 2246 ipse
2385 2174 2673 2245 Gregorius
2703 2176 2928 2242 Turon.,
2979 2179 3175 2249 aliique
3218 2179 3271 2232 in
3299 2178 3449 2234 Actis
3475 2177 3578 2234 88.
3610 2179 3705 2235 die
3730 2179 3792 2233 ll

521 2262 740 2317 Januar.
770 2265 949 2331 relati,
974 2264 1029 2319 8.
1056 2264 1249 2319 Felicis
1278 2265 1440 2318 vitam
1458 2280 1533 2319 ac
1560 2266 1814 2319 miracula
1837 2264 2205 2331 illustrarunt;
2239 2267 2508 2322 neminem
2540 2276 2717 2323 tamen
2744 2284 2812 2323 ex
2840 2269 2905 2323 iis
2924 2270 3105 2339 plures
3126 2285 3289 2338 quam
3310 2269 3496 2325 decem
3518 2271 3793 2340 hucusque

522 2354 696 2413 editos
720 2357 935 2413 Natales
966 2359 1160 2413 vidisse
1190 2368 1431 2429 apparet,
1482 2373 1647 2427 quum
1676 2373 1738 2412 ea
1771 2366 1974 2413 tantum
2001 2359 2260 2414 miracula
2298 2359 2609 2422 exhibeant,
2653 2376 2773 2430 quae
2792 2362 2847 2415 in
2876 2362 2956 2417 eis
2983 2362 3284 2427 laudantur,
3327 2363 3430 2417 alia
3452 2363 3620 2418 etiam
3650 2363 3789 2418 relao

522 2451 652 2517 turi,
683 2451 729 2505 si
750 2452 808 2505 in
832 2460 1081 2522 promptu
1108 2450 1346 2519 reliquos
1376 2459 1487 2505 tres
1516 2451 1846 2517 habuissent,
1876 2459 1969 2504 aut
1995 2458 2247 2521 quatuor.
2298 2451 2396 2505 Vix
2426 2467 2563 2507 unus
2590 2452 2862 2520 Dungalus
2900 2455 3179 2521 inventus;
3217 2454 3308 2525 qui
3335 2455 3530 2511 horum
3556 2454 3791 2524 aliquant

522 2541 849 2596 mentionem
872 2540 1134 2611 iniecerit.
1170 2540 1460 2596 Lubentins
1489 2541 1650 2608 igitur
1678 2540 1746 2609 ab
1773 2540 1994 2594 eruditis
2015 2541 2256 2596 laborem
2284 2552 2525 2597 nostrum
2552 2554 2835 2616 exceptum
2865 2546 2929 2601 iri
2958 2562 3255 2616 speramus,
3282 2547 3792 2616 quumtbesaurum

520 2646 629 2691 tam
660 2635 751 2691 diu
779 2636 934 2691 nobis
955 2642 1220 2705 ereptum,
1255 2650 1318 2688 ac
1346 2649 1486 2704 pene
1509 2635 1849 2705 desperatum
1880 2634 2094 2688 tandem
2124 2635 2540 2693 subduxerimus
2556 2639 2839 2694 voracitati
2873 2647 3193 2710 temporum.
3238 2639 3363 2696 Hac
3397 2646 3591 2696 autem
3610 2642 3794 2696 omnia

519 2729 664 2784 notis
691 2729 933 2792 eruditis,
975 2743 1039 2783 ac
1066 2726 1545 2797 disceptationibus
1574 2741 1672 2796 pro
1706 2726 1912 2781 viribus
1958 2724 2285 2780 enucleauda
2314 2727 2520 2793 censui,
2570 2736 2682 2782 tum
2730 2744 2799 2783 ne
2841 2729 3061 2798 reliquis
3094 2728 3300 2783 Paulini
3347 2729 3627 2800 operibus,
3676 2744 3792 2799 qum

518 2819 850 2875 eruditorum
891 2819 1070 2874 studio
1107 2821 1382 2889 hucusque
1412 2828 1600 2875 ornata
1637 2819 1903 2880 visuntur,
1930 2817 1983 2871 in
2024 2816 2205 2884 aliquo
2251 2817 2559 2884 crederent,
2613 2828 2724 2874 tum
2756 2830 2813 2874 ut
2855 2835 3085 2891 poeseos
3130 2815 3327 2876 merito'
3351 2822 3531 2891 aliqua
3578 2837 3684 2892 per
3710 2836 3794 2875 me

518 2910 729 2964 ratione
758 2909 1066 2964 satistieret.
1109 2907 1178 2962 Ut
1204 2908 1349 2963 enim
1378 2924 1440 2963 ea
1487 2910 1756 2969 omittam.
1802 2923 1921 2978 qum
1949 2908 2073 2961 hinc
2101 2906 2359 2962 adversus
2386 2917 2691 2976 novatores,
2732 2911 3099 2980 reliquiarum,
3143 2920 3560 2982 sanctorumque
3587 2912 3791 2968 cultum

519 3004 885 3073 improbantes
914 3001 1107 3056 adferri
1136 3014 1376 3071 possunt,
1403 3010 1548 3056 certe
1573 3017 1833 3070 nusquam
1864 3000 2123 3069 majorem
2152 3014 2312 3068 quam
2344 3001 2394 3055 in
2426 3002 2572 3056 hisce
2603 3001 2771 3057 tribus
2798 3002 2988 3056 saltem
3018 3004 3301 3072 poematis,
3337 3004 3584 3060 invenias
3606 3005 3792 3061 erudi-

519 3096 742 3150 tionem.
773 3094 873 3149 Hic
901 3094 1238 3149 ethnicorum
1267 3095 1601 3164 superstitio,
1653 3094 1742 3148 hic
1775 3102 2083 3149 sanctorum
2114 3088 2460 3149 monumenta
2502 3094 2859 3165 explicantur,
2904 3110 3101 3165 resque
3133 3104 3297 3163 gesta:
3325 3094 3533 3150 Paulini
3561 3097 3711 3151 velut
3737 3097 3793 3152 in

519 3202 683 3241 unum
711 3184 1088 3255 compendium
1127 3190 1328 3239 coactae
1371 3184 1630 3238 illustrem
1677 3183 2027 3252 scriptoribus
2064 3182 2258 3236 seriem
2301 3182 2616 3239 eruditionis
2655 3184 2986 3254 praebebunt.
3036 3184 3190 3250 Quod
3234 3184 3301 3237 ad
3345 3199 3515 3239 annos
3556 3194 3790 3255 spectat,

519 3280 712 3349 quibus
738 3278 951 3333 recitati
995 3276 1195 3331 fuerint
1238 3278 1543 3346 huiusmodi
1570 3276 1812 3344 Natales,
1859 3276 2139 3331 sententiae
2181 3274 2431 3332 Chimetii
2477 3284 2617 3348 part.
2665 3275 2719 3343 2,
2767 3293 2886 3348 cap.
2919 3276 2970 3342 9,
3022 3275 3230 3333 Paulini
3273 3278 3351 3332 ill.
3376 3279 3669 3349 proposita:
3695 3294 3792 3334 ac-

518 3370 901 3438 quiescendum
931 3378 1082 3440 puto,
1114 3371 1346 3441 primum
1369 3385 1562 3440 nempe
1591 3362 1657 3424 ad
1688 3386 1778 3425 an.
1809 3369 1909 3423 Ch.
1942 3368 2044 3423 59.5
2071 3368 2361 3436 pertinere,
2386 3385 2549 3438 quum
2578 3370 2815 3424 nondum
2843 3370 3032 3425 Nolam
3066 3386 3124 3426 se
3154 3372 3470 3427 contulisset
3507 3369 3793 3437 Paulinus,

517 3465 746 3519 alterum
774 3462 969 3518 deinde
997 3464 1050 3518 in
1072 3480 1160 3518 an.
1188 3460 1293 3517 593
1319 3462 1536 3529 cadere,
1558 3478 1666 3531 quo
1695 3471 1915 3517 sanctus
1935 3460 2046 3530 jam
2072 3460 2217 3514 Nolae
2245 3460 2485 3515 redditus
2511 3470 2646 3519 erat.
2681 3462 2896 3516 tertium
2922 3463 2977 3516 in
3001 3477 3089 3516 an.
3120 3461 3243 3528 396,
3277 3459 3331 3517 et
3351 3463 3429 3518 sic
3453 3462 3522 3516 de
3539 3462 3790 3532 reliquis.

518 3556 715 3617 etenim
741 3555 1029 3624 quotannis
1058 3554 1299 3609 Natalem
1338 3555 1534 3611 cecinit
1554 3554 1827 3609 Paulinus.
1861 3552 1919 3608 id
1945 3561 2124 3607 autem
2151 3567 2219 3607 ex
2247 3552 2422 3607 Natali
2452 3569 2542 3608 xm
2568 3554 2902 3623 potissimum
2931 3555 3207 3624 prebatur.
3258 3553 3334 3608 lbi
3374 3552 3790 3623 praeclarissima

517 3647 588 3702 de
614 3647 805 3702 Gothis
832 3646 1003 3701 relata
1045 3646 1292 3710 victoria,
1333 3660 1612 3714 aususque
1639 3643 2008 3713 Rbadagaisus
2031 3649 2383 3710 memoratur,
2427 3657 2547 3711 qua:
2592 3658 2682 3698 an.
2714 3641 2818 3697 405
2862 3643 3110 3698 Stilicone
3141 3642 3201 3696 11
3244 3652 3294 3697 et
3330 3642 3604 3697 Anthemio
3648 3657 3789 3695 coss.
3876 3656 3881 3663 ο

517 3738 819 3805 contigere,
848 3737 923 3791 uti
947 3735 1178 3805 PrOSper
1207 3736 1259 3790 in
1288 3734 1557 3790 Chronico
1580 3742 1838 3798 testatur;
1866 3747 1935 3788 ac“
1955 3739 2243 3801 propterea
2272 3740 2585 3801 sequentem
2606 3747 2804 3786 annum
2833 3730 2937 3787 406
2966 3732 3184 3809 respicit
3202 3730 3405 3786 Natalis
3432 3748 3545 3787 xm.
3578 3731 3638 3786 Si
3657 3744 3793 3799 ergo

517 3829 745 3899 reliquis
767 3828 965 3899 elapsis
992 3829 1148 3882 annis
1172 3825 1413 3880 Natalem
1437 3841 1591 3880 suum
1620 3821 1824 3892 alligas,
1857 3823 2085 3893 primum
2113 3823 2411 3891 comperies
2439 3822 2492 3877 in
2514 3838 2712 3879 annum
2742 3823 2846 3878 594
2871 3822 3137 3888 incidere;
3170 3824 3414 3878 similiter
3440 3822 3808 3904 undecimum_

517 3932 662 3973 anno
702 3917 825 3984 405,
873 3918 1248 3975 duodecimum
1278 3932 1422 3974 anno
1460 3916 1564 3971 405
1596 3932 1716 3973 esse
1755 3915 2089 3972 tribuendos.
2138 3914 2315 3971 Unum
2346 3917 2717 3971 tantummodo
2746 3917 2976 3972 lectores
3020 3917 3254 3972 monitos
3296 3917 3489 3993 velim,
3529 3918 3793 3975 nimirum

516 4011 765 4079 consulto
795 4012 963 4068 hosce
987 4027 1179 4067 versus
1207 4026 1314 4069 una
1342 4026 1463 4065 eum
1492 4009 1898 4065 amanuensium
1928 4006 2203 4064 erroribus
2230 4022 2260 4060 a
2288 4021 2373 4062 me
2401 4006 2563 4062 luisse
2590 4007 2921 4077 descriptos;
2965 4009 3221 4078 conqueri
3268 4009 3409 4063 enim
3435 4023 3585 4079 saepe
3608 4010 3792 4067 solent

516 4101 811 4158 doctissimi
843 4104 941 4159 viri
970 4101 1128 4158 ﬁdem
1153 4103 1534 4173 manuscriptis
1561 4118 1666 4158 non
1698 4108 1988 4163 servatam,
2022 4114 2409 4169 germanasque
2436 4099 2696 4155 lectiones
2714 4101 3111 4157 emendantium
3131 4103 3404 4173 opinione,
3436 4113 3530 4159 aut
3558 4105 3792 4161 audacia

514 4193 838 4263 plerumque
860 4194 1062 4251 vitiari.
1101 4195 1307 4251 Idcirco
1333 4196 1572 4249 omnium
1602 4194 1815 4262 ingenio
1843 4191 2088 4262 quaedam
2117 4191 2426 4259 castiganda
2462 4191 2672 4261 reliqui,
2714 4193 2987 4248 nonnullis
3013 4195 3175 4249 etiam
3202 4194 3342 4251 inter
3369 4203 3527 4251 notas
3566 4212 3793 4253 manum

518 4285 764 4351 apposui.
1040 4337 1050 4345 ,

591 4374 884 4441 (Hactenus
905 4374 1245 4431 Μιναῖοι-ὄιες.
1294 4376 1548 4430 Audiatur
1575 4392 1709 4430 nunc
1729 4376 1960 4430 Joannes
1986 4376 2229 4445 Aloysius
2249 4374 2612 4447 Mingarellius
2634 4393 2699 4430 ex
2721 4379 2866 4447 cujus
2894 4378 3116 4433 editione
3141 4384 3242 4432 tres
3272 4374 3493 4432 Natales
3516 4378 3587 4431 de
3606 4378 3790 4451 quibus

520 4468 691 4535 agitur
710 4465 995 4521 exscribere
1023 4468 1316 4527 maluimus.
1352 4466 1531 4537 Enn.)

1173 4591 1295 4674 IN
1345 4532 1968 4672 NATALITIA
2024 4586 2497 4673 PAULINI
2560 4532 3094 4673 ACARMINA

1945 4725 2393 4788 PBJEFATIO.

590 4853 643 4906 l.
683 4850 861 4911 Edidit
880 4849 1193 4919 jamdudum
1221 4826 1286 4901 ex
1317 4845 1684 4901 Ambrosianaz
1710 4844 2048 4900 bibliothecae
2072 4845 2259 4902 codice
2280 4845 2416 4901 Lud.
2443 4846 2569 4901 Ant.
2601 4832 2923 4903 Muratorius
2948 4848 3031 4901 vir
3050 4854 3105 4903 et
3130 4846 3361 4915 ingenio,
3393 4852 3449 4900 et
3475 4846 3788 4903 eruditione

516 4942 845 4999 clarissimus
888 4942 986 4995 tria
1029 4938 1086 4994 S.
1120 4938 1326 4992 Paulini
1355 4937 1681 4992 Nolanorum
1711 4936 1950 5006 episcopi
1975 4937 2211 4991 carmina
2242 4937 2294 4991 in
2324 4939 2387 4991 8.
2414 4937 2645 4994 Felicem
2677 4937 2777 5008 (a),
2804 4951 3031 5005 quorum
3061 4945 3218 4992 antea
3249 4935 3496 5005 qucedam
3515 4934 3788 4991 duntaxat

510 5033 816 5103 fragmenta
844 5030 1132 5087 exstabant
1157 5026 1617 5098 apudDungalum
1647 5028 1702 5080 in
1730 5026 1866 5081 libro
1912 5040 2082 5094 quem
2121 5025 2165 5080 is
2210 5026 2467 5083 adversus
2493 5025 2779 5081 Claudium
2809 5025 3193 5081 Taurinensem
3217 5024 3286 5079 de
3326 5024 3475 5078 cultu
3502 5038 3787 5079 sacrarum

510 5123 805 5191 imaginum
830 5121 1042 5191 scripsit
1071 5119 1145 5190 (ὑ)
1173 5137 1185 5171 :
1209 5134 1312 5188 qua
1342 5116 1409 5172 de
1439 5132 1500 5171 re
1527 5130 1786 5171 summam
1816 5115 1957 5185 apud
1992 5116 2258 5171 litteratos
2286 5117 2531 5171 homines
2558 5117 2785 5185 gratiam
2822 5117 2938 5172 iniit
2958 5106 3301 5181 Muratorius,
3339 5130 3403 5170 ac
3426 5115 3643 5182 magnis
3671 5116 3789 5170 lau-

511 5214 670 5269 dibus
699 5229 729 5267 a
757 5212 1022 5270 Casimiro
1042 5209 1276 5274 Oudino,
1302 5208 1525 5278 aliisque
1551 5216 1844 5263 exornatus
1871 5213 1972 5262 est.
2000 5206 2070 5260 At
2096 5223 2225 5263 cum.
2246 5208 2296 5260 in
2327 5208 2692 5278 apographum
2718 5217 2773 5263 et
2806 5208 3017 5264 mendis
3042 5208 3239 5277 ubique
3266 5208 3503 5276 plenum,
3533 5216 3595 5262 et
3621 5207 3790 5262 muti-

514 5308 623 5360 tum
646 5306 843 5361 alicubi
869 5312 1029 5374 atque
1056 5301 1427 5373 imperfectum
1453 5298 1746 5365 incidisset,
1780 5298 1896 5352 lieri
1922 5297 2143 5353 omnino
2172 5314 2277 5352 non
2307 5299 2500 5368 potuit,
2534 5306 2592 5353 ut
2619 5313 2681 5353 ea
2703 5299 2757 5352 in
2786 5299 2961 5354 lucem
2988 5299 3258 5353 emitteret
3280 5299 3438 5368 plane
3462 5299 3764 5353 eluendata

510 5403 773 5468 Quocirca
802 5418 922 5457 eum
954 5401 1193 5456 codicem
1224 5398 1339 5467 ipse
1367 5412 1479 5466 prae
1509 5395 1753 5449 manibus
1782 5392 2083 5457 habuerim,
2134 5392 2288 5460 cujus
2316 5407 2429 5463 ope-
2448 5393 2844 5463 quamplurima
2870 5392 3062 5449 menda
3103 5405 3411 5463 expungere
3456 5392 3677 5454 liceret.
3721 5407 3787 5447 ac

508 5499 691 5566 plures
718 5496 956 5551 nondum
999 5492 1175 5548 editos
1220 5496 1407 5546 versus
1455 5487 1770 5556 adjungere,
1813 5485 1975 5539 statui
2025 5500 2089 5538 ea
2130 5484 2375 5539 carmina
2405 5499 2595 5541 rursus
2629 5484 2816 5538 in~isto
2853 5492 3159 5539 nostrorum
3191 5483 3591 5538 Anccdotorum
3626 5492 3785 5538 tomo

513 5586 782 5651 evulgare.

582 5698 658 5764 (α)
691 5696 842 5767 Tom.
870 5695 888 5749 l
920 5693 1341 5757 Anecdotormu,
1379 5692 1469 5762 qui
1499 5690 1673 5745 editus
1694 5697 1775 5744 est
1798 5685 2080 5743 Mediolani
2258 5684 2549 5767 (ζξὶβκςιξι
2575 5684 2663 5740 hic
2704 5684 2841 5767 liber
2878 5685 2929 5739 in
2960 5683 3291 5767 Biblptheca
3315 5683 3555 5767 Patrum,
3606 5692 3663 5738 et
3692 5684 3778 5738 in.-

513 5752 654 5821 anno
690 5764 840 5816 tum.
1325 5752 1331 5757 '
1397 5752 1413 5762 '
1750 5806 1753 5809 .

2194 5752 2443 5811 scribitur
2478 5755 2740 5826 Responsa
2761 5757 2999 5811 adversus
3028 5752 3234 5807 Claudii
3251 5754 3564 5810 sententiose
