4008 6346
592 350 695 406 807
1556 349 1610 399 S.
1651 344 1923 399 PAULINI
1962 343 2175 398 NOLAD

2250 341 2547 400 EPISCOPI
2585 342 2924 399 POEMATA.
3715 352 3797 407 508

669 460 722 514 8.
762 458 819 514 1n
847 474 1010 514 carm.
1045 461 1092 524 7,
1122 474 1260 514 vers.
1287 460 1341 525 5,
1373 469 1557 515 noster
1583 459 1752 514 codex
1778 459 1956 523 habet,
1991 459 2155 513 Ducat
2181 467 2492 515 concretum
2513 459 2672 514 terris
2698 458 3016 514 canentibus
3046 473 3265 515 annum.
3296 458 3441 516 Vers.
3469 459 3554 530 24,
3576 460 3646 520 Tu
3669 467 3799 522 mima

596 564 741 604 mam
768 548 994 618 repleas.
1028 548 1176 604 Vers.
1205 548 1294 614 35,
1319 548 1385 602 Et
1409 549 1586 604 subito
1615 548 1941 619 praecedens.
1975 547 2126 604 Vers.
2157 549 2246 615 39,
2272 549 2512 604 Donetur
2533 550 2743 604 variare
2770 548 2962 614 modis,
3001 556 3057 604 et
3078 556 3236 618 pacta
3260 553 3538 621 quotannis
3564 554 3798 625 Carmina,

595 641 815 696 mutatis
835 655 941 695 uno
962 640 1086 694 licet
1113 655 1210 695 ore
1238 639 1466 708 loquelis
1493 639 1767 696 Promere.
1815 639 1970 696 Vers.
2002 640 2094 708 45,
2129 639 2409 695 Cernimus
2438 640 2526 694 illa
2550 640 2714 695 diem.
2767 639 2920 695 Vers.
2951 639 3041 703 83,
3074 643 3312 708 vegetior
3337 644 3517 700 hostis.
3560 646 3697 703 Vers.
3723 646 3796 710 95,

593 731 818 788 sedeant
844 732 1184 800 contegmina
1211 734 1484 789 membris.
1535 733 1690 788 Vers.
1726 733 1813 798 96,
1846 735 1966 802 quis
1993 733 2266 803 ambigat?
2314 734 2465 788 Vers.
2499 732 2620 799 134,
2663 734 2920 798 Sustinet,
2954 743 3010 789 et
3035 735 3230 790 solido.
3279 735 3430 792 Vers.
3462 737 3576 805 164,
3613 740 3798 810 cuspide

523 824 526 826 ⁷
593 823 756 878 trino.
787 823 941 879 Vers.
969 824 1094 889 227,
1125 834 1320 896 potens
1348 826 1594 881 Domino.
1628 827 1780 881 Vers.
1811 826 1937 892 252,
1964 827 2128 882 vitam
2150 826 2413 884 veniendo
2436 827 2684 883 redemit.
2733 826 2888 882 Vers.
2912 825 3038 891 277,
3079 827 3300 884 suﬂerre
3325 837 3520 885 tomum
3561 831 3795 887 duramus.

591 909 751 967 Vers.
781 912 906 982 278,
939 918 1187 974 acumine
1210 919 1356 974 ferri.
1402 920 1554 974 Vers.
1591 919 1722 987 279,
1765 920 2010 976 sordibus
2037 928 2274 976 unctum.
2321 921 2472 976 Vers.
2501 919 2627 988 287,
2672 921 2814 990 quod
2843 921 3014 976 solido
3042 928 3100 976 et
3125 935 3306 976 crasso
3345 929 3510 976 totum
3535 924 3797 993 complebat

595 1007 789 1074 operti.

666 1095 718 1150 9.
760 1095 816 1150 In
847 1113 1015 1153 carm.
1043 1099 1097 1166 8,
1125 1115 1266 1156 vers.
1295 1101 1382 1167 69,
1417 1110 1600 1156 noster
1623 1100 1793 1158 codex
1837 1101 2000 1158 habet
2026 1102 2105 1157 Ad
2131 1104 2568 1160 consternandas.
2617 1103 2770 1159 Vers.
2804 1103 2894 1171 93,
2917 1111 3128 1159 servata
3147 1102 3368 1158 Nineve.
3413 1102 3558 1158 Vers.
3586 1102 3665 1170 96,
3703 1118 3800 1173 qua:

594 1188 736 1242 mala
762 1191 982 1245 sanctis.
1012 1192 1163 1246 Vers.
1200 1192 1318 1254 126,
1346 1194 1553 1248 numeri
1575 1194 1772 1248 virtute
1799 1201 2068 1268 potentes.
2093 1194 2247 1249 Vers.
2278 1194 2398 1260 144,
2430 1194 2656 1250 Provida
2683 1195 2932 1265 pollutas.
2958 1195 3111 1250 Vers.
3141 1193 3261 1258 162,
3288 1193 3591 1250 Terrentem
3613 1209 3801 1263 magnos

595 1277 702 1330 late
731 1278 974 1347 populos.
1027 1278 1177 1335 Vers.
1210 1280 1334 1344 168,
1367 1280 1433 1335 Et
1469 1283 1646 1350 opima
1676 1280 1896 1338 Nineve.
1944 1283 2096 1338 Vers.
2130 1282 2253 1349 175,
2279 1285 2467 1339 altaria
2496 1300 2697 1340 coram.
2743 1285 2898 1340 Vers.
2938 1284 3053 1350 178,
3098 1285 3292 1338 Attrita
3319 1299 3440 1339 cum
3463 1285 3625 1354 plebe.
3670 1285 3799 1340 Vers.

597 1367 718 1438 1.79,
750 1368 880 1423 Tam
915 1371 1091 1438 gravis
1113 1372 1280 1426 exitii.
1307 1372 1460 1428 Vers.
1492 1373 1616 1442 181,
1659 1373 1764 1430 Pro
1788 1375 2013 1439 meritis,
2038 1367 2138 1430 nec
2167 1384 2323 1430 norat
2350 1390 2490 1430 eum.
2543 1375 2700 1432 Vers.
2729 1375 2854 1442 207,
2893 1375 3214 1430 Venerando
3244 1376 3298 1429 in
3338 1390 3555 1444 corpore
3579 1376 3799 1430 membra.

592 1459 744 1520 .Vers.
777 1461 899 1526 245,
925 1462 990 1517 Et
1018 1473 1172 1532 rupta
1203 1465 1254 1518 in
1281 1461 1440 1520 ﬂuvio
1467 1466 1740 1525 sitientem
1767 1474 1941 1521 caute.
1973 1465 2129 1521 Vers.
2157 1466 2283 1529 259,
2324 1465 2436 1522 Ceu
2461 1467 2746 1536 aliquando
2777 1467 2920 1521 ferae.
2967 1466 3124 1520 Vers.
3154 1465 3275 1530 261,
3327 1465 3572 1519 Naturam
3597 1473 3800 1520 mutante

592 1551 723 1607 Deo.
776 1553 928 1608 Vers.
959 1553 1090 1621 265,
1121 1555 1298 1624 Atque
1327 1571 1454 1611 suos
1483 1564 1722 1621 cantare,
1770 1571 1893 1610 reos
1933 1556 2124 1610 ardere
2162 1557 2456 1611 ministros.
2506 1555 2658 1610 Vers.
2689 1555 2814 1622 289,
2863 1554 3076 1609 Sanctis
3121 1553 3241 1609 fons
3288 1554 3530 1608 omnibus
3573 1570 3709 1616 unus,
3749 1553 3802 1606 Et

593 1656 814 1711 regnum
845 1660 1129 1700 commune
1161 1647 1299 1701 Deus
1323 1665 1336 1699 :
1368 1663 1475 1702 non
1506 1664 1610 1701 una
1634 1647 1934 1717 prophetis,
1964 1647 2389 1719 Martyribusque
2417 1648 2585 1702 sacris
2613 1662 2776 1716 opera
2801 1665 2812 1699 :
2845 1654 2899 1700 et
2924 1647 3132 1701 diversa
3164 1646 3396 1701 fuerunt.
3421 1645 3566 1701 Vers.
3589 1645 3695 1708 300,
3722 1644 3801 1711 Qui

593 1731 722 1787 fecit
747 1735 970 1802 gelidos.
1014 1735 1169 1790 Vers.
1201 1735 1326 1803 311,
1362 1737 1527 1806 Dape,
1553 1735 1714 1792 facili.
1759 1737 1913 1791 Vers.
1947 1736 2069 1804 322,
2107 1737 2374 1793 lmmanes
2397 1737 2660 1792 domitare
2702 1739 2860 1793 feras.
2895 1739 3048 1793 Vers.
3097 1738 3224 1805 325,
3272 1737 3340 1792 Et
3382 1737 3573 1791 morbis
3613 1752 3801 1806 corpora

593 1823 859 1893 frangunt,
892 1825 995 1892 Qui
1025 1826 1302 1882 desideriis
1332 1827 1604 1882 hominem
1630 1826 2025 1882 ﬂammantibus
2055 1835 2234 1890 urunt,
2260 1828 2603 1898 Peccatisque
2638 1837 2850 1884 vorant.
2894 1830 3049 1884 Vers.
3086 1829 3208 1894 334,
3261 1837 3321 1882 ut
3358 1829 3617 1883 incensum
3641 1828 3801 1882 restin-

593 1920 738 1979 guat.
770 1913 920 1968 Vers.
953 1913 1076 1977 336,
1109 1914 1239 1968 Mira
1272 1906 1481 1982 manus,
1505 1923 1561 1970 et
1588 1916 1733 1984 virga
1764 1925 1975 1986 potens.
2024 1917 2177 1971 Vers.
2210 1917 2335 1985 342,
2365 1933 2472 1988 quo
2499 1919 2771 1990 myrrham
2800 1920 3025 1974 tristem.
3069 1919 3222 1974 Vers.
3248 1918 3374 1984 345,
3406 1919 3568 1972 tristia
3589 1917 3798 1987 myrrha.

594 2002 746 2058 Vers.
778 2003 902 2070 359,
927 2019 1106 2074 agere,
1141 2008 1193 2060 in
1217 2005 1538 2076 Christoque
1561 2015 1855 2078 potentem.
1909 2008 2060 2064 Vers.
2095 2008 2217 2070 565,
2267 2018 2382 2065 toto
2409 2011 2677 2065 redivivus
2716 2026 2943 2080 corpore
2966 2010 3152 2064 Felix.
3208 2010 3364 2065 Vers.
3394 2009 3514 2075 368,
3565 2009 3799 2063 distinctos

595 2101 736 2148 actu.
784 2094 936 2150 Vers.
967 2094 1090 2162 384,
1135 2112 1198 2152 ac
1226 2099 1427 2153 sentire
1454 2099 1705 2154 medelas.
1757 2099 1909 2154 Vers.
1945 2099 2069 2164 389,
2121 2099 2312 2157 Felicis
2334 2111 2389 2157 et
2437 2103 2572 2173 ipsa,
2623 2102 2774 2158 Vers.
2811 2100 2939 2165 394,
2989 2117 3158 2172 pavor
3183 2112 3239 2157 et
3268 2112 3492 2158 terrore.
3543 2099 3798 2165 Vers.596,

595 2186 840 2242 incendia
871 2189 1041 2242 tectis.
1074 2187 1228 2245 Vers.
1259 2189 1383 2256 397,
1409 2191 1649 2245 recalent
1671 2190 1914 2245 incendia
1945 2191 2188 2244 ﬂammat.

670 2278 755 2332 10.
798 2279 854 2334 ln
883 2296 1050 2336 carm.
1081 2282 1134 2348 9,
1178 2298 1314 2337 vers.
1347 2285 1401 2349 6,
1450 2293 1634 2338 noster
1673 2284 1842 2339 codex
1872 2284 2034 2338 habet
2062 2285 2189 2337 mihi
2234 2292 2287 2339 te
2328 2284 2507 2339 lucere
2545 2284 2750 2338 diebus.
2801 2283 2956 2339 Vers.
2984 2282 3077 2350 24,
3118 2282 3305 2351 Neque
3337 2287 3477 2336 enim
3515 2281 3598 2336 ille
3617 2278 3715 2335 dies
3736 2278 3798 2333 ﬁt.

598 2371 752 2426 Vers.
787 2371 874 2440 79,
905 2371 1140 2428 Currens
1183 2390 1343 2430 aereo
1372 2375 1732 2429 modulabilis.
1783 2375 1935 2430 Vers.
1965 2373 2052 2438 92,
2103 2374 2360 2445 Spiritum
2390 2377 2457 2430 ab
2488 2373 2726 2443 Unigena
2749 2375 3003 2430 Sanctum
3043 2373 3200 2427 Patre
3251 2372 3635 2442 procedentem.
3675 2369 3798 2424 Veis.

597 2460 722 2528 105,
751 2461 976 2518 Numine
1004 2465 1230 2533 potabit.
1262 2464 1414 2520 Vers.
1451 2465 1569 2530 107,
1600 2465 1888 2528 Dominus;
1920 2466 1997 2518 sic
2017 2466 2130 2534 ipsa
2153 2465 2358 2519 diebus.
2410 2465 2564 2519 Vers.
2597 2464 2716 2525 149,
2749 2464 2880 2518 mihi
2909 2464 3084 2518 carius
3111 2478 3274 2517 anno.
3315 2460 3467 2516 Vers.
3499 2459 3613 2528 156,
3638 2459 3799 2526 anima,

595 2551 878 2621 edicatque
903 2553 1046 2622 quod
1073 2555 1223 2608 olim.
1276 2554 1430 2610 Vers.
1463 2553 1583 2617 161,
1612 2555 1870 2623 temporis
1908 2569 2078 2607 annus
2101 2553 2209 2607 Ver
2235 2555 2362 2623 agit.
2405 2555 2559 2609 Vers.
2591 2553 2693 2608 163
2720 2562 2904 2610 noster
2928 2553 3098 2608 codex
3122 2553 3322 2616 habet,
3357 2550 3548 2606 Unctus
3573 2548 3799 2604 adestne-

600 2639 749 2693 mini.
799 2641 946 2697 Vers.
981 2641 1103 2706 164,
1134 2642 1363 2723 Nicetas.
1398 2641 1556 2696 Vers.
1582 2641 1705 2702 180,
1729 2642 1949 2696 Niceten
1977 2641 2154 2696 ridere
2178 2643 2327 2696 mihi.
2360 2643 2510 2698 Vers.
2541 2641 2665 2711 209,
2691 2643 2931 2711 agminis,
2965 2649 3019 2696 et
3039 2641 3375 2712 patriarchae.
3405 2641 3549 2694 Vers.
3578 2638 3688 2706 214,
3712 2637 3801 2693 fore

597 2728 998 2794 praececinistis.
1031 2731 1184 2785 Vers.
1215 2730 1339 2795 240,
1366 2731 1576 2798 dignius
1605 2748 1718 2785 ore.
1748 2731 1898 2784 Vers.
1923 2730 2048 2795 245,
2078 2729 2303 2787 Lumine
2329 2735 2696 2803 conspicuum.
2725 2733 2875 2789 Vers.
2905 2731 3030 2799 254,
3059 2731 3206 2787 Unde
3234 2732 3515 2787 interraso.
3542 2730 3680 2785 Vers.
3703 2726 3798 2788 292,

596 2828 699 2883 quo
721 2832 808 2872 me
835 2825 926 2871 tua
956 2819 1165 2872 dextra.
1219 2819 1372 2877 Vers.
1403 2819 1524 2882 398,
1565 2819 1786 2874 credere
1820 2821 2000 2889 pinna.
2029 2820 2180 2874 Vers.
2214 2821 2338 2885 318,
2369 2822 2648 2878 meditanti
2679 2824 2916 2892 suggerit
2958 2823 3155 2889 ignem.
3197 2820 3354 2876 Vers.
3382 2820 3502 2886 353,
3524 2834 3637 2874 cura
3656 2830 3800 2874 sumus

597 2909 829 2975 gemini?
875 2911 964 2980 qui
988 2910 1125 2979 jure.
1177 2911 1330 2966 Vers.
1361 2912 1483 2978 361,
1535 2913 1660 2967 dum
1691 2921 1744 2966 te
1771 2914 1972 2966 circum
2016 2914 2241 2982 agitans.
2292 2915 2444 2971 Vers.
2477 2916 2599 2979 370,
2649 2918 2790 2971 hunc
2817 2931 2905 2971 res
2932 2913 3386 2985 poscere-cultum
3412 2913 3524 2983 Ipsa
3549 2912 3798 2967 videbatur.

598 2997 754 3052 Vers.
787 2996 908 3064 595,
941 2999 1203 3068 Conspice
1231 3017 1462 3054 sursum.
1493 3001 1646 3055 Vers.
1676 3001 1799 3066 401,
1834 3003 2020 3057 altaria
2050 3012 2184 3058 tuta.
2230 3004 2380 3060 Vers.
2411 3006 2534 3071 415,
2567 3007 2702 3061 Huic
2727 3008 2919 3062 dubius
2945 3006 3159 3074 gemino
3200 3004 3430 3076 Didymi.
3461 3004 3604 3058 Vers.
3629 3001 3732 3064 433,
3759 3000 3801 3052 in

600 3099 749 3139 arma
779 3086 1009 3150 vocavit,
1042 3085 1109 3140 Et
1136 3088 1350 3156 paribus
1372 3090 1602 3158 compsit
1628 3091 1852 3144 victoria
1881 3093 2020 3147 celsa
2045 3095 2283 3162 coronis,
2320 3094 2530 3163 Parque
2549 3096 2853 3160 salutiferis,
2885 3105 2988 3151 etc.
3019 3097 3174 3151 Vers.
3205 3094 3332 3161 459,
3356 3093 3480 3150 lure
3503 3094 3586 3164 pio
3610 3093 3798 3160 signant.

600 3175 754 3230 Vers.
781 3175 902 3240 460,
933 3184 1128 3230 sancta:
1155 3185 1333 3230 tamen
1361 3178 1517 3232 unica
1549 3179 1712 3247 pacis.
1765 3179 1916 3235 Vers.
1947 3181 2073 3249 490,
2113 3183 2222 3238 Nec
2251 3184 2448 3239 mirere
2474 3185 2640 3240 sacris
2667 3184 2871 3254 spatiis.
2920 3183 3075 3239 Vers.
3117 3183 3242 3248 506,
3290 3182 3469 3252 Teque
3497 3181 3662 3244 sacris,
3688 3178 3802 3248 psal-

601 3265 809 3334 misque
831 3266 986 3320 simul
1013 3266 1210 3320 devota
1237 3266 1443 3321 litante.
1474 3266 1629 3322 Vers.
1661 3267 1784 3333 521,
1809 3285 1968 3324 amne
1996 3271 2198 3326 refuso.
2228 3271 2378 3327 Vers.
2405 3274 2530 3340 555,
2557 3273 2660 3330 Per
2684 3283 2852 3328 totam
2881 3275 3084 3343 vigiles.
3130 3273 3284 3328 Vers.
3317 3272 3441 3338 564,
3474 3269 3663 3341 irrepsit
3689 3265 3804 3322 rudi-

600 3356 716 3412 bus.
747 3357 901 3411 Vers.
929 3356 1054 3423 581,
1079 3357 1284 3426 pictura
1314 3357 1516 3412 ludere.
1549 3359 1701 3413 Vers.
1736 3358 1860 3423 629,
1890 3361 2112 3428 vigilare
2139 3370 2348 3432 parato.
3605 3401 3618 3407 ι

673 3449 761 3504 11.
801 3450 858 3504 1η
882 3466 1046 3505 carm.
1081 3451 1168 3516 10,
1197 3459 1383 3506 noster
1407 3451 1580 3506 codex
1606 3453 1787 3518 habet,
1826 3468 1988 3510 versu
2015 3454 2070 3521 2,
2098 3455 2340 3510 solennia
2369 3463 2518 3511 voto.
2568 3456 2720 3512 Vers.
2751 3457 2838 3521 10,
2868 3456 2981 3513 Illic
3003 3458 3290 3526 adiunctis.
3340 3457 3489 3513 Vers.
3519 3454 3602 3519 25,
3643 3449 3802 3506 lumine

593 3537 784 3593 'Tobis.
816 3538 970 3594 Vers.
997 3539 1084 3606 32,
1109 3541 1341 3595 culmine
1365 3541 1545 3594 turris.
1589 3540 1741 3596 Vers.
1772 3541 1860 3608 40,
1894 3543 1939 3596 A
1967 3545 2140 3599 tribus
2167 3557 2432 3612 egressus.
2483 3545 2636 3600 Vers.
2663 3545 2750 3612 45,
2796 3547 3232 3618 interpositisque
3259 3547 3534 3604 columnis.
3578 3542 3710 3599 Veis.
3735 3538 3802 3600 47.

601 3631 893 3699 Aspectare
917 3633 1083 3688 lacus.
1127 3633 1280 3688 Vers.
1314 3631 1398 3698 59,
1447 3634 1727 3703 spatiabile
1754 3635 1958 3704 pandit.
2006 3636 2162 3692 Vers.
2193 3635 2322 3705 151,
2369 3652 2532 3706 quam
2559 3638 2790 3708 liquerat
2813 3639 2935 3694 illis.
2985 3639 3138 3694 Vers.
3178 3637 3304 3702 188,
3353 3634 3581 3692 castiﬁca
3613 3635 3800 3687 δοριπε-

602 3721 758 3778 Vers.
787 3722 913 3788 234,
942 3723 1010 3778 Et
1030 3725 1268 3779 moribus
1292 3723 1444 3780 istius
1464 3725 1582 3781 aevi.
1616 3725 1763 3782 Vers.
1798 3726 1922 3792 276,
1953 3736 2076 3798 post
2095 3727 2342 3799 corporis
2369 3743 2542 3784 usum.
2574 3728 2726 3785 Vers.
2762 3727 2886 3794 282,
2920 3736 3085 3792 terra,
3127 3728 3247 3797 quis
3274 3728 3328 3782 in
3364 3742 3448 3782 me
3475 3725 3661 3779 Bubus.
3685 3719 3802 3774 Vers.

604 3813 727 3880 314,
763 3813 832 3869 Ut
853 3816 946 3884 qui
974 3816 1155 3871 corde.

669 3906 759 3962 12.
783 3906 910 3964 Haec
937 3917 1085 3977 sunt,
1113 3923 1233 3978 quae
1257 3909 1310 3964 in
1338 3910 1604 3980 prioribus
1630 3909 1820 3966 decem
1843 3911 2052 3967 Paulini
2079 3910 2406 3968 carminibus
2446 3909 2915 3966 animadvertenda
2947 3907 3274 3965 censuimus.
3317 3905 3469 3972 Quod
3498 3916 3615 3958 vero
3633 3901 3804 3995 spectat

601 3999 666 4054 ad
695 4001 794 4055 tria
822 4009 1118 4070 postrema,
1148 4017 1268 4070 qua:
1294 4018 1482 4058 rursus
1510 4018 1650 4058 nunc
1669 4003 1898 4072 edimus,
1947 4005 1999 4059 in
2027 4004 2109 4058 his
2134 4003 2256 4073 plus
2283 4018 2444 4074 quam
2469 4010 2711 4058 trecenta
2738 4002 2856 4056 loca
2885 3999 3309 4064 emendavimus,
3331 4011 3394 4052 ac
3421 4001 3660 4066 pra-terea
3678 3996 3804 4042 tertio

601 4101 656 4146 et
680 4092 889 4148 decimo
917 4094 1141 4148 carmini
1167 4102 1290 4163 post
1315 4094 1767 4163 septuagesimum
1796 4105 2009 4150 versum
2037 4103 2149 4150 tres
2175 4102 2232 4150 et
2251 4094 2635 4163 quinquaginta
2657 4104 2845 4148 versus
2863 4090 3182 4155 addidimus,
3213 4087 3306 4157 qui
3336 4089 3389 4141 in
3415 4100 3480 4140 eo
3503 4095 3648 4152 quem
3667 4077 3805 4132 Muta.

600 4186 772 4240 torius
800 4186 1059 4253 adhibuit,
1093 4185 1459 4241 Ambrosiana:
1485 4186 1823 4242 bibliothecae
1865 4185 2052 4242 codice
2079 4184 2540 4244 desiderabantur.
2585 4183 2662 4238 Ac
2700 4189 2942 4238 nostrum
2966 4179 3181 4248 quidem
3225 4178 3395 4232 hocce
3440 4173 3805 4264 additamentum

601 4279 851 4334 brevibus
892 4279 1109 4334 scholiis
1138 4279 1518 4336 illustravimus
1554 4297 1568 4332 :
1599 4279 1702 4334 alia
1743 4294 1874 4334 vero
1913 4278 2151 4333 carmina
2198 4292 2309 4333 non
2352 4277 2516 4342 item,
2558 4274 2701 4344 quod
2748 4271 3166 4328 luculentissime
3203 4284 3232 4322 a
3260 4267 3529 4322 Ludovico
3563 4261 3805 4361 Muraterit:

602 4371 864 4441 explicata
889 4371 1000 4440 jam
1030 4372 1156 4426 sint.
1199 4371 1393 4438 Quanti
1416 4379 1594 4426 autem
1637 4371 2061 4426 additamentum
2090 4370 2263 4440 ipsum
2292 4341 2593 4424 faciendum
2633 4366 2720 4431 sit,
2763 4380 2831 4420 ex
2860 4363 2977 4432 ejus
3003 4360 3231 4417 le'ctione
3257 4371 3545 4447 cognosces
3566 4370 3578 4407 :
3705 4341 3805 4447 illud

601 4439 690 4516 hic
711 4439 1138 4530 pnetereundum
1170 4477 1277 4516 non
1305 4469 1410 4528 est,
1442 4459 1623 4514 Tobia:
1661 4459 1878 4522 librum,
1906 4467 1962 4514 et
2001 4439 2184 4522 eum,t

2222 4459 2261 4512 11
2286 4455 2694 4514 Ecclesiasticus
2735 4451 3061 4517 inscribitur,
3109 4464 3245 4518 quos
3273 4448 3437 4503 libros
3463 4439 3744 4501 heterodoxi
3761 4439 3805 4486 ut

601 4549 939 4621 apocryphos
960 4549 1226 4618 rejiciunt,
1252 4565 1281 4603 a
1309 4548 1531 4604 Paulino
1563 4557 1621 4603 ut
1647 4563 1832 4604 saeros
1851 4555 2020 4617 atque
2047 4547 2254 4603 divinos
2279 4547 2331 4603 in
2361 4562 2430 4602 eo
2454 4545 2625 4610 citari,
2660 4551 2717 4598 ut
2745 4544 2796 4598 in
2823 4541 3040 4598 scholiis
3064 4538 3426 4595 ostendemus.
3654 4619 3666 4632 .
3773 4613 3783 4624 .

672 4641 758 4697 13.
792 4642 967 4712 Atque
995 4644 1084 4698 hic
1111 4657 1212 4712 ego
1241 4639 1497 4712 praefandi
1525 4641 1683 4696 tinem
1710 4639 1964 4706 facerem,
2009 4641 2112 4694 nisi
2153 4639 2352 4722 aliquid
2375 4639 2444 4695 de
2472 4653 2555 4704 ea,
2605 4653 2709 4706 qua
2737 4650 2864 4690 usus
2902 4648 3039 4698 sum,
3077 4631 3280 4722 horum
3323 4634 3619 4722 poematum

599 4735 782 4805 ptione
809 4734 1092 4790 dicendum
1118 4741 1281 4790 esset.
1304 4733 1473 4799 Vulgo
1502 4732 1645 4786 enim
1674 4731 1752 4786 sic
1790 4731 2006 4785 inscribi
2035 4731 2227 4794 solent,
2253 4719 2455 4785 Natalis
2482 4727 2526 4796 1,
2555 4727 2757 4782 Natalis
2785 4724 2848 4789 ll,
2880 4734 2936 4778 et
2961 4724 3032 4777 ita
3060 4720 3331 4789 deinceps.
3379 4719 3454 4774 Ita
3478 4719 3804 4809 certe‘itlSCI'I:

602 4799 709 4898 psit
745 4827 1087 4883 Muratorius.
1133 4826 1202 4881 At
1243 4825 1372 4879 mihi
1417 4824 1630 4894 quidem
1664 4838 1728 4878 ea
1758 4823 2032 4891 inscriptio
2061 4836 2368 4890 numquam,
2394 4818 2613 4890 probari
2649 4816 2826 4886 potuit
2851 4833 2861 4867 :
2885 4813 3045 4884 idque
3074 4812 3256 4867 multis
3291 4809 3357 4864 de
3384 4799 3806 4906 εῗυξξεουίξτίιξιξῗ

601 4888 742 4977 enim
773 4921 871 4976 etsi
901 4922 1189 4990 quotannis
1217 4888 1469 4974 Paulinus
1492 4921 1544 4976 in
1570 4888 1942 4982 emortualem,
1975 4931 2090 4981 seu,
2121 4925 2181 4971 ut
2207 4888 2412 4971 rectius
2435 4927 2558 4969 cum
2577 4909 2816 4966 Ecclesia
2845 4909 3052 4978 loquar,
3075 4905 3129 4958 in
3158 4903 3390 4958 natalem
3415 4901 3472 4955 S.
3493 4893 3672 4952 Felicis
3694 4888 3806 4942 diem

600 5029 819 5090 carmen
849 4989 1129 5080 scriberet,
1157 5013 1428 5083 quomodo
1457 5020 1639 5069 tamen
1661 5011 1898 5069 carmina
1927 5011 2041 5080 ipsa
2069 5007 2286 5063 Natales
2313 5007 2416 5062 dici
2444 5005 2671 5076 possint.
2703 5000 2970 5071 θαυὶὐθηι.
2997 5007 3062 5092 UE
3080 4996 3252 5092 di???
3295 4993 3344 5046 id
3369 4990 3508 5092 qu?“
3541 5002 3620 5092 res

607 5071 852 5173 intelligo
879 5071 1129 5174 quidem.
1164 5071 1436 5171 bungalns
1458 5119 1590 5160 sane
1618 5105 1670 5158 in
1700 5118 1767 5158 eo
1808 5071 1968 5171 quem
1993 5101 2102 5156 dixi
2149 5100 2287 5154 libro
2336 5071 2463 5154 cum
2488 5096 2684 5166 passim
2723 5094 2838 5148 lucc
2877 5092 2991 5186 ipsa
3030 5086 3251 5186 Paulini
3266 5089 3512 5186 poemata
3541 5071 3810 5186 in

601 5166 862 5264 proferat,
893 5166 1154 5263 nusquam
1184 5166 1361 5248 tamen
1389 5209 1453 5247 ea
1481 5193 1696 5248 Natales
1724 5166 1977 5262 appellat,
2021 5189 2114 5244 sed
2136 5203 2351 5258 semper
2369 5195 2462 5241 aut
2489 5186 2672 5246 libros,
2705 5191 2796 5236 aut
2823 5180 3083 5236 carmina.
3126 5174 3304 5232 Nostri
3333 5183 3509 5272 autem

599 5255 828 5358 scriptor
848 5255 1078 5358 primum
1107 5285 1318 5358 quidem
1349 5286 1424 5340 sic
1449 5300 1512 5340 ea
1542 5255 1810 5353 inscripsit
1835 5299 1847 5336 :
1872 5281 1949 5336 De
1972 5281 2084 5336 vita
2118 5278 2176 5332 S.
2207 5255 2399 5334 Felicis
2420 5290 2634 5332 carmen
2659 5271 2790 5327 anni
2814 5269 2992 5340 primi,
3014 5279 3233 5362 carmen
3267 5261 3393 5362 anni
3497 5267 3598 5313 εισι
3616 5271 3630 5320 ἓ

599 5347 750 5445 νει-(1,
779 5347 932 5450 quasi
955 5396 1080 5437 eum
1108 5347 1269 5449 hujus
1298 5376 1660 5447 inscriptionis
1697 5347 2004 5446 paeniteret,
2047 5372 2125 5428 sic
2171 5368 2441 5439 inscripsit
2481 5385 2494 5420 :
2537 5365 2697 5421 Liber
2724 5362 2779 5452 1,
2815 5361 2997 5452 Liber
3013 5357 3088 5452 11,.
3127 5351 3475 5452 etc-Natalis
3500 5347 3811 5452 veras-111193:

601 5435 863 5541 ttUBQbam
888 5435 1030 5542 apud
1059 5435 1200 5526 eum.
1211 5435 1476 5524 occurrit:
1501 5467 1570 5520 At
1603 5435 1729 5535 quid
1759 5463 1948 5533 plura?
1976 5435 2228 5516 Paulinus
2255 5435 2370 5528 ipse
2395 5455 2640 5526 quamvis
2675 5451 2858 5507 multis
2901 5443 3220 5542 inducis-de
3418 5435 3811 5542 P09223533.

602 5523 1220 5625 tionemvl’aciat,‘tamen
1252 5523 1318 5614 ne
1347 5556 1512 5614 semel
1537 5523 1840 5625 quidem-ea
1868 5550 2085 5606 Natales
2111 5523 2365 5620 appellat,
2409 5523 2502 5602 sed
2531 5543 2758 5604 libellos,
2811 5547 2901 5621 aut
2931 5535 3210 5592 Natalitios
3248 5529 3474 5588 libellos.
3524 5523 3648 5582 Nam
3669 5525 3809 5576 carm-

604 5647 692 5716 12,
725 5664 861 5706 vers.
892 5651 1015 5718 306,
1046 5653 1119 5707 ita
1148 5649 1291 5706 canit
1319 5665 1329 5698 :
