4008 6346
1712 338 1940 393 ΡΟΕΜΑ
1971 339 2104 392 XIX.

1599 451 1697 500 Sed
1721 453 1897 500 nostris
1917 461 2033 501 ante
2058 451 2230 503 libellis

1131 529 1398 588 l'rmterita,
1427 532 1475 579 in
1501 542 1720 594 praesens
1742 545 1938 594 semper
1964 543 2157 584 servata
2181 542 2408 586 canetur.

259 336 365 400 ειη
1712 338 1940 393 rom
1971 339 2104 392 xix.
3430 355 3536 409 sio

251 591 321 644 Et
345 603 513 644 carm.
552 588 642 653 l5,
670 603 808 642 vers.
841 583 950 639 52:

1171 743 1176 748 ε
1337 742 1362 748 ,_
1387 745 1395 748 _
1492 682 1552 732 Et
1575 686 1688 745 quia
1712 687 1976 746 praeteritis
1999 691 2154 747 magis
2178 687 2255 735 illa
2277 687 2452 738 libellis

1125 740 1258 789 Dicta
1284 742 1416 793 mihi.

250 801 317 856 Ει
339 815 481 856 vers.
515 799 622 854 55:

1469 898 1611 950 Hunc
1632 902 1789 950 animo
1810 907 1973 951 texam
1994 910 2220 963 gratante
2243 900 2476 954 libellum.

246 975 313 1028 Et
335 992 479 1032 vers.
515 974 618 1028 104
644 994 656 1027 :

1121 1069 1198 1116 Sit
1220 1076 1365 1131 caput
1388 1070 1590 1132 herous,
1617 1071 2083 1136 fundamentumque
2105 1074 2281 1126 libello.

245 1171 388 1236 Quin
417 1173 528 1226 imo
557 1171 610 1224 in
640 1170 865 1240 epistola
895 1169 964 1222 28
992 1170 1056 1223 ad
1100 1171 1357 1226 Severum
1386 1173 1584 1242 scripta
1614 1175 1804 1230 eodem
1847 1178 2008 1231 modo
2039 1178 2250 1234 locutus
2279 1187 2361 1236 est
2391 1199 2404 1233 :
2461 1199 2480 1233 ε
2515 1181 2690 1238 llabes
2717 1198 2864 1252 ergo,
2920 1185 3110 1254 inquit,
3159 1183 3356 1240 libellos
3376 1201 3406 1240 a
3434 1201 3522 1241 me

245 1263 402 1326 duos,
427 1276 596 1315 unum
620 1260 860 1315 versibus
889 1259 1197 1314 Natalitinm
1220 1259 1288 1315 de
1317 1277 1436 1316 mea
1462 1263 1688 1318 solemni
1713 1265 1779 1319 ad
1812 1267 2194 1322 Dominmdium
2225 1286 2400 1324 meum
2433 1273 2528 1340 (ita
2549 1283 2706 1328 vocat
2731 1273 2980 1329 Paulinus
3008 1276 3063 1328 S.
3093 1275 3346 1341 Felicem,
3369 1276 3521 1346 quasi

245 1350 534 1406 Dominum
573 1349 726 1417 mdis)
769 1350 1054 1414 cantilena,
1099 1349 1183 1404 cui
1213 1367 1441 1420 corpore
1501 1367 1565 1406 ac
1603 1354 1793 1422 Spiritu
1833 1357 2091 1426 quotidie,
2137 1358 2314 1428 lingua
2357 1371 2535 1416 autem
2582 1367 2869 1434 quotannis
2915 1368 3126 1436 pensito
3155 1364 3520 1422 dulcissimum

244 1445 568 1500 voluntaria:
595 1442 868 1497 servitutis
892 1442 1146 1506 tributum
1179 1441 1229 1494 in
1257 1441 1342 1496 die
1364 1444 1789 1499 consecrationis
1809 1446 1942 1513 ejus,
1967 1457 2071 1502 etc.
2097 1470 2113 1500 ι
2147 1448 2319 1504 Pauca
2351 1452 2466 1506 tunc
2496 1461 2548 1507 te
2573 1455 2897 1510 monendum
2921 1457 3120 1519 censui,
3141 1456 3520 1511 humanissime

244 1534 438 1597 lector,
467 1541 753 1601 antequam
780 1530 848 1585 ad
879 1531 991 1600 ipsa
1021 1529 1227 1585 Paulini
1254 1533 1490 1587 carmina
1516 1533 1702 1588 venias
1727 1553 1739 1587 :
1764 1536 1890 1606 quid
1919 1539 2060 1592 enim
2092 1555 2310 1596 necesse
2351 1555 2469 1597 erat
2495 1560 2580 1598 me
2607 1546 2759 1615 plura
2793 1547 2990 1613 dicere,
3044 1565 3165 1604 cum
3212 1559 3319 1604 tam
3341 1549 3510 1604 multa

244 1625 310 1682 de
339 1626 409 1681 iis
432 1623 748 1679 doctissime
774 1622 1047 1690 scripserit
1075 1622 1434 1678 Muratorius?
1467 1625 1615 1680 Vale.

835 1733 1066 1789 POEMA
1093 1734 1230 1788 XIX.

627 1841 839 1880 cannea
867 1842 919 1880 xi
939 1825 1013 1895 (α)
1038 1842 1089 1880 ιιι
1117 1842 1162 1880 s.
1195 1842 1440 1880 FBLICEI.

383 1916 770 1990 ‘57-‘58
808 1915 995 1972 Sidera
1039 1916 1112 1986 (ll)
1160 1918 1204 1972 si
1242 1918 1394 1979 caelo.
1429 1918 1473 1972 si
1504 1926 1725 1987 possunt
1755 1920 1826 1988 (c)

1301 2008 1312 2078 [
1331 2008 1570 2074 gramina
1601 2009 1758 2064 terris

385 2099 602 2166 Before,
629 2099 789 2153 mella
820 2097 972 2161 lavis,
998 2113 1135 2168 aqua
1158 2097 1415 2163 fontibus,
1439 2099 1691 2154 uberibus
1711 2099 1822 2154 lac:

382 2191 473 2246 Sic
497 2198 753 2260 poterunt
782 2189 974 2258 linguis
1003 2188 1190 2243 laudes
1210 2204 1422 2245 cessare
1449 2190 1677 2260 piorum,

381 2282 442 2337 In
468 2283 665 2352 quibus
691 2291 747 2338 et
774 2282 897 2336 vita:
923 2283 1093 2337 virtus
1120 2282 1221 2351 ld),
1253 2292 1310 2336 et
1337 2282 1504 2350 gloria
1533 2284 1723 2338 mortis

241 2373 273 2428 5
382 2373 502 2444 Ipse
527 2373 669 2428 Deus
693 2388 793 2444 pro
819 2387 928 2442 quo
955 2373 1118 2426 vitam
1146 2373 1366 2428 voluere
1390 2375 1604 2444 pacisci,

381 2465 448 2519 Et
475 2464 758 2520 moriendo
784 2465 926 2534 piam
955 2465 1165 2519 sancire
1192 2465 1348 2519 ﬁdem
1370 2468 1716 2536 populorum,

381 2555 715 2623 ltercarique
741 2569 953 2609 sacrum
982 2554 1220 2624 pretioso
1250 2556 1505 2623 sanguine
1530 2570 1785 2625 regnum,

381 2637 799 2707 Sanguine,quo
825 2645 995 2691 totum
1009 2646 1323 2706 spargentes
1349 2647 1609 2709 martyres
1637 2642 1821 2694 orbem

380 2727 642 2784 Geminus
669 2729 962 2784 innumeris
981 2743 1166 2782 semen
1194 2728 1406 2783 Geleste
1436 2727 1648 2783 fuerunt
1677 2729 1769 2799 (ε).

246 2822 312 2876 10
383 2821 581 2878 Horum
614 2822 699 2892 (ί)
743 2822 812 2877 de
843 2822 921 2893 (g)
952 2837 1175 2876 numero
1217 2838 1499 2892 procerum
1549 2826 1824 2880 confessor

1571 2915 1621 2968 in
1649 2915 1748 2968 ista

1571 2915 1621 2968 in
1649 2915 1748 2968 ista

391 3005 526 3062 Urbe
548 3006 704 3061 datus
731 3004 878 3060 Felix
905 3005 1064 3072 longe
1091 3001 1305 3075 lateque
1334 3019 1430 3074 per
1461 2913 1646 3060 orbem
1671 3007 1748 3076 (li)

383 3098 622 3153 Nominis
648 3098 867 3152 emicuit
897 3097 1070 3151 titulo.
1104 3096 1209 3152 Sed
1235 3096 1368 3152 Nola
1397 3098 1592 3166 sepulti

377 3191 540 3246 Facta
556 3191 746 3246 domus
760 3198 1029 3259 tamquam
1046 3189 1264 3260 proprio
1278 3189 1376 3244 sibi
1395 3190 1572 3245 sidere
1588 3189 1808 3259 plaudit.

370 3282 560 3337 Omnis
605 3283 783 3346 enim,
828 3296 1166 3350 quacumque
1207 3289 1388 3336 manet
1417 3283 1478 3346 (i)
1534 3280 1814 3336 mandatus

1566 3388 1617 3426 tn
1647 3388 1742 3426 ora

235 3464 298 3518 l5
369 3462 593 3534 Martyr,
626 3461 781 3516 stella
804 3460 908 3516 loci
933 3461 996 3532 (j)
1025 3463 1216 3525 simul,
1249 3471 1303 3516 et
1331 3461 1594 3516 medicina
1623 3464 1808 3518 colen-

1496 3561 1605 3606 tum
1630 3563 1730 3608 est.

299 3669 373 3741 (α)
405 3670 464 3723 ln
506 3668 694 3723 codice
738 3668 1081 3751 bibliotheca
1121 3667 1179 3721 S.
1210 3666 1505 3751 salvatoris
1529 3669 1806 3751 Bononize,

231 3737 383 3808 quem
415 3751 652 3793 nostrum
679 3739 903 3792 codicem
933 3738 1166 3796 vocabo.
1205 3739 1431 3806 primum
1461 3737 1663 3793 Paulini
1693 3756 1812 3794 car-

231 3811 452 3888 men__in
501 3810 562 3888 S.
591 3807 847 3888 Felicem
873 3809 950 3888 sic
1000 3808 1306 3888 inscribitur
1341 3825 1353 3860 ε
1385 3808 1542 3888 genti
1588 3809 1809 3877 Meropii

230 3879 702 3999 Pauliniepiscofi
742 3875 938 3959 Nolani
985 3879 1049 3929 de
1099 3877 1214 3960 Vita
1263 3879 1322 3931 S.
1376 3876 1566 3959 Felicis
1600 3875 1808 3933 carmen

230 3951 349 3999 anni
378 3966 554 3999 mimi.
585 3947 640 3999 LI
676 3965 732 3999 er
753 3964 966 3999 mimus.
995 3945 1340 3999 Undecnmnm
1374 3962 1501 3999 vero
1534 3949 1671 3999 Istud
1699 3967 1808 3999 car-

229 3951 349 4003 τηιπί
377 3945 554 4020 primi.
585 3945 732 4020 Liber
752 3945 1344 4020 prim_us.iU_ndecimttt_n
1374 3962 1501 4002 vero
1534 3949 1671 4002 istud
1699 3967 1810 4002 car-

228 4015 454 4098 men‘sic
486 4015 795 4098 inscribitur
819 4016 1057 4098 λιπάρει
1080 4015 1233 4098 ιίίρεν
1260 4015 1364 4068 XI.
1479 4087 1489 4097 .

296 4090 370 4159 (ὁ)
403 4089 512 4159 Sex
542 4089 746 4158 primos
775 4088 928 4159 hujus
949 4087 1203 4159 ca_rm_inis
1231 4101 1417 4159 versus
1444 4087 1573 4140 citat
1598 4085 1810 4159 Dunga-

226 4155 309 4241 ius
327 4155 378 4214 in
403 4155 684 4241 Responsis
707 4159 822 4238 ade.
848 4155 1053 4241 Claudii
1079 4155 1798 4241 [aurigensiesententiasi—

228 4228 410 4284 Priora
440 4226 554 4283 lucc
579 4229 817 4282 carmina
846 4228 1028 4281 retulit
1049 4227 1212 4280 etiam
1238 4227 1347 4279 Dun
1390 4227 1504 4278 alus
1530 4226 1808 4288 diaconus,

224 4302 310 4376 qui
348 4298 779 4376 seculomChristi
829 4313 972 4376 nono
1003 4298 1211 4376 librum
1251 4298 1313 4350 de
1347 4240 1498 4376 gutta
1528 4297 1811 4367 imaginum

224 4367 482 4424 adversus
527 4367 806 4421 Claudium
857 4367 1242 4421 Taurinensetn
1284 4367 1497 4435 scripsit
1520 4383 1811 4436 ,Weuinque

225 4438 497 4495 Ludovico
519 4447 575 4493 et
596 4436 850 4492 Lothario
872 4437 1120 4504 Augustis
1150 4437 1496 4505 nuncupavit.
1528 4435 1648 4489 Haec
1669 4435 1810 4502 ejus-

1848 1747 1900 1805 Α

2067 1742 2304 1812 Namque
2330 1748 2671 1802 tenebrosum
2698 1750 2864 1804 veteri
2894 1752 3122 1819 caligine
3145 1753 3396 1807 mundum
3413 1793 3427 1817 ,

2076 1832 2518 1905 Languentesque
2543 1837 2750 1892 animas
2771 1838 3054 1895 miseratus
3081 1841 3133 1894 in
3153 1843 3282 1895 orbe
3304 1851 3515 1896 creator

2074 1925 2164 1979 Sic
2209 1942 2360 1982 sacra
2391 1927 2463 1996 (Β)
2491 1927 2756 1997 disposuit
2802 1931 2962 1985 terris
3003 1941 3346 1986 monumenta
3395 1933 3516 2001 pio-

3257 2024 3440 2094 imm.

2070 2107 2278 2176 Sparsit
2306 2118 2364 2179 ut
2390 2118 2656 2165 astrorum
2687 2120 2952 2166 nocturno
2983 2114 3180 2168 lumina
3205 2115 3356 2169 caelo.

1928 2195 1996 2249 20
2069 2197 2135 2250 Ει
2163 2199 2287 2253 licet
2313 2215 2415 2252 una
2447 2199 2595 2263 lidcs,
2631 2217 2728 2270 par
2754 2202 2942 2269 gratia,
2975 2213 3031 2255 et
3056 2205 3248 2257 zemula
3277 2205 3448 2258 virtus

2072 2288 2391 2361 Martyribus
2427 2293 2636 2347 cunctis
2662 2303 2896 2358 maneat,
2939 2303 3114 2348 tamen
3147 2295 3396 2350 omnibus
3425 2295 3513 2352 iis-

3287 2385 3298 2456 Ι
3321 2386 3443 2439 dem

2070 2473 2364 2528 Dissimiles
2393 2491 2615 2544 operum
2645 2475 2841 2530 formas
2870 2486 3084 2530 exstare
3119 2477 3374 2531 videmus.

2066 2564 2240 2632 Atque
2266 2563 2388 2616 alibi
2421 2564 2595 2618 tacitis
2631 2563 2690 2632 (Ι)
2720 2565 2964 2618 meritum
2992 2565 3219 2619 sublime
3255 2566 3510 2634 sepulcris

2067 2653 2371 2709 Excolimus
2400 2671 2684 2717 memores,
2718 2657 2844 2710 alibi
2874 2658 3160 2712 clamantia
3190 2660 3338 2726 signa

1923 2742 1993 2795 25
2063 2741 2398 2813 Conspicuas
2426 2745 2683 2798 miramur
2711 2760 2861 2815 opes.
2917 2745 3014 2800 Ubi
3043 2749 3206 2802 credo
3236 2749 3358 2802 mali
3390 2748 3508 2818 plus

2069 2834 2261 2889 Durior
2289 2835 2534 2905 impietas
2564 2837 2779 2901 retinet,
2809 2838 3064 2906 majorem
3097 2841 3166 2894 ibi
3197 2841 3415 2895 morbus

2069 2923 2417 2996 Poscitopem
2434 2928 2668 2996 gravior,
2696 2928 2780 2981 vel
2799 2927 2974 2984 adhuc
3003 2930 3091 2983 ubi
3121 2932 3315 2984 cazcior
3343 2932 3506 2986 altam

2069 3013 2307 3070 Perlidia:
2336 3026 2548 3071 noctem
2580 3017 2744 3070 trahit
2772 3034 2942 3083 error,
2980 3028 3035 3072 et
3062 3035 3199 3087 :egra
3230 3021 3441 3075 laborat

2064 3103 2120 3158 In
2150 3105 2348 3174 populo
2379 3105 2642 3160 titubante
2673 3105 2822 3172 fides,
2854 3107 2922 3160 ibi
2954 3107 3153 3162 lumina
3186 3125 3405 3178 prorsus

1916 3192 1986 3247 30
2057 3194 2287 3249 Accendi
2315 3195 2518 3262 majora
2548 3196 2724 3259 decet,
2753 3197 3045 3267 mundique
3076 3200 3331 3254 tenebras

2059 3285 2364 3340 lllustrante
2393 3285 2502 3340 Deo
2531 3287 2741 3356 perimi,
2774 3297 3087 3357 mentesque
3115 3290 3312 3343 retusis

2063 3375 2332 3430 Attonitas
2354 3377 2541 3440 oculis,
2575 3377 2917 3446 trepidasqne
2944 3378 3226 3435 intendere
3261 3378 3328 3433 ad
3358 3379 3507 3451 ipsos

2068 3465 2240 3520 Divini
2271 3466 2384 3520 veri
2413 3465 2614 3532 radios,
2646 3466 2871 3534 caligine
2898 3475 3032 3520 tetra

2052 3557 2294 3620 Solvere,
2306 3556 2634 3626 collyrioqne
2645 3556 2998 3626 medentis(m)
3015 3557 3268 3624 inungere
3283 3557 3504 3612 Christi.

1992 3672 2068 3740 (ά)
2099 3671 2155 3725 ln
2186 3671 2461 3744 Mnratorii
2491 3672 2674 3744 codice
2702 3671 2960 3744 scriptum
2991 3681 3110 3744 est:
3146 3671 3212 3726 In
3241 3671 3421 3744 quibus
3449 3682 3501 3727 et

1918 3743 2041 3804 vita,
2080 3753 2129 3795 et
2169 3743 2344 3796 virtus.
2396 3741 2464 3793 At
2491 3757 2618 3795 vero
2650 3742 2921 3808 Dungalus
2952 3743 3078 3811 legit
3127 3752 3186 3796 ut
3213 3741 3294 3798 eSt
3318 3743 3369 3796 'tn
3399 3759 3500 3798 no-

1915 3820 2031 3866 stro
2059 3811 2262 3876 codice,
2292 3811 2443 3877 cujus
2473 3811 2755 3866 lectionem
2776 3821 2989 3868 secutus
3018 3829 3154 3867 sum.

1996 3882 2064 3950 (e)
2094 3880 2150 3952 ln
2180 3882 2300 3936 cod.
2331 3882 2463 3934 Mur.
2497 3881 2691 3948 legitur
2710 3884 2852 3952 [uere
2879 3900 2896 3936 :
2921 3882 3064 3952 quod
3103 3897 3288 3950 parum
3312 3881 3502 3936 refert.

1991 3952 2056 4021 (f)
2089 3951 2358 4020 Dnngalus
2385 3953 2516 4004 citat
2546 3953 2687 4006 hunc
2714 3951 2972 4019 versum,
3001 3959 3055 4006 et
3083 3951 3248 4015 alios,
3289 3953 3382 4019 qui
3409 3967 3502 4006 sco

1916 4029 2154 4091 quuntur
2184 4037 2351 4091 usque
2381 4021 2447 4074 ad
2479 4037 2689 4075 versum
2721 4022 2806 4076 l9.

1990 4090 2066 4160 lg)
2098 4089 2388 4160 Enitendav'i
2418 4105 2483 4144 ex
2516 4102 2700 4144 nostro
2727 4091 2932 4145 codice.
2963 4090 3019 4160 In
3045 4089 3181 4160 Mur.
3213 4089 3332 4143 cod.
3359 4089 3494 4142 scri-

1916 4158 2064 4282 rtmn
2096 4168 2178 4212 est
2226 4158 2425 4212 Horum
2471 4177 2564 4228 pro
2603 4177 2837 4214 numero.
2887 4162 2955 4214 At
2983 4159 3253 4227 Dungalus
3278 4173 3503 4226 quoque

1936 4238 2044 4282 eatt
2073 4228 2273 4282 ﬂorum
2301 4230 2364 4281 de
2391 4245 2622 4282 numero.

1936 4230 2044 4296 egit
2073 4228 2273 4282 llorttm
2301 4230 2364 4281 de
2391 4245 2622 4282 numero.

1988 4301 2064 4368 (li)
2099 4298 2267 4352 Tanta
2320 4299 2419 4351 fuit
2468 4315 2564 4367 per
2610 4301 2794 4352 orbem
2832 4298 2888 4352 S.
2921 4297 3114 4354 Felicis
3142 4295 3400 4368 fama,qut
3425 4313 3500 4368 ex

1913 4365 2100 4438 quavis
2147 4377 2407 4438 terrarum
2464 4365 2613 4436 parte
2671 4369 2854 4423 Nolam
2903 4368 3084 4438 populi
3130 4365 3499 4438 venerabundi

1914 4436 2268 4493 conﬂuerent.
2302 4437 2552 4492 Miraculu
2587 4441 2772 4492 crebra
2806 4436 3048 4492 sanctum
3077 4436 3317 4506 quotidie
3345 4452 3496 4490 com-

223 4511 339 4565 dem
369 4508 780 4581 pmclarissima
805 4500 978 4581 verba
988 4508 1210 4581 omnino
1233 4500 1356 4561 sunt
1374 4500 1808 4581 oculisoinnium
1839 4500 1882 4561 C
1915 4510 2270 4581 inendabant;
2299 4508 2518 4578 ipsaque
2543 4508 2732 4581 Itonia,
2767 4518 2845 4563 tot
2867 4509 2993 4581 licet
3021 4500 3326 4581 sanctorum
3351 4514 3498 4561 cmtn

221 4576 550 4649 subjicienda
573 4596 585 4630 :
613 4577 888 4638 Paulinus,
923 4578 1016 4639 ait,
1043 4579 1311 4649 episcopus
1338 4578 1416 4630 vir
1434 4576 1808 4649 eruditissimus

221 4661 268 4702 et
295 4647 658 4704 sanctissimus
679 4691 692 4714 ,
721 4651 850 4701 sicut
869 4657 918 4700 et
942 4648 1090 4701 multi
1112 4648 1174 4701 de
1202 4664 1260 4702 eo
1289 4649 1456 4700 testati
1479 4657 1629 4710 sunt,
1659 4647 1811 4701 nobi-

222 4723 320 4774 lem
356 4721 552 4774 librum
599 4735 666 4772 xv
713 4719 1022 4771 carminibus
1063 4719 1360 4771 distinctum
1404 4719 1456 4770 in
1507 4718 1729 4782 honore,
1759 4727 1809 4770 et

222 4791 373 4868 laude
404 4790 466 4845 S.
495 4788 696 4868 ⁸[τἐιὶσὶε
733 4790 976 4868 martyris
1005 4789 1196 4868 edidit,
1227 4789 1279 4868 in
1301 4804 1398 4868 quo
1418 4798 1611 4868 quanta
1641 4788 1805 4868 mira-

221 4863 355 4925 cula,
386 4871 436 4913 et
459 4862 667 4914 virtutes
687 4876 779 4928 per
799 4860 958 4928 ipsius
988 4861 1190 4920 merita,
1221 4867 1271 4910 et
1307 4859 1695 4910 intercessiones
1727 4859 1805 4910 di-

221 4933 337 4983 vina
366 4932 628 5001 largiente
667 4929 945 5001 clementia
985 4931 1054 5001 ad
1091 4945 1238 4981 suum
1279 4928 1393 5001 ﬁeri
1420 4929 1606 5001 cotidie
1635 4937 1804 5001 tumn-

220 5001 340 5065 lant,
371 5011 420 5056 et
441 4998 667 5054 maxime
691 5000 775 5052 die
803 4999 965 5052 natali
998 4999 1113 5068 ejus
1161 4999 1514 5051 amtieersario
1543 4998 1804 5061 disseruit,

219 5086 324 5124 non
369 5072 528 5142 facile
556 5086 880 5142 aqquoquam
909 5065 1145 5138 ercet-pi,
1196 5077 1284 5121 aut
1303 5068 1572 5142 “deﬂorari
1613 5077 1800 5142 potest,

219 5143 339 5208 quia
368 5137 554 5194 cuncta
585 5137 770 5207 ﬂores,
812 5149 1065 5200 aromata,
1112 5155 1263 5203 rosa’,
1295 5137 1405 5190 lilia
1435 5139 1801 5208 suaveolentia,

217 5207 278 5281 tu:
303 5211 554 5281 melli/lita
583 5219 720 5264 sunt.
769 5209 1133 5281 gnimadverti
1181 5217 1357 5281 tamen
1397 5207 1640 5281 sumain
1671 5223 1798 5281 pro-

218 5279 416 5346 legom.
448 5275 734 5349 deceptum
773 5279 1069 5348 Dungalum
1095 5320 1110 5338 .
1159 5278 1249 5346 qui
1284 5275 1350 5328 l5
1378 5293 1406 5329 a
1437 5276 1659 5349 Paulino
1676 5275 1802 5330 elu-

217 5345 471 5406 cubratos
495 5345 716 5404 Natales
744 5345 972 5403 asseruit
993 5389 1007 5413 ,
1039 5345 1202 5416 quum
1248 5363 1432 5402 revera
1475 5345 1550 5416 AM
1598 5355 1801 5399 tantum

216 5421 510 5485 cecinerit;
544 5422 660 5488 ipse
689 5419 830 5474 enim
863 5414 1132 5487 Dungal'us
1171 5433 1334 5471 unum
1366 5433 1432 5471 ex
1468 5414 1548 5470 eis
1586 5417 1639 5469 in
1669 5416 1803 5470 duos

216 5491 561 5545 considerate
584 5491 784 5544 divisit.
821 5489 1186 5542 Mcnnonws.

289 5563 361 5628 (c)
393 5561 451 5615 In
499 5561 688 5615 codice
735 5560 1074 5628 bibliothecae
1118 5556 1500 5628 Ambrosianze.
1539 5571 1647 5624 quo
1677 5572 1804 5628 usus

214 5626 306 5682 est
330 5626 650 5686 Ituratorius
669 5673 684 5696 ,
715 5645 981 5700 quemque
1011 5626 1540 5700 Haratoriicodicem
1579 5627 1802 5700 posthac

217 5702 444 5765 vncabo,
480 5695 749 5771 scriptum
769 5708 852 5771 est
877 5695 1111 5771 {Sidera
1141 5698 1184 5771 si
1213 5695 1665 5771 cwlo_poss_tmt,_s_i
1685 5713 1802 5765 gra—

217 5765 708 5835 minaterrisfctc.
769 5768 1002 5836 Utraque
1044 5768 1202 5820 lectio
1244 5766 1532 5835 probabilis
1572 5765 1795 5820 videtur.

221 5839 491 5908 Dungalus
517 5850 692 5896 tamen
727 5841 874 5907 legit,
908 5847 961 5891 ut
991 5848 1067 5892 est
1093 5839 1142 5890 in
1176 5846 1358 5891 nostro
1389 5836 1601 5890 codice.

1913 4580 2192 4647 sublimis,
2247 4575 2356 4647 tota
2408 4594 2544 4647 pene
2588 4579 2698 4633 suis
2739 4594 2768 4632 e
2821 4577 3036 4632 sedibus
3060 4575 3383 4647 solvebatur,
3434 4587 3496 4629 ut

1909 4645 2126 4715 gloriosi
2156 4643 2479 4702 confessoris
2514 4650 2819 4717 sepulcrum
2847 4649 3127 4702 inviseret.
3167 4643 3321 4717 __lloc
3348 4661 3498 4717 s:_epe

1910 4714 2107 4788 repetit
2140 4717 2424 4801 Paulinus,
2465 4735 2527 4801 a_c
2565 4714 2994 4801 potentissimum
3027 4714 3198 4801 Natali
3223 4731 3261 4801 Ill
3383 4714 3489 4768 na-

1909 4784 2090 4843 masus
2112 4804 2248 4867 papa
2275 4797 2462 4867 sancto
2489 4784 2612 4843 huic
2626 4805 2697 4867 se
2733 4787 3005 4867 quondam
3030 4795 3157 4867 voto
3185 4784 3493 4867 obstrinxe-

1910 4869 2012 4921 rat,
2044 4853 2197 4923 cujns
2224 4859 2300 4913 rei
2329 4867 2521 4912 testem
2553 4853 2880 4928 epigramma
2912 4853 3129 4928 reliquit
3146 4863 3327 4910 nostra
3356 4872 3494 4928 quo-

1907 4943 2014 5053 Ἇιέθ
2054 4929 2134 5012 ad‘
2169 4937 2406 4998 tempora
2444 4925 2846 5009 transmissum.
2912 4925 3150 4983 Videnda
3196 4931 3362 4994 super
3408 4925 3495 4982 bis

1988 5007 2038 5051 ta
2063 4998 2160 5052 SS.
2194 5007 2323 5052 tom.
2355 4998 2375 5051 Ι
2405 4999 2492 5052 dte
2525 4998 2589 5051 Η
2615 4996 2834 5053 Januar.
2868 4998 3235 5053 Mcnsronws.

1988 5007 2038 5051 ta
2063 4998 2160 5052 SS.
2194 4996 2323 5052 tom.
2355 4998 2375 5051 Ι
2405 4998 2492 5052 die
2525 4998 2589 5051 Η
2615 4996 2834 5053 Januar.
2868 4998 3235 5054 Mt‘nsronws.

1981 5071 2040 5130 (ἱ)
2072 5067 2126 5122 ln
2155 5068 2291 5138 cod.
2333 5066 2468 5120 Mur.
2513 5069 2706 5138 legitur
2741 5069 2921 5138 jacet:
2955 5072 3006 5122 in
3053 5077 3238 5124 nostro
3274 5073 3485 5122 manet:

1907 5153 2012 5206 quo
2045 5137 2205 5191 modo
2235 5138 2363 5205 legit
2384 5138 2543 5192 etiam
2561 5137 2845 5206 Dungalus.

1980 5208 2043 5277 tj)
2070 5207 2242 5260 Nostri
2273 5207 2474 5262 codicis
2495 5207 2780 5263 lectionem
2809 5207 3088 5277 amplexus
3115 5224 3250 5261 sum.
3284 5207 3340 5261 In
3363 5209 3482 5262 eod.

1907 5276 2041 5402 Aliae.
2088 5278 2280 5344 legitur
2307 5278 2453 5331 locis.
2506 5278 2774 5345 Dungalus
2819 5276 2947 5346 legit
2998 5286 3056 5332 ut
3101 5285 3184 5330 est
3217 5277 3268 5330 in
3299 5286 3486 5331 nostro

1907 5364 1972 5402 co
2012 5364 2108 5402 tce.

1907 5364 2108 5402 COGICC.

1980 5418 2054 5487 (lt)
2092 5417 2244 5471 Hunc
2273 5433 2482 5471 versum
2514 5417 2772 5472 mendose
2800 5417 2876 5470 sic
2907 5416 3037 5485 legit
3064 5415 3332 5483 Dungalus
3354 5433 3368 5468 :
3393 5415 3486 5469 Sic

1905 5489 2277 5566 suadisposuit
2304 5489 2456 5566 terris
2484 5489 2798 5566 munimenta
2817 5487 3040 5566 piorum2
3200 5552 3232 5566 ν
3271 5552 3282 5564 θ

1977 5559 2038 5624 (ι)
2071 5552 2262 5612 Noster
2302 5557 2476 5612 codex
2517 5558 2680 5611 habet
2728 5552 2958 5608 tacitum.
3011 5555 3080 5607 At
3115 5552 3316 5610 codicis
3346 5553 3481 5610 Mur.

1906 5626 2066 5682 lectio
2086 5628 2214 5681 mihi
2239 5627 2408 5694 magis
2430 5627 2622 5696 placet.

1977 5699 2069 5774 (mi
2097 5697 2231 5774 ξων.
2273 5691 2392 5752 cod.
2433 5691 2606 5774 'habct
2637 5695 2908 5774 medentes.
3074 5691 3354 5774 legendum
3402 5703 3489 5774 est

1904 5768 2150 5820 medentis
2175 5807 2187 5827 ,
2238 5775 2295 5818 ut
2334 5775 2416 5819 est
2446 5765 2494 5816 in
2527 5775 2709 5818 nostro
2742 5764 2944 5819 codice.
2983 5763 3038 5818 Id
3071 5763 3210 5818 cnim
3241 5766 3489 5831 exposcit

1905 5838 2014 5904 ipsa
2045 5851 2258 5904 quoque
2288 5837 2439 5890 metri
2470 5839 2623 5888 ratio.
