4008 6346
235 353 338 411 Sil

1685 344 1912 399 POEMA
1955 343 2086 397 ΧΓΧ.

3419 339 3524 395 δὲὶ

380 463 649 536 Spiritus:
696 462 808 516 lucc
851 461 952 518 tria
983 459 1058 532 (a)
1095 467 1220 514 sunt
1257 458 1395 514 Deus
1433 473 1568 513 unus
1603 458 1816 512 nomina
1848 460 1895 516 Α
1929 452 2028 504 1-ιὸ
2063 451 2388 521 Martyribus
2415 465 2610 518 magno
2635 448 2956 504 venerandae
2983 448 3144 503 ctedis
3172 463 3366 504 acervo

379 644 504 701 Sola
536 643 634 698 Dei
663 651 856 698 natura
885 641 1028 696 Deus
1053 659 1064 695 :
1094 640 1240 710 quod
1268 639 1461 704 Filius,
1494 549 1753 708 58:33..

382 737 637 807 Spiritus,
659 745 712 790 et
735 736 893 790 Pater
919 742 1002 790 est
1026 752 1039 787 :
1063 734 1157 789 sed
1185 733 1350 789 Filius
1373 749 1441 788 ex
1463 731 1622 786 Patre
1652 740 1829 797 natus,

377 828 612 898 Spiritus
639 842 710 883 ex
737 825 896 882 Patre
927 826 998 898 (ὁ)
1023 825 1341 896 procedens.
1374 826 1514 880 Nihil
1542 825 1631 880 hic
1660 823 1824 878 habet

1516 915 1653 988 [ulla
1683 913 1756 984 (c)

240 1015 259 1066 l
283 1014 353 1068 60
395 1013 714 1077 Commune,
741 1017 834 1064 aut
859 1007 1033 1063 simile
1061 1007 1113 1061 in
1138 1007 1297 1062 rebus
1325 1013 1515 1060 natura
1544 1005 1760 1060 creatis.

381 1105 476 1159 Ast
506 1102 584 1174 (ά)
625 1100 894 1168 Carthago
940 1107 1132 1169 potens
1171 1097 1439 1168 Gypriano
1467 1104 1702 1166 martyre
1732 1094 1831 1149 llo-

383 1245 396 1263 .
1527 1185 1634 1259 [τει
1665 1183 1759 1257 (ε)ν

383 1282 547 1351 Cujus
577 1289 632 1335 et
661 1294 756 1335 ore
786 1278 944 1333 simul
973 1276 1195 1348 profusi,
1223 1285 1278 1332 et
1304 1278 1564 1345 sanguine
1586 1275 1762 1331 fontes

385 1373 829 1429 Fecundaverunt
861 1371 1037 1440 Libyae
1067 1370 1297 1425 sitientis
1325 1385 1545 1424 arenas.

393 1464 505 1519 Nec
556 1463 744 1535 procul
792 1462 913 1517 inde
961 1461 1166 1516 Uticam
1222 1462 1288 1533 (ι’)
1336 1460 1831 1604 εοΙΙιιῑίεἱξὲειηάίιΙει

1587 1559 1597 1584 ι
1637 1548 1758 1586 assa

1587 1548 1758 1586 313553

242 1677 337 1722 aut
363 1667 407 1721 si
434 1666 592 1721 aliter
612 1663 893 1733 legendum
921 1679 1127 1728 censes,
1162 1672 1218 1717 ut
1251 1663 1376 1718 illud
1417 1663 1568 1717 Verbi
1596 1666 1831 1719 referen-

242 1738 373 1792 dum
394 1738 466 1792 sit
491 1735 557 1790 ad
590 1734 831 1800 Patrem,
866 1749 931 1787 ea:
965 1736 1076 1803 ipso
1115 1733 1453 1788 referendum
1482 1743 1624 1788 esset
1652 1735 1717 1788 ad
1748 1736 1834 1788 Fi-

2073 542 2235 614 459
2257 572 2282 581 -
2306 541 2468 614 £60
2513 541 2743 606 Extulit;
2789 556 2925 595 unus
2965 541 3109 596 enim
3143 541 3217 610 (g)
3249 541 3458 595 benedii
3479 542 3514 595 ti

2998 633 3253 703 [cespitis
3281 647 3443 701 agger

2071 722 2312 794 Corpora
2339 724 2504 778 multa
2537 732 2723 792 tegens
2752 725 2861 778 alte
2884 732 3047 793 caput
3076 723 3268 777 extulit
3296 723 3462 789 arvis,

2077 813 2144 867 Et
2171 814 2378 868 meritis
2403 814 2540 870 altos
2571 816 2652 884 (h)
2686 822 2915 870 testatur
2942 822 3126 868 monte
3153 813 3412 883 sepulcri.

2086 902 2212 956 Inde
2239 902 2352 958 Deo
2381 903 2580 957 dudum
2605 903 2715 970 jam
2743 903 2932 957 fertilis
2956 902 3131 956 Africa
3159 902 3374 956 Christo

1939 985 2039 1038 l50
2077 984 2393 1054 Multiplicat
2421 984 2595 1050 largas
2622 992 2771 1036 tanto
2798 983 2865 1037 de
2895 985 3098 1038 semine
3131 983 3307 1050 fruges
3326 1025 3342 1050 ,

2077 1074 2144 1129 Et
2191 1075 2332 1146 parit
2370 1075 2616 1144 egregios
2648 1074 2707 1144 (ἰ)
2737 1075 3042 1143 verboque,
3091 1074 3298 1142 fideque
3340 1072 3514 1142 magi-

3264 1163 3446 1236 [stros.

2075 1253 2184 1309 Nec
2212 1253 2278 1324 (j)
2310 1253 2486 1308 minor
2514 1251 2763 1308 Occiduis
2788 1251 2987 1324 eli‘ulsit
3014 1253 3184 1320 gratia
3211 1255 3386 1308 terris.

2077 1345 2390 1400 Ambrosius
2417 1343 2569 1398 Latio
2602 1344 2702 1413 (It),
2736 1345 3052 1398 Vincentius
3076 1353 3253 1398 exstat
3278 1344 3465 1399 lberis.

2077 1436 2247 1491 Gallia
2296 1436 2576 1490 Martinam
2625 1436 2705 1508 (l),
2748 1437 3065 1506 Delphinum
3096 1435 3383 1506 Aquitania
3417 1439 3512 1508 (in)

3171 1527 3445 1596 [sumpsit.

2010 1661 2082 1731 (c)
2106 1659 2420 1731 Mura'codq
2451 1662 2564 1715 illa.
2597 1661 2666 1713 At
2693 1659 2976 1730 legendum
3004 1669 3090 1715 est
3113 1661 3245 1727 ulla,
3272 1669 3332 1715 ut
3352 1670 3435 1718 est
3469 1663 3521 1718 in

1939 1730 2128 1787 nos.er
2158 1730 2365 1784 codice.

243 1808 377 1862 lium
403 1850 419 1875 ,
467 1821 499 1859 a
543 1820 652 1874 quo
693 1798 923 1873 Spiritus
967 1798 1315 1872 procederet,
1366 1818 1429 1857 ac
1457 1813 1737 1927 propterea
1767 1806 1834 1861 de
1871 1821 1913 1880 Β
2011 1800 2088 1871 (d)
2119 1799 2253 1880 Mur.
2279 1799 2448 1854 codex
2475 1799 2636 1853 habet
2664 1798 2733 1852 Et
2754 1817 2773 1854 :
2795 1807 2980 1854 noster
3001 1815 3129 1853 vero
3151 1801 3261 1854 Ast.
3313 1799 3529 1869 Dunga-

244 1877 597 1927 nrocessione
616 1873 672 1927 8.
697 1873 977 1927 Sniritusa
1008 1872 1141 1927 Filio
1163 1881 1532 1927 argumentum
1598 1875 1682 1927 inc
1709 1890 1839 1927 auu-
1940 1870 2043 1927 lus.
2093 1885 2184 1927 aui
2225 1870 2357 1923 citat
2405 1869 2548 1923 hunc
2591 1885 2823 1927 versum.
2864 1877 2920 1923 et
2966 1869 3133 1927 duos.
3163 1871 3255 1927 Qui
3283 1874 3528 1927 proxime

244 1872 597 1948 processione
616 1873 672 1928 8.
697 1872 928 1948 Spit-ilus
947 1889 977 1926 a
1008 1872 1141 1928 Filio
1163 1881 1532 1941 argumentum

289 1962 354 2001 ue
403 1945 527 2000 duci
577 1941 780 2014 posset.
831 1941 1074 2014 Priorem
1111 1951 1286 2014 tamen
1328 1957 1542 2014 sensum
1572 1941 1751 2014 tuetur
1778 1947 1835 2001 8.

289 1966 354 2001 ue
403 1966 527 2000 OUCI
577 1966 780 2014 pOSSCl.
831 1966 1070 1996 I'I'IUI'CIII
1111 1966 1286 1996 ιίΙΙΙΙυΙΙ
1328 1966 1542 1996 δυιιδυιιι
1573 1966 1751 1998 tuetur
1778 1966 1835 2001 δ.

247 1966 584 2084 (Augustinus
627 2021 805 2084 tract.
835 2011 904 2064 99
950 2012 1005 2084 in
1026 2010 1314 2084 Johannq
1345 2012 1434 2084 ubi
1463 2014 1573 2084 ait:
1605 2012 1710 2067 Cur
1738 2032 1838 2070 non

249 2079 523 2140 credamus
541 2125 557 2150 ,
587 2083 723 2150 quod
741 2083 899 2136 etiam
925 2081 989 2135 de
1019 2079 1159 2135 Filio
1187 2081 1430 2150 procedat
1457 2081 1684 2150 Spiritus
1713 2101 1839 2138 san-

249 2167 380 2222 ctas,
404 2172 522 2208 cum
561 2151 687 2207 Filii
727 2169 922 2224 quoque
954 2152 1063 2224 ipse
1092 2153 1160 2205 sit
1189 2151 1455 2221 Spiritus?

249 2221 375 2295 quasi
400 2224 624 2279 inferius
651 2221 923 2295 adnotavi.
958 2221 1324 2295 Haemonius.

324 2299 402 2365 (a)
435 2295 571 2348 Mur.
616 2293 738 2365 cod.
789 2293 952 2365 habet
993 2293 1165 2365 trina:
1195 2292 1290 2365 sed
1331 2289 1628 2348 mendose:
1661 2293 1842 2365 itaque

252 2361 581 2418 muratorius
630 2364 708 2419 sic
757 2361 1148 2418 emendandum
1196 2361 1370 2418 locum
1416 2365 1660 2418 censuit:
1712 2361 1842 2420 Ηίεσ

252 2439 390 2490 trino
421 2434 562 2487 Deus
599 2449 731 2486 unus
778 2433 1244 2502 nominersemper.
1316 2431 1386 2486 At
1431 2434 1599 2488 nostri
1639 2434 1843 2490 codicis

255 2506 416 2560 lectio
455 2520 563 2559 non
598 2511 682 2558 est
722 2501 1076 2566 immutanda,
1111 2501 1163 2556 in
1201 2517 1308 2571 quo
1337 2502 1568 2571 legitur:
1601 2503 1709 2559 hac
1739 2507 1842 2559 tria

254 2584 372 2631 sunt
402 2573 540 2627 Dens
562 2590 692 2626 unus
713 2572 924 2642 nomina
947 2589 1166 2642 semper.

285 2701 296 2706 _
329 2645 405 2712 ibi
441 2643 714 2698 Prioribus
742 2641 990 2697 Ecclesiae
1025 2641 1218 2712 seculis
1242 2656 1406 2710 quum
1441 2643 1495 2698 in
1523 2651 1840 2700 controver-

258 2711 394 2772 siam
417 2730 526 2768 non
559 2713 933 2784 adduceretur,
977 2727 1042 2784 an
1073 2728 1139 2766 ex
1164 2711 1305 2784 Filio
1333 2728 1548 2784 quoque
1576 2714 1839 2784 procede-

261 2793 346 2841 ret
371 2784 429 2838 S.
461 2784 689 2854 Spiritus
716 2782 793 2854 (id
822 2783 962 2854 enim
994 2782 1247 2854 hmretiei,
1278 2782 1714 2854 utBellariuinus
1745 2785 1841 2854 ait,

263 2852 648 2913 concedebant,
668 2852 1118 2922 quemadmodum
1140 2867 1205 2906 ex
1231 2852 1428 2906 Basilio
1456 2853 1546 2908 lib.
1574 2869 1610 2908 ll
1653 2852 1841 2910 contra

269 2923 582 2979 Eunomium
619 2924 670 2976 in
690 2921 940 2983 concilio
979 2921 1291 2992 Florentino
1320 2923 1550 2977 evictum
1579 2926 1684 2992 est)
1714 2941 1845 2979 con-

269 2995 407 3052 tenti
448 2998 596 3048 erant
637 2992 892 3047 catholici
937 3007 1005 3046 ex
1049 2990 1279 3062 Patre'F
1280 2993 1434 3062 ilium
1464 2990 1842 3062 procedentem

263 3065 466 3118 dicere.
517 3062 784 3131 Nusquam
829 3069 1005 3116 tamen
1046 3077 1078 3116 a
1122 3061 1241 3133 solo
1279 3059 1437 3118 Patre
1464 3059 1842 3133 procedentem

260 3133 532 3203 afﬁrmare
577 3133 690 3186 ausi
736 3140 909 3203 sunt;
945 3133 1072 3200 quin
1119 3131 1282 3186 immo
1327 3141 1382 3185 et
1421 3131 1723 3203 complures
1747 3151 1843 3190 ex-

1531 2169 1682 2208 erum
1715 2156 1835 2210 vide

1598 1875 1682 1929 inc
1709 1890 1839 1943 quo-
1871 1869 1910 1880 "
1940 1869 2043 1932 lus,
2071 1869 2184 1939 qui
2225 1870 2357 1943 citat
2402 1869 2548 1943 hunc
2591 1885 2825 1943 versum,
2864 1877 2920 1943 et
2966 1869 3133 1943 duos,
3163 1871 3255 1937 qui
3283 1874 3528 1943 progiine

1940 1937 2259 2009 sequuntur,
2311 1939 2439 2008 legit
2467 1940 2552 1992 At.
2575 1937 2920 2009 —Cypriani
2965 1940 3254 2009 sanctitas,
3284 1937 3359 1994 ἐι
3388 1939 3526 1996 fama

1940 2008 2202 2066 doctrinm
2229 2009 2364 2063 adeo
2391 2025 2452 2064 se
2472 2024 2568 2078 per
2595 2008 2781 2064 orbem
2811 2008 3144 2078 propagavit,
3178 2017 3234 2063 ut
3262 2010 3402 2078 apud
3425 2009 3529 2065 La-

1945 2079 2084 2134 tinos
2116 2095 2220 2134 non
2253 2076 2486 2144 tantum,
2509 2081 2600 2133 sel
2632 2086 2686 2132 et
2719 2076 2864 2148 apud
2893 2076 3109 2148 Gnecus
3138 2076 3370 2147 antiquis
3393 2088 3529 2132 teni-

1941 2149 2162 2220 poribus
2188 2149 2538 2220 celeberrima
2567 2148 2729 2220 fuerit
2750 2148 2890 2220 illius
2925 2147 3256 2220 solemnitas.
3305 2147 3530 2220 Exstant

1942 2217 2010 2274 de
2039 2219 2131 2272 illo
2154 2232 2431 2273 sermones
2451 2219 2666 2287 quidam
2688 2217 2746 2272 S.
2779 2217 3087 2286 Augustini,
3118 2227 3174 2271 et
3200 2219 3305 2274 duo
3324 2217 3379 2272 S.
3413 2218 3529 2273 Ma-

1941 2289 2091 2344 ximi.
2137 2288 2387 2358 Quinque
2427 2290 2592 2358 etiam
2621 2288 2758 2343 alios
2799 2287 3043 2355 ejusdem
3075 2287 3380 2343 Taurinatis
3409 2292 3527 2358 epi-

1922 2359 2191 2431 Iscopi‘in
2237 2357 2296 2413 S.
2347 2357 2616 2431 Cypriani
2648 2358 2858 2412 laudem
2907 2358 3176 2426 proferam
3225 2359 3277 2413 in
3307 2357 3529 2427 reliquis

1942 2427 2338 2484 Anecdotorum
2369 2427 2536 2483 libris.
2569 2427 2938 2482 Munnonws.

2015 2502 2084 2566 (ei
2117 2497 2386 2567 Dungalus
2407 2498 2536 2566 legit
2554 2498 2767 2567 gaudet;
2792 2496 2926 2550 Mur.
2947 2496 3067 2550 cod.
3088 2505 3143 2551 et
3159 2505 3341 2552 noster
3353 2499 3520 2566 ﬂoret.

2015 2571 2084 2640 (ί)
2113 2566 2465 2640 celebrisest
2485 2566 2722 2640 Catonis
2747 2566 2875 2640 fato,
2904 2567 3269 2640 amphtudine
3289 2576 3359 2640 et,
3383 2571 3524 2640 anti-

1941 2635 2148 2708 quitate
2177 2638 2314 2691 inter
2343 2637 2620 2692 Africanas
2646 2636 2804 2691 urbes
2831 2635 3011 2690 Utica.
3033 2636 3107 2690 De
3136 2652 3214 2708 ea_
3228 2637 3305 2692 sic
3335 2637 3528 2706 Appiae

1942 2705 2043 2764 lius
2079 2723 2093 2761 :
2142 2713 2308 2778 Ὑτίκῃ
2347 2709 2536 2778 Λιϐύης
2578 2711 2792 2778 μεγίστη
2839 2711 2980 2778 μετὰ-
3011 2705 3319 2778 Καρχήδονςε
3359 2705 3525 2769 τὲὂλος.

1947 2779 2098 2832 Utica
2126 2786 2240 2847 post
2261 2775 2621 2848 Carthaginem
2648 2775 2876 2848 maxima
2900 2775 3018 2829 urbs
3048 2775 3258 2846 Africae.
3291 2776 3401 2833 Sub
3426 2777 3499 2831 Va

1943 2844 2398 2915 leriano‘treeenti
2423 2844 2713 2918 martyres,
2746 2853 2803 2899 ut
2832 2844 3067 2900 fatentur
3093 2844 3301 2918 quaevis
3319 2859 3524 2918 marty-

1944 2914 2192 2985 rologia',
2252 2931 2348 2971 seu
2397 2923 2455 2971 ut
2501 2914 2578 2970 8.“
2609 2915 3037 2986 Angust._tract.
3089 2917 3144 2970 in
3192 2915 3325 2986 psal.
3378 2914 3524 2983 nix,

1944 2984 2159 3043 centum
2189 2985 2579 3057 quinquaginta
2602 2994 2712 3040 tres
2733 2986 2806 3057 in
2845 2984 3118 3040 fornacem
3148 2984 3378 3055 cenjecti
3408 2989 3527 3057 glo-

1946 3059 2089 3113 riose
2117 3054 2506 3111 occubuerunt.
2538 3054 2671 3110 Hinc
2695 3056 2934 3110 cinerum
2965 3054 3444 3111 sacrorum'massa
3476 3060 3527 3119 in

1947 3142 2152 3182 summa
2196 3126 2544 3197 veneratione
2571 3126 2775 3197 habita:
2833 3123 2965 3197 Vide
2987 3124 3181 3180 Baron.
3211 3126 3266 3179 in
3304 3125 3525 3197 Martyr.

261 3219 446 3274 presse
488 3202 824 3274 Spiritumﬂa
871 3193 1344 3274 Fili-ooprocedere
1385 3193 1730 3272 scripserunt,
1783 3215 1842 3261 ut
1871 3195 1915 3252 (Σ
1946 3199 2012 3274 ad
2039 3195 2278 3274 diemﬁl
2306 3195 2607 3266 Septemb;
2637 3193 2959 3250 Prudentius
3005 3197 3059 3250 in
3109 3197 3308 3267 hymno
3358 3193 3529 3252 lS’de

298 3273 505 3330 luribus
531 3271 822 3342 exemplis
853 3272 1142 3342 ostendunt
1189 3271 1542 3327 Bellarminus
1588 3275 1677 3329 lib.
1716 3278 1842 3332 nde

257 3340 494 3409 Christo,
534 3358 651 3413 cap.
685 3340 773 3406 i4,
796 3341 893 3413 7‘25,
925 3352 1030 3397 etc.
1078 3340 1198 3413 ‘Lieo
1229 3341 1453 3413 Allatius
1480 3353 1534 3397 et
1561 3343 1672 3400 alii.
1729 3343 1840 3413 Ego

258 3415 312 3468 in
360 3411 1027 3484 reliquis'Aneedotorum
1075 3411 1225 3484 libris
1258 3411 1515 3484 fVenantii
1561 3411 1838 3470 Fortunati

257 3479 660 3555 expositionem
718 3483 770 3536 in
823 3481 1122 3552 symbolum
1167 3479 1837 3555 Quicumque_producani,

256 3570 365 3624 qua
400 3554 545 3608 idem
574 3553 736 3624 etiam
777 3566 1087 3624 expressum
1107 3553 1433 3624 reperietur.
1486 3553 1543 3607 In
1575 3555 1688 3624 alio
1715 3555 1841 3610 item

257 3622 626 3678 vetustissimo
686 3622 1049 3676 Ambrosiam:
1103 3622 1439 3677 bibliotheca:
1487 3623 1672 3680 codice
1718 3634 1843 3681 ante

258 3693 435 3758 mille,
465 3702 521 3748 et
563 3693 742 3762 plures
779 3707 948 3746 annos
972 3692 1194 3761 scripto,
1229 3692 1530 3762 symbolum
1554 3694 1694 3749 idem
1723 3711 1840 3752 sum

258 3772 484 3826 nactus,
519 3763 608 3818 ubi
638 3763 848 3832 vulgata
877 3769 1167 3816 occurrunt
1195 3762 1355 3816 verba
1382 3779 1394 3814 :
1447 3762 1672 3832 Spiritus
1714 3782 1841 3820 sun-

259 3842 376 3886 ctus
400 3851 434 3886 u
464 3832 626 3906 Patre
653 3840 699 3885 et
735 3832 875 3906 Filio
898 3845 1009 3906 non
1042 3833 1230 3906 fagtus,
1263 3849 1364 3906 non
1395 3843 1616 3906 creatus,
1639 3851 1730 3888 nec
1750 3852 1842 3906 ge-

259 3906 424 3974 nitus,
446 3903 538 3957 sed
561 3901 856 3974 procedens.
887 3901 1064 3967 Quare
1092 3901 1471 3974 Crmculoruin,
1504 3901 1844 3974 ipsorumque

257 3971 591 4045 Novatorum
619 3972 891 4041 querelam
917 3972 1200 4045 retundere
1231 3972 1309 4025 fas
1337 3972 1473 4045 erit,
1501 3971 1692 4042 quibus
1717 3971 1842 4045 pur-

257 4043 426 4114 ticula
457 4040 694 4114 Filioque
722 4056 842 4096 sero
866 4040 1044 4114 addita
1065 4042 1299 4114 videtur.
1352 4040 1433 4094 Nil
1463 4040 1639 4114 igitur,
1668 4040 1846 4114 ut'iisu-

256 4113 445 4183 perius
471 4111 833 4178 dixi,'obstat,
864 4111 909 4183 si
939 4111 1077 4180 apud
1108 4120 1348 4183 veterum
1379 4112 1664 4183 nonnullos
1688 4131 1716 4167 e
1736 4113 1844 4168 Pa-

257 4180 636 4254 iIeSpii-itum
682 4181 974 4254 procedere
1021 4180 1580 4254 audiamus,__qunm,
1627 4182 1760 4254 licet,
1779 4185 1845 4239 de

255 4251 403 4308 Filio
425 4250 694 4322 sileatur,
718 4250 847 4305 nihil
887 4250 938 4322 in
981 4266 1081 4305 nos
1110 4266 1294 4322 eorum
1325 4251 1595 4322 silentium
1622 4250 1840 4322 puguet.

254 4322 358 4378 Sic
413 4321 749 4392 Bachiarium
810 4320 1085 4392 audiemus
1139 4321 1562 4392 antiquissimum
1604 4320 1843 4392 philoso-

295 4393 450 4457 hum,
481 4393 571 4462 qui
600 4391 782 4446 seculo
811 4390 1027 4462 Christi,
1058 4399 1314 4459 quantum
1336 4406 1403 4444 ex
1431 4389 1707 4462 Gennadio
1735 4395 1844 4450 col-

278 4465 434 4531 igere
480 4461 761 4531 possumus
783 4500 799 4524 ,
848 4461 1037 4582 quinto
1082 4462 1332 4524 llorebat,
1382 4461 1432 4514 in
1461 4461 1718 4530 Apologia
1746 4481 1842 4519 sua

278 4532 465 4582 Patris.
493 4548 598 4582 non
627 4547 756 4582 vero
779 4529 849 4582 Fi
872 4531 908 4582 ii
937 4531 1262 4582 meminisse.
1313 4529 1460 4582 Hanc
1491 4533 1618 4582 item
1641 4534 1811 4582 Annln
1830 4565 1842 4576 .

251 4529 598 4596 Patris,'non
627 4547 756 4602 vero
779 4529 908 4584 Fifii
937 4531 1262 4602 meminisse.
1313 4529 1460 4585 Hanc
1491 4529 1618 4586 item
1641 4529 1811 4602 Apulo
1830 4565 1842 4576 -

252 4603 406 4672 giam
453 4602 504 4656 in
556 4601 845 4672 Anecdotis
895 4599 1526 4672 meisiveluti_cximium
1561 4599 1843 4659 vetustatis

251 4670 522 4727 arcanum
552 4672 662 4727 Deo
690 4671 902 4726 favente
932 4671 1216 4727 Drolcram.
1248 4670 1380 4724 llluil
1409 4673 1568 4726 etiam
1599 4674 1842 4727 animad-

252 4687 522 4727 arcanum
552 4685 662 4727 Deo
690 4685 902 4726 tavente
915 4685 1216 4791 lproteram.
1249 4685 1380 4724 quit
1409 4685 1568 4726 etiam
1599 4685 1842 4727 ammad-

252 4742 403 4796 verti
450 4742 503 4814 in
547 4741 894 4814 expositione
960 4739 1064 4794 idei
1088 4782 1103 4806 ,
1133 4756 1261 4814 quae
1281 4741 1420 4795 inter
1442 4741 1499 4796 S.
1533 4738 1844 4814 Hieronymi

251 4826 434 4881 Opera
483 4811 727 4873 habetur,
780 4811 1081 4882 Rulinoque
1126 4812 1440 4882 presbytero
1487 4811 1842 4882 adjudicatur,

253 4883 559 4954 itidemque
583 4883 638 4954 in
659 4881 922 4954 symbolo,
947 4881 1089 4948 quod
1110 4881 1473 4954 aquibuslam
1496 4881 1842 4954 Hieronymo,

251 4952 333 5005 ab
367 4949 483 5005 aliis
505 4949 753 5019 Pelagio,
786 4959 840 5004 et
882 4950 932 5003 in
960 4949 1325 5005 vetustiSsiino
1356 4949 1721 5007 Ambrosianzu
1749 4970 1842 5007 co-

251 5020 389 5092 dice
431 5035 578 5092 papa:
622 5020 875 5092 Damaso‘
903 5020 1171 5092 tribuitur,
1222 5036 1327 5074 non
1368 5021 1489 5075 addi
1525 5024 1843 5092 particulam

251 5090 524 5162 Filioque,
555 5091 657 5171 uti.
681 5090 950 5171 volumina
993 5091 1132 5171 typis
1159 5093 1468 5171 consignata
1501 5090 1720 5171 habent,
1751 5095 1845 5171 sed

251 5175 392 5216 eam
418 5161 448 5215 a
474 5161 689 5230 nuperis
716 5161 1136 5228 exscriptoribus
1165 5161 1384 5215 nimium
1400 5161 1728 5230 scrupulosis
1749 5165 1844 5216 ad-

252 5231 482 5301 iectam.
511 5230 710 5285 Verum
734 5230 989 5301 lectorem
1011 5230 1104 5301 ad,
1127 5232 1420 5286 secundum
1446 5231 1846 5288 Anecdotorinn

254 5300 520 5356 volumen
565 5301 804 5364 remitto,
856 5300 944 5354 ubi
988 5300 1056 5354 de
1097 5300 1179 5355 his
1207 5301 1392 5355 fusius.
1425 5301 1574 5356 Nunc
1599 5303 1844 5356 animad-

252 5371 492 5425 vertisse
536 5368 767 5427 sufﬂciat
819 5368 1096 5440 Paulinum
1133 5371 1275 5425 hunc
1299 5371 1358 5424 8.
1384 5371 1613 5440 Spiritus
1641 5388 1671 5425 e
1713 5372 1847 5427 ΕΙξο

253 5455 578 5567 parloeessum
628 5441 755 5495 alibi
795 5438 1099 5506 allirmare,
1149 5438 1526 5509 siquidem‘ita
1555 5443 1698 5496 canit
1739 5442 1846 5495 Na-

395 5526 486 5565 ix:

395 5526 486 5565 ιιε

326 5604 564 5666 Spiritum
588 5603 651 5652 ab
674 5605 884 5665 unigena
909 5611 1146 5667 sanctum,
1174 5611 1224 5654 et
1248 5605 1393 5654 Patre
1419 5606 1781 5667 [rocedentem

255 5690 386 5768 [loc
415 5696 495 5768 e_s_t
523 5705 555 5741 a
581 5688 726 5768 prole
751 5689 996 5768 unigena,
1027 5703 1146 5768 qua:
1170 5687 1272 5768 alia
1303 5703 1412 5768 non
1439 5693 1540 5768 est,
1570 5687 1842 5768 quam_Fi-

254 5763 392 5817 lius.
443 5758 558 5814 Hoc
597 5766 744 5812 certe
782 5762 948 5812 miror
987 5759 1121 5812 tanti
1165 5759 1444 5826 scriptoris
1484 5758 1847 5813 testimonium

257 5829 401 5888 nulli
432 5831 776 5885 observatum
802 5828 982 5900 fuisse.
1017 5828 1385 5883 Munnomvs.

594 5921 866 5982 Pi'rnot.
903 5919 1078 5982 LXI.

1943 3266 2418 3401 8.9E31pior3lugtidor
2441 3336 2584 3401 habet
2600 3374 2614 3399 ,
2634 3335 2812 3401 candor
2835 3336 2973 3401 vehit
2995 3335 3051 3383 ad
3077 3349 3288 3398 superna
3314 3343 3528 3401 montes,

2009 3399 2217 3448 Candida
2245 3412 2396 3446 massa
2422 3398 2606 3446 dehinc
2623 3398 2718 3445 d.ci
2745 3400 2925 3447 .neruit
2949 3411 3039 3460 per
3061 3409 3206 3445 omne
3230 3398 3446 3447 saeclum.

1946 3459 2319 3514 MURATOML‘S.

2015 3534 2092 3600 (g)
2120 3529 2256 3583 Mur.
2306 3523 2474 3584 cod'ex
2511 3527 2767 3583 mendose
2806 3527 2968 3583 habet
2990 3544 3148 3581 unum
3181 3529 3385 3582 etenim.
3418 3529 3530 3585 Νυ-

1945 3608 2057 3654 ster
2087 3608 2235 3653 recte
2254 3615 2387 3652 unus
2415 3600 2572 3652 enim.

2015 3670 2094 3742 (Ii)
2112 3667 2305 3742 Noster
2317 3667 2438 3742 c_od.
2457 3669 2581 3722 alto.
2601 3665 2706 3722 Sed
2719 3667 2820 3737 leg.
2839 3671 3089 3742 estaltos,
3104 3668 3366 3742 utincod.
3383 3669 3526 3742 Mur.

2019 3737 2082 3810 (ὅ)
2114 3737 2192 3793 Ita
2217 3754 2303 3810 me
2328 3737 2469 3810 Deus
2495 3745 2658 3801 amet,
2685 3753 2848 3808 quum
2869 3737 3127 3810 Paulinus
3153 3738 3396 3810 religioni
3425 3740 3529 3810 sibi

1945 3807 2333 3878 aliquantulum
2357 3807 2599 3875 duceret,
2623 3817 2837 3862 sanctos
2866 3808 2917 3862 in
2952 3809 3086 3863 vivis
3114 3818 3334 3876 agentes
3362 3809 3532 3865 laudi-

1946 3879 2044 3934 bus
2078 3879 2340 3948 extollere
2365 3917 2379 3943 ,
2424 3878 2576 3948 quod
2623 3878 2813 3931 saltem
2845 3879 3048 3948 potuit,
3080 3881 3241 3948 tacite
3271 3879 3528 3934 laudavit.

1947 3948 2042 4002 Hic
2073 3949 2254 4017 itaque
2302 3947 2364 4002 8.
2407 3945 2754 4014 Augustinum
2781 3985 2795 4009 ,
2836 3945 2926 4017 qui
2982 3957 3093 4002 tum
3128 3945 3529 4016 llipponensem

1947 4018 2153 4091 urbem,
2169 4015 2340 4091 immo
2373 4026 2542 4070 totum
2565 4018 2760 4091 orbem
2775 4015 3037 4091 Δυενὺοιιιιιε
3065 4015 3266 4091 ﬁdeque
3285 4017 3532 4091 illustra-

1947 4088 2058 4153 bat,
2088 4086 2235 4140 innui
2267 4095 2415 4139 certo
2445 4087 2645 4140 certius
2675 4086 2924 4149 arbitror,
2955 4086 3018 4142 'et
3059 4086 3198 4142 forte
3226 4087 3387 4141 etiam
3420 4087 3530 4140 Ali-

1948 4157 2091 4227 pinm
2119 4155 2388 4224 egregium
2413 4155 2602 4218 virum,
2634 4169 2697 4210 ac
2711 4156 3126 4227 _tum_temporis
3147 4153 3537 4227 Tagastenscm

1945 4222 2255 4296 episcopum
2273 4264 2287 4286 ,
2327 4239 2680 4296 quos__omnes
2711 4222 2978 4296 Paulinus;
2991 4232 3153 4296 agcta‘
3165 4222 3530 4296 familiaritate

1945 4292 2684 4367 complectebatur.__Consule
2706 4294 3002 4360 Augustini,
3029 4292 3342 4362 Paulinique
3365 4309 3533 4367 amm-

1947 4362 2091 4420 bteas
2118 4365 2393 4420 epistolas.
2425 4362 2792 4420 Munuonws.

2022 4435 2089 4506 (j)
2122 4432 2272 4506 ilunc
2320 4449 2532 4488 versum
2578 4441 2635 4487 et
2675 4432 2707 4486 5
2733 4441 3023 4506 sequentes
3077 4434 3210 4490 citat
3239 4433 3528 4504 Dungalus.

2022 4504 2094 4586 (Β)
2127 4504 2412 4586 Doctorem
2445 4511 2669 4586 tantum
2707 4505 3026 4586 nullusnest
3053 4519 3122 4559 ex
3150 4505 3404 4586 antiquis.
3425 4507 3528 4586 qui

1878 4565 1923 4624 Ι)
1947 4565 2120 4644 dignis
2163 4590 2270 4644 non
2313 4571 2565 4628 extulerit
2599 4573 2864 4644 laudibus.
2897 4571 3070 4627 Unum
3093 4565 3386 4644 producam
3425 4565 3533 4631 Ve-

1948 4642 2188 4702 na'ntium
2213 4643 2566 4699 Fortunatum
2600 4642 2691 4696 lib.
2719 4659 2831 4709 vni,
2882 4658 3048 4698 carm.

3131 4683 3145 4709 ,
3179 4653 3239 4702 ut
3265 4644 3381 4715 ejus
3409 4646 3530 4702 vul-

1946 4715 2062 4771 neri
2087 4729 2245 4784 opem
2271 4716 2458 4768 feram.
2492 4711 2847 4768 Commendat
2873 4714 2963 4768 ille

2038 4828 2268 4892 Vitalem,
2297 4837 2346 4892 et
2370 4825 2609 4892 reliquos,
2631 4840 2756 4892 quos
2772 4839 2885 4892 cara
2908 4825 3135 4892 Ravenna
3161 4827 3377 4888 sepullat

2100 4890 2411 4949 Gerunsiuin,
2439 4889 2743 4936 Ambrosium
2772 4889 3046 4938 Mediolano
3071 4895 3226 4937 tuum.

1950 4995 2218 5050 Hactenus
2262 4994 2550 5064 depravata
2601 4993 2788 5056 lectio;
2839 4994 2933 5048 sed
2981 5009 3047 5048 ex
3093 4995 3282 5050 codice
3321 4995 3526 5063 optimo

1947 5065 2316 5120 Ambrosianze
2338 5063 2698 5118 bibliothecae
2747 5064 3028 5118 lectionem
3056 5065 3343 5131 genuinam
3374 5065 3542 5126 restio,

1950 5143 2071 5190 tuo:
2106 5133 2430 5198 Gerbasium,
2453 5132 2797 5196 Ambrosium,
2816 5142 2944 5199 etc.,
2970 5133 3176 5189 scilicet
3199 5133 3254 5187 8.
3287 5132 3528 5186 Gervasii
3564 5152 3566 5154 ν

1948 5204 2276 5262 Fortunatus
2305 5203 2550 5272 meminit
2575 5245 2589 5268 ,
2637 5201 2788 5271 cujus
2815 5218 3012 5272 corpus
3037 5202 3105 5256 ab
3128 5201 3413 5258 Ambrosio
3442 5217 3529 5255 re-

1949 5284 2158 5345 pertum
2189 5273 2440 5345 Paulinus
2462 5271 2603 5345 infra
2632 5271 3315 5345 memorat.i_Munuonws.

2024 5346 2086 5414 (l)
2121 5344 2199 5398 Ad
2233 5344 2288 5398 8.
2319 5342 2532 5399 Martini
2563 5343 2878 5414 memoriam
2917 5342 3280 5396 illustrandum
3306 5348 3531 5414 nonest

1948 5409 2124 5484 meum
2153 5415 2304 5484 plura
2325 5426 2659 5484 congerere._
2671 5411 2918 5480 Ejusdem
2944 5426 3029 5484 res
3048 5418 3225 5478 gestas
3251 5425 3281 5463 a
3306 5409 3532 5484 Paulino

1951 5480 2312 5546 Petricordio,
2359 5480 2598 5550 Sulpicio
2629 5481 2862 5545 Severo,
2912 5480 3138 5551 aliisque
3167 5480 3371 5547 magnis
3399 5482 3533 5534 seris

1951 5555 2198 5624 ptoribus
2225 5562 2370 5625 pete.
2421 5551 2565 5625 Satis
2593 5553 2662 5604 sit
2688 5551 2974 5606 adnotasse
2992 5551 3195 5625 paucis
3224 5558 3360 5625 ant_e_
3373 5552 3532 5625 annis

1949 5618 2154 5689 lautum
2189 5618 2356 5678 virum
2395 5621 2465 5675 ad
2505 5636 2729 5690 superos
2765 5618 3112 5690 concessisse.
3145 5618 3245 5673 An.
3278 5619 3420 5690 7597,
3463 5636 3533 5674 an

1951 5710 2079 5749 vero
2109 5694 2211 5748 400
2250 5701 2343 5746 aut
2371 5689 2494 5755 401,
2538 5688 2586 5745 is
2611 5705 2780 5744 annus
2805 5688 2965 5744 fuerit
3006 5689 3383 5759 inquirendum
3412 5691 3534 5746 aliis

1953 5765 2220 5830 relinquo.
2244 5762 2613 5830 Munnonws.

2025 5826 2126 5902 (ml
2151 5833 2282 5886 Mur.
2299 5829 2441 5896 cod.,
2467 5828 2768 5899 Aquitanica
2780 5846 2799 5894 ;
2829 5837 3011 5885 noster
3034 5826 3342 5896 Aquitania:
3371 5843 3532 5899 quam

3170 5919 3246 5978 17
