4008 6346
581 321 682 376 5‘23

582 463 684 517 1ὗῦ
723 462 991 530 multaque
1020 471 1276 532 prmterea
1305 477 1403 532 per
1428 463 1643 518 easdem
1674 463 1897 533 largiter
1925 479 2048 518 oras

720 555 936 609 Semina
963 563 1268 609 sanctorum
1297 556 1486 626 positis
1515 555 1704 611 dill'usa
1734 557 1999 628 sepulcris

715 646 989 700 Illustrant
1013 653 1184 700 totum
1207 647 1414 716 superis
1435 647 1726 703 virtutibus
1749 649 1956 713 orbem,

719 735 786 790 Et
814 745 928 791 toto
957 737 1234 805 antiquum
1263 737 1556 792 detrudunt
1583 739 1714 792 orbe
1744 737 2052 806 draconem,

719 830 818 896 Qui
865 843 1035 896 genus
1078 831 1371 885 humanum
1422 846 1521 902 per
1576 833 1792 886 nomina
1843 832 1990 885 mille
2030 832 2162 886 deo-

1819 923 1959 996 [τωιι
1990 921 2088 994 (τι),

581 1016 681 1070 160
715 1016 842 1083 Qum
871 1024 1049 1071 tamen
1079 1034 1146 1072 ex
1175 1016 1337 1073 obitis
1367 1017 1685 1071 mortalibus
1725 1026 1779 1070 et
1811 1017 1911 1070 sibi
1935 1015 2162 1085 sumpsit

721 1109 835 1179 Ipse
859 1150 872 1172 ,
924 1110 1143 1178 suisque
1189 1109 1336 1163 dedit
1374 1109 1617 1175 coiuber,
1669 1108 1865 1176 Quibus
1901 1115 2019 1176 arte
2059 1121 2159 1159 no-

1901 1199 2088 1272 .[cendi

720 1295 974 1364 Princeps
1001 1295 1053 1348 in
1083 1309 1252 1348 vacuo
1283 1301 1479 1347 tetrum
1509 1291 1650 1360 gerit
1677 1304 1803 1345 aere
1828 1301 2086 1357 regnum,

718 1386 1164 1455 Dtemonibusque
1185 1394 1344 1456 caput
1373 1384 1529 1438 nobis
1557 1383 1804 1437 inimicus
1832 1382 2068 1436 oberrat.

714 1481 802 1536 Sic
835 1480 907 1553 (b)
942 1481 1122 1550 itaque
1147 1488 1202 1533 et
1249 1486 1431 1533 nostra
1472 1477 1586 1532 hinc
1623 1473 1822 1530 Christi
1851 1473 2161 1528 miserantis

1874 1565 2093 1639 [amore

575 1666 676 1721 165
712 1666 904 1722 Felicis
931 1665 1127 1720 meruit
1155 1663 1351 1718 muniri
1381 1661 1514 1717 Nola
1542 1661 1814 1732 sepulcro,

715 1758 1042 1828 Purgarique
1069 1756 1248 1819 simul,
1281 1755 1406 1824 quia
1433 1755 1591 1808 caecis
1616 1753 1784 1806 mixta
1813 1750 1984 1805 ruinis

714 1850 892 1916 Orbis,
924 1857 978 1903 et
1008 1850 1122 1918 ipsa
1146 1847 1306 1902 simul
1331 1843 1402 1916 (c)
1427 1847 1662 1900 moriens
1683 1847 1736 1899 in
1760 1851 1916 1898 nocte
1941 1841 2158 1913 jaeebat

711 1941 975 1996 Saxicolis
1000 1939 1204 2010 polluta
1231 1938 1324 1994 diu
1351 1938 1668 2006 cultoribus,
1700 1936 1753 1991 in
1782 1951 1888 2005 qua

717 2031 1081 2088 Prostibulum
1120 2029 1348 2085 Veneris
1394 2029 1489 2101 (ά)
1539 2029 1736 2097 simul,
1765 2035 1841 2101 Aet
1889 2025 2158 2101 dementia

1763 2097 1981 2173 [Bacchi
2015 2099 2086 2168 (ε)

572 2219 859 2275 lectionem
881 2219 1072 2288 probo.
1097 2217 1366 2288 Dungalus
1387 2224 1568 2288 tamen
1590 2215 1719 2285 legit
1738 2216 2069 2288 Aquitanica.
2089 2244 2159 2257 —-—

572 2285 981 2359 Burdegalensis
1018 2285 1304 2359 episcopus
1347 2285 1806 2359 fuitrDelphinus,’
1841 2285 2157 2359 Paulinique

571 2362 740 2414 nostri
758 2357 1061 2414 admodum
1079 2357 1372 2412 familiaris.
1400 2357 1476 2410 Ad
1504 2357 1652 2411 illum
1678 2357 1970 2411 etiamnum
1997 2358 2156 2426 quin-

569 2446 674 2500 que
700 2430 908 2484 Paulini
935 2429 1176 2500 epistolze
1203 2437 1443 2493 exstant,
1479 2428 1531 2482 in
1561 2427 1715 2500 queis
1735 2429 1898 2500 etiam
1931 2436 2158 2500 testatur

568 2497 730 2571 poeta
759 2509 943 2554 noster
963 2497 1022 2571 se
1043 2499 1118 2571 ab
1141 2499 1246 2571 hoc
1273 2500 1390 2552 viro
1420 2507 1606 2571 sancto
1635 2498 1989 2571 baptizatum.
2022 2497 2156 2571 ilinc

569 2567 746 2626 autem
777 2572 922 2624 disce
963 2569 1282 2638 Delphinum
1311 2584 1453 2623 anno
1481 2567 1679 2621 Christi
1705 2567 1812 2638 40$
1837 2569 1977 2623 inter
2003 2568 2156 2624 vivos

569 2658 675 2695 non
697 2636 1190 2710 exstitisse,quippe
1212 2639 1360 2693 viros
1382 2639 1679 2710 sanctitatis
1700 2636 1845 2692 fama
1875 2647 1993 2710 post
2009 2654 2159 2710 inor-

569 2720 676 2765 tem
700 2711 986 2780 pricelaros
1009 2708 1132 2766 hic"
1161 2718 1368 2764 tantum
1398 2709 1653 2763 Paulinus
1681 2717 1946 2763 recenset.
1977 2708 2157 2764 Muna-

569 2797 776 2836 TORIUS.

640 2869 716 2928 (α)
746 2859 970 2914 Videtur
998 2859 1201 2929 aliquid
1231 2858 1543 2914 desiderari.

641 2939 1155 3010 {biHuncversum
1198 2945 1253 2991 et
1273 2945 1388 2992 tres
1434 2939 1526 3006 qui
1574 2939 1818 3008 proxime
1859 2949 2156 3010 sequuntur

568 3009 699 3064 citat
725 3009 1010 3077 Dungalus.

643 3087 712 3155 (c)
743 3085 927 3158 Codex
970 3095 1156 3158 noster
1198 3085 1456 3158 mendose
1497 3085 1666 3158 habet
1694 3088 1808 3156 jam
1849 3103 1947 3158 pro
1976 3090 2148 3143 simul.

570 3154 860 3210 Emendavi
891 3172 956 3210 ex
982 3155 1116 3209 Mur.
1150 3156 1355 3210 codice.
1387 3154 1541 3224 Apud
1571 3154 1867 3224 Dungaluni
1893 3159 2152 3214 mendose

570 3226 763 3294 legitur
789 3225 964 3288 Orbis,
990 3235 1038 3279 et
1060 3226 1172 3295 ipsa
1201 3227 1426 3279 moriens
1455 3227 1508 3278 in
1538 3235 1686 3278 nocte
1711 3227 1940 3296 jacebat.

641 3306 719 3376 (τι)
748 3305 910 3361 Vetus
935 3305 1163 3372 aenigma
1194 3305 1260 3358 de
1289 3303 1519 3376 quadam
1540 3375 1545 3376 ί
1569 3305 1792 3376 muliere
1828 3307 2011 3363 Clodia
2050 3327 2154 3364 no-

568 3373 711 3446 mine
737 3384 1051 3446 usurpatum
1069 3376 1273 3446 legitur
1298 3392 1309 3426 :
1343 3373 1408 3428 In
1432 3375 1655 3428 triclinio
1681 3375 1803 3442 Coa,
1840 3378 1896 3431 in
1922 3381 2152 3436 cubiculo

568 3445 730 3500 Nola.
763 3445 919 3518 Quod
950 3445 1285 3518 eruditorum
1301 3446 1661 3518 Aconsensuﬁnil
1688 3447 1833 3501 aliud
1857 3451 2148 3518 portendit,

569 3533 727 3589 quant
753 3517 996 3572 Clodiam
1037 3515 1382 3589 itt_tric|ir_tio,
1425 3517 1771 3589 convivisque
1805 3515 2003 3575 lascivo
2032 3515 2147 3589 ore,

568 3586 854 3661 verbisque
894 3587 1210 3661 procacibus
1237 3587 1314 3640 sic
1343 3600 1512 3661 usam,
1537 3594 1609 3661 _u_t_
1633 3586 1920 3655 Venerem,
1949 3607 2068 3661 qua:
2097 3586 2149 3647 in

569 3657 741 3709 insula
760 3655 875 3710 Coo
907 3657 1203 3718 colebatur,
1234 3657 1446 3724 penitus
1468 3656 1785 3724 exhiberet;
1818 3662 1871 3712 in
1897 3655 2150 3717 cubiculo

569 3741 698 3779 vero
728 3727 781 3779 in
805 3742 964 3780 omne
992 3726 1225 3780 libidinis
1257 3740 1425 3793 genus
1453 3725 1782 3780 Nolanorum
1819 3746 1972 3784 more
2001 3733 2151 3786 incu-

569 3796 766 3850 buisse.
814 3794 880 3848 Et
909 3811 1096 3850 revera
1128 3794 1328 3867 Nolana
1371 3797 1586 3867 lascivia
1619 3798 1669 3850 in
1701 3798 1950 3867 adagium
1978 3811 2150 3857 trans-

567 3867 684 3944 lata
722 3874 837 3944 est,
868 3882 930 3944 ac
961 3866 1541 3944 pi'oliterea-AuSOItius
1573 3868 1623 3944 in
1650 3866 1826 3944 epigr.
1857 3871 2149 3944 7berispae

566 3937 778 3992 cuidam
805 3936 1130 3992 foedissimus
1161 3937 1347 4006 objicit
1369 3951 1579 3991 amores
1609 3939 1754 3993 hisce
1787 3941 1964 3997 verbis
1991 3960 2003 3995 :

720 4051 780 4102 Et
795 4056 945 4116 'quam
966 4051 1164 4101 Nolanis
1187 4051 1409 4114 capitalis
1431 4051 1575 4102 luxus
1601 4057 1788 4104 inussit.

563 4158 821 4235 Qatnpani
849 4165 1026 4235 autem
1053 4157 1256 4235 populi,
1290 4158 1430 4212 inter
1455 4173 1590 4229 quos
1613 4160 1818 4235 Nolani,
1852 4164 2148 4235 antiquitus

563 4227 705 4282 Osci
731 4227 1158 4299 appellabantur,
1210 4229 1315 4284 hoc
1361 4237 1444 4284 est
1475 4227 1636 4299 quasi
1675 4233 1899 4298 obsceni,
1931 4227 2147 4292 ut'Por-

562 4299 838 4368 phyrionis
859 4300 1214 4367 antiquissimi
1241 4299 1546 4368 Scholiastis
1573 4303 1737 4357 verba
1766 4303 1832 4356 ad
1865 4303 2144 4362 Horatium

564 4376 857 4433 testantur;
897 4369 1203 4452 etulfestus
1247 4367 1399 4423 Oscis
1445 4370 1932 4452 frequentissimum
1983 4373 2146 4452 fuisse

561 4453 872 4512 spurcat-um
897 4439 1174 4512 libidinum
1193 4439 1760 4512 _usum‘asserit._Jure
1790 4445 1974 4512 itaque
2007 4444 2146 4500 Pau-

563 4507 703 4562 linus
737 4507 882 4561 Nulaz
922 4509 1152 4578 positum
1191 4507 1406 4564 Veneris
1434 4510 1774 4579 prostibulum
1798 4507 1989 4581 inquit.
2024 4515 2138 4571 Mu-

563 4593 839 4632 ιιΑτοιιιυδ.

637 4647 706 4717 (e)
739 4647 1057 4724 Ambrosius
1076 4648 1307 4724 Leo'lib.
1328 4666 1411 4724 1n,
1439 4665 1558 4720 cap.
1594 4652 1690 4705 ult.
1723 4652 1790 4707 de
1811 4653 1964 4708 Nola.
1993 4653 2144 4724 Ejus»-

561 4717 684 4793 dcm
713 4719 965 4793 regionis
1009 4720 1334 4793 vindemiam
1361 4717 1635 4793 eleganter
1662 4726 1949 4793 expressit.
2002 4717 2143 4782 Inter

560 4789 662 4841 alia
713 4783 828 4868 haec
873 4783 947 4868 ait
970 4790 1081 4868 {At
1119 4806 1234 4868 vero
1273 4783 1662 4848 vindeniialores
1689 4783 1761 4847 ea
1779 4796 1888 4860 die,
1921 4813 2019 4868 qua
2047 4816 2140 4868 pro

561 4875 752 4927 quoque
783 4857 1086 4932 i_indemiam
1115 4860 1344 4932 faciunt,
1385 4869 1535 4932 atque
1567 4881 1658 4932 per
1686 4874 1846 4923 totum
1874 4857 2141 4923 euidentia:

559 4940 755 5010 (emptis
772 4928 1267 5010 _B_accho‘deopleni
1293 4947 1424 4994 esse,
1447 4928 1507 4984 ac
1536 4928 1705 5004 [urere
1716 4953 1939 5010 prorsus
1963 4939 2139 4995 viden-

559 4997 665 5051 tur.
691 4997 883 5052 Subdit
909 5015 919 5050 :
952 4997 1165 5053 Clamor
1188 5017 1303 5054 vero
1333 4997 1545 5070 captum'
1561 4997 1762 5058 omnem
1804 5006 2021 5061 hominis
2043 5027 2137 5062 su—

556 5078 721 5137 perat,
753 5078 904 5138 atque
924 5070 1121 5140 quinia:
1150 5070 1473 5125 audientibus
1504 5075 1746 5140 creditur,
1776 5094 1897 5130 nam
1923 5081 2136 5134 omnino

555 5140 836 5208 furentium
864 5147 957 5218 est.
992 5138 1206 5218 Inagro
1234 5142 1354 5218 quin
1385 5143 1560 5218 etiam,
1594 5145 1649 5218 in
1672 5138 1776 5216 quo
1798 5149 2132 5218 vindemiant,

555 5207 754 5284 semper
801 5207 1098 5279 pudibunda
1115 5207 1486 5284 'vindemiando
1518 5207 1835 5284 iactatiiant,
1885 5207 2138 5274 obscenis1

553 5282 710 5359 simas
741 5290 1185 5359 quasqueyartes
1210 5283 1338 5359 ⁸σειὶι
1379 5283 1669 5339 nominibus
1714 5282 2132 5359 pronuntiantes,

567 5349 782 5404 Veneres
825 5349 901 5424 vel
941 5350 1334 5424 obscenissimas
1358 5369 1436 5424 Ase
1483 5363 1664 5424 optare
1706 5349 2018 5423 exclamant,
2046 5349 2133 5416 eas

553 5429 783 5490 iactant,
821 5422 1150 5488 minitantur,
1191 5429 1294 5477 etc.
1343 5421 1475 5489 Quis
1516 5421 1668 5481 certe
1704 5429 1949 5483 crederet
1984 5421 2048 5486 iis
2078 5433 2130 5489 in

553 5490 662 5543 oris
693 5499 869 5565 tantas
912 5492 1215 5546 ethnicismi
1259 5493 1511 5565 reliquias
1557 5496 1758 5550 tamdiu
1801 5499 2039 5565 durasse,
2075 5512 2134 5559 ut

480 5589 482 5591 ›
554 5569 735 5634 nostra
765 5563 828 5634 ad
853 5577 1020 5634 usque
1045 5572 1283 5631 tempora
1313 5563 1419 5617 illic
1457 5565 1604 5632 orgia
1630 5563 2043 5634 celebrarentur,
2077 5582 2131 5626 et

553 5629 652 5682 sub
679 5623 991 5685 Christian-is
1025 5623 1229 5686 mutato
1258 5641 1463 5686 tantum
1499 5623 1715 5689 nvomine
1753 5637 2008 5696 Bacchius
2032 5623 2128 5696 'ch

555 5698 785 5775 l_eretu_r:!
817 5697 961 5775 Proh
979 5718 1240 5775 sut‘nm_utn
1261 5703 1526 5759 dedecus!
1562 5706 1725 5769 Quale
1743 5710 1896 5775 enim,
1929 5719 1983 5764 ut
2003 5728 2124 5769 cum

554 5766 881 5825 Tertulliano
911 5771 1001 5828 lib.
1035 5771 1101 5827 de
1129 5771 1252 5829 Cor.
1277 5775 1419 5845 mil.,
1450 5766 1655 5848 cap.'6,
1688 5766 1894 5850 loquar,
1929 5766 2120 5842 haben;

1460 323 1523 378 ‘S.
1569 323 1839 379 PAULI“
1882 323 2128 378 NOLANI
2169 325 2472 380 EHSCOPI
2517 325 2866 381 POEMATA.

3689 333 3801 406 5n:

2186 447 2228 503 Α
2263 441 2362 493 170
2401 442 2626 496 Numina
2659 446 2726 514 (f)
2750 452 2904 498 erant
2933 443 3142 497 miseris
3163 482 3178 507 ,
3212 442 3454 512 fmdoque
3486 445 3670 502 nefaria
3705 453 3789 506 ritu

2402 541 2565 596 Sacra
2597 543 2905 598 celebrabat
2930 542 3132 596 sociata
3164 543 3326 597 libido
3347 541 3524 597 furori.

2404 643 2468 696 Et
2497 644 2625 712 quis
2653 653 2770 698 erat
2816 644 2938 698 vitae
2966 645 3114 698 locus
3143 645 3227 700 hic
3250 686 3264 710 ,
3309 647 3398 700 ubi
3427 663 3522 701 nec
3549 649 3701 717 pudor
3724 669 3790 706 us.

3557 747 3736 819 [quam,

2412 833 2518 888 Nec
2565 843 2740 890 metus
2787 835 2926 888 ullus
2969 837 3128 889 erat?
3157 834 3288 902 Quis
3327 837 3465 891 enim
3513 854 3714 908 peccare
3743 844 3794 895 ti-

3577 951 3722 995 meret

3577 951 3722 995 meret

2412 1022 2508 1078 Hic
2537 1025 2624 1079 ubi
2650 1026 2973 1093 sanguineus
2998 1025 3166 1089 furor,
3195 1035 3356 1096 atque
3382 939 3574 1082 incesti
3604 983 3745 1086 libido

2265 1116 2366 1177 {7'5
2407 1124 2720 1194 Reliigionis
2747 1138 2900 1180 erant
2932 1126 3025 1196 (g),
3055 1137 3108 1182 et
3138 1137 3257 1182 erat
3285 1145 3380 1198 pro
3404 1130 3610 1186 numine
3629 1133 3798 1189 crimen

2391 1225 2498 1280 illis
2524 1228 2612 1296 qui
2655 1227 2993 1281 crediderant
3037 1244 3155 1282 esse
3196 1229 3360 1282 ullum
3414 1231 3464 1284 in
3495 1232 3696 1287 crimine
3715 1249 3798 1286 nu-

3469 1319 3616 1392 [men
3645 1319 3743 1391 (in

2402 1405 2753 1478 ἀει-462
2801 1406 2973 1474 Atque
3019 1418 3135 1461 erat
3179 1409 3230 1463 in
3271 1418 3385 1465 toto
3421 1412 3567 1478 quasi
3599 1414 3798 1467 sanctior

2439 1511 2442 1514 ’
3323 1513 3548 1583 [agmine
3573 1513 3741 1579 cultor,

2403 1599 2503 1664 Qui
2532 1592 2760 1653 Veneris
2788 1600 2958 1653 sacris
2983 1600 3242 1670 pollutius
3271 1603 3586 1657 incaluisset.

2407 1697 2600 1753 Plenus
2643 1708 2699 1754 et
2750 1700 2809 1770 (i)
2862 1701 2951 1754 ille
2991 1700 3121 1766 Deo,
3153 1702 3475 1771 reliquisque
3514 1706 3702 1760 beatior
3725 1704 3796 1762 es;

3543 1801 3738 1871 [setij,

2265 1885 2366 1939 180
2404 1885 2506 1952 Qui
2535 1889 2701 1956 magis
2724 1887 2900 1944 infuso
2927 1890 3028 1944 sibi
3057 1890 3304 1945 daemone
3329 1893 3516 1948 suvius
3540 1895 3587 1948 in
3615 1910 3666 1948 se

2405 1988 2792 2061 Desipiens(k),
2811 1993 3151 2061 propriisque
3181 1993 3342 2051 litans
3370 1993 3568 2049 furialia
3594 2011 3722 2050 sacra
3743 1995 3790 2064 (l)

2403 2089 2722 2146 Vulneribus
2749 2108 2936 2147 sanam
2967 2095 3252 2150 meruisset
3281 2095 3498 2166 perdere
3524 2107 3743 2151 mentem.

2260 2237 2380 2311 dum
2398 2246 2476 2311 est
2496 2233 2636 2311 apud
2659 2234 2888 2294 homines
2909 2241 3014 2311 veri
3037 2236 3155 2302 Dei,
3189 2239 3326 2311 quod
3354 2256 3385 2293 a
3414 2240 3683 2294 candidatis
3701 2241 3788 2293 dia-

2260 2305 2360 2361 boli
2390 2305 2775 2380 int:oductum,
2819 2315 2869 2363 et
2918 2310 3044 2380 ipsis
3091 2326 3122 2363 a
3165 2305 3451 2378 primordio
3495 2312 3695 2363 dicatum
3712 2320 3786 2373 est,
3863 2333 3866 2336 ~

2257 2381 2488 2452 quodque
2503 2379 2622 2452 jam
2655 2391 2787 2452 tunc
2817 2379 3130 2452 idolatatritz
3171 2381 3476 2435 initiabatur
3497 2380 3558 2434 ab
3583 2381 3728 2446 idolis,
3751 2389 3787 2432 et

2256 2449 2413 2503 idolis
2441 2451 2608 2502 adhuc
2633 2451 2796 2504 vivis?
2821 2451 3191 2506 MUBATOBIUS.

2339 2520 2404 2589 (1)
2436 2519 2570 2574 Mur.
2603 2520 2725 2576 cod.
2757 2521 2917 2575 habet
2946 2520 3184 2586 Numen;
3213 2531 3398 2577 noster
3427 2520 3659 2577 Numina.

2328 2591 2402 2660 (g)
2435 2589 2721 2664 Mur._cod.
2754 2591 2917 2664 habet
2943 2610 2954 2644 :
2983 2591 3300 2664 Relligiones
3321 2605 3502 2648 erant:
3531 2610 3638 2664 quae
3663 2593 3786 2647 lectio

2257 2673 2386 2714 sane
2431 2661 2685 2734 mendosa
2730 2669 2829 2716 est.
2854 2661 3064 2734 ANosler
3100 2661 3274 2717 codex
3304 2665 3498 2718 habet:
3537 2661 3785 2734 Reliigionis

2256 2739 2385 2782 erat.
2435 2729 2544 2802 _Sed
2594 2732 2659 2784 ad
2709 2732 2864 2785 metri
2911 2734 3174 2787 rationem
3210 2734 3524 2788 servandam
3553 2729 3785 2802 legendum

2258 2810 2388 2872 puto
2422 2799 2726 2872 llelligionis
2756 2811 2928 2856 erant.

2329 2869 2608 2946 (ΙιλΤοιιξε
2638 2873 2736 2946 iste
2765 2887 2968 2939 versus,
3006 2873 3104 2946 liis
3142 2876 3229 2946 qui
3276 2876 3586 2930 crediderant
3611 2890 3704 2927 esse
3720 2873 3784 2946 ul-

2256 2939 2361 2993 lum
2406 2942 2459 2993 in
2507 2942 2722 2995 crimine
2769 2957 2954 2996 numen
2977 2986 2990 3010 ,
3025 2945 3074 2998 in
3106 2939 3300 3001 codice
3328 2946 3590 3000 Muratorii
3618 2947 3689 2998 hic
3709 2943 3782 2995 de-

2257 3018 2374 3064 erat
2403 3029 2414 3063 :
2441 3010 2719 3082 legebatur
2745 3026 2874 3065 vero
2907 3023 3028 3082 post
3061 3030 3276 3069 versum
3317 3015 3438 3080 212,
3470 3017 3579 3070 loco
3605 3013 3782 3069 omnino

2257 3095 2365 3134 non
2395 3097 2513 3134 suo.
2546 3080 2730 3162 itaque
2760 3080 2928 3135 nostri
2958 3085 3158 3140 codicis
3197 3085 3483 3141 lectionem
3508 3093 3697 3141 secutus
3719 3082 3782 3136 hic

2257 3165 2378 3204 eum
2409 3166 2582 3219 posui.

2329 3223 2391 3292 (ἰ)
2417 3220 2827 3292 Νοδιεινυοοάει
2858 3224 3019 3278 habet
3051 3234 3105 3277 at
3143 3224 3230 3278 ille
3260 3266 3274 3289 ,
3305 3227 3471 3282 codex
3499 3240 3616 3281 vero
3639 3223 3781 3278 Mura-

2256 3290 2378 3344 tor’ii
2406 3300 2456 3344 et
2475 3291 2582 3344 ille.
2611 3290 2760 3348 Hanc
2789 3294 3074 3348 lectionem
3103 3307 3325 3352 secutus
3352 3313 3483 3352 sum.

2325 3362 2389 3438 (j)
2423 3360 2615 3438 Noster
2643 3366 2812 3438 codex
2837 3363 2999 3438 habet
3020 3381 3136 3438 esse
3157 3381 3175 3418 :
3209 3376 3269 3420 at
3304 3383 3368 3422 ex
3396 3384 3499 3438 quo
3519 3366 3664 3438 verbo
3683 3378 3780 3438 pen-

2253 3429 2354 3508 det
2369 3429 2504 3485 istud
2527 3434 2801 3508 esse‘.f_ni_si
2829 3434 3115 3489 subaudire
3145 3438 3282 3491 velis
3303 3429 3581 3508 putabatur.
3609 3429 3701 3504 Ego
3725 3436 3779 3488 le-

2253 3502 2486 3555 ctionem
2511 3505 2631 3556 cod.
2657 3502 2793 3558 Mur.
2817 3515 3031 3558 secutus
3058 3521 3195 3558 sum.

2325 3572 2397 3643 (k)
2429 3570 3223 3647 l‘jon_pos5tint_mecontinere,
3263 3578 3387 3646 quin
3417 3577 3662 3647 egregium
3685 3590 3780 3645 pro-

2253 3640 2416 3696 ferant
2438 3641 2494 3716 S_.
2524 3640 2735 3716 Maximi
2767 3643 3074 3698 Taurinatis
3121 3640 3364 3716 episcopi
3404 3640 3569 3702 Ιυέυῶ
3611 3661 3664 3698 ex
3685 3640 3780 3698 ser-

2252 3727 2410 3785 mone
2440 3714 2502 3765 de
2522 3715 2675 3767 idolis
2707 3715 3003 3785 auferendis
3031 3757 3042 3776 ,
3070 3730 3235 3783 quem
3273 3714 3375 3772 una
3405 3734 3519 3771 eum
3547 3716 3649 3770 aliis
3668 3715 3779 3783 ejus-

2250 3783 2371 3836 dem
2401 3785 2570 3852 saneti
2614 3785 2666 3837 in
2697 3783 2892 3838 cetezis
2921 3784 3324 3840 Anecdotorunt
3371 3787 3509 3840 lihn's
3552 3785 3653 3839 orbi
3681 3799 3778 3852 pro-

2252 3853 2458 3927 pediem
2489 3851 2600 3908 Deo
2631 3855 2855 3927 favente
2886 3855 3319 3927 communicabo.
3354 3857 3522 3927 lnquit
3542 3858 3652 3910 ille:
3681 3851 3777 3927 Cant

2250 3923 2557 3976 matutinum
2599 3926 2888 3990 vigilaveris
2913 3967 2927 3990 ,
2979 3934 3028 3977 et
3061 3925 3245 3980 videris
3279 3923 3501 3981 saucium
3528 3928 3629 3979 vino
3655 3923 3777 3976 rusti-

2249 4008 2383 4055 cum,
2408 3994 2539 4046 scire
2581 3994 2730 4048 debes
2765 3999 3025 4063 quoniam,
3047 3995 3180 4047 sicut
3202 3998 3397 4062 dicunt,
3429 4009 3514 4050 aut
3534 3995 3776 4048 dinnaticus

2248 4074 2346 4128 est,
2377 4072 2464 4134 aut
2489 4063 2746 4134 haruspex
2785 4075 2896 4128 est;
2939 4067 3179 4118 insanum
3209 4069 3347 4120 enim
3368 4085 3544 4120 numen
3570 4073 3776 4118 amentem

2249 4135 2378 4186 solet
2419 4133 2604 4205 habere
2643 4133 2967 4205 pontificem;
3014 4136 3135 4189 talis
3161 4139 3300 4190 enim
3337 4139 3562 4190 sacerdos
3589 4141 3718 4205 parat
3735 4146 3776 4184 se

2248 4205 2364 4256 vino
2410 4203 2492 4284 ad.
2522 4203 2703 4285 plagas
2751 4206 2861 4259 dea:
2884 4221 3008 4285 sure,
3035 4207 3275 4285 utndum
3320 4218 3395 4260 est
3437 4203 3595 4260 ebrius
3612 4216 3776 4285 plenam

2249 4291 2395 4326 suam
2421 4269 2577 4327 miser
2602 4269 2710 4344 ipse
2730 4291 2832 4328 non
2856 4277 3061 4328 sentiat.
3106 4275 3220 4330 Hoc
3249 4285 3418 4331 autem
3448 4292 3542 4330 non
3564 4269 3706 4344 solum
3727 4269 3776 4321 de

2246 4346 2666 4417 intemperantia,
2685 4346 2775 4398 sed
2795 4355 2844 4417 et
2872 4346 2934 4397 de
2957 4357 3072 4417 arte
3099 4349 3317 4417 faciunt,
3349 4357 3405 4400 ut
3425 4349 3580 4417 minus
3606 4343 3776 4417 vulnera

2247 4431 2340 4486 sua
2371 4414 2597 4475 doleant,
2632 4415 2757 4486 dum
2783 4416 2890 4469 vini
2920 4414 3164 4486 ebrietate
3179 4419 3470 4486 jactantur.
3501 4415 3620 4469 Tum
3649 4415 3778 4486 haru-

2247 4485 2452 4553 spicum
2483 4493 2659 4538 vestes
2681 4523 2696 4546 ,
2735 4484 3078 4554 furoremque
3114 4481 3426 4542 describens
3461 4486 3597 4539 addit
3622 4502 3632 4535 :
3657 4481 3776 4534 Mare

2173 4560 2220 4619 υ
2248 4554 2592 4628 gladiatorum
2633 4557 2846 4628 paratus
2871 4557 2940 4628 ad
2964 4573 3191 4627 pugnam
3221 4561 3414 4628 ferrum
3442 4563 3597 4628 gestat
3619 4555 3662 4606 in
3678 4566 3777 4628 Ima-

2251 4621 2429 4700 nibus,
2463 4624 2562 4677 nisi
2609 4621 2745 4700 quod
2771 4621 3056 4700 gladiatore
3083 4621 3231 4700 pejor
3253 4637 3357 4689 est,
3389 4621 3504 4700 quia
3533 4626 3612 4678 ille
3628 4622 3777 4674 adver-

2248 4709 2334 4746 sus
2365 4697 2581 4766 alterum
2613 4696 2858 4766 dimicare
2883 4698 3098 4766 cogitur,
3145 4697 3240 4750 iste
3285 4696 3464 4752 contra
3508 4712 3557 4748 se
3583 4703 3776 4766 pugilli“

2249 4765 2591 4834 compellitur.
2637 4765 2800 4820 Multa
2843 4761 2965 4818 dein
3014 4767 3239 4835 insignia
3271 4769 3322 4822 in
3353 4770 3486 4821 hanc
3515 4761 3615 4819 rent
3640 4761 3775 4835 addi].

2247 4830 2371 4906 quae:
2392 4835 2604 4906 silentio
2630 4836 2902 4906 pneterire
2932 4830 3264 4906 propositum
3291 4838 3498 4892 suadet.
3535 4832 3704 4887 Tibull.
3724 4830 3776 4882 da

2247 4903 2441 4958 femina
2470 4903 2800 4960 sacrilicante
2828 4903 2988 4973 agens
3016 4925 3028 4959 :

2435 5008 2537 5067 ipsa
2563 5006 2774 5066 bipenne
2798 5019 2912 5055 suos
2936 5006 3078 5055 caedit
3103 5006 3313 5056 violenta
3339 5007 3556 5064 lacertos,

2491 5068 2842 5129 Sanguineque
2867 5069 3021 5118 elluso
3041 5077 3233 5130 Spargit
3258 5071 3303 5117 in
3342 5079 3419 5130 pta
3441 5069 3593 5130 deant.

2242 5161 2560 5244 Expressius
2587 5162 2702 5216 haec
2733 5162 2925 5216 asserit
2955 5161 3274 5218 Prudentius
3300 5164 3351 5216 in
3382 5161 3569 5234 Hymn.
3601 5155 3652 5210 S.
3683 5153 3772 5206 Bo-

2242 5248 2384 5286 lllalll
2411 5249 2422 5284 Ζ

2180 3191 2226 3254 C

2427 5312 2553 5374 sunt
2575 5323 2729 5372 sacra,
2753 5313 2946 5374 quando
2971 5326 3055 5362 vos
3078 5315 3166 5372 ipsi
3192 5312 3437 5373 exciditis,

2425 5373 2623 5422 Votims
2646 5380 2698 5423 et
2717 5373 2827 5423 cum
2852 5380 3068 5423 tuembra
3091 5377 3350 5423 detruncat
3374 5375 3523 5432 dolor,

2422 5433 2639 5499 (jultrnm
2663 5437 2712 5484 in
2729 5434 2942 5486 lacu-tos
2966 5438 3128 5487 erexit
3152 5436 3404 5499 faitaticns,

2421 5497 2680 5560 Sectisque
2703 5505 2908 5547 matrem
2932 5500 3075 5547 braclt
3099 5502 3139 5547 is
3163 5500 3319 5562 placat
3343 5497 3502 5548 deam.

2233 5577 2603 5637 Munnontus.

2306 5650 2366 5718 (l)
2413 5650 2490 5704 lta
2520 5656 2742 5708 omnino
2773 5662 2956 5709 noster
2981 5655 3172 5710 codex.
3228 5653 3284 5707 In
3327 5651 3445 5708 cod.
3473 5663 3593 5702 vero
3619 5644 3768 5697 Mura-

2232 5719 2354 5778 torii
2385 5721 2597 5792 legitur,
2629 5725 2904 5791 mendose,
2937 5727 3162 5798 propriis
3187 5727 3343 5781 litans
3374 5719 3555 5778 turalia
3577 5723 3736 5771 sacrm
