4008 6346
210 357 310 413 519

344 473 502 530 l-‘elici
533 473 744 545 potiore
774 473 858 528 via
897 472 1184 544 persistere
1211 470 1354 536 fecit,
1811 477 1858 533 Α

207 564 306 622 2‘30
340 565 675 622 Continuans
702 567 942 621 medicos
971 565 1186 635 operosi
1218 563 1467 633 martyris
1505 571 1676 627 actus,

343 657 579 714 Virtutes
606 667 666 712 ut
699 673 792 712 eas
815 657 954 711 idem
982 655 1279 712 celebraret
1307 655 1577 719 humatus,

339 752 486 816 Quas
507 751 561 804 in
591 765 753 805 carne
807 764 1029 803 manens
1065 745 1263 801 Christi
1303 745 1499 800 virtute
1539 745 1782 814 gerebat,

340 842 519 910 Atque
545 841 617 896 ita
646 849 907 911 suscepta:
936 855 1034 895 nec
1063 846 1307 893 mortuus
1329 836 1537 892 abforet
1561 836 1676 890 urbi

340 935 605 1006 Corpore,
630 951 751 991 cum
783 943 988 990 tantum
1017 933 1178 1003 positi
1219 941 1437 988 sanator
1463 931 1676 987 adesset

209 1027 307 1082 295
343 1028 592 1098 Spiritus,
620 1038 676 1099 et
700 1027 977 1083 desideriis
1002 1026 1235 1080 latitaret
1263 1034 1537 1080 amantum

345 1121 425 1173 Ad
456 1128 671 1188 tempus
689 1119 799 1174 cari
829 1119 994 1173 facies
1019 1118 1291 1173 subtracta
1318 1117 1531 1188 patroni
1557 1132 1572 1182 ;

346 1208 602 1279 Prompta
633 1208 727 1265 sed
777 1224 1041 1277 :egrorum
1075 1223 1290 1278 semper
1319 1205 1578 1261 medicina
1627 1204 1784 1260 saluti

346 1300 569 1355 Alforet.
595 1300 722 1354 Inde
751 1299 1002 1370 perennis
1032 1298 1222 1361 honos,
1263 1306 1317 1353 et
1343 1297 1512 1366 gloria
1542 1307 1784 1352 sanctum

348 1392 581 1446 Felicem
612 1391 816 1445 meritis
855 1391 970 1444 sine
1001 1391 1105 1444 line
1136 1389 1210 1460 (a)
1238 1389 1533 1444 virentibus
1571 1389 1738 1443 ambit
1769 1407 1781 1442 :

213 1487 308 1542 300
349 1487 417 1540 Et
438 1486 564 1540 licet
592 1499 623 1538 a
647 1485 816 1539 veteri
837 1483 908 1554 (ὁ)
942 1482 1157 1537 tumulis
1181 1482 1525 1537 absconditus
1552 1498 1692 1548 sevo,

346 1577 463 1643 Qua
494 1574 739 1630 mortalis
767 1582 900 1639 erat,
952 1574 1117 1628 lateat
1145 1573 1352 1628 telluris
1380 1582 1570 1643 operto
1594 1591 1608 1637 ;

345 1671 477 1724 Viva
509 1679 690 1724 tamen
721 1676 999 1738 vegetante
1029 1668 1161 1736 Deo,
1208 1668 1568 1740 membrisque
1597 1685 1787 1750 super-

1590 1755 1721 1832 [stes

342 1850 529 1903 Gratia
558 1849 796 1903 divinum
826 1849 1085 1918 spirantia
1111 1850 1359 1921 martyris
1389 1866 1508 1906 ossa

347 1939 621 1996 Clariﬁcat
649 1941 860 2011 populis
888 1942 1082 1997 merito
1112 1942 1326 1998 vivente
1365 1944 1557 2014 sepulti
1593 1963 1604 1996 :

218 2032 312 2086 505
350 2032 419 2085 Et
464 2032 646 2098 magni
687 2031 881 2086 solium
926 2031 994 2103 (c)
1024 2032 1188 2087 breve
1235 2033 1562 2089 confessoris
1603 2034 1790 2089 adorat

343 2122 552 2192 Jugiter
581 2138 612 2177 e
643 2122 804 2178 variis
831 2130 1086 2192 congesta
1114 2124 1189 2195 (ά)
1212 2122 1510 2194 frequentia
1541 2126 1716 2180 terris.

347 2215 455 2271 Sed
479 2215 621 2270 Deus
642 2222 698 2269 ut
726 2221 1042 2268 cunctorum
1064 2215 1339 2269 hominum
1355 2225 1523 2283 sator,
1545 2217 1792 2272 omnibus

1541 2311 1719 2383 [istam

351 2401 429 2456 De
453 2401 652 2455 sanctis
671 2399 888 2454 indulsit
913 2415 1070 2469 Opem
1101 2401 1394 2470 procedere
1423 2405 1580 2458 terris
1609 2423 1620 2458 :

353 2493 421 2548 Ut
442 2494 555 2562 jam
579 2491 647 2546 de
674 2493 890 2546 tumulis
919 2503 1139 2561 agerent
1163 2495 1246 2564 pia
1267 2495 1409 2550 dona
1440 2497 1581 2552 beati

219 2585 317 2640 310
355 2584 636 2654 Martyres,
667 2591 721 2638 et
746 2583 898 2637 vivos
927 2593 1143 2652 possent
1179 2600 1368 2640 curare
1397 2587 1612 2656 sepulti.

355 2672 710 2747 ‘67-‘88
732 2672 840 2727 Nec
868 2673 998 2727 satis
1046 2674 1149 2730 hoc
1188 2675 1386 2728 donum
1420 2676 1648 2732 Domino
1676 2679 1795 2746 fuit,

1289 2766 1370 2838 [ut
1391 2783 1488 2822 sua
1520 2776 1726 2822 tantum

230 2918 324 2957 nus
350 2901 570 2955 additam
597 2897 759 2953 Felici
789 2898 840 2952 in
890 2899 1040 2954 caelis
1067 2913 1322 2952 coronam
1363 2900 1634 2956 antistitis.
1665 2901 1798 2958 Vide

231 2988 344 3041 qum
371 2969 560 3041 ibidem
574 2968 769 3041 notavi
793 2984 949 3041 versu
967 2965 1109 3041 _568.
1142 2967 1508 3026 Muanoaws.

299 3043 375 3111 (a)
427 3040 505 3094 lta
545 3039 676 3093 Mur.
722 3037 913 3094 codex.
967 3037 1023 3093 ln
1073 3046 1261 3094 nostro
1301 3041 1558 3099 mendose
1607 3042 1796 3111 legitur

225 3129 413 3168 srnner.

291 3131 617 3254 igjrSeptem
642 3188 945 3254 sequentes
968 3196 1152 3254 versus
1180 3180 1624 3254 retuleratetiam
1655 3185 1800 3239 Dun-

223 3250 386 3322 galus,
414 3250 557 3320 iique
584 3250 868 3322 Rosweido
899 3250 994 3322 visi
1025 3258 1180 3304 erant
1209 3250 1274 3304 ad
1306 3251 1547 3308 Natalem
1574 3271 1626 3308 Ix
1658 3255 1797 3311 refe-

220 3321 366 3395 rendi
389 3341 411 3395 ;ﬁ
435 3323 530 3378 sed
550 3336 742 3395 verum
785 3321 1010 3395 intueris
1047 3336 1232 3395 eorum
1263 3322 1444 3395 situm.
1466 3323 1540 3395 rln
1571 3326 1796 3395 antiquo

223 3394 439 3464 Dungali
462 3393 669 3464 codice,
698 3406 857 3464 quem
889 3391 1242 3464 Ambrosiaua
1270 3392 1592 3449 bibliotheca
1621 3391 1796 3450 asser-

221 3460 417 3530 vatfex
459 3462 634 3517 Natali
662 3477 714 3516 xl
758 3460 989 3514 dilucide
1030 3461 1178 3515 citati
1223 3464 1580 3530 reperiuntur.
1611 3465 1795 3521 Mum-

222 3552 422 3591 τοιυεε.
1769 3544 1783 3560 ⁸

282 3607 352 3674 (c)
396 3604 838 3659 Animadvertere
884 3601 1040 3674 juvat
1087 3601 1281 3671 quibus
1331 3605 1511 3660 verbis
1560 3605 1794 3660 debitam

219 3672 412 3731 sanctis
439 3676 844 3729 venerationem
882 3672 1135 3727 Paulinus
1163 3674 1445 3742 exprimat.
1478 3675 1638 3731 Certe
1660 3677 1704 3731 is
1723 3678 1799 3732 ait

219 3762 399 3802 eorum
428 3747 672 3816 sepulcra
702 3743 912 3798 adorari
947 3761 960 3796 :

333 3838 393 3888 Et
418 3838 580 3898 magni
606 3835 778 3883 solium
805 3835 958 3883 breve
982 3833 1273 3882 confessoris
1297 3835 1482 3884 adorat.

219 3921 306 3974 Cui
328 3921 372 3975 si
403 3928 484 3974 tot
529 3920 632 3973 alia
663 3917 867 3972 Paulini
916 3914 1134 3983 adiicias
1160 3916 1261 3969 hac
1292 3917 1358 3969 de
1385 3933 1444 3972 re
1471 3918 1796 3986 testimonia,

219 3991 456 4060 profecto
487 3997 807 4060 novaturum
829 3986 1078 4056 querelas
1104 3987 1382 4060 miraberis
1401 4029 1416 4051 ,
1448 3988 1643 4060 quib_us
1672 3998 1796 4060 tan-

220 4056 318 4114 tam
349 4061 514 4116 bilem
544 4068 729 4114 movet
751 4057 890 4112 idem
920 4066 1228 4111 sanctorum
1269 4058 1443 4113 cultus
1483 4059 1534 4111 in
1561 4056 1798 4114 Ecclesia

217 4133 477 4188 catholica
526 4131 822 4184 etiamnum
849 4137 1114 4183 servatus.
1147 4125 1425 4198 Paulinum
1475 4129 1674 4198 itaque,
1709 4145 1800 4183 ce-

217 4210 465 4270 terosque
492 4211 730 4263 sanctos,
755 4199 923 4270 velint
945 4199 1133 4270 nolint,
1162 4196 1462 4270 idololatris
1484 4196 1803 4270 accenSeaut

215 4267 448 4341 oportet,
469 4288 636 4341 quum
667 4286 766 4324 nos
789 4269 984 4341 passim
1009 4268 1311 4335 bujusmodi
1339 4267 1584 4324 laborare
1610 4269 1804 4324 morbo

215 4338 338 4410 gens
362 4338 508 4398 eatea
529 4341 814 4396 exclamet.
842 4338 1211 4410 Maurusios.

283 4415 359 4480 (ά)
405 4412 541 4468 Mur.
569 4413 714 4474 eod.,
745 4410 998 4479 confecta.
1027 4407 1217 4464 Melior
1263 4409 1433 4464 nostri
1479 4409 1680 4466 codicis
1720 4411 1798 4466 le-

214 4487 335 4539 ctio.

283 4558 353 4622 (ej
400 4554 476 4608 Ita
506 4561 689 4607 noster
717 4553 906 4608 codex.
941 4551 1112 4615 Mur.,
1142 4552 1484 4622 monimenta.

285 4627 351 4695 (ft
398 4624 476 4678 Ita
513 4622 651 4678 Dur.
681 4624 740 4678 In
767 4631 952 4678 nostro
979 4621 1124 4686 eod.,
1149 4621 1408 4691 afuerant
1433 4638 1449 4673 :
1493 4639 1611 4691 quae
1642 4622 1802 4677 lectio

212 4696 337 4750 mihi
356 4712 470 4750 non
494 4696 771 4764 probatur.

278 4770 354 4836 tg)
402 4762 540 4820 Mur.
572 4763 762 4829 codex,
789 4773 908 4817 tunc
933 4779 950 4816 :
971 4778 1090 4832 quae
1119 4762 1278 4816 lectio
1302 4779 1414 4830 non
1441 4763 1650 4817 videtur
1673 4780 1802 4818 con-

211 4836 520 4897 temnenda.

269 4909 350 4974 th)
397 4907 596 4960 Noster
634 4905 806 4960 codex
837 4905 998 4959 habet
1026 4905 1296 4974 priorum:
1327 4919 1445 4972 qua:
1472 4903 1632 4961 lectio
1672 4905 1800 4959 mibi

210 4977 385 5032 minus
420 4975 642 5030 arridet.

279 5052 344 5110 ti)
389 5046 528 5100 Mur.
553 5045 676 5100 cod.
697 5086 718 5110 ,
741 5044 1020 5115 Martyres.

278 5120 347 5188 (j)
391 5117 689 5188 Celebrent
713 5115 896 5188 refert,
925 5117 1142 5188 suisque
1170 5123 1442 5188 peractam
1464 5115 1804 5188 temporibus

208 5184 311 5257 SS:
331 5184 635 5257 corporum
662 5184 898 5257 Protasii
931 5185 1251 5257 et‘Gervasii
1276 5185 1660 5257 inventionem,
1686 5202 1803 5257 qua:

207 5254 694 5313 Mediolanensium
721 5256 947 5309 antistiti
980 5254 1264 5310 Ambrosio
1294 5256 1539 5322 contigit.
1589 5255 1666 5310 De
1715 5256 1799 5309 illa

207 5326 262 5380 S.
297 5328 539 5397 August.
575 5326 674 5381 lib.
703 5323 859 5380 Conf.
910 5341 984 5397 rx,
1032 5343 1152 5396 cap.
1185 5325 1235 5397 7,
1271 5327 1381 5379 btec
1426 5326 1624 5378 habet:
1660 5325 1800 5397 Tum:

206 5395 506 5453 memofato
519 5397 742 5451 antistiti
765 5406 850 5450 tuo
878 5395 1205 5466 (Ambrosio)
1227 5414 1319 5467 per
1350 5397 1506 5467 visum
1530 5395 1798 5467 aperuisti,

207 5486 304 5537 quo
326 5471 445 5525 loco
457 5470 679 5523 laterent
698 5476 984 5537 martyrum
996 5483 1213 5536 corpora
1228 5465 1467 5518 'Protasii
1488 5475 1536 5518 ct
1549 5465 1803 5537 Gervasii,

206 5535 321 5610 ante
351 5557 445 5610 per
475 5548 551 5592 tot
597 5553 764 5610 annos
793 5535 1093 5610 incorrupta
1134 5539 1187 5610 in
1221 5537 1472 5610 thesauro
1501 5535 1714 5610 secreti
1731 5536 1803 5586 tui

197 5602 600 5690 iecoridideras.
627 5608 815 5662 Sidon.
835 5602 1013 5690 Apoll:
1036 5623 1124 5678 ep.
1149 5606 1200 5672 ,1,
1221 5605 1802 5690 IEP.‘VI‘I!-t'Antbr¢tf§um

207 5674 434 5735 Hunorum
453 5688 742 5748 martyrum
764 5674 1089 5748 repertorem:
1103 5676 1354 5748 appellat.
1375 5674 1610 5729 Videnda
1639 5674 1799 5727 etiam

212 5749 483 5819 Ambrosii
512 5747 678 5819 ipsius
726 5764 813 5819 ep.
843 5747 906 5802 ll
936 5749 1001 5801 ad
1048 5747 1410 5819 Mareellinam
1453 5759 1720 5819 sororem,
1747 5753 1802 5798 et

206 5817 474 5877 Paulinus
519 5815 659 5875 alter
698 5815 1044 5874 in_Ambrosii
1100 5817 1238 5872 Vita.
1290 5815 1576 5871 Fusissime
1624 5823 1801 5868 autem

1633 352 1862 411 POEMA
1903 354 2038 413 XIX.

3364 360 3466 416 530

2029 475 2274 543 Nomine,
2301 459 2412 534 sive
2441 477 2630 549 opibus
2658 477 2774 535 loca
2803 487 3066 552 martyres
3095 478 3420 536 illustrarent
3449 500 3463 535 :

2034 569 2112 625 Ex
2137 571 2324 626 iisdem
2354 573 2571 628 tumulis
2599 573 2760 627 etiam
2791 583 3135 628 monmnenta
3167 573 3234 645 (e)
3256 574 3467 644 piorum

2030 660 2387 731 Multiplicans
2415 664 2595 718 multis
2617 664 2801 719 tribuit
2821 665 3106 724 miserator
3124 665 3342 720 eosdem

1889 749 1992 802 5|!)
2031 749 2312 807 Gentibus.
2345 751 2409 806 Et
2441 753 2669 808 referam
2697 755 2872 809 varias
2892 755 2961 808 ah
2990 755 3196 825 origine
3224 771 3438 823 causas,

2042 838 2122 895 Ex
2137 842 2340 911 quibus
2362 843 2475 898 hmc
2505 852 2624 898 orta
2649 853 2732 898 est
2777 845 2941 900 variis
2979 845 3285 901 benedictio
3314 845 3474 900 terris

2033 931 2166 986 Nam
2197 935 2321 1002 quia
2354 951 2460 988 non
2492 943 2662 989 totum
2713 937 2916 1005 pariter
2942 936 3132 991 dilfusa
3161 952 3259 1007 per
3285 937 3474 992 orbem

2035 1019 2210 1076 Prima
2243 1023 2373 1079 ﬁdes
2396 1025 2548 1089 ierat,
2575 1025 2754 1080 inultis
2781 1025 3086 1093 regionibus
3113 1025 3261 1081 orbis

2031 1118 2294 1190 Martyres
2319 1116 2603 1171 abfuerant
2625 1115 2716 1188 (ι’),
2746 1124 2802 1171 et
2830 1117 2899 1171 ob
2921 1116 3044 1182 hoe,
3068 1125 3222 1188 puto,
3252 1130 3476 1172 munere

3188 1208 3406 1280 [magno
3452 1203 3459 1212 ’

1891 1301 1994 1356 520
2031 1299 2088 1356 ld
2117 1301 2370 1372 placitum
2397 1302 2614 1356 Christo
2634 1318 2777 1357 nunc
2801 1302 3095 1372 inspirante
3116 1307 3386 1371 potentes,

2035 1393 2105 1448 Ut
2131 1393 2486 1449 Constantino
2527 1395 2755 1464 primum
2785 1394 2884 1448 sub
2911 1392 3122 1447 Caesare
3153 1391 3348 1445 factum
3371 1396 3474 1452 est,

2035 1484 2186 1539 Nunc
2212 1484 2284 1554 (g)
2307 1484 2517 1539 famulis
2538 1492 2815 1552 retegente
2834 1483 2962 1548 suis,
2988 1480 3186 1537 utsede
3214 1480 3381 1552 priori
3397 1480 3474 1549 (It)

2034 1574 2294 1646 Martyras
2327 1576 2386 1646 (i)
2418 1576 2617 1630 accitos
2649 1574 2998 1630 transferrent
3027 1575 3078 1628 in
3111 1589 3250 1628 nova
3280 1581 3438 1627 terra:

2036 1665 2276 1736 llospitia
2310 1683 2322 1718 :
2355 1672 2412 1719 ut
2440 1674 2626 1720 sancto
2657 1682 2762 1720 non
2788 1665 2914 1736 olim
2945 1664 3185 1718 antistite
3209 1661 3404 1717 factum

1895 1765 2000 1819 5'25
2036 1764 2292 1820 Novimus
2315 1764 2599 1821 Ambrosio
2629 1767 2719 1837 (j),
2744 1767 2834 1837 qui
2849 1764 3012 1821 fultus
3040 1781 3261 1820 munere
3289 1764 3401 1828 tali,

2040 1865 2329 1937 Postquam
2371 1869 2644 1935 iguoratos
2686 1867 2864 1937 prius,
2889 1876 2946 1921 et
2974 1875 3100 1922 tunc
3121 1865 3292 1920 indice
3317 1863 3475 1920 Chri-

3199 1958 3307 2031 [sto
3334 1958 3413 2038 (η

2037 2060 2288 2114 Detectos
2310 2059 2525 2114 sibimet
2554 2067 2755 2112 mutata
2784 2058 3052 2112 transtulit
3082 2057 3223 2122 aula,

2032 2160 2291 2230 Reginam
2315 2159 2374 2230 (ι)
2398 2167 2641 2230 prompta
2658 2158 2897 2215 confudit
2913 2174 3044 2214 voce
3067 2159 3160 2229 (m)
3190 2156 3475 2212 furentem.

2040 2261 2170 2315 Nam
2201 2263 2278 2333 (η)
2307 2261 2694 2316 Constantinus
2731 2260 2935 2330 proprii
2963 2274 3083 2314 cum
3115 2257 3189 2328 (ο)
3219 2258 3478 2314 conderet

3204 2360 3410 2432 [urbem

1895 2463 2000 2517 530
2040 2461 2306 2529 Nominis,
2337 2471 2392 2518 et
2421 2463 2624 2532 primus
2657 2462 2902 2518 Romano
2952 2465 3002 2518 in
3054 2463 3272 2520 nomine
3297 2475 3480 2531 regum

2040 2563 2420 2620 Christicolam
2461 2572 2695 2632 gereret,
2727 2563 2964 2618 divinum
2995 2571 3179 2619 mente
3206 2563 3412 2632 recepit

2039 2664 2354 2728 Consilium,
2388 2671 2445 2718 ut
2472 2663 2727 2732 quoniam
2753 2663 3008 2718 Romamn
3039 2664 3304 2720 mtenibus
3333 2663 3480 2718 urbis

2045 2764 2264 2821 [Emula
2289 2764 2588 2833 magniﬁcis
2615 2773 2851 2820 strueret
2891 2776 3018 2821 tunc
3044 2768 3239 2822 mmnia
3269 2767 3481 2837 emptis,

1899 2911 2138 2965 omnium
2162 2909 2250 2980 Jo.
2271 2907 2464 2963 Petrus
2486 2907 2817 2972 Puricellius,
2843 2926 2952 2980 quo
2977 2911 3281 2966 accuratius
3326 2928 3482 2967 nemo

1898 2996 1986 3035 res
2017 2979 2494 3049 Mediolanensium
2526 2988 2842 3049 prosecutus
2888 2990 3001 3043 est,
3037 2981 3176 3036 hanc
3229 2997 3344 3035 rem
3373 2991 3482 3036 tra-

1899 3059 2012 3106 ctat
2039 3050 2095 3104 in
2143 3049 2272 3104 diss.
2323 3048 2615 3104 Nazarﬁet
2665 3049 2717 3103 in
2772 3049 3010 3105 Monum.
3043 3050 3203 3104 Basil.
3237 3050 3483 3106 Ambros.

1903 3120 2104 3176 Horum
2127 3129 2437 3176 sancton
2468 3119 2720 3191 reliquias
2747 3119 2812 3174 ad
2833 3136 2892 3176 se
2914 3121 3085 3191 ipsum
3117 3121 3185 3191 ab
3205 3121 3484 3191 Ambrosio

1903 3192 2243 3262 transmissas
2265 3189 2510 3262 meminit
2526 3189 2683 3259 peeta
2700 3189 2958 3262 nosteriin
2988 3207 3074 3262 ep.
3097 3190 3164 3244 19
3187 3192 3252 3246 ad
3275 3190 3485 3255 Seven;

1899 3261 2025 3316 dum
2056 3261 2200 3334 enim
2231 3261 2484 3334 reliquias
2508 3271 2754 3316 recenset
2781 3261 2831 3316 in
2863 3261 3118 3316 Fundana
3149 3262 3366 3317 basilica
3393 3279 3487 3334 per

1897 3347 1956 3388 se
1983 3333 2228 3388 conditas
2254 3332 2330 3386 ait
2363 3349 2375 3383 :

2024 3424 2256 3485 Quosque
2281 3435 2370 3485 suo
2401 3419 2537 3470 Deus
2560 3420 2814 3470 Ambrosio
2839 3429 2947 3485 ρςρκι
2969 3417 3108 3480 longi
3138 3423 3328 3471 revelat

2086 3483 2260 3533 Secula
2289 3484 2558 3532 Protaslum
2581 3495 2689 3530 cum
2718 3495 2834 3545 pare
2859 3483 3110 3533 Gcrvasio.

1900 3568 2264 3622 Mcaaroaws.
3338 3631 3340 3633 ν

1974 3640 2046 3708 (Ir)
2073 3637 2192 3708 Per
2221 3638 2483 3692 visionem
2515 3636 2572 3691 S.
2597 3635 2881 3692 Ambrosio
2906 3638 3141 3708 revelata
3173 3638 3268 3695 SS.
3303 3639 3488 3694 Prota-

1899 3709 1962 3763 sii
1985 3717 2038 3763 et
2059 3707 2299 3780 Gervasii
2327 3722 2555 3780 corpora
2587 3714 2821 3780 testatur,
2843 3707 3028 3775 etiam,
3048 3779 3053 3780 γ
3073 3717 3130 3763 ιιι
3158 3726 3329 3780 nuper
3355 3711 3487 3765 vidi-

1901 3794 2042 3846 mus,
2094 3779 2149 3833 S.
2194 3778 2760 3848 Augustinusiprzeter
2811 3778 2982 3848 ipsum
3030 3778 3367 3836 Ambrosium
3422 3781 3488 3834 ad

1902 3847 2260 3904 Mareellinam
2291 3863 2376 3918 ep.
2413 3847 2498 3902 Μ.
2532 3847 2810 3918 Μοιίηωυε
2840 3857 3017 3903 tamen
3062 3849 3298 3907 lamosus
3352 3852 3490 3906 inter

1902 3919 2223 3974 Calvinistas
2251 3919 2513 3990 minister,
2549 3917 2640 3990 lib.
2666 3935 2742 3990 vn
2765 3927 2941 3990 contr.
2973 3917 3217 3984 Perron.,
3243 3937 3363 3990 cap.
3400 3921 3486 3983 ll,

1904 3996 2069 4041 totam
2096 3990 2255 4055 hujus
2277 3987 2602 4043 inventionis
2625 3988 2902 4041 historiam
2933 3989 3069 4042 inter
3096 3987 3488 4044 commentitias

1904 4059 2110 4112 fabulas
2139 4058 2331 4125 rejicit.
2363 4057 2458 4110 Vir
2505 4073 2638 4110 sane
2691 4065 2747 4110 et
2798 4057 2993 4120 fronte,
3023 4068 3079 4112 et
3120 4070 3299 4114 mente
3323 4061 3488 4114 desti-

1905 4135 2071 4190 tutus,
2104 4129 2194 4197 qui
2242 4136 2418 4181 tantos
2445 4135 2694 4181 auctores
2716 4127 2938 4196 piissimi
2969 4128 3125 4194 hujus
3151 4141 3376 4184 eventus
3406 4139 3458 4183 te

1904 4205 2014 4252 stes
2039 4199 2193 4266 quasi
2222 4197 2566 4266 impiissimos
2610 4197 2931 4266 impostores
2973 4197 3252 4253 traducere
3279 4208 3361 4253 est
3391 4215 3486 4253 au-

1904 4284 2014 4322 sus.
2046 4265 2104 4322 S.
2131 4270 2266 4335 Aug.
2296 4265 2487 4322 iterum
2517 4265 2654 4319 hanc
2683 4281 2796 4320 rem
2837 4267 3090 4321 divinitus
3120 4265 3310 4323 factam
3341 4285 3486 4324 asse-

1903 4338 2012 4393 ruit
2041 4338 2132 4393 lib.
2163 4355 2274 4393 xxn
2292 4339 2358 4392 de
2387 4335 2502 4391 Civ.
2530 4335 2645 4400 Dei,
2667 4352 2786 4405 cap.
2804 4336 2836 4389 8
2861 4337 2950 4392 ubi
2973 4350 3138 4404 agens
3159 4338 3225 4393 de
3247 4339 3343 4394 SS.
3367 4339 3489 4394 Pro-

1906 4411 2023 4463 tasii
2055 4418 2110 4463 et
2135 4408 2374 4463 Gervasii
2405 4406 2720 4476 corporibus
2748 4407 2822 4460 ait
2851 4425 2862 4459 :
2915 4408 3042 4472 Qua?
3089 4426 3202 4464 cum
3249 4411 3488 4473 laterent,

1904 4489 1954 4532 et
1981 4481 2182 4550 penitus
2210 4477 2807 4550 nescirentnr,_episropo
2822 4478 3090 4537 Ambrosio
3118 4497 3209 4550 per
3236 4483 3490 4536 somnium

1835 4558 1880 4616 ι)
1906 4545 2131 4621 reuelato
2162 4545 2918 4621 reperta;suntaM'UltarOmUs.

1980 4621 2044 4691 (l)
2089 4616 2286 4675 Ariana
2311 4619 2428 4691 labe
2462 4616 2654 4691 infecta
2680 4618 2988 4691 imperatrix
3011 4618 3242 4682 Iustina,
3269 4629 3328 4674 ut
3355 4620 3492 4676 Pau-

1906 4688 2066 4755 linus,
2120 4692 2209 4762 qui
2252 4690 2516 4762 Ambrosii
2540 4688 2710 4762 _vita_m
2732 4689 2969 4762 _scriptis
2998 4691 3360 4762 consignavit,
3391 4709 3488 4747 ex-

1905 4757 2151 4832 pressum
2181 4762 2334 4816 nobis
2362 4759 2600 4832 reliquit,
2631 4757 2989 4832 Ambrosiunr
3008 4757 3216 4823 oderat,
3248 4762 3494 4832 viresque

1905 4831 2194 4900 plurimum
2224 4834 2342 4901 ejus
2373 4830 2603 4884 inimicis
2652 4830 2904 4895 augebat.
2951 4830 3077 4884 Viso
3108 4841 3286 4885 autem
3339 4830 3492 4888 tanto

1906 4901 2165 4957 miraculo
2190 4918 2285 4970 per
2311 4901 2704 4955 sanctissimum
2749 4902 3043 4970 antistitem
3074 4910 3304 4970 patrato,
3336 4919 3493 4956 coer-

1905 4971 2015 5025 cuit
2033 4969 2226 5027 exinde
2251 4972 2506 5033 furorem,
2552 4979 2606 5024 et
2627 4985 2664 5041 _a
2685 4969 3083 5041 catholicorum
3121 4975 3496 5041 persecutione

1911 5041 2190 5097 abstinuit.
2217 5041 2341 5097 llaec
2364 5056 2578 5110 quoque
2610 5039 2936 5106 Augustinus
2965 5039 3135 5095 habet
3153 5057 3270 5111 cap.
3302 5042 3353 5104 7,
3379 5041 3414 5093 l.
3442 5058 3490 5094 Ix

1911 5111 2148 5167 Confess.
2189 5132 2201 5166 :
2239 5112 2386 5168 Unde
2433 5119 2715 5181 opportune
2762 5127 3022 5180 promeres
3071 5111 3141 5163 ad
3159 5112 3492 5165 coercendam

1910 5181 2105 5253 rabiem
2134 5185 2426 5253 femineam,
2452 5181 2541 5253 sed
2569 5181 2783 5250 regiam.
2810 5190 2914 5253 etc.
2945 5181 3076 5253 Inde
3105 5181 3242 5253 illius
3273 5181 3493 5253 inimicm

1911 5250 2154 5318 (Justina‘.
2179 5253 2406 5318 scilicet)
2437 5252 2668 5312 animus,
2701 5253 2794 5304 etsi
2835 5252 2904 5304 ad
2949 5250 3189 5304 credendi
3217 5251 3492 5305 sanitatem

1908 5338 2011 5375 non
2029 5324 2331 5393 applicitus,
2361 5341 2391 5376 a
2414 5319 2746 5390 persequendi
2775 5330 2942 5374 tamen
2973 5322 3146 5390 furore
3174 5335 3492 5386 compressus

1905 5401 1997 5444 est.
2024 5392 2393 5448 Mannonws.

1981 5464 2075 5531 (m)
2114 5463 2248 5518 Mur.
2281 5463 2424 5529 eod.,
2458 5465 2589 5518 luce.
2638 5462 2705 5519 At
2727 5461 2904 5516 verior
2950 5460 3116 5512 nostri
3165 5456 3368 5513 codicis
3410 5458 3488 5515 le-

1907 5533 2035 5588 ctio.

1983 5605 2062 5672 (η)
2101 5602 2254 5659 Hunc
2279 5622 2490 5658 versum
2517 5613 2570 5658 et
2599 5603 2734 5657 alios
2759 5601 2849 5670 qui
2887 5605 3185 5669 sequuntur
3211 5611 3377 5671 usque
3427 5596 3496 5650 ad

1909 5671 2014 5727 562
2037 5671 2167 5730 eitat
2188 5674 2478 5743 Dungalus.

1981 5743 2056 5816 (a)
2086 5743 2166 5816 AEt
2191 5735 2337 5798 Mur:
2357 5745 2526 5798 codex
2571 5753 2622 5798 et
2653 5751 2838 5796 noster
2863 5740 3022 5795 habet
3043 5751 3178 5789 rum.
3214 5735 3491 5816 Dungatus

1908 5813 2028 5877 legit
2060 5814 2199 5866 dum.
