4008 6346
210 375 304 433 533
1602 369 1728 425 POE
1737 371 1829 428 MA
1869 365 2000 423 XIX.

339 490 466 554 Qua:
495 484 723 542 Sanctus
755 485 919 539 nostri
973 482 1648 554 Dominusque,.patcrque
1674 500 1766 537 cu-
1800 498 1847 557 Α

342 666 406 722 Et
429 677 612 722 custos
639 669 828 722 animm
856 677 1073 733 nostrte,
1105 676 1159 721 et
1189 667 1349 721 tutela
1378 667 1562 722 salutis

341 761 485 813 Felix
514 759 685 813 vicina
709 759 808 812 sibi
835 758 1076 813 cominus
1099 758 1212 811 tcde
1234 757 1451 826 recepit,

341 853 466 917 Qua:
486 850 703 918 reliquis
730 848 844 916 ejus
873 848 947 920 (a)
967 856 1122 902 aetate
1145 851 1409 902 recentior
1433 847 1569 901 aulis

209 943 306 995 370
343 941 576 1008 Exiguos
602 941 827 1004 cineres,
857 949 912 993 et
946 954 1168 1007 magnos
1198 947 1379 992 servat
1401 939 1652 1000 honores.

341 1031 700 1098 Servaturque
720 1031 888 1096 magis
911 1028 1222 1083 custodibus
1250 1030 1360 1098 ipsa
1381 1029 1620 1099 patronis
1649 1047 1662 1080 :

341 1119 491 1173 Absit
509 1119 674 1186 enim,
698 1127 756 1172 ut
783 1119 987 1172 servari
1011 1134 1241 1188 unquam
1267 1120 1546 1174 videantur
1569 1135 1748 1187 egere:

343 1210 442 1276 Qui
467 1224 684 1264 servare
703 1209 880 1264 solent
913 1219 1122 1273 tamen,
1152 1219 1208 1263 et.
1232 1225 1422 1264 curare
1447 1227 1666 1265 suorum

338 1298 636 1354 Commoda
665 1299 999 1352 alumnorum
1040 1300 1215 1368 patrio
1251 1299 1537 1368 dignantur
1568 1316 1773 1367 amore,

210 1391 308 1445 573i
344 1393 516 1459 Atque
541 1391 952 1460 dieatoruntib)
981 1390 1080 1445 sibi
1109 1399 1402 1444 tutamenta
1428 1391 1667 1445 locorum

341 1481 580 1549 Dii-igere
611 1481 714 1550 (c):
746 1481 848 1535 hoc
876 1482 1076 1535 sanctis
1102 1481 1336 1535 studium
1362 1482 1575 1551 pietatis
1602 1482 1776 1538 inesse

338 1573 625 1642 Spiritibus
653 1571 893 1624 miranda
922 1571 1027 1626 llde
1048 1572 1368 1626 documenta
1389 1572 1667 1626 dederunt.

339 1663 488 1719 Unde
510 1664 586 1735 (d)
611 1679 797 1718 recens
824 1663 986 1718 etiam
1015 1664 1193 1733 paucis
1215 1679 1346 1733 opus
1369 1664 1592 1733 eloquar
1606 1665 1774 1720 orsis:

343 1757 566 1824 Dignum
595 1755 796 1808 ctenim
817 1754 988 1809 sancti
1015 1752 1206 1808 Felicis
1232 1771 1453 1810 munera
1481 1757 1532 1810 in
1553 1757 1669 1826 ipso

213 1848 306 1901 580
340 1845 509 1899 Natali
533 1843 773 1911 ejusdem
800 1844 1136 1912 gratantibus
1165 1845 1326 1900 edere
1347 1848 1543 1902 verbis.

342 1935 456 1990 Non
492 1935 774 2005 peregrina
802 1935 936 1990 locis
969 1935 1059 2005 (e),
1110 1951 1284 2005 neque
1321 1946 1562 2008 tempore
1600 1941 1773 2010 prisca

1405 2031 1660 2098 profabor
1689 2049 1701 2084 :

340 2116 692 2189 471-472
734 2117 951 2173 Finibus
987 2119 1038 2172 in
1069 2120 1298 2182 nostris,
1332 2131 1387 2174 et
1436 2122 1488 2175 in
1521 2123 1622 2177 ista
1648 2124 1778 2180 sede

1411 2214 1422 2284 ί
1443 2223 1706 2283 patratum

338 2303 518 2374 Nuper
548 2321 686 2373 opus
731 2301 982 2365 referam,
1013 2305 1158 2374 quod
1195 2306 1334 2361 forte
1383 2324 1669 2363 renusccre
1709 2313 1776 2381 (f)

1533 2400 1709 2472 [vobis

273 2540 362 2616 (ιι)⁸
532 2538 724 2594 eadem
749 2550 831 2616 est
850 2541 1088 2606 basilica,
1119 2557 1276 2610 quam
1303 2545 1584 2616 descripsit
1606 2547 1778 2603 Natali

217 2608 365 2686 t_x_ad
393 2608 632 2664 Nicetam
681 2613 1021 2686 episcopum,
1050 2608 1436 2686 _eainque_ivix
1481 2608 1778 2686 perfectam

219 2679 360 2733 luisse
389 2687 498 2754 tum
525 2679 783 2750 temporis
814 2679 984 2754 innuit
1010 2682 1160 2737 hisce
1184 2679 1441 2754 versibus,
1469 2679 1662 2754 quibus
1690 2689 1780 2744 Ni-

218 2761 338 2804 ceta:
365 2750 428 2803 ad
453 2765 514 2804 se
535 2759 841 2820 Opportune
869 2752 1050 2806 delato
1080 2753 1400 2821 gratulatur,
1431 2750 1489 2809 ut

332 2840 608 2950 {ingerit-cla
627 2842 767 2902 juvet
792 2843 1038 2903 precibus,
1065 2842 1280 2904 perfecta
1305 2846 1534 2895 sacerdos

375 2918 398 2950 Ε
435 2915 541 2950 teet.

375 2915 541 2952 ωιοθι,

229 2983 350 3058 Tum
375 2985 512 3058 illam
535 2985 948 3058 elegantissimis
975 2988 1300 3043 carminibus
1313 2988 1588 3058 describit,
1620 3002 1674 3048 et
1696 3011 1780 3050 re-

226 3055 400 3125 liquias
425 3055 493 3109 ibi
521 3056 810 3110 collocatas
830 3073 1116 3113 recensens
1145 3059 1291 3113 addit
1321 3077 1333 3112 :

332 3152 539 3221 ﬁamque
564 3159 618 3221 et
636 3151 883 3221 apostolici
909 3155 1112 3221 cineres
1126 3154 1216 3202 sub
1238 3154 1402 3221 caelite
1426 3169 1592 3206 mensa

327 3215 540 3286 erositi
567 3216 806 3286 placidum
832 3215 1028 3286 Christo.
1043 3219 1270 3286 spirantis
1289 3217 1492 3286 odorem

329 3277 545 3326 Pulvcrs
569 3277 699 3325 inter
722 3285 884 3325 sancta
907 3280 1030 3325 sacri
1055 3277 1282 3326 libamina
1311 3280 1539 3328 reddunt.

221 3357 352 3435 lianc
376 3360 625 3435 eamdem
653 3359 1077 3435 basilicam_Nat.
1112 3377 1143 3414 χ
1166 3361 1256 3435 ΔΙιίει
1285 3362 1458 3417 verbis
1496 3362 1738 3433 designat
1763 3409 1778 3435 ,

220 3429 458 3501 simulque
496 3431 718 3487 eosdem
746 3431 1110 3500 apostolorum
1131 3430 1339 3487 cineres
1365 3429 1639 3488 memorat
1656 3453 1669 3488 :

325 3520 572 3571 Curiimus
595 3521 836 3584 ergoilidie
863 3528 1063 3584 tantulis,
1089 3529 1141 3569 et
1165 3535 1314 3582 preco
1340 3523 1553 3584 supplice
1579 3526 1718 3574 mixti

324 3584 394 3632 Ad
417 3585 576 3632 vicina
604 3583 702 3630 mei
731 3581 906 3630 Felicis
929 3582 1111 3640 limina,
1140 3593 1192 3632 et
1217 3584 1330 3632 inde

325 3644 611 3707 Contiguam
639 3644 843 3707 paribus
859 3643 980 3707 votis
1003 3643 1303 3694 adcurritnus
1325 3645 1500 3706 aulam,

326 3706 486 3768 Atque?
511 3708 573 3753 ab
598 3706 848 3767 apostolici
871 3706 1048 3754 cineris
1073 3708 1254 3755 virtute
1279 3707 1518 3758 medelam

327 3767 596 3817 Poscimus.

221 3823 566 3884 Ileauoatus.

277 3924 350 4047 διν)
379 3923 572 3982 Nescio
611 3925 738 3994 quid
781 3925 1040 3981 adversus
1083 3927 1432 3985 ecclesiarum
1477 3940 1778 3990 nostrarum

313 3995 566 4047 icationcs
613 3997 1022 4047 obmurmurent
1066 3996 1404 4047 heterodnxi-
1452 4018 1616 4047 niinm
1665 4005 1778 4047 illm:

221 3992 566 4072 dedicationes
613 3992 1022 4051 obmurmurent
1064 3996 1421 4072 heterodoxi,
1452 4018 1618 4072 quum
1665 4005 1781 4059 illas

221 4061 314 4117 Deo
343 4065 394 4118 in
418 4064 681 4120 honorem
704 4075 1012 4121 sanctorum
1045 4066 1368 4123 dedicemus.
1393 4061 1504 4125 ’Seil
1534 4074 1779 4129 animad-

221 4142 409 4254 i'ixrtant
422 4151 646 4204 ,qtiaeso,
659 4152 818 4204 quam
831 4135 1494 4209 nostromorisullragetur
1508 4137 1776 4199 Paulinus.

222 4239 234 4253 ι
267 4219 576 4254 τιλτωιιυς..

222 4219 577 4260 ιιιυιλτωιιυε.

281 4275 346 4348 (c)
370 4273 504 4348 lilur.
529 4275 676 4348 co_d.,
706 4275 960 4348 Diligere.

279 4346 352 4413 (Δ)
382 4344 543 4410 Μυι·.,
575 4345 728 4400 Inde.

251 4417 346 4494 ,(9)
367 4414 504 4494 Mur.
537 4416 682 4479 cod.,
713 4418 834 4494 Non
865 4423 1138 4492 peregrina
1167 4423 1366 4494 loquar.
1398 4429 1467 4478 At
1496 4427 1661 4482 nostri
1691 4443 1783 4483 co.

219 4481 338 4538 dicis
366 4485 527 4553 lectio
552 4491 847 4545 venustior.

278 4555 343 4631 ll
377 4554 519 4631 θέην..
544 4557 666 4631 eod.
685 4599 699 4622 ,
727 4577 1026 4631 agnoscere.

280 4629 352 4695 (ο)
378 4623 538 4698 llum,
554 4628 655 4698 ivit
676 4646 694 4698 ;
726 4623 846 4698 qua:
877 4632 1033 4686 lectio
1055 4632 1183 4686 mihi
1207 4631 1424 4688 arridet.

280 4701 353 4763 (Ii)
383 4695 596 4768 ln‘cud.
639 4695 775 4754 Mur.
819 4701 1092 4768 legebatur
1141 4719 1304 4756 cruce.
1339 4706 1408 4756 At
1462 4703 1783 4764 Muratorius

219 4773 352 4844 recte
373 4765 683 4844 subrogavit
705 4765 895 4834 crucis,
926 4780 982 4825 ut
1011 4780 1091 4844 est
1113 4774 1164 4827 in
1193 4782 1378 4828 nostro
1407 4775 1613 4831 codice.

281 4836 340 4910 (ί)
383 4834 520 4910 Mur.
576 4840 747 4910 cod“,
765 4850 867 4894 tam
908 4842 1142 4910 grandis.
1177 4843 1355 4898 Nostri
1405 4860 1532 4899 vero
1587 4847 1786 4904 codicis

219 4899 368 4959 lectio
387 4907 594 4959 videtur
615 4899 961 4976 pnel'crenda.

281 4976 345 5067 μ)
368 4976 963 5067 Αέμθῖἷιῖἓδέιιέί¹³ὶξ⁵⁴1¹¹θ
983 4981 1202 5067 εμδοβδθ
1223 4995 1514 5067 militum
1536 5003 1784 5067 corpora:

219 5055 302 5097 aut
329 5063 450 5126 ossa
491 5049 762 5126 psallebant.
787 5049 925 5116 Quin
974 5062 1030 5106 et
1079 5054 1278 5126 absque
1309 5049 1411 5112 illis
1439 5073 1546 5113 arte
1587 5049 1788 5113 sacrari

219 5116 521 5198 nequibant.
564 5117 862 5198 E_§pt'e_.-sit_s
885 5130 967 5176 est
989 5138 1116 5177 can.
1145 5116 1210 5177 Η
1238 5128 1447 5198 concilii
1477 5128 1730 5198 Carthag.
1759 5145 1790 5184 v

219 5185 265 5263 id
298 5185 684 5263 interdicentis:
718 5188 774 5242 8.
804 5189 1019 5246 Ilieron.
1052 5202 1240 5263 contra
1271 5195 1523 5263 Vigilant.
1557 5185 1789 5253 luceba-

219 5254 303 5309 bet
322 5308 330 5311 _
350 5257 553 5339 ironice
578 5275 591 5310 :
625 5257 784 5339 .llate.
795 5263 922 5339 facit
949 5254 1368 5339 ergo_liomanu§
1391 5270 1678 5337 episcopus,
1699 5271 1792 5339 qui

220 5341 362 5394 super
412 5336 724 5382 mortuorum
763 5330 1024 5385 [caminum
1061 5332 1203 5388 Petri
1236 5345 1284 5389 et
1334 5330 1487 5391 Pauli
1513 5330 1790 5392 secundum

220 5411 305 5475 nos
328 5412 447 5475 ossi:
477 5399 1098 5475 venerandatsecundum
1154 5414 1200 5458 te
1241 5406 1386 5459 vilem
1433 5409 1788 5475 puluisculum,

220 5465 360 5546 ﬁert
392 5463 618 5546 Domino
644 5472 928 5546 sacri/icio,
969 5482 1016 5526 et
1039 5480 1257 5529 tumulos
1286 5463 1458 5530 eorum
1484 5477 1673 5540 Christi
1704 5463 1792 5532 ar:-

220 5533 438 5588 bitratur
464 5537 675 5613 altaria.
706 5533 955 5613 Synodtts
981 5558 1051 5597 vn
1079 5560 1301 5613 meum,
1323 5561 1443 5600 can.
1463 5547 1493 5600 7
1522 5565 1534 5599 :
1562 5533 1794 5604 λεπίσκο-

220 5627 309 5667 aro;
341 5612 505 5680 χωρὶς
538 5609 692 5680 ἆοχίων
727 5612 968 5735 Infaku
1007 5617 1247 5690 καθαρῶν
1285 5609 1401 5670 ius»
1441 5621 1579 5672 καθαι
1617 5620 1791 5683 licet»,

221 5679 283 5735 ὡς
296 5677 673 5735 παραϐεϐηκὼς
689 5683 778 5735 τὰς
826 5684 1211 5735 κκ).ησιαστικάε
1233 5685 1561 5735 «mandatum-
1579 5639 1791 5735 ﬁniatu-

221 5679 283 5736 ὡς
296 5677 673 5760 παίεάεεϐηᾷεὼς
689 5683 778 5760 τὰς
801 5677 1211 5760 ἕξεκὶπρᾳιαστυὶἀς
1233 5685 1561 5760 παραδὸσης.
1578 5677 1794 5760 Ερὶεεολ

219 5763 310 5814 pus
348 5748 734 5829 absque-macris
763 5752 988 5829 reliquiis
1015 5748 1325 5829 consecruni
1361 5748 1604 5826 templum
1624 5748 1794 5829 ’ἀθρο-

221 5829 401 5885 natur,
417 5828 467 5871 ut
497 5819 605 5888 ille,
632 5822 716 5891 qui
747 5819 1122 5882 ecclesiasticas
1151 5826 1448 5882 traditiones
1465 5819 1766 5891 transgredi

1803 3209 1851 3272 C

3339 359 3449 416 -δδι

2019 472 2328 548 Promptum
2358 480 2494 545 erit;
2527 480 2577 534 in
2609 478 2785 534 medio
2825 476 3076 548 quoniam
3119 491 3205 531 res
3251 475 3450 531 lumine

3084 570 3254 642 [gesta
3276 577 3376 622 est.

1873 661 1978 715 385
2015 661 2189 717 Credo
2214 677 2279 716 ex
2308 662 2412 716 hoc
2443 677 2666 716 numero
2710 669 2946 717 vestrum
2992 675 3163 730 pr0pe
3192 659 3368 713 nullus
3396 659 3449 712 in

3251 755 3261 824 |
3276 754 3379 805 isto

2013 842 2093 896 Sit
2124 859 2293 897 novus
2313 842 2518 909 auditu,
2542 827 2664 910 quia
2695 858 2790 911 per
2811 842 3096 910 longinqua
3127 842 3348 896 remotis

2016 933 2177 987 Fama
2207 935 2391 988 volans
2414 935 2534 988 ierit
2555 934 2653 1003 (g).
2676 933 2838 987 Certe
2865 932 3139 987 alluentis
3159 931 3211 985 in
3240 931 3342 986 ista

2015 1023 2155 1078 Urbe
2184 1024 2345 1094 aliqui
2376 1040 2472 1094 per
2499 1024 2637 1078 idem
2687 1031 2916 1093 tempus,
2943 1038 3053 1091 quo
3098 1020 3352 1088 contigit,
3394 1028 3451 1075 ut

3275 1112 3384 1188 [fur

2020 1210 2218 1265 Illicitis
2243 1210 2422 1264 animo
2451 1210 2677 1265 stimulis
2698 1209 2925 1278 agitatus
2954 1223 3142 1262 avaras

1873 1299 1980 1354 390
2019 1300 2254 1357 Mitteret
2296 1302 2350 1355 in
2393 1317 2542 1356 sacra
2583 1301 2723 1355 dona
2774 1315 2983 1364 manus,
3025 1307 3082 1353 et
3109 1299 3178 1353 ab
3206 1298 3451 1353 omnibus

3199 1392 3379 1464 [uuam

2018 1484 2318 1554 Improbus,
2349 1494 2403 1540 et
2427 1485 2651 1539 demens
2672 1489 2988 1539 venerandae
3021 1483 3454 1553 insignibusaulzn

2018 1572 2252 1641 Eligeret
2282 1573 2476 1644 przeda:
2507 1575 2741 1644 speciem
2771 1575 2947 1629 crucis
2965 1575 3063 1642 (Ii),
3089 1575 3285 1630 inscius
3314 1574 3454 1629 illaut

2021 1663 2223 1720 Iudicio
2244 1666 2366 1726 sibi,
2399 1683 2503 1719 non
2529 1667 2701 1735 spolio
2724 1665 2857 1729 fore,
2885 1681 3046 1735 quam
3076 1667 3219 1720 velut
3241 1667 3455 1720 hamum

2022 1753 2188 1809 Piscis
2217 1755 2352 1810 edax
2383 1755 2557 1809 hausit
2587 1764 2744 1825 capta
2766 1755 3058 1825 capiendus
3084 1757 3152 1810 ab
3179 1772 3321 1811 esca.

1815 1854 1858 1912 Β
1885 1845 1989 1898 595
2025 1845 2172 1912 Quis,
2206 1860 2371 1915 rogo,
2430 1846 2692 1900 latronem
2748 1855 2853 1900 tam
2911 1848 3096 1917 grandi
3135 1849 3196 1918 (i)
3241 1847 3456 1916 spiritus

3237 1937 3391 2010 [auso

2023 2029 2255 2100 Impulit,
2288 2031 2533 2095 anuavit,
2563 2032 2800 2096 emeavit,
2834 2032 3210 2102 prmcipitavit,

2028 2121 2093 2176 Ut
2123 2138 2223 2178 nec
2271 2122 2338 2176 ad
2369 2122 2624 2178 excubias
2655 2123 2890 2192 vigilum,
2921 2140 3019 2178 nec
3061 2123 3126 2177 ad
3155 2124 3269 2193 ipsa
3293 2123 3458 2195 (quod

3121 2215 3219 2288 [est
3250 2217 3390 2285 plus)

2021 2306 2151 2373 Qua:
2177 2307 2385 2361 cineres
2411 2307 2476 2378 (j)
2509 2306 2800 2362 reverenda
2829 2316 3015 2376 tegunt
3043 2307 3230 2360 altaria
3263 2307 3338 2376 (k)
3371 2324 3458 2360 sa-

3243 2413 3388 2461 eros,

1883 2543 1982 2584 tur.
2018 2530 2129 2584 lloe
2161 2530 2278 2601 alite
2305 2529 2493 2601 synodi
2521 2538 2790 2601 statuere.
2824 2531 3103 2601 l‘tzcterire
3145 2531 3305 2601 etiam
3337 2531 3458 2583 nolo

1881 2601 2154 2670 egregium
2175 2600 2232 2653 S.
2265 2599 2530 2670 Ainbrosji
2568 2600 2744 2654 locum
2779 2602 2828 2653 in
2859 2617 2944 2670 ep.
2979 2600 3045 2654 ad
3077 2599 3458 2663 Mareellinam,

1884 2667 1971 2724 tibi
2000 2667 2095 2723 SS.
2130 2667 2356 2723 Protasii
2386 2678 2441 2723 et
2468 2667 2707 2723 Gerva‘sii
2748 2667 3056 2724 inventione
3101 2670 3342 2738 exposita
3385 2671 3456 2723 ita

1882 2741 1948 2794 ad
1974 2741 2227 2810 populum
2257 2755 2314 2794 se
2344 2738 2547 2810 dixisse
2568 2741 2643 2793 ait
2670 2757 2682 2791 :
2717 2740 3008 2793 Succedunt
3031 2742 3249 2810 victima:
3275 2741 3459 2793 trium-

1881 2807 2061 2880 phales
2100 2811 2152 2863 in
2183 2810 2347 2862 locum
2378 2811 2460 2862 ubi
2491 2807 2722 2864 Christus
2752 2811 2918 2863 hostia
2942 2821 3036 2864 est.
3063 2809 3168 2864 Sed
3195 2809 3282 2864 ille
3308 2826 3458 2878 super

1883 2881 2070 2944 altare,
2101 2881 2185 2951 qui
2215 2881 2448 2934 omnibus
2473 2896 2656 2949 passus
2681 2891 2790 2943 est;
2821 2882 2904 2951 isti
2934 2880 3024 2932 sub
3047 2881 3236 2944 altari,
3285 2882 3369 2942 qui
3398 2881 3458 2933 il-

1882 2951 1980 3004 lius
2011 2949 2260 3019 redempti
2283 2961 2400 3002 sunt
2431 2951 2684 3012 passione.
2711 2959 2816 3003 etc.
2859 2949 3224 3019 Munnontus.

1957 3021 2032 3090 (lt)
2077 3018 2388 3090 llosu'eidus
2437 3020 2488 3072 in
2518 3020 2747 3090 addeud.
2780 3021 2845 3073 ad
2875 3029 3032 3074 notas
3067 3021 3117 3073 in
3149 3018 3351 3074 Paulini
3384 3021 3459 3074 lo-

1883 3088 2122 3160 cuntcp.
2157 3089 2224 3142 12
2244 3088 2310 3142 ad
2324 3090 2509 3161 Set'er.
2539 3108 2550 3142 :
2588 3089 2833 3161 Reliquiis
2867 3091 3216 3160 apostolorum
3239 3102 3287 3144 et
3315 3108 3460 3144 mar-

1885 3159 2236 3231 tyrum’inlra
2279 3159 2506 3212 absidem
2563 3159 2788 3213 tricltora
2837 3162 2930 3214 sub
2983 3161 3172 3213 altaria
3222 3163 3458 3224 sacratis,

1885 3228 2152 3301 prioribus
2179 3228 2430 3284 Ecclesia:
2452 3231 2779 3301 temporibus
2809 3231 3221 3301 uniemniallare
3252 3233 3302 3284 in
3335 3241 3461 3284 tem~

1921 3301 1984 3355 lis
2016 3302 2176 3355 luisse
2203 3308 2407 3370 censet.
2459 3300 2687 3353 Salinas.
2736 3301 2787 3354 in
2828 3302 2998 3354 Solin.
3031 3299 3290 3370 Polyltist.
3337 3312 3457 3369 pug.

1919 3371 2023 3424 Ξιὸ
2052 3372 2163 3425 lucc
2189 3370 2265 3423 ait
2295 3389 2305 3422 :
2341 3369 2418 3423 De
2447 3372 2684 3424 tricltoris
2731 3371 2980 3424 altaribus
3019 3369 3202 3440 nugtc,
3244 3371 3462 3425 Unicum

1885 3451 2081 3494 tantum
2110 3441 2278 3494 altare
2313 3442 2366 3494 in
2407 3442 2606 3508 templis
2655 3440 2866 3494 Paulini
2895 3451 3118 3510 tempore
3161 3441 3460 3495 habebatur.

1882 3510 2018 3565 Tum
2041 3511 2249 3565 laudata
2283 3511 2440 3564 verba
2466 3511 2536 3563 ita
2558 3511 2776 3576 corrigit
2804 3528 2815 3562 :
2845 3513 2980 3563 intra
3011 3510 3239 3564 obsident
3271 3511 3464 3563 tricho-

1883 3598 1995 3634 ram
2042 3583 2133 3634 sub
2181 3581 2339 3633 altari
2391 3581 2628 3634 merulis.
2667 3579 2858 3633 Verum
2891 3597 2997 3634 non
3028 3581 3099 3633 ita
3129 3589 3334 3635 certum
3380 3590 3461 3634 est

1885 3668 2045 3705 unum
2073 3651 2240 3704 altare
2269 3651 2564 3718 antiquitus
2584 3651 2750 3704 sacris
2781 3652 2830 3703 in
2851 3650 3057 3705 aedibus
3086 3654 3459 3706 constitutum.

1883 3720 1962 3774 En
1986 3721 2100 3791 ipse
2128 3720 2380 3778 Paulinus
2407 3722 2458 3775 in
2487 3736 2588 3774 una
2620 3720 2836 3774 basilica
2871 3732 3132 3775 memorat
3165 3741 3176 3774 :

2007 3817 2124 3871 Qua:
2149 3817 2345 3861 cineres
2368 3813 2643 3861 reverenda
2667 3819 2839 3873 tegunt
2862 3813 3028 3862 altaria
3054 3829 3232 3862 sacros.

1884 3896 2001 3966 Ipse
2024 3897 2074 3950 in
2098 3912 2182 3966 ep.
2221 3894 2286 3948 l2
2306 3895 2371 3949 ad
2401 3894 2612 3950 Seven:

2007 3989 2231 4040 Di~inum
2257 3990 2535 4037 veneranda
2561 3996 2736 4051 tegunt
2761 3990 2923 4038 altaria
2953 3990 3016 4037 lle
3034 3991 3105 4036 lus

2067 4051 2354 4112 Compositis
2376 4061 2511 4099 sacra
2536 4063 2643 4098 cum
2667 4064 2814 4100 cruce
2838 4052 3148 4112 martyribus.

1884 4134 2080 4188 lterum
2115 4151 2127 4185 :

2010 4216 2184 4262 Sancta
2212 4214 2284 4262 De
2308 4235 2316 4253 ι
2344 4215 2592 4276 geminum
2620 4213 2783 4262 velant
2809 4213 2977 4261 altaria
3006 4214 3262 4273 honorem,

2071 4277 2187 4326 Cum
2213 4289 2358 4325 cruce
2382 4277 2676 4337 apostolicos
2698 4289 2808 4335 qua:
2833 4276 3022 4324 sociant
3047 4277 3258 4324 cineres.

1887 4361 2084 4415 Verum
2107 4359 2325 4428 quidem
2356 4368 2457 4421 est,
2489 4357 2713 4414 Paulino
2740 4359 3003 4413 rationem
3051 4359 3303 4413 carminis
3347 4376 3466 4412 sna~

1884 4431 2012 4486 dere
2042 4431 2300 4500 potuisse,
2334 4438 2390 4483 ut
2422 4429 2610 4500 plurali
2642 4445 2865 4500 numero
2897 4445 2992 4500 pro
3021 4429 3273 4496 singulari
3295 4440 3468 4484 utere-

1886 4508 1992 4555 tur.
2019 4501 2124 4555 Sed
2173 4502 2240 4553 ab
2269 4500 2385 4568 ipso
2414 4499 2575 4553 etiam
2605 4499 2865 4569 pluralem
2895 4499 3171 4554 numerum
3212 4501 3384 4554 soluta
3418 4501 3470 4555 in

1807 4584 1860 4644 ι)
1887 4572 2132 4626 oratione
2165 4579 2477 4644 usurpatum
2509 4569 2810 4644 ostendam.
2852 4570 2972 4644 Agit
3022 4571 3074 4624 in
3099 4570 3233 4644 ead.
3265 4586 3350 4640 ep.
3402 4571 3469 4624 de

1887 4642 2248 4698 consecranda
2296 4657 2399 4693 una
2439 4640 2678 4711 basilica,
2710 4640 2773 4694 ad
2805 4641 2944 4709 quod
2998 4641 3137 4710 opu's
3181 4651 3470 4711 martyrum

1888 4712 2125 4781 reliquim
2147 4712 2278 4764 satis
2297 4719 2453 4766 erant
2473 4728 2484 4761 :
2503 4708 2732 4781 Quorum
2761 4708 3065 4781 nutrtyruni,
3098 4711 3266 4781 inquit
3291 4708 3468 4764 Pauli-

1890 4779 2016 4842 nus,
2033 4782 2347 4834 venerandus
2376 4781 2506 4833 cinis
2522 4780 2566 4832 si
2581 4781 2691 4832 sine
2704 4781 2868 4833 crucis
2889 4779 3144 4835 consortio
3173 4779 3471 4850 subjiciatur

1891 4853 2161 4913 altaribus,
2185 4852 2264 4903 hic
2285 4860 2491 4920 apertus
2515 4850 2692 4920 titulus
2710 4850 2975 4904 indicabit.
3007 4852 3110 4905 Se'd
3141 4860 3195 4905 et
3221 4851 3274 4903 in
3295 4866 3380 4918 ep.
3407 4851 3462 4903 Η

1893 4922 1957 4975 ad
1979 4922 2164 4974 Sever.
2191 4921 2255 4974 de
2273 4919 2489 4990 basilica
2511 4936 2606 4989 per
2628 4919 2883 4974 l‘lelcnam
2909 4921 3197 4990 Augustam
3223 4920 3472 4974 llieroso-

1897 4991 2274 5060 lymzecondita
2293 4991 2384 5044 ait:
2403 4989 2670 5060 Dignoque
2685 5007 2804 5043 mox
2814 4989 3342 5044 ambituronsecmtur
3353 5007 3472 5043 con-

1894 5051 2001 5114 dita
2028 5063 2090 5142 in.
2112 5061 2366 5128 passionis
2391 5051 2753 5142 loco'basilicla,
2783 5076 2895 5142 quae
2923 5063 3122 5114 auratis
3150 5076 3360 5140 corusca
3389 5059 3470 5111 la-

1893 5128 2182 5199 quearibus,
2226 5139 2273 5183 et
2303 5132 2472 5184 aureis
2494 5130 2632 5183 dices
2651 5128 2900 5184 altaribus
2924 5146 3118 5183 arcano
3143 5132 3361 5199 positam
3382 5145 3471 5180 sa-

1895 5203 2065 5254 crario
2104 5216 2306 5252 crucem
2351 5209 2537 5254 servat.
2583 5199 2778 5253 Verum
2810 5199 3089 5253 audiatutts
3140 5209 3192 5253 et
3223 5211 3470 5260 magnum

1898 5269 2236 5324 Ambrosium
2268 5270 2319 5323 in
2349 5269 2522 5338 ειμι,
2568 5269 2660 5322 lib.
2686 5286 2740 5330 ιι,
2773 5269 2840 5322 ad
2871 5269 3248 5323 Mareellinam.
3291 5266 3472 5320 llel‘ert

1898 5341 1985 5394 ille
2013 5339 2280 5394 celebrem
2330 5337 2400 5392 de
2447 5337 2695 5392 Portiana
2726 5339 2946 5392 basilica
2968 5339 3220 5392 adversus
3248 5338 3472 5392 Arianos

1895 5409 2113 5465 defensa
2143 5410 2439 5463 historiam.
2468 5409 2705 5464 Inclusus
2734 5409 2846 5478 ipse
2874 5423 2995 5478 cum
3025 5409 3178 5477 plebe
3205 5407 3473 5463 immissos

1897 5489 1993 5551 per
2023 5481 2125 5551 vim
2156 5487 2392 5551 armatos
2419 5479 2712 5551 intrepidus
2731 5477 3047 5551 sustinebat,
3070 5493 3229 5551 quum
3251 5486 3473 5551 repente

1899 5545 2185 5605 nunciatur
2213 5564 2317 5619 pax
2349 5549 2414 5602 ab
2446 5545 2764 5619 imperatore
2791 5546 2993 5600 reddita
3026 5565 3037 5598 :
3073 5545 3331 5611 Certatim,
3386 5548 3469 5601 in-

1901 5621 2036 5690 quit,
2069 5620 2162 5673 Itoc
2191 5615 2436 5672 riunciare
2466 5615 2675 5690 milites,
2700 5619 2949 5670 irruentes
2970 5619 3022 5669 in
3067 5619 3256 5690 altaria
3285 5620 3473 5672 osculis

1901 5685 2200 5760 signi/icore
2220 5691 2362 5760 pacis
2385 5689 2605 5760 insigne.
2637 5685 2772 5752 Ergo
2800 5703 2905 5760 non
2937 5703 3100 5760 unum
3143 5687 3331 5760 altare,
3380 5691 3474 5744 sed

1907 5755 2086 5829 plura.
2112 5760 2167 5814 8.
2200 5755 2358 5825 Greg.
2404 5755 2638 5829 lllflrv,
2671 5773 2762 5829 ep.
2797 5755 2865 5829 59
2894 5755 2959 5810 ad
2994 5755 3190 5829 Pallad.
3223 5756 3474 5813 Ecclesia:

1909 5825 2166 5893 ineminit,
2200 5832 2250 5884 in
2281 5844 2383 5889 qua
2435 5827 2496 5878 l3
2525 5826 2711 5878 altaria
2742 5825 3020 5881 collocata.
3056 5825 3109 5881 lu
3153 5835 3473 5902 cmtncteriis
