4008 6346
245 305 329 364 841
1661 305 1741 360 PC
1752 305 1778 358 Ε

1933 305 2069 364 Χιέί.

362 419 618 488 Quamvis
648 419 737 475 ille
766 418 869 475 alia
899 416 1197 476 Nucerinus
1220 421 1296 493 (a)
1329 419 1614 490 episcopus
1640 419 1770 473 urbe
1838 427 1883 480 Α

367 508 582 564 Sederit
611 524 626 562 τ
655 525 782 564 ecce
812 508 980 578 ipsam
1009 509 1182 564 sancti
1213 509 1404 563 Felicis
1443 508 1495 562 in
1541 507 1740 573 aulam,

361 600 532 666 Quam
561 608 689 654 tunc
712 599 943 654 solemni
969 598 1201 668 populus
1223 597 1457 666 stipsibat
1477 595 1556 668 ’(b)
1581 597 1806 662 honore,

236 693 328 749 5i)
367 691 494 747 Post
518 708 671 747 sacra
696 691 808 761 jam
839 693 1086 747 solvente
1116 691 1232 761 pios
1277 691 1518 745 antistite
1547 699 1735 754 cattus,

365 781 631 853 Tempore
660 783 874 851 proviso
901 782 1156 836 divinitus
1183 782 1508 850 egredientis

360 874 538 929 Plebis
571 875 622 928 in
647 890 933 946 occursum
957 875 1134 930 subito
1163 874 1516 929 introducitur
1545 873 1634 928 ille

363 965 592 1020 Furaces
617 973 742 1035 post
763 976 910 1034 terga
937 964 1350 1019 manus'nod'ata
1375 965 1662 1018 revinctus.

369 1053 578 1110 Lmtitia
610 1057 860 1125 populus,
895 1055 1175 1110 formidine
1205 1055 1385 1125 pundo
1405 1055 1660 1125 repletur,

231 1147 323 1203 5'15
365 1145 543 1218 thue
599 1163 800 1202 novum
851 1147 921 1202 ad
968 1153 1268 1202 monstrum
1317 1155 1428 1202 tota
1468 1146 1808 1202 concurritur

1553 1238 1728 1312 [urbe.

357 1326 536 1382 Turba
561 1328 744 1382 furens
772 1328 909 1382 odiis
937 1328 1282 1398 popularibus
1314 1328 1422 1382 ibat
1452 1329 1503 1382 in
1534 1328 1704 1391 illum,

357 1417 566 1474 Lcetitia
599 1429 824 1475 mmstos
855 1422 925 1490 (ε)
955 1420 1215 1474 miscebat
1235 1429 1288 1473 et
1311 1419 1385 1474 ira
1422 1420 1702 1474 tumultus.

357 1508 643 1576 Pertimui,
680 1509 869 1575 fateor,
902 1525 968 1564 ne
999 1511 1135 1565 forte
1161 1509 1403 1564 diabolus
1433 1509 1520 1563 ill'a

358 1600 475 1668 Qua
506 1602 646 1656 solet
673 1601 868 1655 invidia
899 1601 1127 1655 violaret
1147 1602 1405 1669 sanguine
1426 1617 1703 1672 pompam,

229 1692 420 1750 ΞθἘι
445 1692 630 1762 pejore
665 1693 811 1763 prius
839 1701 1053 1746 curaret
1080 1693 1299 1747 vulnere
1333 1694 1542 1748 vulnus.

353 1782 596 1852 Eripitur
618 1782 836 1852 populo,
863 1782 1105 1852 cellaque
1127 1783 1414 1838 includitur
1443 1785 1555 1853 ipsa

346 1874 724 1946 579-580
755 1873 927 1944 (Quod
958 1875 1034 1930 sic
1060 1874 1199 1929 forte
1229 1890 1324 1929 reo
1363 1885 1522 1946 capto
1553 1885 1676 1933 tunc
1706 1894 1798 1934 ac-

1314 1961 1513 2036 [cidit),
1545 1965 1596 2020 in
1624 1983 1727 2037 qua

347 2053 573 2110 Delituit
595 2064 746 2126 rapta
775 2072 968 2119 cruce;
991 2071 1093 2124 qua
1125 2065 1249 2125 post
1270 2056 1382 2126 ipse
1408 2068 1619 2126 reperta

342 2145 651 2211 Clauditur,
668 2156 725 2200 ut
755 2148 918 2200 vivat.
938 2144 1088 2200 Tunc
1109 2161 1238 2217 ergo
1268 2157 1447 2202 mente
1472 2150 1550 2220 (d)
1582 2160 1795 2222 recepta

210 2221 318 2294 ’555
350 2239 469 2310 Ipse
490 2256 648 2295 suum
673 2242 878 2296 facinus
905 2257 1049 2310 reus,
1080 2251 1242 2311 atque
1271 2243 1546 2298 obstacula
1574 2221 1738 2315 cmpit

269 2333 273 2338 ’
353 2330 612 2388 Mirandis
633 2350 856 2389 narrare
880 2335 1082 2402 modis,
1117 2337 1391 2406 fassusque
1422 2353 1518 2408 per
1546 2338 1666 2394 illos

348 2422 479 2479 Octo
509 2424 768 2480 decemve
789 2424 926 2489 dies,
956 2427 1148 2495 quibus
1171 2428 1248 2482 ire
1294 2439 1577 2498 paraverat
1607 2431 1791 2485 urbem

356 2517 700 2582 Remulcam,
717 2518 987 2587 imptcitis
1017 2527 1172 2574 uase
1192 2517 1416 2589 pedibus
1441 2528 1790 2585 retroacmm,

350 2607 571 2678 Semper
601 2617 661 2662 ut‘
688 2609 765 2663 ire
790 2625 1004 2678 parans,
1033 2625 1246 2680 semper
1271 2612 1578 2666 retrahente
1595 2613 1794 2668 rediret

228 2701 321 2756 550
356 2701 543 2756 Nescio
569 2717 698 2770 quo,
740 2717 1038 2772 rursusque
1083 2701 1227 2756 illam
1257 2709 1523 2757 remearet
1552 2703 1628 2757 ad
1642 2719 1790 2757 oram

358 2795 541 2849 Vesevi
567 2795 665 2863 (ε),
697 2810 802 2863 qua
820 2794 1015 2865 jussus.
1035 2804 1159 2850 erat.
1175 2797 1327 2866 quasi
1368 2813 1591 2853 carcere
1617 2799 1790 2855 claudi

361 2884 597 2952 Angelica
616 2892 864 2939 nectente
894 2902 1056 2940 manu
1089 2905 1102 2938 :
1139 2896 1316 2942 tamen
1346 2887 1434 2943 ille
1463 2889 1688 2958 putabat

362 2974 568 3028 Arbitrii
583 2976 744 3030 miser
762 2991 881 3030 esse
909 2976 990 3030 sui
1015 2983 1030 3036 l
1043 2978 1118 3048 Ι).
1133 2977 1276 3047 quod
1301 2994 1531 3048 corpore
1552 2980 1685 3036 liber

355 3065 476 3122 Esse
502 3068 798 3134 videbatur,
823 3083 981 3139 quem
1010 3085 1115 3123 non
1144 3078 1387 3126 exstante
1415 3079 1603 3127 catena

226 3156 317 3211 545
349 3157 557 3213 Fortior
585 3159 797 3214 arcanis
825 3147 1093 3214 retinebat
1120 3160 1343 3216 dextera
1375 3161 1582 3221 vinclis.

353 3245 501 3303 Ultor
527 3264 652 3304 eum
675 3249 837 3318 digno
867 3249 1015 3305 Felix
1041 3252 1477 3320 errore-ligabat,

345 3340 408 3394 Et
434 3341 527 3394 tali
558 3348 827 3396 amentem
859 3343 940 3412 (g)
972 3343 1232 3410 vertigine
1257 3345 1675 3414 circumagebat,

341 3432 564 3503 Semper
599 3440 662 3486 ut
705 3421 999 3488 abscedens
1047 3449 1310 3503 nusquam
1347 3437 1670 3502 discederet,
1730 3450 1786 3496 et

1461 3529 1598 3602 [cum
1633 3533 1713 3604 (Ii)

313 3613 663 3690 ‘Prosilientc
692 3615 859 3683 gradu
885 3616 1135 3686 cmpi'sset
1176 3617 1353 3685 abire,
1380 3619 1601 3675 rediret.

215 3701 303 3756 550
338 3704 470 3758 Mira
505 3702 666 3760 fides!
694 3703 810 3759 Ibat
837 3706 1056 3773 stando,
1081 3710 1393 3764 remanebat
1417 3712 1616 3779 eundo,

273 3841 342 3908 (a)
379 3841 626 3896 Nuceria
667 3842 802 3897 duas.
847 3842 903 3896 In
950 3841 1164 3898 Umbria
1214 3861 1317 3899 una
1375 3846 1426 3900 in
1476 3845 1782 3907 Picentibus

211 3909 378 3985 altera.
412 3911 697 3985 Postrema
729 3914 840 3985 lucc
871 3911 1099 3967 Nuceria
1122 3933 1444 3985 paganorum
1463 3921 1779 3976 nominatim

211 3977 361 4047 dicta,
386 3982 616 4052 ejusque
673 3984 954 4052 episcopus
1003 3977 1212 4038 [κη’δῖ
1249 3983 1475 4041 Priscus.
1531 3989 1780 4052 Ughellus

204 4055 322 4123 tom.
358 4051 442 4123 V'l-l
484 4051 798 4123 [talusacrzc
828 4051 941 4108 lucc
975 4055 1041 4107 de
1070 4055 1163 4108 illo
1191 4056 1392 4123 profert
1427 4076 1438 4110 :
1473 4059 1534 4112 S.
1567 4051 1779 4117 Priscus

205 4121 378 4184 irrimus
409 4122 568 4192 hujus
609 4119 858 4177 Erclesiw
885 4125 1152 4193 episcopus
1183 4119 1413 4179 censetur
1441 4127 1532 4180 sub
1570 4128 1779 4186 Nerone

205 4202 487 4270 coronatus,
519 4193 663 4270 ευίτέ
687 4194 794 4270 dies
826 4195 983 4270 [estus
1008 4197 1181 4263 agitur
1200 4195 1232 4248 9
1252 4194 1384 4270 {laii
1414 4199 1466 4250 in
1495 4198 1773 4270 Martyrol.

206 4255 363 4334 (iam,
395 4255 602 4334 dequo
622 4262 743 4316 Bar.
772 4255 1005 4325 iri-notis,
1043 4255 1216 4334 Estque
1245 4265 1404 4321 Divus
1432 4255 1684 4325 tutelam}.
1717 4271 1775 4326 lu

204 4324 464 4410 Martyrol:
503 4324 765 4410 hodierno
792 4335 861 4410 nil
889 4324 1064 4410 tamen
1192 4337 1497 4410 hoc'sancto
1519 4324 1774 4410 occurrit,

208 4399 338 4481 unde
365 4399 648 4481 Ughellurn
673 4405 939 4481 suspicari
983 4406 1104 4459 licet
1150 4406 1550 4468 halluciuatum.
1585 4428 1649 4466 ac
1679 4399 1776 4481 pro

201 4464 798 4544 FerrarionBai-ouium',
846 4476 1068 4544 ejusque
1108 4487 1266 4531 notas
1314 4464 1660 4535 memorasse.
1680 4464 1771 4536 rIlli

3391 317 3502 375 δη

2060 420 2299 483 Nescius.
2331 424 2441 481 hoc
2465 426 2602 496 ipso.
2626 443 2724 496 pro
2752 443 2862 498 quo
2893 427 3120 498 fugitare
3149 429 3391 500 parabat,

2057 512 2132 568 Ne
2162 511 2394 583 fugeret,
2415 517 2550 582 licri,
2582 526 2638 572 et
2659 533 2840 574 secum
2871 536 2964 573 sua
2995 521 3168 576 vincla
3197 538 3436 589 manere,

2053 603 2434 676 lnruptamque
2465 609 2528 680 (i)
2560 609 2660 664 sibi
2699 609 2972 679 proprium
3012 611 3186 666 scelus
3208 628 3325 667 esse
3348 621 3490 668 cate-

3257 707 3425 778 [nan].

2054 789 2292 859 Namque
2320 792 2446 847 sinu
2468 794 2662 850 clause
2683 797 3029 853 mandaverat
3055 799 3210 856 insita
3233 799 3424 869 praedae

1912 877 2016 934 555
2054 879 2298 938 Pondera
2317 925 2332 948 ,
2363 897 2416 939 et
2446 886 2568 941 hinc
2599 888 2786 944 avidus
2816 889 2880 960 (j)
2909 892 3060 959 quasi
3105 899 3294 960 captus
3316 898 3497 944 mente

2019 963 2033 975 ’
3143 981 3423 1053 [latebram

2051 1061 2324 1131 Qumrens,
2350 1067 2467 1123 luce
2493 1062 2672 1124 tanien
2698 1072 2901 1141 campis
2929 1073 3140 1127 errabat
3169 1073 3388 1142 apertis,

2046 1152 2222 1224 Seque
2241 1157 2408 1212 latere
2428 1167 2621 1227 putans
2643 1163 2890 1216 exstabat
2912 1163 2963 1216 in
2983 1178 3199 1232 aequore
3227 1162 3301 1232 (Is)
3324 1162 3490 1217 claro.

2047 1242 2276 1301 Conscia
2306 1248 2383 1303 sic
2412 1259 2646 1304 mentem
2679 1251 2925 1320 impietas
2953 1261 3273 1316 necaverat,
3306 1261 3359 1306 ut
3393 1267 3493 1306 nec

2048 1335 2316 1405 Elfugeret
2338 1339 2563 1408 fugiens,
2595 1359 2694 1398 nec
2723 1345 2990 1399 celaretur
3019 1345 3295 1399 aberrans.

1906 1424 2010 1479 560
2047 1425 2304 1484 Sensibus
2334 1432 2398 1501 (ι)
2436 1433 2674 1490 adversis
2720 1444 2895 1490 metus
2925 1436 3084 1502 hinc,
3131 1445 3323 1506 stupor
3364 1436 3487 1492 inde

3111 1527 3417 1598 [nocentem

2047 1607 2368 1666 Miscuerant
2395 1613 2664 1680 animam,
2690 1615 2891 1669 vitabat
2910 1625 3075 1670 strata
3105 1619 3344 1683 viarum;

2043 1697 2295 1754 Secretos
2320 1703 2591 1757 metuebat
2622 1705 2764 1759 iners
2792 1707 3050 1761 accedere
3079 1710 3245 1763 saltus
3270 1727 3282 1762 :

2045 1787 2162 1858 Ipsa
2187 1791 2348 1844 etiam
2381 1792 2432 1845 in
2464 1793 2610 1848 silvis
2632 1794 2730 1849 sibi
2762 1793 2898 1850 forte
2927 1797 3139 1851 silentia
3165 1807 3371 1852 tantum

2045 1878 2351 1935 Clamatura
2378 1883 2526 1938 nefas
2555 1894 2819 1951 metuens,
2854 1895 2947 1940 aut
2977 1887 3145 1942 tristia
3169 1888 3354 1944 formis

1901 1964 2007 2020 565
2041 1968 2338 2024 Occursura
2368 1981 2559 2041 putans
2590 1975 2839 2028 ultricum
2869 1985 3107 2030 monstra
3140 1976 3394 2033 ferarum.

2041 2059 2169 2116 lude
2194 2063 2357 2117 miser
2376 2064 2572 2118 celebri
2607 2066 2880 2135 sejunctus
2906 2068 3000 2137 tm)
3031 2070 3098 2122 ab
3125 2084 3318 2138 aggere
3337 2070 3485 2140 juxta

2039 2151 2235 2208 Devius
2263 2155 2580 2225 inquodam.
2603 2159 2656 2224 (ιι
2669 2160 2694 2226 )⁴
2709 2158 3040 2227 spatiabatur
3060 2160 3161 2214 sibi
3188 2177 3309 2216 rure

2039 2243 2300 2301 Securum
2340 2247 2539 2316 ignaris
2587 2249 2848 2304 simulans
2888 2251 2988 2304 sub
3037 2251 3198 2306 corde
3223 2253 3304 2323 (ο)
3330 2254 3484 2308 timo-

3239 2343 3398 2413 irem,

2041 2427 2112 2482 Ut
2135 2428 2342 2484 facinus
2362 2430 2461 2485 sub
2485 2439 2632 2486 veste
2655 2432 2730 2501 (ρ.)
2764 2449 3012 2502 premens
3043 2452 3053 2485 :
3080 2450 3201 2487 nam
3244 2436 3408 2488 vestis
3433 2436 3481 2490 iu

3222 2526 3410 2598 [altum

1894 2609 1998 2664 5'10
2036 2592 2332 2666 Sitccincta:
2363 2613 2564 2666 sinibus
2591 2613 2829 2667 clausum
2862 2614 3209 2669 mandaverat
3223 2592 3442 2670 aurum.

2035 2701 2167 2756 Nam
2198 2718 2370 2771 neque
2396 2703 2478 2756 vel
2521 2704 2695 2757 tacite
2725 2704 2919 2758 furtum
2950 2706 3288 2760 committere
3319 2719 3475 2760 terra:

2033 2791 2209 2846 Ausus
2245 2801 2410 2860 erat,
2452 2795 2788 2865 specubusve
2833 2797 2980 2850 cavis
3019 2795 3086 2850 de
3115 2812 3267 2873 inore
3314 2797 3478 2851 latro-

3237 2889 3408 2959 Ιιιιιιιις

2032 2972 2301 3030 Indicium
2323 2983 2570 3032 metuens
2593 2977 2886 3032 credenda!
2904 2977 3103 3032 handis
3124 2993 3334 3034 avarus.

2030 3064 2156 3120 lude
2181 3081 2292 3120 sua:
2317 3075 2522 3122 tantum
2552 3069 2743 3123 tunicae
2771 3085 2866 3124 sua
2899 3068 3037 3124 furta
3066 3067 3326 3125 nefadus

1812 3162 1860 3225 ε
1891 3151 1996 3211 575
2032 3155 2367 3224 Crediderat,
2395 3173 2499 3226 qua
2532 3161 2836 3214 restrictum
2862 3159 3092 3215 nodarat
3119 3161 3195 3234 (η)
3219 3153 3480 3217 amictum

2033 3246 2376 3316 Suspendens
2404 3249 2618 3305 ﬂuidam
2653 3251 2852 3305 nudato
2882 3253 3084 3322 poplite
3112 3263 3334 3309 vestem.

2031 3338 2178 3395 Hanc
2200 3341 2297 3396 sibi
2328 3343 2508 3412 prmdo
2532 3359 2728 3414 penum
2751 3346 2822 3414 (r)
2845 3345 3063 3401 sceleris
3085 3354 3210 3401 tunc
3231 3357 3401 3400 semet
3422 3347 3474 3402 in

3268 3439 3405 3510 [ipso

2029 3523 2330 3588 Struxerat,
2361 3532 2417 3579 et
2437 3525 2596 3593 digne
2632 3516 2721 3580 tali
2753 3536 2835 3580 est
2865 3527 3146 3582 formidine
3173 3528 3401 3593 vinctus,

2031 3615 2290 3671 Crederet
2317 3625 2375 3670 ut
2406 3618 2562 3672 nullis
2594 3619 2770 3672 miseri
2795 3621 3063 3675 consortia
3089 3619 3235 3688 furti,

1886 3704 1990 3758 580
2029 3703 2096 3760 Ut
2120 3707 2337 3761 sceleris
2370 3709 2498 3761 tanti
2530 3709 2776 3777 contagia
2808 3709 2954 3765 solus
2983 3709 3224 3774 haberet,

1959 3839 1977 3901 (
2024 3838 2037 3895 l
2073 3839 2234 3905 Mur.,
2262 3847 2501 3893 utentem.

1957 3857 2034 3976 (ἵ)
2064 3908 2137 3962 Ita
2168 3917 2354 3962 uoster
2382 3909 2501 3963 θοὰ(

2064 3908 2137 3962 Ita
2168 3917 2354 3962 uoster
2382 3909 2572 3963 codex.
2608 3909 2674 3962 At
2722 3909 2996 3965 Muratnrii
3027 3911 3194 3965 codex
3227 3913 3312 3966 hic
3352 3929 3469 3967 nm-

1884 3977 2012 4052 niuo
2058 3978 2350 4052 mendosus
2402 3987 2515 4052 est;
2551 3980 2601 4031 in
2645 3995 2710 4052 eo
2740 3980 2880 4032 rnim
2913 3980 3105 4052 legitur
3137 3999 3148 4032 :
3179 3981 3393 4052 Semper
3414 3993 3469 4036 ut

1883 4046 2156 4123 abscedens
2175 4064 2424 4123 nusquam
2447 4047 2752 4102 descendere
2780 4058 2965 4102 tectum
2981 4048 3290 4104 Prosiliente
3301 4046 3468 4123 'gradn

1881 4118 2111 4186 coepisset
2140 4116 2512 4186 abire'rediret.

1955 4185 2016 4259 (ξ)
2049 4186 2240 4259 Noster
2267 4186 2387 4259 cod.
2412 4227 2426 4249 ,
2459 4185 2901 4259 Insumptamque.

1953 4257 2016 4328 (ί)
2052 4255 2184 4310 Mur.
2219 4256 2339 4310 cod.
2360 4297 2373 4322 ,
2399 4255 2650 4312 ariddm.’
2671 4258 2737 4311 At
2767 4255 3046 4326 legendum
3079 4269 3136 4313 ut
3176 4267 3259 4314 est
3288 4260 3341 4314 in
3368 4277 3467 4316 no-

1879 4328 2431 4473 εύίλξέἳᾛίηοηιοτίξ
2460 4397 2656 4473 codex,
2693 4407 2747 4451 et
2787 4408 2968 4473 noster
2995 4373 3162 4473 habet
3184 4402 3468 4473 ina'quore

1879 4469 2045 4521 claro.
2081 4467 2147 4520 At
2177 4467 2500 4522 Muratnrius
2541 4468 2604 4520 ad
2645 4471 2785 4522 lmnc
2831 4469 3003 4523 locum
3046 4471 3157 4524 lucc
3204 4467 3463 4524 adnotat:

199 4539 510 4596 cathedralis
539 4558 568 4594 a
601 4537 889 4598 Nucerinis
908 4537 1105 4612 dir-ata,
1132 4563 1194 4601 ac
1215 4548 1454 4603 tutelaris
1484 4567 1512 4602 a
1535 4551 1624 4604 md
1657 4553 1776 4608 illos

199 4616 266 4659 est
286 4626 503 4672 semper
532 4611 768 4668 habitus.
802 4616 977 4672 Agunt
1015 4615 1081 4670 de
1125 4619 1225 4672 hoc
1256 4630 1442 4672 sancto
1473 4567 1539 4672 ad
1571 4621 1713 4672 diem
1737 4622 1771 4672 9

1899 4537 2128 4592 llendum
2146 4549 2282 4591 certe
2310 4540 2661 4607 exseriptoris,
2687 4556 2749 4592 ae
2775 4541 3000 4609 positum
3019 4557 3112 4608 pro
3133 4542 3357 4607 aethere,
3380 4551 3466 4596 aut

1899 4624 2002 4663 lere
2030 4609 2200 4663 claro.
2234 4608 2430 4661 Verum
2462 4625 2590 4672 pace
2619 4610 2914 4663 doctissimi
2965 4611 3063 4664 viri
3111 4611 3310 4666 dictum
3342 4613 3411 4665 sit
3449 4631 3462 4666 :

196 4616 503 4682 estsemper
532 4611 768 4682 habitus.
802 4616 977 4681 Agunt
1015 4611 1098 4670 de
1125 4619 1225 4672 hoc
1256 4630 1442 4672 sancto
1473 4611 1539 4672 ad
1571 4621 1713 4676 diem
1737 4622 1771 4676 9

195 4673 304 4759 Maii
334 4673 640 4759 iii-Acuss.
667 4684 736 4738 el.
766 4673 877 4759 viri
893 4684 1354 4759 llcnscherius,_et
1386 4673 1770 4759 Papebrocius,

194 4749 274 4826 qui
304 4760 487 4826 tamen
522 4753 779 4826 incertam
829 4755 1064 4810 fatentur
1091 4749 1578 4824 bujusihistori'am.
1611 4749 1772 4817 sicuti

193 4823 599 4898 incertissiinunn
620 4825 785 4898 etiam
798 4836 880 4898 est
910 4827 1146 4897 martyrii
1168 4823 1396 4896 tempus.
1419 4827 1532 4898 Ego
1560 4831 1776 4887 Nuceri-

192 4893 263 4942 nis
286 4893 532 4971 gratulor
551 4935 584 4974 ,O
604 4896 746 4962 quod
774 4893 1303 4974 illustri-In'antetot
1340 4893 1518 4974 secula
1550 4902 1626 4974 S.A
1653 4905 1771 4974 cpi-

191 4963 326 5039 scopi
357 4964 676 5039 memoriam
706 4966 910 5039 primus
953 4982 983 5039 e
1012 4967 1248 5039 tenebris
1299 4971 1551 5025 eruerim.
1594 4963 1765 5039 Quam

189 5030 316 5104 etaim
349 5034 584 5088 celebris
617 5030 852 5102 ille-fuit,
881 5036 1035 5104 cujus
1063 5038 1338 5092 natalitius
1368 5041 1485 5095 dies
1515 5030 1765 5097 noriNu-

189 5101 334 5184 seriae
373 5104 567 5184 tundo,
591 5105 683 5158 sed
706 5116 761 5160 et
791 5101 845 5161 in
883 5101 1002 5162 aliis
1041 5109 1262 5164 urbibus
1290 5107 1496 5166 Paulini
1527 5123 1768 5184 tempore

187 5168 478 5226 colebatur.
514 5168 883 5232 Mounomus.

251 5256 320 5320 Ib;
353 5260 494 5332 Mur.
525 5263 646 5317 cod.
670 5302 683 5325 ,
715 5266 944 5335 stipauit.

249 5338 319 5404 (ε)
355 5341 497 5418 Mur.
521 5343 666 5404 cod.,
690 5346 913 5399 incertos
941 5362 1036 5418 pro
1058 5356 1282 5409 mrstos,
1307 5347 1450 5417 quod
1479 5359 1556 5404 est
1586 5351 1636 5404 in
1668 5367 1768 5406 no-

188 5414 291 5460 stro
321 5413 534 5467 codice.

253 5478 310 5560 (d
334 5480 502 5560 _Mur.
543 5483 694 5560 _co_d.,
726 5483 870 5560 Tunc
898 5503 990 5557 ego
1018 5499 1072 5560 ut
1111 5497 1276 5543 mente
1322 5500 1544 5560 recepta,
1573 5501 1678 5547 etc.
1708 5497 1776 5546 At

186 5551 346 5603 nostri
379 5553 586 5608 codicis
616 5555 775 5610 lectio
819 5551 1117 5613 retinenda.

252 5634 319 5701 (e)
351 5632 495 5687 Mur.
528 5637 676 5700 cod.,
703 5635 912 5700 Beswvi,
948 5645 1006 5690 ut
1032 5655 1193 5708 supra
1222 5655 1362 5693 vers.
1397 5641 1520 5695 510.

245 5713 312 5792 If)
343 5711 402 5766 ln
435 5713 574 5794 _Mur.
601 5715 794 5786 legitur
815 5717 918 5783 tui,
949 5719 1090 5786 quod
1121 5725 1200 5774 est
1243 5718 1469 5778 fortasse
1513 5729 1763 5794 typogra-

180 5778 546 5846 phi’mendmu
656 5778 681 5786 ⁷
906 5778 913 5783 ’
967 5778 981 5786 ’
1362 5810 1364 5812 ν

1877 4624 2002 4663 aere
2030 4609 2200 4663 claro.
2234 4608 2430 4661 Verum
2462 4625 2590 4676 pace
2619 4608 2914 4663 doctiSsimi
2965 4611 3063 4664 viri
3111 4611 3310 4666 dictum
3342 4613 3411 4665 sit
3449 4631 3462 4666 :

1875 4693 1974 4745 ego
2005 4680 2208 4733 nullum
2257 4677 2343 4732 hic
2392 4680 2641 4732 mendum
2687 4696 2806 4733 esse
2849 4689 2980 4750 puto
3015 4699 3027 4732 :
3061 4691 3272 4736 constat
3320 4684 3462 4737 enim

1875 4757 1931 4819 et
1952 4765 2038 4819 am
2089 4749 2156 4802 ab
2202 4750 2610 4818 elegantissimis
2653 4749 2862 4819 poetis,
2912 4749 3150 4819 Virgilio,
3181 4750 3369 4806 Ovidio
3410 4761 3460 4805 ct

1874 4817 2012 4894 aliis_,
2057 4837 2228 4888 a'quor
2276 4817 2506 4887 positum
2559 4817 2678 4874 esse
2728 4820 2891 4874 modo
2934 4817 3031 4892 pro
3060 4839 3240 4894 campo
3287 4823 3463 4893 plano,

1874 4888 2037 4943 modo
2067 4905 2164 4943 pro
2195 4907 2331 4943 aere.

1947 4959 2011 5029 (ι)
2041 4959 2172 5032 Mur.
2197 4999 2211 5023 ,
2243 4960 2488 5013 sentibus.
2522 4961 2590 5014 At
2619 4961 2900 5030 legendum
2931 4969 3060 5032 puto
3091 4972 3149 5018 ut
3175 4971 3260 5027 est
3288 4963 3338 5024 in
3371 4979 3465 5016 no-

1874 5027 1997 5082 stro
2016 5027 2224 5083 codice.
2677 5027 2693 5030 ⁷
2819 5090 2821 5094 Α

1953 5097 2045 5165 (m)
2082 5097 2240 5162 Mur.,
2272 5098 2528 5152 seductus.
2558 5099 2624 5153 At
2647 5102 2814 5155 nostri
2845 5101 3216 5156 codicislectio
3239 5102 3435 5154 verior.

1957 5166 2033 5242 (η)
2063 5167 2198 5242 Mur.
2228 5168 2595 5242 cod.._l)evius
2621 5172 2672 5242 in
2701 5174 2943 5242 quodam.
2975 5171 3167 5226 Noster
3191 5170 3358 5226 codex
3377 5171 3463 5222 de~

1878 5238 1989 5291 rius
2019 5240 2075 5308 in
2096 5239 2150 5308 id
2169 5237 2334 5308 quod.
2368 5236 2605 5293 Priorem
2637 5236 2922 5297 lectionem
2961 5257 3178 5308 sequor.

1977 5315 2028 5370 0)
2059 5307 2218 5368 Mur.,
2251 5311 2342 5361 sed
2370 5309 2540 5363 corde.
2569 5309 2759 5365 Noster
2787 5313 2975 5370 codex,
3008 5307 3098 5364 sub
3125 5310 3296 5363 corde.

1954 5308 2028 5446 ἕο)
2059 5308 2218 5368 Mur.,
2251 5311 2342 5361 sed
2370 5309 2540 5363 corde.
2569 5309 2759 5365 Noster
2787 5313 2975 5370 codex,
3008 5311 3098 5364 sub
3125 5310 3296 5363 corde.

1966 5379 2028 5452 ρ)
2060 5377 2252 5452 Noster
2277 5378 2445 5452 codex
2477 5381 2729 5434 mendose
2759 5381 3078 5452 hubetreste
3108 5397 3203 5452 pro
3233 5389 3386 5434 veste.

1955 5446 2027 5518 (ᾳ)
2055 5446 2192 5519 _Mur.
2228 5447 2353 5515 legit
2381 5466 2537 5519 quare
2564 5452 2797 5503 strictum
2835 5451 3056 5503 nudarat
3088 5446 3350 5502 amictum.
3394 5450 3460 5503 At

1878 5515 2299 5589 legendutnqua
2326 5515 2618 5575 restrictum
2664 5520 2884 5572 nodarat
2928 5521 3190 5583 amictum,
3223 5529 3280 5572 ut.
3303 5530 3383 5573 cst
3408 5519 3459 5577 iu

1878 5595 2062 5641 nostro
2092 5587 2295 5643 codice.
3151 5649 3155 5654 ,

1887 5659 1889 5661 ’
1950 5657 2018 5725 (r)
2052 5655 2325 5729 Muratorii
2357 5657 2524 5729 codex
2556 5659 2787 5729 habebat
2838 5657 2989 5711 Hanc
3024 5660 3118 5713 sibi
3149 5661 3324 5727 prtrdn
3351 5677 3457 5729 μα’-

1876 5744 2024 5788 nmn,
2057 5739 2158 5781 etc.
2212 5727 2534 5782 Muralnrius
2580 5728 2656 5781 sic
2697 5729 3000 5782 etneudavit
3037 5748 3047 5781 :
3082 5729 3234 5781 llanc
3284 5727 3458 5796 prit'do

1876 5812 2095 5850 ua'num.
2130 5797 2190 5850 Α]
2226 5798 2383 5851 lectio
2415 5797 2577 5852 nostr'
2611 5797 2808 5852 codicis
2847 5799 3054 5854 videtur
3083 5818 3129 5853 vi
3151 5802 3283 5854 riu.
3322 5861 3326 5864 ,
