4008 6346
177 331 273 390 ω
1621 335 1845 393 POEllA
1887 335 2019 391 XIX.

3340 340 3447 398 550

172 465 266 520 675
300 463 424 520 "me
467 479 687 535 quoque
716 481 846 522 crux
877 465 1087 523 Domini
1133 477 1404 539 umquam
1445 467 1750 524 diademate
1779 453 1823 511 Α
1853 447 1959 502 705
1999 447 2131 502 Tam
2159 449 2298 504 male
2320 449 2568 517 durabat,
2589 452 2836 523 pavidus,
2858 463 3199 526 contemptor
3224 466 3280 514 et
3307 458 3445 515 idem

1479 561 1676 633 [cincta

293 645 505 701 Emicat
533 657 732 703 materna
763 651 941 707 vitalis
970 651 1203 721 imagine
1233 651 1380 721 ligni.

295 737 447 792 llanc
476 736 562 792 fur
592 740 680 794 ille
707 741 789 794 sui
821 748 937 795 toto
965 741 1033 797 de
1061 757 1291 812 corpore
1315 741 1442 796 furti

294 827 558 885 lntactam
587 831 750 898 ferro,
781 849 890 903 quo
919 843 1099 889 cetera
1130 834 1380 903 fregerat,
1408 851 1570 890 unam

293 918 496 990 Liquit,
527 931 582 976 et
612 931 668 976 ut
695 932 856 992 capto
886 933 1032 990 tunc,
1064 925 1434 994 discinctaque
1462 925 1653 980 refusis

168 1009 260 1063 680
295 1011 548 1066 Vestibus
573 1013 768 1083 elapsa:
797 1014 1112 1070 ceciderunt
1143 1015 1404 1084 fragmina
1429 1017 1640 1087 prccdaz.

297 1102 422 1158 Visa
455 1105 532 1158 rei
558 1105 768 1174 Species
791 1115 919 1160 tunc
947 1107 1320 1163 inventoribus
1340 1109 1470 1177 ipsis

293 1196 525 1266 Ancipiti
556 1205 706 1252 motu
734 1197 976 1253 confudit
1005 1207 1244 1269 pectora.
1275 1197 1523 1254 Gaudent

289 1285 552 1356 Inventis,
591 1287 686 1342 sed
734 1286 899 1343 fracta
945 1288 1130 1344 dolent
1173 1307 1187 1344 :
1239 1297 1350 1344 tum
1381 1289 1460 1361 (a)
1505 1304 1748 1360 quaerere

1435 1385 1677 1456 [causam

293 1471 578 1542 Incipiunt,
611 1481 828 1528 cantum
857 1473 1037 1541 simul,
1070 1475 1438 1546 audacemque
1482 1476 1746 1530 latronem

169 1565 256 1619 685
295 1565 568 1631 Mirantes,
598 1583 800 1622 aecum
827 1565 1029 1632 fractis,
1063 1576 1386 1638 cautumque
1415 1568 1635 1623 relictis.

290 1659 441 1713 Tunc
468 1659 557 1713 ille
585 1659 830 1714 attonitis
856 1659 1080 1725 crimen,
1111 1673 1415 1728 numenque
1444 1657 1642 1714 fatetur
1667 1676 1680 1711 :

290 1749 652 1822 587-488
678 1749 855 1806 Mente
881 1753 1081 1806 etenim
1112 1760 1285 1808 totum
1305 1751 1741 1823 consideratur):

1143 1844 1270 1916 |hoc
1299 1853 1477 1899 tamen
1507 1858 1673 1900 unum
1780 1826 1824 1887 Β

296 1932 525 1988 Numine
548 1942 810 2000 servarat,
841 1947 950 2003 quo
977 1949 1110 1989 crux
1132 1934 1336 1989 inclusa
1366 1936 1583 1990 vetabat

293 2022 599 2090 Quamlibet
627 2023 884 2080 audacem
910 2025 1060 2094 segni
1091 2027 1285 2080 virtute
1312 2025 1596 2082 latronem.

174 2116 256 2170 690
289 2116 403 2187 lpse
432 2117 703 2171 fatebatur
733 2119 928 2173 mentis
955 2118 1150 2182 scelus,
1182 2125 1346 2190 atque
1373 2121 1549 2177 crucis
1574 2123 1704 2188 vim,

292 2207 636 2273 Contestans,
666 2207 1026 2279 quotiensque
1068 2224 1258 2266 manus
1299 2220 1562 2267 armasset
1590 2212 1645 2267 in
1674 2213 1741 2268 il-

1441 2302 1570 2375 [Iam
1603 2302 1676 2377 (ε)

291 2388 347 2444 ln
367 2404 532 2445 cruce
561 2398 866 2446 consertam
896 2392 1042 2447 socia
1068 2406 1331 2464 compage
1355 2409 1617 2449 coronam

292 2483 399 2538 Cen
428 2482 628 2538 fractas
655 2483 740 2554 (ά)
763 2484 959 2539 totiens
987 2486 1095 2541 ictu
1117 2486 1373 2542 cecidisse
1395 2503 1634 2558 recusso,

297 2576 627 2646 Brachiaque
650 2590 792 2644 ξρετε
816 2578 915 2634 sibi
943 2581 1120 2635 nervis
1149 2584 1419 2652 stupuisse
1447 2583 1654 2638 solutis.

175 2669 262 2725 G95
297 2669 387 2726 llic
415 2670 547 2724 libet
575 2671 628 2722 in
652 2671 904 2725 miserum
934 2673 1118 2741 paucis
1147 2672 1422 2741 insurgere
1449 2673 1640 2728 furem.

300 2760 498 2825 Infelix,
528 2775 648 2830 quae
678 2767 824 2814 tanta
856 2769 1000 2815 tuam
1030 2761 1300 2817 dementia
1329 2772 1564 2818 mentem

308 2850 566 2917 Verterat,
601 2859 660 2906 ut
691 2859 842 2906 tanto
872 2854 1228 2922 reprehensus
1257 2854 1459 2910 lumine
1485 2855 1602 2910 veri

313 2942 422 2997 Non
447 2943 718 2999 festinares
744 2960 961 3000 omnem
991 2960 1154 3014 ργωνι
1173 2953 1316 3000 rtere
1342 2961 1505 3002 cursu

310 3032 548 3103 lndagem
573 3035 842 3101 revolans,
875 3043 934 3089 ut
964 3034 1161 3090 furtum
1189 3045 1381 3107 sponte
1409 3037 1676 3094 referres?

182 3123 273 3180 700
307 3125 538 3182 Tantane
599 3126 681 3182 vis
737 3126 973 3180 animum
1033 3129 1267 3183 tenebris
1311 3131 1580 3200 oppressit
1617 3147 1746 3188 ava-

1393 3222 1536 3295 ll'um
1571 3225 1666 3295 (θ).

301 3311 539 3368 Anderes
559 3311 706 3366 illam
735 3318 794 3366 ut
815 3312 1022 3381 gremio
1051 3312 1145 3367 tibi
1171 3313 1409 3370 condere
1439 3325 1670 3386 partem,

296 3405 466 3473 Quam
499 3406 696 3460 totiens
718 3397 942 3461 arcente
965 3408 1076 3461 Deo
1101 3407 1304 3463 violare
1333 3409 1605 3465 timebas?

301 3499 392 3554 Dic
421 3498 576 3565 mihi,
607 3514 711 3569 qua
738 3513 908 3568 pavor
930 3499 1018 3553 ille
1049 3507 1168 3554 tuus
1197 3499 1468 3568 fugiebat?
1496 3511 1552 3558 et
1572 3503 1747 3560 unde?

298 3592 502 3648 Rursus
525 3601 583 3647 ut
609 3591 938 3662 intrepidum
968 3607 1205 3664 praeceps
1233 3593 1454 3650 audacia
1477 3611 1695 3653 sensum

177 3745 354 3800 Ibidem
388 3765 400 3800 :

230 3763 242 3799 I
388 3765 400 3800 :

201 3749 227 3800 ὓ
245 3746 441 3867 δεῖδεῖ-’ΔΜ
467 3817 685 3868 Πυτίΐεη
710 3832 831 3870 crux
857 3821 1066 3883 cingitur
1089 3823 1210 3872 orbe
1237 3835 1444 3873 coronae.

175 3898 350 3956 lterum
379 3922 392 3956 :

277 4002 483 4064 trucem
509 4007 688 4045 corona
712 3996 877 4048 incido
899 4000 1054 4062 cingit
1077 4013 1218 4064 gyro,

281 4056 368 4106 Cui
394 4071 526 4106 coro.
548 4071 592 4106 ω
616 4069 723 4108 sunt
751 4072 930 4110 corona
953 4056 1177 4124 apostoli.

173 4135 236 4261 is:
261 4143 491 4264 tcoronis
539 4143 669 4198 item
726 4160 941 4200 crucem
987 4148 1344 4205 ambientibus
1387 4150 1501 4206 haec
1549 4150 1746 4208 ibidem

234 4228 260 4262 ll
312 4229 325 4264 Σ

234 4228 284 4264 ιιι
312 4229 325 4264 Σ

276 4301 567 4372 Sanctorum
597 4302 756 4372 labor,
775 4312 828 4355 et
847 4321 1043 4357 merces
1066 4310 1152 4357 sibi
1180 4311 1276 4359 uite
1301 4312 1576 4372 coharent,

279 4367 441 4412 Ardua
463 4378 610 4428 crux,
636 4371 949 4430 pretiumque
973 4375 1132 4420 crucis
1181 4373 1364 4420 ublime
1391 4387 1418 4423 c
1440 4367 1598 4422 .ronze.

171 4438 308 4526 (Ei-eg:
351 4447 632 4526 Nazianp,
663 4448 716 4502 in
745 4448 942 4526 Julian.
990 4462 1126 4507 orat.
1171 4453 1220 4518 l,
1271 4454 1410 4510 idem
1441 4457 1742 4526 expressit:

169 4519 244 4597 Τρν
267 4515 308 4599 ξ’
329 4514 420 4599 at?»
445 4521 727 4591 λεγόμενον,
751 4521 828 4576 ὅτι
847 4525 1154 4599 θυομένῳῌτὰ
1173 4527 1312 4580 anisi
1348 4549 1454 4599 χνχ
1475 4514 1558 4599 rei)
1584 4550 1746 4599 σταυ-

1995 539 2250 609 Ejusdem
2271 542 2490 597 sceleris
2518 545 2697 614 specie
2727 544 2796 617 (ι’)
2826 547 3072 603 diversus
3093 550 3300 615 abibas,

1997 629 2344 700 Perﬁdimque
2372 632 2529 688 [idem
2555 635 2728 690 diviso
2758 646 2977 705 pectore
3000 640 3232 715 miscens

1994 721 2260 776 Virtutem
2291 725 2488 791 crucis,
2520 734 2575 779 et
2598 726 2808 795 signum
2840 729 3146 786 inviolabile
3175 731 3374 789 Christi

1991 809 2264 868 Credebas
2293 815 2580 870 metuendo
2601 833 2815 872 crucem
2842 822 3155 890 contingere
3179 824 3254 895 (g)
3281 825 3444 895 ferro,

1854 902 1956 954 7l0
1993 901 2060 955 Et
2087 903 2230 971 quod
2261 907 2522 959 noscebas
2551 917 2816 974 metuens,
2849 912 3113 978 portando
3136 917 3389 983 negabas.

1990 992 2099 1048 Sed
2131 1003 2307 1048 tamen
2338 995 2588 1064 impietas
2619 1007 2706 1052 tua
2737 1014 2836 1054 nec
2866 1003 2959 1055 tibi
3011 1003 3212 1072 profuit
3256 1009 3359 1076 (1ο),
3390 1021 3444 1062 ct

3251 1099 3374 1171 [nos

1995 1177 2291 1236 Stultitiam
2322 1181 2569 1238 confesse
2605 1192 2772 1250 tuam,
2804 1185 3090 1256 divinaque
3117 1188 3268 1257 signa

1993 1269 2189 1327 Fecisti
2216 1287 2412 1342 magno
2441 1275 2613 1330 crucis
2641 1275 2911 1331 exsultare
2942 1278 3232 1348 triumpho.

1993 1360 2136 1432 Ergo
2164 1363 2529 1434 relinquamus
2557 1375 2772 1437 captum
2807 1367 2918 1437 jam
2949 1370 3220 1426 incessere
3261 1373 3324 1442 (ἱ)
3364 1371 3441 1427 fu-

3207 1463 3369 1536 Iret",

1851 1541 1954 1595 715
1991 1541 2090 1598 Cui
2117 1545 2250 1599 satis
2277 1545 2343 1600 ad
2371 1561 2583 1616 pmnam
2612 1557 2694 1603 est
2721 1551 2963 1620 spoliatae
2987 1551 3186 1608 fraudis
3207 1565 3438 1623 egestas.

1991 1633 2143 1691 Nunc
2182 1636 2247 1708 (j)
2277 1639 2343 1693 ad
2391 1647 2477 1707 te,
2508 1640 2814 1696 veneranda
2843 1641 2938 1697 Dei
2982 1661 3111 1699 crux
3131 1685 3145 1710 ,
3178 1657 3330 1702 verto
3365 1649 3439 1703 lo-

3137 1739 3372 1812 [quelas,

1992 1817 2391 1889 Gratantesque
2421 1828 2510 1875 tua
2541 1822 2859 1879 concludam
2890 1825 3048 1882 laude
3077 1829 3340 1898 profatus.

1953 1913 1956 1917 ’
1990 1908 2035 1964 0
2062 1927 2193 1966 crux
2221 1926 2413 1981 magna
2442 1911 2535 1968 Dei
2568 1914 2758 1983 pietas,
2785 1931 2915 1970 crux
2943 1918 3110 1986 gloria
3140 1921 3282 1987 cmli,

2003 2001 2150 2058 Crux
2174 2012 2378 2058 aeterna
2428 2004 2575 2060 salus
2613 2005 2890 2061 hominum
2935 2010 3013 2080 (Is)
3042 2052 3057 2075 ,
3102 2027 3234 2066 crux
3265 2022 3436 2069 terror

3132 2101 3369 2174 [iniquis,

1845 2186 1950 2242 πο
1986 2186 2054 2241 Et
2079 2188 2248 2242 virtus
2265 2186 2447 2257 iustis,
2472 2188 2761 2261 lumenque
2792 2191 3057 2246 ﬁdelibus.
3084 2192 3133 2246 0
3161 2209 3314 2263 crux,

1987 2281 2117 2348 Quae
2148 2282 2306 2338 terris
2334 2283 2386 2336 in
2414 2298 2578 2338 carne
2612 2285 2776 2339 Deum
2806 2285 3009 2340 servire
3031 2287 3210 2352 saluti,

1987 2374 2153 2444 Inque
2182 2374 2294 2430 Deo
2321 2375 2472 2430 cmlis
2501 2375 2772 2432 hominem
2805 2390 3030 2444 regnare
3057 2378 3250 2434 dedisti
3281 2397 3298 2442 ;

1990 2465 2094 2522 Per
2118 2477 2169 2521 te
2192 2467 2280 2521 lux
2311 2467 2486 2538 patuit
2516 2467 2651 2533 veri,
2685 2482 2791 2521 nox
2823 2467 2984 2538 impia
3005 2467 3157 2538 fugit.

1987 2557 2069 2615 Tu
2093 2559 2407 2614 destruxisti
2435 2557 2784 2613 credentibus
2807 2567 2960 2612 eruta
2990 2557 3113 2614 fana

1845 2649 1952 2705 725
1989 2648 2271 2714 Gentibus,
2304 2649 2551 2703 humanm
2575 2663 2804 2704 concors
2834 2657 2891 2702 tu
2916 2647 3079 2704 ﬁbula
3111 2654 3258 2721 pacis

1988 2741 2297 2797 Concilians
2355 2740 2629 2795 hominem
2691 2740 2927 2795 medium
2972 2742 3035 2813 (1)
3084 2759 3181 2813 per
3233 2746 3436 2802 ﬁndere

3115 2836 3141 2908 Ῐ
3143 2837 3342 2893 Christi
3350 2879 3362 2893 .

1987 2923 2152 2980 Facta
2181 2923 2416 2980 hominis
2444 2925 2641 2996 gradus
2683 2940 2764 2992 es,
2791 2939 2901 2995 quo
2941 2926 3114 2996 possit
3156 2928 3208 2982 in
3236 2930 3436 2986 aethera

3221 3022 3300 3076 fer
3331 3022 3365 3076 i.

1996 3107 2126 3166 Esto
2151 3108 2399 3164 columna
2441 3108 2544 3178 piis
2571 3115 2629 3163 tu
2655 3122 2888 3178 semper,
2919 3118 2976 3166 et
3000 3023 3236 3167 anchorIa
3267 3039 3438 3180 n'obis,

1996 3198 2066 3255 Ut
2092 3201 2230 3255 bene
2254 3208 2439 3255 nostra
2466 3198 2658 3254 domus
2678 3207 2914 3267 maneat,
2940 3202 3078 3257 bene
3105 3202 3292 3259 classis
3316 3219 3440 3273 aga-

3260 3299 3374 3372 [tur

1852 3384 1954 3441 750
1989 3384 2048 3442 ln
2076 3401 2239 3442 cruce
2267 3385 2371 3442 lixa
2404 3386 2498 3459 (in)
2534 3386 2690 3442 fidem
2713 3426 2731 3454 ,
2761 3388 2847 3442 vel
2877 3388 2961 3461 (η)
2984 3388 3052 3445 de
3073 3405 3237 3446 cruce
3285 3401 3440 3449 nacta

3065 3481 3366 3553 [θοι-σηοω.

1924 3753 1994 3825 (c)
2023 3741 2102 3809 ita
2124 3752 2261 3809 Mur.
2290 3753 2482 3819 codex,
2509 3752 2663 3825 cujus
2683 3753 2972 3809 lectionem
2998 3755 3276 3825 amplexus
3297 3771 3435 3810 sum.

1849 3823 1906 3878 In
1937 3823 2124 3880 uestro
2170 3826 2356 3898 codice
2385 3825 2458 3878 ita
2505 3824 2701 3894 legitur
2731 3843 2744 3879 :
2775 3823 3107 3898 quotiensque
3137 3843 3319 3881 manus
3348 3845 3440 3881 ar-

1849 3907 2060 3961 masset,
2083 3904 2138 3949 ut
2164 3897 2331 3958 illam,
2361 3905 2470 3949 etc.

1928 3967 2006 4037 (ά)
2038 3966 2138 4021 llic
2166 3981 2382 4037 quoque
2411 3964 2758 4037 Muratoriani
2790 3966 2988 4022 codicis
3035 3966 3320 4037 lectionem
3350 3981 3440 4022 se-

1849 4034 2006 4091 cutus
2030 4034 2335 4108 sum.’Nam
2366 4037 2418 4089 in
2448 4047 2633 4092 nostro
2659 4036 2856 4108 codice
2894 4037 3088 4108 legitur
3117 4034 3218 4108 Ceu
3245 4041 3437 4108 fracta.

1926 4107 1994 4178 (e)
2025 4107 2159 4160 Mur.
2193 4106 2338 4172 cod.,
2369 4109 2560 4162 avaris.
2593 4109 2662 4160 At
2692 4107 2861 4162 nostri
2890 4107 3090 4162 codicis
3118 4105 3282 4162 lectio
3310 4106 3410 4162 reti

1854 4179 2330 4320 nellgallur._cod.,
2359 4262 2597 4318 spectem.
2625 4245 2693 4300 At
2721 4245 3004 4315 legendum
3033 4263 3068 4318 p
3093 4256 3166 4304 :to
3196 4257 3256 4303 ut
3281 4257 3363 4304 est
3385 4249 3439 4304 in
3519 4253 3530 4262 '

1851 4317 2038 4374 nostro
2068 4317 2271 4372 codice.

1923 4389 1996 4461 (g)
2027 4387 2163 4443 Mur.
2188 4385 2336 4456 cod.,
2365 4387 2728 4459 confringere:
2759 4403 2878 4458 qua:
2909 4389 3070 4444 lectio
3097 4389 3321 4448 fortasse
3338 4405 3442 4445 me.

1850 4459 1999 4612 τὀἶίι)
2029 4527 2392 4612 latenter“
2437 4527 2837 4612 eodicsﬁem‘
2866 4546 2968 4583 "’"
3000 4532 3237 4612 νηοίυίτν
3279 4546 3441 4601 ¹¹¹¹³¹¹¹

168 4586 240 4655 ρὸν
262 4579 1024 4672 ᾇξαδιίκνῦσλοσξεῇανούμιδυν,
1041 4582 1278 4659 Ῥεηιηι,
1306 4579 1460 4668 ᾳᾶἷρηι
1500 4595 1739 4672 Julianns

1890 4579 2224 4656 ise-[addidit
2238 4579 2496 4652 ’Ei’iécié
2513 4579 2745 4666 quidem
2755 4579 3028 4654 λήξω-[ἶσδῖ
3040 4579 3112 4654 ill
3125 4579 3442 4658 r331}:

168 4659 494 4739 sacriﬁcaret,
544 4659 868 4739 victimarum
906 4675 1026 4717 exta
1072 4659 1374 4739 coronatam
1420 4670 1586 4739 crucis
1628 4671 1740 4739 eﬂi-

167 4729 281 4809 giem
305 4729 400 4809 illi
427 4730 728 4809 ostendisse.
764 4731 963 4809 Harum
992 4737 1231 4809 crucium
1261 4738 1503 4807 exempla
1537 4740 1589 4792 in
1620 4729 1741 4809 plu-

168 4798 294 4872 ribus
339 4799 768 4872 Christianorum
819 4804 983 4872 impp.
1044 4807 1380 4862 numismatis
1421 4798 1739 4864 occurrunt.

169 4861 427 4944 Videquze
455 4870 764 4944 Aringhirin
797 4861 953 4927 Rom:
997 4861 1230 4930 subterr.
1265 4861 1451 4944 habet,
1478 4861 1740 4934 iteret;

164 4949 252 5012 ser.
286 4940 378 4993 lib.
408 4956 462 5003 n,
495 4957 612 5010 cap.
650 4943 734 5009 ll,
765 4945 832 4996 de
861 4944 917 4998 S.
948 4944 1138 5010 Cruce,
1185 4955 1240 5000 et
1277 4964 1345 5002 ex
1375 4940 1443 5004 eo
1471 4949 1738 5006 llnsweid.

164 5020 207 5057 in
235 5018 341 5086 not.
376 5012 446 5064 ad
476 5013 856 5081 pnelaudatam
889 5013 1096 5069 Paulini
1137 5017 1444 5086 epistolam.
1481 5019 1743 5076 Monun-

163 5090 282 5131 ιιιυε.

223 5148 293 5217 (a)
325 5149 487 5226 Μιιιζη,
520 5153 665 5221 cod.,
697 5171 812 5208 cum
865 5154 934 5209 At
979 5155 1263 5224 legendum
1304 5167 1430 5226 tum,
1466 5169 1523 5214 ut
1569 5173 1652 5216 est
1689 5163 1742 5217 in

159 5226 330 5272 nostro
345 5221 558 5278 codice.

220 5288 288 5358 (ὁ)
319 5290 460 5344 stur.
486 5294 634 5360 cod.,
659 5293 835 5349 Mente
861 5298 1047 5350 etenim
1076 5299 1376 5354 consederat
1399 5317 1416 5354 :
1446 5301 1544 5356 hoc
1567 5311 1742 5360 tamen

158 5371 331 5437 uirum._
371 5361 442 5414 Δι
483 5379 670 5437 versus
714 5365 979 5421 claudicat
1012 5386 1024 5420 :
1075 5368 1258 5437 itaque
1300 5371 1625 5427 Muratorius
1663 5377 1741 5431 sic

156 5431 526 5509 eruendaverat
561 5452 573 5486 :
608 5433 779 5509 Mente
805 5440 993 5509 etenim
1020 5431 1231 5509 placida
1261 5443 1564 5496 consederat
1595 5461 1612 5496 :
1644 5445 1740 5499 hoc

158 5506 314 5580 tamen
359 5507 794 5580 unum:_addens
838 5508 906 5562 de
935 5506 1032 5580 suo
1079 5511 1206 5565 illud
1229 5511 1461 5580 placida.
1511 5514 1616 5568 Sed
1663 5518 1742 5571 sic

154 5573 367 5625 Omitino
403 5573 708 5643 legendum,
739 5585 797 5631 ut
823 5587 906 5634 est
935 5578 988 5633 in
1017 5587 1203 5636 nostro
1229 5573 1439 5637 codice.

1848 4671 1967 4727 dice
2000 4671 2212 4737 legitur.

1923 4742 1982 4813 (i)
2014 4742 2206 4796 Noster
2233 4739 2402 4813 codex
2432 4737 2594 4813 habet
2621 4753 2836 4813 cessere.
2869 4738 2937 4793 At
2967 4737 3101 4793 Mur.
3135 4743 3306 4796 codex
3355 4745 3439 4797 in-

1850 4809 2088 4866 cessere:
2119 4829 2228 4882 quo
2259 4811 2420 4865 modo
2451 4809 2731 4882 legendum
2764 4819 2912 4880 puto.

1921 4883 1983 4953 (j)
2017 4878 2167 4937 Hunc
2194 4897 2407 4938 versum
2433 4889 2488 4934 et
2526 4879 2661 4933 alios
2703 4878 2871 4951 usque
2899 4881 2966 4934 a.l
2995 4878 3156 4936 linem
3186 4884 3440 4938 carminis

1846 4953 2290 5031 cita_t‘l)_ungalus.
2377 5025 2386 5031 ἡ
2659 5024 2670 5031 Δ
2829 5023 2861 5031 η
2957 5023 2969 5031 ,
3064 5023 3075 5031 ,
3302 5021 3312 5031 .

1921 5023 1993 5094 (Ir)
2024 5024 2156 5077 Mur.
2191 5024 2334 5087 cod.,
2367 5025 2608 5079 hominis.
2643 5024 2710 5077 At
2738 5023 2931 5077 melior
2956 5023 3113 5078 lectio
3144 5023 3314 5076 nostri
3346 5039 3437 5076 cn-

1848 5094 2000 5159 dicis,
2032 5111 2192 5163 quam
2220 5097 2461 5163 sequitur
2485 5097 2647 5149 etiam
2676 5095 2964 5163 Dungalus.

1921 5111 2000 5159 :is,
2032 5121 2048 5147 ι
2071 5111 2192 5148 uam
2220 5111 2461 5163 sequitur
2485 5111 2647 5149 etiam
2676 5111 2964 5163 uuligaius.

1921 5166 1979 5236 (ι)
2021 5111 2154 5218 blur.
2188 5167 2330 5229 cod.,
2364 5166 2517 5219 medii
2549 5182 2566 5218 :
2597 5181 2715 5234 quae
2747 5164 2905 5218 lectio
2933 5164 3064 5220 mihi
3110 5162 3278 5232 magis
3320 5163 3432 5231 pla-

1847 5235 1953 5290 cet.
1984 5236 2252 5302 Dungnlus
2282 5245 2459 5290 tamen
2487 5236 2613 5303 legit
2642 5235 2884 5289 medium.

1920 5307 2011 5378 (m)
2042 5305 2186 5378 Mur.
2209 5307 2378 5378 codex
2409 5306 2569 5361 habet
2597 5308 2722 5360 nixa
2746 5348 2760 5374 ,
2795 5313 2976 5360 llOa'Cl'
3004 5306 3134 5375 ﬁxa.
3168 5303 3435 5371 Dungalus

1844 5391 2058 5445 quoque
2091 5377 2214 5444 legit
2242 5377 2371 5446 ﬁxa.

1919 5443 1998 5518 (πί)
2031 5443 2164 5501 Mur.
2192 5443 2336 5511 cod.,
2357 5446 2425 5500 Et
2454 5449 2517 5500 de
2541 5463 2709 5500 cruce.
2736 5445 2929 5518 Noster
2958 5459 3106 5518 vero,
3124 5443 3202 5497 vel
3229 5443 3292 5496 de
3311 5458 3432 5518 crn-

1847 5515 1935 5582 ce,
1971 5515 2080 5588 quo
2119 5518 2278 5588 modo
2309 5518 2588 5587 legendum
2629 5526 2713 5572 est
2744 5535 2756 5569 :
2789 5516 3250 5588 alioquinversu:
3298 5515 3439 5584 pede

1847 5585 2130 5644 laborabit.
2161 5587 2226 5642 Et
2253 5585 2384 5644 sane
2405 5587 2675 5658 Dungalus
2704 5601 2920 5656 quoque
2949 5585 3077 5653 legit
3103 5585 3198 5638 rel.
