4008 6346
380 514 559 570 lnfhsa
585 515 778 572 virtute
803 515 992 583 Deum,
1025 525 1082 575 ut
1111 518 1220 573 duo
1247 517 1500 578 conderet
1528 520 1580 574 in
1605 537 1687 589 se,

386 606 763 680 Distantesque
785 609 970 680 procul
997 615 1220 666 naturas
1241 610 1491 667 redderet
1519 629 1701 668 unum.

388 697 454 754 Ut
486 699 628 756 Deus
655 712 796 758 esset
824 687 1009 768 homo,
1041 702 1182 760 Deus
1210 713 1293 760 est
1337 705 1498 762 homo
1549 705 1719 762 factus
1763 707 1830 761 ab

565 809 570 813 -
1598 799 1756 873 [ipso,

325 883 484 951 ,‘Qui
515 883 656 940 Deus
679 892 778 950 est,
810 885 1058 955 genitore
1085 887 1215 954 Deo,
1247 889 1335 945 cui
1360 892 1533 959 gratia
1555 907 1662 946 non
1689 901 1789 957 est,

272 969 341 1026 ιο
381 972 488 1029 Sed
513 983 739 1045 natura,
785 975 925 1047 quod
969 986 1053 1033 est
1091 979 1282 1034 summi
1310 978 1480 1036 l'atris
1511 981 1698 1037 unicus
1721 983 1830 1037 hae-

1619 1072 1750 1145 [res,

378 1175 539 1232 Solus
565 1177 642 1248 (a)
682 1177 885 1235 habens
912 1180 1186 1250 proprium
1210 1219 1226 1246 ,
1266 1182 1412 1252 quod
1437 1200 1658 1242 munere
1687 1203 1826 1257 prm-

1401 1276 1530 1348 [stat
1558 1277 1758 1334 habere

377 1358 473 1414 llis
499 1361 695 1429 quibus
722 1363 862 1418 alma
887 1363 1018 1420 lides
1045 1364 1254 1421 dederit
1280 1367 1458 1424 divina
1482 1369 1700 1425 mereri.

377 1450 473 1506 Ille
496 1452 658 1521 igitur
687 1469 816 1510 vere
843 1455 999 1512 nobis
1028 1465 1112 1512 est
1141 1459 1378 1514 musicus
1406 1468 1613 1524 auctor,

377 1543 470 1598 Ille
501 1544 666 1600 David
688 1560 869 1610 verus,
893 1547 1160 1603 citharam
1187 1549 1279 1618 qui
1299 1551 1542 1620 corporis
1570 1551 1729 1620 hujus

270 1633 339 1690 d5
381 1635 638 1692 Restituit
665 1638 808 1708 putri
832 1637 906 1711 (lt)
931 1639 1131 1696 dudum
1160 1656 1422 1712 compage
1445 1643 1737 1713 jacentem,

377 1728 448 1784 Et
475 1731 692 1786 tacitam
723 1731 894 1802 ruptis
913 1734 1135 1804 antiquo
1155 1735 1382 1791 crimine
1408 1736 1625 1792 chordis

370 1820 711 1877 Assumendo
733 1838 890 1878 suum
912 1823 1170 1880 Dominus
1197 1827 1468 1896 reparavit
1493 1827 1546 1882 in
1577 1843 1751 1896 usum,

371 1909 758 1983 Consertisque
777 1913 889 1969 Deo
913 1916 1248 1982 mortalibus,
1280 1918 1462 1973 omnia
1483 1933 1668 1974 rerum

369 1999 431 2056 In
455 2002 693 2072 speciem
724 2004 910 2074 prima:
936 2004 1064 2062 fecit
1091 2007 1423 2064 revirescere
1452 2008 1524 2081 (c)
1553 2009 1758 2074 formae,

257 2087 323 2146 εο
379 2087 450 2145 Ut
470 2107 610 2150 nova
636 2103 830 2150 cuncta
857 2096 1056 2159 forent,
1087 2099 1296 2153 cunctis
1324 2099 1555 2155 abeunte
1577 2109 1821 2158 veterno.

370 2185 524 2244 Hanc
550 2199 908 2247 renovaturus
937 2191 1203 2248 citharam
1230 2193 1373 2250 Dens
1409 2197 1522 2267 ipse
1550 2199 1820 2268 magister,

369 2276 493 2349 Ipse
516 2280 599 2335 sui
621 2281 852 2352 positam
881 2283 1161 2354 suspendit
1187 2285 1241 2339 in
1269 2285 1466 2342 arbore
1494 2287 1642 2356 ligni,

367 2366 438 2424 Et
457 2383 622 2427 cruce
650 2381 932 2443 peccatum
957 2374 1138 2431 carnis
1161 2376 1482 2446 perimente,
1514 2381 1752 2438 novavit.

369 2460 549 2531 Atque
578 2462 656 2518 ita
676 2463 962 2518 mortalem
994 2465 1233 2522 numeris
1260 2467 1561 2526 aelestibus
1582 2479 1764 2541 aptam

260 2551 330 2609 55
364 2553 684 2626 Composuit
708 2555 971 2612 citharam
1000 2558 1164 2614 variis
1190 2573 1259 2614 ex
1287 2544 1534 2627 gentibus
1563 2578 1746 2628 unam,

366 2643 694 2716 Omnigenas
715 2648 946 2718 populos
964 2649 1315 2721 compingens
1335 2667 1533 2724 corpus
1553 2655 1606 2710 in
1629 2672 1812 2713 unum.

365 2737 495 2795 Inde
515 2739 779 2796 lacessitis
805 2738 997 2798 ﬁdibus
1015 2741 1083 2797 de
1109 2744 1323 2813 pectine
1351 2744 1513 2802 Verbi

370 2829 486 2887 Vox
512 2829 844 2901 Evangelicae
872 2832 1153 2890 testudinis
1180 2835 1362 2891 omnia
1389 2838 1627 2908 complet

374 2920 553 2979 Laude
576 2924 668 2979 Dei
692 2942 707 2978 :
741 2932 858 2980 toto
886 2925 1084 2982 Christi
1109 2927 1296 3000 chelys
1324 2945 1489 2986 aurea
1515 2933 1716 2988 mundo

277 3011 346 3069 σο
375 3013 626 3074 Personat
653 3017 950 3074 innumeris
977 3033 1086 3075 uno
1115 3019 1486 3077 modulamine
1514 3023 1730 3094 linguis,

367 3095 819 3182 Respondentque
848 3110 962 3168 Deo
992 3112 1212 3184 paribus
1254 3129 1395 3170 nova
1424 3116 1659 3172 carmina
1690 3133 1813 3172 ner-

1614 3209 1733 3282 [vis.

361 3293 466 3351 Sed
491 3296 722 3352 referam
744 3297 813 3353 ad
832 3312 953 3354 mea
971 3307 1146 3370 empta
1174 3298 1396 3370 pedem;
1429 3315 1551 3354 nam
1573 3309 1806 3372 tempus,

1383 3390 1462 3463 [et
1490 3392 1623 3446 hora
1655 3402 1738 3450 est

361 3476 663 3536 Promissas
685 3477 881 3536 oﬁ'erre
904 3479 1092 3551 dapes,
1120 3496 1393 3553 apponere
1422 3483 1572 3540 vobis

357 3568 593 3624 Prandia
620 3571 879 3626 sollicitas
902 3581 1052 3628 caste
1079 3573 1337 3628 sumenda
1371 3589 1467 3643 per
1493 3590 1672 3630 aures.

255 3661 320 3715 65
356 3663 473 3717 Non
506 3664 584 3736 (cf)
617 3664 787 3718 veteri
823 3673 1096 3736 repetam,
1144 3679 1264 3735 qua:
1301 3681 1419 3722 sum
1447 3667 1705 3734 dicturus,
1738 3669 1805 3725 ab

1571 3759 1729 3833 [:ev0.

352 3845 497 3901 Ante
521 3846 638 3901 dies
663 3861 863 3916 paucos
883 3847 1001 3902 istic
1025 3856 1267 3919 spectata
1288 3847 1563 3918 profabor.

351 3936 591 3991 Venerat
631 3937 735 3993 huc
763 3937 978 4008 quidam
1019 3939 1274 4010 placitum
1317 3939 1419 3995 sibi
1467 3941 1680 3996 solvere
1707 3957 1802 3997 vo-

1594 4033 1730 4107 [tum

350 4135 514 4192 Urbis
543 4137 799 4194 Abellinze
827 4139 892 4195 de
921 4138 1112 4197 ﬁnibus
1141 4141 1346 4196 advena
1378 4143 1575 4198 nostris

343 4229 602 4285 Sedibus.
633 4230 729 4287 Hic
758 4247 975 4302 porcum
1003 4233 1180 4288 studio
1209 4248 1430 4291 curante
1458 4243 1722 4306 paratum,

273 4402 345 4481 (α)
374 4401 598 4481 ln_Mur.
620 4404 763 4481 cod,
793 4403 973 4481 Solum
992 4415 1040 4458 et
1069 4405 1279 4461 habens.
1308 4406 1375 4462 At
1395 4408 1565 4464 multo
1585 4410 1799 4481 elegan—

209 4471 305 4528 tior
330 4471 499 4529 lectio
528 4475 700 4529 nostri
723 4475 943 4530 codicis.

269 4551 340 4621 (ὁ)
373 4549 694 4629 Mur._cod.,
751 4550 920 4607 Patri.
964 4553 1032 4610 At
1076 4557 1266 4611 melior
1288 4558 1449 4614 lectio
1477 4575 1597 4629 qua:
1625 4571 1707 4617 est
1737 4563 1787 4620 in

205 4620 390 4675 aoStro
420 4620 628 4677 codice.

265 4699 431 4823 (gain
477 4707 663 4754 nostro
709 4700 895 4756 codice
936 4703 1130 4772 legitur
1157 4711 1470 4764 reviviscere.
1505 4713 1572 4766 At
1596 4713 1785 4784 przefe-

265 4785 287 4821 n
361 4786 420 4823 m
466 4780 599 4823 mtto
635 4771 920 4823 lectionem
959 4775 1156 4823 codicis
1200 4793 1307 4823 mm
1337 4797 1465 4823 ιιαιιι
1492 4791 1572 4823 mn
1605 4785 1782 4823 Μηι-ρ.-

201 4771 420 4847 rendam
466 4780 606 4847 puto
635 4771 920 4847 lectionem
959 4771 1156 4847 codicis
1200 4793 1307 4847 quo
1337 4797 1465 4835 usus
1492 4791 1576 4838 est
1599 4771 1782 4840 Mura-

199 4839 361 4959 ltorius
395 4879 413 4906 ,
464 4840 610 4908 quod
656 4842 891 4896 secunda
915 4845 1116 4914 syllaba
1167 4839 1314 4904 vocis
1353 4839 1652 4910 reviviscere
1713 4839 1782 4910 sit

215 4921 370 4959 ontta.

215 4921 370 4976 onga.

281 4987 338 5048 tl)
370 4986 434 5042 In
465 4994 652 5043 nostro
693 4988 881 5044 codice
924 4990 1118 5058 legitur
1159 5011 1280 5050 non.
1314 4997 1382 5052 At
1427 5000 1603 5056 codex
1646 5004 1778 5060 Mur.

331 5065 354 5110 ι
378 5073 498 5112 nec.

260 5134 505 5211 (e)_Mur.
536 5136 710 5211 codex
739 5138 902 5194 habet
927 5141 1070 5197 illuc.
1103 5145 1172 5199 At
1199 5149 1341 5202 malo
1369 5166 1490 5206 cum
1533 5169 1655 5210 meo
1680 5171 1777 5211 co-

194 5199 516 5274 dice'legere
541 5206 704 5274 illinc,
733 5224 924 5280 nempe
949 5227 1015 5266 ex
1047 5217 1177 5271 urbe
1202 5199 1466 5276 Titiana;

358 5293 629 5380 Votorum
651 5297 1074 5380 ac_oblat_ionum
1105 5320 1277 5373 usum,
1307 5327 1427 5380 qua:
1456 5317 1654 5369 sanctis
1679 5334 1776 5371 rx-

192 5356 532 5451 Eibebanttir,
563 5366 825 5422 elucidavi
870 5369 998 5426 diss.
1043 5356 1778 5451 xvini};d‘ﬁiIaETfé'éﬁn-EQ

189 5429 419 5488 dimitto.
460 5429 829 5492 Munnonws.

255 5508 329 5592 (9)
358 5511 461 5601 Hic
489 5513 636 5601 locus
656 5517 824 5601 valde
832 5531 1116 5601 corruptus
1141 5535 1223 5601 est
1243 5529 1380 5601 apud
1409 5530 1774 5601 Muratorium,

187 5580 358 5648 quiin
387 5580 744 5648 Ambrosiam
792 5587 882 5642 illo
930 5580 1114 5667 codice
1153 5597 1230 5652 sic
1265 5580 1776 5667 testis'i‘aﬁa'iiiii

186 5663 495 5732 magnesiae
520 5665 729 5732 acutum
771 5661 1073 5732 accenderat
1101 5682 1289 5732 acrem,
1321 5661 1426 5724 Etc.
1460 5671 1653 5728 Noster
1679 5693 1774 5730 co-

186 5715 288 5772 dei
312 5715 481 5776 habet
510 5715 814 5818 Fsuis
845 5746 1032 5818 magna
1054 5749 1152 5818 Per
1189 5715 1426 5818 ege‘ntum
1467 5715 1774 5801 accenderat

187 5801 382 5857 acrem;
407 5804 525 5860 quae
573 5794 735 5850 lectio
781 5794 951 5855 multo
996 5794 1169 5859 minus
1217 5794 1472 5866 iitendosa
1517 5794 1772 5878 estflééi

438 5903 721 5972 Panos.
764 5913 930 5977 LXI.

1635 405 1862 464 ΡΟΕΜΑ
1902 407 2014 466 XX.

1848 528 1896 585 Α
1959 524 2028 578 70
2065 525 2404 598 Dilatumque
2433 530 2541 598 diu,
2574 541 2631 589 ut
2658 534 2814 590 simul
2842 539 3025 604 annis‘,
3055 548 3216 612 atque
3243 544 3429 612 sagina

1857 1886 1906 1947 Β

3411 425 3513 483 554

2073 617 2380 686 Cresceret,
2430 624 2535 682 huc
2570 624 2714 682 illinc
2745 627 2812 699 (e)
2846 630 3198 700 perduxerat;
3230 643 3392 706 atque
3426 637 3516 694 ubi

3276 725 3446 798 [venit

2082 797 2286 870 Pingue
2317 820 2481 875 pecus
2513 808 2621 862 voti
2653 807 2717 880 (f)
2758 808 2968 880 jugulat
3013 814 3080 869 de
3119 797 3485 875 moreivoven
3508 849 3520 863 ι

3281 909 3440 982 [ιιιω.

2071 981 2231 1039 Fama
2277 987 2390 1042 suis
2437 991 2612 1058 magni
2661 1007 2758 1063 per
2801 1004 3052 1062 egentum
3098 997 3170 1070 (θ)
3201 981 3518 1057 accenderat

3242 1091 3443 1164 [acrem

2067 1163 2170 1222 Ora
2203 1167 2278 1240 (Ii)
2311 1169 2504 1227 [amem
2527 1183 2582 1230 et
2609 1178 2787 1233 cuncti
2821 1194 3023 1248 magiae
3042 1197 3135 1252 spe
3163 1185 3331 1254 partis
3358 1186 3514 1241 hian-

3217 1275 3348 1347 [ῑθπι
3381 1276 3442 1348 (ί)

1963 1348 2034 1402 75
2071 1349 2388 1408 Tendebant
2412 1355 2478 1410 ad
2506 1357 2684 1427 opima
2715 1375 2869 1415 senes
2899 1364 3145 1419 convivia
3177 1365 3384 1422 faucem
3416 1367 3512 1439 (j).

2067 1441 2273 1498 Interea
2304 1445 2526 1513 largitor
2553 1450 2708 1521 inops
2735 1469 2840 1508 non
2863 1456 3106 1526 partibus
3133 1461 3301 1528 aequis

2069 1533 2266 1589 Dividit
2297 1537 2368 1607 (Ir)
2403 1539 2596 1596 incisas
2625 1558 2836 1612 carnes,
2867 1548 3101 1605 medium
3129 1552 3240 1607 suis
3269 1553 3443 1608 aulert

2064 1623 2325 1697 Sinciput,
2354 1637 2408 1684 et
2429 1636 2634 1688 tantum
2663 1637 2797 1691 secti
2817 1639 3000 1710 coquit
3023 1640 3208 1697 intima
3235 1646 3456 1714 ventris,

2067 1714 2304 1787 Solaque
2333 1724 2660 1792 pauperibus
2689 1729 2810 1782 cesi
2840 1729 3022 1786 vitalia
3049 1734 3197 1803 porci
3237 1719 3243 1726 ’

1963 1809 2032 1862 80
2070 1807 2287 1879 Dividit,
2330 1829 2395 1870 ac
2450 1815 2510 1887 (Ι)
2544 1825 2713 1874 totum
2755 1820 2856 1877 sibi
2897 1839 3091 1896 corpus
3119 1828 3318 1884 habere
3347 1831 3508 1886 relin—

3278 1921 3436 1996 [quit,

2067 1995 2135 2050 Et
2162 2008 2345 2056 votum
2374 2004 2675 2074 complesse
2706 2015 2875 2078 putat,
2899 2009 3157 2082 laetusque
3178 1995 3352 2073 redire

2065 2086 2278 2160 incipit,
2311 2107 2473 2150 ausus
2501 2111 2593 2152 eas
2617 2095 2864 2166 jumento
2887 2101 3165 2172 imponere
3190 2122 3372 2164 secum

2061 2633 2302 2708 Denique
2331 2655 2456 2695 mox
2486 2656 2587 2698 nec
2609 2645 2755 2701 mille
2783 2648 2922 2703 viam
2954 2653 3248 2721 permissus
3267 2656 3417 2712 abire

2060 2723 2329 2816 Passibus,
2360 2731 2607 2790 elucente
2634 2736 2740 2804 die,
2772 2739 2932 2794 simul
2955 2755 3149 2812 aggere
3177 2746 3358 2816 plano,

2058 2815 2175 2872 Non
2205 2820 2441 2877 tenebris
2465 2825 2760 2896 pavitante,
2788 2845 2888 2888 nec
2909 2815 3219 2894 ollendente
3243 2841 3468 2899 salebris

2059 2907 2264 2982 Lapsus
2289 2929 2450 2986 equo,
2481 2926 2536 2973 et
2563 2923 2716 2990 quasi
2747 2921 2882 2981 ﬁxus
2909 2927 3058 2986 humi
3084 2946 3148 2986 se
3174 2933 3361 2991 tollere
3383 2951 3500 2993 rur-

1949 3088 2018 3145 90
2055 3090 2137 3186 ad
2164 3095 2567 3156 consistendum
2597 3109 2849 3174 reparato
2876 3109 3074 3167 robore
3102 3026 3434 3186 sut‘gens[m_Is

2053 3181 2169 3277 hicn
2198 3188 2392 3254 potuit,
2420 3193 2690 3263 coepitque
2719 3198 2886 3266 pedes
2912 3202 3148 3260 clamare
3183 3181 3392 3277 ligatos,

2055 3273 2220 3345 idque
2262 3280 2495 3350 probare
2537 3283 2743 3354 jacens,
2794 3290 2992 3361 plantis
3038 3299 3193 3365 quasi
3224 3273 3498 3373 compede

2767 3445 2786 3457 κ
3058 3385 3278 3462 [junctis
3309 3398 3424 3469 (in).

2052 3461 2146 3518 Hic
2175 3465 2318 3522 aliud
2348 3469 2541 3524 mirum
2565 3467 2694 3528 casu
2720 3477 2954 3532 sociatur
2978 3481 3031 3535 in
3060 3461 3176 3553 ipso
3201 3504 3213 3539 :

2049 3554 2180 3646 ﬁam
2209 3557 2334 3612 dum
2364 3559 2512 3630 illum
2543 3570 2691 3620 tanta
2721 3581 2844 3622 cum
2875 3569 3152 3630 debilitate
3174 3576 3443 3646 iacentem

1939 3641 2008 3694 95
2046 3643 2230 3701 Mmsta
2273 3651 2695 3722 propinquorum
2725 3659 3036 3720 circumstat
3063 3641 3218 3724 turba
3248 3686 3493 3739 suorum,

2042 3735 2372 3807 Jumentnm,
2403 3743 2487 3798 cui
2513 3745 2629 3801 sola
2655 3751 2808 3805 oneri
2834 3755 3056 3823 porcina
3084 3763 3358 3830 manebat,

2040 3826 2340 3887 Ascensore
2361 3833 2443 3887 sui
2471 3849 2719 3906 vacuum,
2751 3849 2808 3894 et
2833 3841 3056 3902 ductore
3084 3849 3327 3908 relictum

2045 3915 2250 3987 Sponte
2269 3937 2366 3978 sua
2395 3938 2454 3978 se
2474 3929 2533 3980 se
2560 3927 2710 3983 nullo
2740 3927 2989 3989 flectente
3017 3937 3295 3997 refrenans

2044 4007 2339 4087 Tamquam
2369 4011 2674 4072 offendiculi
2701 4035 2918 4076 causam
2947 4041 3297 4096 cognosceret
3328 4035 3476 4090 ultro

1906 4096 2006 4151 100
2042 4100 2146 4190 Aut
2175 4102 2409 4171 aliquem
2439 4107 2725 4174 prohibere
2759 4113 2918 4180 viam,
2949 4132 3053 4185 qua
3078 4133 3314 4190 cmperat
3343 4127 3440 4189 ire,

2046 4189 2297 4261 Vidisset,
2329 4195 2406 4248 sic
2435 4195 2564 4266 fugit
2591 4199 2712 4266 iter,
2743 4196 3066 4275 cursuu'ique
3095 4189 3339 4278 retorsit,

1901 4384 2265 4486 mendos:
2291 4398 2470 4486 tamen
2495 4411 2517 4486 Ξ
2547 4397 2800 4486 mendum
2830 4411 3008 4456 autem
3040 4407 3274 4475 tolletur,
3305 4414 3348 4468 si
3382 4431 3481 4486 pro

1898 4471 2090 4536 magna
2120 4457 2263 4525 legas
2291 4463 2468 4532 magni
2493 4473 2585 4518 aut
2608 4483 2825 4536 magnae.

1972 4536 2046 4619 (Ii)
2081 4535 2146 4591 Et
2175 4537 2310 4622 Mur.
2344 4542 2536 4622 cedes,
2566 4553 2619 4597 et
2651 4556 2834 4622 noster
2861 4550 3024 4608 habet
3065 4571 3177 4613 ora.
3206 4560 3274 4615 At
3303 4562 3482 4622 Mura-

1820 4619 1869 4676 ι)
1897 4610 2064 4690 torius
2091 4610 2486 4700 eligendandum
2507 4615 2646 4696 hunc
2678 4616 2852 4673 locum
2876 4627 3100 4700 censuit,
3128 4610 3184 4682 et
3203 4610 3450 4700 legit-or;
3464 4657 3480 4692 :

1893 4679 2016 4766 quia
2033 4678 2277 4766 Lscili‘cet‘
2311 4684 2602 4766 superioris
2642 4702 2826 4744 versus
2855 4678 3482 4766 mendosam

1894 4747 2145 4803 habebat.
2172 4748 2278 4802 Sed
2311 4747 2590 4819 legendum
2618 4766 2698 4810 est
2726 4775 2838 4814 ora.

2066 4827 2200 4919 lgor.
2233 4830 2376 4919 cod,
2411 4834 2628 4888 hiantes.
2660 4835 3078 4919 Utraqnelectio
3108 4850 3416 4919 probabilis.

1987 4899 2034 4984 ί)
2067 4896 2225 4984 Mora,
2277 4903 2492 4984 fatiges:
2523 4921 2644 4984 nam
2695 4896 2852 4984 antea
2878 4896 3482 4984 ξιὲέέὲέιᾝᾶἧὲἓὲἶδᾋι

1892 4969 2295 5061 nosterdcmlex;
2320 4973 2480 5061 habet
2527 4977 2750 5047 faucem.
2785 4979 2890 5036 Sed
2935 4969 3388 5061 u‘imqhéTéEﬁB',

1891 5039 2019 5100 dixi,
2051 5046 2133 5090 est
2166 5041 2478 5108 probabilis.

1959 5117 2032 5188 (Ir)
2057 5116 2185 5170 Post
2209 5133 2419 5175 versum
2443 5122 2512 5176 77
2532 5125 2754 5202 deerant
2776 5130 2826 5184 in
2850 5133 3036 5190 codice
3066 5136 3341 5199 Muratorii
3371 5154 3478 5202 tres

1887 5204 2092 5271 versus,
2123 5203 2353 5271 quosne:
2384 5202 2569 5271 nostro
2599 5197 2785 5271 codice
2814 5203 3008 5260 addidi.
3056 5207 3144 5264 Sic
3174 5197 3477 5271 enituerat

1885 5258 2221 5357 scriptnmui‘n
2254 5259 2527 5357 Murator‘ii
2557 5267 2800 5357 codice:
2829 5258 3476 5357 intereat—tiranii}:inops

1884 5344 1984 5421 no‘n
2019 5327 2252 5421 partibus
2271 5334 2428 5421 (cquis
2453 5332 2666 5416 Dit'idit,
2691 5350 2740 5392 et
2762 5327 3476 5421 .totum‘sio'i

1884 5399 2141 5484 relinquit.
2190 5398 2324 5454 Nini.
2360 5401 2604 5460 librarius
2633 5398 2664 5462 at
2692 5411 2864 5478 primo
2913 5398 3474 5484 diridit

1888 5475 2032 5520 trans
2058 5468 2114 5520 it.

1883 5614 1908 5666 ἴ
1937 5547 2013 5666 Ιςιι)
2048 5546 2180 5600 Mur.
2214 5565 2314 5618 pro
2355 5569 2414 5605 ac
2444 5553 2604 5610 habet
2633 5565 2702 5622 et,
2738 5561 2882 5628 quod
2909 5563 3038 5619 nihil
3067 5567 3352 5628 admodum
3383 5593 3469 5632 re-

1903 5631 1932 5666 c
1993 5657 2006 5666 .

1903 5627 2006 5670 L‘l‘l.

1954 5696 2045 5776 (in)
2079 5697 2212 5790 Illur.
2260 5701 2429 5790 cedent
2457 5703 2690 5790 habebat
2715 5711 3025 5790 conjunctis.
3050 5713 3154 5771 Sed
3186 5719 3468 5790 legendum

1879 5766 2196 5862 esﬂjunrﬁis,
2226 5780 2281 5829 ut
2311 5773 2545 5862 postulat
2571 5777 2728 5855 metri
2759 5766 2894 5862 ratio
2925 5791 2980 5836 ct

1879 5835 2081 5889 codice.
2114 5837 2186 5891 ita
2218 5835 2602 5916 einéndavcrat
2625 5846 2782 5901 etiam
2817 5835 3151 5912 numinis".

3038 5969 3117 6032 18
