4008 6346
272 377 366 437 531

271 513 366 568 Ξΰο
404 513 610 570 δωνίοτ
629 527 686 572 et
709 516 926 582 morbis,
953 527 1006 572 et
1037 518 1344 573 vulneribus
1369 518 1630 573 medicina

406 605 463 661 In
493 621 688 678 corpus
712 616 952 676 grassata
985 623 1161 663 meum
1193 619 1293 674 est,
1322 610 1466 664 velut
1503 609 1696 665 accidit
1723 609 1847 675 Illis,

407 698 552 764 Quos
585 698 818 753 humana
847 715 1034 754 manus
1062 710 1307 771 suspecta
1337 702 1516 757 visitat
1542 709 1677 763 arte,

409 788 636 858 Semper
664 796 720 843 et
750 789 955 845 incerto
984 791 1222 860 trepidos
1248 793 1510 847 solamine
1538 793 1740 862 palpat.

409 875 488 931 En
515 891 616 947 ego
636 894 734 949 per
756 880 916 936 breve
957 898 1096 936 nunc
1136 884 1366 953 spatium
1405 884 1643 954 perlatus
1672 883 1740 937 ad
1771 884 1849 954 ip-

1534 973 1673 1044 [ευπι
1698 971 1776 1043 (α)

269 1050 369 1108 ass
409 1054 602 1112 Felicis
629 1059 799 1113 sancti
827 1059 1042 1125 solium,
1078 1070 1132 1115 et
1163 1062 1435 1132 projectus
1476 1062 1528 1116 in
1559 1062 1672 1132 ipso

409 1146 616 1203 Limine
647 1157 755 1203 tam
783 1150 980 1220 gelido,
1008 1167 1171 1222 quam
1201 1153 1337 1209 duro
1366 1154 1421 1208 in
1450 1167 1717 1208 marmore
1743 1151 1851 1206 fra-

1587 1244 1774 1318 [ctus,

410 1329 584 1400 Atque
622 1329 810 1386 dolens
849 1331 1024 1401 jacui,
1074 1341 1130 1388 et
1175 1333 1320 1390 solus
1365 1335 1493 1390 mihi
1515 1350 1694 1391 sermo
1720 1351 1848 1406 pre-

1566 1428 1774 1501 [candi,

409 1510 537 1566 Sola
577 1511 708 1569 lides
751 1513 1012 1571 medicina
1051 1516 1187 1572 fuit:
1221 1516 1423 1572 nullum
1451 1515 1618 1574 affore
1645 1518 1772 1581 vidi,

411 1601 477 1657 Et
524 1605 668 1659 sensi
705 1605 988 1662 medicum.
1030 1605 1286 1674 Quisnam
1333 1607 1421 1663 hic
1455 1609 1713 1673 medicus,
1747 1609 1850 1664 nisi

1514 1699 1778 1771 [Christus

272 1783 374 1839 270
411 1785 549 1855 Ipse,
581 1786 664 1842 vel
707 1803 738 1842 a
780 1788 996 1845 Christo
1023 1789 1172 1846 Felix
1202 1790 1270 1846 de
1307 1791 1524 1847 nomine
1558 1790 1778 1860 Christi,

1687 383 1918 442 ΡθεΜΑ
1957 383 2071 442 XX.

1875 505 1923 560 Α

3409 390 3523 456 2:03

2089 500 2437 574 σοι-ξω
2464 501 2732 570 Quantum
2776 502 2878 560 illis
2908 519 3025 560 mea
3058 522 3212 576 pmna
3240 507 3364 563 boni
3393 526 3522 578 pro-

2995 597 3230 670 [viderit,
3264 611 3320 653 ut
3340 600 3449 669 jam

1947 681 2052 734 290
2091 680 2437 740 Pmcaveant
2463 685 2529 742 de
2558 687 2783 743 terrenis
2808 690 2906 744 sibi
2937 707 3155 761 parcere
3183 695 3364 759 rebus,

2089 771 2175 837 Et,
2203 774 2348 829 lucra
2378 775 2504 832 dum
2528 786 2764 848 captant,
2795 783 3073 850 acquirere
3095 783 3288 840 damna
3317 787 3526 843 salutis.

2093 862 2225 916 Nam
2252 864 2309 932 si_
2322 864 2389 920 de
2417 866 2505 920 vili
2535 867 2756 935 pecudis
2784 869 2912 924 mihi
2950 887 3112 928 carne
3145 874 3454 930 alimentum

2091 953 2422 1026 Pauperibus
2459 955 2738 1015 fraudasse
2767 961 2964 1016 malum
2988 963 3055 1033 (f)
3082 963 3208 1031 luit,
3236 974 3290 1021 et
3317 968 3442 1038 quid
3473 969 3524 1024 in

3290 1059 3452 1131 [illis,

2089 1137 2192 1206 Qui
2220 1140 2361 1196 male
2379 1139 2592 1197 divitias
2607 1144 2775 1199 multo
2798 1147 2875 1218 (g)
2897 1147 3291 1218 amplectuntur
3309 1154 3527 1206 amore?

1950 1228 2054 1286 295
2090 1229 2430 1301 Defossisque
2454 1248 2554 1288 suo
2581 1235 2784 1304 pariter
2810 1252 2932 1292 cum
2961 1239 3126 1293 corde
3152 1241 3386 1296 metallis

2088 1321 2389 1379 Incubitant
2403 1362 2418 1389 ,
2441 1333 2603 1394 atque
2623 1325 2737 1382 hate
2758 1327 2970 1383 latitare
2991 1328 3259 1400 superﬂua
3273 1333 3526 1402 produnt,

2089 1414 2217 1482 Qua:
2246 1417 2465 1486 proprio
2491 1417 2649 1488 longe
2674 1428 2882 1476 secreta
2913 1430 3131 1477 tuentur
3149 1423 3219 1479 ab
3248 1426 3389 1480 usu?

2091 1505 2229 1572 Quid
2270 1505 2511 1564 facient?
2553 1509 2808 1581 quidnam
2845 1527 2946 1582 pro
2977 1527 3038 1568 se
3078 1513 3173 1569 tibi
3209 1513 3421 1570 Christe
3450 1516 3530 1572 ιο.

3163 1605 3418 1679 [quentur
3437 1609 3461 1661 ἲ

2093 1687 2386 1745 Tantorum
2433 1691 2522 1760 qui
2570 1702 2778 1764 partem
2825 1694 3043 1766 inopum
3109 1697 3383 1763 invasere,
3435 1715 3530 1755 nec

3257 1787 3278 1861 [
3298 1789 3460 1845 ullam

413 1876 481 1931 Et
523 1880 720 1934 virtute
766 1883 1001 1950 potens?
1046 1881 1304 1940 Neutrum
1365 1885 1457 1940 illo
1509 1886 1562 1940 in
1610 1895 1845 1956 tempore

1951 1873 2058 1930 300
2094 1872 2406 1943 Apposuere
2433 1874 2531 1930 sibi
2561 1874 2627 1930 de
2656 1890 2713 1931 re
2741 1884 3029 1948 superante
3058 1878 3323 1934 salutem?

1567 1975 1738 2047 [sensi
1765 2019 1780 2044 ,

414 2058 479 2114 Et
509 2068 688 2116 tamen
718 2062 830 2131 ipse
858 2062 956 2120 fuit
984 2079 1219 2136 praesens
1246 2068 1297 2122 in
1329 2074 1576 2136 utroque,
1602 2067 1744 2123 velut
1763 2063 1852 2125 ine

415 2150 733 2210 Peccantem
774 2166 1022 2224 argueret
1057 2159 1183 2224 cito,
1214 2167 1535 2227 sanaretque
1556 2159 1846 2214 dolentem.

415 2244 518 2300 Par
544 2247 734 2302 modus
759 2247 812 2302 in
840 2249 1018 2318 specie
1046 2250 1191 2303 varia
1220 2249 1348 2304 mihi
1377 2251 1706 2317 castigantis,

275 2333 377 2389 275
415 2333 796 2405 Parcentisqne
822 2336 921 2391 fuit
950 2336 1181 2393 Domini.
1212 2336 1464 2407 Sanator,
1493 2348 1548 2394 et
1577 2340 1720 2419 ultor

411 2425 724 2482 Luminibus
745 2427 917 2494 latuit,
946 2443 1103 2498 poena
1129 2437 1289 2499 atque
1316 2429 1520 2485 medela
1554 2429 1776 2484 refulsit.

412 2517 562 2573 Nunc
584 2532 686 2587 ego
709 2518 818 2588 jam
850 2520 1008 2590 pleno
1036 2521 1286 2590 perfectis
1309 2522 1496 2577 ordine
1525 2524 1665 2578 votis

409 2609 503 2666 Ibo
548 2609 769 2666 domum
816 2611 1052 2684 gaudens
1095 2613 1324 2680 medico,
1367 2623 1618 2684 tutusque
1649 2615 1725 2685 (b)
1757 2630 1851 2686 pa-

1597 2705 1779 2779 [trono

413 2790 694 2846 Eternum
725 2791 903 2848 Felice
930 2793 1060 2849 mihi
1085 2811 1099 2860 ;
1123 2809 1228 2849 non
1247 2794 1358 2865 jam
1382 2795 1457 2866 (c)
1487 2796 1592 2850 ulla
1622 2796 1853 2852 verebor

288 2881 384 2937 280
413 2882 703 2940 Occursura
733 2884 884 2950 mihi,
912 2886 1060 2942 velut
1089 2896 1236 2952 ante,
1264 2888 1463 2959 pericla
1490 2889 1695 2944 viarum
1723 2907 1736 2942 :

421 2973 642 3046 Namque
672 2975 932 3047 periclum
973 2977 1172 3041 aberit,
1206 2979 1329 3049 quia
1357 2994 1517 3034 causa
1547 2981 1720 3034 soluta
1749 2995 1847 3050 pe-

1400 3072 1536 3145 [ricli
1563 3080 1645 3127 est
1674 3073 1773 3144 (α).

408 3157 518 3214 Non
547 3159 783 3215 resoluta
815 3160 946 3216 lides
975 3176 1059 3218 me
1090 3162 1365 3229 vinxerat,
1404 3171 1459 3218 et
1494 3163 1654 3220 modo
1683 3165 1848 3220 solvit

407 3248 526 3306 Rite
551 3251 729 3306 soluta
763 3249 895 3307 lldes
917 3251 988 3323 (ε)
1014 3270 1028 3306 :
1054 3261 1230 3308 tamen
1252 3254 1449 3322 alliget,
1473 3269 1592 3322 oro,
1616 3263 1736 3310 tuus
1757 3270 1844 3310 me
1867 3238 1914 3301 (ἶ

403 3338 625 3412 Semper
676 3356 868 3411 amor,
915 3341 1063 3398 Felix
1107 3361 1120 3396 :
1167 3344 1319 3399 istam
1374 3346 1504 3400 mihi
1553 3355 1709 3402 necte
1748 3363 1842 3404 ca-

1553 3446 1728 3492 tenam

1553 3446 1728 3492 tenam

269 3521 365 3577 165
402 3522 513 3591 Qua
543 3523 642 3578 tibi
677 3539 763 3578 me
803 3539 1092 3594 numquam
1125 3541 1224 3580 nec
1253 3542 1431 3595 mors,
1468 3439 1567 3582 nio
1615 3529 1720 3582 vita
1754 3481 1840 3586 re-

1578 3622 1771 3676 solvat.

1578 3622 1771 3676 solvat.

402 3706 600 3760 Verum
635 3721 825 3761 omnes
853 3706 1175 3775 quicumque
1217 3724 1366 3762 meos
1401 3621 1581 3764 videri:
1607 3710 1842 3781 dolores,

401 3797 564 3866 Inque
594 3806 687 3851 tuo
715 3799 909 3852 merito
938 3799 1144 3866 magnis
1173 3799 1466 3868 insignibus
1491 3802 1653 3856 altam

398 3887 744 3957 Conspexere
773 3904 987 3942 manum
1015 3887 1235 3954 Christi,
1277 3905 1602 3960 cognoscere
1624 3892 1841 3960 debent,

327 4043 409 4111 (α)
443 4039 633 4114 Noster
662 4038 834 4114 codex
866 4040 1122 4114 mendose
1162 4041 1323 4096 habet
1352 4043 1423 4095 ad
1451 4043 1615 4098 illum.
1661 4043 1844 4114 Itaque

261 4109 608 4165 llu'ratoriani
637 4109 840 4164 codicis
871 4112 1152 4166 lectionem
1176 4127 1394 4179 sequor.

325 4181 405 4250 (ὁ)
440 4179 574 4233 Mur.
599 4180 743 4242 cod.,
771 4190 1020 4253 totusque,
1038 4180 1133 4236 sed
1151 4181 1405 4237 mendose
1423 4201 1433 4234 :
1452 4182 1631 4253 itaque
1655 4199 1838 4239 emen-

260 4249 376 4304 davi
411 4267 474 4304 ex
508 4261 692 4305 nostro
721 4249 927 4305 codice.

330 4322 408 4390 (c)
440 4319 574 4373 Mur.
608 4320 727 4390 cod.
761 4321 837 4374 sic
865 4320 1062 4374 habet:
1095 4318 1372 4376 Ᾰίιεγηιιηι
1395 4322 1590 4390 Felice,
1623 4339 1713 4377 nec
1733 4340 1843 4377 amo

258 4394 396 4461 plin:
419 4391 525 4461 ulla
546 4389 769 4444 rerebor.

330 4463 414 4525 (ά)
448 4459 582 4532 Itur.
610 4461 762 4532 cod.,
791 4462 910 4530 quia
932 4477 1087 4532 causa
1115 4461 1353 4532 estnulla
1383 4463 1579 4532 pericli.
1605 4461 1717 4532 Ego
1746 4478 1844 4517 no-

256 4533 352 4585 stri
384 4530 588 4584 codicis
610 4529 894 4585 lectionem
925 4531 1092 4599 probo
1132 4529 1202 4584 ob
1241 4529 1404 4587 verba
1449 4548 1567 4603 quae
1595 4529 1842 4603 proxime

256 4608 575 4655 sentiuntur.

316 4617 1003 4742 tE‘e’)"l‘t:l_lcrt.idic_e_Mttratorii
1032 4671 1217 4726 deerat
1253 4687 1440 4727 versus
1463 4688 1621 4742 quem
1652 4690 1716 4729 ex
1747 4690 1845 4729 no-

255 4738 371 4811 stro
403 4739 589 4811 codice
619 4738 815 4792 addidi.
849 4738 938 4811 Sic
980 4749 1156 4795 autem
1187 4743 1439 4811 scriptmn
1482 4738 1599 4798 erat
1629 4745 1679 4798 in
1708 4744 1843 4799 Mur.

254 4810 447 4885 codice
474 4807 760 4885 :_{Vamque
783 4810 1031 4885 periclum
1060 4813 1240 4876 aberit,
1283 4807 1578 4885 causa
1601 4827 1677 4868 est
1706 4815 1848 4868 nulla

253 4880 458 4948 pericli.
495 4877 619 4933 Non
664 4877 889 4933 resoluta
926 4881 1055 4950 ﬁdes
1096 4877 1306 4937 tamen.‘
1337 4883 1537 4956 alliget,
1570 4902 1661 4939 oro
1684 4923 1698 4948 ,
1733 4893 1847 4937 tum

252 4963 356 5011 me,
387 4957 496 5002 etc.

312 5019 400 5100 .(f)
433 5017 566 5072 Mur.
594 5017 738 5083 cod.,
776 5017 949 5084 malo;
978 5028 1034 5074 at
1073 5022 1262 5077 melior
1309 5024 1476 5077 nostri
1516 5024 1718 5080 codicis
1765 5025 1845 5080 le-

251 5100 387 5143 CIIO.

351 5158 412 5228 g)
444 5157 576 5211 Mur.
608 5156 752 5220 cod.,
779 5175 937 5222 vano;
968 5169 1172 5224 noster,
1200 5163 1379 5217 multo.

327 5164 635 5308 [hllﬁoster
675 5227 847 5308 epdex
878 5230 1036 5284 habet
1065 5231 1230 5284 nobis.
1266 5233 1334 5286 At
1373 5233 1656 5300 legendum
1686 5235 1842 5299 vobis,

252 5305 315 5352 ut
341 5295 434 5352 es:
457 5298 508 5350 in
533 5297 657 5352 cod.
682 5295 814 5351 Itur.

327 5369 404 5436 (i)
436 5366 571 5441 Mur.
604 5365 1152 5441 cod.,ml’giieeemum.
1189 5367 1332 5438 Lege
1357 5387 1478 5441 (μω
1516 5371 1747 5427 diximus
1775 5372 1854 5426 ad.

248 5434 429 5492 carm.
465 5437 546 5498 ll,
581 5451 722 5490 vers.
749 5434 870 5490 5l0.
1272 5434 1290 5438 ⁷
1376 5434 1391 5441 ’
1661 5472 1665 5476 ι

322 5505 402 5578 tj)
429 5507 620 5578 Smne»:
643 5543 657 5566 ,
695 5507 1077 5578 inis,m_amilla
1108 5523 1136 5562 a
1166 5509 1406 5578 sugendo
1434 5511 1644 5566 dicitur.
1675 5511 1855 5566 Lucil-

247 5573 438 5646 Satyr.
473 5576 563 5630 lib.
599 5589 673 5642 tv,
699 5577 838 5645 apud
864 5576 1128 5631 Nonnium
1159 5597 1170 5631 :

380 5709 520 5772 Quod
545 5711 584 5757 si
611 5709 743 5758 nulla
770 5717 928 5772 potest
954 5710 1130 5759 mulier
1158 5718 1253 5758 tam
1279 5725 1485 5772 corpore
1511 5714 1632 5759 dum

385 5771 524 5834 ﬁsse,
551 5781 714 5834 tamen
743 5771 917 5834 tenero
941 5781 1133 5821 maneat
1159 5771 1386 5821 succussu
1414 5773 1640 5834 larerto,

375 5831 438 5881 Iit
459 5847 629 5881 manus
656 5833 856 5883 uberior
881 5833 1070 5884 Iactanti
1097 5836 1144 5882 in
1169 5838 1358 5885 sumine
1383 5837 1528 5885 sidat.

2097 1963 2246 2019 Unus
2285 1964 2399 2019 abit
2436 1966 2651 2021 missus.
2681 1966 2832 2023 Nunc
2870 1983 3067 2023 mensze
3107 1978 3256 2039 grata
3284 1971 3532 2025 secunda:

2095 2054 2318 2111 Fercula
2345 2070 2606 2126 ponemus
2636 2074 2648 2110 :
2674 2056 2770 2112 sed
2797 2058 3040 2128 quamvis
3073 2075 3257 2114 rursus
3290 2059 3531 2116 eamdem

2097 2146 2319 2202 Diverso
2347 2162 2564 2202 carnem
2594 2148 2863 2203 conditam
2887 2148 3007 2219 jure
3034 2149 3284 2208 feremus.

2095 2236 2336 2309 Namque
2389 2237 2534 2293 aliud
2584 2240 2737 2295 vobis
2760 2239 2837 2312 (ἡ)
2868 2241 3090 2309 iterum,
3139 2243 3284 2314 quod
3332 2243 3401 2298 de
3437 2257 3532 2300 suo

3238 2330 3462 2404 [mirum

1952 2420 2058 2475 505
2094 2419 2247 2476 Lusit
2273 2435 2409 2491 opus
2437 2419 2608 2488 Felix,
2637 2422 2769 2477 mira
2802 2424 3040 2479 novitate
3061 2433 3322 2481 retexam.

2093 2509 2360 2582 Tempore
2396 2527 2484 2567 res
2509 2513 2656 2582 prior
2678 2522 2796 2567 est:
2829 2513 2921 2568 sed
2963 2515 3158 2570 nostris
3186 2524 3311 2571 ante
3343 2516 3532 2571 libellis

2095 2600 2390 2668 Prteterita,
2421 2602 2473 2657 in
2495 2618 2730 2672 prmsens
2753 2611 2963 2674 tempus
2983 2615 3194 2660 servata
3217 2615 3459 2662 canetur.

2091 2689 2200 2746 Nec
2229 2689 2410 2757 refert,
2456 2691 2601 2762 quod
2637 2705 2773 2764 Opus
2800 2708 2908 2764 quo
2946 2693 3016 2748 sit
3043 2693 3143 2750 sub
3171 2703 3414 2766 tempore
3441 2711 3531 2764 ge-

3244 2789 3254 2860 [
3277 2796 3420 2842 stum
3445 2805 3459 2851 ;

2093 2870 2241 2929 Unus
2267 2873 2370 2928 erit
2391 2873 2643 2942 quoniam
2672 2874 2832 2930 variis
2861 2885 3114 2944 operator
3141 2876 3194 2932 in
3223 2879 3399 2943 annis,

1950 2963 2056 3018 3l0
2092 2963 2194 3032 Qui
2215 2965 2425 3022 diversa
2450 2965 2576 3020 facit
2604 2977 2912 3022 sanctorum
2941 2969 2993 3022 in
3026 2969 3182 3025 laude
3203 2987 3424 3027 suorum

2092 3054 2350 3114 Omnibus
2378 3058 2431 3112 in
2461 3059 2620 3113 terris
2641 3075 2818 3114 rerum
2849 3060 3105 3115 miracula
3136 3061 3397 3118 Christus.

2094 3148 2353 3218 Agricola:
2378 3149 2593 3220 quidam
2620 3149 2688 3205 de
2714 3151 2910 3207 nostris
2939 3151 3148 3222 longius
3174 3155 3284 3210 oris

2087 3241 2295 3312 Appula
2342 3251 2492 3298 trans
2533 3243 2719 3297 urbem
2767 3242 3131 3300 Beneventum
3162 3246 3232 3317 (i)
3261 3265 3384 3304 rura
3437 3267 3530 3305 co-

3267 3341 3460 3412 [lentes

2088 3425 2164 3481 De
2191 3439 2351 3495 grege
2371 3427 2602 3496 setigero
2631 3428 2810 3482 multis
2838 3443 2867 3482 a
2898 3427 3110 3484 fmtibus
3136 3446 3298 3484 unum

1945 3515 2051 3569 515
2088 3514 2284 3572 Lactea
2305 3516 2480 3572 adhuc
2500 3525 2687 3572 tenero
2708 3518 3006 3586 pulsantem
3028 3519 3236 3574 sumina
3261 3521 3305 3590 (j
3323 3527 3338 3585 )
3356 3530 3531 3578 rostro

2088 3607 2421 3678 Excerpsere
2448 3609 2566 3674 sibi,
2599 3616 2654 3663 et
2690 3619 2937 3665 curatum
2962 3619 3203 3681 tempore
3233 3613 3401 3667 multo

2087 3697 2356 3754 Paverunt
2384 3699 2436 3754 in
2467 3708 2590 3755 vota
2619 3715 2788 3766 suem,
2823 3709 2875 3754 et
2914 3717 3128 3771 coepere
3154 3712 3401 3772 paratum

2088 3792 2291 3848 Ducere
2317 3801 2580 3848 sacratam
2613 3794 2687 3863 (k)
2719 3793 2891 3848 sancti
2922 3792 3112 3849 Felicis
3133 3793 3202 3848 ad
3223 3795 3422 3861 aulam,

2087 3884 2329 3955 Corpore
2349 3883 2417 3939 de
2438 3898 2634 3954 magno
2655 3891 2714 3939 ut
2735 3885 2934 3938 multos
2955 3894 3218 3940 mactatus
3236 3887 3276 3957 (l
3295 3888 3312 3954 )
3334 3902 3532 3956 egenos

1946 4041 2216 4110 Lamprid.
2244 4043 2307 4113 in
2326 4041 2475 4095 Alex.
2506 4041 2691 4113 Severi
2731 4041 2850 4113 Vita
2879 4041 3193 4113 :Jussit,pe
3219 4045 3330 4113 quis
3367 4047 3529 4098 sumi-

1946 4121 2124 4164 natam
2165 4112 2414 4165 occideret
2439 4152 2452 4172 ,
2500 4125 2562 4163 ne
2599 4111 2710 4181 quis
2759 4112 3052 4164 laetantem.
3103 4111 3448 4167 Casaubonus
3477 4115 3530 4167 in

1948 4182 2091 4236 notis
2118 4184 2448 4261 fundantem
2479 4195 2576 4249 pro
2618 4182 2908 4261 saginatam
2933 4181 3200 4261 .explical,
3252 4182 3530 4261 ita_tamen

1946 4259 2004 4306 ut
2027 4251 2304 4305 meliorem
2332 4265 2543 4304 sensum
2574 4250 2877 4311 arbitretur,
2902 4250 2947 4303 si
2971 4259 3172 4303 textum
3201 4253 3433 4316 corrigat
3453 4254 3531 4306 sic

1946 4320 2214 4401 legendo:
2251 4317 2473 4401 Negat}
2511 4336 2651 4401 suem
2682 4320 2992 4400 sumiualam
3018 4321 3530 4401 occidere'aﬂevera

1945 4389 2123 4445 sumen
2152 4389 2217 4445 de
2243 4389 2410 4460 sttillis
2433 4390 2676 4460 mammis
2696 4389 2910 4460 proprie
2939 4397 3241 4460 usurpatur,
3267 4400 3320 4445 et
3342 4407 3409 4460 ex
3441 4393 3532 4445 illo

1945 4460 2212 4531 quoddam
2253 4459 2509 4526 {arcimen
2544 4457 2926 4531 elfonnabatur
2969 4457 3141 4531 Plinio
3180 4477 3256 4531 ac,
3306 4457 3531 4516 Martiali

1947 4529 2092 4602 stupe
2128 4539 2501 4602 memoratum.
2542 4529 2836 4583 Salmasius
2865 4529 2928 4582 ad
2967 4530 3532 4602 eumdemLampridii

1874 4613 1925 4672 ι)
1953 4599 2127 4656 locum
2159 4600 2487 4655 Suminatam
2516 4607 2699 4654 censet
2728 4615 2826 4669 pro
2863 4599 3095 4672 stropha
3110 4599 3531 4672 intelligendam,

1951 4680 2006 4742 et
2029 4672 2303 4742 laetantem
2325 4685 2446 4742 esse
2476 4680 2702 4742 tener-ant
2731 4667 3015 4742 pomum.
3043 4667 3178 4742 Plin.
3200 4667 3389 4735 libfxt,
3412 4687 3532 4742 cap.

1953 4741 2038 4804 37,
2071 4740 2276 4794 sumina
2315 4741 2441 4794 olim
2469 4739 2568 4794 sub
2598 4738 2898 4794 abdominis
2927 4741 3286 4808 appellatione
3325 4738 3534 4795 venisse

1950 4809 2200 4874 allirmat,
2232 4825 2390 4880 quem
2421 4810 2703 4865 consulere
2740 4811 2932 4880 cuique
2974 4809 3198 4866 liberum
3226 4811 3383 4867 facio.
3417 4811 3533 4867 Mu-

1951 4895 2229 4935 RATORIUS.

2023 4950 2094 5019 (k)
2120 4950 2253 5022 Mur.
2279 4949 2423 5014 cod.,
2447 4951 2719 5005 sancitum.
2746 4951 2814 5006 At
2843 4951 3125 5022 legendum
3153 4958 3235 5007 est
3254 4961 3532 5018 sacratam,

1952 5028 2010 5073 ut
2037 5030 2118 5073 est
2146 5021 2196 5072 in
2223 5029 2409 5074 nostro
2437 5021 2640 5077 codice.

2024 5086 2096 5161 (t)
2128 5087 2436 5161 oblationes
2460 5091 2663 5146 votivas
2685 5091 2737 5144 in
2767 5105 3064 5161 pauperum
3092 5090 3382 5161 subsidium
3403 5105 3504 5144 con
3521 5118 3534 5130 ι

1949 5157 2084 5230 ferri
2103 5159 2289 5230 solitas
2330 5177 2436 5213 non
2466 5162 2647 5230 semel
2682 5157 2891 5230 repetit
2915 5160 3191 5230 Paulinus,
3216 5159 3344 5230 quia
3387 5173 3530 5230 mar-

1951 5228 2244 5309 tyribusnid
2284 5229 2570 5309 adntodum
2619 5222 2883 5301 placebat.
2933 5229 2998 5282 Et
3041 5222 3187 5283 sane
3211 5222 3264 5281 in
3295 5222 3531 5309 Ecclesia

1950 5297 2229 5370 laudabilis
2256 5299 2384 5370 olim
2428 5299 2526 5354 fuit
2563 5297 2850 5370 ag‘aparutn
2876 5315 3033 5370 usus,
3063 5298 3417 5370 qtto_no_tnine
3445 5299 3529 5366 pia

1951 5366 2089 5421 intra
2120 5368 2383 5445 ecclesias
2396 5366 2636 5445 convivia
2667 5366 3146 5445 distinguebantur.
3175 5367 3232 5420 In
3263 5367 3530 5445 iisautem

1950 5451 2213 5508 pauperes
2241 5454 2304 5492 ex
2334 5439 2556 5493 divitum
2597 5455 2777 5492 mensa
2828 5437 3248 5508 participabant,
3296 5442 3350 5508 et
3392 5437 3531 5488 eari-

1948 5507 2072 5559 tatis
2113 5507 2271 5562 ardor
2312 5509 2607 5562 fovebatur.
2647 5508 2750 5562 Sed
2771 5506 2934 5576 quum
2965 5507 3087 5561 inde
3116 5507 3280 5559 multa
3321 5506 3526 5558 incom-

1949 5576 2114 5648 moda,
2137 5576 2382 5642 ﬂuerent,
2413 5593 2596 5648 agapzc
2621 5595 2650 5632 e
2671 5575 3092 5631 Christianorum
3123 5575 3526 5648 cmtnsublata‘.

1945 5646 2284 5716 Oblationum
2306 5657 2482 5702 tamen
2508 5646 2632 5701 usus
2649 5648 2983 5714 aliquatenus
3004 5647 3319 5716 permansit,
3334 5661 3531 5713 easque

1945 5715 1998 5766 in
2040 5725 2331 5786 martyrum
2364 5720 2619 5770 honorem
2653 5721 2816 5770 laetas
2861 5717 2918 5770 S.
2955 5715 3088 5784 Aug.
3124 5727 3389 5770 memorat
3435 5717 3526 5769 lih.

1946 5800 2055 5856 vnt,
2088 5785 2207 5854 cap.
2245 5785 2293 5856 7,
2324 5788 2390 5839 de
2419 5788 2532 5840 Civ.
2560 5786 2675 5856 Ilei,
2703 5787 2752 5838 itt
2781 5803 3006 5855 quarunt
3039 5795 3242 5855 partem
3268 5800 3529 5856 pauperes

1943 5855 2102 5907 etiam
2137 5853 2470 5910 vocabantur
2498 5875 2510 5909 :
2543 5853 2902 5924 Qutrruntque,
2943 5858 3017 5912 ait
3040 5853 3174 5924 ille,
3223 5853 3527 5911 adhibentur
