  <div class='ocr_page' id='page_1' title='image "/cluster/home/n/w/nwhite01/storage/ocr_20150623/61/hvd.32044004824777/289.png"; bbox 0 0 4008 6346; ppageno 0'>
   <div class='ocr_carea' id='block_1_1' title="bbox 498 336 3742 417">
    <p class='ocr_par' dir='ltr' id='par_1_1' title="bbox 498 336 3742 417">
     <span class='ocr_line' id='line_1_1' title="bbox 498 336 3742 417; baseline 0.001 -20"><span class='ocrx_word' id='word_1_1' title='bbox 498 340 593 397; x_wconf 76' lang='lat'><strong>567</strong></span> <span class='ocrx_word' id='word_1_2' title='bbox 1415 343 1470 398; x_wconf 88' lang='lat' dir='ltr'><strong>S.</strong></span> <span class='ocrx_word' id='word_1_3' title='bbox 1512 336 1779 417; x_wconf 69' lang='lat' dir='ltr'><strong>PAULINI</strong></span> <span class='ocrx_word' id='word_1_4' title='bbox 1842 342 2084 397; x_wconf 71' lang='lat' dir='ltr'><strong>NOLANI</strong></span> <span class='ocrx_word' id='word_1_5' title='bbox 2116 341 2420 398; x_wconf 84' lang='lat' dir='ltr'><strong>EPISCOPI</strong></span> <span class='ocrx_word' id='word_1_6' title='bbox 2460 341 2802 398; x_wconf 78' lang='grc' dir='ltr'><strong>ΡΟΕΜΑΤΑ.</strong></span> <span class='ocrx_word' id='word_1_7' title='bbox 3640 344 3742 399; x_wconf 79' lang='lat'><strong>568</strong></span> 
     </span>
    </p>
   </div>
   <div class='ocr_carea' id='block_1_2' title="bbox 640 455 3567 529">
    <p class='ocr_par' dir='ltr' id='par_1_2' title="bbox 640 455 3567 529">
     <span class='ocr_line' id='line_1_2' title="bbox 640 455 3567 529; baseline 0.002 -22"><span class='ocrx_word' id='word_1_8' title='bbox 640 455 827 510; x_wconf 79' lang='lat' dir='ltr'><strong>Deberi</strong></span> <span class='ocrx_word' id='word_1_9' title='bbox 849 471 906 510; x_wconf 88' lang='lat' dir='ltr'><strong>se</strong></span> <span class='ocrx_word' id='word_1_10' title='bbox 934 473 1012 520; x_wconf 87' lang='lat' dir='ltr'><strong>se,</strong></span> <span class='ocrx_word' id='word_1_11' title='bbox 1045 473 1226 513; x_wconf 79' lang='lat' dir='ltr'><strong>comes</strong></span> <span class='ocrx_word' id='word_1_12' title='bbox 1254 460 1328 529; x_wconf 77' lang='grc' dir='ltr'><strong>(ιι)</strong></span> <span class='ocrx_word' id='word_1_13' title='bbox 1361 459 1545 528; x_wconf 89' lang='lat' dir='ltr'><strong>incipit</strong></span> <span class='ocrx_word' id='word_1_14' title='bbox 1572 474 1691 514; x_wconf 86' lang='lat' dir='ltr'><strong>esse</strong></span> <span class='ocrx_word' id='word_1_15' title='bbox 1720 459 1990 528; x_wconf 72' lang='lat' dir='ltr'><strong>profectis.</strong></span> <span class='ocrx_word' id='word_1_16' title='bbox 2095 462 2146 519; x_wconf 78' lang='grc' dir='ltr'><strong>Α</strong></span> <span class='ocrx_word' id='word_1_17' title='bbox 2173 455 2277 510; x_wconf 73' lang='grc'><strong>455</strong></span> <span class='ocrx_word' id='word_1_18' title='bbox 2312 456 2638 526; x_wconf 83' lang='lat' dir='ltr'><strong>Pauperibus</strong></span> <span class='ocrx_word' id='word_1_19' title='bbox 2661 457 2864 513; x_wconf 92' lang='lat' dir='ltr'><strong>factura</strong></span> <span class='ocrx_word' id='word_1_20' title='bbox 2886 456 3036 513; x_wconf 86' lang='lat' dir='ltr'><strong>cibos</strong></span> <span class='ocrx_word' id='word_1_21' title='bbox 3055 456 3122 512; x_wconf 89' lang='lat' dir='ltr'><strong>de</strong></span> <span class='ocrx_word' id='word_1_22' title='bbox 3147 470 3376 527; x_wconf 84' lang='lat' dir='ltr'><strong>corpore</strong></span> <span class='ocrx_word' id='word_1_23' title='bbox 3403 470 3567 526; x_wconf 69' lang='lat' dir='ltr'><strong>caeso,</strong></span> 
     </span>
    </p>
   </div>
   <div class='ocr_carea' id='block_1_3' title="bbox 640 545 3744 616">
    <p class='ocr_par' dir='ltr' id='par_1_3' title="bbox 640 545 3744 616">
     <span class='ocr_line' id='line_1_3' title="bbox 640 545 3744 616; baseline 0 -18"><span class='ocrx_word' id='word_1_24' title='bbox 640 545 747 600; x_wconf 74' lang='lat' dir='ltr'><strong>Nec</strong></span> <span class='ocrx_word' id='word_1_25' title='bbox 769 547 924 616; x_wconf 82' lang='lat' dir='ltr'><strong>longe</strong></span> <span class='ocrx_word' id='word_1_26' title='bbox 943 563 1128 603; x_wconf 81' lang='lat' dir='ltr'><strong>comes</strong></span> <span class='ocrx_word' id='word_1_27' title='bbox 1149 557 1249 614; x_wconf 90' lang='lat' dir='ltr'><strong>est,</strong></span> <span class='ocrx_word' id='word_1_28' title='bbox 1283 549 1448 603; x_wconf 85' lang='lat' dir='ltr'><strong>tardis</strong></span> <span class='ocrx_word' id='word_1_29' title='bbox 1468 566 1649 604; x_wconf 88' lang='lat' dir='ltr'><strong>comes</strong></span> <span class='ocrx_word' id='word_1_30' title='bbox 1679 551 1896 605; x_wconf 83' lang='lat' dir='ltr'><strong>orbibus</strong></span> <span class='ocrx_word' id='word_1_31' title='bbox 1924 551 2001 604; x_wconf 90' lang='lat' dir='ltr'><strong>ire</strong></span> <span class='ocrx_word' id='word_1_32' title='bbox 2312 547 2453 602; x_wconf 65' lang='lat' dir='ltr'><strong>Laeta</strong></span> <span class='ocrx_word' id='word_1_33' title='bbox 2482 563 2636 603; x_wconf 87' lang='lat' dir='ltr'><strong>suum</strong></span> <span class='ocrx_word' id='word_1_34' title='bbox 2667 546 2841 601; x_wconf 89' lang='lat' dir='ltr'><strong>fundit</strong></span> <span class='ocrx_word' id='word_1_35' title='bbox 2867 547 3209 603; x_wconf 87' lang='lat' dir='ltr'><strong>dominorum</strong></span> <span class='ocrx_word' id='word_1_36' title='bbox 3237 547 3291 601; x_wconf 91' lang='lat' dir='ltr'><strong>in</strong></span> <span class='ocrx_word' id='word_1_37' title='bbox 3319 555 3444 600; x_wconf 88' lang='lat' dir='ltr'><strong>vota</strong></span> <span class='ocrx_word' id='word_1_38' title='bbox 3474 561 3744 602; x_wconf 83' lang='lat' dir='ltr'><strong>cruorem.</strong></span> 
     </span>
    </p>
   </div>
   <div class='ocr_carea' id='block_1_4' title="bbox 636 637 3748 712">
    <p class='ocr_par' dir='ltr' id='par_1_4' title="bbox 636 637 3748 712">
     <span class='ocr_line' id='line_1_4' title="bbox 636 637 3748 712; baseline 0.001 -23"><span class='ocrx_word' id='word_1_39' title='bbox 636 637 868 705; x_wconf 80' lang='lat' dir='ltr'><strong>Spernit,</strong></span> <span class='ocrx_word' id='word_1_40' title='bbox 900 647 954 692; x_wconf 87' lang='lat' dir='ltr'><strong>et</strong></span> <span class='ocrx_word' id='word_1_41' title='bbox 981 653 1208 694; x_wconf 75' lang='lat' dir='ltr'><strong>excursu</strong></span> <span class='ocrx_word' id='word_1_42' title='bbox 1229 640 1375 694; x_wconf 86' lang='lat' dir='ltr'><strong>velut</strong></span> <span class='ocrx_word' id='word_1_43' title='bbox 1397 641 1670 694; x_wconf 81' lang='lat' dir='ltr'><strong>exultante</strong></span> <span class='ocrx_word' id='word_1_44' title='bbox 1695 639 1767 710; x_wconf 78' lang='lat' dir='ltr'><strong>(b)</strong></span> <span class='ocrx_word' id='word_1_45' title='bbox 1796 649 2072 708; x_wconf 81' lang='lat' dir='ltr'><strong>gementes</strong></span> <span class='ocrx_word' id='word_1_46' title='bbox 2313 641 2668 712; x_wconf 72' lang='lat'><strong>507-508</strong></span> <span class='ocrx_word' id='word_1_47' title='bbox 2687 638 2948 706; x_wconf 86' lang='lat' dir='ltr'><strong>Quorsum</strong></span> <span class='ocrx_word' id='word_1_48' title='bbox 2971 639 3188 695; x_wconf 65' lang='lat' dir='ltr'><strong>isthmc?</strong></span> <span class='ocrx_word' id='word_1_49' title='bbox 3208 638 3461 708; x_wconf 90' lang='lat' dir='ltr'><strong>numquid</strong></span> <span class='ocrx_word' id='word_1_50' title='bbox 3482 637 3748 708; x_wconf 85' lang='lat' dir='ltr'><strong>pecudum</strong></span> 
     </span>
    </p>
   </div>
   <div class='ocr_carea' id='block_1_5' title="bbox 502 726 3677 801">
    <p class='ocr_par' dir='ltr' id='par_1_5' title="bbox 502 726 3677 801">
     <span class='ocr_line' id='line_1_5' title="bbox 502 726 3677 801; baseline 0.002 -22"><span class='ocrx_word' id='word_1_51' title='bbox 502 726 601 780; x_wconf 67' lang='grc' dir='ltr'><strong>4ὶῦ</strong></span> <span class='ocrx_word' id='word_1_52' title='bbox 639 726 991 783; x_wconf 77' lang='lat' dir='ltr'><strong>Prmtervecta</strong></span> <span class='ocrx_word' id='word_1_53' title='bbox 1019 736 1167 784; x_wconf 89' lang='lat' dir='ltr'><strong>rotas</strong></span> <span class='ocrx_word' id='word_1_54' title='bbox 1196 730 1324 784; x_wconf 81' lang='lat' dir='ltr'><strong>lenti</strong></span> <span class='ocrx_word' id='word_1_55' title='bbox 1347 731 1636 784; x_wconf 89' lang='lat' dir='ltr'><strong>moliminis</strong></span> <span class='ocrx_word' id='word_1_56' title='bbox 1665 743 1854 797; x_wconf 90' lang='lat' dir='ltr'><strong>agmen</strong></span> <span class='ocrx_word' id='word_1_57' title='bbox 2811 729 2910 801; x_wconf 81' lang='lat' dir='ltr'>[(d)</span> <span class='ocrx_word' id='word_1_58' title='bbox 2938 738 3042 795; x_wconf 90' lang='lat' dir='ltr'><strong>est,</strong></span> <span class='ocrx_word' id='word_1_59' title='bbox 3072 737 3132 784; x_wconf 86' lang='lat' dir='ltr'><strong>ut</strong></span> <span class='ocrx_word' id='word_1_60' title='bbox 3161 729 3452 800; x_wconf 80' lang='lat' dir='ltr'><strong>Apostolus</strong></span> <span class='ocrx_word' id='word_1_61' title='bbox 3481 730 3677 799; x_wconf 85' lang='lat' dir='ltr'><strong>inquit,</strong></span> 
     </span>
    </p>
   </div>
   <div class='ocr_carea' id='block_1_6' title="bbox 639 817 3624 891">
    <p class='ocr_par' dir='ltr' id='par_1_6' title="bbox 639 817 3624 891">
     <span class='ocr_line' id='line_1_6' title="bbox 639 817 3624 891; baseline 0.002 -21"><span class='ocrx_word' id='word_1_62' title='bbox 639 817 874 887; x_wconf 78' lang='lat' dir='ltr'><strong>Respicit</strong></span> <span class='ocrx_word' id='word_1_63' title='bbox 895 827 1019 874; x_wconf 89' lang='lat' dir='ltr'><strong>ante</strong></span> <span class='ocrx_word' id='word_1_64' title='bbox 1039 820 1248 888; x_wconf 84' lang='lat' dir='ltr'><strong>volans,</strong></span> <span class='ocrx_word' id='word_1_65' title='bbox 1268 835 1370 876; x_wconf 90' lang='lat' dir='ltr'><strong>nec</strong></span> <span class='ocrx_word' id='word_1_66' title='bbox 1391 820 1501 890; x_wconf 90' lang='lat' dir='ltr'><strong>jam</strong></span> <span class='ocrx_word' id='word_1_67' title='bbox 1524 820 1677 874; x_wconf 89' lang='lat' dir='ltr'><strong>timet</strong></span> <span class='ocrx_word' id='word_1_68' title='bbox 1701 819 1767 874; x_wconf 90' lang='lat' dir='ltr'><strong>ad</strong></span> <span class='ocrx_word' id='word_1_69' title='bbox 1783 819 1908 888; x_wconf 87' lang='lat' dir='ltr'><strong>juga</strong></span> <span class='ocrx_word' id='word_1_70' title='bbox 1929 820 2067 888; x_wconf 86' lang='lat' dir='ltr'><strong>cogi,</strong></span> <span class='ocrx_word' id='word_1_71' title='bbox 2313 820 2451 875; x_wconf 88' lang='lat' dir='ltr'><strong>Cura</strong></span> <span class='ocrx_word' id='word_1_72' title='bbox 2483 819 2632 875; x_wconf 87' lang='lat' dir='ltr'><strong>Deo?</strong></span> <span class='ocrx_word' id='word_1_73' title='bbox 2660 819 2768 876; x_wconf 87' lang='lat' dir='ltr'><strong>Sed</strong></span> <span class='ocrx_word' id='word_1_74' title='bbox 2786 821 2877 890; x_wconf 90' lang='lat' dir='ltr'><strong>qui</strong></span> <span class='ocrx_word' id='word_1_75' title='bbox 2898 829 3120 891; x_wconf 83' lang='lat' dir='ltr'><strong>propter</strong></span> <span class='ocrx_word' id='word_1_76' title='bbox 3144 836 3242 877; x_wconf 90' lang='lat' dir='ltr'><strong>nos</strong></span> <span class='ocrx_word' id='word_1_77' title='bbox 3267 822 3448 876; x_wconf 88' lang='lat' dir='ltr'><strong>omnia</strong></span> <span class='ocrx_word' id='word_1_78' title='bbox 3476 821 3624 885; x_wconf 85' lang='lat' dir='ltr'><strong>fecit,</strong></span> 
     </span>
    </p>
   </div>
   <div class='ocr_carea' id='block_1_7' title="bbox 638 906 3678 982">
    <p class='ocr_par' dir='ltr' id='par_1_7' title="bbox 638 906 3678 982">
     <span class='ocr_line' id='line_1_7' title="bbox 638 906 3678 982; baseline 0.002 -23"><span class='ocrx_word' id='word_1_79' title='bbox 638 906 921 977; x_wconf 82' lang='lat' dir='ltr'><strong>lnvisoque</strong></span> <span class='ocrx_word' id='word_1_80' title='bbox 949 909 1100 979; x_wconf 87' lang='lat' dir='ltr'><strong>prius</strong></span> <span class='ocrx_word' id='word_1_81' title='bbox 1129 909 1185 964; x_wconf 84' lang='lat' dir='ltr'><strong>lit</strong></span> <span class='ocrx_word' id='word_1_82' title='bbox 1213 911 1406 976; x_wconf 88' lang='lat' dir='ltr'><strong>amica,</strong></span> <span class='ocrx_word' id='word_1_83' title='bbox 1433 919 1488 966; x_wconf 91' lang='lat' dir='ltr'><strong>et</strong></span> <span class='ocrx_word' id='word_1_84' title='bbox 1510 910 1706 979; x_wconf 67' lang='lat' dir='ltr'><strong>praevia</strong></span> <span class='ocrx_word' id='word_1_85' title='bbox 1735 909 1995 978; x_wconf 85' lang='lat' dir='ltr'><strong>plaustro,</strong></span> <span class='ocrx_word' id='word_1_86' title='bbox 2311 911 2501 966; x_wconf 87' lang='lat' dir='ltr'><strong>Omnia</strong></span> <span class='ocrx_word' id='word_1_87' title='bbox 2528 927 2626 982; x_wconf 87' lang='lat' dir='ltr'><strong>pro</strong></span> <span class='ocrx_word' id='word_1_88' title='bbox 2654 912 2808 967; x_wconf 89' lang='lat' dir='ltr'><strong>nobis</strong></span> <span class='ocrx_word' id='word_1_89' title='bbox 2829 920 3084 982; x_wconf 89' lang='lat' dir='ltr'><strong>operatur</strong></span> <span class='ocrx_word' id='word_1_90' title='bbox 3113 913 3167 966; x_wconf 93' lang='lat' dir='ltr'><strong>in</strong></span> <span class='ocrx_word' id='word_1_91' title='bbox 3199 912 3448 968; x_wconf 87' lang='lat' dir='ltr'><strong>omnibus</strong></span> <span class='ocrx_word' id='word_1_92' title='bbox 3466 922 3678 979; x_wconf 85' lang='lat' dir='ltr'><strong>auctor,</strong></span> 
     </span>
    </p>
   </div>
   <div class='ocr_carea' id='block_1_8' title="bbox 637 999 3698 1075">
    <p class='ocr_par' dir='ltr' id='par_1_8' title="bbox 637 999 3698 1075">
     <span class='ocr_line' id='line_1_8' title="bbox 637 999 3698 1075; baseline 0.001 -23"><span class='ocrx_word' id='word_1_93' title='bbox 637 999 816 1054; x_wconf 89' lang='lat' dir='ltr'><strong>Donec</strong></span> <span class='ocrx_word' id='word_1_94' title='bbox 843 1009 1104 1054; x_wconf 84' lang='lat' dir='ltr'><strong>sacratam</strong></span> <span class='ocrx_word' id='word_1_95' title='bbox 1124 1011 1340 1056; x_wconf 87' lang='lat' dir='ltr'><strong>ventum</strong></span> <span class='ocrx_word' id='word_1_96' title='bbox 1363 1000 1555 1056; x_wconf 85' lang='lat' dir='ltr'><strong>Felicis</strong></span> <span class='ocrx_word' id='word_1_97' title='bbox 1576 1000 1642 1054; x_wconf 90' lang='lat' dir='ltr'><strong>ad</strong></span> <span class='ocrx_word' id='word_1_98' title='bbox 1670 1000 1846 1055; x_wconf 87' lang='lat' dir='ltr'><strong>aulam</strong></span> <span class='ocrx_word' id='word_1_99' title='bbox 1870 1011 1951 1055; x_wconf 87' lang='lat' dir='ltr'><strong>est</strong></span> <span class='ocrx_word' id='word_1_100' title='bbox 1975 999 2068 1072; x_wconf 84' lang='lat' dir='ltr'><strong>(c).</strong></span> <span class='ocrx_word' id='word_1_101' title='bbox 2172 1001 2276 1056; x_wconf 63' lang='grc'><strong>440</strong></span> <span class='ocrx_word' id='word_1_102' title='bbox 2314 1002 2489 1071; x_wconf 83' lang='lat' dir='ltr'><strong>Atque</strong></span> <span class='ocrx_word' id='word_1_103' title='bbox 2508 1017 2606 1072; x_wconf 90' lang='lat' dir='ltr'><strong>per</strong></span> <span class='ocrx_word' id='word_1_104' title='bbox 2634 1002 2845 1071; x_wconf 88' lang='lat' dir='ltr'><strong>ignaras</strong></span> <span class='ocrx_word' id='word_1_105' title='bbox 2873 1003 2944 1075; x_wconf 85' lang='lat' dir='ltr'><strong>(e)</strong></span> <span class='ocrx_word' id='word_1_106' title='bbox 2977 1001 3210 1073; x_wconf 85' lang='lat' dir='ltr'><strong>pecudes</strong></span> <span class='ocrx_word' id='word_1_107' title='bbox 3241 1003 3519 1073; x_wconf 89' lang='lat' dir='ltr'><strong>operantia</strong></span> <span class='ocrx_word' id='word_1_108' title='bbox 3541 1003 3698 1056; x_wconf 90' lang='lat' dir='ltr'><strong>nobis</strong></span> 
     </span>
    </p>
   </div>
   <div class='ocr_carea' id='block_1_9' title="bbox 639 1086 3644 1162">
    <p class='ocr_par' dir='ltr' id='par_1_9' title="bbox 639 1086 3644 1162">
     <span class='ocr_line' id='line_1_9' title="bbox 639 1086 3644 1162; baseline 0.001 -18"><span class='ocrx_word' id='word_1_109' title='bbox 639 1086 750 1145; x_wconf 90' lang='lat' dir='ltr'><strong>Illic</strong></span> <span class='ocrx_word' id='word_1_110' title='bbox 773 1098 966 1159; x_wconf 86' lang='lat' dir='ltr'><strong>sponte</strong></span> <span class='ocrx_word' id='word_1_111' title='bbox 993 1091 1214 1159; x_wconf 79' lang='lat' dir='ltr'><strong>gradum</strong></span> <span class='ocrx_word' id='word_1_112' title='bbox 1242 1091 1400 1158; x_wconf 79' lang='lat' dir='ltr'><strong>sistit,</strong></span> <span class='ocrx_word' id='word_1_113' title='bbox 1431 1106 1656 1160; x_wconf 83' lang='lat' dir='ltr'><strong>seseque</strong></span> <span class='ocrx_word' id='word_1_114' title='bbox 1682 1093 1894 1147; x_wconf 82' lang='lat' dir='ltr'><strong>vocanti</strong></span> <span class='ocrx_word' id='word_1_115' title='bbox 2309 1091 2472 1162; x_wconf 84' lang='lat' dir='ltr'><strong>Signa</strong></span> <span class='ocrx_word' id='word_1_116' title='bbox 2501 1091 2650 1157; x_wconf 91' lang='lat' dir='ltr'><strong>facit,</strong></span> <span class='ocrx_word' id='word_1_117' title='bbox 2680 1093 2868 1148; x_wconf 89' lang='lat' dir='ltr'><strong>brutas</strong></span> <span class='ocrx_word' id='word_1_118' title='bbox 2891 1107 2989 1162; x_wconf 91' lang='lat' dir='ltr'><strong>per</strong></span> <span class='ocrx_word' id='word_1_119' title='bbox 3009 1093 3153 1148; x_wconf 90' lang='lat' dir='ltr'><strong>clara</strong></span> <span class='ocrx_word' id='word_1_120' title='bbox 3176 1091 3403 1161; x_wconf 89' lang='lat' dir='ltr'><strong>insignia</strong></span> <span class='ocrx_word' id='word_1_121' title='bbox 3431 1100 3644 1148; x_wconf 86' lang='lat' dir='ltr'><strong>mentes</strong></span> 
     </span>
    </p>
   </div>
   <div class='ocr_carea' id='block_1_10' title="bbox 494 1179 3636 1252">
    <p class='ocr_par' dir='ltr' id='par_1_10' title="bbox 494 1179 3636 1252">
     <span class='ocr_line' id='line_1_10' title="bbox 494 1179 3636 1252; baseline 0.001 -20"><span class='ocrx_word' id='word_1_122' title='bbox 494 1179 595 1235; x_wconf 74' lang='grc'><strong>650</strong></span> <span class='ocrx_word' id='word_1_123' title='bbox 635 1181 907 1251; x_wconf 71' lang='lat' dir='ltr'><strong>Applicat,</strong></span> <span class='ocrx_word' id='word_1_124' title='bbox 925 1189 980 1236; x_wconf 91' lang='lat' dir='ltr'><strong>et</strong></span> <span class='ocrx_word' id='word_1_125' title='bbox 1010 1189 1285 1251; x_wconf 82' lang='lat' dir='ltr'><strong>tamquam</strong></span> <span class='ocrx_word' id='word_1_126' title='bbox 1315 1182 1425 1237; x_wconf 89' lang='lat' dir='ltr'><strong>voti</strong></span> <span class='ocrx_word' id='word_1_127' title='bbox 1448 1197 1540 1237; x_wconf 86' lang='lat' dir='ltr'><strong>rea</strong></span> <span class='ocrx_word' id='word_1_128' title='bbox 1569 1182 1768 1250; x_wconf 72' lang='lat' dir='ltr'><strong>gaudet</strong></span> <span class='ocrx_word' id='word_1_129' title='bbox 1797 1182 1850 1236; x_wconf 93' lang='lat' dir='ltr'><strong>in</strong></span> <span class='ocrx_word' id='word_1_130' title='bbox 1882 1182 2000 1252; x_wconf 89' lang='lat' dir='ltr'><strong>ipso</strong></span> <span class='ocrx_word' id='word_1_131' title='bbox 2313 1181 2624 1238; x_wconf 90' lang='lat' dir='ltr'><strong>Sollicitans</strong></span> <span class='ocrx_word' id='word_1_132' title='bbox 2647 1183 2860 1236; x_wconf 80' lang='lat' dir='ltr'><strong>firmare</strong></span> <span class='ocrx_word' id='word_1_133' title='bbox 2891 1181 3070 1246; x_wconf 81' lang='lat' dir='ltr'><strong>fidem,</strong></span> <span class='ocrx_word' id='word_1_134' title='bbox 3101 1190 3156 1236; x_wconf 90' lang='lat' dir='ltr'><strong>et</strong></span> <span class='ocrx_word' id='word_1_135' title='bbox 3185 1181 3456 1237; x_wconf 84' lang='lat' dir='ltr'><strong>conlidere</strong></span> <span class='ocrx_word' id='word_1_136' title='bbox 3483 1197 3636 1246; x_wconf 89' lang='lat' dir='ltr'><strong>vero,</strong></span> 
     </span>
    </p>
   </div>
   <div class='ocr_carea' id='block_1_11' title="bbox 631 1271 3645 1342">
    <p class='ocr_par' dir='ltr' id='par_1_11' title="bbox 631 1271 3645 1342">
     <span class='ocr_line' id='line_1_11' title="bbox 631 1271 3645 1342; baseline -0.001 -14"><span class='ocrx_word' id='word_1_137' title='bbox 631 1273 786 1328; x_wconf 85' lang='lat' dir='ltr'><strong>Stare</strong></span> <span class='ocrx_word' id='word_1_138' title='bbox 813 1274 964 1339; x_wconf 82' lang='lat' dir='ltr'><strong>loco,</strong></span> <span class='ocrx_word' id='word_1_139' title='bbox 997 1274 1270 1342; x_wconf 82' lang='lat' dir='ltr'><strong>propriam</strong></span> <span class='ocrx_word' id='word_1_140' title='bbox 1299 1274 1388 1328; x_wconf 89' lang='lat' dir='ltr'><strong>cui</strong></span> <span class='ocrx_word' id='word_1_141' title='bbox 1413 1273 1574 1328; x_wconf 86' lang='lat' dir='ltr'><strong>debet</strong></span> <span class='ocrx_word' id='word_1_142' title='bbox 1600 1274 1818 1329; x_wconf 79' lang='lat' dir='ltr'><strong>victima</strong></span> <span class='ocrx_word' id='word_1_143' title='bbox 1847 1273 2066 1329; x_wconf 63' lang='lat' dir='ltr'><strong>caedem.</strong></span> <span class='ocrx_word' id='word_1_144' title='bbox 2316 1272 2386 1329; x_wconf 89' lang='lat' dir='ltr'><strong>Ut</strong></span> <span class='ocrx_word' id='word_1_145' title='bbox 2406 1274 2692 1329; x_wconf 90' lang='lat' dir='ltr'><strong>Dominum</strong></span> <span class='ocrx_word' id='word_1_146' title='bbox 2717 1272 2922 1328; x_wconf 90' lang='lat' dir='ltr'><strong>dociles</strong></span> <span class='ocrx_word' id='word_1_147' title='bbox 2949 1273 3146 1342; x_wconf 76' lang='lat' dir='ltr'><strong>linguis</strong></span> <span class='ocrx_word' id='word_1_148' title='bbox 3173 1273 3228 1328; x_wconf 90' lang='lat' dir='ltr'><strong>in</strong></span> <span class='ocrx_word' id='word_1_149' title='bbox 3255 1273 3421 1328; x_wconf 88' lang='lat' dir='ltr'><strong>verba</strong></span> <span class='ocrx_word' id='word_1_150' title='bbox 3450 1271 3645 1328; x_wconf 89' lang='lat' dir='ltr'><strong>solutis</strong></span> 
     </span>
    </p>
   </div>
   <div class='ocr_carea' id='block_1_12' title="bbox 630 1361 3747 1435">
    <p class='ocr_par' dir='ltr' id='par_1_12' title="bbox 630 1361 3747 1435">
     <span class='ocr_line' id='line_1_12' title="bbox 630 1361 3747 1435; baseline 0 -17"><span class='ocrx_word' id='word_1_151' title='bbox 630 1365 723 1419; x_wconf 85' lang='lat' dir='ltr'><strong>illa</strong></span> <span class='ocrx_word' id='word_1_152' title='bbox 753 1365 989 1430; x_wconf 87' lang='lat' dir='ltr'><strong>rebellis,</strong></span> <span class='ocrx_word' id='word_1_153' title='bbox 1020 1372 1075 1419; x_wconf 88' lang='lat' dir='ltr'><strong>et</strong></span> <span class='ocrx_word' id='word_1_154' title='bbox 1104 1366 1353 1421; x_wconf 80' lang='lat' dir='ltr'><strong>humanis</strong></span> <span class='ocrx_word' id='word_1_155' title='bbox 1379 1380 1486 1420; x_wconf 89' lang='lat' dir='ltr'><strong>non</strong></span> <span class='ocrx_word' id='word_1_156' title='bbox 1515 1365 1723 1420; x_wconf 90' lang='lat' dir='ltr'><strong>subdita</strong></span> <span class='ocrx_word' id='word_1_157' title='bbox 1752 1367 1942 1423; x_wconf 85' lang='lat' dir='ltr'><strong>vinclis</strong></span> <span class='ocrx_word' id='word_1_158' title='bbox 2172 1365 2276 1420; x_wconf 69' lang='grc'><strong>444</strong></span> <span class='ocrx_word' id='word_1_159' title='bbox 2311 1365 2428 1422; x_wconf 89' lang='lat' dir='ltr'><strong>Non</strong></span> <span class='ocrx_word' id='word_1_160' title='bbox 2478 1373 2692 1421; x_wconf 83' lang='lat' dir='ltr'><strong>taceant</strong></span> <span class='ocrx_word' id='word_1_161' title='bbox 2739 1365 3000 1432; x_wconf 85' lang='lat' dir='ltr'><strong>homines,</strong></span> <span class='ocrx_word' id='word_1_162' title='bbox 3051 1380 3211 1435; x_wconf 89' lang='lat' dir='ltr'><strong>quem</strong></span> <span class='ocrx_word' id='word_1_163' title='bbox 3258 1364 3425 1433; x_wconf 88' lang='lat' dir='ltr'><strong>signis</strong></span> <span class='ocrx_word' id='word_1_164' title='bbox 3469 1371 3619 1418; x_wconf 84' lang='lat' dir='ltr'><strong>muta</strong></span> <span class='ocrx_word' id='word_1_165' title='bbox 3665 1361 3747 1418; x_wconf 85' lang='lat' dir='ltr'><strong>lo-</strong></span> 
     </span>
    </p>
   </div>
   <div class='ocr_carea' id='block_1_13' title="bbox 631 1454 3677 1541">
    <p class='ocr_par' dir='ltr' id='par_1_13' title="bbox 631 1454 3677 1541">
     <span class='ocr_line' id='line_1_13' title="bbox 631 1454 3677 1541; baseline 0 -34"><span class='ocrx_word' id='word_1_166' title='bbox 631 1454 855 1510; x_wconf 88' lang='lat' dir='ltr'><strong>Ducitur</strong></span> <span class='ocrx_word' id='word_1_167' title='bbox 883 1455 949 1509; x_wconf 90' lang='lat' dir='ltr'><strong>ad</strong></span> <span class='ocrx_word' id='word_1_168' title='bbox 980 1454 1247 1536; x_wconf 79' lang='lat' dir='ltr'><strong>placidam</strong></span> <span class='ocrx_word' id='word_1_169' title='bbox 1277 1455 1423 1510; x_wconf 87' lang='lat' dir='ltr'><strong>nullo</strong></span> <span class='ocrx_word' id='word_1_170' title='bbox 1453 1455 1743 1510; x_wconf 86' lang='lat' dir='ltr'><strong>luctamine</strong></span> <span class='ocrx_word' id='word_1_171' title='bbox 1770 1465 2000 1511; x_wconf 88' lang='lat' dir='ltr'><strong>mortem</strong></span> <span class='ocrx_word' id='word_1_172' title='bbox 2560 1526 2576 1541; x_wconf 47' lang='grc' dir='ltr'><strong>ο</strong></span> <span class='ocrx_word' id='word_1_173' title='bbox 3399 1455 3677 1529; x_wconf 90' lang='lat' dir='ltr'><strong>[quuntur.</strong></span> 
     </span>
    </p>
   </div>
   <div class='ocr_carea' id='block_1_14' title="bbox 629 1545 1874 1628">
    <p class='ocr_par' dir='ltr' id='par_1_14' title="bbox 629 1545 1874 1628">
     <span class='ocr_line' id='line_1_14' title="bbox 629 1545 1874 1628; baseline 0.001 -28"><span class='ocrx_word' id='word_1_174' title='bbox 629 1546 953 1602; x_wconf 82' lang='lat' dir='ltr'><strong>lntemerata</strong></span> <span class='ocrx_word' id='word_1_175' title='bbox 973 1545 1120 1615; x_wconf 65' lang='lat' dir='ltr'><strong>iugis</strong></span> <span class='ocrx_word' id='word_1_176' title='bbox 1143 1547 1484 1628; x_wconf 86' lang='lat' dir='ltr'><strong>summittens</strong></span> <span class='ocrx_word' id='word_1_177' title='bbox 1512 1546 1649 1601; x_wconf 90' lang='lat' dir='ltr'><strong>colla</strong></span> <span class='ocrx_word' id='word_1_178' title='bbox 1679 1548 1874 1613; x_wconf 89' lang='lat' dir='ltr'><strong>securi,</strong></span> 
     </span>
    </p>
   </div>
   <div class='ocr_carea' id='block_1_15' title="bbox 561 1705 3754 1800">
    <p class='ocr_par' dir='ltr' id='par_1_15' title="bbox 561 1705 3754 1800">
     <span class='ocr_line' id='line_1_15' title="bbox 561 1705 3754 1800; baseline 0.003 -26"><span class='ocrx_word' id='word_1_179' title='bbox 561 1718 635 1800; x_wconf 79' lang='grc' dir='ltr'><strong>(α)</strong></span> <span class='ocrx_word' id='word_1_180' title='bbox 660 1717 723 1775; x_wconf 88' lang='lat' dir='ltr'><strong>ln</strong></span> <span class='ocrx_word' id='word_1_181' title='bbox 762 1727 946 1774; x_wconf 87' lang='lat' dir='ltr'><strong>nostro</strong></span> <span class='ocrx_word' id='word_1_182' title='bbox 985 1717 1172 1774; x_wconf 86' lang='lat' dir='ltr'><strong>codice</strong></span> <span class='ocrx_word' id='word_1_183' title='bbox 1217 1721 1478 1800; x_wconf 74' lang='lat' dir='ltr'><strong>scriptum</strong></span> <span class='ocrx_word' id='word_1_184' title='bbox 1519 1721 1818 1800; x_wconf 40' lang='lat' dir='ltr'><strong>estncomis.</strong></span> <span class='ocrx_word' id='word_1_185' title='bbox 1850 1717 2070 1800; x_wconf 86' lang='lat' dir='ltr'><strong>Ego_le-</strong></span> <span class='ocrx_word' id='word_1_186' title='bbox 2245 1723 2320 1800; x_wconf 68' lang='grc' dir='ltr'><strong>(ά)</strong></span> <span class='ocrx_word' id='word_1_187' title='bbox 2344 1723 2400 1778; x_wconf 92' lang='lat' dir='ltr'><strong>S.</strong></span> <span class='ocrx_word' id='word_1_188' title='bbox 2419 1705 2632 1800; x_wconf 44' lang='lat' dir='ltr'><strong>&#39;Paulus</strong></span> <span class='ocrx_word' id='word_1_189' title='bbox 2654 1723 2678 1778; x_wconf 87' lang='grc'><strong>1</strong></span> <span class='ocrx_word' id='word_1_190' title='bbox 2699 1725 2763 1781; x_wconf 90' lang='lat' dir='ltr'><strong>ad</strong></span> <span class='ocrx_word' id='word_1_191' title='bbox 2785 1723 3027 1800; x_wconf 70' lang='lat' dir='ltr'><strong>Corinth.</strong></span> <span class='ocrx_word' id='word_1_192' title='bbox 3059 1739 3175 1800; x_wconf 83' lang='lat' dir='ltr'><strong>cap.</strong></span> <span class='ocrx_word' id='word_1_193' title='bbox 3201 1739 3255 1780; x_wconf 67' lang='grc' dir='ltr'>ιι</span> <span class='ocrx_word' id='word_1_194' title='bbox 3275 1723 3382 1800; x_wconf 46' lang='grc' dir='ltr'><strong>τίεν</strong></span> <span class='ocrx_word' id='word_1_195' title='bbox 3405 1727 3504 1799; x_wconf 74' lang='grc' dir='ltr'><strong>γὰρ</strong></span> <span class='ocrx_word' id='word_1_196' title='bbox 3525 1734 3600 1800; x_wconf 79' lang='grc' dir='ltr'>τῷ</span> <span class='ocrx_word' id='word_1_197' title='bbox 3618 1725 3754 1798; x_wconf 69' lang='grc' dir='ltr'><strong>νόμῳ</strong></span> 
     </span>
    </p>
   </div>
   <div class='ocr_carea' id='block_1_16' title="bbox 489 1789 2072 1885">
    <p class='ocr_par' dir='ltr' id='par_1_16' title="bbox 489 1789 2069 1885">
     <span class='ocr_line' id='line_1_16' title="bbox 489 1789 2069 1885; baseline -0.001 -40"><span class='ocrx_word' id='word_1_198' title='bbox 489 1789 941 1885; x_wconf 44' lang='lat' dir='ltr'><strong>gepldﬁn.eeqsw</strong></span> <span class='ocrx_word' id='word_1_199' title='bbox 963 1798 1349 1885; x_wconf 37' lang='lat' dir='ltr'><strong>centes:</strong></span> <span class='ocrx_word' id='word_1_200' title='bbox 1369 1791 1422 1844; x_wconf 90' lang='lat' dir='ltr'><strong>in</strong></span> <span class='ocrx_word' id='word_1_201' title='bbox 1443 1789 1561 1844; x_wconf 81' lang='lat' dir='ltr'><strong>cod.</strong></span> <span class='ocrx_word' id='word_1_202' title='bbox 1587 1789 1721 1843; x_wconf 85' lang='lat' dir='ltr'><strong>Mur.</strong></span> <span class='ocrx_word' id='word_1_203' title='bbox 1748 1790 1877 1843; x_wconf 85' lang='lat' dir='ltr'><strong>Nam</strong></span> <span class='ocrx_word' id='word_1_204' title='bbox 1900 1791 2069 1860; x_wconf 88' lang='lat' dir='ltr'><strong>prima</strong></span> 
     </span>
    </p>
   </div>
   <div class='ocr_carea' id='block_1_17' title="bbox 2170 1789 3753 1885">
    <p class='ocr_par' dir='ltr' id='par_1_17' title="bbox 2173 1789 3753 1885">
     <span class='ocr_line' id='line_1_17' title="bbox 2173 1789 3753 1878; baseline 0.001 -28"><span class='ocrx_word' id='word_1_205' title='bbox 2173 1789 2390 1855; x_wconf 63' lang='grc' dir='ltr'><strong>ὺιώσᾶως</strong></span> <span class='ocrx_word' id='word_1_206' title='bbox 2409 1797 2689 1868; x_wconf 71' lang='grc' dir='ltr'><strong>γέγρατται</strong></span> <span class='ocrx_word' id='word_1_207' title='bbox 2713 1811 2726 1847; x_wconf 85' lang='lat'><strong>:</strong></span> <span class='ocrx_word' id='word_1_208' title='bbox 2753 1797 2812 1850; x_wconf 80' lang='grc' dir='ltr'><strong>οὐ</strong></span> <span class='ocrx_word' id='word_1_209' title='bbox 2854 1801 3085 1878; x_wconf 56' lang='grc' dir='ltr'><strong>τιμώσας</strong></span> <span class='ocrx_word' id='word_1_210' title='bbox 3122 1789 3246 1867; x_wconf 67' lang='grc' dir='ltr'><strong>βοῦν</strong></span> <span class='ocrx_word' id='word_1_211' title='bbox 3276 1789 3502 1851; x_wconf 59' lang='grc' dir='ltr'><strong>ἆλοώἶδτᾶ</strong></span> <span class='ocrx_word' id='word_1_212' title='bbox 3550 1789 3632 1855; x_wconf 60' lang='lat' dir='ltr'><strong>ibi</strong></span> <span class='ocrx_word' id='word_1_213' title='bbox 3655 1789 3753 1852; x_wconf 56' lang='grc' dir='ltr'><strong>’ξῶλι</strong></span> 
     </span>
     <span class='ocr_line' id='line_1_18' title="bbox 2179 1863 3751 1885; baseline 0 0"><span class='ocrx_word' id='word_1_214' title='bbox 2179 1865 2208 1885; x_wconf 69' lang='grc' dir='ltr'><strong>Δ</strong></span> <span class='ocrx_word' id='word_1_215' title='bbox 2249 1873 2272 1884; x_wconf 71' lang='grc' dir='ltr'><strong><em>ο</em></strong></span> <span class='ocrx_word' id='word_1_216' title='bbox 2386 1867 2417 1885; x_wconf 66' lang='grc' dir='ltr'>Α</span> <span class='ocrx_word' id='word_1_217' title='bbox 2538 1873 2562 1884; x_wconf 77' lang='lat'><strong>-</strong></span> <span class='ocrx_word' id='word_1_218' title='bbox 2593 1867 2620 1885; x_wconf 78' lang='grc' dir='ltr'><strong>Λ</strong></span> <span class='ocrx_word' id='word_1_219' title='bbox 2655 1873 2678 1884; x_wconf 74' lang='grc' dir='ltr'><strong>ι-</strong></span> <span class='ocrx_word' id='word_1_220' title='bbox 2759 1864 3012 1885; x_wconf 38' lang='grc' dir='ltr'><strong>Ωμ.-μμ.μμ--</strong></span> <span class='ocrx_word' id='word_1_221' title='bbox 3063 1874 3128 1885; x_wconf 69' lang='grc' dir='ltr'><strong>--Α</strong></span> <span class='ocrx_word' id='word_1_222' title='bbox 3155 1867 3200 1885; x_wconf 59' lang='grc' dir='ltr'><strong>εμ</strong></span> <span class='ocrx_word' id='word_1_223' title='bbox 3251 1866 3356 1885; x_wconf 44' lang='lat'><strong>1-“-</strong></span> <span class='ocrx_word' id='word_1_224' title='bbox 3399 1863 3569 1885; x_wconf 22' lang='lat' dir='ltr'><strong>unos:</strong></span> <span class='ocrx_word' id='word_1_225' title='bbox 3593 1883 3603 1885; x_wconf 96' lang='lat'><em>_</em></span> <span class='ocrx_word' id='word_1_226' title='bbox 3639 1863 3751 1885; x_wconf 57' lang='lat' dir='ltr'><strong>&quot;-U</strong></span> 
     </span>
    </p>
   </div>
   <div class='ocr_carea' id='block_1_18' title="bbox 491 1859 2074 1942">
    <p class='ocr_par' dir='ltr' id='par_1_18' title="bbox 491 1859 1911 1942">
     <span class='ocr_line' id='line_1_19' title="bbox 491 1859 1911 1942; baseline -0.001 -28"><span class='ocrx_word' id='word_1_227' title='bbox 491 1859 868 1942; x_wconf 41' lang='lat' dir='ltr'><strong>sylﬂla‘bajocis</strong></span> <span class='ocrx_word' id='word_1_228' title='bbox 895 1863 1054 1942; x_wconf 74' lang='lat' dir='ltr'><strong>comis</strong></span> <span class='ocrx_word' id='word_1_229' title='bbox 1083 1867 1168 1941; x_wconf 76' lang='lat' dir='ltr'><strong>est</strong></span> <span class='ocrx_word' id='word_1_230' title='bbox 1198 1860 1374 1942; x_wconf 48' lang='lat' dir='ltr'><strong>I‘onga.</strong></span> <span class='ocrx_word' id='word_1_231' title='bbox 1438 1927 1479 1942; x_wconf 51' lang='grc' dir='ltr'><strong>ῃ</strong></span> <span class='ocrx_word' id='word_1_232' title='bbox 1727 1928 1741 1942; x_wconf 78' lang='lat'><em>_</em></span> <span class='ocrx_word' id='word_1_233' title='bbox 1836 1929 1848 1942; x_wconf 40' lang='grc' dir='ltr'><strong>ο</strong></span> <span class='ocrx_word' id='word_1_234' title='bbox 1906 1859 1911 1860; x_wconf 56' lang='grc'><strong><em>⁷</em></strong></span> 
     </span>
    </p>
   </div>
   <div class='ocr_carea' id='block_1_19' title="bbox 2174 1859 3757 1942">
    <p class='ocr_par' dir='ltr' id='par_1_19' title="bbox 2174 1859 3757 1942">
     <span class='ocr_line' id='line_1_20' title="bbox 2174 1859 3757 1942; baseline 0 -6"><span class='ocrx_word' id='word_1_235' title='bbox 2174 1865 2309 1942; x_wconf 64' lang='grc' dir='ltr'><strong>βρεῖνν</strong></span> <span class='ocrx_word' id='word_1_236' title='bbox 2337 1859 2461 1942; x_wconf 59' lang='grc' dir='ltr'><strong>μετα</strong></span> <span class='ocrx_word' id='word_1_237' title='bbox 2476 1859 2568 1942; x_wconf 60' lang='grc' dir='ltr'><strong>’λεῷ</strong></span> <span class='ocrx_word' id='word_1_238' title='bbox 2592 1867 2734 1942; x_wconf 71' lang='grc' dir='ltr'><strong>θεῷσ,</strong></span> <span class='ocrx_word' id='word_1_239' title='bbox 2753 1859 3028 1942; x_wconf 57' lang='lat' dir='ltr'><strong>Scriptum</strong></span> <span class='ocrx_word' id='word_1_240' title='bbox 3049 1859 3131 1920; x_wconf 71' lang='grc' dir='ltr'><strong>εεέ</strong></span> <span class='ocrx_word' id='word_1_241' title='bbox 3151 1867 3206 1942; x_wconf 64' lang='lat'><strong>5&#39;!</strong></span> <span class='ocrx_word' id='word_1_242' title='bbox 3228 1866 3370 1942; x_wconf 52' lang='grc' dir='ltr'><strong>,ιφ</strong></span> <span class='ocrx_word' id='word_1_243' title='bbox 3391 1863 3569 1942; x_wconf 54' lang='grc' dir='ltr'><strong>ξομε</strong></span> <span class='ocrx_word' id='word_1_244' title='bbox 3585 1883 3604 1920; x_wconf 74' lang='grc' dir='ltr'><em>ε</em></span> <span class='ocrx_word' id='word_1_245' title='bbox 3630 1863 3757 1920; x_wconf 70' lang='lat' dir='ltr'><strong>Non</strong></span> 
     </span>
    </p>
   </div>
   <div class='ocr_carea' id='block_1_20' title="bbox 492 1927 2075 2062">
    <p class='ocr_par' dir='ltr' id='par_1_20' title="bbox 492 1927 2070 2056">
     <span class='ocr_line' id='line_1_21' title="bbox 492 1927 2070 2056; baseline 0.002 -74"><span class='ocrx_word' id='word_1_246' title='bbox 492 1927 829 2056; x_wconf 41' lang='grc' dir='ltr'><strong>ώῗῖἰέίυτ.</strong></span> <span class='ocrx_word' id='word_1_247' title='bbox 881 1928 1029 1994; x_wconf 87' lang='lat' dir='ltr'><strong>cod.,</strong></span> <span class='ocrx_word' id='word_1_248' title='bbox 1085 1929 1385 1983; x_wconf 71' lang='lat' dir='ltr'><strong>insultante.</strong></span> <span class='ocrx_word' id='word_1_249' title='bbox 1438 1927 1674 1998; x_wconf 80' lang='lat' dir='ltr'><strong>Utraque</strong></span> <span class='ocrx_word' id='word_1_250' title='bbox 1727 1928 1887 1986; x_wconf 81' lang='lat' dir='ltr'><strong>lectio</strong></span> <span class='ocrx_word' id='word_1_251' title='bbox 1939 1945 2070 2000; x_wconf 84' lang='lat' dir='ltr'><strong>pro-</strong></span> 
     </span>
    </p>
   </div>
   <div class='ocr_carea' id='block_1_21' title="bbox 2172 1927 3755 2062">
    <p class='ocr_par' dir='ltr' id='par_1_21' title="bbox 2172 1927 3755 2062">
     <span class='ocr_line' id='line_1_22' title="bbox 2172 1927 3755 2006; baseline 0.001 -18"><span class='ocrx_word' id='word_1_252' title='bbox 2172 1927 2413 2006; x_wconf 61' lang='lat' dir='ltr'><strong>alligabis</strong></span> <span class='ocrx_word' id='word_1_253' title='bbox 2437 1951 2496 1989; x_wconf 70' lang='lat' dir='ltr'><strong>os</strong></span> <span class='ocrx_word' id='word_1_254' title='bbox 2521 1927 2638 1990; x_wconf 76' lang='grc' dir='ltr'><strong>6ουὶ</strong></span> <span class='ocrx_word' id='word_1_255' title='bbox 2659 1927 2948 1990; x_wconf 66' lang='grc' dir='ltr'><strong>ὶνὶωνατίεὶ.</strong></span> <span class='ocrx_word' id='word_1_256' title='bbox 2971 1933 3239 2006; x_wconf 75' lang='lat' dir='ltr'><strong>Numquid</strong></span> <span class='ocrx_word' id='word_1_257' title='bbox 3257 1927 3323 1989; x_wconf 69' lang='lat' dir='ltr'><strong>az</strong></span> <span class='ocrx_word' id='word_1_258' title='bbox 3350 1927 3508 1990; x_wconf 68' lang='lat' dir='ltr'><strong>bobus</strong></span> <span class='ocrx_word' id='word_1_259' title='bbox 3525 1952 3654 1991; x_wconf 79' lang='lat' dir='ltr'><strong>cura</strong></span> <span class='ocrx_word' id='word_1_260' title='bbox 3681 1943 3755 1990; x_wconf 77' lang='lat' dir='ltr'><strong>est</strong></span> 
     </span>
     <span class='ocr_line' id='line_1_23' title="bbox 2172 2003 2712 2062; baseline 0.002 -4"><span class='ocrx_word' id='word_1_261' title='bbox 2172 2003 2321 2060; x_wconf 75' lang='lat' dir='ltr'><strong>Deo?</strong></span> <span class='ocrx_word' id='word_1_262' title='bbox 2340 2004 2712 2062; x_wconf 76' lang='lat' dir='ltr'><strong>Munuonws.</strong></span> 
     </span>
    </p>
   </div>
   <div class='ocr_carea' id='block_1_22' title="bbox 575 2067 3753 2214">
    <p class='ocr_par' dir='ltr' id='par_1_22' title="bbox 575 2067 3753 2214">
     <span class='ocr_line' id='line_1_24' title="bbox 575 2067 3753 2214; baseline 0.002 -91"><span class='ocrx_word' id='word_1_263' title='bbox 575 2067 853 2194; x_wconf 41' lang='lat' dir='ltr'><strong>1;).‘Vocula</strong></span> <span class='ocrx_word' id='word_1_264' title='bbox 876 2078 953 2124; x_wconf 75' lang='lat' dir='ltr'><strong>est</strong></span> <span class='ocrx_word' id='word_1_265' title='bbox 970 2067 1122 2124; x_wconf 88' lang='lat' dir='ltr'><strong>deest</strong></span> <span class='ocrx_word' id='word_1_266' title='bbox 1150 2068 1202 2123; x_wconf 90' lang='lat' dir='ltr'><strong>in</strong></span> <span class='ocrx_word' id='word_1_267' title='bbox 1229 2067 1348 2124; x_wconf 90' lang='lat' dir='ltr'><strong>cod.</strong></span> <span class='ocrx_word' id='word_1_268' title='bbox 1383 2067 1856 2140; x_wconf 81' lang='lat' dir='ltr'><strong>Muratoriizquod</strong></span> <span class='ocrx_word' id='word_1_269' title='bbox 1882 2085 2070 2140; x_wconf 86' lang='lat' dir='ltr'><strong>parum</strong></span> <span class='ocrx_word' id='word_1_270' title='bbox 2179 2075 2320 2214; x_wconf 37' lang='grc' dir='ltr'><strong>σε,έᾶ</strong></span> <span class='ocrx_word' id='word_1_271' title='bbox 2354 2073 2648 2130; x_wconf 75' lang='lat' dir='ltr'><strong>Emendavi</strong></span> <span class='ocrx_word' id='word_1_272' title='bbox 2676 2090 2742 2130; x_wconf 79' lang='lat' dir='ltr'><strong>ex</strong></span> <span class='ocrx_word' id='word_1_273' title='bbox 2779 2083 2966 2132; x_wconf 80' lang='lat' dir='ltr'><strong>nostro</strong></span> <span class='ocrx_word' id='word_1_274' title='bbox 2999 2074 3207 2133; x_wconf 85' lang='lat' dir='ltr'><strong>codice.</strong></span> <span class='ocrx_word' id='word_1_275' title='bbox 3247 2074 3391 2133; x_wconf 79' lang='lat' dir='ltr'><strong>Mur.</strong></span> <span class='ocrx_word' id='word_1_276' title='bbox 3417 2074 3543 2139; x_wconf 78' lang='lat' dir='ltr'><strong>cod.</strong></span> <span class='ocrx_word' id='word_1_277' title='bbox 3580 2072 3753 2130; x_wconf 74' lang='lat' dir='ltr'><strong>habet</strong></span> 
     </span>
     <span class='ocr_line' id='line_1_25' title="bbox 664 2161 2404 2200; baseline 0.003 -6"><span class='ocrx_word' id='word_1_278' title='bbox 664 2176 679 2194; x_wconf 90' lang='lat'><strong>.</strong></span> <span class='ocrx_word' id='word_1_279' title='bbox 2173 2161 2190 2198; x_wconf 77' lang='grc' dir='ltr'>ι</span> <span class='ocrx_word' id='word_1_280' title='bbox 2319 2161 2404 2200; x_wconf 83' lang='lat' dir='ltr'><strong>as.</strong></span> 
     </span>
    </p>
   </div>
   <div class='ocr_carea' id='block_1_23' title="bbox 1809 2273 2448 2374">
    <p class='ocr_par' dir='ltr' id='par_1_23' title="bbox 1809 2273 2448 2374">
     <span class='ocr_line' id='line_1_26' title="bbox 1809 2273 2448 2374; baseline 0.008 -4"><span class='ocrx_word' id='word_1_281' title='bbox 1809 2273 2448 2374; x_wconf 79' lang='lat' dir='ltr'><strong>munATonn</strong></span> 
     </span>
    </p>
   </div>
   <div class='ocr_carea' id='block_1_24' title="bbox 1934 2621 2386 2684">
    <p class='ocr_par' dir='ltr' id='par_1_24' title="bbox 1934 2621 2386 2684">
     <span class='ocr_line' id='line_1_27' title="bbox 1934 2621 2386 2684; baseline -0.004 0"><span class='ocrx_word' id='word_1_282' title='bbox 1934 2621 2386 2684; x_wconf 73' lang='lat' dir='ltr'><strong>PREFATIO.</strong></span> 
     </span>
    </p>
   </div>
   <div class='ocr_carea' id='block_1_25' title="bbox 560 2754 3764 2832">
    <p class='ocr_par' dir='ltr' id='par_1_25' title="bbox 560 2754 3764 2832">
     <span class='ocr_line' id='line_1_28' title="bbox 560 2754 3764 2832; baseline -0.003 -15"><span class='ocrx_word' id='word_1_283' title='bbox 560 2757 797 2831; x_wconf 66' lang='grc' dir='ltr'><strong>δυο-5</strong></span> <span class='ocrx_word' id='word_1_284' title='bbox 807 2758 908 2830; x_wconf 76' lang='grc' dir='ltr'><strong>ιο</strong></span> <span class='ocrx_word' id='word_1_285' title='bbox 917 2757 1091 2830; x_wconf 83' lang='lat' dir='ltr'><strong>Supra</strong></span> <span class='ocrx_word' id='word_1_286' title='bbox 1106 2758 1242 2816; x_wconf 81' lang='lat' dir='ltr'><strong>alios</strong></span> <span class='ocrx_word' id='word_1_287' title='bbox 1257 2759 1472 2817; x_wconf 86' lang='lat' dir='ltr'><strong>Natales</strong></span> <span class='ocrx_word' id='word_1_288' title='bbox 1495 2760 1686 2832; x_wconf 85' lang='lat' dir='ltr'><strong>procul</strong></span> <span class='ocrx_word' id='word_1_289' title='bbox 1705 2760 1868 2819; x_wconf 87' lang='lat' dir='ltr'><strong>dubio</strong></span> <span class='ocrx_word' id='word_1_290' title='bbox 1883 2762 2324 2832; x_wconf 83' lang='lat' dir='ltr'><strong>praeclarissimus</strong></span> <span class='ocrx_word' id='word_1_291' title='bbox 2343 2770 2428 2817; x_wconf 86' lang='lat' dir='ltr'><strong>est</strong></span> <span class='ocrx_word' id='word_1_292' title='bbox 2439 2761 2680 2817; x_wconf 85' lang='lat' dir='ltr'><strong>decimus</strong></span> <span class='ocrx_word' id='word_1_293' title='bbox 2700 2759 2910 2824; x_wconf 77' lang='lat' dir='ltr'><strong>tertius,</strong></span> <span class='ocrx_word' id='word_1_294' title='bbox 2929 2766 3042 2814; x_wconf 83' lang='lat' dir='ltr'><strong>tum</strong></span> <span class='ocrx_word' id='word_1_295' title='bbox 3063 2764 3296 2829; x_wconf 62' lang='lat' dir='ltr'><strong>propter</strong></span> <span class='ocrx_word' id='word_1_296' title='bbox 3298 2754 3624 2812; x_wconf 78' lang='lat' dir='ltr'><strong>uberrimam</strong></span> <span class='ocrx_word' id='word_1_297' title='bbox 3643 2766 3764 2808; x_wconf 86' lang='lat' dir='ltr'><strong>eru-</strong></span> 
     </span>
    </p>
   </div>
   <div class='ocr_carea' id='block_1_26' title="bbox 488 2845 3766 2925">
    <p class='ocr_par' dir='ltr' id='par_1_26' title="bbox 488 2845 3766 2925">
     <span class='ocr_line' id='line_1_29' title="bbox 488 2845 3766 2925; baseline -0.003 -19"><span class='ocrx_word' id='word_1_298' title='bbox 488 2849 781 2918; x_wconf 81' lang='lat' dir='ltr'><strong>ditionem,</strong></span> <span class='ocrx_word' id='word_1_299' title='bbox 806 2866 1001 2922; x_wconf 68' lang='lat' dir='ltr'><strong>resque</strong></span> <span class='ocrx_word' id='word_1_300' title='bbox 1025 2861 1204 2921; x_wconf 84' lang='lat' dir='ltr'><strong>gestas</strong></span> <span class='ocrx_word' id='word_1_301' title='bbox 1237 2851 1446 2908; x_wconf 84' lang='lat' dir='ltr'><strong>Paulini</strong></span> <span class='ocrx_word' id='word_1_302' title='bbox 1487 2851 1605 2912; x_wconf 87' lang='lat' dir='ltr'><strong>fuse</strong></span> <span class='ocrx_word' id='word_1_303' title='bbox 1632 2853 1742 2911; x_wconf 89' lang='lat' dir='ltr'><strong>illic</strong></span> <span class='ocrx_word' id='word_1_304' title='bbox 1761 2853 2075 2925; x_wconf 75' lang='lat' dir='ltr'><strong>explicatas,</strong></span> <span class='ocrx_word' id='word_1_305' title='bbox 2097 2863 2213 2910; x_wconf 90' lang='lat' dir='ltr'><strong>tum</strong></span> <span class='ocrx_word' id='word_1_306' title='bbox 2239 2855 2407 2912; x_wconf 87' lang='lat' dir='ltr'><strong>etiam</strong></span> <span class='ocrx_word' id='word_1_307' title='bbox 2433 2860 2656 2925; x_wconf 82' lang='lat' dir='ltr'><strong>propter</strong></span> <span class='ocrx_word' id='word_1_308' title='bbox 2679 2850 2908 2907; x_wconf 78' lang='lat' dir='ltr'><strong>eximios</strong></span> <span class='ocrx_word' id='word_1_309' title='bbox 2931 2850 3101 2917; x_wconf 82' lang='lat' dir='ltr'><strong>viros,</strong></span> <span class='ocrx_word' id='word_1_310' title='bbox 3122 2849 3344 2919; x_wconf 88' lang='lat' dir='ltr'><strong>piasque</strong></span> <span class='ocrx_word' id='word_1_311' title='bbox 3371 2845 3621 2911; x_wconf 86' lang='lat' dir='ltr'><strong>feminas,</strong></span> <span class='ocrx_word' id='word_1_312' title='bbox 3640 2857 3766 2915; x_wconf 67' lang='lat' dir='ltr'><strong>qun</strong></span> 
     </span>
    </p>
   </div>
   <div class='ocr_carea' id='block_1_27' title="bbox 489 2938 3764 3020">
    <p class='ocr_par' dir='ltr' id='par_1_27' title="bbox 489 2938 3764 3020">
     <span class='ocr_line' id='line_1_30' title="bbox 489 2938 3764 3020; baseline -0.002 -23"><span class='ocrx_word' id='word_1_313' title='bbox 489 2939 634 2997; x_wconf 64' lang='lat' dir='ltr'><strong>Nola</strong></span> <span class='ocrx_word' id='word_1_314' title='bbox 660 2943 963 2999; x_wconf 71' lang='lat' dir='ltr'><strong>constitutae</strong></span> <span class='ocrx_word' id='word_1_315' title='bbox 980 2945 1236 3016; x_wconf 88' lang='lat' dir='ltr'><strong>episcopo</strong></span> <span class='ocrx_word' id='word_1_316' title='bbox 1253 2947 1468 3003; x_wconf 86' lang='lat' dir='ltr'><strong>canenti</strong></span> <span class='ocrx_word' id='word_1_317' title='bbox 1488 2947 1733 3014; x_wconf 90' lang='lat' dir='ltr'><strong>aderant,</strong></span> <span class='ocrx_word' id='word_1_318' title='bbox 1750 2948 2092 3020; x_wconf 88' lang='lat' dir='ltr'><strong>pretiumque</strong></span> <span class='ocrx_word' id='word_1_319' title='bbox 2109 2948 2466 3006; x_wconf 85' lang='lat' dir='ltr'><strong>solemnitatis</strong></span> <span class='ocrx_word' id='word_1_320' title='bbox 2478 2945 2769 3015; x_wconf 77' lang='lat' dir='ltr'><strong>augebant.</strong></span> <span class='ocrx_word' id='word_1_321' title='bbox 2794 2943 2982 3000; x_wconf 81' lang='lat' dir='ltr'><strong>Annus</strong></span> <span class='ocrx_word' id='word_1_322' title='bbox 3000 2956 3110 3012; x_wconf 92' lang='lat' dir='ltr'><strong>quo</strong></span> <span class='ocrx_word' id='word_1_323' title='bbox 3124 2939 3325 2995; x_wconf 79' lang='lat' dir='ltr'><strong>Natalis</strong></span> <span class='ocrx_word' id='word_1_324' title='bbox 3339 2938 3730 3010; x_wconf 83' lang='lat' dir='ltr'><strong>pronunciatus</strong></span> <span class='ocrx_word' id='word_1_325' title='bbox 3747 2974 3764 3000; x_wconf 90' lang='lat'><strong>,</strong></span> 
     </span>
    </p>
   </div>
   <div class='ocr_carea' id='block_1_28' title="bbox 488 3027 3768 3110">
    <p class='ocr_par' dir='ltr' id='par_1_28' title="bbox 488 3027 3768 3110">
     <span class='ocr_line' id='line_1_31' title="bbox 488 3027 3768 3110; baseline -0.002 -21"><span class='ocrx_word' id='word_1_326' title='bbox 488 3035 816 3104; x_wconf 81' lang='lat' dir='ltr'><strong>cstrulgaris</strong></span> <span class='ocrx_word' id='word_1_327' title='bbox 830 3037 1049 3106; x_wconf 62' lang='lat' dir='ltr'><strong>epochse</strong></span> <span class='ocrx_word' id='word_1_328' title='bbox 1068 3035 1192 3104; x_wconf 70' lang='lat'><strong>406,</strong></span> <span class='ocrx_word' id='word_1_329' title='bbox 1217 3038 1294 3092; x_wconf 90' lang='lat' dir='ltr'><strong>uti</strong></span> <span class='ocrx_word' id='word_1_330' title='bbox 1311 3035 1629 3108; x_wconf 87' lang='lat' dir='ltr'><strong>Chimetius,</strong></span> <span class='ocrx_word' id='word_1_331' title='bbox 1649 3048 1804 3110; x_wconf 86' lang='lat' dir='ltr'><strong>parte</strong></span> <span class='ocrx_word' id='word_1_332' title='bbox 1827 3039 1864 3094; x_wconf 73' lang='lat'><strong>2</strong></span> <span class='ocrx_word' id='word_1_333' title='bbox 1886 3039 2096 3097; x_wconf 86' lang='lat' dir='ltr'><strong>Paulini</strong></span> <span class='ocrx_word' id='word_1_334' title='bbox 2123 3040 2395 3106; x_wconf 86' lang='lat' dir='ltr'><strong>illustrati,</strong></span> <span class='ocrx_word' id='word_1_335' title='bbox 2417 3037 2607 3095; x_wconf 85' lang='lat' dir='ltr'><strong>solidis</strong></span> <span class='ocrx_word' id='word_1_336' title='bbox 2629 3035 2958 3106; x_wconf 86' lang='lat' dir='ltr'><strong>argumentis</strong></span> <span class='ocrx_word' id='word_1_337' title='bbox 2979 3034 3170 3090; x_wconf 88' lang='lat' dir='ltr'><strong>ductus</strong></span> <span class='ocrx_word' id='word_1_338' title='bbox 3197 3031 3409 3103; x_wconf 89' lang='lat' dir='ltr'><strong>probat,</strong></span> <span class='ocrx_word' id='word_1_339' title='bbox 3430 3045 3494 3085; x_wconf 91' lang='lat' dir='ltr'><strong>ac</strong></span> <span class='ocrx_word' id='word_1_340' title='bbox 3510 3027 3768 3100; x_wconf 83' lang='lat' dir='ltr'><strong>Prosperi</strong></span> 
     </span>
    </p>
   </div>
   <div class='ocr_carea' id='block_1_29' title="bbox 487 3122 3768 3202">
    <p class='ocr_par' dir='ltr' id='par_1_29' title="bbox 487 3122 3768 3202">
     <span class='ocr_line' id='line_1_32' title="bbox 487 3122 3768 3202; baseline -0.001 -23"><span class='ocrx_word' id='word_1_341' title='bbox 487 3123 798 3184; x_wconf 76' lang='lat' dir='ltr'><strong>Chronieon</strong></span> <span class='ocrx_word' id='word_1_342' title='bbox 815 3136 1062 3186; x_wconf 85' lang='lat' dir='ltr'><strong>testatur.</strong></span> <span class='ocrx_word' id='word_1_343' title='bbox 1084 3130 1297 3187; x_wconf 86' lang='lat' dir='ltr'><strong>Etenim</strong></span> <span class='ocrx_word' id='word_1_344' title='bbox 1322 3131 1397 3187; x_wconf 92' lang='lat' dir='ltr'><strong>ibi</strong></span> <span class='ocrx_word' id='word_1_345' title='bbox 1421 3130 1751 3202; x_wconf 78' lang='lat' dir='ltr'><strong>Radagaisus</strong></span> <span class='ocrx_word' id='word_1_346' title='bbox 1776 3149 1899 3190; x_wconf 90' lang='lat' dir='ltr'><strong>cum</strong></span> <span class='ocrx_word' id='word_1_347' title='bbox 1925 3149 2025 3191; x_wconf 89' lang='lat' dir='ltr'><strong>suo</strong></span> <span class='ocrx_word' id='word_1_348' title='bbox 2054 3135 2300 3192; x_wconf 78' lang='lat' dir='ltr'><strong>exercitu</strong></span> <span class='ocrx_word' id='word_1_349' title='bbox 2325 3133 2392 3190; x_wconf 83' lang='lat' dir='ltr'><strong>ad</strong></span> <span class='ocrx_word' id='word_1_350' title='bbox 2419 3131 2844 3194; x_wconf 86' lang='lat' dir='ltr'><strong>internecionem</strong></span> <span class='ocrx_word' id='word_1_351' title='bbox 2882 3126 3194 3200; x_wconf 79' lang='lat' dir='ltr'><strong>profligatus</strong></span> <span class='ocrx_word' id='word_1_352' title='bbox 3215 3125 3410 3182; x_wconf 89' lang='lat' dir='ltr'><strong>dicitur</strong></span> <span class='ocrx_word' id='word_1_353' title='bbox 3440 3122 3699 3180; x_wconf 78' lang='lat' dir='ltr'><strong>Stilicone</strong></span> <span class='ocrx_word' id='word_1_354' title='bbox 3729 3137 3768 3177; x_wconf 84' lang='grc' dir='ltr'><strong>ιι</strong></span> 
     </span>
    </p>
   </div>
   <div class='ocr_carea' id='block_1_30' title="bbox 487 3213 3768 3298">
    <p class='ocr_par' dir='ltr' id='par_1_30' title="bbox 487 3213 3768 3298">
     <span class='ocr_line' id='line_1_33' title="bbox 487 3213 3768 3298; baseline -0.002 -24"><span class='ocrx_word' id='word_1_355' title='bbox 487 3228 539 3274; x_wconf 80' lang='lat' dir='ltr'><strong>et</strong></span> <span class='ocrx_word' id='word_1_356' title='bbox 570 3221 807 3276; x_wconf 76' lang='lat' dir='ltr'><strong>Autemio</strong></span> <span class='ocrx_word' id='word_1_357' title='bbox 832 3224 1145 3292; x_wconf 75' lang='lat' dir='ltr'><strong>consulibus,</strong></span> <span class='ocrx_word' id='word_1_358' title='bbox 1179 3239 1323 3281; x_wconf 90' lang='lat' dir='ltr'><strong>anno</strong></span> <span class='ocrx_word' id='word_1_359' title='bbox 1360 3239 1557 3297; x_wconf 88' lang='lat' dir='ltr'><strong>nempe</strong></span> <span class='ocrx_word' id='word_1_360' title='bbox 1585 3224 1710 3281; x_wconf 68' lang='grc'><strong>405.</strong></span> <span class='ocrx_word' id='word_1_361' title='bbox 1740 3226 1906 3297; x_wconf 83' lang='lat' dir='ltr'><strong>Igitur</strong></span> <span class='ocrx_word' id='word_1_362' title='bbox 1927 3228 2174 3298; x_wconf 88' lang='lat' dir='ltr'><strong>sequenti</strong></span> <span class='ocrx_word' id='word_1_363' title='bbox 2203 3241 2347 3282; x_wconf 90' lang='lat' dir='ltr'><strong>anno</strong></span> <span class='ocrx_word' id='word_1_364' title='bbox 2393 3239 2582 3296; x_wconf 83' lang='lat' dir='ltr'><strong>pacem</strong></span> <span class='ocrx_word' id='word_1_365' title='bbox 2629 3222 2796 3279; x_wconf 70' lang='lat' dir='ltr'><strong>italiae</strong></span> <span class='ocrx_word' id='word_1_366' title='bbox 2838 3220 3101 3278; x_wconf 84' lang='lat' dir='ltr'><strong>redditam</strong></span> <span class='ocrx_word' id='word_1_367' title='bbox 3130 3218 3275 3275; x_wconf 87' lang='lat' dir='ltr'><strong>canit</strong></span> <span class='ocrx_word' id='word_1_368' title='bbox 3304 3213 3582 3280; x_wconf 81' lang='lat' dir='ltr'><strong>Paulinus,</strong></span> <span class='ocrx_word' id='word_1_369' title='bbox 3615 3229 3680 3268; x_wconf 82' lang='lat' dir='ltr'><strong>ac</strong></span> <span class='ocrx_word' id='word_1_370' title='bbox 3711 3213 3768 3268; x_wconf 87' lang='lat' dir='ltr'><strong>in</strong></span> 
     </span>
    </p>
   </div>
   <div class='ocr_carea' id='block_1_31' title="bbox 489 3305 3768 3391">
    <p class='ocr_par' dir='ltr' id='par_1_31' title="bbox 489 3305 3768 3391">
     <span class='ocr_line' id='line_1_34' title="bbox 489 3305 3768 3391; baseline -0.001 -29"><span class='ocrx_word' id='word_1_371' title='bbox 489 3322 633 3365; x_wconf 88' lang='lat' dir='ltr'><strong>anno</strong></span> <span class='ocrx_word' id='word_1_372' title='bbox 659 3320 943 3382; x_wconf 87' lang='lat' dir='ltr'><strong>pr0pterea</strong></span> <span class='ocrx_word' id='word_1_373' title='bbox 974 3314 1078 3369; x_wconf 64' lang='lat'><strong>406</strong></span> <span class='ocrx_word' id='word_1_374' title='bbox 1119 3313 1363 3387; x_wconf 76' lang='lat' dir='ltr'><strong>ﬁgendus</strong></span> <span class='ocrx_word' id='word_1_375' title='bbox 1400 3315 1624 3372; x_wconf 88' lang='lat' dir='ltr'><strong>Natalis.</strong></span> <span class='ocrx_word' id='word_1_376' title='bbox 1664 3317 1820 3374; x_wconf 90' lang='lat' dir='ltr'><strong>Nunc</strong></span> <span class='ocrx_word' id='word_1_377' title='bbox 1863 3318 2137 3375; x_wconf 84' lang='lat' dir='ltr'><strong>videamus</strong></span> <span class='ocrx_word' id='word_1_378' title='bbox 2172 3319 2392 3391; x_wconf 86' lang='lat' dir='ltr'><strong>quinam</strong></span> <span class='ocrx_word' id='word_1_379' title='bbox 2419 3317 2528 3372; x_wconf 91' lang='lat' dir='ltr'><strong>sint</strong></span> <span class='ocrx_word' id='word_1_380' title='bbox 2554 3316 2788 3371; x_wconf 86' lang='lat' dir='ltr'><strong>illustres</strong></span> <span class='ocrx_word' id='word_1_381' title='bbox 2813 3313 2851 3368; x_wconf 92' lang='lat' dir='ltr'><strong>ii</strong></span> <span class='ocrx_word' id='word_1_382' title='bbox 2879 3312 2978 3367; x_wconf 92' lang='lat' dir='ltr'><strong>viri</strong></span> <span class='ocrx_word' id='word_1_383' title='bbox 3017 3326 3081 3367; x_wconf 91' lang='lat' dir='ltr'><strong>ac</strong></span> <span class='ocrx_word' id='word_1_384' title='bbox 3133 3309 3364 3373; x_wconf 73' lang='lat' dir='ltr'><strong>feminm,</strong></span> <span class='ocrx_word' id='word_1_385' title='bbox 3403 3305 3599 3377; x_wconf 81' lang='lat' dir='ltr'><strong>quibus</strong></span> <span class='ocrx_word' id='word_1_386' title='bbox 3626 3318 3768 3376; x_wconf 63' lang='lat' dir='ltr'><strong>pra-</strong></span> 
     </span>
    </p>
   </div>
   <div class='ocr_carea' id='block_1_32' title="bbox 489 3394 3768 3480">
    <p class='ocr_par' dir='ltr' id='par_1_32' title="bbox 489 3394 3768 3480">
     <span class='ocr_line' id='line_1_35' title="bbox 489 3394 3768 3480; baseline -0.002 -25"><span class='ocrx_word' id='word_1_387' title='bbox 489 3401 726 3457; x_wconf 79' lang='lat' dir='ltr'><strong>sentibus</strong></span> <span class='ocrx_word' id='word_1_388' title='bbox 763 3403 1218 3474; x_wconf 80' lang='lat' dir='ltr'><strong>elegantissimum</strong></span> <span class='ocrx_word' id='word_1_389' title='bbox 1255 3421 1474 3465; x_wconf 85' lang='lat' dir='ltr'><strong>carmen</strong></span> <span class='ocrx_word' id='word_1_390' title='bbox 1510 3407 1760 3464; x_wconf 84' lang='lat' dir='ltr'><strong>recitavit</strong></span> <span class='ocrx_word' id='word_1_391' title='bbox 1806 3416 1969 3480; x_wconf 89' lang='lat' dir='ltr'><strong>poeta</strong></span> <span class='ocrx_word' id='word_1_392' title='bbox 2011 3416 2216 3467; x_wconf 89' lang='lat' dir='ltr'><strong>noster.</strong></span> <span class='ocrx_word' id='word_1_393' title='bbox 2264 3407 2463 3466; x_wconf 88' lang='lat' dir='ltr'><strong>Decem</strong></span> <span class='ocrx_word' id='word_1_394' title='bbox 2516 3421 2623 3462; x_wconf 90' lang='lat' dir='ltr'><strong>una</strong></span> <span class='ocrx_word' id='word_1_395' title='bbox 2663 3419 2785 3462; x_wconf 89' lang='lat' dir='ltr'><strong>cum</strong></span> <span class='ocrx_word' id='word_1_396' title='bbox 2826 3400 3054 3460; x_wconf 87' lang='lat' dir='ltr'><strong>Paulino</strong></span> <span class='ocrx_word' id='word_1_397' title='bbox 3099 3399 3281 3466; x_wconf 83' lang='lat' dir='ltr'><strong>fuisse,</strong></span> <span class='ocrx_word' id='word_1_398' title='bbox 3324 3395 3573 3470; x_wconf 78' lang='lat' dir='ltr'><strong>proditur</strong></span> <span class='ocrx_word' id='word_1_399' title='bbox 3617 3394 3768 3451; x_wconf 78' lang='lat' dir='ltr'><strong>hisce</strong></span> 
     </span>
    </p>
   </div>
   <div class='ocr_carea' id='block_1_33' title="bbox 489 3492 765 3548">
    <p class='ocr_par' dir='ltr' id='par_1_33' title="bbox 489 3492 765 3548">
     <span class='ocr_line' id='line_1_36' title="bbox 489 3492 765 3548; baseline 0.004 -3"><span class='ocrx_word' id='word_1_400' title='bbox 489 3492 728 3548; x_wconf 81' lang='lat' dir='ltr'><strong>versibus</strong></span> <span class='ocrx_word' id='word_1_401' title='bbox 753 3512 765 3546; x_wconf 90' lang='lat'><strong>:</strong></span> 
     </span>
    </p>
   </div>
   <div class='ocr_carea' id='block_1_34' title="bbox 1415 3591 2633 3657">
    <p class='ocr_par' dir='ltr' id='par_1_34' title="bbox 1415 3591 2633 3657">
     <span class='ocr_line' id='line_1_37' title="bbox 1415 3591 2633 3657; baseline -0.001 -16"><span class='ocrx_word' id='word_1_402' title='bbox 1415 3591 1546 3657; x_wconf 73' lang='lat' dir='ltr'><strong>Ergo</strong></span> <span class='ocrx_word' id='word_1_403' title='bbox 1569 3603 1745 3643; x_wconf 90' lang='lat' dir='ltr'><strong>novem</strong></span> <span class='ocrx_word' id='word_1_404' title='bbox 1767 3593 1930 3643; x_wconf 90' lang='lat' dir='ltr'><strong>cuncti</strong></span> <span class='ocrx_word' id='word_1_405' title='bbox 1952 3593 2083 3644; x_wconf 83' lang='lat' dir='ltr'><strong>socia</strong></span> <span class='ocrx_word' id='word_1_406' title='bbox 2104 3605 2212 3644; x_wconf 87' lang='lat' dir='ltr'><strong>cum</strong></span> <span class='ocrx_word' id='word_1_407' title='bbox 2236 3595 2373 3657; x_wconf 87' lang='lat' dir='ltr'><strong>prole</strong></span> <span class='ocrx_word' id='word_1_408' title='bbox 2398 3599 2633 3657; x_wconf 78' lang='lat' dir='ltr'><strong>parentes</strong></span> 
     </span>
    </p>
   </div>
   <div class='ocr_carea' id='block_1_35' title="bbox 1516 3653 2510 3717">
    <p class='ocr_par' dir='ltr' id='par_1_35' title="bbox 1516 3653 2510 3717">
     <span class='ocr_line' id='line_1_38' title="bbox 1516 3653 2510 3717; baseline 0 -16"><span class='ocrx_word' id='word_1_409' title='bbox 1516 3661 1685 3717; x_wconf 80' lang='lat' dir='ltr'><strong>eetore</strong></span> <span class='ocrx_word' id='word_1_410' title='bbox 1705 3657 1930 3704; x_wconf 80' lang='lat' dir='ltr'><strong>concordi</strong></span> <span class='ocrx_word' id='word_1_411' title='bbox 1953 3659 2107 3704; x_wconf 85' lang='lat' dir='ltr'><strong>simus</strong></span> <span class='ocrx_word' id='word_1_412' title='bbox 2127 3661 2183 3706; x_wconf 91' lang='lat' dir='ltr'><strong>ut</strong></span> <span class='ocrx_word' id='word_1_413' title='bbox 2204 3653 2297 3705; x_wconf 80' lang='lat' dir='ltr'><strong>una</strong></span> <span class='ocrx_word' id='word_1_414' title='bbox 2322 3653 2510 3717; x_wconf 85' lang='lat' dir='ltr'><strong>chelys.</strong></span> 
     </span>
    </p>
   </div>
   <div class='ocr_carea' id='block_1_36' title="bbox 1411 3713 2651 3779">
    <p class='ocr_par' dir='ltr' id='par_1_36' title="bbox 1411 3713 2651 3779">
     <span class='ocr_line' id='line_1_39' title="bbox 1411 3713 2651 3779; baseline 0.001 -15"><span class='ocrx_word' id='word_1_415' title='bbox 1411 3713 1634 3779; x_wconf 67' lang='lat' dir='ltr'><strong>IEtpilius</strong></span> <span class='ocrx_word' id='word_1_416' title='bbox 1658 3717 1825 3779; x_wconf 83' lang='lat' dir='ltr'><strong>veniat</strong></span> <span class='ocrx_word' id='word_1_417' title='bbox 1845 3717 1892 3765; x_wconf 73' lang='lat' dir='ltr'><strong>dt</strong></span> <span class='ocrx_word' id='word_1_418' title='bbox 1909 3717 2081 3767; x_wconf 76' lang='lat' dir='ltr'><strong>cimus.</strong></span> <span class='ocrx_word' id='word_1_419' title='bbox 2107 3717 2244 3768; x_wconf 88' lang='lat' dir='ltr'><strong>Tunc</strong></span> <span class='ocrx_word' id='word_1_420' title='bbox 2263 3713 2477 3779; x_wconf 77' lang='lat' dir='ltr'><strong>denique</strong></span> <span class='ocrx_word' id='word_1_421' title='bbox 2503 3713 2651 3777; x_wconf 87' lang='lat' dir='ltr'><strong>pleno</strong></span> 
     </span>
    </p>
   </div>
   <div class='ocr_carea' id='block_1_37' title="bbox 1473 3765 3811 3842">
    <p class='ocr_par' dir='ltr' id='par_1_37' title="bbox 1473 3765 3811 3842">
     <span class='ocr_line' id='line_1_40' title="bbox 1473 3765 3811 3842; baseline -0.001 -14"><span class='ocrx_word' id='word_1_422' title='bbox 1473 3765 1710 3828; x_wconf 76' lang='lat' dir='ltr'><strong>Concinet</strong></span> <span class='ocrx_word' id='word_1_423' title='bbox 1737 3778 1787 3826; x_wconf 87' lang='lat' dir='ltr'><strong>in</strong></span> <span class='ocrx_word' id='word_1_424' title='bbox 1813 3765 1960 3829; x_wconf 83' lang='lat' dir='ltr'><strong>nobis</strong></span> <span class='ocrx_word' id='word_1_425' title='bbox 1984 3765 2540 3841; x_wconf 15' lang='lat' dir='ltr'><strong>mystical&#39;csﬁnui&#39;nero.</strong></span> <span class='ocrx_word' id='word_1_426' title='bbox 3691 3833 3702 3838; x_wconf 41' lang='grc'><em>,</em></span> 
     </span>
    </p>
   </div>
   <div class='ocr_carea' id='block_1_38' title="bbox 488 3864 2701 3944">
    <p class='ocr_par' dir='ltr' id='par_1_38' title="bbox 488 3864 2701 3944">
     <span class='ocr_line' id='line_1_41' title="bbox 488 3864 2701 3944; baseline 0.004 -19"><span class='ocrx_word' id='word_1_427' title='bbox 488 3864 814 3940; x_wconf 80' lang='lat' dir='ltr'><strong>Singillatim</strong></span> <span class='ocrx_word' id='word_1_428' title='bbox 842 3871 1020 3944; x_wconf 87' lang='lat' dir='ltr'><strong>itaque</strong></span> <span class='ocrx_word' id='word_1_429' title='bbox 1048 3889 1235 3930; x_wconf 84' lang='lat' dir='ltr'><strong>eorum</strong></span> <span class='ocrx_word' id='word_1_430' title='bbox 1262 3876 1480 3932; x_wconf 89' lang='lat' dir='ltr'><strong>nomina</strong></span> <span class='ocrx_word' id='word_1_431' title='bbox 1509 3879 1828 3936; x_wconf 89' lang='lat' dir='ltr'><strong>recolamus.</strong></span> <span class='ocrx_word' id='word_1_432' title='bbox 1862 3877 2028 3935; x_wconf 88' lang='lat' dir='ltr'><strong>Primi</strong></span> <span class='ocrx_word' id='word_1_433' title='bbox 2060 3881 2302 3937; x_wconf 90' lang='lat' dir='ltr'><strong>omnium</strong></span> <span class='ocrx_word' id='word_1_434' title='bbox 2331 3888 2701 3937; x_wconf 89' lang='lat' dir='ltr'><strong>memorantur</strong></span> 
     </span>
    </p>
   </div>
   <div class='ocr_carea' id='block_1_39' title="bbox 1413 3967 2496 4034">
    <p class='ocr_par' dir='ltr' id='par_1_39' title="bbox 1413 3967 2496 4034">
     <span class='ocr_line' id='line_1_42' title="bbox 1413 3967 2496 4034; baseline 0.004 -14"><span class='ocrx_word' id='word_1_435' title='bbox 1413 3969 1619 4020; x_wconf 84' lang='lat' dir='ltr'><strong>Turcins</strong></span> <span class='ocrx_word' id='word_1_436' title='bbox 1642 3967 1729 4020; x_wconf 79' lang='lat' dir='ltr'><strong>Ore</strong></span> <span class='ocrx_word' id='word_1_437' title='bbox 1757 3973 1853 4034; x_wconf 91' lang='lat' dir='ltr'><strong>plo,</strong></span> <span class='ocrx_word' id='word_1_438' title='bbox 1878 3973 2088 4024; x_wconf 85' lang='lat' dir='ltr'><strong>ﬂorente</strong></span> <span class='ocrx_word' id='word_1_439' title='bbox 2112 3975 2349 4024; x_wconf 90' lang='lat' dir='ltr'><strong>Suecrius</strong></span> <span class='ocrx_word' id='word_1_440' title='bbox 2369 3987 2496 4024; x_wconf 64' lang='lat' dir='ltr'><strong>aevo.</strong></span> 
     </span>
    </p>
   </div>
   <div class='ocr_carea' id='block_1_40' title="bbox 490 4037 2873 4124">
    <p class='ocr_par' dir='ltr' id='par_1_40' title="bbox 490 4037 2873 4124">
     <span class='ocr_line' id='line_1_43' title="bbox 490 4037 2873 4124; baseline 0.004 -28"><span class='ocrx_word' id='word_1_441' title='bbox 490 4037 713 4117; x_wconf 78' lang='lat' dir='ltr'><strong>Turcius</strong></span> <span class='ocrx_word' id='word_1_442' title='bbox 742 4044 885 4101; x_wconf 88' lang='lat' dir='ltr'><strong>idem</strong></span> <span class='ocrx_word' id='word_1_443' title='bbox 913 4058 996 4103; x_wconf 88' lang='lat' dir='ltr'><strong>est</strong></span> <span class='ocrx_word' id='word_1_444' title='bbox 1021 4064 1084 4105; x_wconf 88' lang='lat' dir='ltr'><strong>ac</strong></span> <span class='ocrx_word' id='word_1_445' title='bbox 1107 4050 1443 4121; x_wconf 79' lang='lat' dir='ltr'><strong>Apronianus</strong></span> <span class='ocrx_word' id='word_1_446' title='bbox 1472 4051 1537 4106; x_wconf 85' lang='lat' dir='ltr'><strong>V.</strong></span> <span class='ocrx_word' id='word_1_447' title='bbox 1569 4050 1656 4120; x_wconf 89' lang='lat' dir='ltr'><strong>C.,</strong></span> <span class='ocrx_word' id='word_1_448' title='bbox 1695 4053 1786 4122; x_wconf 88' lang='lat' dir='ltr'><strong>qui</strong></span> <span class='ocrx_word' id='word_1_449' title='bbox 1813 4062 2003 4124; x_wconf 88' lang='lat' dir='ltr'><strong>postea</strong></span> <span class='ocrx_word' id='word_1_450' title='bbox 2025 4055 2110 4111; x_wconf 91' lang='lat' dir='ltr'><strong>his</strong></span> <span class='ocrx_word' id='word_1_451' title='bbox 2137 4055 2391 4111; x_wconf 86' lang='lat' dir='ltr'><strong>versibus</strong></span> <span class='ocrx_word' id='word_1_452' title='bbox 2416 4050 2830 4110; x_wconf 89' lang='lat' dir='ltr'><strong>commendatur</strong></span> <span class='ocrx_word' id='word_1_453' title='bbox 2861 4069 2873 4105; x_wconf 90' lang='lat'><strong>:</strong></span> 
     </span>
    </p>
   </div>
   <div class='ocr_carea' id='block_1_41' title="bbox 1419 4141 2328 4205">
    <p class='ocr_par' dir='ltr' id='par_1_41' title="bbox 1419 4141 2328 4205">
     <span class='ocr_line' id='line_1_44' title="bbox 1419 4141 2328 4205; baseline 0.006 -17"><span class='ocrx_word' id='word_1_454' title='bbox 1419 4141 1747 4205; x_wconf 52' lang='lat' dir='ltr'><strong>dpronianum</strong></span> <span class='ocrx_word' id='word_1_455' title='bbox 1771 4143 1962 4194; x_wconf 70' lang='lat' dir='ltr'><strong>Turrim</strong></span> <span class='ocrx_word' id='word_1_456' title='bbox 1988 4147 2154 4205; x_wconf 83' lang='lat' dir='ltr'><strong>gentis</strong></span> <span class='ocrx_word' id='word_1_457' title='bbox 2177 4145 2328 4193; x_wconf 77' lang='lat' dir='ltr'><strong>decus</strong></span> 
     </span>
    </p>
   </div>
   <div class='ocr_carea' id='block_1_42' title="bbox 1474 4207 2477 4264">
    <p class='ocr_par' dir='ltr' id='par_1_42' title="bbox 1474 4207 2477 4264">
     <span class='ocr_line' id='line_1_45' title="bbox 1474 4207 2477 4264; baseline 0.002 -12"><span class='ocrx_word' id='word_1_458' title='bbox 1474 4211 1572 4252; x_wconf 82' lang='lat' dir='ltr'><strong>tate</strong></span> <span class='ocrx_word' id='word_1_459' title='bbox 1599 4217 1823 4264; x_wconf 70' lang='lat' dir='ltr'><strong>puerum,</strong></span> <span class='ocrx_word' id='word_1_460' title='bbox 1852 4209 2083 4256; x_wconf 78' lang='lat' dir='ltr'><strong>sensibus</strong></span> <span class='ocrx_word' id='word_1_461' title='bbox 2103 4207 2266 4256; x_wconf 82' lang='lat' dir='ltr'><strong>carnis</strong></span> <span class='ocrx_word' id='word_1_462' title='bbox 2287 4218 2477 4254; x_wconf 67' lang='lat' dir='ltr'><strong>senem.</strong></span> 
     </span>
    </p>
   </div>
   <div class='ocr_carea' id='block_1_43' title="bbox 491 4277 3778 4358">
    <p class='ocr_par' dir='ltr' id='par_1_43' title="bbox 491 4277 3778 4358">
     <span class='ocr_line' id='line_1_46' title="bbox 491 4277 3778 4358; baseline 0 -23"><span class='ocrx_word' id='word_1_463' title='bbox 491 4277 748 4336; x_wconf 84' lang='lat' dir='ltr'><strong>Suecrius</strong></span> <span class='ocrx_word' id='word_1_464' title='bbox 773 4283 839 4353; x_wconf 88' lang='lat' dir='ltr'><strong>(si</strong></span> <span class='ocrx_word' id='word_1_465' title='bbox 869 4292 1051 4338; x_wconf 77' lang='lat' dir='ltr'><strong>tamen</strong></span> <span class='ocrx_word' id='word_1_466' title='bbox 1075 4299 1207 4354; x_wconf 86' lang='lat' dir='ltr'><strong>pure</strong></span> <span class='ocrx_word' id='word_1_467' title='bbox 1250 4285 1354 4340; x_wconf 90' lang='lat' dir='ltr'><strong>hoc</strong></span> <span class='ocrx_word' id='word_1_468' title='bbox 1383 4300 1582 4341; x_wconf 89' lang='lat' dir='ltr'><strong>nomen</strong></span> <span class='ocrx_word' id='word_1_469' title='bbox 1626 4285 1678 4340; x_wconf 91' lang='lat' dir='ltr'><strong>in</strong></span> <span class='ocrx_word' id='word_1_470' title='bbox 1718 4287 1907 4342; x_wconf 90' lang='lat' dir='ltr'><strong>codice</strong></span> <span class='ocrx_word' id='word_1_471' title='bbox 1949 4287 2203 4358; x_wconf 80' lang='lat' dir='ltr'><strong>refertur)</strong></span> <span class='ocrx_word' id='word_1_472' title='bbox 2233 4297 2326 4344; x_wconf 91' lang='lat' dir='ltr'><strong>aut</strong></span> <span class='ocrx_word' id='word_1_473' title='bbox 2363 4288 2632 4344; x_wconf 88' lang='lat' dir='ltr'><strong>Asterium</strong></span> <span class='ocrx_word' id='word_1_474' title='bbox 2669 4284 2848 4342; x_wconf 87' lang='lat' dir='ltr'><strong>Turcii</strong></span> <span class='ocrx_word' id='word_1_475' title='bbox 2892 4281 3184 4356; x_wconf 79' lang='lat' dir='ltr'><strong>Aproniani</strong></span> <span class='ocrx_word' id='word_1_476' title='bbox 3211 4296 3372 4353; x_wconf 86' lang='lat' dir='ltr'><strong>supra</strong></span> <span class='ocrx_word' id='word_1_477' title='bbox 3404 4280 3560 4337; x_wconf 87' lang='lat' dir='ltr'><strong>relati</strong></span> <span class='ocrx_word' id='word_1_478' title='bbox 3600 4278 3778 4337; x_wconf 75' lang='lat' dir='ltr'><strong>lilium</strong></span> 
     </span>
    </p>
   </div>
   <div class='ocr_carea' id='block_1_44' title="bbox 493 4372 1443 4443">
    <p class='ocr_par' dir='ltr' id='par_1_44' title="bbox 493 4372 1443 4443">
     <span class='ocr_line' id='line_1_47' title="bbox 493 4372 1443 4443; baseline 0.003 -16"><span class='ocrx_word' id='word_1_479' title='bbox 493 4372 730 4438; x_wconf 76' lang='lat' dir='ltr'><strong>exhibet,</strong></span> <span class='ocrx_word' id='word_1_480' title='bbox 763 4374 830 4429; x_wconf 92' lang='lat' dir='ltr'><strong>de</strong></span> <span class='ocrx_word' id='word_1_481' title='bbox 861 4389 968 4443; x_wconf 90' lang='lat' dir='ltr'><strong>quo</strong></span> <span class='ocrx_word' id='word_1_482' title='bbox 998 4373 1253 4430; x_wconf 85' lang='lat' dir='ltr'><strong>Paulinus</strong></span> <span class='ocrx_word' id='word_1_483' title='bbox 1270 4375 1403 4430; x_wconf 86' lang='lat' dir='ltr'><strong>infra</strong></span> <span class='ocrx_word' id='word_1_484' title='bbox 1431 4394 1443 4430; x_wconf 88' lang='lat'>:</span> 
     </span>
    </p>
   </div>
   <div class='ocr_carea' id='block_1_45' title="bbox 1413 4486 2511 4551">
    <p class='ocr_par' dir='ltr' id='par_1_45' title="bbox 1413 4486 2511 4551">
     <span class='ocr_line' id='line_1_48' title="bbox 1413 4486 2511 4551; baseline 0.002 -15"><span class='ocrx_word' id='word_1_485' title='bbox 1413 4489 1498 4536; x_wconf 75' lang='lat' dir='ltr'><strong>Ast</strong></span> <span class='ocrx_word' id='word_1_486' title='bbox 1521 4486 1648 4536; x_wconf 82' lang='lat' dir='ltr'><strong>aliud</strong></span> <span class='ocrx_word' id='word_1_487' title='bbox 1673 4489 1790 4540; x_wconf 84' lang='lat' dir='ltr'><strong>mihi</strong></span> <span class='ocrx_word' id='word_1_488' title='bbox 1821 4501 1902 4551; x_wconf 82' lang='lat' dir='ltr'><strong>par</strong></span> <span class='ocrx_word' id='word_1_489' title='bbox 1925 4489 2094 4538; x_wconf 89' lang='lat' dir='ltr'><strong>lumen</strong></span> <span class='ocrx_word' id='word_1_490' title='bbox 2120 4490 2168 4539; x_wconf 94' lang='lat' dir='ltr'><strong>in</strong></span> <span class='ocrx_word' id='word_1_491' title='bbox 2195 4491 2394 4540; x_wconf 75' lang='lat' dir='ltr'><strong>Asterie</strong></span> <span class='ocrx_word' id='word_1_492' title='bbox 2419 4499 2511 4539; x_wconf 87' lang='lat' dir='ltr'><strong>est.</strong></span> 
     </span>
    </p>
   </div>
   <div class='ocr_carea' id='block_1_46' title="bbox 496 4563 2274 4645">
    <p class='ocr_par' dir='ltr' id='par_1_46' title="bbox 496 4563 2274 4645">
     <span class='ocr_line' id='line_1_49' title="bbox 496 4563 2274 4645; baseline 0.005 -27"><span class='ocrx_word' id='word_1_493' title='bbox 496 4564 599 4619; x_wconf 78' lang='lat' dir='ltr'><strong>Aut</strong></span> <span class='ocrx_word' id='word_1_494' title='bbox 628 4563 914 4620; x_wconf 89' lang='lat' dir='ltr'><strong>Pinianum</strong></span> <span class='ocrx_word' id='word_1_495' title='bbox 946 4566 1007 4620; x_wconf 67' lang='grc' dir='ltr'><strong>ν.</strong></span> <span class='ocrx_word' id='word_1_496' title='bbox 1041 4567 1133 4633; x_wconf 90' lang='lat' dir='ltr'><strong>C.,</strong></span> <span class='ocrx_word' id='word_1_497' title='bbox 1157 4569 1224 4624; x_wconf 90' lang='lat' dir='ltr'><strong>de</strong></span> <span class='ocrx_word' id='word_1_498' title='bbox 1251 4587 1360 4640; x_wconf 87' lang='lat' dir='ltr'><strong>quo</strong></span> <span class='ocrx_word' id='word_1_499' title='bbox 1387 4587 1535 4626; x_wconf 80' lang='lat' dir='ltr'><strong>mox.</strong></span> <span class='ocrx_word' id='word_1_500' title='bbox 1563 4570 1876 4641; x_wconf 83' lang='lat' dir='ltr'><strong>Sequuntur</strong></span> <span class='ocrx_word' id='word_1_501' title='bbox 1902 4573 2094 4645; x_wconf 75' lang='lat' dir='ltr'><strong>puella:</strong></span> <span class='ocrx_word' id='word_1_502' title='bbox 2117 4573 2235 4630; x_wconf 70' lang='lat' dir='ltr'><strong>dum</strong></span> <span class='ocrx_word' id='word_1_503' title='bbox 2261 4591 2274 4627; x_wconf 87' lang='lat'><strong>:</strong></span> 
     </span>
    </p>
   </div>
   <div class='ocr_carea' id='block_1_47' title="bbox 2005 4665 2532 4728">
    <p class='ocr_par' dir='ltr' id='par_1_47' title="bbox 2005 4665 2532 4728">
     <span class='ocr_line' id='line_1_50' title="bbox 2005 4665 2532 4728; baseline 0.002 -13"><span class='ocrx_word' id='word_1_504' title='bbox 2005 4665 2304 4728; x_wconf 86' lang='lat' dir='ltr'><strong>Similesqne</strong></span> <span class='ocrx_word' id='word_1_505' title='bbox 2331 4666 2532 4728; x_wconf 66' lang='lat' dir='ltr'><strong>puellm,</strong></span> 
     </span>
    </p>
   </div>
   <div class='ocr_carea' id='block_1_48' title="bbox 1417 4724 2621 4787">
    <p class='ocr_par' dir='ltr' id='par_1_48' title="bbox 1417 4724 2621 4787">
     <span class='ocr_line' id='line_1_51' title="bbox 1417 4724 2621 4787; baseline 0.007 -18"><span class='ocrx_word' id='word_1_506' title='bbox 1417 4724 1557 4787; x_wconf 64' lang='grc' dir='ltr'><strong>ᾼΙῐίτι,</strong></span> <span class='ocrx_word' id='word_1_507' title='bbox 1582 4724 1738 4787; x_wconf 86' lang='lat' dir='ltr'><strong>qualis</strong></span> <span class='ocrx_word' id='word_1_508' title='bbox 1761 4733 1869 4774; x_wconf 77' lang='lat' dir='ltr'><strong>erat</strong></span> <span class='ocrx_word' id='word_1_509' title='bbox 1891 4739 2030 4776; x_wconf 86' lang='lat' dir='ltr'><strong>soror</strong></span> <span class='ocrx_word' id='word_1_510' title='bbox 2054 4727 2136 4776; x_wconf 87' lang='lat' dir='ltr'><strong>illa</strong></span> <span class='ocrx_word' id='word_1_511' title='bbox 2160 4724 2464 4777; x_wconf 83' lang='lat' dir='ltr'><strong>Philemonis</strong></span> <span class='ocrx_word' id='word_1_512' title='bbox 2487 4724 2621 4784; x_wconf 86' lang='lat' dir='ltr'><strong>olim,</strong></span> 
     </span>
    </p>
   </div>
   <div class='ocr_carea' id='block_1_49' title="bbox 1420 4785 2650 4852">
    <p class='ocr_par' dir='ltr' id='par_1_49' title="bbox 1420 4785 2650 4852">
     <span class='ocr_line' id='line_1_52' title="bbox 1420 4785 2650 4852; baseline 0.002 -18"><span class='ocrx_word' id='word_1_513' title='bbox 1420 4785 1612 4852; x_wconf 58' lang='lat' dir='ltr'><strong>Nobilis</strong></span> <span class='ocrx_word' id='word_1_514' title='bbox 1624 4787 1864 4852; x_wconf 71' lang='lat' dir='ltr'><strong>intitulo,</strong></span> <span class='ocrx_word' id='word_1_515' title='bbox 1890 4800 2037 4845; x_wconf 86' lang='lat' dir='ltr'><strong>quam</strong></span> <span class='ocrx_word' id='word_1_516' title='bbox 2061 4789 2223 4852; x_wconf 76' lang='lat' dir='ltr'><strong>signat</strong></span> <span class='ocrx_word' id='word_1_517' title='bbox 2245 4789 2456 4851; x_wconf 82' lang='lat' dir='ltr'><strong>Epistola</strong></span> <span class='ocrx_word' id='word_1_518' title='bbox 2484 4789 2650 4848; x_wconf 89' lang='lat' dir='ltr'><strong>Pauli;</strong></span> 
     </span>
    </p>
   </div>
   <div class='ocr_carea' id='block_1_50' title="bbox 1419 4846 2596 4915">
    <p class='ocr_par' dir='ltr' id='par_1_50' title="bbox 1419 4846 2596 4915">
     <span class='ocr_line' id='line_1_53' title="bbox 1419 4846 2596 4915; baseline 0.004 -21"><span class='ocrx_word' id='word_1_519' title='bbox 1419 4846 1474 4915; x_wconf 60' lang='lat' dir='ltr'><strong>[ﬁt</strong></span> <span class='ocrx_word' id='word_1_520' title='bbox 1498 4847 1638 4915; x_wconf 78' lang='lat' dir='ltr'><strong>simul</strong></span> <span class='ocrx_word' id='word_1_521' title='bbox 1665 4848 1897 4915; x_wconf 82' lang='lat' dir='ltr'><strong>_Eu_nomia</strong></span> <span class='ocrx_word' id='word_1_522' title='bbox 1923 4846 2241 4914; x_wconf 65' lang='lat' dir='ltr'><strong>aeterniijem</strong></span> <span class='ocrx_word' id='word_1_523' title='bbox 2265 4846 2403 4915; x_wconf 79' lang='lat' dir='ltr'><strong>pacta</strong></span> <span class='ocrx_word' id='word_1_524' title='bbox 2430 4853 2596 4914; x_wconf 77' lang='lat' dir='ltr'><strong>virago</strong></span> 
     </span>
    </p>
   </div>
   <div class='ocr_carea' id='block_1_51' title="bbox 1420 4907 1880 4959">
    <p class='ocr_par' dir='ltr' id='par_1_51' title="bbox 1420 4907 1880 4959">
     <span class='ocr_line' id='line_1_54' title="bbox 1420 4907 1880 4959; baseline 0.004 -2"><span class='ocrx_word' id='word_1_525' title='bbox 1420 4907 1473 4957; x_wconf 90' lang='lat' dir='ltr'><strong>lu</strong></span> <span class='ocrx_word' id='word_1_526' title='bbox 1495 4908 1620 4958; x_wconf 68' lang='lat' dir='ltr'><strong>coelo</strong></span> <span class='ocrx_word' id='word_1_527' title='bbox 1643 4909 1880 4959; x_wconf 83' lang='lat' dir='ltr'><strong>thalamis.</strong></span> 
     </span>
    </p>
   </div>
   <div class='ocr_carea' id='block_1_52' title="bbox 493 4984 3795 5070">
    <p class='ocr_par' dir='ltr' id='par_1_52' title="bbox 493 4984 3795 5070">
     <span class='ocr_line' id='line_1_55' title="bbox 493 4984 3795 5070; baseline 0.004 -30"><span class='ocrx_word' id='word_1_528' title='bbox 493 4984 662 5042; x_wconf 83' lang='lat' dir='ltr'><strong>Unius</strong></span> <span class='ocrx_word' id='word_1_529' title='bbox 714 4991 906 5058; x_wconf 73' lang='lat' dir='ltr'><strong>puella:</strong></span> <span class='ocrx_word' id='word_1_530' title='bbox 937 5007 1131 5046; x_wconf 84' lang='lat' dir='ltr'><strong>nomen</strong></span> <span class='ocrx_word' id='word_1_531' title='bbox 1161 4990 1433 5058; x_wconf 86' lang='lat' dir='ltr'><strong>elucescit,</strong></span> <span class='ocrx_word' id='word_1_532' title='bbox 1475 4989 1750 5049; x_wconf 66' lang='lat' dir='ltr'><strong>Eunomiae</strong></span> <span class='ocrx_word' id='word_1_533' title='bbox 1779 5011 2004 5067; x_wconf 89' lang='lat' dir='ltr'><strong>nempe,</strong></span> <span class='ocrx_word' id='word_1_534' title='bbox 2033 5014 2154 5070; x_wconf 68' lang='lat' dir='ltr'><strong>quae</strong></span> <span class='ocrx_word' id='word_1_535' title='bbox 2196 4997 2446 5053; x_wconf 87' lang='lat' dir='ltr'><strong>Turcium</strong></span> <span class='ocrx_word' id='word_1_536' title='bbox 2482 4998 2845 5069; x_wconf 81' lang='lat' dir='ltr'><strong>Apronianum</strong></span> <span class='ocrx_word' id='word_1_537' title='bbox 2885 5012 2950 5054; x_wconf 86' lang='lat' dir='ltr'><strong>ac</strong></span> <span class='ocrx_word' id='word_1_538' title='bbox 2979 4996 3189 5052; x_wconf 82' lang='lat' dir='ltr'><strong>Avitam</strong></span> <span class='ocrx_word' id='word_1_539' title='bbox 3225 5003 3476 5068; x_wconf 88' lang='lat' dir='ltr'><strong>parentes</strong></span> <span class='ocrx_word' id='word_1_540' title='bbox 3513 4996 3795 5054; x_wconf 81' lang='lat' dir='ltr'><strong>habebat.</strong></span> 
     </span>
    </p>
   </div>
   <div class='ocr_carea' id='block_1_53' title="bbox 490 5077 3792 5162">
    <p class='ocr_par' dir='ltr' id='par_1_53' title="bbox 490 5077 3792 5162">
     <span class='ocr_line' id='line_1_56' title="bbox 490 5077 3792 5162; baseline 0.005 -30"><span class='ocrx_word' id='word_1_541' title='bbox 490 5077 724 5135; x_wconf 77' lang='lat' dir='ltr'><strong>Alterius</strong></span> <span class='ocrx_word' id='word_1_542' title='bbox 749 5097 877 5136; x_wconf 76' lang='lat' dir='ltr'><strong>vero</strong></span> <span class='ocrx_word' id='word_1_543' title='bbox 907 5083 1409 5153; x_wconf 87' lang='lat' dir='ltr'><strong>supplendum,hoc</strong></span> <span class='ocrx_word' id='word_1_544' title='bbox 1437 5095 1520 5142; x_wconf 90' lang='lat' dir='ltr'><strong>est</strong></span> <span class='ocrx_word' id='word_1_545' title='bbox 1547 5085 1791 5144; x_wconf 67' lang='lat' dir='ltr'><strong>Melaniae</strong></span> <span class='ocrx_word' id='word_1_546' title='bbox 1808 5089 2062 5160; x_wconf 86' lang='lat' dir='ltr'><strong>junioris,</strong></span> <span class='ocrx_word' id='word_1_547' title='bbox 2095 5093 2183 5149; x_wconf 90' lang='lat' dir='ltr'><strong>cui</strong></span> <span class='ocrx_word' id='word_1_548' title='bbox 2213 5094 2402 5148; x_wconf 85' lang='lat' dir='ltr'><strong>Albina</strong></span> <span class='ocrx_word' id='word_1_549' title='bbox 2439 5102 2638 5160; x_wconf 87' lang='lat' dir='ltr'><strong>mater;</strong></span> <span class='ocrx_word' id='word_1_550' title='bbox 2672 5092 2785 5148; x_wconf 64' lang='lat' dir='ltr'><strong>haec</strong></span> <span class='ocrx_word' id='word_1_551' title='bbox 2811 5091 3008 5148; x_wconf 88' lang='lat' dir='ltr'><strong>etenim</strong></span> <span class='ocrx_word' id='word_1_552' title='bbox 3036 5107 3143 5147; x_wconf 90' lang='lat' dir='ltr'><strong>una</strong></span> <span class='ocrx_word' id='word_1_553' title='bbox 3184 5097 3406 5162; x_wconf 84' lang='lat' dir='ltr'><strong>propter</strong></span> <span class='ocrx_word' id='word_1_554' title='bbox 3441 5097 3666 5148; x_wconf 65' lang='lat' dir='ltr'><strong>aetatem</strong></span> <span class='ocrx_word' id='word_1_555' title='bbox 3698 5101 3792 5148; x_wconf 84' lang='lat' dir='ltr'><strong>tc-</strong></span> 
     </span>
    </p>
   </div>
   <div class='ocr_carea' id='block_1_54' title="bbox 491 5179 3080 5256">
    <p class='ocr_par' dir='ltr' id='par_1_54' title="bbox 491 5179 3080 5256">
     <span class='ocr_line' id='line_1_57' title="bbox 491 5179 3080 5256; baseline 0.005 -29"><span class='ocrx_word' id='word_1_556' title='bbox 491 5188 672 5228; x_wconf 88' lang='lat' dir='ltr'><strong>neram</strong></span> <span class='ocrx_word' id='word_1_557' title='bbox 729 5179 1024 5246; x_wconf 81' lang='lat' dir='ltr'><strong>matrisque</strong></span> <span class='ocrx_word' id='word_1_558' title='bbox 1049 5179 1388 5248; x_wconf 72' lang='lat' dir='ltr'><strong>praesentiam</strong></span> <span class='ocrx_word' id='word_1_559' title='bbox 1419 5179 1595 5250; x_wconf 88' lang='lat' dir='ltr'><strong>puella</strong></span> <span class='ocrx_word' id='word_1_560' title='bbox 1625 5181 1728 5236; x_wconf 88' lang='lat' dir='ltr'><strong>dici</strong></span> <span class='ocrx_word' id='word_1_561' title='bbox 1759 5184 1956 5252; x_wconf 81' lang='lat' dir='ltr'><strong>potuit.</strong></span> <span class='ocrx_word' id='word_1_562' title='bbox 1987 5183 2102 5242; x_wconf 87' lang='lat' dir='ltr'><strong>Hoc</strong></span> <span class='ocrx_word' id='word_1_563' title='bbox 2131 5194 2311 5240; x_wconf 89' lang='lat' dir='ltr'><strong>autem</strong></span> <span class='ocrx_word' id='word_1_564' title='bbox 2342 5184 2476 5240; x_wconf 90' lang='lat' dir='ltr'><strong>infra</strong></span> <span class='ocrx_word' id='word_1_565' title='bbox 2506 5185 2698 5241; x_wconf 90' lang='lat' dir='ltr'><strong>melius</strong></span> <span class='ocrx_word' id='word_1_566' title='bbox 2726 5183 3080 5256; x_wconf 82' lang='lat' dir='ltr'><strong>exprimitur:</strong></span> 
     </span>
    </p>
   </div>
   <div class='ocr_carea' id='block_1_55' title="bbox 1418 5271 2708 5338">
    <p class='ocr_par' dir='ltr' id='par_1_55' title="bbox 1418 5271 2708 5338">
     <span class='ocr_line' id='line_1_58' title="bbox 1418 5271 2708 5338; baseline 0.006 -22"><span class='ocrx_word' id='word_1_567' title='bbox 1418 5271 1652 5338; x_wconf 43' lang='lat' dir='ltr'><strong>lintribus</strong></span> <span class='ocrx_word' id='word_1_568' title='bbox 1675 5273 1750 5322; x_wconf 72' lang='lat' dir='ltr'><strong>his</strong></span> <span class='ocrx_word' id='word_1_569' title='bbox 1773 5275 1870 5338; x_wconf 86' lang='lat' dir='ltr'><strong>duo</strong></span> <span class='ocrx_word' id='word_1_570' title='bbox 1891 5281 2006 5338; x_wconf 88' lang='lat' dir='ltr'><strong>sunt</strong></span> <span class='ocrx_word' id='word_1_571' title='bbox 2031 5277 2188 5326; x_wconf 80' lang='lat' dir='ltr'><strong>tribus</strong></span> <span class='ocrx_word' id='word_1_572' title='bbox 2210 5289 2308 5325; x_wconf 87' lang='lat' dir='ltr'><strong>uno</strong></span> <span class='ocrx_word' id='word_1_573' title='bbox 2335 5277 2538 5338; x_wconf 75' lang='lat' dir='ltr'><strong>pignora</strong></span> <span class='ocrx_word' id='word_1_574' title='bbox 2561 5289 2708 5336; x_wconf 78' lang='lat' dir='ltr'><strong>sexu,</strong></span> 
     </span>
    </p>
   </div>
   <div class='ocr_carea' id='block_1_56' title="bbox 1415 5331 2612 5399">
    <p class='ocr_par' dir='ltr' id='par_1_56' title="bbox 1415 5331 2612 5399">
     <span class='ocr_line' id='line_1_59' title="bbox 1415 5331 2612 5399; baseline 0.005 -19"><span class='ocrx_word' id='word_1_575' title='bbox 1415 5331 1528 5382; x_wconf 83' lang='lat' dir='ltr'><strong>l-‘los</strong></span> <span class='ocrx_word' id='word_1_576' title='bbox 1551 5338 1794 5396; x_wconf 78' lang='lat' dir='ltr'><strong>geminus,</strong></span> <span class='ocrx_word' id='word_1_577' title='bbox 1826 5337 2000 5386; x_wconf 70' lang='lat' dir='ltr'><strong>Melani</strong></span> <span class='ocrx_word' id='word_1_578' title='bbox 2025 5351 2251 5399; x_wconf 69' lang='lat' dir='ltr'><strong>germen,</strong></span> <span class='ocrx_word' id='word_1_579' title='bbox 2281 5331 2347 5388; x_wconf 51' lang='lat' dir='ltr'><strong>et&quot;</strong></span> <span class='ocrx_word' id='word_1_580' title='bbox 2364 5331 2612 5388; x_wconf 79' lang='lat' dir='ltr'><strong>Eunomia.</strong></span> 
     </span>
    </p>
   </div>
   <div class='ocr_carea' id='block_1_57' title="bbox 488 5404 3798 5488">
    <p class='ocr_par' dir='ltr' id='par_1_57' title="bbox 488 5404 3798 5488">
     <span class='ocr_line' id='line_1_60' title="bbox 488 5404 3798 5488; baseline 0.002 -23"><span class='ocrx_word' id='word_1_581' title='bbox 488 5404 713 5465; x_wconf 74' lang='lat' dir='ltr'><strong>German</strong></span> <span class='ocrx_word' id='word_1_582' title='bbox 744 5407 942 5473; x_wconf 66' lang='lat' dir='ltr'><strong>Heleni</strong></span> <span class='ocrx_word' id='word_1_583' title='bbox 974 5427 1074 5484; x_wconf 89' lang='lat' dir='ltr'><strong>pro</strong></span> <span class='ocrx_word' id='word_1_584' title='bbox 1106 5411 1335 5468; x_wconf 73' lang='lat' dir='ltr'><strong>Melania</strong></span> <span class='ocrx_word' id='word_1_585' title='bbox 1363 5415 1597 5484; x_wconf 81' lang='lat' dir='ltr'><strong>ponitur,</strong></span> <span class='ocrx_word' id='word_1_586' title='bbox 1635 5431 1730 5471; x_wconf 89' lang='lat' dir='ltr'><strong>seu</strong></span> <span class='ocrx_word' id='word_1_587' title='bbox 1762 5417 1884 5487; x_wconf 87' lang='lat' dir='ltr'><strong>quia</strong></span> <span class='ocrx_word' id='word_1_588' title='bbox 1924 5433 1990 5472; x_wconf 82' lang='lat' dir='ltr'><strong>ex</strong></span> <span class='ocrx_word' id='word_1_589' title='bbox 2023 5418 2132 5474; x_wconf 82' lang='lat' dir='ltr'><strong>lilio</strong></span> <span class='ocrx_word' id='word_1_590' title='bbox 2160 5419 2390 5474; x_wconf 89' lang='lat' dir='ltr'><strong>senioris</strong></span> <span class='ocrx_word' id='word_1_591' title='bbox 2421 5415 2664 5473; x_wconf 81' lang='lat' dir='ltr'><strong>Melaniae</strong></span> <span class='ocrx_word' id='word_1_592' title='bbox 2705 5415 2998 5488; x_wconf 82' lang='lat' dir='ltr'><strong>prodierat,</strong></span> <span class='ocrx_word' id='word_1_593' title='bbox 3030 5429 3152 5480; x_wconf 92' lang='lat' dir='ltr'><strong>seu,</strong></span> <span class='ocrx_word' id='word_1_594' title='bbox 3195 5420 3254 5469; x_wconf 88' lang='lat' dir='ltr'><strong>ut</strong></span> <span class='ocrx_word' id='word_1_595' title='bbox 3282 5412 3481 5469; x_wconf 88' lang='lat' dir='ltr'><strong>rectius</strong></span> <span class='ocrx_word' id='word_1_596' title='bbox 3507 5411 3798 5479; x_wconf 77' lang='lat' dir='ltr'><strong>dicamus,</strong></span> 
     </span>
    </p>
   </div>
   <div class='ocr_carea' id='block_1_58' title="bbox 489 5503 3799 5579">
    <p class='ocr_par' dir='ltr' id='par_1_58' title="bbox 489 5503 3799 5579">
     <span class='ocr_line' id='line_1_61' title="bbox 489 5503 3799 5579; baseline 0.001 -21"><span class='ocrx_word' id='word_1_597' title='bbox 489 5510 772 5572; x_wconf 86' lang='lat' dir='ltr'><strong>poetarum</strong></span> <span class='ocrx_word' id='word_1_598' title='bbox 814 5519 878 5560; x_wconf 91' lang='lat' dir='ltr'><strong>ac</strong></span> <span class='ocrx_word' id='word_1_599' title='bbox 922 5506 1192 5576; x_wconf 74' lang='lat' dir='ltr'><strong>przecipue</strong></span> <span class='ocrx_word' id='word_1_600' title='bbox 1238 5506 1544 5562; x_wconf 72' lang='lat' dir='ltr'><strong>Gimcornm</strong></span> <span class='ocrx_word' id='word_1_601' title='bbox 1589 5524 1756 5570; x_wconf 87' lang='lat' dir='ltr'><strong>more.</strong></span> <span class='ocrx_word' id='word_1_602' title='bbox 1795 5509 1987 5577; x_wconf 89' lang='lat' dir='ltr'><strong>quibus</strong></span> <span class='ocrx_word' id='word_1_603' title='bbox 2021 5508 2281 5564; x_wconf 88' lang='lat' dir='ltr'><strong>familiare</strong></span> <span class='ocrx_word' id='word_1_604' title='bbox 2304 5517 2388 5564; x_wconf 91' lang='lat' dir='ltr'><strong>est</strong></span> <span class='ocrx_word' id='word_1_605' title='bbox 2433 5525 2532 5579; x_wconf 91' lang='lat' dir='ltr'><strong>pro</strong></span> <span class='ocrx_word' id='word_1_606' title='bbox 2581 5507 2799 5563; x_wconf 78' lang='lat' dir='ltr'><strong>nomine</strong></span> <span class='ocrx_word' id='word_1_607' title='bbox 2834 5514 2984 5562; x_wconf 88' lang='lat' dir='ltr'><strong>recto</strong></span> <span class='ocrx_word' id='word_1_608' title='bbox 3020 5504 3215 5560; x_wconf 86' lang='lat' dir='ltr'><strong>similia</strong></span> <span class='ocrx_word' id='word_1_609' title='bbox 3244 5517 3523 5573; x_wconf 87' lang='lat' dir='ltr'><strong>usurpare.</strong></span> <span class='ocrx_word' id='word_1_610' title='bbox 3556 5503 3659 5559; x_wconf 89' lang='lat' dir='ltr'><strong>Sic</strong></span> <span class='ocrx_word' id='word_1_611' title='bbox 3702 5507 3799 5575; x_wconf 74' lang='grc' dir='ltr'><strong>βίη</strong></span> 
     </span>
    </p>
   </div>
   <div class='ocr_carea' id='block_1_59' title="bbox 496 5591 2079 5671">
    <p class='ocr_par' dir='ltr' id='par_1_59' title="bbox 496 5591 2079 5670">
     <span class='ocr_line' id='line_1_62' title="bbox 496 5591 2079 5670; baseline 0.002 -21"><span class='ocrx_word' id='word_1_612' title='bbox 496 5594 756 5666; x_wconf 77' lang='grc' dir='ltr'><strong>Πριάμοιο,</strong></span> <span class='ocrx_word' id='word_1_613' title='bbox 788 5593 860 5648; x_wconf 80' lang='lat' dir='ltr'><strong>vis</strong></span> <span class='ocrx_word' id='word_1_614' title='bbox 891 5591 1112 5662; x_wconf 82' lang='lat' dir='ltr'><strong>Priami,</strong></span> <span class='ocrx_word' id='word_1_615' title='bbox 1148 5595 1199 5651; x_wconf 90' lang='lat' dir='ltr'><strong>id</strong></span> <span class='ocrx_word' id='word_1_616' title='bbox 1231 5607 1312 5652; x_wconf 87' lang='lat' dir='ltr'><strong>est</strong></span> <span class='ocrx_word' id='word_1_617' title='bbox 1342 5597 1626 5662; x_wconf 79' lang='lat' dir='ltr'><strong>Priamus;</strong></span> <span class='ocrx_word' id='word_1_618' title='bbox 1670 5595 1713 5657; x_wconf 70' lang='lat' dir='ltr'><strong>lc</strong></span> <span class='ocrx_word' id='word_1_619' title='bbox 1747 5600 2079 5670; x_wconf 74' lang='grc' dir='ltr'><strong>τηλεμάχοια</strong></span> 
     </span>
    </p>
   </div>
   <div class='ocr_carea' id='block_1_60' title="bbox 2213 5591 3796 5671">
    <p class='ocr_par' dir='ltr' id='par_1_60' title="bbox 2213 5591 3796 5671">
     <span class='ocr_line' id='line_1_63' title="bbox 2213 5591 3796 5671; baseline -0.001 -20"><span class='ocrx_word' id='word_1_620' title='bbox 2213 5600 2294 5653; x_wconf 76' lang='lat' dir='ltr'><strong>iur</strong></span> <span class='ocrx_word' id='word_1_621' title='bbox 2340 5597 2650 5666; x_wconf 71' lang='lat' dir='ltr'><strong>Telemachi,</strong></span> <span class='ocrx_word' id='word_1_622' title='bbox 2692 5599 2828 5653; x_wconf 84' lang='lat' dir='ltr'><strong>idest</strong></span> <span class='ocrx_word' id='word_1_623' title='bbox 2868 5595 3230 5661; x_wconf 73' lang='lat' dir='ltr'><strong>Telemachus,</strong></span> <span class='ocrx_word' id='word_1_624' title='bbox 3260 5593 3398 5671; x_wconf 85' lang='lat' dir='ltr'><strong>apud</strong></span> <span class='ocrx_word' id='word_1_625' title='bbox 3443 5591 3796 5661; x_wconf 73' lang='lat' dir='ltr'><strong>Homerum;</strong></span> 
     </span>
    </p>
   </div>
   <div class='ocr_carea' id='block_1_61' title="bbox 494 5683 3797 5760">
    <p class='ocr_par' dir='ltr' id='par_1_61' title="bbox 494 5683 3797 5760">
     <span class='ocr_line' id='line_1_64' title="bbox 494 5683 3797 5760; baseline 0 -21"><span class='ocrx_word' id='word_1_626' title='bbox 494 5685 644 5756; x_wconf 75' lang='lat' dir='ltr'><strong>fortis</strong></span> <span class='ocrx_word' id='word_1_627' title='bbox 673 5687 784 5755; x_wconf 74' lang='lat' dir='ltr'><strong>equi</strong></span> <span class='ocrx_word' id='word_1_628' title='bbox 814 5688 908 5752; x_wconf 73' lang='lat' dir='ltr'><strong>ris,</strong></span> <span class='ocrx_word' id='word_1_629' title='bbox 932 5688 1036 5745; x_wconf 89' lang='lat' dir='ltr'><strong>hoc</strong></span> <span class='ocrx_word' id='word_1_630' title='bbox 1065 5700 1144 5744; x_wconf 86' lang='lat' dir='ltr'><strong>est</strong></span> <span class='ocrx_word' id='word_1_631' title='bbox 1170 5707 1346 5759; x_wconf 78' lang='lat' dir='ltr'><strong>equus,</strong></span> <span class='ocrx_word' id='word_1_632' title='bbox 1377 5689 1517 5759; x_wconf 84' lang='lat' dir='ltr'><strong>apud</strong></span> <span class='ocrx_word' id='word_1_633' title='bbox 1551 5689 1887 5753; x_wconf 87' lang='lat' dir='ltr'><strong>Lucretium;</strong></span> <span class='ocrx_word' id='word_1_634' title='bbox 1936 5698 1992 5743; x_wconf 87' lang='lat' dir='ltr'><strong>et</strong></span> <span class='ocrx_word' id='word_1_635' title='bbox 2038 5691 2200 5745; x_wconf 85' lang='lat' dir='ltr'><strong>odora</strong></span> <span class='ocrx_word' id='word_1_636' title='bbox 2246 5707 2428 5744; x_wconf 78' lang='lat' dir='ltr'><strong>canum</strong></span> <span class='ocrx_word' id='word_1_637' title='bbox 2472 5692 2545 5744; x_wconf 77' lang='lat' dir='ltr'><strong>ris</strong></span> <span class='ocrx_word' id='word_1_638' title='bbox 2593 5705 2691 5760; x_wconf 88' lang='lat' dir='ltr'><strong>pro</strong></span> <span class='ocrx_word' id='word_1_639' title='bbox 2742 5705 2893 5742; x_wconf 74' lang='lat' dir='ltr'><strong>canes</strong></span> <span class='ocrx_word' id='word_1_640' title='bbox 2921 5685 3062 5758; x_wconf 89' lang='lat' dir='ltr'><strong>apud</strong></span> <span class='ocrx_word' id='word_1_641' title='bbox 3090 5684 3367 5755; x_wconf 75' lang='lat' dir='ltr'><strong>Virgilium</strong></span> <span class='ocrx_word' id='word_1_642' title='bbox 3405 5683 3797 5760; x_wconf 53' lang='lat' dir='ltr'><strong>reperiuntur.</strong></span> 
     </span>
    </p>
   </div>
   <div class='ocr_carea' id='block_1_62' title="bbox 493 5775 3801 5852">
    <p class='ocr_par' dir='ltr' id='par_1_62' title="bbox 493 5775 3801 5852">
     <span class='ocr_line' id='line_1_65' title="bbox 493 5775 3801 5852; baseline 0.002 -22"><span class='ocrx_word' id='word_1_643' title='bbox 493 5775 666 5844; x_wconf 87' lang='lat' dir='ltr'><strong>Quum</strong></span> <span class='ocrx_word' id='word_1_644' title='bbox 709 5781 884 5850; x_wconf 83' lang='lat' dir='ltr'><strong>itaque</strong></span> <span class='ocrx_word' id='word_1_645' title='bbox 911 5790 1117 5837; x_wconf 82' lang='lat' dir='ltr'><strong>ccrtum</strong></span> <span class='ocrx_word' id='word_1_646' title='bbox 1150 5783 1235 5846; x_wconf 84' lang='lat' dir='ltr'><strong>sit,</strong></span> <span class='ocrx_word' id='word_1_647' title='bbox 1271 5782 1551 5839; x_wconf 75' lang='lat' dir='ltr'><strong>Melaniam</strong></span> <span class='ocrx_word' id='word_1_648' title='bbox 1584 5783 1669 5838; x_wconf 83' lang='lat' dir='ltr'><strong>hic</strong></span> <span class='ocrx_word' id='word_1_649' title='bbox 1709 5782 1878 5848; x_wconf 84' lang='lat' dir='ltr'><strong>innui,</strong></span> <span class='ocrx_word' id='word_1_650' title='bbox 1925 5783 2144 5840; x_wconf 86' lang='lat' dir='ltr'><strong>dubium</strong></span> <span class='ocrx_word' id='word_1_651' title='bbox 2175 5785 2224 5840; x_wconf 90' lang='lat' dir='ltr'><strong>in</strong></span> <span class='ocrx_word' id='word_1_652' title='bbox 2268 5785 2408 5839; x_wconf 54' lang='lat' dir='ltr'><strong>Allia</strong></span> <span class='ocrx_word' id='word_1_653' title='bbox 2452 5787 2667 5840; x_wconf 85' lang='lat' dir='ltr'><strong>nomine</strong></span> <span class='ocrx_word' id='word_1_654' title='bbox 2702 5792 2946 5840; x_wconf 76' lang='lat' dir='ltr'><strong>exortum</strong></span> <span class='ocrx_word' id='word_1_655' title='bbox 2988 5790 3068 5844; x_wconf 85' lang='lat' dir='ltr'><strong>est</strong></span> <span class='ocrx_word' id='word_1_656' title='bbox 3107 5781 3256 5837; x_wconf 85' lang='lat' dir='ltr'><strong>mihi.</strong></span> <span class='ocrx_word' id='word_1_657' title='bbox 3292 5777 3569 5852; x_wconf 79' lang='lat' dir='ltr'><strong>Siquidem</strong></span> <span class='ocrx_word' id='word_1_658' title='bbox 3618 5791 3801 5837; x_wconf 73' lang='lat' dir='ltr'><strong>soror</strong></span> 
     </span>
    </p>
   </div>
  </div>
