4008 6346
189 351 278 410 569
1198 351 1434 410 POEMA
1471 351 1608 407 XXI.
1652 385 1720 396 ——
1749 353 2136 415 PRIE‘FATIO.
3324 361 3430 418 870

191 464 495 524 Philemonis
515 481 626 522 non
650 467 812 538 Λίβα,
842 467 935 524 sed
963 467 1147 526 Graec
1166 473 1374 545 Ἀπφίὰ.
1404 479 1460 526 et
1489 472 1541 525 in
1572 471 1794 540 Vulgata
1818 473 2066 528 versione
2111 473 2300 529 Latina
2336 476 2502 547 Appia
2530 483 2678 532 recte
2711 474 2922 542 dicitur,
2971 475 3112 531 unde
3149 475 3196 531 si
3242 490 3433 533 sensus

189 563 261 615 hic
281 556 593 613 habendus:
624 555 807 622 Qualis
835 562 934 631 fuit
960 560 1098 631 Alﬁa
1124 579 1274 616 soror
1305 561 1641 628 Philemonis,
1690 563 2064 630 corrigendum
2114 579 2329 630 nomen,
2382 580 2446 621 ac
2489 566 2657 636 Appia
2704 568 3094 638 reponendum.
3138 568 3336 624 Verum
3377 569 3432 624 in

188 666 290 706 eam
313 650 490 720 potius
512 651 835 705 sententiam
867 653 1129 718 traherer,
1161 662 1220 708 ut
1255 653 1389 707 Allia
1419 653 1659 707 Melania:
1686 667 1883 706 nomen
1925 667 2144 722 quoque
2178 651 2368 720 fuerit;
2405 655 2588 724 sicque
2625 655 2878 725 legerem,
2910 666 2968 712 ut
3005 665 3129 726 post
3164 656 3304 727 ΑΙρα
3331 673 3434 729 po-

189 743 398 799 nendum
426 758 640 798 comma
670 744 980 799 arbitrarer.
1012 745 1216 800 Nomen
1242 747 1346 800 hoc
1367 745 1640 800 veteribus
1661 753 1868 812 notum,
1885 753 1945 800 ut
1965 747 2063 799 nos
2092 760 2200 800 non
2221 761 2391 815 pauca
2415 746 2611 804 docent
2632 763 2924 816 marmora,
2945 763 3011 805 ac
3038 748 3152 819 ipse
3173 757 3352 806 textus
3373 749 3429 805 id

188 851 282 908 pra:
299 850 354 890 se
381 834 521 889 ferre
562 836 800 902 videtur;
852 853 973 892 cum
1001 838 1145 893 enim
1181 839 1404 894 inferius
1429 838 1571 893 dicat
1600 855 1616 893 :
1645 837 1714 892 Et
1739 839 1895 894 simul
1922 837 2203 904 Eunomia,
2233 839 2432 909 oppido
2464 856 2561 896 nos
2607 849 2811 906 monet,
2836 856 3152 912 expressum
3183 842 3432 912 superius

188 929 326 984 fuisse
347 935 400 982 et
419 927 642 984 alterius
669 929 862 1000 puella:
891 945 1106 985 nomen.
1132 929 1288 984 Hisce
1315 929 1556 986 succedit
1584 930 1778 984 Albina
1806 929 2045 999 ejusdem
2071 931 2314 987 Melania
2333 940 2505 989 mater
2530 951 2543 987 :

1089 1034 1247 1087 Prima
1269 1039 1402 1088 ebori
1428 1038 1601 1088 Albina
1627 1046 1718 1087 cst.

190 1139 245 1193 Et
265 1138 392 1193 infra
417 1138 485 1192 de
512 1137 742 1194 Melania
771 1154 1076 1195 sermonem
1102 1141 1304 1196 habens
1328 1155 1447 1196 eam
1470 1141 1658 1194 Athina
1685 1155 1799 1193 eum
1827 1149 1992 1196 matre
2018 1141 2256 1211 copulat.
2290 1139 2420 1196 Inde
2457 1141 2801 1212 subsequitur
2829 1139 3074 1196 erasia
3098 1157 3115 1195 :
3145 1141 3368 1214 Compar
3385 1151 3435 1196 et

190 1228 419 1292 llamia,
451 1242 569 1295 seu,
601 1237 660 1283 ut
694 1229 822 1285 diss.
865 1228 898 1282 5
939 1231 1198 1295 dicemus,
1247 1231 1504 1287 Therasia
1534 1232 1621 1287 illa
1645 1233 1734 1297 sit,
1761 1247 1825 1287 ac
1865 1232 1938 1286 ita
1977 1233 2326 1301 corrigendus
2358 1242 2535 1290 textus
2563 1252 2576 1288 :
2609 1235 2952 1307 511-512
2982 1234 3108 1289 Cum
3136 1252 3259 1310 pare
3299 1234 3434 1289 Tlte-

190 1321 326 1374 rasia.
357 1319 480 1374 Haec
507 1320 562 1374 in
592 1320 775 1376 seculo
806 1319 1012 1376 Paulini
1039 1322 1236 1391 coniux
1267 1322 1384 1386 fuit,
1422 1338 1543 1379 cum
1572 1335 1680 1392 quo
1722 1321 1844 1378 dein
1882 1323 2268 1378 continentiam
2317 1323 2565 1396 amplexa
2610 1324 2905 1396 piissimam
2949 1325 3111 1381 etiam
3147 1333 3256 1380 tum
3289 1323 3436 1380 Nola:

190 1415 331 1470 vitam
357 1414 604 1470 ducebat.
629 1414 784 1470 Avita
813 1417 1008 1474 mulier
1035 1419 1137 1474 alia
1166 1417 1288 1473 dein
1317 1425 1678 1473 memoratur:

1084 1536 1456 1600 Jungilurihuic
1480 1547 1712 1600 germana
1732 1535 1869 1594 iugo,
1896 1541 1950 1600 ut
1973 1535 2036 1584 sit
2060 1537 2206 1600 tertia
2232 1537 2482 1600 princeps,

1143 1597 1368 1661 Agminls
1391 1597 1686 1660 hymnlsonis
1710 1604 1868 1646 mater
1892 1598 2034 1646 Avtta
2055 1598 2234 1650 choris.

194 1698 323 1753 Avita
348 1709 521 1754 autem
546 1699 724 1756 Turcii
765 1699 1052 1772 Aproniani
1092 1699 1289 1770 coniux
1327 1709 1465 1775 erat,
1502 1708 1558 1756 et
1580 1715 1648 1756 ex
1689 1715 1757 1757 eo
1783 1701 1921 1758 duos
1945 1709 2202 1772 genuerat
2234 1699 2388 1768 filios,
2437 1701 2705 1760 Asterium
2744 1717 2936 1775 nempe
2959 1744 2975 1772 ,
3012 1718 3075 1760 ac
3108 1702 3429 1760 Eunomiam

193 1805 326 1861 supra
353 1789 611 1846 laudatos.
638 1789 767 1847 Post
794 1793 893 1848 hos
921 1791 1173 1849 Pinianus
1205 1794 1266 1847 V.
1297 1792 1358 1847 C.
1393 1793 1635 1862 sequitur
1661 1791 1901 1848 Melaniae
1924 1792 2153 1864 iunioris
2181 1795 2404 1850 maritus
2435 1810 2450 1848 :

1083 1903 1209 1978 H‘uic
1235 1905 1525 2014 prepingnat
1543 1904 1704 1952 socius
1725 1902 1900 2014 Ἤδη
1919 1905 2038 1966 iugo

1079 1965 1199 2014 Avo
1224 1977 1377 2015 minor
1444 1967 1654 2025 tnianus,
1680 1977 1764 2028 par
1855 1978 1902 2017 e.

195 2061 390 2134 Alquale
409 2063 598 2134 iugum.
624 2064 699 2120 illi
725 2079 847 2120 cum
875 2064 1071 2122 Turcio
1093 2064 1258 2133 facit;
1288 2066 1446 2122 ambo
1473 2067 1617 2122 enim
1646 2065 1920 2137 coniugati
1949 2074 2122 2123 erant.
2154 2067 2212 2125 Si
2241 2067 2358 2126 istis
2383 2069 2666 2126 Paulinum
2696 2069 2872 2141 ipsum
2897 2070 3136 2142 adiicias,
3167 2084 3230 2126 ac
3258 2069 3433 2126 Afini-

196 2159 312 2225 tium,
334 2157 514 2212 decem
542 2157 773 2214 habebis
800 2159 986 2229 procul
1013 2157 1176 2214 dubio
1224 2159 1345 2216 illos
1373 2173 1512 2229 quos
1557 2173 1719 2215 versu
1746 2173 1906 2230 supra
1945 2159 2162 2216 laudato
2199 2161 2456 2218 innuebat
2485 2162 2600 2233 ipse
2639 2169 2820 2234 poeta.
2850 2161 3054 2230 Quibus
3080 2163 3288 2234 positis,
3315 2163 3434 2218 elu-

196 2249 326 2303 cescit
351 2264 445 2303 cur
473 2248 562 2304 ille
599 2250 854 2306 cecinerit
887 2269 902 2304 :

1079 2342 1214 2407 Ergo
1236 2344 1411 2410 cohors
1433 2345 1549 2410 haec
1559 2351 1664 2396 tota
1686 2345 1855 2408 simul,
1883 2347 1972 2410 tria
1998 2348 2192 2396 nomina
2216 2354 2419 2410 matres,

1144 2411 1362 2466 Quatuor
1384 2409 1432 2456 lu
1455 2409 1599 2472 tis,
1626 2411 1678 2458 in
1703 2410 1922 2469 patribus
1943 2407 2044 2458 duo
2066 2415 2200 2460 sunt.

195 2501 374 2568 Albim,
402 2504 580 2571 Avita,
609 2517 675 2559 ac
697 2501 954 2561 Therasia
983 2513 1188 2564 matres
1211 2516 1386 2563 erant.
1421 2506 1573 2563 Licet
1609 2506 1814 2562 nullum
1842 2507 2036 2578 pignus
2077 2506 2387 2564 Therasiam
2426 2515 2655 2565 matrem
2699 2516 2827 2564 tunc
2869 2506 3291 2574 commendaret,
3319 2507 3434 2578 eius

195 2605 302 2652 atas
324 2605 518 2665 tamen,
546 2605 604 2652 et
631 2605 880 2669 receptus
900 2599 1029 2655 olim
1057 2601 1112 2657 in
1133 2598 1389 2672 Hispania
1414 2599 1555 2657 ﬁlius
1581 2601 1799 2658 nomine
1817 2602 1922 2658 hoc
1950 2600 2094 2657 illam
2122 2602 2502 2674 distinguebat.
2535 2603 2664 2660 Diue
2685 2603 2808 2660 tilia
2833 2604 3092 2660 matribus
3109 2612 3284 2672 erant,
3313 2601 3431 2660 ﬂe-

198 2687 313 2743 lania
339 2687 554 2758 Albium,
587 2687 846 2746 Eunomia
876 2693 1043 2748 Aviuc
1067 2711 1080 2747 :
1113 2693 1254 2763 quod
1283 2691 1540 2749 Paulinus
1566 2693 1761 2750 melius
1797 2694 2065 2764 expressit
2095 2711 2110 2748 :

1083 2802 1316 2867 lati-ibus
1339 2803 1414 2867 his
1434 2802 1534 2852 duo
1556 2809 1666 2867 sunt
1692 2803 1851 2867 tribus
1875 2815 1972 2850 uno
1996 2804 2197 2867 pigngra
2221 2816 2372 2867 sexu,

1151 2863 1264 2913 Flos
1285 2865 1531 2926 geminus,
1561 2864 1740 2915 Melani
1763 2863 2009 2927 germen,‘
2021 2871 2074 2914 et
2099 2865 2353 2918 Eunomia.

211 2963 569 3037 Suheqmtur
596 2967 708 3023 duo
737 2967 829 3024 filii
855 2983 1050 3035 mares,
1080 2967 1332 3026 Pinianus
1359 2969 1611 3026 videlicet
1647 2985 1713 3025 ac
1739 2968 2002 3028 Asterius.
2040 2967 2139 3025 llic
2164 2967 2416 3026 Turcium
2455 2969 2757 3027 naturalem
2786 2979 3090 3042 parentem,
3129 2970 3221 3029 ille
3248 2967 3432 3029 Pauli‘

205 3072 315 3112 nam
337 3059 646 3130 spiritualem
675 3071 879 3132 patrem
915 3061 1321 3133 profitebantur,
1353 3060 1494 3118 unde
1530 3061 1606 3117 ait
1633 3061 1776 3118 idem
1802 3069 2023 3119 sanctus
2056 3080 2068 3116 :

1089 3176 1209 3228 Cura
1234 3183 1375 3233 patre
1401 3177 1601 3227 Paulino
1623 3181 1765 3239 pater
1789 3190 1934 3239 eque
1955 3176 2167 3227 Turdus
2188 3177 2282 3227 iste
2307 3183 2406 3239 est,

1151 3239 1251 3289 Sed
1274 3252 1354 3288 me
1378 3245 1513 3297 etas.
1538 3237 1734 3288 soboles
1757 3237 1886 3288 hunc
1907 3237 2020 3288 facit
2043 3252 2154 3289 esse
2181 3246 2388 3302 patrem.

199 3337 314 3408 Ergo
329 3349 554 3411 quatuor
580 3341 692 3397 nati
715 3355 780 3398 ac
806 3340 914 3397 duo
937 3349 1120 3412 patres
1141 3349 1328 3413 aperte
1353 3340 1672 3412 produntur.
1701 3339 1780 3396 De
1807 3340 1890 3397 his
1911 3350 2090 3398 autem
2110 3343 2362 3428 omnibus
2387 3342 2794 3402 dissertationes
2813 3346 3122 3416 singillatim
3142 3345 3436 3418 posuimus.

197 3431 250 3485 ad
279 3447 400 3502 quas
435 3434 697 3490 lectorem
739 3434 1080 3490 remittimus.
1135 3431 1386 3489 Ceterum
1436 3431 1578 3487 fama
1616 3431 1920 3488 sanctitatis
1949 3431 2306 3503 piissimaaque
2332 3433 2456 3489 vita:
2493 3448 2655 3504 quam
2684 3433 2916 3492 ducebat
2941 3435 3220 3503 Paulinus,
3250 3436 3438 3494 Nolam

197 3523 394 3582 illustres
422 3526 542 3582 illos
565 3526 839 3582 Romanos
877 3525 1192 3590 adduxerat,
1222 3534 1282 3580 ut
1328 3524 1419 3590 ibi,
1463 3523 1712 3579 abdicato
1762 3523 1967 3589 seculo,
1995 3523 2097 3579 sibi
2123 3539 2190 3578 ac
2218 3523 2330 3580 Deo
2358 3525 2686 3581 unanimiter
2711 3527 2972 3582 viverent.
3023 3526 3285 3584 Nimirum
3333 3528 3440 3583 illic

197 3619 512 3674 monasticam
536 3619 702 3673 vitam
746 3617 1102 3686 profitebatur
1153 3613 1428 3683 Paulinus,
1459 3614 1747 3686 pluresque
1800 3613 1899 3669 sub
1943 3613 2060 3682 eius
2096 3614 2357 3681 regimine
2409 3614 2648 3670 melioris
2691 3617 3010 3686 tutiorisque
3039 3617 3266 3672 instituti
3293 3615 3441 3672 rudi-

197 3717 338 3762 menta
364 3711 585 3765 haurire
611 3708 930 3778 gestiebant.
960 3706 1097 3762 Hinc
1141 3704 1538 3761 animadvertes
1565 3701 1848 3757 Pinianum
1877 3717 1907 3758 a
1937 3701 1993 3757 S.
2029 3703 2346 3772 Augustino,
2377 3711 2431 3760 et
2459 3705 2674 3774 quidem
2704 3707 2978 3778 episcopo,
3012 3706 3228 3762 fratrem
3256 3707 3439 3777 appel-

195 3797 342 3866 latum,
360 3818 476 3871 quo
505 3801 724 3858 nomine
751 3800 934 3871 utique
960 3801 1108 3856 illum
1148 3798 1206 3855 S.
1237 3797 1428 3854 doctor
1449 3813 1555 3852 non
1583 3796 1982 3866 compellasset,
2009 3797 2111 3852 nisi
2140 3799 2440 3854 monachus
2467 3801 2655 3856 saltem
2681 3800 2849 3857 laicus
2879 3800 2981 3856 iste
3011 3799 3212 3856 fuisset.
3239 3800 3440 3856 Auctor

196 3886 297 3945 Vita
323 3893 374 3947 S.
413 3889 660 3946 Melaniae
699 3889 840 3961 apud
868 3890 990 3945 Sur.
1020 3889 1108 3944 die
1134 3888 1199 3942 δι
1232 3886 1449 3942 Januar.
1483 3884 1766 3941 Pinianum
1794 3899 1859 3941 ac
1887 3884 2171 3941 Melaniam
2202 3886 2256 3941 in
2295 3887 2531 3943 Siciliam
2573 3889 2854 3957 navigaste
2894 3888 2989 3952 ait,
3023 3889 3213 3957 partim
3237 3887 3440 3958 quidem

195 3989 234 4030 at
277 3997 422 4053 agros
469 3983 561 4054 qui
589 3981 694 4035 illic
719 3990 868 4036 erant
902 3981 1176 4035 venderent
1196 4019 1210 4045 ,
1242 3978 1433 4049 partim
1462 3986 1633 4031 autent
1669 3986 1726 4030 ut
1763 3978 2143 4031 sanctissimum
2171 3979 2465 4048 episcopum
2495 3979 2778 4034 Paulinum
2815 3981 3052 4042 viserent,
3097 3979 3323 4049 quierat
3364 3979 3440 4032 eis

195 4067 322 4124 Pater
344 4072 629 4127 secundum
654 4073 911 4143 spiritum.
947 4069 1025 4126 En
1055 4078 1113 4126 ut
1139 4070 1342 4142 optime
1371 4069 1618 4125 universa
1647 4077 1964 4139 congruunt.
2006 4069 2065 4125 ln
2091 4085 2158 4125 eo
2188 4078 2368 4124 tamen
2395 4071 2660 4141 decipitur
2699 4080 2888 4128 auctor
2926 4072 3045 4136 iste,
3075 4071 3220 4142 quod
3248 4070 3436 4126 claris-

192 4162 342 4218 simam
368 4166 514 4221 hanc
549 4165 856 4220 cathervam
881 4165 949 4221 ad
977 4165 1255 4219 Paulinum
1283 4162 1442 4219 ollicii
1471 4170 1680 4217 tantum
1705 4163 1878 4232 gratia
1905 4163 2207 4234 perrexisse
2242 4164 2498 4238 [innuat];
2537 4163 2665 4219 illud
2693 4165 2836 4220 enim
2875 4166 2976 4220 iter
3003 4164 3072 4219 ab
3098 4163 3176 4220 eis
3213 4177 3433 4232 suscep-

192 4259 276 4305 tum
301 4253 408 4321 fuit,
455 4267 572 4312 tum
605 4265 663 4310 ut
691 4259 954 4312 instantes
976 4254 1106 4312 Urbi
1127 4255 1334 4312 Gothos
1360 4253 1712 4323 declinarent,
1735 4261 1849 4310 tum
1878 4263 1938 4309 ut
1960 4255 2123 4309 vitam
2151 4255 2223 4310 ibi
2250 4271 2400 4311 suam
2424 4261 2686 4326 perpetuo
2705 4253 2901 4309 Christi
2925 4253 3144 4309 servitio
3165 4251 3433 4322 mancipa-

191 4352 297 4400 rent.
318 4346 476 4404 Certe
502 4345 758 4403 Paulinus
795 4347 969 4418 inquit
1001 4365 1014 4400 :

1092 4437 1195 4502 Hos
1217 4451 1342 4502 ergo
1368 4439 1506 4488 Felix
1535 4441 1578 4487 in
1605 4453 1693 4488 suo
1716 4440 1823 4502 sinu
1849 4439 2038 4488 abditos

1084 4500 1347 4562 Mandante
1374 4502 1566 4550 Clll’lalﬂ
1587 4501 1803 4550 min-lidit
1827 4503 2114 4562 tectiswuis,

1091 4561 1385 4626 Mecumque
1406 4563 1584 4613 sumsit
1605 4565 1936 4627 sempiternos
1962 4563 2197 4615 hmoites.

187 4655 294 4716 Infra
321 4663 505 4720 subdit
533 4681 546 4718 :

1398 4759 1634 4822 Sorlusin
1661 4766 1791 4822 tecta
1813 4760 2111 4822 recepimus,
2138 4766 2190 4810 et
2215 4774 2351 4822 nunc,

1089 4819 1274 4883 Omnes
1291 4823 1402 4881 iure
1429 4827 1527 4883 pari
1553 4820 1735 4870 Felicis
1753 4821 1860 4880 iura
1877 4819 2138 4883 tenemus,
2245 4821 2249 4826 ’

1090 4882 1372 4991 get-clarure
1397 4880 1547 4945 patris
1568 4884 1758 4946 gremio
1781 4880 2037 4942 ωιιιιιιιςω
2063 4880 2286 4934 fovemur

1131 4956 1319 5004 ignora.

185 5012 381 5079 lautum
411 5023 562 5080 enim
593 5024 889 5082 emicuerat
915 5026 968 5082 in
997 5024 1224 5084 Paulino
1253 5029 1372 5086 viro
1399 5039 1557 5086 antea
1608 5028 1940 5085 nobilissimo
1988 5044 2052 5085 ac
2104 5027 2368 5083 ditissimo
2408 5041 2590 5082 rerum
2635 5027 2968 5083 saeular'mm
3023 5023 3328 5096 repudium,
3380 5031 3436 5076 ut

183 5125 300 5169 unus
343 5114 606 5174 Paulinus
656 5117 825 5174 ferme
872 5120 926 5174 in
970 5120 1316 5190 perfectionis
1356 5124 1663 5193 exemplum
1713 5131 2126 5195 pr0poneretur.
2177 5122 2313 5177 Vide
2359 5137 2446 5191 ep.
2491 5121 2768 5192 Augustini
2808 5119 2878 5176 34
2914 5121 2983 5176 ad
3013 5121 3262 5176 eumdem
3292 5118 3431 5172 Pan-

184 5199 348 5275 linum,
371 5216 427 5262 et
452 5207 526 5262 59
567 5207 634 5261 ad
663 5207 981 5275 Licentium,
1014 5228 1304 5282 rursusque
1339 5211 1408 5267 59
1433 5215 1498 5268 ad
1531 5215 1701 5284 ipsum
1732 5213 2034 5274 Paulinum.
2065 5215 2296 5270 Consule
2329 5214 2712 5286 Hieronymum
2742 5216 2924 5272 itidem
2954 5217 3006 5270 in
3035 5231 3120 5284 ep.
3155 5213 3224 5268 54
3248 5215 3314 5267 ad
3335 5209 3435 5266 Ju-

184 5289 378 5357 lianutn.
408 5307 466 5352 et
486 5297 811 5354 Saccbinum
842 5301 895 5356 in
922 5300 1129 5358 Paulini
1160 5303 1302 5370 Vita,
1334 5310 1472 5373 part.
1511 5303 1564 5357 ‘2.
1599 5303 1751 5371 Quod
1779 5312 1958 5360 autem
1991 5304 2210 5359 illustris
2238 5305 2321 5360 hic
2350 5314 2520 5361 cintus
2551 5305 2641 5360 diu
2670 5305 2816 5361 Nola:
2854 5313 3094 5360 moratus
3121 5319 3223 5358 non
3253 5300 3433 5362 fuerit,

184 5379 224 5436 in
263 5400 418 5444 causa
460 5389 629 5445 fuisse
656 5391 867 5447 videtur
893 5393 1249 5463 ingruentium
1279 5395 1470 5448 iterum
1497 5394 1849 5449 barbarorum
1880 5403 2078 5460 motus,
2107 5394 2196 5464 qui
2226 5394 2534 5449 servitutem
2563 5392 2729 5450 Italia:
2759 5395 3065 5449 minitantes
3085 5406 3226 5446 anno
3246 5396 3435 5460 postea

184 5472 285 5543 3H),
322 5479 530 5550 impetu
559 5481 922 5541 funestissima
953 5487 1122 5557 ipsam
1166 5485 1362 5542 Urbem
1395 5486 1638 5551 ingressi,
1670 5485 1903 5542 aedibus
1932 5497 2094 5557 atque
2134 5487 2334 5557 rapinis
2379 5485 2702 5557 implevere,
2733 5493 2892 5554 atque
2925 5482 3061 5537 adeo
3089 5478 3435 5549 Campaniam

186 5565 328 5635 ipsam
357 5581 670 5629 vastavere.
703 5573 760 5630 In
791 5576 894 5633 hoc
932 5579 1150 5650 insuper
1187 5579 1359 5633 Natali
1402 5593 1522 5632 cum
1568 5577 1720 5648 plura
1752 5588 2124 5650 proponantur
2170 5579 2242 5636 ad
2284 5581 2418 5636 tanti
2461 5577 2714 5635 antistitis
2741 5591 2832 5633 res
2870 5581 3048 5645 gestas
3076 5570 3439 5629 illustrandae:

189 5660 344 5714 omnia
368 5677 470 5732 pro
498 5663 702 5722 viribus
730 5669 864 5725 meis
893 5671 944 5726 in
975 5669 1112 5727 Diss.
1141 5669 1175 5724 9
1201 5681 1254 5727 et
1279 5671 1626 5741 sequentibus
1650 5673 1898 5742 expendi.
