3996 6356
591 307 698 380 571

598 451 603 458 ’
1170 469 1393 530 ροιειιςι
1431 472 1567 531 XXI.

948 605 1158 645 CARIEN
1189 606 1278 644 xm
1308 606 1357 644 ιη
1385 605 1432 644 s.
1466 605 1696 646 reuersa
1728 589 1825 674 (a).

742 700 985 772 513-5
995 699 1096 772 14
1114 698 1354 754 Candida
1376 715 1480 770 pax
1504 699 1576 772 (ὁ)
1598 706 1751 768 grata
1779 698 1934 753 nobis
1965 697 2034 770 (c)
2057 697 2176 754 vice

763 841 766 844 .
1603 789 1882 860 [temporis
1910 803 2106 842 annum

741 877 870 933 Post
896 879 1102 935 hiemes
1125 887 1271 934 actas
1301 879 1592 948 tranquillo
1619 878 1820 932 lumine
1847 877 2014 942 ducit,

739 969 1119 1041 Signatamque
1146 971 1286 1026 diem
1320 971 1394 1042 (ά)
1425 972 1596 1026 sancti
1622 969 1812 1026 Felicis
1842 970 2047 1024 honore

737 1060 952 1116 Securis
980 1062 1152 1131 aperit
1173 1062 1401 1131 populis.
1435 1061 1683 1116 Gaudere
1709 1061 1913 1115 serenis

593 1148 636 1208 ,5
738 1151 1024 1220 Mentibus,
1046 1153 1284 1206 abstersa
1305 1151 1404 1204 diri
1435 1151 1661 1219 caligine
1681 1150 1828 1215 belli,

740 1242 943 1298 Suadet
969 1259 1139 1298 ovans
1167 1242 1339 1307 Felix,
1368 1242 1493 1312 quia
1523 1241 1671 1310 pacis
1698 1248 1755 1294 et
1778 1241 1892 1310 ipse
1921 1249 2180 1310 patronus

738 1335 874 1391 Cum
914 1336 1157 1407 patribus
1187 1334 1376 1398 Paulo,
1409 1342 1572 1402 atque
1602 1330 1793 1398 Petro,
1840 1341 2039 1388 etcum
2072 1332 2178 1386 fra-

1724 1424 1919 1496 [tribus
1951 1423 2106 1478 almis

738 1517 1060 1589 Martyribus
1080 1530 1261 1585 regem
1290 1529 1478 1584 regum
1505 1513 1753 1569 exoravit
1774 1515 1948 1568 amico

740 1607 968 1666 Numine
999 1607 1228 1662 Romani
1257 1604 1562 1677 producere
1593 1613 1836 1674 tempora
1862 1603 2032 1671 regni,
2111 1642 2117 1650 .

595 1683 666 1754 ’10
736 1700 1108 1767 lnstantesque
1135 1697 1300 1752 Getas
1331 1696 1400 1767 (ε)
1426 1695 1556 1764 ipsis
1580 1694 1691 1763 jam
1725 1694 1966 1749 faucibus
1995 1692 2141 1748 urbis

742 1793 972 1861 Pellere,
1002 1801 1056 1848 et
1078 1792 1322 1856 exitium,
1348 1806 1440 1846 seu
1465 1790 1674 1845 vincula
1694 1799 1906 1843 vertere
1929 1790 1980 1843 in
2007 1789 2171 1858 ipsos,

739 1886 836 1952 Qui
868 1884 1254 1938 minitabantur
1283 1881 1348 1953 (1)
1381 1880 1638 1934 Romanis
1667 1880 1854 1934 ultima
1892 1879 2096 1947 regnis.

737 1979 888 2034 Nunc
930 1977 1092 2046 igitur
1139 1974 1290 2044 pulsa
1336 1972 1643 2039 formidine,
1690 1979 1747 2025 ut
1793 1971 1866 2041 (g)
1917 1971 2177 2026 imbribus

1922 2063 2098 2134 Iactis,

739 2164 1023 2233 Resp-icere
1049 2147 1300 2232 expulsas
1330 2159 1527 2221 nubes,
1558 2155 1843 2226 praesentia
1873 2168 2053 2209 rerum

596 2253 664 2308 15
737 2252 1028 2309 Prmteritis
1048 2251 1294 2306 conferre
1319 2249 1491 2318 juvat.
1521 2247 1694 2313 Quam
1725 2255 1862 2301 tetra
1888 2261 1986 2316 per
2014 2247 2171 2309 istos,

736 2342 838 2410 Qui
868 2341 1091 2406 ﬂuxere,
1119 2340 1254 2407 dies,
1287 2340 1472 2408 elapso
1494 2354 1604 2392 nox
1629 2346 1747 2391 erat
1773 2353 1942 2401 anno,

730 2441 865 2496 Cum
893 2441 1044 2502 furor
1071 2453 1331 2494 accensus
1351 2437 1546 2492 divina:
1568 2435 1805 2491 motibus
1836 2435 1929 2490 ira:

729 2543 975 2598 lmmisso
1005 2540 1174 2595 Latiis
1201 2539 1420 2599 arderet
1445 2539 1497 2593 in
1531 2537 1752 2594 urbibus
1781 2536 1856 2607 (h)
1883 2537 2065 2591 hoste!

729 2642 880 2697 Nune
907 2640 1092 2695 itidem
1133 2639 1328 2710 placidi
1356 2647 1600 2708 spectata
1629 2638 1872 2708 potentia
1902 2635 2102 2692 Christi

663 2792 738 2864 (a)
770 2793 826 2846 ln
855 2801 1050 2864 nostro
1071 2792 1258 2848 codice
1303 2791 1554 2846 carminis
1598 2790 1781 2846 titulus
1818 2791 1907 2848 hic
1931 2799 2053 2847 est:
2088 2789 2178 2846 In-

589 2862 729 2936 cipit
743 2864 869 2936 liber
899 2863 943 2916 X
954 2862 1070 2916 111.

666 2933 740 3005 (b)
765 2931 1241 3005 Anno-praeterito:
1259 2931 1360 2985 hoc
1382 2939 1462 2986 est
1477 2930 1689 3005 _an._Ch.
1717 2929 1840 3005 405,
1867 2929 2118 3005 Stilicone
2138 2947 2177 2986 ιι

587 3013 639 3058 et
665 3000 901 3056 Antemio
931 3000 1090 3065 coss.,
1117 3009 1174 3054 ut
1208 3000 1438 3069 Prosper
1475 3001 1526 3054 in
1554 3000 1819 3054 Chronico
1859 3003 2067 3061 asserit.
2093 3012 2176 3057 est

590 3075 779 3141 ingens
807 3074 873 3126 de
899 3071 1277 3141 Gothisrelata
1299 3071 1545 3141 victoria,
1568 3086 1630 3124 ac
1652 3071 1850 3141 idcirco
1871 3087 2011 3141 anno
2038 3088 2173 3141 prm-

589 3134 728 3199 senti
751 3142 852 3195 406
883 3158 1066 3212 pacem
1094 3140 1258 3194 Italiae
1299 3134 1558 3212 redditam
1589 3141 1731 3212 canit
1764 3134 2172 3195 Pauiinuszd-

1505 321 1563 379 S.
1615 319 1890 379 PAULlNl
1927 317 2176 379 NOLANI
2223 312 2527 379 EPISCOPI
2575 319 2893 383 ΡΟΕΜᾸΤΑ

2196 434 2247 496 Α
2275 431 2344 486 20
2412 431 2633 488 Munera
2660 435 2756 506 (i):
2789 435 3038 492 mactatis
3051 435 3248 505 pariter
3263 437 3324 509 (j)
3342 451 3454 496 cum
3468 451 3778 518 regeprofano

2203 1837 2252 1898 Β

2201 2537 2216 2549 ⁸
2278 2529 2634 2600 515-516
2659 2528 2801 2600 Ergo
2846 2529 3040 2599 pedem
3079 2531 3315 2586 referam
3365 2548 3381 2597 ;

3691 338 3780 401 57!

2422 523 2695 592 Hostibus,
2727 526 2949 595 Augusti
2981 528 3130 597 pueri
3156 529 3226 599 (Ir)
3251 531 3456 586 victoria
3483 551 3646 603 pacem

2421 614 2686 682 Reddidit,
2731 625 2893 686 atque
2923 619 3077 673 annis
3119 625 3270 675 tener
3297 621 3459 691 idem,
3487 634 3536 680 et
3562 629 3616 697 (ι)
3657 631 3780 692 fortis

3494 718 3562 790 [in
3589 728 3726 779 armis

2420 796 2702 855 Praevaluit
2727 802 2923 857 virtute
2942 802 3058 868 Dei,
3089 812 3143 858 et
3164 806 3401 860 mortalia
3431 807 3574 878 fregit

2422 890 2668 957 Robora,
2717 893 3034 961 sacrilegum
3077 894 3288 951 Christo
3326 909 3594 966 superante
3634 913 3782 974 tyranc

3584 992 3727 1064 [num.
3769 1059 3785 1077 .

2277 1068 2348 1124 25
2419 1069 2525 1126 Sed
2541 1073 2665 1141 quid
2693 1087 2793 1142 ego
2815 1075 2940 1131 hinc
2966 1074 3128 1131 modo
3155 1075 3306 1145 plura
3328 1077 3537 1148 loquar?
3556 1084 3679 1149 quod
3698 1068 3784 1141 ιιοιῖ

2459 1181 2468 1192 ’
3515 1169 3736 1241 [speciale

2420 1249 2550 1306 Esse
2571 1253 2675 1307 mei
2704 1253 2896 1308 Felicis
2919 1269 3054 1324 opus
3081 1270 3168 1310 res
3188 1255 3391 1324 publica
3421 1257 3509 1328 (ιιι)
3537 1265 3788 1318 monstrat?

2420 1339 2668 1397 Pluribus
2698 1343 2776 1413 (η)
2823 1344 2937 1398 haec
2963 1345 3163 1398 etenim
3205 1345 3282 1416 (ο)
3327 1361 3481 1402 causa
3525 1358 3599 1404 est
3639 1360 3788 1405 curata

3477 1437 3712 1509 [patronis
3723 1481 3735 1506 ,

2425 1521 2491 1577 Ut
2519 1523 2761 1578 Romana
2789 1525 2933 1580 salus
2973 1534 3030 1580 et
3049 1526 3258 1595 publica
3289 1527 3397 1581 vita
3420 1539 3658 1584 maneret.

2421 1614 2519 1671 liic
2549 1615 2760 1681 Petrus,
2811 1618 2897 1673 hic
2940 1617 3136 1674 Paulus
3163 1635 3432 1690 proceres,
3462 1623 3542 1677 hic
3579 1630 3792 1694 martyres

3547 1713 3746 1784 [omnes

2277 1797 2345 1851 '50
2417 1796 2563 1863 Quos
2591 1798 2748 1852 simul
2770 1799 3080 1856 innumeros
3103 1801 3185 1872 (p)
3219 1816 3418 1870 magna:
3447 1809 3582 1856 tenet
3607 1804 3799 1859 ambitus

3575 1891 3744 1964 [Urbis,

2421 1981 2672 2051 Quosque
2691 1998 2788 2052 per
2815 1983 3124 2040 innumeras
3148 1983 3343 2039 diffuso
3370 1985 3532 2039 limite
3560 1985 3626 2054 (ᾳ)
3650 1993 3798 2054 gentes

2417 2072 2560 2127 Intra
2590 2073 2881 2128 Romuleos
2910 2084 3200 2129 veneratur
3229 2075 3436 2130 Eclesia
3467 2075 3609 2138 fines,

2420 2163 2687 2220 Sollicitas
2713 2165 2872 2220 simul
2902 2165 3147 2235 impenso
3174 2165 3379 2220 duxere
3401 2173 3608 2235 precatu

2421 2253 2707 2309 Excubias.
2738 2254 2888 2310 Felix
2904 2271 3054 2310 meus
3070 2256 3158 2310 hic
3189 2256 3286 2326 (r),
3318 2255 3463 2310 velut
3482 2271 3608 2312 unus
3632 2270 3804 2322 eorum,

2277 2341 2350 2398 55
2419 2343 2475 2398 ln
2518 2346 2766 2413 precibus
2793 2361 2917 2416 pars
2945 2361 3137 2415 magna
3176 2345 3310 2412 fuit;
3343 2345 3436 2401 sed
3473 2361 3660 2402 summa
3682 2346 3804 2415 petiti

2420 2436 2656 2492 Muneris
2684 2437 2750 2492 ad
2778 2446 3032 2505 cunctos,
3064 2439 3200 2494 nulli
3225 2439 3437 2509 privata
3464 2438 3691 2494 refertur.

3429 2537 3510 2586 sat
3535 2530 3663 2585 enim
3700 2528 3800 2583 mihi

3275 2620 3467 2694 [pauca
3489 2621 3654 2677 locuto
3674 2620 3761 2690 (a),

2276 2765 3038 2848 Chron.,1daeius,:Socrates
3075 2777 3166 2832 lib.
3213 2793 3267 2844 v,
3317 2793 3453 2848 cap.._
3478 2773 3560 2848 l2,
3587 2781 3804 2848 asserunt.

2276 2841 2596 2915 quamquam
2625 2841 2947 2902 Claudianus
2976 2848 3028 2901 in
3057 2863 3108 2902 iV
3146 2841 3635 2914 consul..'ejusdem
3661 2841 3805 2899 Hono-

2275 2916 2339 2968 rii
2402 2917 2616 2972 obstare
2674 2918 2937 2972 videatur.
2987 2916 3154 2985 igitur
3210 2933 3366 2972 anno
3407 2916 3510 2970 405
3548 2915 3805 2984 vigesimum

2274 2986 2504 3058 primum
2531 2989 2704 3058 aetatis
2731 3002 2840 3058 sua:
2869 3003 3065 3058 annum
3093 2988 3427 3058 complevitL
3447 2985 3805 3058 ac‘vigesiinum

2275 3053 2330 3108 et
2360 3056 2583 3128 alterum
2610 3057 2749 3128 iniit.
2788 3057 2964 3112 Nihilo
3001 3059 3177 3128 secius
3221 3053 3352 3128 'puer
3399 3053 3613 3128 Paulino
3639 3053 3806 3128 dicitur,

2273 3127 2483 3197 poetica
2509 3135 2658 3197 certe
2704 3127 2967 3182 libertate.
3009 3127 3142 3182 Vide
3174 3120 3296 3197 qua:
3342 3125 3479 3182 infra
3519 3123 3736 3180 adnotavi
3759 3120 3807 3174 ad

589 3196 698 3266 didi
726 3213 854 3266 illud
882 3196 1074 3275 ianum,
1120 3218 1178 3264 ut
1207 3225 1422 3265 carmen
1455 3210 1506 3263 in
1536 3225 1637 3264 ms.
1669 3210 1917 3265 laborans
1954 3212 2173 3280 supplc-
2199 3209 2242 3268 C
2277 3209 2428 3280 "iis:
2446 3196 2571 3280 ἔδει
2607 3196 2978 3280 Μσκλτοιιξίυετ

585 3298 723 3337 rem.
754 3282 1122 3336 Munnonws.

580 3399 584 3422 _.
663 3355 735 3423 (c)
777 3352 1068 3423 Emendavi
1122 3367 1188 3406 ex
1226 3358 1428 3423 nostro
1461 3349 1662 3423 codice.
1701 3349 1758 3403 In
1802 3343 1938 3423 Mur.
1988 3350 2174 3405 codice

579 3417 774 3478 versus
821 3422 1196 3476 claudicabat:
1240 3421 1312 3474 ita
1348 3421 1486 3473 enim
1548 3419 1599 3472 in
1646 3435 1711 3473 eo
1751 3420 2006 3487 scriptum
2037 3429 2168 3485 erat,

588 3493 822 3563 Candida
865 3510 969 3563 pax
997 3501 1145 3563 grata
1184 3493 1287 3544 vice
1328 3491 1568 3563 temporis
1609 3505 1820 3542 annum.
1853 3489 2172 3546 Muratorius

585 3561 654 3617 de
681 3579 780 3618 suo
810 3561 1090 3617 addiderat
1117 3577 1305 3615 vocem
1337 3562 1507 3612 lwtum
1539 3569 1660 3628 post
1686 3574 1870 3614 vocem
1904 3575 2026 3626 pax.

661 3635 737 3699 (ά)
768 3631 1056 3687 Emendavi
1095 3632 1235 3684 hunc
1279 3631 1453 3684 locum
1482 3645 1548 3683 ex
1579 3637 1764 3683 nostro
1805 3629 2008 3684 codice.
2039 3629 2173 3684 Nam

588 3703 641 3756 in
689 3703 824 3756 Mur.
883 3702 1066 3756 codice
1113 3700 1368 3755 mendose
1416 3700 1672 3770 scriptum
1720 3707 1835 3754 erat
1879 3701 2169 3771 signatum-

623 3788 683 3825 ue
707 3789 807 3825 υιο.

587 3789 908 3910 ᾳαῖέῖκίίιιιιι.
948 3840 1166 3910 Qrosius
1197 3839 1288 3893 lib.
1321 3854 1413 3906 vn,
1449 3854 1568 3910 cap.
1599 3837 1666 3894 37
1698 3838 1861 3910 Hist.,
1884 3840 2072 3896 eadem
2102 3840 2170 3895 de

585 3909 925 3982 Bhadagaiso
954 3909 1252 3982 Gothorum
1295 3924 1420 3978 rege
1458 3910 1665 3982 habet:
1713 3909 1829 3965 Hoc
1866 3912 2040 3982 igitur,
2071 3911 2164 3982 ait,

585 3979 834 4051 Bomanis
859 3979 1060 4034 arcibus
1086 3980 1401 4051 imminente,
1429 3982 1489 4049 ﬁt
1512 3981 1739 4051 omnium
1772 3979 2089 4051 paganorum
2109 3981 2166 4033 in

587 4048 779 4120 Urbem
830 4067 1122 4105 concursus.
1172 4049 1237 4102 Et
1282 4048 1462 4104 infra:
1499 4050 1598 4104 Hic
1636 4051 1751 4120 jam
1773 4048 2005 4120 receptus
2049 4051 2166 4120 sinu

583 4119 759 4191 ftaiia:
788 4122 1006 4175 Romam
1024 4138 1052 4174 e
1071 4122 1306 4191 proajmo
1330 4129 1624 4174 trementem
1638 4119 1842 4191 terrore
1866 4119 2162 4191 quassabat.

581 4189 640 4244 8.
665 4192 884 4260 August.
916 4192 984 4245 de
1028 4192 1142 4245 Civ.
1185 4189 1278 4245 Dei
1311 4191 1401 4246 lib.
1434 4209 1483 4256 v,
1517 4207 1637 4259 cap.
1668 4190 1757 4254 25,
1791 4189 1928 4244 hanc
1954 4189 2163 4245 Gotho-

585 4262 1098 4331 rumAirruptionem
1137 4261 1302 4327 tangit
1333 4279 1345 4313 :
1380 4263 1504 4314 Cum
1549 4261 1928 4331 Rhadagaisus,
1971 4261 2160 4331 inquit,

581 4347 675 4384 rex
701 4329 979 4385 Gothorum
1010 4331 1216 4400 agmine
1250 4332 1441 4398 ingenti
1469 4341 1516 4384 et
1545 4329 1758 4384 immani
1770 4331 1884 4399 jam
1913 4331 1966 4382 in
2010 4329 2162 4385 Urbis

582 4401 768 4454 vicinia
789 4399 1113 4464 constitutus,
1142 4399 1388 4454 Romanis
1409 4403 1684 4455 cervicibus
1711 4401 2014 4455 immineret.
2049 4400 2163 4454 MU-

583 4485 863 4524 ιιΑτοιιιυΒ.

651 4538 972 4621 ([i'Paulino
992 4538 1356 4621 adstipulatur
1399 4539 1620 4621 Orosius
1666 4555 1827 4621 supra
1869 4539 2154 4621 laudatus:

582 4605 684 4671 Qui
702 4605 1230 4681 '(Bhadagaisus),'ut
1253 4626 1360 4664 mos
1384 4620 1459 4664 est
1499 4605 1747 4664 barbaris
1760 4611 2015 4681 gentibus,
2047 4627 2159 4681 om-

579 4694 696 4731 nem
719 4678 939 4751 Romani
963 4678 1161 4750 generis
1184 4681 1485 4751 sanguinem
1513 4681 1613 4734 diis
1631 4681 1738 4734 suis
1762 4678 2042 4751 propinare
2067 4680 2160 4733 de-

579 4759 800 4802 voverat.
832 4748 1201 4806 Muns'ronws.

651 4819 726 4889 (9)
768 4818 825 4874 In
863 4818 997 4892 Mur.
1041 4820 1161 4892 cod.
1208 4823 1466 4892 scriptum
1494 4827 1610 4876 erat
1650 4831 1720 4876 et.
1765 4819 2056 4874 Emendavi
2092 4835 2159 4875 ex

581 4897 769 4943 nostro
790 4890 998 4958 codice,
1028 4890 1119 4958 qui
1150 4890 1411 4946 habet—ut.

649 4959 724 5027 (Ii)
755 4959 947 5030 Noster
974 4960 1144 5015 codex
1174 4976 1272 5030 pro
1297 4963 1352 5016 in
1370 4961 1579 5016 urbibus
1609 4961 1862 5030 mendose
1884 4960 2044 5016 habet
2062 4960 2160 5014 mi-

571 5027 722 5084 libus.
756 5029 938 5098 ltaque
970 5027 1188 5085 secutus
1209 5046 1324 5086 sum
1354 5031 1639 5088 lectionem
1669 5031 1787 5086 cod.
1817 5029 1955 5085 Mur.

648 5098 789 5169 (i)ln
836 5099 973 5173 Mur.
1005 5100 1190 5173 codice
1235 5103 1490 5173 scriptum
1545 5109 1630 5157 est
1675 5118 1910 5173 munere.
1938 5101 2153 5173 Lectio-

572 5183 695 5223 nem
743 5170 907 5224 nostri
945 5170 1144 5225 codicis
1170 5170 1399 5228 secutus
1447 5189 1566 5229 sum
1611 5180 1795 5242 utpote
1844 5171 2021 5227 minus
2057 5172 2156 5226 ob-

573 5253 806 5294 scuram.

643 5310 722 5380 (j)
751 5308 947 5364 lterum
979 5313 1256 5368 audiamus
1282 5309 1556 5382 iOrosium,
1599 5311 1922 5382 Bbadagaisi
1951 5313 2151 5369 cuidem

571 5367 859 5454 his'v'erbis
899 5389 1184 5454 testantem
1213 5367 1246 5436 :7
1271 5381 1438 5453 Igitur
1476 5367 1568 5438 rea;
1609 5367 1974 5454 Rlzadagaisits
2010 5383 2150 5436 solus

567 5453 874 5526 spemfugw
898 5469 1100 5526 sumens
1121 5453 1256 5506 clam
1284 5470 1403 5508 suos
1432 5453 1670 5526 deseruit,
1703 5453 1852 5524 atque
1869 5455 1925 5507 in
1947 5463 2149 5526 nostros

566 5519 770 5594 incidii,
800 5519 832 5573 a
859 5524 1037 5592 quibus
1065 5533 1263 5594 captus,
1295 5533 1342 5578 et
1374 5524 1636 5594 paulisper
1660 5519 1924 5594 retentus,
1965 5523 2151 5594 deinde

565 5588 1004 5662 interfectusest.
1051 5588 1384 5662 Augustinus
1407 5588 1780 5662 quoq’ue'loco
1819 5593 1983 5654 citato
2023 5593 2148 5645 har-

564 5655 918 5733 harufmAhunc
946 5655 1323 5733 interemptum
1353 5655 1602 5716 aflirmat.
1635 5660 2002 5733 Muns'rontns.

641 5726 716 5800 (ft)
748 5729 912 5785 Natus
939 5741 1056 5786 erat
1080 5726 1345 5788 Honorius
1375 5733 1638 5800 Augustus
1675 5747 1810 5784 eos.
1851 5731 2148 5784 Richomere

562 5801 621 5854 et
653 5795 924 5865 Clearcho,
955 5801 1200 5859 videlicet
1228 5819 1315 5858 an.
1346 5795 1608 5866 υδῖδει,
1645 5809 1701 5855 ιιι
1728 5800 2063 5858 Marcellinus
2093 5801 2147 5855 in

2346 3265 2416 3335 (ι)
2445 3266 2503 3320 In
2530 3276 2712 3337 nostro
2747 3268 2934 3323 codice
2959 3267 3110 3324 deest
3136 3267 3334 3324 vocula
3363 3277 3434 3333 et,
3463 3280 3614 3337 quam
3639 3261 3811 3333 supple-

2275 3334 2323 3387 vi
2353 3334 2420 3389 ex
2449 3336 2633 3392 codice
2659 3337 2794 3392 Mur.

2345 3404 2437 3476 (ιη)
2467 3405 2789 3462 Muratorius
2810 3407 2934 3475 legit
2962 3422 3145 3478 _unam
3194 3423 3393 3464 vocem
3422 3405 3706 3478 respublica.
3728 3399 3811 3478 No-

2271 3471 2536 3550 ste'r_vero
2561 3479 2732 3533 codex
2758 3471 2920 3531 habet
2945 3475 3077 3532 duas
3105 3495 3118 3530 :
3166 3495 3254 3533 res
3277 3471 3524 3550 publica,
3571 3484 3623 3532 et
3664 3476 3726 3529 ita
3755 3471 3812 3524 le-

2270 3545 2504 3612 gendum
2532 3563 2746 3604 censeo.

2345 3615 2432 3698 (ηλ
2453 3614 2606 3698 ῌυρο
2633 3633 2846 3698 versum
2875 3624 2930 3673 et
2973 3618 3108 3674 alios
3138 3619 3236 3688 qui
3274 3626 3574 3689 sequuntur
3600 3627 3745 3684 usque
3763 3607 3815 3666 ad

2271 3682 2340 3736 56
2354 3682 2498 3740 ὀἰὶιιι
2526 3686 2813 3755 Dungalus.

2341 3755 2414 3826 (ο)
2448 3755 2754 3825 Prodigiose
2774 3758 2979 3813 Gothos
3000 3760 3066 3813 ad
3096 3759 3533 3816 internecionem
3559 3757 3819 3826 cat5051an

2271 3825 2324 3899 in
2350 3822 2576 3899 vincula
2615 3822 2874 3885 redactos
2911 3828 3146 3884 fatentur
3197 3832 3531 3899 quicumque
3560 3830 3681 3882 hanc
3708 3822 3822 3875 lide-

2271 3895 2396 3970 lium
2429 3895 2788 3970 [tomanorum
2817 3900 3042 3970 tetigere
3079 3895 3390 3956 victoriam.
3426 3895 3483 3954 S.
3529 3900 3653 3970 Aug.
3684 3906 3818 3970 seru}.

2269 3964 2336 4038 2.9
2366 3965 2416 4038 i"
2443 3964 2569 4022 LUC-
2599 3987 2611 4020 ε
2642 3967 2780 4022 Deus
2807 3964 3099 4034 ostendens,
3150 3974 3281 4038 quia
3319 3988 3424 4024 non
3464 3971 3518 4022 in
3558 3967 3664 4020 istis
3687 3964 3819 4017 sacri-

2267 4036 2506 4111 ﬁciis__est
2530 4038 2642 4107 ipsa
2662 4040 2958 4111 temporalis
2985 4043 3146 4104 salus,
3165 4036 3299 4110 ipsa
3332 4045 3497 4111 regna
3528 4048 3718 4111 terrena
3736 4047 3822 4110 ntu-

2267 4106 2675 4180 tat._Vic_tus__est
2701 4106 3086 4180 Rbadagaisus,
3129 4106 3421 4180 adjuvant}?
3450 4108 3682 4180 Domino,
3700 4106 3829 4180 miro

2267 4177 2439 4231 modo.
2473 4176 2539 4230 Et
2569 4177 2725 4236 Oros.
2764 4175 3134 4236 loco'lauda'to
3170 4175 3572 4234 :Conterritum
3621 4175 3826 4228 divinitus

2269 4245 2656 4320 Rhadagaisum
2680 4250 2732 4302 in
2749 4247 3068 4320 ersulunos
3085 4261 3287 4304 montes
3311 4251 3471 4320 cogit.
3492 4248 3824 4320 MCRA't‘OlilUS-

2340 4318 2412 4389 (p)
2435 4311 2725 4372 'Dodvellus
2745 4319 2883 4390 inter
2909 4329 3274 4390 protestantes
3303 4311 3399 4374 vir'
3419 4318 3611 4390 erudit.
3639 4314 3695 4366 de
3713 4311 3827 4363 Pau-

2264 4387 2417 4442 citule
2445 4397 2726 4457 martyrum
2755 4387 3186 4445 dissertationem
3232 4391 3449 4455 emisit;
3485 4387 3576 4457 sed
3603 4389 3831 4453 quantum

2263 4458 2352 4512 ille
2373 4474 2403 4511 a
2423 4472 2553 4511 vero
2575 4456 2903 4514 aberraverit
2949 4461 3035 4516 hic
3056 4477 3193 4515 unus
3215 4459 3483 4514 Paulinus
3521 4456 3692 4518 docet,
3728 4463 3834 4504 cum

2265 4528 2574 4601 ξῃηῄυῐηθτοξ
2613 4529 2665 4582 in
2697 4527 2845 4584 Urbe
2885 4547 2988 4601 una
3019 4539 3292 4601 martyres
3333 4521 3830 4601 extitisseallirmel.

2192 4581 2238 4639 ι)
2263 4596 2397 4670 ῌυῇε
2421 4581 3218 4670 omninoconsentit—Proderit;
3236 4581 3313 4654 vin
3344 4581 3552 4670 lifmno
3575 4594 3634 4648 Η
3667 4588 3729 4646 ad
3747 4589 3840 4644 γα-

2264 4667 2450 4723 lerian.
2484 4669 2550 4724 de
2573 4669 2860 4741 Hippolyto
2887 4688 2900 4723 :

2386 4757 2674 4808 Innumeros
2695 4761 2892 4809 cineres
2915 4773 2939 4808 s
2957 4768 3080 4809 meto
3109 4774 3186 4807 um
3214 4758 3431 4808 Romula
3457 4759 3506 4807 in
3530 4755 3669 4808 Urbe.

2446 4820 2684 4881 Vidimus,
2712 4836 2741 4869 ο
2764 4821 2954 4870 Christo
2973 4821 3136 4870 Valeri
3153 4835 3236 4870 me
3262 4835 3432 4871 sacer.

2265 4900 2405 4956 Idem
2433 4902 2486 4957 in
2515 4903 2719 4974 hymno
2740 4903 2796 4957 S.
2829 4902 3100 4959 Laurentii
3135 4921 3148 4955 :

2510 4995 2602 5042 Vix
2627 4993 2749 5042 fama
2773 5001 2881 5042 nota
2908 5002 2984 5044 est

2509 5055 2662 5114 Quam
2688 5054 2830 5116 plena
2848 5060 3033 5116 sanctis
3057 5054 3204 5102 Roma
3229 5057 3326 5116 sit,

2507 5119 2659 5174 Quam
2680 5115 2820 5165 dives
2843 5115 3085 5166 Urbanum
3111 5117 3271 5165 solum

2506 5179 2667 5227 Sacris
2687 5177 2926 5240 sepulcris
2947 5180 3132 5228 ﬂoreat.

2258 5257 2403 5312 Idem
2431 5258 2591 5313 etiam
2617 5258 2834 5314 tradidit
2859 5257 2916 5314 S.
2943 5259 3052 5314 Leo
3079 5257 3311 5327 Magnus

3161 5327 3560 5386 ΜωιΑτοιιιυε.

2329 5400 2400 5479 (g)
2431 5400 2486 5479 In
2516 5399 2849 5479 nostro_c_od.
2882 5407 2938 5479 et
2965 5400 3100 5479 apud
3126 5400 3468 5479 Pungalum
3493 5400 3748 5479 scriptum
3770 5397 3853 5479 est

2252 5467 2439 5536 limite;
2468 5471 2520 5524 in
2560 5469 2678 5525 cod.
2711 5469 2847 5525 Mur.
2884 5467 3091 5524 lumine.
3126 5467 3291 5524 Prior
3341 5472 3512 5526 lectio
3555 5467 3684 5524 mihi
3727 5477 3843 5534 pror

2253 5540 2554 5678 bazghlur.
2586 5613 2706 5668 cod.
2739 5621 2794 5668 et
2823 5612 3113 5679 Dungalus,
3145 5612 3248 5664 his.
3286 5610 3497 5665 Noster
3534 5625 3666 5665 vero
3686 5605 3847 5661 codex-

2251 5680 2410 5734 hahet
2436 5683 2534 5734 hic.
2565 5680 2756 5736 Neutra
2790 5683 2946 5738 lectio
2967 5681 3174 5735 videtur
3205 5681 3608 5749 improbanda.

2244 5821 2265 5873 1
2323 5751 2389 5872 (sl)
2419 5750 2703 5807 Emendavi
2729 5769 2792 5808 ex
2825 5763 3006 5808 nostro
3035 5751 3247 5808 codice.
3292 5747 3448 5807 Mur.
3483 5752 3660 5808 codex
3697 5747 3861 5802 habet

2267 5837 2354 5874 ocu
2383 5838 2486 5874 um.
