3996 6356
209 314 314 368 3.77
1157 299 1163 304 ’
1582 317 1815 376 rosus
1856 317 1987 375 xxi.

1773 444 1821 498 Α

377 431 522 488 Laus
546 433 855 504 praeparari,
886 446 1004 502 qua:
1029 431 1270 489 canenda
1301 433 1352 488 in
1378 433 1524 490 exitu
1553 445 1655 491 est.

379 526 482 582 Sed
505 526 688 592 credo,
717 527 972 597 quoniam
1002 535 1114 583 tota
1153 542 1238 584 res
1268 528 1389 583 vita:
1419 529 1574 586 istius

383 615 620 672 Pluitans
646 625 701 673 et
719 632 916 687 auceps
944 617 1148 674 lubrico
1177 618 1376 688 pendet
1400 628 1560 685 statu,

385 707 645 778 Brevique
673 717 910 764 nostram
933 709 1094 763 vertit
1119 719 1332 765 mtatem
1362 720 1500 773 rota,

377 797 737 868 Surgensque,
765 798 1067 868 cadensque
1094 813 1191 868 per
1218 800 1516 856 salebrosas
1543 800 1674 862 vias,

385 889 588 957 Quibus
609 889 768 958 hujus
789 891 888 946 :evi
909 906 1096 947 cursus
1123 891 1469 962 explicandus
1497 899 1578 947 est
1603 910 1616 944 :

382 981 591 1037 iccirco
625 997 726 1037 nos
747 983 995 1051 magistra
1023 983 1359 1052 providentia

375 1071 584 1138 Monet,
611 1082 739 1128 ante
768 1072 928 1128 finem
953 1089 1054 1130 nec
1081 1074 1201 1138 sibi,
1224 1090 1323 1130 nec
1347 1075 1498 1129 alteri
1531 1076 1606 1146 (a)

377 1160 590 1217 Debere
611 1177 932 1233 quemquam
961 1163 1236 1234 plaudere,
1267 1173 1322 1219 et
1347 1164 1642 1229 confidere,

381 1249 636 1318 Quamvis
664 1253 891 1310 honesta
920 1261 1099 1309 rectus
1127 1253 1339 1308 incedat
1362 1255 1467 1322 via,

380 1341 584 1396 Tamen
614 1342 804 1398 timere
829 1357 1044 1412 semper
1069 1341 1328 1397 oﬂ'ensam
1362 1343 1532 1412 pedis,

392 1432 574 1486 Donec
594 1432 830 1501 peractis
851 1446 1021 1501 usque
1049 1440 1247 1487 metam
1275 1433 1518 1488 cursibus

377 1518 621 1575 Palmam
651 1521 832 1591 petitae
856 1522 1277 1591 comprehendat
1302 1523 1504 1591 glorise.

383 1610 563 1678 Quare
582 1611 769 1668 beatos
795 1621 1058 1684 martyras
1087 1613 1161 1684 (ὁ)
1179 1654 1195 1679 ,
1224 1630 1361 1685 quos
1382 1615 1574 1670 extulit

383 1701 623 1758 Perfecta
649 1704 817 1760 virtus
853 1705 906 1759 in
935 1721 1190 1760 coronam
1218 1707 1443 1761 (mlitem

373 1794 548 1851 Justis
574 1795 798 1852 honoris
822 1795 990 1851 debiti
1016 1798 1295 1867 praeconiis

386 1885 743 1958 517-518
787 1884 1134 1943 Celebramus
1180 1903 1369 1944 omnes
1425 1904 1522 1944 nos
1563 1903 1752 1946 eorum

1452 1980 1470 2052 [
1484 1980 1683 2051 posteri

184 798 281 853 ηο

199 1230 297 1285 195

184 1701 278 1758 130

382 2065 735 2125 Confessione
760 2064 1047 2123 Christiani
1073 2067 1325 2135 nominis,

386 2159 593 2227 Quibus
620 2158 841 2231 profuso
869 2159 1129 2229 sanguine
1157 2159 1228 2215 ob
1251 2169 1495 2216 sanctam
1524 2161 1682 2218 ﬁdem

383 2249 824 2306 Proseminarunt
850 2249 1014 2318 frugis
1039 2258 1254 2306 aeterna:
1280 2251 1502 2318 bonum,

387 2340 456 2397 [lt
477 2341 523 2396 si
550 2341 884 2397 ambulemus
911 2348 1206 2412 martyrum
1230 2341 1487 2410 vestigiis,

373 2429 612 2486 Parthus
637 2431 710 2502 (ε)
735 2438 1019 2501 parentum
1046 2429 1384 2500 perfruamur
1405 2431 1653 2500 praemiis.

385 2521 522 2578 Hinc
547 2534 680 2590 ergo
707 2520 925 2586 sanctis,
961 2520 1076 2577 sive
1101 2520 1514 2587 confessorihus,

383 2615 492 2671 Seu
521 2614 600 2685 (τι)
631 2613 958 2669 consecratis
985 2615 1234 2684 passione
1258 2613 1484 2668 testibus
1513 2613 1585 2685 (e)

195 2707 291 2761 uo
389 2705 515 2761 Dies
539 2713 781 2761 sacratos
807 2704 876 2776 (f)
895 2746 911 2772 ,
942 2705 996 2759 in
1024 2705 1216 2774 quibus
1253 2705 1420 2761 functi
1445 2706 1588 2763 diem

391 2797 631 2854 Mortalis
657 2796 756 2851 sevi
781 2805 958 2852 morte
986 2796 1134 2852 vitali
1163 2811 1318 2852 suum

391 2889 464 2944 De
489 2889 608 2946 labe
633 2887 816 2943 mundi
845 2887 1170 2942 transierunt
1195 2886 1267 2942 ad
1295 2888 1485 2958 Deum,

259 3045 335 3114 (a)
361 3043 454 3100 Hic
475 3043 723 3116 desinunt
755 3050 866 3116 tres
893 3053 950 3116 et
983 3041 1365 3112 quinquaginta
1387 3056 1594 3113 versus,
1619 3059 1756 3116 quos

190 3131 258 3174 ex
274 3112 457 3170 nostro
483 3115 669 3170 codice
692 3112 954 3183 supplevi.

257 3185 324 3257 (ι)
369 3183 562 3240 Mutat.
609 3171 984 3240 codex-habet
1034 3191 1330 3253 martyres:
1379 3192 1562 3238 noster
1608 3202 1749 3239 mar-
1777 3171 1822 3234 C

193 3263 337 3310 tutas.

210 3273 528 3398 ῇῖἷᾟοειτί
554 3322 758 3398 codicis
779 3322 1069 3398 lectionem
1107 3328 1320 3398 secutus
1357 3339 1474 3379 sum
1498 3341 1513 3378 :
1543 3341 1668 3380 nam
1696 3327 1750 3382 in

189 3392 446 3454 Iuramrii
477 3392 664 3451 codice
690 3393 947 3462 scriptum
970 3400 1053 3447 est
1077 3392 1260 3462 partis.

249 3466 319 3537 (ά)
345 3465 482 3519 Mur.
516 3464 688 3537 codex
708 3461 871 3537 habet
893 3462 1014 3516 sive.
1049 3461 1114 3537 At
1150 3461 1427 3537 legendum
1446 3471 1529 3520 est
1557 3480 1666 3532 seu,
1695 3474 1752 3520 ut

187 3532 328 3606 estin
357 3545 550 3592 nostro
590 3533 810 3590 codice:
835 3532 973 3587 hanc
1009 3532 1151 3587 enim
1187 3532 1472 3589 lectionem
1511 3537 1753 3606 exposcit

191 3602 323 3662 metri
351 3606 517 3660 ratio.

249 3678 312 3746 (ρ)
338 3676 559 3751 ηαρτύρ
580 3670 789 3739 Graece,
833 3669 1033 3751 Latine
1064 3672 1201 3726 testis
1229 3671 1440 3751 dicitur.
1482 3674 1755 3751 Frequen-

191 3742 275 3803 tius
298 3742 502 3801 'tam'en
527 3742 805 3812 'usurpata
826 3811 829 3812 ν
851 3757 968 3812 vox,
996 3742 1199 3797 Grzeca.
1251 3742 1475 3810 August.
1518 3742 1619 3799 libi
1646 3762 1753 3801 xxu

186 3825 351 3872 contra
376 3815 593 3876 Faust.,
624 3811 742 3882 cap.
770 3811 857 3876 76,
881 3811 1040 3880 hujus
1063 3812 1293 3866 nominis
1312 3814 1754 3882 signiﬁcationem

189 3887 434 3958 expressit
468 3883 620 3958 :_Per
639 3898 888 3958 gnarum,
929 3883 1031 3958 ait,
1069 3884 1437 3958 confessiones,
1467 3886 1751 3958 passiones,

186 3951 443 4012 et'mortes
486 3954 581 4025 hoc
623 3951 734 4025 _Deo
769 3953 962 4025 placuit
999 3953 1255 4025 attestari,
1276 3951 1549 4025 martyras
1577 3957 1756 4025 αρρρι-

186 4027 359 4098 tantur,
387 4025 481 4098 qui
514 4021 700 4076 Latine
728 4029 877 4076 testes
900 4022 1158 4098 dicuntur.
1187 4020 1373 4098 lsidor.
1400 4020 1490 4077 lib.
1516 4020 1751 4098 vn,'cap.

190 4094 239 4149 ll
267 4114 280 4151 :
306 4092 597 4166 Martyres,
621 4099 900 4166 seu_testes
939 4092 1065 4166 ideo
1089 4092 1253 4145 vocati
1297 4101 1436 4166 sunt,
1466 4096 1586 4166 quia
1629 4092 1754 4166 pro-

189 4177 282 4234 pter
307 4159 661 4220 testimonium
699 4159 889 4216 Christi
926 4163 1192 4231 passiones
1233 4159 1600 4218 sustinuerunt.
1630 4159 1759 4220 ’Μυ-

189 4250 456 4293 υτοιιιυε.

248 4307 522 4376 (niQuam
549 4301 750 4376 apertis
772 4301 870 4376 hic
883 4301 1060 4376 verbis
1087 4301 1296 4366 doceat,
1322 4301 1519 4376 laudet,
1548 4320 1612 4360 ac
1635 4321 1756 4360 sua.

187 4370 304 4430 deat
320 4370 599 4429 Paulinus
633 4370 800 4426 festos
819 4370 936 4429 dies
966 4372 1018 4426 in
1046 4380 1353 4426 sanctorum
1380 4375 1640 4429 honorem
1672 4378 1758 4431 in-

185 4445 403 4523 stitutos.
430 4444 598 4499 etiam
621 4441 778 4523 lippis
781 4450 964 4523 "patet.
994 4442 1050 4497 Id
1075 4441 1419 4523 alibihtetigit,
1463 4444 1546 4499 hic
1572 4446 1757 4523 plenis

189 4521 396 4570 testatur
445 4509 725 4568 eucomiisl
781 4509 969 4566 Totius
1015 4527 1144 4566 vero
1184 4509 1435 4568 Ecclesia:
1483 4509 1757 4572 catholicae

185 4583 376 4657 calculo
400 4597 575 4654 quum
614 4581 701 4657 hic
729 4581 858 4657 pius
891 4583 1383 4657 olinrprobaretur;
1401 4601 1546 4652 usus,
1586 4588 1757 4657 impu-

186 4653 359 4710 denter
397 4649 588 4710 tamen
624 4649 888 4708 Lutherus
931 4653 984 4706 in
1024 4649 1204 4706 libello
1244 4653 1311 4706 de
1343 4649 1703 4711 Form.'miss.
1741 4677 1753 4713 :

187 4720 442 4798 Omnium,
485 4724 911 4798 ait,__s_anctort£m
941 4725 1072 4793 festa
1099 4738 1310 4798 prorsus
1337 4724 1637 4798 abroganda
1664 4745 1758 4798 ρα-

191 4801 360 4849 tamus.
393 4794 468 4848 Et
498 4792 553 4846 in
591 4791 681 4846 lib.
728 4791 795 4845 de
833 4791 1056 4847 Cmrem.
1102 4795 1233 4846 eccl.
1280 4791 1525 4849 servan'il.
1556 4815 1567 4849 :
1599 4791 1758 4852 Fésta

186 4875 497 4938 ξίιιιεωιτμηιΔ
522 4862 578 4938 in
618 4863 906 4916 universum
943 4861 1275 4938 ᾳζθοισῑιιηζωξΔ
1311 4865 1407 4938 Qui
1457 4882 1566 4938 no_n
1606 4871 1759 4938 pauci

188 4931 502 5006 heterodoxi
523 4931 656 4992 dant
692 4933 1059 5006 manum._Nos
1082 4933 1329 5006 catholici
1359 4951 1479 4990 cum
1514 4931 1754 5006 Paulino,

187 5003 510 5076 reliquisque
546 5001 747 5058 sanctis
785 4999 1031 5076 Pati-ibus
1059 5005 1390 5076 sentientes,
1422 5019 1570 5076 sacra
1613 4999 1759 5064 cele;

187 5069 454 5129 brabimus
489 5080 801 5130 sanctorum
840 5071 1016 5139 festa;
1056 5073 1131 5127 illi
1174 5087 1302 5128 vero
1344 5069 1479 5129 duce
1524 5075 1761 5136 Luthero

185 5144 417 5200 contenti
439 5156 640 5200 novam
659 5141 887 5198 credulis
906 5143 1254 5198 venditabunt
1281 5146 1617 5201 sententiam.
1645 5149 1761 5205 Μυ-

187 5224 465 5270 ΙΔΪΟΒΙΒΒ.

250 5285 321 5355 (9)
353 5283 500 5339 Alibi
531 5283 799 5340 innuimus
841 5283 897 5338 S.
929 5281 1158 5339 Felicem
1188 5285 1442 5354 martyrio
1471 5287 1633 5342 vitam
1656 5305 1761 5344 non

183 5366 622 5424 consummasse;
654 5369 718 5408 ac
753 5363 1037 5424 propterea
1065 5362 1290 5408 vocatur
1319 5355 1416 5409 iste
1454 5356 1506 5410 in
1535 5357 1653 5413 Nat.
1689 5375 1761 5424 χι,

185 5418 360 5496 Elegia
391 5418 616 5496 martyr,
643 5430 698 5477 et
720 5418 986 5496 alibi'sine
1025 5425 1277 5496 sanguine
1304 5434 1520 5496 martyr.
1559 5427 1614 5481 In
1652 5418 1759 5482 Na;

185 5493 269 5546 tali
299 5509 430 5548 vero
470 5493 680 5549 vt’hasc
717 5493 830 5563 ipsa
867 5495 1013 5552 canit
1045 5493 1140 5550 de'
1160 5493 1338 5550 Felice
1368 5495 1418 5549 in
1444 5493 1641 5552 ccelum
1671 5514 1760 5553 as-

184 5572 374 5620 sumto.

296 5653 426 5718 Tum
452 5654 596 5702 nivea
619 5665 810 5704 sacrum
831 5661 971 5718 caput
994 5666 1233 5718 ornavere
1257 5653 1456 5718 corona,

297 5717 398 5778 Sed
426 5723 594 5766 tamen
613 5721 666 5764 et
687 5727 876 5778 roseam
905 5715 1051 5764 Pater
1074 5717 1273 5772 addidit.
1299 5715 1455 5766 indice
1474 5718 1682 5778 Christo,

300 5776 666 5838 l’nrpureoque
688 5777 855 5825 habitu
878 5778 1046 5826 niveos
1069 5778 1331 5840 duplicavit
1357 5781 1578 5842 amictus,

1777 1799 1827 1864 Β

3324 323 3430 378 σω

2062 433 2251 506 Populi
2281 423 2468 492 fideles
2495 437 2702 507 gaudiis
2721 436 3048 493 solemnibus

2061 524 2280 582 Honore
2305 525 2504 583 Christi
2529 530 2862 598 gratulantes
2883 529 3159 591 excolunt.

2063 615 2134 672 Ut
2153 618 2254 674 iste
2280 621 2451 676 sancti
2478 637 2612 691 pace
2639 621 2830 678 Felicis
2855 623 2989 688 dies,

2065 710 2183 776 Quo
2212 712 2403 767 clausit
2430 714 2559 769 olim
2587 717 2829 786 corporis
2857 717 3018 770 vitam
3048 732 3214 772 senex

1852 615 1956 670 M5

2059 799 2426 860 Confessionis
2455 814 2578 861 ante
2607 805 2821 862 functus
2847 809 3046 878 praelia,

2059 890 2164 947 Sed
2195 893 2474 950 incruento
2505 907 2848 955 consecratus
2877 901 3026 954 exitu

2065 979 2195 1037 Post
2221 982 2360 1037 bella
2391 984 2563 1040 victor
2589 987 2736 1056 pacis
2759 999 3061 1058 assumptus
3084 990 3171 1045 die

2062 1070 2306 1128 Vacante
2331 1072 2547 1130 Christo
2577 1076 2730 1144 liquit
2756 1077 3000 1131 exultans
3029 1079 3273 1144 humum,

2061 1161 2129 1216 Et
2158 1163 2208 1217 in
2231 1180 2491 1234 supernas
2520 1167 2804 1222 transitum
2832 1167 2958 1222 fecit
2984 1168 3193 1235 domos,

2057 1249 2174 1307 Non
2205 1253 2551 1310 defraudatus
2579 1271 2608 1311 a
2632 1272 2832 1312 corona
2859 1259 3110 1329 martyris
3134 1260 3230 1332 (g),

2061 1340 2197 1409 Quia
2225 1345 2698 1424 passionis-mente
2727 1358 2907 1403 votum
2940 1357 3200 1418 gesserat.

2063 1432 2197 1488 Nam
2219 1449 2360 1505 saepe
2384 1451 2610 1506 agonem
2641 1438 2795 1492 miles
2822 1439 3042 1493 intravit
3063 1449 3276 1511 potens,

2063 1522 2326 1594 Victoque
2353 1542 2568 1597 semper
2594 1528 2750 1582 hoste
2774 1529 3051 1584 confessor
3084 1531 3222 1586 redit
3250 1534 3362 1602 (tu):

2063 1615 2172 1672 Sed
2200 1627 2497 1688 praeparata
2527 1629 2706 1676 mente
2744 1631 3031 1676 contentus
3057 1621 3197 1678 Deus

2064 1707 2308 1763 Servavit
2338 1710 2504 1776 illum,
2531 1727 2635 1766 non
2662 1726 2915 1768 coronam
2937 1715 3190 1786 martyris

2063 1799 2291 1869 Negans,
2321 1800 2416 1856 sed
2442 1801 2642 1858 addens
2674 1810 2730 1858 et
2753 1819 3010 1860 coronam
3049 1806 3303 1862 antistitis
3331 1807 3387 1878 (i‘

2068 1889 2139 1946 Ut
2160 1892 2438 1947 incruento
2466 1892 2697 1963 palmam
2723 1893 2948 1965 adeptus
2974 1896 3160 1965 pnelio

2064 1981 2132 2037 Et
2161 1983 2385 2054 prmliati
2407 1983 2706 2054 possideret
2733 1986 3010 2056 prmmium

2070 2072 2437 2130 Confessionis
2463 2085 2791 2146 purpurante
2814 2076 3018 2146 laurea,

2065 2163 2318 2235 Vittaque
2347 2165 2496 2235 pacis
2524 2165 2578 2220 in
2603 2166 2899 2222 sacerdotis
2929 2169 3065 2223 stola

2063 2255 2362 2313 Redimitus
2389 2257 2528 2312 idem
2552 2257 2637 2312 bis
2663 2267 2950 2316 coronatus
2978 2259 3116 2316 foret

2066 2337 2382 2416 Conféssor,
2412 2357 2572 2420 atque
2600 2349 2880 2422 presbyter
2906 2350 3056 2406 Felix
3092 2349 3206 2408 Dei.

2064 2439 2165 2497 Hic
2191 2453 2344 2510 ergo,
2367 2441 2506 2496 votis
2529 2441 2594 2513 (j)
2621 2457 2781 2514 quem
2812 2442 3097 2498 recolimus
3123 2444 3314 2500 annuis
3331 2445 3432 2517 (ts).

2066 2532 2184 2590 Non
2213 2542 2297 2590 est
2324 2534 2531 2604 agonis,
2563 2533 2658 2588 sed
2686 2533 2972 2604 sepultura:
2999 2533 3132 2600 dies,

1855 1071 1876 1122 i
1889 1069 1956 1123 50

1854 1522 1957 1578 155

1854 1983 1958 2038 160

1854 2441 1962 2498 165

2066 2626 2185 2696 Quo
2206 2634 2455 2698 separata
2481 2624 2548 2680 ab
2572 2624 2799 2680 invicem
2824 2625 3122 2682 substantia

2061 2720 2267 2777 Animae
2295 2717 2369 2790 (Ι)
2397 2717 2597 2773 volavit
2635 2716 2703 2772 ad
2741 2715 2912 2774 Deum
2935 2757 2954 2784 ,
2997 2717 3052 2773 in
3083 2725 3280 2775 terram
3307 2732 3435 2775 caro

2066 2810 2302 2867 Reversa
2331 2808 2539 2864 tumulo
2563 2807 2871 2878 conquievit
2895 2807 3100 2865 abdita.

1855 2901 1958 2958 170
2062 2899 2131 2956 Et
2150 2900 2343 2958 merito
2369 2899 2570 2957 sanctis
2589 2897 2690 2955 iste
2717 2898 2912 2955 natalis
2940 2899 3054 2956 dies
3081 2901 3177 2973 (m)

1979 3055 2117 3116 Quod
2142 3056 2330 3106 meritis
2351 3059 2615 3116 utrumque
2639 3053 2809 3116 decus.
2834 3052 2956 3104 Nam
2980 3052 3075 3105 luci
3094 3053 3136 3104 la
3161 3057 3334 3105 sumsit

1979 3114 2123 3169 Serta
2146 3118 2282 3181 quasi
2309 3116 2498 3179 placido
2523 3114 2787 3181 translatus
2804 3117 2852 3164 in
2875 3117 3060 3181 aethera
3085 3116 3238 3171 letho.

1977 3180 2076 3230 Sed
2102 3178 2281 3228 méruit
2304 3178 2492 3241 pariter
2514 3179 2651 3241 quasi
2675 3178 2789 3227 cesi
2814 3180 3033 3240 martyris
3053 3186 3256 3236 ostrum,

1979 3243 2070 3302 Qui
2091 3239 2340 3291 confessor
2362 3239 2486 3290 obit.

2776 3299 3148 3357 Munnontus.

1926 3391 2003 3462 (It)
2033 3390 2292 3462 Murator.
2321 3389 2492 3462 codex
2519 3387 2680 3462 habet
2708 3389 2892 3462 rediit;
2923 3399 3105 3444 noster
3126 3391 3432 3462 veroAredit.

1925 3458 1995 3544 (il
2033 3461 2161 3544 iure
2205 3462 2344 3515 hanc
2391 3459 2442 3514 in
2483 3460 2634 3544 caelis
2679 3460 3196 3544 adeptusncoronam
3230 3458 3390 3544 Felix
3417 3501 3435 3528 ,

1851 3529 1977 3603 quia
2003 3533 2551 3603 oblatam‘respuerat
2590 3529 2641 3603 in
2665 3530 2860 3603 terris.
2908 3529 3247 3603 Exposcebat
3286 3530 3434 3603 illum

1853 3599 2083 3674 populus
2104 3608 2232 3674 post
2247 3599 2305 3656 S.
2338 3599 2554 3674 Maximi
2589 3599 2794 3674 obitum
2825 3600 2879 3654 in
2911 3600 3237 3666 antistitem;
3262 3607 3318 3654 at
3341 3599 3432 3654 ille

1855 3669 2003 3745 (sunt
2028 3669 2236 3726 Paulini
2264 3669 2426 3726 verba
2455 3669 2575 3724 Nat.
2604 3672 2658 3738 ν)
2689 3686 2702 3722 :

2387 3761 2533 3810 Velut
2559 3760 2804 3820 indignus,
2835 3773 2928 3809 non
2953 3760 3102 3810 audet
3125 3761 3310 3810 honore

1977 3821 2574 3885 Q"escere,_tes'aturqu_e
2598 3823 2703 3885 seni
2729 3835 2870 3885 mage
2895 3825 3059 3871 debita
3084 3823 3279 3882 Quinto.

1979 3884 2110 3946 Ergo
2133 3885 2226 3933 sub
2249 3883 2340 3932 hoc
2365 3881 2508 3934 etiam
2537 3881 2675 3932 Felix
2702 3881 2921 3932 alitiStize
2945 3885 3067 3934 vixit

1979 3943 2260 4054 Ii‘frii'sbyter,
2288 3953 2339 3994 et
2363 3947 2519 3994 crevit
2543 3946 2748 4000 meritis,
2774 3946 2856 4007 qui
2881 3958 3111 3995 crescere
3134 3943 3258 3994 sede

2007 4020 2053 4056 ὀ
2074 4016 2162 4056 uit.

2149 4041 2162 4054 ’
2777 4065 3150 4122 ΜωιΑτοιιιυε.

1929 4176 1993 4246 (j)
2019 4175 2074 4232 S.
2109 4173 2272 4246 Felici
2311 4189 2468 4246 sacer
2515 4173 2633 4246 dies
2659 4175 2888 4246 postrid.
2922 4175 3006 4246 id.
3042 4176 3158 4246 Jan.
3191 4175 3434 4230 celebra-

1857 4243 1962 4308 tur;
1978 4243 2633 4316 'quemadmodumetiam
2661 4260 2777 4300 τενο
2806 4243 3013 4301 Paulini
3033 4245 3246 4302 factum.
3269 4245 3436 4301 Wan-

1856 4317 2083 4374 delbert.
2109 4315 2259 4370 testis
2284 4315 2527 4370 accedit:

1983 4407 2136 4468 Quam
2155 4419 2324 4456 nonam
2348 4414 2395 4468 et
2413 4407 2651 4455 decimam
2671 4415 2854 4456 constat
2872 4407 3053 4457 Februi
3075 4412 3186 4458 ante
3205 4406 3436 4459 kalendas

1982 4467 2101 4520 Esse
2123 4471 2275 4528 diem,
2303 4467 2443 4519 Felix
2467 4481 2626 4526 sacer,
2653 4476 2704 4518 et
2727 4471 2974 4517 confessor
2997 4471 3216 4518 honorat.

2746 4529 3118 4587 Munnonws.

1935 4622 2010 4693 (Is)
2041 4620 2331 4676 Emendavi
2359 4636 2424 4676 ex
2453 4629 2642 4676 nostro
2665 4621 2849 4678 codice
2875 4639 2887 4676 :
2909 4637 3030 4677 nam
3052 4622 3246 4678 Murat.
3269 4625 3440 4680 codex

1863 4691 2026 4745 habet
2053 4708 2243 4744 annus.

1934 4763 2010 4831 (ι)
2042 4761 2176 4815 Mur.
2202 4761 2371 4816 codex
2402 4761 2563 4816 habet
2589 4765 2804 4818 anima:
2827 4770 2882 4818 at
2910 4763 3189 4832 legendum
3220 4772 3301 4820 est
3326 4765 3441 4819 ani-

1861 4847 1977 4895 mw,
2001 4839 2061 4885 ut
2087 4839 2169 4885 est
2192 4833 2244 4885 in
2276 4840 2464 4888 nostro
2493 4833 2702 4888 codice.

1934 4905 2028 4972 (ιη)
2055 4901 2212 4972 Apud
2238 4902 2486 4972 antiquos
2514 4901 2800 4960 familiares
2842 4902 2940 4958 fuit
2967 4905 3106 4958 diem
3137 4913 3441 4960 sanctorum

1861 4969 2211 5043 emortualem
2254 4969 2466 5025 Natalis
2512 4973 2729 5043 nomine
2775 4976 3108 5043 exprimere,
3155 4977 3280 5042 quia
3328 4983 3440 5030 tum

1861 5042 1999 5098 cmlo
2027 5056 2215 5096 revera
2237 5043 2610 5096 nascebantur.
2638 5042 2833 5098 Noster
2853 5042 3008 5098 vates
3036 5043 3155 5097 Nat.
3191 5061 3264 5110 ut,

1983 5133 2128 5196 chit
2158 5133 2282 5196 festa
2304 5134 2416 5196 dies
2437 5134 2582 5196 coelo,
2608 5135 2937 5185 celeberrima
2960 5137 3124 5194 terris,

1988 5195 2204 5258 Natalem
2232 5195 2279 5243 ιι.
2299 5195 2405 5258 licia
2429 5195 2601 5256 agetis,
2628 5211 2722 5258 qua
2750 5211 2954 5257 corpore
2981 5203 3125 5244 terris

1987 5257 2192 5313 Occidit,
2217 5265 2269 5305 et
2289 5255 2482 5306 Christo
2502 5255 2700 5320 superis
2725 5267 2806 5308 est
2827 5255 2967 5306 natus
2989 5260 3036 5306 in
3060 5259 3218 5306 astris.

1865 5356 1923 5415 S.
1956 5357 2178 5432 August.
2210 5373 2374 5415 serm.
2407 5358 2473 5413 l0
2500 5360 2569 5432 de
2603 5362 2825 5432 sanctis,
2865 5377 2961 5417 seu
2998 5360 3446 5432 quis;uam_alius

1866 5438 1947 5484 est
1976 5429 2114 5482 illius
2161 5437 2366 5495 auctor,
2419 5430 2662 5485 eamdem
2700 5431 2904 5499 profert
2944 5429 3208 5486 rationem
3239 5448 3250 5483 :
3280 5429 3447 5499 Digne

1863 5500 2089 5571 natalem
2117 5501 2331 5571 istorum
2376 5500 2608 5565 colimus,
2665 5517 2790 5571 quos
2839 5499 3032 5554 beatius
3081 5508 3287 5554 teter-nar
3332 5503 3450 5552 vine

1862 5569 2082 5623 mundus
2123 5569 2316 5641 edidit!
2371 5569 2756 5641 quant_muudo
2805 5571 3448 5641 maternorumgtvisc‘erum

1898 5649 2038 5694 artus
2067 5640 2246 5694 edidit.
2275 5637 2471 5694 Euseb.
2509 5637 2832 5702 Gallicanus,
2863 5655 2957 5694 seu
2986 5639 3267 5703 Cmsarius,
3292 5639 3439 5692 hom.

1898 5657 2038 5694 artus
2067 5657 2246 5694 eaiau.
2275 5657 2471 5694 nusen.
2509 5657 2832 5702 uatucanus,
2863 5657 2957 5694 seu
2986 5657 3267 5703 unsarius,
3292 5657 3439 5692 nom.

1861 5657 1929 5762 ἕο
1954 5710 2020 5764 de
2049 5709 2105 5763 S.
2137 5707 2369 5764 Genesio
2405 5726 2416 5759 :
2451 5707 2722 5762 Beatorum
2747 5719 3030 5778 martyrum
3058 5709 3324 5778 passiones
3355 5725 3449 5762 na»

1862 5779 1990 5832 tates
2016 5793 2252 5834 vocamus
2282 5779 2408 5841 dies,
2437 5779 2641 5848 quando
2670 5796 2754 5831 eos
2787 5781 3018 5847 martyrii
3047 5779 3167 5844 vita,
3198 5787 3245 5832 et
3269 5779 3449 5849 glorie-
