  <div class='ocr_page' id='page_1' title='image "/cluster/home/n/w/nwhite01/storage/ocr_20150623/61/hvd.32044004824777/298.png"; bbox 0 0 3996 6356; ppageno 0'>
   <div class='ocr_carea' id='block_1_1' title="bbox 210 345 312 399">
    <p class='ocr_par' dir='ltr' id='par_1_1' title="bbox 210 345 312 399">
     <span class='ocr_line' id='line_1_1' title="bbox 210 345 312 399; baseline -0.029 0"><span class='ocrx_word' id='word_1_1' title='bbox 210 345 312 399; x_wconf 74' lang='lat'><strong>589</strong></span> 
     </span>
    </p>
   </div>
   <div class='ocr_carea' id='block_1_2' title="bbox 343 453 1861 526">
    <p class='ocr_par' dir='ltr' id='par_1_2' title="bbox 343 453 1861 526">
     <span class='ocr_line' id='line_1_2' title="bbox 343 453 1861 526; baseline -0.005 -18"><span class='ocrx_word' id='word_1_2' title='bbox 343 454 422 508; x_wconf 88' lang='lat' dir='ltr'><strong>Tu</strong></span> <span class='ocrx_word' id='word_1_3' title='bbox 453 469 572 508; x_wconf 85' lang='lat' dir='ltr'><strong>mea</strong></span> <span class='ocrx_word' id='word_1_4' title='bbox 618 455 776 515; x_wconf 85' lang='lat' dir='ltr'><strong>colla,</strong></span> <span class='ocrx_word' id='word_1_5' title='bbox 808 464 979 524; x_wconf 87' lang='lat' dir='ltr'><strong>pater,</strong></span> <span class='ocrx_word' id='word_1_6' title='bbox 1013 456 1188 521; x_wconf 83' lang='lat' dir='ltr'><strong>gladio</strong></span> <span class='ocrx_word' id='word_1_7' title='bbox 1209 496 1226 516; x_wconf 83' lang='lat'><strong>,</strong></span> <span class='ocrx_word' id='word_1_8' title='bbox 1271 456 1589 526; x_wconf 81' lang='lat' dir='ltr'><strong>patrimonia</strong></span> <span class='ocrx_word' id='word_1_9' title='bbox 1630 453 1783 505; x_wconf 76' lang='lat' dir='ltr'><strong>l-‘isco</strong></span> <span class='ocrx_word' id='word_1_10' title='bbox 1821 465 1861 512; x_wconf 61' lang='grc' dir='ltr'><strong>Α</strong></span> 
     </span>
    </p>
   </div>
   <div class='ocr_carea' id='block_1_3' title="bbox 205 543 1786 614">
    <p class='ocr_par' dir='ltr' id='par_1_3' title="bbox 205 543 1786 614">
     <span class='ocr_line' id='line_1_3' title="bbox 205 543 1786 614; baseline -0.003 -16"><span class='ocrx_word' id='word_1_11' title='bbox 205 546 304 598; x_wconf 59' lang='grc'><strong>820</strong></span> <span class='ocrx_word' id='word_1_12' title='bbox 340 544 632 608; x_wconf 78' lang='lat' dir='ltr'><strong>Eximis,et</strong></span> <span class='ocrx_word' id='word_1_13' title='bbox 654 543 867 599; x_wconf 99' lang='lat' dir='ltr'><strong>Christo</strong></span> <span class='ocrx_word' id='word_1_14' title='bbox 891 545 1117 601; x_wconf 88' lang='lat' dir='ltr'><strong>Domino</strong></span> <span class='ocrx_word' id='word_1_15' title='bbox 1143 563 1284 610; x_wconf 81' lang='lat' dir='ltr'><strong>mea,</strong></span> <span class='ocrx_word' id='word_1_16' title='bbox 1307 562 1500 614; x_wconf 89' lang='lat' dir='ltr'><strong>meque</strong></span> <span class='ocrx_word' id='word_1_17' title='bbox 1523 560 1786 598; x_wconf 73' lang='lat' dir='ltr'><strong>reservas.</strong></span> 
     </span>
    </p>
   </div>
   <div class='ocr_carea' id='block_1_4' title="bbox 342 636 1644 707">
    <p class='ocr_par' dir='ltr' id='par_1_4' title="bbox 342 636 1644 707">
     <span class='ocr_line' id='line_1_4' title="bbox 342 636 1644 707; baseline 0 -19"><span class='ocrx_word' id='word_1_18' title='bbox 342 636 474 692; x_wconf 71' lang='lat' dir='ltr'><strong>Nam</strong></span> <span class='ocrx_word' id='word_1_19' title='bbox 495 651 605 704; x_wconf 90' lang='lat' dir='ltr'><strong>quo</strong></span> <span class='ocrx_word' id='word_1_20' title='bbox 629 637 856 690; x_wconf 88' lang='lat' dir='ltr'><strong>consilio</strong></span> <span class='ocrx_word' id='word_1_21' title='bbox 887 637 1047 691; x_wconf 86' lang='lat' dir='ltr'><strong>rebus</strong></span> <span class='ocrx_word' id='word_1_22' title='bbox 1065 639 1339 707; x_wconf 91' lang='lat' dir='ltr'><strong>capitique</strong></span> <span class='ocrx_word' id='word_1_23' title='bbox 1365 653 1486 690; x_wconf 90' lang='lat' dir='ltr'><strong>meo</strong></span> <span class='ocrx_word' id='word_1_24' title='bbox 1518 645 1644 688; x_wconf 91' lang='lat' dir='ltr'><strong>tunc</strong></span> 
     </span>
    </p>
   </div>
   <div class='ocr_carea' id='block_1_5' title="bbox 340 727 1648 798">
    <p class='ocr_par' dir='ltr' id='par_1_5' title="bbox 340 727 1648 798">
     <span class='ocr_line' id='line_1_5' title="bbox 340 727 1648 798; baseline 0 -19"><span class='ocrx_word' id='word_1_25' title='bbox 340 727 588 782; x_wconf 73' lang='lat' dir='ltr'><strong>Christus</strong></span> <span class='ocrx_word' id='word_1_26' title='bbox 608 744 766 798; x_wconf 84' lang='lat' dir='ltr'><strong>opem</strong></span> <span class='ocrx_word' id='word_1_27' title='bbox 794 728 997 792; x_wconf 91' lang='lat' dir='ltr'><strong>tulerit,</strong></span> <span class='ocrx_word' id='word_1_28' title='bbox 1021 729 1214 784; x_wconf 86' lang='lat' dir='ltr'><strong>Felicis</strong></span> <span class='ocrx_word' id='word_1_29' title='bbox 1239 744 1369 785; x_wconf 87' lang='lat' dir='ltr'><strong>cura</strong></span> <span class='ocrx_word' id='word_1_30' title='bbox 1399 735 1648 798; x_wconf 87' lang='lat' dir='ltr'><strong>potenter</strong></span> 
     </span>
    </p>
   </div>
   <div class='ocr_carea' id='block_1_6' title="bbox 339 818 1614 889">
    <p class='ocr_par' dir='ltr' id='par_1_6' title="bbox 339 818 1614 889">
     <span class='ocr_line' id='line_1_6' title="bbox 339 818 1614 889; baseline 0.001 -18"><span class='ocrx_word' id='word_1_31' title='bbox 339 818 602 884; x_wconf 83' lang='lat' dir='ltr'><strong>Adfuerit,</strong></span> <span class='ocrx_word' id='word_1_32' title='bbox 635 819 817 874; x_wconf 91' lang='lat' dir='ltr'><strong>docuit</strong></span> <span class='ocrx_word' id='word_1_33' title='bbox 841 835 1024 874; x_wconf 89' lang='lat' dir='ltr'><strong>rerum</strong></span> <span class='ocrx_word' id='word_1_34' title='bbox 1051 829 1176 889; x_wconf 88' lang='lat' dir='ltr'><strong>post</strong></span> <span class='ocrx_word' id='word_1_35' title='bbox 1203 821 1377 875; x_wconf 93' lang='lat' dir='ltr'><strong>exitus</strong></span> <span class='ocrx_word' id='word_1_36' title='bbox 1407 821 1614 888; x_wconf 78' lang='lat' dir='ltr'><strong>ingens,</strong></span> 
     </span>
    </p>
   </div>
   <div class='ocr_carea' id='block_1_7' title="bbox 337 906 1644 974">
    <p class='ocr_par' dir='ltr' id='par_1_7' title="bbox 337 906 1644 974">
     <span class='ocr_line' id='line_1_7' title="bbox 337 906 1644 974; baseline 0.002 -13"><span class='ocrx_word' id='word_1_37' title='bbox 337 906 458 973; x_wconf 80' lang='lat' dir='ltr'><strong>Quo</strong></span> <span class='ocrx_word' id='word_1_38' title='bbox 481 917 683 964; x_wconf 87' lang='lat' dir='ltr'><strong>mutata</strong></span> <span class='ocrx_word' id='word_1_39' title='bbox 714 925 832 963; x_wconf 87' lang='lat' dir='ltr'><strong>mea</strong></span> <span class='ocrx_word' id='word_1_40' title='bbox 861 919 944 964; x_wconf 89' lang='lat' dir='ltr'><strong>est</strong></span> <span class='ocrx_word' id='word_1_41' title='bbox 965 926 1104 974; x_wconf 88' lang='lat' dir='ltr'><strong>sors,</strong></span> <span class='ocrx_word' id='word_1_42' title='bbox 1127 921 1182 964; x_wconf 92' lang='lat' dir='ltr'><strong>et</strong></span> <span class='ocrx_word' id='word_1_43' title='bbox 1209 911 1476 966; x_wconf 89' lang='lat' dir='ltr'><strong>sententia</strong></span> <span class='ocrx_word' id='word_1_44' title='bbox 1505 911 1644 973; x_wconf 68' lang='lat' dir='ltr'><strong>vitze,</strong></span> 
     </span>
    </p>
   </div>
   <div class='ocr_carea' id='block_1_8' title="bbox 203 995 1786 1070">
    <p class='ocr_par' dir='ltr' id='par_1_8' title="bbox 203 995 1786 1070">
     <span class='ocr_line' id='line_1_8' title="bbox 203 995 1786 1070; baseline 0.003 -22"><span class='ocrx_word' id='word_1_45' title='bbox 203 995 300 1049; x_wconf 56' lang='lat'><strong>$9.5</strong></span> <span class='ocrx_word' id='word_1_46' title='bbox 336 997 634 1066; x_wconf 68' lang='lat' dir='ltr'><strong>Abjurante</strong></span> <span class='ocrx_word' id='word_1_47' title='bbox 666 998 768 1053; x_wconf 87' lang='lat' dir='ltr'><strong>lide</strong></span> <span class='ocrx_word' id='word_1_48' title='bbox 792 997 1084 1062; x_wconf 86' lang='lat' dir='ltr'><strong>mundum,</strong></span> <span class='ocrx_word' id='word_1_49' title='bbox 1120 1001 1484 1070; x_wconf 84' lang='lat' dir='ltr'><strong>patriamque,</strong></span> <span class='ocrx_word' id='word_1_50' title='bbox 1537 999 1786 1054; x_wconf 89' lang='lat' dir='ltr'><strong>domum-</strong></span> 
     </span>
    </p>
   </div>
   <div class='ocr_carea' id='block_1_9' title="bbox 1637 1092 1785 1162">
    <p class='ocr_par' dir='ltr' id='par_1_9' title="bbox 1637 1092 1785 1162">
     <span class='ocr_line' id='line_1_9' title="bbox 1637 1092 1785 1162; baseline -0.027 0"><span class='ocrx_word' id='word_1_51' title='bbox 1637 1092 1785 1162; x_wconf 71' lang='lat' dir='ltr'><strong>Mue.</strong></span> 
     </span>
    </p>
   </div>
   <div class='ocr_carea' id='block_1_10' title="bbox 336 1177 1506 1250">
    <p class='ocr_par' dir='ltr' id='par_1_10' title="bbox 336 1177 1506 1250">
     <span class='ocr_line' id='line_1_10' title="bbox 336 1177 1506 1250; baseline 0.004 -18"><span class='ocrx_word' id='word_1_52' title='bbox 336 1177 557 1236; x_wconf 87' lang='lat' dir='ltr'><strong>Prodita</strong></span> <span class='ocrx_word' id='word_1_53' title='bbox 587 1181 814 1236; x_wconf 74' lang='lat' dir='ltr'><strong>diversis</strong></span> <span class='ocrx_word' id='word_1_54' title='bbox 833 1182 942 1250; x_wconf 79' lang='lat' dir='ltr'><strong>egit</strong></span> <span class='ocrx_word' id='word_1_55' title='bbox 970 1183 1292 1238; x_wconf 77' lang='lat' dir='ltr'><strong>commercia</strong></span> <span class='ocrx_word' id='word_1_56' title='bbox 1324 1183 1506 1249; x_wconf 90' lang='lat' dir='ltr'><strong>terris,</strong></span> 
     </span>
    </p>
   </div>
   <div class='ocr_carea' id='block_1_11' title="bbox 336 1268 1785 1341">
    <p class='ocr_par' dir='ltr' id='par_1_11' title="bbox 336 1268 1785 1341">
     <span class='ocr_line' id='line_1_11' title="bbox 336 1268 1785 1341; baseline 0.003 -19"><span class='ocrx_word' id='word_1_57' title='bbox 336 1268 777 1341; x_wconf 88' lang='lat' dir='ltr'><strong>Portandamque</strong></span> <span class='ocrx_word' id='word_1_58' title='bbox 805 1288 1023 1327; x_wconf 90' lang='lat' dir='ltr'><strong>crucem</strong></span> <span class='ocrx_word' id='word_1_59' title='bbox 1050 1273 1321 1330; x_wconf 82' lang='lat' dir='ltr'><strong>distractis</strong></span> <span class='ocrx_word' id='word_1_60' title='bbox 1347 1275 1596 1328; x_wconf 91' lang='lat' dir='ltr'><strong>omnibus</strong></span> <span class='ocrx_word' id='word_1_61' title='bbox 1635 1275 1785 1330; x_wconf 87' lang='lat' dir='ltr'><strong>emit.</strong></span> 
     </span>
    </p>
   </div>
   <div class='ocr_carea' id='block_1_12' title="bbox 339 1362 1645 1436">
    <p class='ocr_par' dir='ltr' id='par_1_12' title="bbox 339 1362 1645 1436">
     <span class='ocr_line' id='line_1_12' title="bbox 339 1362 1645 1436; baseline 0.003 -20"><span class='ocrx_word' id='word_1_62' title='bbox 339 1362 454 1418; x_wconf 84' lang='lat' dir='ltr'><strong>Res</strong></span> <span class='ocrx_word' id='word_1_63' title='bbox 479 1365 643 1433; x_wconf 74' lang='lat' dir='ltr'><strong>igitur</strong></span> <span class='ocrx_word' id='word_1_64' title='bbox 668 1373 828 1419; x_wconf 79' lang='lat' dir='ltr'><strong>teme</strong></span> <span class='ocrx_word' id='word_1_65' title='bbox 857 1367 1008 1434; x_wconf 74' lang='lat' dir='ltr'><strong>regni</strong></span> <span class='ocrx_word' id='word_1_66' title='bbox 1041 1367 1275 1422; x_wconf 59' lang='lat' dir='ltr'><strong>celestis</strong></span> <span class='ocrx_word' id='word_1_67' title='bbox 1303 1367 1433 1421; x_wconf 90' lang='lat' dir='ltr'><strong>emit</strong></span> <span class='ocrx_word' id='word_1_68' title='bbox 1460 1382 1645 1436; x_wconf 87' lang='lat' dir='ltr'><strong>spem;</strong></span> 
     </span>
    </p>
   </div>
   <div class='ocr_carea' id='block_1_13' title="bbox 333 1455 1682 1528">
    <p class='ocr_par' dir='ltr' id='par_1_13' title="bbox 333 1455 1682 1528">
     <span class='ocr_line' id='line_1_13' title="bbox 333 1455 1682 1528; baseline 0.004 -22"><span class='ocrx_word' id='word_1_69' title='bbox 333 1455 475 1522; x_wconf 83' lang='lat' dir='ltr'><strong>Spes</strong></span> <span class='ocrx_word' id='word_1_70' title='bbox 503 1455 703 1510; x_wconf 88' lang='lat' dir='ltr'><strong>etenim</strong></span> <span class='ocrx_word' id='word_1_71' title='bbox 735 1455 855 1510; x_wconf 88' lang='lat' dir='ltr'><strong>lidei</strong></span> <span class='ocrx_word' id='word_1_72' title='bbox 883 1456 1064 1512; x_wconf 80' lang='lat' dir='ltr'><strong>carnis</strong></span> <span class='ocrx_word' id='word_1_73' title='bbox 1091 1473 1150 1513; x_wconf 88' lang='lat' dir='ltr'><strong>re</strong></span> <span class='ocrx_word' id='word_1_74' title='bbox 1172 1457 1381 1512; x_wconf 80' lang='lat' dir='ltr'><strong>fortior.</strong></span> <span class='ocrx_word' id='word_1_75' title='bbox 1406 1456 1532 1512; x_wconf 71' lang='lat' dir='ltr'><strong>ihec</strong></span> <span class='ocrx_word' id='word_1_76' title='bbox 1558 1473 1682 1528; x_wconf 89' lang='lat' dir='ltr'><strong>spes</strong></span> 
     </span>
    </p>
   </div>
   <div class='ocr_carea' id='block_1_14' title="bbox 203 1543 1786 1619">
    <p class='ocr_par' dir='ltr' id='par_1_14' title="bbox 203 1543 1786 1619">
     <span class='ocr_line' id='line_1_14' title="bbox 203 1543 1786 1619; baseline 0.003 -21"><span class='ocrx_word' id='word_1_77' title='bbox 203 1544 300 1598; x_wconf 78' lang='grc'><strong>450</strong></span> <span class='ocrx_word' id='word_1_78' title='bbox 337 1543 702 1615; x_wconf 84' lang='lat' dir='ltr'><strong>Perpetuam,</strong></span> <span class='ocrx_word' id='word_1_79' title='bbox 747 1563 868 1616; x_wconf 75' lang='lat' dir='ltr'><strong>qua:</strong></span> <span class='ocrx_word' id='word_1_80' title='bbox 914 1549 1038 1603; x_wconf 85' lang='lat' dir='ltr'><strong>nixa</strong></span> <span class='ocrx_word' id='word_1_81' title='bbox 1067 1547 1180 1604; x_wconf 90' lang='lat' dir='ltr'><strong>Deo</strong></span> <span class='ocrx_word' id='word_1_82' title='bbox 1209 1559 1310 1614; x_wconf 88' lang='lat' dir='ltr'><strong>est,</strong></span> <span class='ocrx_word' id='word_1_83' title='bbox 1361 1565 1474 1603; x_wconf 89' lang='lat' dir='ltr'><strong>rem</strong></span> <span class='ocrx_word' id='word_1_84' title='bbox 1517 1549 1786 1619; x_wconf 88' lang='lat' dir='ltr'><strong>parturit;</strong></span> 
     </span>
    </p>
   </div>
   <div class='ocr_carea' id='block_1_15' title="bbox 1601 1639 1792 1706">
    <p class='ocr_par' dir='ltr' id='par_1_15' title="bbox 1601 1639 1792 1706">
     <span class='ocr_line' id='line_1_15' title="bbox 1601 1639 1792 1706; baseline -0.01 -14"><span class='ocrx_word' id='word_1_85' title='bbox 1601 1639 1677 1706; x_wconf 80' lang='lat' dir='ltr'><strong>lat</strong></span> <span class='ocrx_word' id='word_1_86' title='bbox 1705 1656 1792 1692; x_wconf 81' lang='lat' dir='ltr'><strong>res</strong></span> 
     </span>
    </p>
   </div>
   <div class='ocr_carea' id='block_1_16' title="bbox 333 1726 1790 1801">
    <p class='ocr_par' dir='ltr' id='par_1_16' title="bbox 333 1726 1790 1801">
     <span class='ocr_line' id='line_1_16' title="bbox 333 1726 1790 1801; baseline 0 -20"><span class='ocrx_word' id='word_1_87' title='bbox 333 1726 552 1784; x_wconf 81' lang='lat' dir='ltr'><strong>Caruea</strong></span> <span class='ocrx_word' id='word_1_88' title='bbox 581 1729 859 1785; x_wconf 66' lang='lat' dir='ltr'><strong>caelestem</strong></span> <span class='ocrx_word' id='word_1_89' title='bbox 899 1731 1118 1800; x_wconf 88' lang='lat' dir='ltr'><strong>perimit</strong></span> <span class='ocrx_word' id='word_1_90' title='bbox 1145 1747 1332 1801; x_wconf 87' lang='lat' dir='ltr'><strong>spem;</strong></span> <span class='ocrx_word' id='word_1_91' title='bbox 1365 1746 1484 1800; x_wconf 79' lang='lat' dir='ltr'><strong>qua:</strong></span> <span class='ocrx_word' id='word_1_92' title='bbox 1527 1739 1703 1783; x_wconf 90' lang='lat' dir='ltr'><strong>tamen</strong></span> <span class='ocrx_word' id='word_1_93' title='bbox 1733 1739 1790 1782; x_wconf 92' lang='lat' dir='ltr'><strong>et</strong></span> 
     </span>
    </p>
   </div>
   <div class='ocr_carea' id='block_1_17' title="bbox 1647 1821 1867 1902">
    <p class='ocr_par' dir='ltr' id='par_1_17' title="bbox 1647 1821 1867 1902">
     <span class='ocr_line' id='line_1_17' title="bbox 1647 1821 1867 1902; baseline 0 -29"><span class='ocrx_word' id='word_1_94' title='bbox 1647 1821 1788 1892; x_wconf 60' lang='lat' dir='ltr'><strong>{rem</strong></span> <span class='ocrx_word' id='word_1_95' title='bbox 1824 1843 1867 1902; x_wconf 67' lang='grc' dir='ltr'><strong>Β</strong></span> 
     </span>
    </p>
   </div>
   <div class='ocr_carea' id='block_1_18' title="bbox 332 1909 1673 1984">
    <p class='ocr_par' dir='ltr' id='par_1_18' title="bbox 332 1909 1673 1984">
     <span class='ocr_line' id='line_1_18' title="bbox 332 1909 1673 1984; baseline 0.001 -21"><span class='ocrx_word' id='word_1_96' title='bbox 332 1909 388 1964; x_wconf 90' lang='lat' dir='ltr'><strong>Si</strong></span> <span class='ocrx_word' id='word_1_97' title='bbox 417 1921 642 1981; x_wconf 89' lang='lat' dir='ltr'><strong>superet</strong></span> <span class='ocrx_word' id='word_1_98' title='bbox 665 1913 916 1968; x_wconf 79' lang='lat' dir='ltr'><strong>vincente</strong></span> <span class='ocrx_word' id='word_1_99' title='bbox 939 1911 1061 1978; x_wconf 81' lang='lat' dir='ltr'><strong>fide,</strong></span> <span class='ocrx_word' id='word_1_100' title='bbox 1085 1929 1192 1968; x_wconf 87' lang='lat' dir='ltr'><strong>non</strong></span> <span class='ocrx_word' id='word_1_101' title='bbox 1214 1914 1460 1984; x_wconf 85' lang='lat' dir='ltr'><strong>protinus</strong></span> <span class='ocrx_word' id='word_1_102' title='bbox 1481 1910 1673 1972; x_wconf 81' lang='lat' dir='ltr'><strong>aufert,</strong></span> 
     </span>
    </p>
   </div>
   <div class='ocr_carea' id='block_1_19' title="bbox 331 2000 1586 2075">
    <p class='ocr_par' dir='ltr' id='par_1_19' title="bbox 331 2000 1586 2075">
     <span class='ocr_line' id='line_1_19' title="bbox 331 2000 1586 2075; baseline 0.001 -20"><span class='ocrx_word' id='word_1_103' title='bbox 331 2000 442 2056; x_wconf 85' lang='lat' dir='ltr'><strong>Sed</strong></span> <span class='ocrx_word' id='word_1_104' title='bbox 477 2002 616 2057; x_wconf 89' lang='lat' dir='ltr'><strong>bene</strong></span> <span class='ocrx_word' id='word_1_105' title='bbox 645 2014 906 2060; x_wconf 84' lang='lat' dir='ltr'><strong>mutatam</strong></span> <span class='ocrx_word' id='word_1_106' title='bbox 939 2006 1122 2060; x_wconf 90' lang='lat' dir='ltr'><strong>divino</strong></span> <span class='ocrx_word' id='word_1_107' title='bbox 1143 2005 1266 2075; x_wconf 87' lang='lat' dir='ltr'><strong>jure</strong></span> <span class='ocrx_word' id='word_1_108' title='bbox 1295 2004 1586 2068; x_wconf 81' lang='lat' dir='ltr'><strong>reformat,</strong></span> 
     </span>
    </p>
   </div>
   <div class='ocr_carea' id='block_1_20' title="bbox 332 2090 1784 2164">
    <p class='ocr_par' dir='ltr' id='par_1_20' title="bbox 332 2090 1784 2164">
     <span class='ocr_line' id='line_1_20' title="bbox 332 2090 1784 2164; baseline 0 -19"><span class='ocrx_word' id='word_1_109' title='bbox 332 2091 410 2147; x_wconf 89' lang='lat' dir='ltr'><strong>De</strong></span> <span class='ocrx_word' id='word_1_110' title='bbox 434 2090 611 2161; x_wconf 77' lang='lat' dir='ltr'><strong>fragili</strong></span> <span class='ocrx_word' id='word_1_111' title='bbox 639 2103 895 2150; x_wconf 75' lang='lat' dir='ltr'><strong>aeternam</strong></span> <span class='ocrx_word' id='word_1_112' title='bbox 925 2095 1186 2159; x_wconf 82' lang='lat' dir='ltr'><strong>referens,</strong></span> <span class='ocrx_word' id='word_1_113' title='bbox 1220 2096 1484 2164; x_wconf 86' lang='lat' dir='ltr'><strong>terrisque</strong></span> <span class='ocrx_word' id='word_1_114' title='bbox 1523 2102 1784 2148; x_wconf 87' lang='lat' dir='ltr'><strong>remotam</strong></span> 
     </span>
    </p>
   </div>
   <div class='ocr_carea' id='block_1_21' title="bbox 203 2179 1576 2252">
    <p class='ocr_par' dir='ltr' id='par_1_21' title="bbox 203 2179 1576 2252">
     <span class='ocr_line' id='line_1_21' title="bbox 203 2179 1576 2252; baseline 0.005 -16"><span class='ocrx_word' id='word_1_115' title='bbox 203 2179 299 2238; x_wconf 70' lang='grc'><strong>455</strong></span> <span class='ocrx_word' id='word_1_116' title='bbox 330 2183 387 2238; x_wconf 85' lang='lat' dir='ltr'><strong>In</strong></span> <span class='ocrx_word' id='word_1_117' title='bbox 417 2186 572 2240; x_wconf 82' lang='lat' dir='ltr'><strong>ca-lis</strong></span> <span class='ocrx_word' id='word_1_118' title='bbox 598 2196 858 2252; x_wconf 80' lang='lat' dir='ltr'><strong>statuens,</strong></span> <span class='ocrx_word' id='word_1_119' title='bbox 891 2189 980 2243; x_wconf 89' lang='lat' dir='ltr'><strong>ubi</strong></span> <span class='ocrx_word' id='word_1_120' title='bbox 1012 2188 1145 2244; x_wconf 82' lang='lat' dir='ltr'><strong>fidus</strong></span> <span class='ocrx_word' id='word_1_121' title='bbox 1169 2189 1370 2243; x_wconf 89' lang='lat' dir='ltr'><strong>credita</strong></span> <span class='ocrx_word' id='word_1_122' title='bbox 1393 2197 1576 2244; x_wconf 77' lang='lat' dir='ltr'><strong>custos</strong></span> 
     </span>
    </p>
   </div>
   <div class='ocr_carea' id='block_1_22' title="bbox 331 2277 1784 2352">
    <p class='ocr_par' dir='ltr' id='par_1_22' title="bbox 331 2277 1784 2352">
     <span class='ocr_line' id='line_1_22' title="bbox 331 2277 1784 2352; baseline 0 -20"><span class='ocrx_word' id='word_1_123' title='bbox 331 2277 584 2335; x_wconf 82' lang='lat' dir='ltr'><strong>Christus</strong></span> <span class='ocrx_word' id='word_1_124' title='bbox 630 2281 828 2347; x_wconf 82' lang='lat' dir='ltr'><strong>habet;</strong></span> <span class='ocrx_word' id='word_1_125' title='bbox 873 2297 1049 2352; x_wconf 89' lang='lat' dir='ltr'><strong>neque</strong></span> <span class='ocrx_word' id='word_1_126' title='bbox 1095 2291 1300 2336; x_wconf 88' lang='lat' dir='ltr'><strong>tantum</strong></span> <span class='ocrx_word' id='word_1_127' title='bbox 1337 2282 1460 2344; x_wconf 87' lang='lat' dir='ltr'><strong>isto,</strong></span> <span class='ocrx_word' id='word_1_128' title='bbox 1491 2297 1599 2351; x_wconf 90' lang='lat' dir='ltr'><strong>quo</strong></span> <span class='ocrx_word' id='word_1_129' title='bbox 1636 2296 1784 2336; x_wconf 78' lang='lat' dir='ltr'><strong>sum-</strong></span> 
     </span>
    </p>
   </div>
   <div class='ocr_carea' id='block_1_23' title="bbox 1419 2372 1784 2445">
    <p class='ocr_par' dir='ltr' id='par_1_23' title="bbox 1419 2372 1784 2445">
     <span class='ocr_line' id='line_1_23' title="bbox 1419 2372 1784 2445; baseline -0.005 -19"><span class='ocrx_word' id='word_1_130' title='bbox 1419 2374 1572 2445; x_wconf 75' lang='lat' dir='ltr'><strong>[serit</strong></span> <span class='ocrx_word' id='word_1_131' title='bbox 1599 2372 1784 2437; x_wconf 89' lang='lat' dir='ltr'><strong>istinc,</strong></span> 
     </span>
    </p>
   </div>
   <div class='ocr_carea' id='block_1_24' title="bbox 335 2461 1680 2534">
    <p class='ocr_par' dir='ltr' id='par_1_24' title="bbox 335 2461 1680 2534">
     <span class='ocr_line' id='line_1_24' title="bbox 335 2461 1680 2534; baseline 0.001 -18"><span class='ocrx_word' id='word_1_132' title='bbox 335 2461 655 2533; x_wconf 90' lang='lat' dir='ltr'><strong>Depositum</strong></span> <span class='ocrx_word' id='word_1_133' title='bbox 689 2480 916 2518; x_wconf 74' lang='lat' dir='ltr'><strong>nurnero</strong></span> <span class='ocrx_word' id='word_1_134' title='bbox 945 2473 1148 2529; x_wconf 85' lang='lat' dir='ltr'><strong>servat,</strong></span> <span class='ocrx_word' id='word_1_135' title='bbox 1175 2465 1269 2519; x_wconf 91' lang='lat' dir='ltr'><strong>sed</strong></span> <span class='ocrx_word' id='word_1_136' title='bbox 1301 2464 1680 2534; x_wconf 87' lang='lat' dir='ltr'><strong>multiplicato,</strong></span> 
     </span>
    </p>
   </div>
   <div class='ocr_carea' id='block_1_25' title="bbox 340 2552 1790 2626">
    <p class='ocr_par' dir='ltr' id='par_1_25' title="bbox 340 2552 1790 2626">
     <span class='ocr_line' id='line_1_25' title="bbox 340 2552 1790 2626; baseline 0.002 -20"><span class='ocrx_word' id='word_1_137' title='bbox 340 2552 457 2617; x_wconf 77' lang='lat' dir='ltr'><strong>His,</strong></span> <span class='ocrx_word' id='word_1_138' title='bbox 486 2555 583 2624; x_wconf 85' lang='lat' dir='ltr'><strong>qui</strong></span> <span class='ocrx_word' id='word_1_139' title='bbox 606 2555 956 2624; x_wconf 83' lang='lat' dir='ltr'><strong>crediderint,</strong></span> <span class='ocrx_word' id='word_1_140' title='bbox 983 2557 1270 2613; x_wconf 87' lang='lat' dir='ltr'><strong>commissa</strong></span> <span class='ocrx_word' id='word_1_141' title='bbox 1300 2559 1501 2612; x_wconf 80' lang='lat' dir='ltr'><strong>talenta</strong></span> <span class='ocrx_word' id='word_1_142' title='bbox 1528 2556 1790 2626; x_wconf 87' lang='lat' dir='ltr'><strong>rependet</strong></span> 
     </span>
    </p>
   </div>
   <div class='ocr_carea' id='block_1_26' title="bbox 341 2644 1549 2716">
    <p class='ocr_par' dir='ltr' id='par_1_26' title="bbox 341 2644 1549 2716">
     <span class='ocr_line' id='line_1_26' title="bbox 341 2644 1549 2716; baseline 0.003 -17"><span class='ocrx_word' id='word_1_143' title='bbox 341 2644 594 2709; x_wconf 59' lang='lat' dir='ltr'><strong>Funere,</strong></span> <span class='ocrx_word' id='word_1_144' title='bbox 626 2662 794 2716; x_wconf 85' lang='lat' dir='ltr'><strong>seque</strong></span> <span class='ocrx_word' id='word_1_145' title='bbox 822 2649 1165 2704; x_wconf 84' lang='lat' dir='ltr'><strong>credentibus</strong></span> <span class='ocrx_word' id='word_1_146' title='bbox 1186 2649 1388 2704; x_wconf 87' lang='lat' dir='ltr'><strong>efllciet</strong></span> <span class='ocrx_word' id='word_1_147' title='bbox 1415 2665 1549 2706; x_wconf 88' lang='lat' dir='ltr'><strong>rem.</strong></span> 
     </span>
    </p>
   </div>
   <div class='ocr_carea' id='block_1_27' title="bbox 212 2733 1612 2809">
    <p class='ocr_par' dir='ltr' id='par_1_27' title="bbox 212 2733 1612 2809">
     <span class='ocr_line' id='line_1_27' title="bbox 212 2733 1612 2809; baseline 0.004 -22"><span class='ocrx_word' id='word_1_148' title='bbox 212 2733 311 2789; x_wconf 70' lang='grc' dir='ltr'>ιω</span> <span class='ocrx_word' id='word_1_149' title='bbox 348 2735 413 2790; x_wconf 77' lang='lat' dir='ltr'><strong>Et</strong></span> <span class='ocrx_word' id='word_1_150' title='bbox 439 2751 560 2805; x_wconf 79' lang='lat' dir='ltr'><strong>qua:</strong></span> <span class='ocrx_word' id='word_1_151' title='bbox 589 2752 679 2794; x_wconf 88' lang='lat' dir='ltr'><strong>res</strong></span> <span class='ocrx_word' id='word_1_152' title='bbox 702 2739 802 2792; x_wconf 86' lang='lat' dir='ltr'><strong>hac</strong></span> <span class='ocrx_word' id='word_1_153' title='bbox 827 2754 887 2792; x_wconf 90' lang='lat' dir='ltr'><strong>re</strong></span> <span class='ocrx_word' id='word_1_154' title='bbox 915 2739 1114 2808; x_wconf 88' lang='lat' dir='ltr'><strong>poterit</strong></span> <span class='ocrx_word' id='word_1_155' title='bbox 1136 2739 1430 2809; x_wconf 83' lang='lat' dir='ltr'><strong>pretiosior</strong></span> <span class='ocrx_word' id='word_1_156' title='bbox 1458 2743 1612 2794; x_wconf 73' lang='lat' dir='ltr'><strong>esse?</strong></span> 
     </span>
    </p>
   </div>
   <div class='ocr_carea' id='block_1_28' title="bbox 349 2825 1574 2898">
    <p class='ocr_par' dir='ltr' id='par_1_28' title="bbox 349 2825 1574 2898">
     <span class='ocr_line' id='line_1_28' title="bbox 349 2825 1574 2898; baseline 0.001 -18"><span class='ocrx_word' id='word_1_157' title='bbox 349 2825 404 2880; x_wconf 88' lang='lat' dir='ltr'><strong>Si</strong></span> <span class='ocrx_word' id='word_1_158' title='bbox 431 2835 579 2882; x_wconf 88' lang='lat' dir='ltr'><strong>totus</strong></span> <span class='ocrx_word' id='word_1_159' title='bbox 608 2829 840 2882; x_wconf 87' lang='lat' dir='ltr'><strong>mundus</strong></span> <span class='ocrx_word' id='word_1_160' title='bbox 869 2829 998 2882; x_wconf 91' lang='lat' dir='ltr'><strong>mihi</strong></span> <span class='ocrx_word' id='word_1_161' title='bbox 1026 2845 1113 2884; x_wconf 90' lang='lat' dir='ltr'><strong>res</strong></span> <span class='ocrx_word' id='word_1_162' title='bbox 1133 2830 1342 2898; x_wconf 88' lang='lat' dir='ltr'><strong>privata</strong></span> <span class='ocrx_word' id='word_1_163' title='bbox 1364 2828 1574 2895; x_wconf 88' lang='lat' dir='ltr'><strong>fuisset,</strong></span> 
     </span>
    </p>
   </div>
   <div class='ocr_carea' id='block_1_29' title="bbox 353 2917 1789 2992">
    <p class='ocr_par' dir='ltr' id='par_1_29' title="bbox 353 2917 1789 2992">
     <span class='ocr_line' id='line_1_29' title="bbox 353 2917 1789 2992; baseline 0.001 -22"><span class='ocrx_word' id='word_1_164' title='bbox 353 2917 482 2972; x_wconf 72' lang='lat' dir='ltr'><strong>Num</strong></span> <span class='ocrx_word' id='word_1_165' title='bbox 504 2919 688 2990; x_wconf 87' lang='lat' dir='ltr'><strong>potior</strong></span> <span class='ocrx_word' id='word_1_166' title='bbox 700 2919 927 2974; x_wconf 91' lang='lat' dir='ltr'><strong>Domino</strong></span> <span class='ocrx_word' id='word_1_167' title='bbox 954 2918 1095 2975; x_wconf 81' lang='lat' dir='ltr'><strong>foret</strong></span> <span class='ocrx_word' id='word_1_168' title='bbox 1122 2921 1234 2974; x_wconf 77' lang='lat' dir='ltr'><strong>lucc</strong></span> <span class='ocrx_word' id='word_1_169' title='bbox 1258 2920 1528 2992; x_wconf 86' lang='lat' dir='ltr'><strong>possessio</strong></span> <span class='ocrx_word' id='word_1_170' title='bbox 1541 2919 1789 2976; x_wconf 71' lang='lat' dir='ltr'><strong>Christo?</strong></span> 
     </span>
    </p>
   </div>
   <div class='ocr_carea' id='block_1_30' title="bbox 349 3012 1681 3086">
    <p class='ocr_par' dir='ltr' id='par_1_30' title="bbox 349 3012 1681 3086">
     <span class='ocr_line' id='line_1_30' title="bbox 349 3012 1681 3086; baseline 0.001 -19"><span class='ocrx_word' id='word_1_171' title='bbox 349 3012 414 3068; x_wconf 74' lang='lat' dir='ltr'><strong>Et</strong></span> <span class='ocrx_word' id='word_1_172' title='bbox 433 3014 547 3084; x_wconf 87' lang='lat' dir='ltr'><strong>quis</strong></span> <span class='ocrx_word' id='word_1_173' title='bbox 575 3028 666 3068; x_wconf 87' lang='lat' dir='ltr'><strong>me</strong></span> <span class='ocrx_word' id='word_1_174' title='bbox 693 3019 858 3068; x_wconf 59' lang='grc' dir='ltr'><strong>ωηιξη</strong></span> <span class='ocrx_word' id='word_1_175' title='bbox 884 3013 969 3068; x_wconf 92' lang='lat' dir='ltr'><strong>vel</strong></span> <span class='ocrx_word' id='word_1_176' title='bbox 993 3029 1090 3083; x_wconf 87' lang='lat' dir='ltr'><strong>spe</strong></span> <span class='ocrx_word' id='word_1_177' title='bbox 1120 3014 1286 3069; x_wconf 88' lang='lat' dir='ltr'><strong>modo</strong></span> <span class='ocrx_word' id='word_1_178' title='bbox 1314 3029 1681 3086; x_wconf 84' lang='lat' dir='ltr'><strong>possessorem</strong></span> 
     </span>
    </p>
   </div>
   <div class='ocr_carea' id='block_1_31' title="bbox 346 3103 1784 3176">
    <p class='ocr_par' dir='ltr' id='par_1_31' title="bbox 346 3103 1784 3176">
     <span class='ocr_line' id='line_1_31' title="bbox 346 3103 1784 3176; baseline 0.002 -19"><span class='ocrx_word' id='word_1_179' title='bbox 346 3103 595 3159; x_wconf 70' lang='lat' dir='ltr'><strong>Pnestitit</strong></span> <span class='ocrx_word' id='word_1_180' title='bbox 623 3119 743 3160; x_wconf 89' lang='lat' dir='ltr'><strong>esse</strong></span> <span class='ocrx_word' id='word_1_181' title='bbox 771 3105 888 3160; x_wconf 88' lang='lat' dir='ltr'><strong>rei?</strong></span> <span class='ocrx_word' id='word_1_182' title='bbox 915 3104 1045 3171; x_wconf 85' lang='lat' dir='ltr'><strong>Quis</strong></span> <span class='ocrx_word' id='word_1_183' title='bbox 1075 3121 1160 3159; x_wconf 90' lang='lat' dir='ltr'><strong>me</strong></span> <span class='ocrx_word' id='word_1_184' title='bbox 1188 3121 1305 3160; x_wconf 90' lang='lat' dir='ltr'><strong>rem</strong></span> <span class='ocrx_word' id='word_1_185' title='bbox 1337 3107 1600 3176; x_wconf 82' lang='lat' dir='ltr'><strong>compulit</strong></span> <span class='ocrx_word' id='word_1_186' title='bbox 1625 3106 1784 3160; x_wconf 81' lang='lat' dir='ltr'><strong>istaut</strong></span> 
     </span>
    </p>
   </div>
   <div class='ocr_carea' id='block_1_32' title="bbox 215 3195 1862 3276">
    <p class='ocr_par' dir='ltr' id='par_1_32' title="bbox 215 3195 1862 3276">
     <span class='ocr_line' id='line_1_32' title="bbox 215 3195 1862 3276; baseline 0.001 -27"><span class='ocrx_word' id='word_1_187' title='bbox 215 3195 310 3249; x_wconf 70' lang='lat'><strong>“5</strong></span> <span class='ocrx_word' id='word_1_188' title='bbox 337 3197 606 3268; x_wconf 87' lang='lat' dir='ltr'><strong>Spernere</strong></span> <span class='ocrx_word' id='word_1_189' title='bbox 628 3213 726 3268; x_wconf 90' lang='lat' dir='ltr'><strong>pro</strong></span> <span class='ocrx_word' id='word_1_190' title='bbox 754 3197 991 3264; x_wconf 82' lang='lat' dir='ltr'><strong>Christo,</strong></span> <span class='ocrx_word' id='word_1_191' title='bbox 1011 3206 1070 3252; x_wconf 95' lang='lat' dir='ltr'><strong>ut</strong></span> <span class='ocrx_word' id='word_1_192' title='bbox 1094 3195 1367 3254; x_wconf 75' lang='lat' dir='ltr'><strong>Christum</strong></span> <span class='ocrx_word' id='word_1_193' title='bbox 1389 3198 1520 3253; x_wconf 90' lang='lat' dir='ltr'><strong>mihi</strong></span> <span class='ocrx_word' id='word_1_194' title='bbox 1547 3206 1788 3253; x_wconf 83' lang='lat' dir='ltr'><strong>verteret</strong></span> <span class='ocrx_word' id='word_1_195' title='bbox 1815 3211 1862 3276; x_wconf 74' lang='grc' dir='ltr'>ρ</span> 
     </span>
    </p>
   </div>
   <div class='ocr_carea' id='block_1_33' title="bbox 1529 3288 1787 3362">
    <p class='ocr_par' dir='ltr' id='par_1_33' title="bbox 1529 3288 1787 3362">
     <span class='ocr_line' id='line_1_33' title="bbox 1529 3288 1787 3362; baseline -0.012 -19"><span class='ocrx_word' id='word_1_196' title='bbox 1529 3288 1605 3362; x_wconf 87' lang='lat' dir='ltr'><strong>[in</strong></span> <span class='ocrx_word' id='word_1_197' title='bbox 1636 3304 1748 3342; x_wconf 89' lang='lat' dir='ltr'><strong>rem</strong></span> <span class='ocrx_word' id='word_1_198' title='bbox 1767 3289 1787 3341; x_wconf 66' lang='grc' dir='ltr'>ξ</span> 
     </span>
    </p>
   </div>
   <div class='ocr_carea' id='block_1_34' title="bbox 340 3379 1788 3451">
    <p class='ocr_par' dir='ltr' id='par_1_34' title="bbox 340 3379 1788 3451">
     <span class='ocr_line' id='line_1_34' title="bbox 340 3379 1788 3451; baseline -0.002 -15"><span class='ocrx_word' id='word_1_199' title='bbox 340 3381 472 3448; x_wconf 86' lang='lat' dir='ltr'><strong>Quis</strong></span> <span class='ocrx_word' id='word_1_200' title='bbox 503 3381 605 3436; x_wconf 81' lang='lat' dir='ltr'><strong>nisi</strong></span> <span class='ocrx_word' id='word_1_201' title='bbox 637 3389 716 3444; x_wconf 92' lang='lat' dir='ltr'><strong>tu,</strong></span> <span class='ocrx_word' id='word_1_202' title='bbox 740 3396 956 3451; x_wconf 89' lang='lat' dir='ltr'><strong>semper</strong></span> <span class='ocrx_word' id='word_1_203' title='bbox 978 3396 1098 3435; x_wconf 86' lang='lat' dir='ltr'><strong>mea</strong></span> <span class='ocrx_word' id='word_1_204' title='bbox 1122 3394 1314 3450; x_wconf 79' lang='lat' dir='ltr'><strong>magna</strong></span> <span class='ocrx_word' id='word_1_205' title='bbox 1335 3381 1601 3451; x_wconf 87' lang='lat' dir='ltr'><strong>potentia,</strong></span> <span class='ocrx_word' id='word_1_206' title='bbox 1637 3379 1788 3434; x_wconf 80' lang='lat' dir='ltr'><strong>Felix</strong></span> 
     </span>
    </p>
   </div>
   <div class='ocr_carea' id='block_1_35' title="bbox 335 3472 1511 3536">
    <p class='ocr_par' dir='ltr' id='par_1_35' title="bbox 335 3472 1511 3536">
     <span class='ocr_line' id='line_1_35' title="bbox 335 3472 1511 3536; baseline -0.002 -9"><span class='ocrx_word' id='word_1_207' title='bbox 335 3472 584 3528; x_wconf 80' lang='lat' dir='ltr'><strong>Peccatis</strong></span> <span class='ocrx_word' id='word_1_208' title='bbox 615 3473 828 3526; x_wconf 85' lang='lat' dir='ltr'><strong>inimice</strong></span> <span class='ocrx_word' id='word_1_209' title='bbox 852 3473 1007 3536; x_wconf 89' lang='lat' dir='ltr'><strong>meis,</strong></span> <span class='ocrx_word' id='word_1_210' title='bbox 1030 3481 1085 3526; x_wconf 92' lang='lat' dir='ltr'><strong>et</strong></span> <span class='ocrx_word' id='word_1_211' title='bbox 1114 3473 1288 3527; x_wconf 87' lang='lat' dir='ltr'><strong>amice</strong></span> <span class='ocrx_word' id='word_1_212' title='bbox 1315 3472 1511 3527; x_wconf 87' lang='lat' dir='ltr'><strong>saluti?</strong></span> 
     </span>
    </p>
   </div>
   <div class='ocr_carea' id='block_1_36' title="bbox 338 3564 1566 3634">
    <p class='ocr_par' dir='ltr' id='par_1_36' title="bbox 338 3564 1566 3634">
     <span class='ocr_line' id='line_1_36' title="bbox 338 3564 1566 3634; baseline -0.002 -16"><span class='ocrx_word' id='word_1_213' title='bbox 338 3565 422 3619; x_wconf 89' lang='lat' dir='ltr'><strong>Tu</strong></span> <span class='ocrx_word' id='word_1_214' title='bbox 448 3565 581 3618; x_wconf 89' lang='lat' dir='ltr'><strong>mihi</strong></span> <span class='ocrx_word' id='word_1_215' title='bbox 611 3564 830 3618; x_wconf 90' lang='lat' dir='ltr'><strong>mutasti</strong></span> <span class='ocrx_word' id='word_1_216' title='bbox 856 3566 1084 3634; x_wconf 88' lang='lat' dir='ltr'><strong>patriam</strong></span> <span class='ocrx_word' id='word_1_217' title='bbox 1109 3565 1335 3619; x_wconf 89' lang='lat' dir='ltr'><strong>meliore</strong></span> <span class='ocrx_word' id='word_1_218' title='bbox 1357 3573 1566 3633; x_wconf 89' lang='lat' dir='ltr'><strong>paratu,</strong></span> 
     </span>
    </p>
   </div>
   <div class='ocr_carea' id='block_1_37' title="bbox 337 3654 1718 3724">
    <p class='ocr_par' dir='ltr' id='par_1_37' title="bbox 337 3654 1718 3724">
     <span class='ocr_line' id='line_1_37' title="bbox 337 3654 1718 3724; baseline -0.001 -14"><span class='ocrx_word' id='word_1_219' title='bbox 337 3654 417 3710; x_wconf 85' lang='lat' dir='ltr'><strong>Te</strong></span> <span class='ocrx_word' id='word_1_220' title='bbox 440 3655 572 3709; x_wconf 91' lang='lat' dir='ltr'><strong>mihi</strong></span> <span class='ocrx_word' id='word_1_221' title='bbox 601 3670 700 3724; x_wconf 92' lang='lat' dir='ltr'><strong>pro</strong></span> <span class='ocrx_word' id='word_1_222' title='bbox 729 3656 900 3724; x_wconf 87' lang='lat' dir='ltr'><strong>patria</strong></span> <span class='ocrx_word' id='word_1_223' title='bbox 930 3655 1178 3710; x_wconf 86' lang='lat' dir='ltr'><strong>reddens.</strong></span> <span class='ocrx_word' id='word_1_224' title='bbox 1207 3655 1287 3708; x_wconf 84' lang='lat' dir='ltr'><strong>Tu</strong></span> <span class='ocrx_word' id='word_1_225' title='bbox 1332 3671 1530 3710; x_wconf 87' lang='lat' dir='ltr'><strong>carnea</strong></span> <span class='ocrx_word' id='word_1_226' title='bbox 1563 3655 1718 3710; x_wconf 86' lang='lat' dir='ltr'><strong>nobis</strong></span> 
     </span>
    </p>
   </div>
   <div class='ocr_carea' id='block_1_38' title="bbox 210 3745 1506 3816">
    <p class='ocr_par' dir='ltr' id='par_1_38' title="bbox 210 3745 1506 3816">
     <span class='ocr_line' id='line_1_38' title="bbox 210 3745 1506 3816; baseline -0.002 -14"><span class='ocrx_word' id='word_1_227' title='bbox 210 3745 301 3802; x_wconf 58' lang='lat'><strong>£50</strong></span> <span class='ocrx_word' id='word_1_228' title='bbox 335 3747 566 3803; x_wconf 71' lang='lat' dir='ltr'><strong>Vincula</strong></span> <span class='ocrx_word' id='word_1_229' title='bbox 597 3746 807 3816; x_wconf 82' lang='lat' dir='ltr'><strong>rupisti.</strong></span> <span class='ocrx_word' id='word_1_230' title='bbox 833 3745 912 3798; x_wconf 89' lang='lat' dir='ltr'><strong>Tu</strong></span> <span class='ocrx_word' id='word_1_231' title='bbox 942 3762 1044 3800; x_wconf 89' lang='lat' dir='ltr'><strong>nos</strong></span> <span class='ocrx_word' id='word_1_232' title='bbox 1070 3747 1138 3800; x_wconf 91' lang='lat' dir='ltr'><strong>de</strong></span> <span class='ocrx_word' id='word_1_233' title='bbox 1166 3746 1286 3801; x_wconf 84' lang='lat' dir='ltr'><strong>labe</strong></span> <span class='ocrx_word' id='word_1_234' title='bbox 1316 3745 1506 3801; x_wconf 88' lang='lat' dir='ltr'><strong>caduci</strong></span> 
     </span>
    </p>
   </div>
   <div class='ocr_carea' id='block_1_39' title="bbox 338 3836 1609 3906">
    <p class='ocr_par' dir='ltr' id='par_1_39' title="bbox 338 3836 1609 3906">
     <span class='ocr_line' id='line_1_39' title="bbox 338 3836 1609 3906; baseline 0 -15"><span class='ocrx_word' id='word_1_235' title='bbox 338 3836 632 3904; x_wconf 73' lang='lat' dir='ltr'><strong>Sanguinis</strong></span> <span class='ocrx_word' id='word_1_236' title='bbox 651 3845 932 3906; x_wconf 88' lang='lat' dir='ltr'><strong>exemptos</strong></span> <span class='ocrx_word' id='word_1_237' title='bbox 962 3845 1118 3891; x_wconf 74' lang='lat' dir='ltr'><strong>terra:</strong></span> <span class='ocrx_word' id='word_1_238' title='bbox 1144 3837 1392 3904; x_wconf 76' lang='lat' dir='ltr'><strong>genitalis</strong></span> <span class='ocrx_word' id='word_1_239' title='bbox 1418 3837 1487 3891; x_wconf 88' lang='lat' dir='ltr'><strong>ab</strong></span> <span class='ocrx_word' id='word_1_240' title='bbox 1514 3852 1609 3892; x_wconf 92' lang='lat' dir='ltr'><strong>ora</strong></span> 
     </span>
    </p>
   </div>
   <div class='ocr_carea' id='block_1_40' title="bbox 340 3927 1718 3997">
    <p class='ocr_par' dir='ltr' id='par_1_40' title="bbox 340 3927 1718 3997">
     <span class='ocr_line' id='line_1_40' title="bbox 340 3927 1718 3997; baseline 0.004 -17"><span class='ocrx_word' id='word_1_241' title='bbox 340 3928 423 3980; x_wconf 78' lang='lat' dir='ltr'><strong>Ad</strong></span> <span class='ocrx_word' id='word_1_242' title='bbox 455 3941 626 3994; x_wconf 76' lang='lat' dir='ltr'><strong>genus</strong></span> <span class='ocrx_word' id='word_1_243' title='bbox 652 3927 916 3992; x_wconf 76' lang='lat' dir='ltr'><strong>emigrare</strong></span> <span class='ocrx_word' id='word_1_244' title='bbox 943 3936 1111 3989; x_wconf 89' lang='lat' dir='ltr'><strong>tuum,</strong></span> <span class='ocrx_word' id='word_1_245' title='bbox 1145 3936 1201 3980; x_wconf 91' lang='lat' dir='ltr'><strong>et</strong></span> <span class='ocrx_word' id='word_1_246' title='bbox 1238 3927 1478 3982; x_wconf 78' lang='lat' dir='ltr'><strong>cmlestia</strong></span> <span class='ocrx_word' id='word_1_247' title='bbox 1510 3928 1718 3997; x_wconf 76' lang='lat' dir='ltr'><strong>magnis</strong></span> 
     </span>
    </p>
   </div>
   <div class='ocr_carea' id='block_1_41' title="bbox 337 4015 1647 4085">
    <p class='ocr_par' dir='ltr' id='par_1_41' title="bbox 337 4015 1647 4085">
     <span class='ocr_line' id='line_1_41' title="bbox 337 4015 1647 4085; baseline 0.002 -15"><span class='ocrx_word' id='word_1_248' title='bbox 337 4016 540 4071; x_wconf 81' lang='lat' dir='ltr'><strong>Fecisti</strong></span> <span class='ocrx_word' id='word_1_249' title='bbox 569 4032 789 4085; x_wconf 89' lang='lat' dir='ltr'><strong>sperare</strong></span> <span class='ocrx_word' id='word_1_250' title='bbox 812 4017 1021 4070; x_wconf 88' lang='lat' dir='ltr'><strong>animis.</strong></span> <span class='ocrx_word' id='word_1_251' title='bbox 1047 4015 1125 4070; x_wconf 88' lang='lat' dir='ltr'><strong>Tu</strong></span> <span class='ocrx_word' id='word_1_252' title='bbox 1150 4025 1432 4071; x_wconf 85' lang='lat' dir='ltr'><strong>stemmata</strong></span> <span class='ocrx_word' id='word_1_253' title='bbox 1461 4027 1647 4072; x_wconf 84' lang='lat' dir='ltr'><strong>nostra</strong></span> 
     </span>
    </p>
   </div>
   <div class='ocr_carea' id='block_1_42' title="bbox 337 4109 1590 4180">
    <p class='ocr_par' dir='ltr' id='par_1_42' title="bbox 337 4109 1590 4180">
     <span class='ocr_line' id='line_1_42' title="bbox 337 4109 1590 4180; baseline 0.004 -17"><span class='ocrx_word' id='word_1_254' title='bbox 337 4110 557 4165; x_wconf 69' lang='lat' dir='ltr'><strong>Mutans</strong></span> <span class='ocrx_word' id='word_1_255' title='bbox 584 4109 655 4164; x_wconf 90' lang='lat' dir='ltr'><strong>de</strong></span> <span class='ocrx_word' id='word_1_256' title='bbox 679 4110 858 4180; x_wconf 83' lang='lat' dir='ltr'><strong>pravis</strong></span> <span class='ocrx_word' id='word_1_257' title='bbox 882 4111 1199 4167; x_wconf 85' lang='lat' dir='ltr'><strong>mortalibus</strong></span> <span class='ocrx_word' id='word_1_258' title='bbox 1224 4111 1365 4166; x_wconf 89' lang='lat' dir='ltr'><strong>inter</strong></span> <span class='ocrx_word' id='word_1_259' title='bbox 1387 4113 1590 4168; x_wconf 86' lang='lat' dir='ltr'><strong>amicos</strong></span> 
     </span>
    </p>
   </div>
   <div class='ocr_carea' id='block_1_43' title="bbox 205 4198 1588 4273">
    <p class='ocr_par' dir='ltr' id='par_1_43' title="bbox 205 4198 1588 4273">
     <span class='ocr_line' id='line_1_43' title="bbox 205 4198 1588 4273; baseline 0.004 -21"><span class='ocrx_word' id='word_1_260' title='bbox 205 4198 298 4254; x_wconf 58' lang='lat'><strong>£55</strong></span> <span class='ocrx_word' id='word_1_261' title='bbox 332 4203 588 4257; x_wconf 64' lang='lat' dir='ltr'><strong>Caelestis</strong></span> <span class='ocrx_word' id='word_1_262' title='bbox 608 4200 838 4265; x_wconf 86' lang='lat' dir='ltr'><strong>Domini,</strong></span> <span class='ocrx_word' id='word_1_263' title='bbox 872 4211 928 4257; x_wconf 90' lang='lat' dir='ltr'><strong>et</strong></span> <span class='ocrx_word' id='word_1_264' title='bbox 958 4203 1094 4258; x_wconf 91' lang='lat' dir='ltr'><strong>libro</strong></span> <span class='ocrx_word' id='word_1_265' title='bbox 1125 4205 1332 4272; x_wconf 83' lang='lat' dir='ltr'><strong>signata</strong></span> <span class='ocrx_word' id='word_1_266' title='bbox 1362 4207 1588 4273; x_wconf 87' lang='lat' dir='ltr'><strong>perenni</strong></span> 
     </span>
    </p>
   </div>
   <div class='ocr_carea' id='block_1_44' title="bbox 269 4359 1779 4432">
    <p class='ocr_par' dir='ltr' id='par_1_44' title="bbox 269 4359 1779 4432">
     <span class='ocr_line' id='line_1_44' title="bbox 269 4359 1779 4432; baseline 0.005 -20"><span class='ocrx_word' id='word_1_267' title='bbox 269 4360 327 4413; x_wconf 76' lang='grc' dir='ltr'><strong>ν.</strong></span> <span class='ocrx_word' id='word_1_268' title='bbox 358 4359 485 4414; x_wconf 65' lang='grc' dir='ltr'><strong>ηε.</strong></span> <span class='ocrx_word' id='word_1_269' title='bbox 510 4359 636 4431; x_wconf 74' lang='lat' dir='ltr'><strong>Egit</strong></span> <span class='ocrx_word' id='word_1_270' title='bbox 663 4362 988 4414; x_wconf 82' lang='lat' dir='ltr'><strong>commercia.</strong></span> <span class='ocrx_word' id='word_1_271' title='bbox 1012 4361 1221 4416; x_wconf 79' lang='lat' dir='ltr'><strong>Mallem</strong></span> <span class='ocrx_word' id='word_1_272' title='bbox 1243 4362 1326 4432; x_wconf 78' lang='lat' dir='ltr'><strong>egi</strong></span> <span class='ocrx_word' id='word_1_273' title='bbox 1353 4365 1680 4426; x_wconf 82' lang='lat' dir='ltr'><strong>commercia.</strong></span> <span class='ocrx_word' id='word_1_274' title='bbox 1705 4369 1779 4420; x_wconf 89' lang='lat' dir='ltr'><strong>uti</strong></span> 
     </span>
    </p>
   </div>
   <div class='ocr_carea' id='block_1_45' title="bbox 202 4431 1706 4500">
    <p class='ocr_par' dir='ltr' id='par_1_45' title="bbox 202 4431 1706 4500">
     <span class='ocr_line' id='line_1_45' title="bbox 202 4431 1706 4500; baseline 0.005 -18"><span class='ocrx_word' id='word_1_275' title='bbox 202 4431 354 4484; x_wconf 80' lang='lat' dir='ltr'><strong>etiam</strong></span> <span class='ocrx_word' id='word_1_276' title='bbox 380 4432 434 4483; x_wconf 92' lang='lat' dir='ltr'><strong>in</strong></span> <span class='ocrx_word' id='word_1_277' title='bbox 461 4435 710 4500; x_wconf 85' lang='lat' dir='ltr'><strong>sequenti</strong></span> <span class='ocrx_word' id='word_1_278' title='bbox 742 4433 980 4485; x_wconf 69' lang='lat' dir='ltr'><strong>cztrmiue</strong></span> <span class='ocrx_word' id='word_1_279' title='bbox 1007 4449 1018 4482; x_wconf 91' lang='lat'>:</span> <span class='ocrx_word' id='word_1_280' title='bbox 1045 4431 1306 4485; x_wconf 79' lang='lat' dir='ltr'><strong>distractis</strong></span> <span class='ocrx_word' id='word_1_281' title='bbox 1331 4433 1564 4487; x_wconf 80' lang='lat' dir='ltr'><strong>omnibus</strong></span> <span class='ocrx_word' id='word_1_282' title='bbox 1586 4437 1706 4489; x_wconf 83' lang='lat' dir='ltr'><strong>emi.</strong></span> 
     </span>
    </p>
   </div>
   <div class='ocr_carea' id='block_1_46' title="bbox 268 4500 1780 4573">
    <p class='ocr_par' dir='ltr' id='par_1_46' title="bbox 268 4500 1780 4573">
     <span class='ocr_line' id='line_1_46' title="bbox 268 4500 1780 4573; baseline 0.005 -20"><span class='ocrx_word' id='word_1_283' title='bbox 268 4500 327 4553; x_wconf 75' lang='grc' dir='ltr'><strong>ν.</strong></span> <span class='ocrx_word' id='word_1_284' title='bbox 358 4501 486 4554; x_wconf 77' lang='grc'><strong>459.</strong></span> <span class='ocrx_word' id='word_1_285' title='bbox 521 4501 688 4571; x_wconf 82' lang='lat' dir='ltr'><strong>Seque</strong></span> <span class='ocrx_word' id='word_1_286' title='bbox 713 4502 1052 4557; x_wconf 70' lang='lat' dir='ltr'><strong>credentibus.</strong></span> <span class='ocrx_word' id='word_1_287' title='bbox 1099 4503 1360 4557; x_wconf 74' lang='lat' dir='ltr'><strong>Auderem</strong></span> <span class='ocrx_word' id='word_1_288' title='bbox 1387 4506 1576 4573; x_wconf 79' lang='lat' dir='ltr'><strong>ipsum,</strong></span> <span class='ocrx_word' id='word_1_289' title='bbox 1627 4515 1683 4560; x_wconf 90' lang='lat' dir='ltr'><strong>ut</strong></span> <span class='ocrx_word' id='word_1_290' title='bbox 1711 4507 1780 4559; x_wconf 89' lang='lat' dir='ltr'><strong>sit</strong></span> 
     </span>
    </p>
   </div>
   <div class='ocr_carea' id='block_1_47' title="bbox 201 4573 807 4641">
    <p class='ocr_par' dir='ltr' id='par_1_47' title="bbox 201 4573 807 4641">
     <span class='ocr_line' id='line_1_47' title="bbox 201 4573 807 4641; baseline 0.002 -19"><span class='ocrx_word' id='word_1_291' title='bbox 201 4573 525 4641; x_wconf 80' lang='lat' dir='ltr'><strong>completum</strong></span> <span class='ocrx_word' id='word_1_292' title='bbox 555 4588 774 4626; x_wconf 86' lang='lat' dir='ltr'><strong>carmen</strong></span> <span class='ocrx_word' id='word_1_293' title='bbox 795 4591 807 4623; x_wconf 89' lang='lat'>:</span> 
     </span>
    </p>
   </div>
   <div class='ocr_carea' id='block_1_48' title="bbox 323 4663 1608 4725">
    <p class='ocr_par' dir='ltr' id='par_1_48' title="bbox 323 4663 1608 4725">
     <span class='ocr_line' id='line_1_48' title="bbox 323 4663 1608 4725; baseline 0.004 -14"><span class='ocrx_word' id='word_1_294' title='bbox 323 4663 554 4720; x_wconf 63' lang='lat' dir='ltr'><strong>Pugnare,</strong></span> <span class='ocrx_word' id='word_1_295' title='bbox 581 4677 736 4724; x_wconf 83' lang='lat' dir='ltr'><strong>seque</strong></span> <span class='ocrx_word' id='word_1_296' title='bbox 761 4666 916 4725; x_wconf 56' lang='lat' dir='ltr'><strong>ipsum</strong></span> <span class='ocrx_word' id='word_1_297' title='bbox 941 4665 1263 4714; x_wconf 82' lang='lat' dir='ltr'><strong>credentibus</strong></span> <span class='ocrx_word' id='word_1_298' title='bbox 1287 4668 1466 4716; x_wconf 79' lang='lat' dir='ltr'><strong>eﬂiciet</strong></span> <span class='ocrx_word' id='word_1_299' title='bbox 1491 4683 1608 4717; x_wconf 89' lang='lat' dir='ltr'><strong>rem.</strong></span> 
     </span>
    </p>
   </div>
   <div class='ocr_carea' id='block_1_49' title="bbox 269 4763 1774 4836">
    <p class='ocr_par' dir='ltr' id='par_1_49' title="bbox 269 4763 1774 4836">
     <span class='ocr_line' id='line_1_49' title="bbox 269 4763 1774 4836; baseline 0.006 -21"><span class='ocrx_word' id='word_1_300' title='bbox 269 4763 490 4836; x_wconf 54' lang='grc' dir='ltr'><strong>ιιμδ.</strong></span> <span class='ocrx_word' id='word_1_301' title='bbox 521 4763 641 4836; x_wconf 53' lang='grc' dir='ltr'><strong>λίβα</strong></span> <span class='ocrx_word' id='word_1_302' title='bbox 667 4782 859 4836; x_wconf 73' lang='lat' dir='ltr'><strong>magna</strong></span> <span class='ocrx_word' id='word_1_303' title='bbox 885 4769 1134 4834; x_wconf 80' lang='lat' dir='ltr'><strong>potentia.</strong></span> <span class='ocrx_word' id='word_1_304' title='bbox 1185 4768 1476 4836; x_wconf 80' lang='lat' dir='ltr'><strong>Virgiliana</strong></span> <span class='ocrx_word' id='word_1_305' title='bbox 1523 4771 1774 4825; x_wconf 87' lang='lat' dir='ltr'><strong>imitatio.</strong></span> 
     </span>
    </p>
   </div>
   <div class='ocr_carea' id='block_1_50' title="bbox 201 4833 1388 4907">
    <p class='ocr_par' dir='ltr' id='par_1_50' title="bbox 201 4833 1388 4907">
     <span class='ocr_line' id='line_1_50' title="bbox 201 4833 1388 4907; baseline 0.006 -20"><span class='ocrx_word' id='word_1_306' title='bbox 201 4833 282 4887; x_wconf 74' lang='lat' dir='ltr'><strong>Ait</strong></span> <span class='ocrx_word' id='word_1_307' title='bbox 309 4835 493 4889; x_wconf 78' lang='lat' dir='ltr'><strong>Venus</strong></span> <span class='ocrx_word' id='word_1_308' title='bbox 519 4833 740 4890; x_wconf 58' lang='lat' dir='ltr'><strong>fEueid.</strong></span> <span class='ocrx_word' id='word_1_309' title='bbox 757 4833 859 4890; x_wconf 78' lang='lat' dir='ltr'><strong>lib.</strong></span> <span class='ocrx_word' id='word_1_310' title='bbox 889 4833 905 4890; x_wconf 74' lang='grc' dir='ltr'><strong><em>ι</em></strong></span> <span class='ocrx_word' id='word_1_311' title='bbox 935 4837 1001 4890; x_wconf 88' lang='lat' dir='ltr'><strong>ad</strong></span> <span class='ocrx_word' id='word_1_312' title='bbox 1024 4833 1343 4907; x_wconf 74' lang='lat' dir='ltr'><strong>Cupidinem</strong></span> <span class='ocrx_word' id='word_1_313' title='bbox 1373 4857 1388 4893; x_wconf 87' lang='lat'>:</span> 
     </span>
    </p>
   </div>
   <div class='ocr_carea' id='block_1_51' title="bbox 319 4950 1543 5012">
    <p class='ocr_par' dir='ltr' id='par_1_51' title="bbox 319 4950 1543 5012">
     <span class='ocr_line' id='line_1_51' title="bbox 319 4950 1543 5012; baseline 0.002 -13"><span class='ocrx_word' id='word_1_314' title='bbox 319 4950 468 5010; x_wconf 79' lang='lat' dir='ltr'><strong>Nate,</strong></span> <span class='ocrx_word' id='word_1_315' title='bbox 493 4965 619 4999; x_wconf 67' lang='lat' dir='ltr'><strong>mea:</strong></span> <span class='ocrx_word' id='word_1_316' title='bbox 645 4953 795 5008; x_wconf 81' lang='lat' dir='ltr'><strong>vires,</strong></span> <span class='ocrx_word' id='word_1_317' title='bbox 821 4963 926 4998; x_wconf 84' lang='lat' dir='ltr'><strong>mea</strong></span> <span class='ocrx_word' id='word_1_318' title='bbox 953 4965 1126 5012; x_wconf 77' lang='lat' dir='ltr'><strong>magna</strong></span> <span class='ocrx_word' id='word_1_319' title='bbox 1153 4953 1368 5012; x_wconf 69' lang='lat' dir='ltr'><strong>polentia</strong></span> <span class='ocrx_word' id='word_1_320' title='bbox 1389 4951 1543 5003; x_wconf 80' lang='lat' dir='ltr'><strong>solus.</strong></span> 
     </span>
    </p>
   </div>
   <div class='ocr_carea' id='block_1_52' title="bbox 199 5051 1799 5123">
    <p class='ocr_par' dir='ltr' id='par_1_52' title="bbox 199 5051 1799 5123">
     <span class='ocr_line' id='line_1_52' title="bbox 199 5051 1799 5123; baseline 0.001 -17"><span class='ocrx_word' id='word_1_321' title='bbox 199 5053 402 5120; x_wconf 84' lang='lat' dir='ltr'><strong>Statius</strong></span> <span class='ocrx_word' id='word_1_322' title='bbox 429 5052 521 5107; x_wconf 91' lang='lat' dir='ltr'><strong>lib.</strong></span> <span class='ocrx_word' id='word_1_323' title='bbox 544 5068 566 5106; x_wconf 81' lang='grc' dir='ltr'><strong><em>ι</em></strong></span> <span class='ocrx_word' id='word_1_324' title='bbox 589 5051 757 5108; x_wconf 84' lang='lat' dir='ltr'><strong>Theb.</strong></span> <span class='ocrx_word' id='word_1_325' title='bbox 811 5053 885 5108; x_wconf 87' lang='lat' dir='ltr'><strong>ita</strong></span> <span class='ocrx_word' id='word_1_326' title='bbox 911 5052 1172 5109; x_wconf 76' lang='lat' dir='ltr'><strong>Venerem</strong></span> <span class='ocrx_word' id='word_1_327' title='bbox 1215 5053 1420 5112; x_wconf 88' lang='lat' dir='ltr'><strong>inducit</strong></span> <span class='ocrx_word' id='word_1_328' title='bbox 1437 5057 1743 5123; x_wconf 82' lang='lat' dir='ltr'><strong>loqnentem</strong></span> <span class='ocrx_word' id='word_1_329' title='bbox 1761 5069 1799 5108; x_wconf 72' lang='grc' dir='ltr'><strong>ι·</strong></span> 
     </span>
    </p>
   </div>
   <div class='ocr_carea' id='block_1_53' title="bbox 318 5167 1611 5231">
    <p class='ocr_par' dir='ltr' id='par_1_53' title="bbox 318 5167 1611 5231">
     <span class='ocr_line' id='line_1_53' title="bbox 318 5167 1611 5231; baseline 0.003 -16"><span class='ocrx_word' id='word_1_330' title='bbox 318 5167 426 5231; x_wconf 63' lang='lat' dir='ltr'><strong>Sed</strong></span> <span class='ocrx_word' id='word_1_331' title='bbox 443 5168 642 5215; x_wconf 80' lang='lat' dir='ltr'><strong>dabitur</strong></span> <span class='ocrx_word' id='word_1_332' title='bbox 655 5167 846 5228; x_wconf 86' lang='lat' dir='ltr'><strong>juveni,</strong></span> <span class='ocrx_word' id='word_1_333' title='bbox 872 5167 950 5216; x_wconf 91' lang='lat' dir='ltr'><strong>cui</strong></span> <span class='ocrx_word' id='word_1_334' title='bbox 976 5176 1028 5216; x_wconf 88' lang='lat' dir='ltr'><strong>tu</strong></span> <span class='ocrx_word' id='word_1_335' title='bbox 1053 5179 1162 5216; x_wconf 78' lang='lat' dir='ltr'><strong>mea</strong></span> <span class='ocrx_word' id='word_1_336' title='bbox 1187 5182 1370 5217; x_wconf 85' lang='lat' dir='ltr'><strong>smnma</strong></span> <span class='ocrx_word' id='word_1_337' title='bbox 1398 5177 1611 5231; x_wconf 77' lang='lat' dir='ltr'><strong>potestas</strong></span> 
     </span>
    </p>
   </div>
   <div class='ocr_carea' id='block_1_54' title="bbox 320 5227 629 5290">
    <p class='ocr_par' dir='ltr' id='par_1_54' title="bbox 320 5227 629 5290">
     <span class='ocr_line' id='line_1_54' title="bbox 320 5227 629 5290; baseline 0.003 -14"><span class='ocrx_word' id='word_1_338' title='bbox 320 5227 446 5277; x_wconf 73' lang='lat' dir='ltr'><strong>Nate</strong></span> <span class='ocrx_word' id='word_1_339' title='bbox 471 5231 629 5290; x_wconf 84' lang='lat' dir='ltr'><strong>cupis.</strong></span> 
     </span>
    </p>
   </div>
   <div class='ocr_carea' id='block_1_55' title="bbox 262 5331 1774 5404">
    <p class='ocr_par' dir='ltr' id='par_1_55' title="bbox 262 5331 1774 5404">
     <span class='ocr_line' id='line_1_55' title="bbox 262 5331 1774 5404; baseline 0.002 -18"><span class='ocrx_word' id='word_1_340' title='bbox 262 5331 328 5386; x_wconf 72' lang='grc' dir='ltr'><strong>ν.</strong></span> <span class='ocrx_word' id='word_1_341' title='bbox 361 5331 484 5386; x_wconf 72' lang='grc'><strong>449.</strong></span> <span class='ocrx_word' id='word_1_342' title='bbox 517 5333 592 5386; x_wconf 86' lang='lat' dir='ltr'><strong>Tu</strong></span> <span class='ocrx_word' id='word_1_343' title='bbox 619 5350 807 5386; x_wconf 81' lang='lat' dir='ltr'><strong>carnea</strong></span> <span class='ocrx_word' id='word_1_344' title='bbox 835 5333 1001 5387; x_wconf 71' lang='lat' dir='ltr'><strong>nobis.</strong></span> <span class='ocrx_word' id='word_1_345' title='bbox 1052 5333 1308 5388; x_wconf 87' lang='lat' dir='ltr'><strong>Sanctum</strong></span> <span class='ocrx_word' id='word_1_346' title='bbox 1353 5336 1616 5390; x_wconf 78' lang='lat' dir='ltr'><strong>castitatis</strong></span> <span class='ocrx_word' id='word_1_347' title='bbox 1645 5352 1774 5404; x_wconf 88' lang='lat' dir='ltr'><strong>pro-</strong></span> 
     </span>
    </p>
   </div>
   <div class='ocr_carea' id='block_1_56' title="bbox 197 5403 1772 5474">
    <p class='ocr_par' dir='ltr' id='par_1_56' title="bbox 197 5403 1772 5474">
     <span class='ocr_line' id='line_1_56' title="bbox 197 5403 1772 5474; baseline 0.002 -17"><span class='ocrx_word' id='word_1_348' title='bbox 458 5404 663 5474; x_wconf 81' lang='lat' dir='ltr'><strong>innuit,</strong></span> <span class='ocrx_word' id='word_1_349' title='bbox 707 5420 816 5474; x_wconf 73' lang='lat' dir='ltr'><strong>quo</strong></span> <span class='ocrx_word' id='word_1_350' title='bbox 862 5421 920 5458; x_wconf 90' lang='lat' dir='ltr'><strong>se</strong></span> <span class='ocrx_word' id='word_1_351' title='bbox 952 5421 1054 5458; x_wconf 90' lang='lat' dir='ltr'><strong>una</strong></span> <span class='ocrx_word' id='word_1_352' title='bbox 1093 5420 1214 5474; x_wconf 90' lang='lat' dir='ltr'><strong>cum</strong></span> <span class='ocrx_word' id='word_1_353' title='bbox 1257 5405 1486 5474; x_wconf 80' lang='lat' dir='ltr'><strong>conjuge</strong></span> <span class='ocrx_word' id='word_1_354' title='bbox 1517 5405 1772 5460; x_wconf 83' lang='lat' dir='ltr'><strong>Therasia</strong></span> 
     </span>
    </p>
   </div>
   <div class='ocr_carea' id='block_1_57' title="bbox 195 5471 1771 5544">
    <p class='ocr_par' dir='ltr' id='par_1_57' title="bbox 195 5471 1771 5544">
     <span class='ocr_line' id='line_1_57' title="bbox 195 5471 1771 5544; baseline 0 -18"><span class='ocrx_word' id='word_1_355' title='bbox 195 5471 411 5527; x_wconf 78' lang='lat' dir='ltr'><strong>Christo</strong></span> <span class='ocrx_word' id='word_1_356' title='bbox 437 5471 740 5528; x_wconf 58' lang='lat' dir='ltr'><strong>dicaverat:</strong></span> <span class='ocrx_word' id='word_1_357' title='bbox 777 5472 846 5527; x_wconf 83' lang='lat' dir='ltr'><strong>Ut</strong></span> <span class='ocrx_word' id='word_1_358' title='bbox 871 5476 1014 5530; x_wconf 86' lang='lat' dir='ltr'><strong>enim</strong></span> <span class='ocrx_word' id='word_1_359' title='bbox 1053 5473 1123 5527; x_wconf 86' lang='lat' dir='ltr'><strong>ad</strong></span> <span class='ocrx_word' id='word_1_360' title='bbox 1151 5471 1510 5530; x_wconf 81' lang='lat' dir='ltr'><strong>sacerdotium</strong></span> <span class='ocrx_word' id='word_1_361' title='bbox 1553 5491 1771 5544; x_wconf 87' lang='lat' dir='ltr'><strong>promo-</strong></span> 
     </span>
    </p>
   </div>
   <div class='ocr_carea' id='block_1_58' title="bbox 197 5545 1768 5614">
    <p class='ocr_par' dir='ltr' id='par_1_58' title="bbox 197 5545 1768 5614">
     <span class='ocr_line' id='line_1_58' title="bbox 197 5545 1768 5614; baseline 0.004 -20"><span class='ocrx_word' id='word_1_362' title='bbox 197 5553 430 5614; x_wconf 55' lang='lat' dir='ltr'><strong>veretur,</strong></span> <span class='ocrx_word' id='word_1_363' title='bbox 454 5545 522 5598; x_wconf 88' lang='lat' dir='ltr'><strong>ab</strong></span> <span class='ocrx_word' id='word_1_364' title='bbox 543 5546 727 5598; x_wconf 78' lang='lat' dir='ltr'><strong>uxoris</strong></span> <span class='ocrx_word' id='word_1_365' title='bbox 752 5555 870 5600; x_wconf 91' lang='lat' dir='ltr'><strong>toro</strong></span> <span class='ocrx_word' id='word_1_366' title='bbox 899 5545 1257 5612; x_wconf 70' lang='lat' dir='ltr'><strong>sejungsndus</strong></span> <span class='ocrx_word' id='word_1_367' title='bbox 1282 5555 1422 5600; x_wconf 90' lang='lat' dir='ltr'><strong>erat.</strong></span> <span class='ocrx_word' id='word_1_368' title='bbox 1450 5545 1575 5599; x_wconf 56' lang='lat' dir='ltr'><strong>Habe</strong></span> <span class='ocrx_word' id='word_1_369' title='bbox 1596 5547 1768 5614; x_wconf 86' lang='lat' dir='ltr'><strong>prisca</strong></span> 
     </span>
    </p>
   </div>
   <div class='ocr_carea' id='block_1_59' title="bbox 194 5609 1770 5670">
    <p class='ocr_par' dir='ltr' id='par_1_59' title="bbox 194 5609 1770 5670">
     <span class='ocr_line' id='line_1_59' title="bbox 194 5609 1770 5670; baseline 0.004 -7"><span class='ocrx_word' id='word_1_370' title='bbox 194 5609 448 5668; x_wconf 71' lang='lat' dir='ltr'><strong>Ecclesia:</strong></span> <span class='ocrx_word' id='word_1_371' title='bbox 474 5617 811 5670; x_wconf 82' lang='lat' dir='ltr'><strong>consuetudo</strong></span> <span class='ocrx_word' id='word_1_372' title='bbox 856 5609 1034 5670; x_wconf 75' lang='lat' dir='ltr'><strong>multis</strong></span> <span class='ocrx_word' id='word_1_373' title='bbox 1059 5609 1431 5669; x_wconf 43' lang='lat' dir='ltr'><strong>&#39;coiiciliorum</strong></span> <span class='ocrx_word' id='word_1_374' title='bbox 1471 5609 1770 5670; x_wconf 78' lang='lat' dir='ltr'><strong>canonibus</strong></span> 
     </span>
    </p>
   </div>
   <div class='ocr_carea' id='block_1_60' title="bbox 193 5683 1766 5753">
    <p class='ocr_par' dir='ltr' id='par_1_60' title="bbox 193 5683 1766 5753">
     <span class='ocr_line' id='line_1_60' title="bbox 193 5683 1766 5753; baseline 0.001 -15"><span class='ocrx_word' id='word_1_375' title='bbox 193 5683 449 5753; x_wconf 56' lang='lat' dir='ltr'><strong>roborata</strong></span> <span class='ocrx_word' id='word_1_376' title='bbox 495 5685 782 5740; x_wconf 89' lang='lat' dir='ltr'><strong>invenitur.</strong></span> <span class='ocrx_word' id='word_1_377' title='bbox 829 5693 883 5739; x_wconf 71' lang='grc' dir='ltr'><strong>δ.</strong></span> <span class='ocrx_word' id='word_1_378' title='bbox 913 5685 1058 5740; x_wconf 90' lang='lat' dir='ltr'><strong>llicr.</strong></span> <span class='ocrx_word' id='word_1_379' title='bbox 1112 5687 1162 5739; x_wconf 89' lang='lat' dir='ltr'><strong>in</strong></span> <span class='ocrx_word' id='word_1_380' title='bbox 1207 5702 1294 5753; x_wconf 92' lang='lat' dir='ltr'><strong>ep.</strong></span> <span class='ocrx_word' id='word_1_381' title='bbox 1321 5686 1387 5739; x_wconf 88' lang='lat' dir='ltr'><strong>ad</strong></span> <span class='ocrx_word' id='word_1_382' title='bbox 1419 5684 1722 5741; x_wconf 83' lang='lat' dir='ltr'><strong>Pammacb.</strong></span> <span class='ocrx_word' id='word_1_383' title='bbox 1755 5705 1766 5739; x_wconf 92' lang='lat'>:</span> 
     </span>
    </p>
   </div>
   <div class='ocr_carea' id='block_1_61' title="bbox 193 5749 1765 5837">
    <p class='ocr_par' dir='ltr' id='par_1_61' title="bbox 193 5749 1765 5837">
     <span class='ocr_line' id='line_1_61' title="bbox 193 5749 1765 5837; baseline 0.001 -31"><span class='ocrx_word' id='word_1_384' title='bbox 193 5749 461 5837; x_wconf 52' lang='lat' dir='ltr'><strong>Episcopi)</strong></span> <span class='ocrx_word' id='word_1_385' title='bbox 506 5755 808 5837; x_wconf 77' lang='lat' dir='ltr'><strong>presbyteri,</strong></span> <span class='ocrx_word' id='word_1_386' title='bbox 857 5758 1062 5810; x_wconf 77' lang='lat' dir='ltr'><strong>diaconi</strong></span> <span class='ocrx_word' id='word_1_387' title='bbox 1091 5766 1177 5837; x_wconf 72' lang='lat' dir='ltr'><strong>out</strong></span> <span class='ocrx_word' id='word_1_388' title='bbox 1219 5749 1437 5825; x_wconf 74' lang='lat' dir='ltr'><strong>virgines</strong></span> <span class='ocrx_word' id='word_1_389' title='bbox 1486 5757 1765 5826; x_wconf 81' lang='lat' dir='ltr'><strong>eliguntur,</strong></span> 
     </span>
    </p>
   </div>
   <div class='ocr_carea' id='block_1_62' title="bbox 192 5826 1768 5896">
    <p class='ocr_par' dir='ltr' id='par_1_62' title="bbox 192 5826 1768 5896">
     <span class='ocr_line' id='line_1_62' title="bbox 192 5826 1768 5896; baseline 0.004 -25"><span class='ocrx_word' id='word_1_390' title='bbox 192 5833 278 5874; x_wconf 82' lang='lat' dir='ltr'><strong>aut</strong></span> <span class='ocrx_word' id='word_1_391' title='bbox 308 5826 467 5888; x_wconf 76' lang='lat' dir='ltr'><strong>vidui,</strong></span> <span class='ocrx_word' id='word_1_392' title='bbox 509 5826 597 5879; x_wconf 77' lang='lat' dir='ltr'><strong>aut</strong></span> <span class='ocrx_word' id='word_1_393' title='bbox 628 5836 760 5879; x_wconf 77' lang='lat' dir='ltr'><strong>certe</strong></span> <span class='ocrx_word' id='word_1_394' title='bbox 787 5837 899 5896; x_wconf 76' lang='lat' dir='ltr'><strong>post</strong></span> <span class='ocrx_word' id='word_1_395' title='bbox 929 5828 1268 5880; x_wconf 77' lang='lat' dir='ltr'><strong>sacerdotium</strong></span> <span class='ocrx_word' id='word_1_396' title='bbox 1304 5844 1353 5880; x_wconf 87' lang='lat' dir='ltr'><strong>tn</strong></span> <span class='ocrx_word' id='word_1_397' title='bbox 1385 5838 1633 5880; x_wconf 75' lang='lat' dir='ltr'><strong>teternum</strong></span> <span class='ocrx_word' id='word_1_398' title='bbox 1668 5843 1768 5896; x_wconf 74' lang='lat' dir='ltr'><strong>pu-</strong></span> 
     </span>
    </p>
   </div>
   <div class='ocr_carea' id='block_1_63' title="bbox 1814 4589 1862 4647">
    <p class='ocr_par' dir='ltr' id='par_1_63' title="bbox 1814 4589 1862 4647">
     <span class='ocr_line' id='line_1_63' title="bbox 1814 4589 1862 4647; baseline 0 0"><span class='ocrx_word' id='word_1_399' title='bbox 1814 4589 1862 4647; x_wconf 92' lang='lat' dir='ltr'><strong>D</strong></span> 
     </span>
    </p>
   </div>
   <div class='ocr_carea' id='block_1_64' title="bbox 1626 338 3479 396">
    <p class='ocr_par' dir='ltr' id='par_1_64' title="bbox 1626 338 3479 396">
     <span class='ocr_line' id='line_1_64' title="bbox 1626 338 3479 396; baseline -0.002 0"><span class='ocrx_word' id='word_1_400' title='bbox 1626 339 1751 396; x_wconf 65' lang='lat' dir='ltr'><strong>PJF.</strong></span> <span class='ocrx_word' id='word_1_401' title='bbox 1759 340 1800 392; x_wconf 67' lang='grc' dir='ltr'>Μ</span> <span class='ocrx_word' id='word_1_402' title='bbox 1811 340 1851 392; x_wconf 72' lang='grc' dir='ltr'><strong>Α</strong></span> <span class='ocrx_word' id='word_1_403' title='bbox 1893 339 2022 392; x_wconf 72' lang='lat' dir='ltr'><strong>XXI.</strong></span> <span class='ocrx_word' id='word_1_404' title='bbox 3377 338 3479 393; x_wconf 57' lang='lat' dir='ltr'><strong>{ili-3</strong></span> 
     </span>
    </p>
   </div>
   <div class='ocr_carea' id='block_1_65' title="bbox 2039 451 3260 520">
    <p class='ocr_par' dir='ltr' id='par_1_65' title="bbox 2039 451 3260 520">
     <span class='ocr_line' id='line_1_65' title="bbox 2039 451 3260 520; baseline 0.001 -16"><span class='ocrx_word' id='word_1_405' title='bbox 2039 452 2282 515; x_wconf 68' lang='lat' dir='ltr'><strong>Nomina,</strong></span> <span class='ocrx_word' id='word_1_406' title='bbox 2305 453 2563 506; x_wconf 82' lang='lat' dir='ltr'><strong>translato</strong></span> <span class='ocrx_word' id='word_1_407' title='bbox 2594 451 2835 508; x_wconf 77' lang='lat' dir='ltr'><strong>mortalis</strong></span> <span class='ocrx_word' id='word_1_408' title='bbox 2863 454 3087 520; x_wconf 79' lang='lat' dir='ltr'><strong>originis</strong></span> <span class='ocrx_word' id='word_1_409' title='bbox 3118 461 3260 514; x_wconf 69' lang='lat' dir='ltr'><strong>ortu,</strong></span> 
     </span>
    </p>
   </div>
   <div class='ocr_carea' id='block_1_66' title="bbox 2039 541 3192 615">
    <p class='ocr_par' dir='ltr' id='par_1_66' title="bbox 2039 541 3192 615">
     <span class='ocr_line' id='line_1_66' title="bbox 2039 541 3192 615; baseline 0.008 -23"><span class='ocrx_word' id='word_1_410' title='bbox 2039 541 2210 595; x_wconf 86' lang='lat' dir='ltr'><strong>Deleri</strong></span> <span class='ocrx_word' id='word_1_411' title='bbox 2243 543 2406 596; x_wconf 86' lang='lat' dir='ltr'><strong>facies</strong></span> <span class='ocrx_word' id='word_1_412' title='bbox 2437 545 2615 607; x_wconf 88' lang='lat' dir='ltr'><strong>morti,</strong></span> <span class='ocrx_word' id='word_1_413' title='bbox 2651 547 2972 615; x_wconf 86' lang='lat' dir='ltr'><strong>transcripta</strong></span> <span class='ocrx_word' id='word_1_414' title='bbox 3013 547 3192 602; x_wconf 87' lang='lat' dir='ltr'><strong>saluti.</strong></span> 
     </span>
    </p>
   </div>
   <div class='ocr_carea' id='block_1_67' title="bbox 2033 633 3473 706">
    <p class='ocr_par' dir='ltr' id='par_1_67' title="bbox 2033 633 3473 706">
     <span class='ocr_line' id='line_1_67' title="bbox 2033 633 3473 706; baseline 0.009 -21"><span class='ocrx_word' id='word_1_415' title='bbox 2033 633 2170 699; x_wconf 80' lang='lat' dir='ltr'><strong>Quid</strong></span> <span class='ocrx_word' id='word_1_416' title='bbox 2193 634 2366 689; x_wconf 88' lang='lat' dir='ltr'><strong>simile</strong></span> <span class='ocrx_word' id='word_1_417' title='bbox 2396 635 2481 688; x_wconf 90' lang='lat' dir='ltr'><strong>his</strong></span> <span class='ocrx_word' id='word_1_418' title='bbox 2511 636 2690 701; x_wconf 83' lang='lat' dir='ltr'><strong>habui,</strong></span> <span class='ocrx_word' id='word_1_419' title='bbox 2707 654 2831 692; x_wconf 89' lang='lat' dir='ltr'><strong>cum</strong></span> <span class='ocrx_word' id='word_1_420' title='bbox 2861 639 3067 694; x_wconf 88' lang='lat' dir='ltr'><strong>diceret</strong></span> <span class='ocrx_word' id='word_1_421' title='bbox 3089 657 3210 696; x_wconf 89' lang='lat' dir='ltr'><strong>esse</strong></span> <span class='ocrx_word' id='word_1_422' title='bbox 3233 652 3473 706; x_wconf 87' lang='lat' dir='ltr'><strong>senator,</strong></span> 
     </span>
    </p>
   </div>
   <div class='ocr_carea' id='block_1_68' title="bbox 2034 725 3480 800">
    <p class='ocr_par' dir='ltr' id='par_1_68' title="bbox 2034 725 3480 800">
     <span class='ocr_line' id='line_1_68' title="bbox 2034 725 3480 800; baseline 0.003 -17"><span class='ocrx_word' id='word_1_423' title='bbox 2034 725 2388 798; x_wconf 57' lang='lat'><strong>533-535</strong></span> <span class='ocrx_word' id='word_1_424' title='bbox 2417 725 2606 792; x_wconf 81' lang='lat' dir='ltr'><strong>Qualia</strong></span> <span class='ocrx_word' id='word_1_425' title='bbox 2637 745 2780 783; x_wconf 89' lang='lat' dir='ltr'><strong>nunc</strong></span> <span class='ocrx_word' id='word_1_426' title='bbox 2801 730 2923 784; x_wconf 88' lang='lat' dir='ltr'><strong>istic</strong></span> <span class='ocrx_word' id='word_1_427' title='bbox 2947 731 3144 800; x_wconf 87' lang='lat' dir='ltr'><strong>habeo,</strong></span> <span class='ocrx_word' id='word_1_428' title='bbox 3175 750 3299 788; x_wconf 91' lang='lat' dir='ltr'><strong>cum</strong></span> <span class='ocrx_word' id='word_1_429' title='bbox 3327 735 3480 789; x_wconf 88' lang='lat' dir='ltr'><strong>dicor</strong></span> 
     </span>
    </p>
   </div>
   <div class='ocr_carea' id='block_1_69' title="bbox 3212 825 3481 895">
    <p class='ocr_par' dir='ltr' id='par_1_69' title="bbox 3212 825 3481 895">
     <span class='ocr_line' id='line_1_69' title="bbox 3212 825 3481 895; baseline 0 -15"><span class='ocrx_word' id='word_1_430' title='bbox 3212 825 3436 895; x_wconf 76' lang='lat' dir='ltr'><strong>[egenus</strong></span> <span class='ocrx_word' id='word_1_431' title='bbox 3456 828 3481 880; x_wconf 86' lang='lat'><strong>?</strong></span> 
     </span>
    </p>
   </div>
   <div class='ocr_carea' id='block_1_70' title="bbox 1893 906 3331 986">
    <p class='ocr_par' dir='ltr' id='par_1_70' title="bbox 1893 906 3331 986">
     <span class='ocr_line' id='line_1_70' title="bbox 1893 906 3331 986; baseline 0.008 -24"><span class='ocrx_word' id='word_1_432' title='bbox 1893 911 1995 962; x_wconf 70' lang='lat' dir='ltr'><strong>Mill</strong></span> <span class='ocrx_word' id='word_1_433' title='bbox 2033 906 2173 963; x_wconf 78' lang='lat' dir='ltr'><strong>Ecce</strong></span> <span class='ocrx_word' id='word_1_434' title='bbox 2201 911 2330 964; x_wconf 88' lang='lat' dir='ltr'><strong>mihi</strong></span> <span class='ocrx_word' id='word_1_435' title='bbox 2355 927 2454 980; x_wconf 89' lang='lat' dir='ltr'><strong>per</strong></span> <span class='ocrx_word' id='word_1_436' title='bbox 2484 920 2566 966; x_wconf 90' lang='lat' dir='ltr'><strong>tot</strong></span> <span class='ocrx_word' id='word_1_437' title='bbox 2587 913 2857 968; x_wconf 87' lang='lat' dir='ltr'><strong>benedicti</strong></span> <span class='ocrx_word' id='word_1_438' title='bbox 2887 917 3138 986; x_wconf 78' lang='lat' dir='ltr'><strong>martyris</strong></span> <span class='ocrx_word' id='word_1_439' title='bbox 3157 918 3331 979; x_wconf 82' lang='lat' dir='ltr'><strong>aulas.</strong></span> 
     </span>
    </p>
   </div>
   <div class='ocr_carea' id='block_1_71' title="bbox 2034 997 3303 1077">
    <p class='ocr_par' dir='ltr' id='par_1_71' title="bbox 2034 997 3303 1077">
     <span class='ocr_line' id='line_1_71' title="bbox 2034 997 3303 1077; baseline 0.009 -26"><span class='ocrx_word' id='word_1_440' title='bbox 2034 997 2100 1053; x_wconf 79' lang='lat' dir='ltr'><strong>Et</strong></span> <span class='ocrx_word' id='word_1_441' title='bbox 2127 1002 2314 1070; x_wconf 83' lang='lat' dir='ltr'><strong>spatiis</strong></span> <span class='ocrx_word' id='word_1_442' title='bbox 2339 1003 2566 1072; x_wconf 87' lang='lat' dir='ltr'><strong>amplas,</strong></span> <span class='ocrx_word' id='word_1_443' title='bbox 2600 1013 2655 1058; x_wconf 90' lang='lat' dir='ltr'><strong>et</strong></span> <span class='ocrx_word' id='word_1_444' title='bbox 2677 1005 3002 1060; x_wconf 83' lang='lat' dir='ltr'><strong>culminibus</strong></span> <span class='ocrx_word' id='word_1_445' title='bbox 3020 1008 3303 1077; x_wconf 85' lang='lat' dir='ltr'><strong>sublimes,</strong></span> 
     </span>
    </p>
   </div>
   <div class='ocr_carea' id='block_1_72' title="bbox 2033 1090 3194 1168">
    <p class='ocr_par' dir='ltr' id='par_1_72' title="bbox 2033 1090 3194 1168">
     <span class='ocr_line' id='line_1_72' title="bbox 2033 1090 3194 1168; baseline 0.01 -26"><span class='ocrx_word' id='word_1_446' title='bbox 2033 1090 2098 1144; x_wconf 74' lang='lat' dir='ltr'><strong>Et</strong></span> <span class='ocrx_word' id='word_1_447' title='bbox 2126 1093 2330 1146; x_wconf 83' lang='lat' dir='ltr'><strong>recavis</strong></span> <span class='ocrx_word' id='word_1_448' title='bbox 2357 1095 2464 1147; x_wconf 86' lang='lat' dir='ltr'><strong>alte</strong></span> <span class='ocrx_word' id='word_1_449' title='bbox 2493 1097 2834 1164; x_wconf 83' lang='lat' dir='ltr'><strong>laquearibus</strong></span> <span class='ocrx_word' id='word_1_450' title='bbox 2860 1099 3194 1168; x_wconf 85' lang='lat' dir='ltr'><strong>ambitiosas,</strong></span> 
     </span>
    </p>
   </div>
   <div class='ocr_carea' id='block_1_73' title="bbox 2032 1181 3292 1260">
    <p class='ocr_par' dir='ltr' id='par_1_73' title="bbox 2032 1181 3292 1260">
     <span class='ocr_line' id='line_1_73' title="bbox 2032 1181 3292 1260; baseline 0.01 -26"><span class='ocrx_word' id='word_1_451' title='bbox 2032 1181 2274 1250; x_wconf 85' lang='lat' dir='ltr'><strong>lnriguas</strong></span> <span class='ocrx_word' id='word_1_452' title='bbox 2303 1194 2359 1238; x_wconf 88' lang='lat' dir='ltr'><strong>et</strong></span> <span class='ocrx_word' id='word_1_453' title='bbox 2383 1187 2555 1253; x_wconf 87' lang='lat' dir='ltr'><strong>aquis,</strong></span> <span class='ocrx_word' id='word_1_454' title='bbox 2588 1196 2644 1240; x_wconf 89' lang='lat' dir='ltr'><strong>et</strong></span> <span class='ocrx_word' id='word_1_455' title='bbox 2675 1189 2970 1257; x_wconf 87' lang='lat' dir='ltr'><strong>porticibus</strong></span> <span class='ocrx_word' id='word_1_456' title='bbox 2992 1193 3292 1260; x_wconf 75' lang='lat' dir='ltr'><strong>redimitos,</strong></span> 
     </span>
    </p>
   </div>
   <div class='ocr_carea' id='block_1_74' title="bbox 2038 1271 3476 1356">
    <p class='ocr_par' dir='ltr' id='par_1_74' title="bbox 2038 1271 3476 1356">
     <span class='ocr_line' id='line_1_74' title="bbox 2038 1271 3476 1356; baseline 0.012 -30"><span class='ocrx_word' id='word_1_457' title='bbox 2038 1271 2299 1343; x_wconf 80' lang='lat' dir='ltr'><strong>Undique,</strong></span> <span class='ocrx_word' id='word_1_458' title='bbox 2333 1283 2389 1330; x_wconf 92' lang='lat' dir='ltr'><strong>et</strong></span> <span class='ocrx_word' id='word_1_459' title='bbox 2421 1278 2617 1346; x_wconf 89' lang='lat' dir='ltr'><strong>ubique</strong></span> <span class='ocrx_word' id='word_1_460' title='bbox 2645 1279 2825 1343; x_wconf 90' lang='lat' dir='ltr'><strong>simul,</strong></span> <span class='ocrx_word' id='word_1_461' title='bbox 2855 1281 3234 1354; x_wconf 67' lang='lat' dir='ltr'><strong>quodcumque</strong></span> <span class='ocrx_word' id='word_1_462' title='bbox 3257 1303 3352 1356; x_wconf 87' lang='lat' dir='ltr'><strong>per</strong></span> <span class='ocrx_word' id='word_1_463' title='bbox 3375 1287 3476 1343; x_wconf 83' lang='lat' dir='ltr'><strong>ista</strong></span> 
     </span>
    </p>
   </div>
   <div class='ocr_carea' id='block_1_75' title="bbox 3308 1380 3474 1452">
    <p class='ocr_par' dir='ltr' id='par_1_75' title="bbox 3308 1380 3474 1452">
     <span class='ocr_line' id='line_1_75' title="bbox 3308 1380 3474 1452; baseline 0.012 -18"><span class='ocrx_word' id='word_1_464' title='bbox 3308 1380 3474 1452; x_wconf 73' lang='lat' dir='ltr'><strong>[beati</strong></span> 
     </span>
    </p>
   </div>
   <div class='ocr_carea' id='block_1_76' title="bbox 1891 1451 3364 1535">
    <p class='ocr_par' dir='ltr' id='par_1_76' title="bbox 1891 1451 3364 1535">
     <span class='ocr_line' id='line_1_76' title="bbox 1891 1451 3364 1535; baseline 0.014 -31"><span class='ocrx_word' id='word_1_465' title='bbox 1891 1451 1996 1504; x_wconf 70' lang='grc'><strong>465</strong></span> <span class='ocrx_word' id='word_1_466' title='bbox 2030 1453 2258 1510; x_wconf 80' lang='lat' dir='ltr'><strong>Nomine</strong></span> <span class='ocrx_word' id='word_1_467' title='bbox 2287 1456 2484 1514; x_wconf 81' lang='lat' dir='ltr'><strong>Felicis</strong></span> <span class='ocrx_word' id='word_1_468' title='bbox 2514 1462 2730 1529; x_wconf 79' lang='lat' dir='ltr'><strong>colitur,</strong></span> <span class='ocrx_word' id='word_1_469' title='bbox 2759 1465 3084 1529; x_wconf 85' lang='lat' dir='ltr'><strong>celebratur,</strong></span> <span class='ocrx_word' id='word_1_470' title='bbox 3118 1468 3364 1535; x_wconf 86' lang='lat' dir='ltr'><strong>habetur,</strong></span> 
     </span>
    </p>
   </div>
   <div class='ocr_carea' id='block_1_77' title="bbox 2031 1550 3478 1624">
    <p class='ocr_par' dir='ltr' id='par_1_77' title="bbox 2031 1550 3478 1624">
     <span class='ocr_line' id='line_1_77' title="bbox 2031 1550 3478 1624; baseline 0.016 -25"><span class='ocrx_word' id='word_1_471' title='bbox 2031 1550 2290 1604; x_wconf 87' lang='lat' dir='ltr'><strong>Umnibus</strong></span> <span class='ocrx_word' id='word_1_472' title='bbox 2333 1551 2384 1604; x_wconf 90' lang='lat' dir='ltr'><strong>in</strong></span> <span class='ocrx_word' id='word_1_473' title='bbox 2430 1555 2621 1624; x_wconf 85' lang='lat' dir='ltr'><strong>spatiis</strong></span> <span class='ocrx_word' id='word_1_474' title='bbox 2648 1556 2841 1612; x_wconf 91' lang='lat' dir='ltr'><strong>domus</strong></span> <span class='ocrx_word' id='word_1_475' title='bbox 2878 1568 2963 1613; x_wconf 85' lang='lat' dir='ltr'><strong>est</strong></span> <span class='ocrx_word' id='word_1_476' title='bbox 2991 1577 3133 1615; x_wconf 76' lang='lat' dir='ltr'><strong>mea.</strong></span> <span class='ocrx_word' id='word_1_477' title='bbox 3176 1562 3286 1619; x_wconf 74' lang='lat' dir='ltr'><strong>Nec</strong></span> <span class='ocrx_word' id='word_1_478' title='bbox 3325 1565 3478 1621; x_wconf 86' lang='lat' dir='ltr'><strong>locus</strong></span> 
     </span>
    </p>
   </div>
   <div class='ocr_carea' id='block_1_78' title="bbox 3316 1656 3476 1727">
    <p class='ocr_par' dir='ltr' id='par_1_78' title="bbox 3316 1656 3476 1727">
     <span class='ocr_line' id='line_1_78' title="bbox 3316 1656 3476 1727; baseline 0.025 -18"><span class='ocrx_word' id='word_1_479' title='bbox 3316 1656 3476 1727; x_wconf 81' lang='lat' dir='ltr'><strong>[ullus</strong></span> 
     </span>
    </p>
   </div>
   <div class='ocr_carea' id='block_1_79' title="bbox 2035 1727 3291 1815">
    <p class='ocr_par' dir='ltr' id='par_1_79' title="bbox 2035 1727 3291 1815">
     <span class='ocr_line' id='line_1_79' title="bbox 2035 1727 3291 1815; baseline 0.018 -34"><span class='ocrx_word' id='word_1_480' title='bbox 2035 1727 2264 1786; x_wconf 68' lang='lat' dir='ltr'><strong>Aidibus</strong></span> <span class='ocrx_word' id='word_1_481' title='bbox 2285 1733 2427 1790; x_wconf 84' lang='lat' dir='ltr'><strong>illius</strong></span> <span class='ocrx_word' id='word_1_482' title='bbox 2446 1737 2786 1806; x_wconf 69' lang='lat' dir='ltr'><strong>coniunctus,</strong></span> <span class='ocrx_word' id='word_1_483' title='bbox 2807 1749 2864 1796; x_wconf 92' lang='lat' dir='ltr'><strong>et</strong></span> <span class='ocrx_word' id='word_1_484' title='bbox 2883 1743 3075 1799; x_wconf 89' lang='lat' dir='ltr'><strong>insitus</strong></span> <span class='ocrx_word' id='word_1_485' title='bbox 3094 1757 3291 1815; x_wconf 83' lang='lat' dir='ltr'><strong>exstat,</strong></span> 
     </span>
    </p>
   </div>
   <div class='ocr_carea' id='block_1_80' title="bbox 2036 1822 3474 1912">
    <p class='ocr_par' dir='ltr' id='par_1_80' title="bbox 2036 1822 3474 1912">
     <span class='ocr_line' id='line_1_80' title="bbox 2036 1822 3474 1912; baseline 0.018 -40"><span class='ocrx_word' id='word_1_486' title='bbox 2036 1822 2135 1886; x_wconf 86' lang='lat' dir='ltr'><strong>Qui</strong></span> <span class='ocrx_word' id='word_1_487' title='bbox 2163 1823 2292 1876; x_wconf 88' lang='lat' dir='ltr'><strong>mihi</strong></span> <span class='ocrx_word' id='word_1_488' title='bbox 2335 1842 2444 1880; x_wconf 86' lang='lat' dir='ltr'><strong>non</strong></span> <span class='ocrx_word' id='word_1_489' title='bbox 2475 1831 2629 1897; x_wconf 86' lang='lat' dir='ltr'><strong>quasi</strong></span> <span class='ocrx_word' id='word_1_490' title='bbox 2659 1847 2748 1885; x_wconf 89' lang='lat' dir='ltr'><strong>res</strong></span> <span class='ocrx_word' id='word_1_491' title='bbox 2794 1842 2979 1902; x_wconf 86' lang='lat' dir='ltr'><strong>pateat</strong></span> <span class='ocrx_word' id='word_1_492' title='bbox 3018 1853 3156 1892; x_wconf 87' lang='lat' dir='ltr'><strong>mea.</strong></span> <span class='ocrx_word' id='word_1_493' title='bbox 3205 1839 3315 1895; x_wconf 86' lang='lat' dir='ltr'><strong>Sed</strong></span> <span class='ocrx_word' id='word_1_494' title='bbox 3341 1843 3474 1912; x_wconf 90' lang='lat' dir='ltr'><strong>quid</strong></span> 
     </span>
    </p>
   </div>
   <div class='ocr_carea' id='block_1_81' title="bbox 3265 1934 3474 2005">
    <p class='ocr_par' dir='ltr' id='par_1_81' title="bbox 3265 1934 3474 2005">
     <span class='ocr_line' id='line_1_81' title="bbox 3265 1934 3474 2005; baseline 0.014 -18"><span class='ocrx_word' id='word_1_495' title='bbox 3265 1934 3342 2005; x_wconf 71' lang='lat' dir='ltr'><strong>[in</strong></span> <span class='ocrx_word' id='word_1_496' title='bbox 3372 1935 3474 1990; x_wconf 88' lang='lat' dir='ltr'><strong>isto</strong></span> 
     </span>
    </p>
   </div>
   <div class='ocr_carea' id='block_1_82' title="bbox 2031 2003 3238 2078">
    <p class='ocr_par' dir='ltr' id='par_1_82' title="bbox 2031 2003 3238 2078">
     <span class='ocr_line' id='line_1_82' title="bbox 2031 2003 3238 2078; baseline 0.018 -22"><span class='ocrx_word' id='word_1_497' title='bbox 2031 2003 2252 2060; x_wconf 81' lang='lat' dir='ltr'><strong>Munere</strong></span> <span class='ocrx_word' id='word_1_498' title='bbox 2282 2025 2366 2061; x_wconf 90' lang='lat' dir='ltr'><strong>me</strong></span> <span class='ocrx_word' id='word_1_499' title='bbox 2382 2009 2604 2078; x_wconf 87' lang='lat' dir='ltr'><strong>jactem,</strong></span> <span class='ocrx_word' id='word_1_500' title='bbox 2638 2014 2682 2068; x_wconf 90' lang='lat' dir='ltr'><strong>si</strong></span> <span class='ocrx_word' id='word_1_501' title='bbox 2706 2032 2822 2070; x_wconf 84' lang='lat' dir='ltr'><strong>rem</strong></span> <span class='ocrx_word' id='word_1_502' title='bbox 2852 2017 3045 2076; x_wconf 81' lang='lat' dir='ltr'><strong>Felicis</strong></span> <span class='ocrx_word' id='word_1_503' title='bbox 3074 2025 3238 2078; x_wconf 84' lang='lat' dir='ltr'><strong>amati</strong></span> 
     </span>
    </p>
   </div>
   <div class='ocr_carea' id='block_1_83' title="bbox 1890 2095 3251 2185">
    <p class='ocr_par' dir='ltr' id='par_1_83' title="bbox 1890 2095 3251 2185">
     <span class='ocr_line' id='line_1_83' title="bbox 1890 2095 3251 2185; baseline 0.019 -39"><span class='ocrx_word' id='word_1_504' title='bbox 1890 2095 1994 2148; x_wconf 60' lang='lat'><strong>670</strong></span> <span class='ocrx_word' id='word_1_505' title='bbox 2035 2097 2239 2153; x_wconf 76' lang='lat' dir='ltr'><strong>Visibili</strong></span> <span class='ocrx_word' id='word_1_506' title='bbox 2269 2100 2504 2172; x_wconf 86' lang='lat' dir='ltr'><strong>lapidth</strong></span> <span class='ocrx_word' id='word_1_507' title='bbox 2528 2114 2671 2161; x_wconf 87' lang='lat' dir='ltr'><strong>tecto</strong></span> <span class='ocrx_word' id='word_1_508' title='bbox 2703 2112 3022 2166; x_wconf 86' lang='lat' dir='ltr'><strong>vernaculus</strong></span> <span class='ocrx_word' id='word_1_509' title='bbox 3052 2114 3251 2185; x_wconf 81' lang='lat' dir='ltr'><strong>hospes</strong></span> 
     </span>
    </p>
   </div>
   <div class='ocr_carea' id='block_1_84' title="bbox 2032 2186 3473 2276">
    <p class='ocr_par' dir='ltr' id='par_1_84' title="bbox 2032 2186 3473 2276">
     <span class='ocr_line' id='line_1_84' title="bbox 2032 2186 3473 2276; baseline 0.019 -35"><span class='ocrx_word' id='word_1_510' title='bbox 2032 2186 2380 2246; x_wconf 85' lang='lat' dir='ltr'><strong>Pussideam?</strong></span> <span class='ocrx_word' id='word_1_511' title='bbox 2423 2194 2642 2260; x_wconf 89' lang='lat' dir='ltr'><strong>Quanto</strong></span> <span class='ocrx_word' id='word_1_512' title='bbox 2691 2199 2810 2268; x_wconf 88' lang='lat' dir='ltr'><strong>plus</strong></span> <span class='ocrx_word' id='word_1_513' title='bbox 2852 2211 2938 2256; x_wconf 79' lang='lat' dir='ltr'><strong>est</strong></span> <span class='ocrx_word' id='word_1_514' title='bbox 2967 2205 3116 2269; x_wconf 90' lang='lat' dir='ltr'><strong>mihi,</strong></span> <span class='ocrx_word' id='word_1_515' title='bbox 3148 2209 3293 2276; x_wconf 79' lang='lat' dir='ltr'><strong>quod</strong></span> <span class='ocrx_word' id='word_1_516' title='bbox 3341 2213 3473 2270; x_wconf 88' lang='lat' dir='ltr'><strong>mihi</strong></span> 
     </span>
    </p>
   </div>
   <div class='ocr_carea' id='block_1_85' title="bbox 3303 2303 3474 2376">
    <p class='ocr_par' dir='ltr' id='par_1_85' title="bbox 3303 2303 3474 2376">
     <span class='ocr_line' id='line_1_85' title="bbox 3303 2303 3474 2376; baseline 0.041 -18"><span class='ocrx_word' id='word_1_517' title='bbox 3303 2303 3474 2376; x_wconf 83' lang='lat' dir='ltr'><strong>[Felix</strong></span> 
     </span>
    </p>
   </div>
   <div class='ocr_carea' id='block_1_86' title="bbox 2030 2374 3345 2458">
    <p class='ocr_par' dir='ltr' id='par_1_86' title="bbox 2030 2374 3345 2458">
     <span class='ocr_line' id='line_1_86' title="bbox 2030 2374 3345 2458; baseline 0.017 -30"><span class='ocrx_word' id='word_1_518' title='bbox 2030 2374 2150 2444; x_wconf 90' lang='lat' dir='ltr'><strong>Ipse</strong></span> <span class='ocrx_word' id='word_1_519' title='bbox 2172 2375 2267 2431; x_wconf 87' lang='lat' dir='ltr'><strong>Dei</strong></span> <span class='ocrx_word' id='word_1_520' title='bbox 2298 2379 2440 2434; x_wconf 90' lang='lat' dir='ltr'><strong>dono</strong></span> <span class='ocrx_word' id='word_1_521' title='bbox 2467 2381 2657 2436; x_wconf 89' lang='lat' dir='ltr'><strong>domus</strong></span> <span class='ocrx_word' id='word_1_522' title='bbox 2685 2396 2787 2448; x_wconf 86' lang='lat' dir='ltr'><strong>est,</strong></span> <span class='ocrx_word' id='word_1_523' title='bbox 2834 2389 2884 2442; x_wconf 94' lang='lat' dir='ltr'><strong>in</strong></span> <span class='ocrx_word' id='word_1_524' title='bbox 2915 2406 3022 2458; x_wconf 90' lang='lat' dir='ltr'><strong>quo</strong></span> <span class='ocrx_word' id='word_1_525' title='bbox 3054 2409 3169 2448; x_wconf 82' lang='lat' dir='ltr'><strong>inea</strong></span> <span class='ocrx_word' id='word_1_526' title='bbox 3202 2374 3345 2451; x_wconf 82' lang='lat' dir='ltr'><strong>vivat</strong></span> 
     </span>
    </p>
   </div>
   <div class='ocr_carea' id='block_1_87' title="bbox 2036 2466 3402 2550">
    <p class='ocr_par' dir='ltr' id='par_1_87' title="bbox 2036 2466 3402 2550">
     <span class='ocr_line' id='line_1_87' title="bbox 2036 2466 3402 2550; baseline 0.019 -32"><span class='ocrx_word' id='word_1_527' title='bbox 2036 2466 2173 2530; x_wconf 69' lang='lat' dir='ltr'><strong>Vita,</strong></span> <span class='ocrx_word' id='word_1_528' title='bbox 2205 2467 2425 2524; x_wconf 89' lang='lat' dir='ltr'><strong>domum</strong></span> <span class='ocrx_word' id='word_1_529' title='bbox 2454 2475 2618 2529; x_wconf 89' lang='lat' dir='ltr'><strong>nullis</strong></span> <span class='ocrx_word' id='word_1_530' title='bbox 2645 2475 2912 2546; x_wconf 83' lang='lat' dir='ltr'><strong>lapsurain</strong></span> <span class='ocrx_word' id='word_1_531' title='bbox 2937 2484 3177 2550; x_wconf 88' lang='lat' dir='ltr'><strong>&#39;possidet</strong></span> <span class='ocrx_word' id='word_1_532' title='bbox 3204 2491 3402 2543; x_wconf 79' lang='lat' dir='ltr'><strong>annis?</strong></span> 
     </span>
    </p>
   </div>
   <div class='ocr_carea' id='block_1_88' title="bbox 2031 2557 3472 2652">
    <p class='ocr_par' dir='ltr' id='par_1_88' title="bbox 2031 2557 3472 2652">
     <span class='ocr_line' id='line_1_88' title="bbox 2031 2557 3472 2652; baseline 0.015 -38"><span class='ocrx_word' id='word_1_533' title='bbox 2031 2560 2163 2616; x_wconf 84' lang='lat' dir='ltr'><strong>Nam</strong></span> <span class='ocrx_word' id='word_1_534' title='bbox 2191 2563 2336 2632; x_wconf 90' lang='lat' dir='ltr'><strong>quod</strong></span> <span class='ocrx_word' id='word_1_535' title='bbox 2358 2557 2772 2623; x_wconf 63' lang='lat' dir='ltr'><strong>Felicis&#39;domus</strong></span> <span class='ocrx_word' id='word_1_536' title='bbox 2796 2581 2852 2625; x_wconf 90' lang='lat' dir='ltr'><strong>et</strong></span> <span class='ocrx_word' id='word_1_537' title='bbox 2873 2589 2990 2628; x_wconf 89' lang='lat' dir='ltr'><strong>mea</strong></span> <span class='ocrx_word' id='word_1_538' title='bbox 3015 2578 3084 2630; x_wconf 86' lang='lat' dir='ltr'><strong>sit</strong></span> <span class='ocrx_word' id='word_1_539' title='bbox 3110 2577 3324 2644; x_wconf 86' lang='lat' dir='ltr'><strong>domus,</strong></span> <span class='ocrx_word' id='word_1_540' title='bbox 3355 2582 3472 2652; x_wconf 85' lang='lat' dir='ltr'><strong>ipso</strong></span> 
     </span>
    </p>
   </div>
   <div class='ocr_carea' id='block_1_89' title="bbox 1890 2652 3292 2736">
    <p class='ocr_par' dir='ltr' id='par_1_89' title="bbox 1890 2652 3292 2736">
     <span class='ocr_line' id='line_1_89' title="bbox 1890 2652 3292 2736; baseline 0.014 -30"><span class='ocrx_word' id='word_1_541' title='bbox 1890 2652 1997 2706; x_wconf 63' lang='lat'><strong>475</strong></span> <span class='ocrx_word' id='word_1_542' title='bbox 2032 2652 2383 2710; x_wconf 87' lang='lat' dir='ltr'><strong>Permittente</strong></span> <span class='ocrx_word' id='word_1_543' title='bbox 2402 2659 2484 2712; x_wconf 87' lang='lat' dir='ltr'><strong>sui</strong></span> <span class='ocrx_word' id='word_1_544' title='bbox 2517 2661 2690 2715; x_wconf 82' lang='lat' dir='ltr'><strong>licitas</strong></span> <span class='ocrx_word' id='word_1_545' title='bbox 2720 2664 2848 2718; x_wconf 91' lang='lat' dir='ltr'><strong>mihi</strong></span> <span class='ocrx_word' id='word_1_546' title='bbox 2865 2665 3004 2732; x_wconf 82' lang='lat' dir='ltr'><strong>juris</strong></span> <span class='ocrx_word' id='word_1_547' title='bbox 3033 2669 3292 2736; x_wconf 79' lang='lat' dir='ltr'><strong>liabenas,</strong></span> 
     </span>
    </p>
   </div>
   <div class='ocr_carea' id='block_1_90' title="bbox 2033 2746 3220 2828">
    <p class='ocr_par' dir='ltr' id='par_1_90' title="bbox 2033 2746 3220 2828">
     <span class='ocr_line' id='line_1_90' title="bbox 2033 2746 3220 2828; baseline 0.017 -31"><span class='ocrx_word' id='word_1_548' title='bbox 2033 2746 2125 2802; x_wconf 85' lang='lat' dir='ltr'><strong>llis</strong></span> <span class='ocrx_word' id='word_1_549' title='bbox 2145 2749 2306 2804; x_wconf 88' lang='lat' dir='ltr'><strong>etiam</strong></span> <span class='ocrx_word' id='word_1_550' title='bbox 2339 2750 2528 2820; x_wconf 88' lang='lat' dir='ltr'><strong>probat</strong></span> <span class='ocrx_word' id='word_1_551' title='bbox 2548 2753 2738 2808; x_wconf 84' lang='lat' dir='ltr'><strong>oﬂiciis</strong></span> <span class='ocrx_word' id='word_1_552' title='bbox 2765 2756 2987 2812; x_wconf 86' lang='lat' dir='ltr'><strong>audacia</strong></span> <span class='ocrx_word' id='word_1_553' title='bbox 3012 2771 3220 2828; x_wconf 87' lang='lat' dir='ltr'><strong>nostra,</strong></span> 
     </span>
    </p>
   </div>
   <div class='ocr_carea' id='block_1_91' title="bbox 2033 2837 3470 2922">
    <p class='ocr_par' dir='ltr' id='par_1_91' title="bbox 2033 2837 3470 2922">
     <span class='ocr_line' id='line_1_91' title="bbox 2033 2837 3470 2922; baseline 0.015 -30"><span class='ocrx_word' id='word_1_554' title='bbox 2033 2837 2255 2910; x_wconf 84' lang='lat' dir='ltr'><strong>Hospita</strong></span> <span class='ocrx_word' id='word_1_555' title='bbox 2281 2842 2426 2911; x_wconf 90' lang='lat' dir='ltr'><strong>quod</strong></span> <span class='ocrx_word' id='word_1_556' title='bbox 2455 2844 2635 2898; x_wconf 85' lang='lat' dir='ltr'><strong>socios</strong></span> <span class='ocrx_word' id='word_1_557' title='bbox 2667 2846 2718 2900; x_wconf 93' lang='lat' dir='ltr'><strong>in</strong></span> <span class='ocrx_word' id='word_1_558' title='bbox 2750 2857 2890 2902; x_wconf 88' lang='lat' dir='ltr'><strong>tecta</strong></span> <span class='ocrx_word' id='word_1_559' title='bbox 2915 2853 3236 2922; x_wconf 88' lang='lat' dir='ltr'><strong>recepimus,</strong></span> <span class='ocrx_word' id='word_1_560' title='bbox 3255 2865 3310 2910; x_wconf 90' lang='lat' dir='ltr'><strong>et</strong></span> <span class='ocrx_word' id='word_1_561' title='bbox 3331 2873 3470 2914; x_wconf 86' lang='lat' dir='ltr'><strong>nunc</strong></span> 
     </span>
    </p>
   </div>
   <div class='ocr_carea' id='block_1_92' title="bbox 2030 2929 3190 3011">
    <p class='ocr_par' dir='ltr' id='par_1_92' title="bbox 2030 2929 3190 3011">
     <span class='ocr_line' id='line_1_92' title="bbox 2030 2929 3190 3011; baseline 0.014 -28"><span class='ocrx_word' id='word_1_562' title='bbox 2030 2929 2230 2986; x_wconf 88' lang='lat' dir='ltr'><strong>Omnes</strong></span> <span class='ocrx_word' id='word_1_563' title='bbox 2250 2931 2372 3000; x_wconf 88' lang='lat' dir='ltr'><strong>jure</strong></span> <span class='ocrx_word' id='word_1_564' title='bbox 2403 2935 2518 3004; x_wconf 89' lang='lat' dir='ltr'><strong>pari</strong></span> <span class='ocrx_word' id='word_1_565' title='bbox 2549 2935 2740 2994; x_wconf 84' lang='lat' dir='ltr'><strong>Felicis</strong></span> <span class='ocrx_word' id='word_1_566' title='bbox 2772 2937 2894 3008; x_wconf 88' lang='lat' dir='ltr'><strong>jura</strong></span> <span class='ocrx_word' id='word_1_567' title='bbox 2925 2951 3190 3011; x_wconf 87' lang='lat' dir='ltr'><strong>tenemus,</strong></span> 
     </span>
    </p>
   </div>
   <div class='ocr_carea' id='block_1_93' title="bbox 2033 3021 3370 3100">
    <p class='ocr_par' dir='ltr' id='par_1_93' title="bbox 2033 3021 3370 3100">
     <span class='ocr_line' id='line_1_93' title="bbox 2033 3021 3370 3100; baseline 0.015 -25"><span class='ocrx_word' id='word_1_568' title='bbox 2033 3021 2333 3092; x_wconf 79' lang='lat' dir='ltr'><strong>Felicisque</strong></span> <span class='ocrx_word' id='word_1_569' title='bbox 2361 3027 2528 3094; x_wconf 87' lang='lat' dir='ltr'><strong>patris</strong></span> <span class='ocrx_word' id='word_1_570' title='bbox 2555 3031 2764 3093; x_wconf 68' lang='lat' dir='ltr'><strong>gremio</strong></span> <span class='ocrx_word' id='word_1_571' title='bbox 2802 3032 3094 3100; x_wconf 84' lang='lat' dir='ltr'><strong>conjuncta</strong></span> <span class='ocrx_word' id='word_1_572' title='bbox 3123 3037 3370 3094; x_wconf 80' lang='lat' dir='ltr'><strong>fovemur</strong></span> 
     </span>
    </p>
   </div>
   <div class='ocr_carea' id='block_1_94' title="bbox 1891 3113 3471 3193">
    <p class='ocr_par' dir='ltr' id='par_1_94' title="bbox 1891 3113 3471 3193">
     <span class='ocr_line' id='line_1_94' title="bbox 1891 3113 3471 3193; baseline 0.015 -27"><span class='ocrx_word' id='word_1_573' title='bbox 1891 3113 1996 3166; x_wconf 64' lang='lat'><strong>480</strong></span> <span class='ocrx_word' id='word_1_574' title='bbox 2035 3113 2285 3184; x_wconf 80' lang='lat' dir='ltr'><strong>Pignora,</strong></span> <span class='ocrx_word' id='word_1_575' title='bbox 2314 3133 2432 3186; x_wconf 80' lang='lat' dir='ltr'><strong>qua:</strong></span> <span class='ocrx_word' id='word_1_576' title='bbox 2459 3120 2649 3184; x_wconf 90' lang='lat' dir='ltr'><strong>nostis,</strong></span> <span class='ocrx_word' id='word_1_577' title='bbox 2677 3137 2815 3190; x_wconf 88' lang='lat' dir='ltr'><strong>quos</strong></span> <span class='ocrx_word' id='word_1_578' title='bbox 2855 3127 3097 3193; x_wconf 88' lang='lat' dir='ltr'><strong>cernitis,</strong></span> <span class='ocrx_word' id='word_1_579' title='bbox 3137 3141 3194 3184; x_wconf 89' lang='lat' dir='ltr'><strong>ct</strong></span> <span class='ocrx_word' id='word_1_580' title='bbox 3230 3135 3393 3189; x_wconf 91' lang='lat' dir='ltr'><strong>modo</strong></span> <span class='ocrx_word' id='word_1_581' title='bbox 3419 3136 3471 3192; x_wconf 92' lang='lat' dir='ltr'><strong>in</strong></span> 
     </span>
    </p>
   </div>
   <div class='ocr_carea' id='block_1_95' title="bbox 3321 3227 3476 3300">
    <p class='ocr_par' dir='ltr' id='par_1_95' title="bbox 3321 3227 3476 3300">
     <span class='ocr_line' id='line_1_95' title="bbox 3321 3227 3476 3300; baseline 0.019 -19"><span class='ocrx_word' id='word_1_582' title='bbox 3321 3227 3476 3300; x_wconf 76' lang='lat' dir='ltr'><strong>[ipsis</strong></span> 
     </span>
    </p>
   </div>
   <div class='ocr_carea' id='block_1_96' title="bbox 2033 3299 3118 3370">
    <p class='ocr_par' dir='ltr' id='par_1_96' title="bbox 2033 3299 3118 3370">
     <span class='ocr_line' id='line_1_96' title="bbox 2033 3299 3118 3370; baseline 0.015 -16"><span class='ocrx_word' id='word_1_583' title='bbox 2033 3299 2228 3357; x_wconf 73' lang='lat' dir='ltr'><strong>Felicis</strong></span> <span class='ocrx_word' id='word_1_584' title='bbox 2251 3303 2409 3358; x_wconf 86' lang='lat' dir='ltr'><strong>tectis</strong></span> <span class='ocrx_word' id='word_1_585' title='bbox 2436 3320 2649 3361; x_wconf 87' lang='lat' dir='ltr'><strong>mecum</strong></span> <span class='ocrx_word' id='word_1_586' title='bbox 2678 3317 2880 3365; x_wconf 82' lang='lat' dir='ltr'><strong>metata</strong></span> <span class='ocrx_word' id='word_1_587' title='bbox 2903 3321 3118 3370; x_wconf 83' lang='lat' dir='ltr'><strong>tuentes</strong></span> 
     </span>
    </p>
   </div>
   <div class='ocr_carea' id='block_1_97' title="bbox 2037 3393 3366 3472">
    <p class='ocr_par' dir='ltr' id='par_1_97' title="bbox 2037 3393 3366 3472">
     <span class='ocr_line' id='line_1_97' title="bbox 2037 3393 3366 3472; baseline 0.015 -25"><span class='ocrx_word' id='word_1_588' title='bbox 2037 3393 2298 3464; x_wconf 87' lang='lat' dir='ltr'><strong>llospitia,</strong></span> <span class='ocrx_word' id='word_1_589' title='bbox 2323 3397 2521 3452; x_wconf 86' lang='lat' dir='ltr'><strong>oblitos</strong></span> <span class='ocrx_word' id='word_1_590' title='bbox 2537 3408 2780 3456; x_wconf 85' lang='lat' dir='ltr'><strong>veterum</strong></span> <span class='ocrx_word' id='word_1_591' title='bbox 2804 3407 3058 3472; x_wconf 63' lang='lat' dir='ltr'><strong>princelsa</strong></span> <span class='ocrx_word' id='word_1_592' title='bbox 3082 3408 3366 3467; x_wconf 85' lang='lat' dir='ltr'><strong>domorum</strong></span> 
     </span>
    </p>
   </div>
   <div class='ocr_carea' id='block_1_98' title="bbox 2030 3486 3297 3568">
    <p class='ocr_par' dir='ltr' id='par_1_98' title="bbox 2030 3486 3297 3568">
     <span class='ocr_line' id='line_1_98' title="bbox 2030 3486 3297 3568; baseline 0.014 -30"><span class='ocrx_word' id='word_1_593' title='bbox 2030 3486 2299 3551; x_wconf 82' lang='lat' dir='ltr'><strong>Culmina,</strong></span> <span class='ocrx_word' id='word_1_594' title='bbox 2330 3497 2385 3541; x_wconf 90' lang='lat' dir='ltr'><strong>et</strong></span> <span class='ocrx_word' id='word_1_595' title='bbox 2411 3490 2652 3556; x_wconf 80' lang='lat' dir='ltr'><strong>angustis</strong></span> <span class='ocrx_word' id='word_1_596' title='bbox 2681 3493 2858 3547; x_wconf 86' lang='lat' dir='ltr'><strong>vicino</strong></span> <span class='ocrx_word' id='word_1_597' title='bbox 2881 3505 3118 3568; x_wconf 81' lang='lat' dir='ltr'><strong>martyre</strong></span> <span class='ocrx_word' id='word_1_598' title='bbox 3146 3501 3297 3556; x_wconf 88' lang='lat' dir='ltr'><strong>cellis</strong></span> 
     </span>
    </p>
   </div>
   <div class='ocr_carea' id='block_1_99' title="bbox 2033 3577 3365 3652">
    <p class='ocr_par' dir='ltr' id='par_1_99' title="bbox 2033 3577 3365 3652">
     <span class='ocr_line' id='line_1_99' title="bbox 2033 3577 3365 3652; baseline 0.014 -21"><span class='ocrx_word' id='word_1_599' title='bbox 2033 3577 2223 3633; x_wconf 83' lang='lat' dir='ltr'><strong>Tutius</strong></span> <span class='ocrx_word' id='word_1_600' title='bbox 2251 3580 2304 3633; x_wconf 93' lang='lat' dir='ltr'><strong>in</strong></span> <span class='ocrx_word' id='word_1_601' title='bbox 2337 3597 2505 3650; x_wconf 86' lang='lat' dir='ltr'><strong>parvo</strong></span> <span class='ocrx_word' id='word_1_602' title='bbox 2531 3593 2714 3652; x_wconf 84' lang='lat' dir='ltr'><strong>spreta</strong></span> <span class='ocrx_word' id='word_1_603' title='bbox 2745 3587 3040 3644; x_wconf 91' lang='lat' dir='ltr'><strong>ambitione</strong></span> <span class='ocrx_word' id='word_1_604' title='bbox 3067 3604 3365 3650; x_wconf 87' lang='lat' dir='ltr'><strong>manentes.</strong></span> 
     </span>
    </p>
   </div>
   <div class='ocr_carea' id='block_1_100' title="bbox 1891 3668 3479 3754">
    <p class='ocr_par' dir='ltr' id='par_1_100' title="bbox 1891 3668 3479 3754">
     <span class='ocr_line' id='line_1_100' title="bbox 1891 3668 3479 3754; baseline 0.012 -32"><span class='ocrx_word' id='word_1_605' title='bbox 1891 3669 1997 3722; x_wconf 48' lang='lat'><strong>£83</strong></span> <span class='ocrx_word' id='word_1_606' title='bbox 2027 3668 2278 3724; x_wconf 85' lang='lat' dir='ltr'><strong>Christus</strong></span> <span class='ocrx_word' id='word_1_607' title='bbox 2307 3671 2449 3725; x_wconf 87' lang='lat' dir='ltr'><strong>enim</strong></span> <span class='ocrx_word' id='word_1_608' title='bbox 2472 3673 2626 3740; x_wconf 82' lang='lat' dir='ltr'><strong>juxta</strong></span> <span class='ocrx_word' id='word_1_609' title='bbox 2657 3685 2740 3729; x_wconf 90' lang='lat' dir='ltr'><strong>est</strong></span> <span class='ocrx_word' id='word_1_610' title='bbox 2769 3678 3011 3754; x_wconf 75' lang='lat' dir='ltr'><strong>Iiiodicis,</strong></span> <span class='ocrx_word' id='word_1_611' title='bbox 3049 3685 3311 3740; x_wconf 87' lang='lat' dir='ltr'><strong>avertitur</strong></span> <span class='ocrx_word' id='word_1_612' title='bbox 3331 3688 3479 3754; x_wconf 80' lang='lat' dir='ltr'><strong>altis,</strong></span> 
     </span>
    </p>
   </div>
   <div class='ocr_carea' id='block_1_101' title="bbox 2034 3751 3472 3848">
    <p class='ocr_par' dir='ltr' id='par_1_101' title="bbox 2034 3751 3472 3848">
     <span class='ocr_line' id='line_1_101' title="bbox 2034 3751 3472 3848; baseline 0.014 -34"><span class='ocrx_word' id='word_1_613' title='bbox 2034 3760 2292 3833; x_wconf 85' lang='lat' dir='ltr'><strong>Pauperis</strong></span> <span class='ocrx_word' id='word_1_614' title='bbox 2319 3773 2375 3818; x_wconf 90' lang='lat' dir='ltr'><strong>et</strong></span> <span class='ocrx_word' id='word_1_615' title='bbox 2405 3766 2580 3833; x_wconf 81' lang='lat' dir='ltr'><strong>tuguri</strong></span> <span class='ocrx_word' id='word_1_616' title='bbox 2611 3769 2779 3836; x_wconf 83' lang='lat' dir='ltr'><strong>magis</strong></span> <span class='ocrx_word' id='word_1_617' title='bbox 2807 3780 2922 3825; x_wconf 80' lang='lat' dir='ltr'><strong>arta</strong></span> <span class='ocrx_word' id='word_1_618' title='bbox 2958 3751 3122 3839; x_wconf 58' lang='lat' dir='ltr'><strong>tigilla</strong></span> <span class='ocrx_word' id='word_1_619' title='bbox 3143 3776 3472 3848; x_wconf 74' lang='lat' dir='ltr'><strong>frequentat,</strong></span> 
     </span>
    </p>
   </div>
   <div class='ocr_carea' id='block_1_102' title="bbox 2034 3855 3328 3934">
    <p class='ocr_par' dir='ltr' id='par_1_102' title="bbox 2034 3855 3328 3934">
     <span class='ocr_line' id='line_1_102' title="bbox 2034 3855 3328 3934; baseline 0.012 -25"><span class='ocrx_word' id='word_1_620' title='bbox 2034 3855 2205 3922; x_wconf 89' lang='lat' dir='ltr'><strong>Quam</strong></span> <span class='ocrx_word' id='word_1_621' title='bbox 2235 3858 2495 3926; x_wconf 60' lang='lat' dir='ltr'><strong>praecelsa</strong></span> <span class='ocrx_word' id='word_1_622' title='bbox 2518 3862 2875 3930; x_wconf 86' lang='lat' dir='ltr'><strong>superbarum</strong></span> <span class='ocrx_word' id='word_1_623' title='bbox 2905 3863 3117 3934; x_wconf 79' lang='lat' dir='ltr'><strong>fastigia</strong></span> <span class='ocrx_word' id='word_1_624' title='bbox 3148 3884 3328 3924; x_wconf 88' lang='lat' dir='ltr'><strong>rerum</strong></span> 
     </span>
    </p>
   </div>
   <div class='ocr_carea' id='block_1_103' title="bbox 2031 3947 3474 4023">
    <p class='ocr_par' dir='ltr' id='par_1_103' title="bbox 2031 3947 3474 4023">
     <span class='ocr_line' id='line_1_103' title="bbox 2031 3947 3474 4023; baseline 0.012 -21"><span class='ocrx_word' id='word_1_625' title='bbox 2031 3947 2174 4016; x_wconf 77' lang='lat' dir='ltr'><strong>Ergo</strong></span> <span class='ocrx_word' id='word_1_626' title='bbox 2196 3958 2256 4003; x_wconf 89' lang='lat' dir='ltr'><strong>ut</strong></span> <span class='ocrx_word' id='word_1_627' title='bbox 2283 3965 2625 4020; x_wconf 80' lang='lat' dir='ltr'><strong>componam,</strong></span> <span class='ocrx_word' id='word_1_628' title='bbox 2653 3969 2774 4022; x_wconf 78' lang='lat' dir='ltr'><strong>qua:</strong></span> <span class='ocrx_word' id='word_1_629' title='bbox 2805 3971 2948 4011; x_wconf 89' lang='lat' dir='ltr'><strong>nunc</strong></span> <span class='ocrx_word' id='word_1_630' title='bbox 2968 3959 3110 4023; x_wconf 83' lang='lat' dir='ltr'><strong>colo,</strong></span> <span class='ocrx_word' id='word_1_631' title='bbox 3128 3969 3272 4015; x_wconf 89' lang='lat' dir='ltr'><strong>tecta</strong></span> <span class='ocrx_word' id='word_1_632' title='bbox 3291 3965 3474 4022; x_wconf 79' lang='lat' dir='ltr'><strong>relatis</strong></span> 
     </span>
    </p>
   </div>
   <div class='ocr_carea' id='block_1_104' title="bbox 2028 4035 3465 4112">
    <p class='ocr_par' dir='ltr' id='par_1_104' title="bbox 2028 4035 3465 4112">
     <span class='ocr_line' id='line_1_104' title="bbox 2028 4035 3465 4112; baseline 0.013 -21"><span class='ocrx_word' id='word_1_633' title='bbox 2028 4035 2384 4103; x_wconf 90' lang='lat' dir='ltr'><strong>Culminibus,</strong></span> <span class='ocrx_word' id='word_1_634' title='bbox 2408 4055 2529 4110; x_wconf 78' lang='lat' dir='ltr'><strong>qua:</strong></span> <span class='ocrx_word' id='word_1_635' title='bbox 2554 4059 2695 4099; x_wconf 90' lang='lat' dir='ltr'><strong>nunc</strong></span> <span class='ocrx_word' id='word_1_636' title='bbox 2731 4045 2929 4112; x_wconf 80' lang='lat' dir='ltr'><strong>habeo,</strong></span> <span class='ocrx_word' id='word_1_637' title='bbox 2965 4058 3057 4102; x_wconf 89' lang='lat' dir='ltr'><strong>aut</strong></span> <span class='ocrx_word' id='word_1_638' title='bbox 3095 4051 3346 4108; x_wconf 89' lang='lat' dir='ltr'><strong>habuisse</strong></span> <span class='ocrx_word' id='word_1_639' title='bbox 3382 4073 3465 4109; x_wconf 78' lang='lat' dir='ltr'><strong>rc-</strong></span> 
     </span>
    </p>
   </div>
   <div class='ocr_carea' id='block_1_105' title="bbox 1887 4144 3462 4300">
    <p class='ocr_par' dir='ltr' id='par_1_105' title="bbox 1887 4144 3462 4300">
     <span class='ocr_line' id='line_1_105' title="bbox 1887 4144 3462 4300; baseline 0.006 -28"><span class='ocrx_word' id='word_1_640' title='bbox 1887 4217 1990 4272; x_wconf 66' lang='lat'><strong>490</strong></span> <span class='ocrx_word' id='word_1_641' title='bbox 2023 4219 2081 4274; x_wconf 87' lang='lat' dir='ltr'><strong>Si</strong></span> <span class='ocrx_word' id='word_1_642' title='bbox 2105 4219 2302 4290; x_wconf 86' lang='lat' dir='ltr'><strong>placet,</strong></span> <span class='ocrx_word' id='word_1_643' title='bbox 2329 4222 2549 4279; x_wconf 83' lang='lat' dir='ltr'><strong>arbitris</strong></span> <span class='ocrx_word' id='word_1_644' title='bbox 2575 4224 2794 4281; x_wconf 89' lang='lat' dir='ltr'><strong>sibimet</strong></span> <span class='ocrx_word' id='word_1_645' title='bbox 2821 4230 3136 4299; x_wconf 86' lang='lat' dir='ltr'><strong>componite</strong></span> <span class='ocrx_word' id='word_1_646' title='bbox 3159 4144 3462 4300; x_wconf 40' lang='lat' dir='ltr'><strong>jusIfiZI-dm.</strong></span> 
     </span>
    </p>
   </div>
   <div class='ocr_carea' id='block_1_106' title="bbox 1885 4377 3469 4457">
    <p class='ocr_par' dir='ltr' id='par_1_106' title="bbox 1885 4377 3469 4457">
     <span class='ocr_line' id='line_1_106' title="bbox 1885 4377 3469 4457; baseline 0.009 -27"><span class='ocrx_word' id='word_1_647' title='bbox 1885 4377 2008 4457; x_wconf 69' lang='lat' dir='ltr'><strong>dici.</strong></span> <span class='ocrx_word' id='word_1_648' title='bbox 2032 4377 2174 4457; x_wconf 77' lang='lat' dir='ltr'><strong>Idem</strong></span> <span class='ocrx_word' id='word_1_649' title='bbox 2203 4395 2346 4457; x_wconf 62' lang='lat' dir='ltr'><strong>stupe</strong></span> <span class='ocrx_word' id='word_1_650' title='bbox 2374 4382 2590 4457; x_wconf 78' lang='lat' dir='ltr'><strong>repetit,</strong></span> <span class='ocrx_word' id='word_1_651' title='bbox 2619 4391 2674 4437; x_wconf 91' lang='lat' dir='ltr'><strong>et</strong></span> <span class='ocrx_word' id='word_1_652' title='bbox 2695 4386 2989 4457; x_wconf 67' lang='lat' dir='ltr'><strong>prtesertim</strong></span> <span class='ocrx_word' id='word_1_653' title='bbox 3016 4396 3205 4443; x_wconf 82' lang='lat' dir='ltr'><strong>contra</strong></span> <span class='ocrx_word' id='word_1_654' title='bbox 3235 4389 3469 4457; x_wconf 73' lang='lat' dir='ltr'><strong>Vigilan-</strong></span> 
     </span>
    </p>
   </div>
   <div class='ocr_carea' id='block_1_107' title="bbox 1887 4448 3326 4524">
    <p class='ocr_par' dir='ltr' id='par_1_107' title="bbox 1887 4448 3326 4524">
     <span class='ocr_line' id='line_1_107' title="bbox 1887 4448 3326 4524; baseline 0 -23"><span class='ocrx_word' id='word_1_655' title='bbox 1887 4448 2037 4502; x_wconf 92' lang='lat' dir='ltr'><strong>tium.</strong></span> <span class='ocrx_word' id='word_1_656' title='bbox 2071 4448 2583 4516; x_wconf 42' lang='lat' dir='ltr'><strong>AratorSubdiacq</strong></span> <span class='ocrx_word' id='word_1_657' title='bbox 2766 4455 2872 4510; x_wconf 78' lang='lat'><strong>50:</strong></span> <span class='ocrx_word' id='word_1_658' title='bbox 3301 4448 3326 4485; x_wconf 75' lang='lat'><strong>&#39;-</strong></span> 
     </span>
    </p>
   </div>
   <div class='ocr_carea' id='block_1_108' title="bbox 2011 4556 3159 4628">
    <p class='ocr_par' dir='ltr' id='par_1_108' title="bbox 2011 4556 3159 4628">
     <span class='ocr_line' id='line_1_108' title="bbox 2011 4556 3159 4628; baseline 0.01 -24"><span class='ocrx_word' id='word_1_659' title='bbox 2011 4556 2118 4628; x_wconf 62' lang='lat' dir='ltr'><strong>Eccl</strong></span> <span class='ocrx_word' id='word_1_660' title='bbox 2141 4560 2240 4628; x_wconf 53' lang='lat' dir='ltr'><strong>sia</strong></span> <span class='ocrx_word' id='word_1_661' title='bbox 2267 4571 2392 4628; x_wconf 49' lang='lat' dir='ltr'><strong>mine</strong></span> <span class='ocrx_word' id='word_1_662' title='bbox 2414 4559 2535 4607; x_wconf 83' lang='lat' dir='ltr'><strong>alma</strong></span> <span class='ocrx_word' id='word_1_663' title='bbox 2562 4560 2682 4608; x_wconf 78' lang='lat' dir='ltr'><strong>tides</strong></span> <span class='ocrx_word' id='word_1_664' title='bbox 2705 4563 2811 4612; x_wconf 87' lang='lat' dir='ltr'><strong>sine</strong></span> <span class='ocrx_word' id='word_1_665' title='bbox 2838 4563 2933 4613; x_wconf 84' lang='lat' dir='ltr'><strong>line</strong></span> <span class='ocrx_word' id='word_1_666' title='bbox 2958 4567 3159 4628; x_wconf 87' lang='lat' dir='ltr'><strong>pudicos</strong></span> 
     </span>
    </p>
   </div>
   <div class='ocr_carea' id='block_1_109' title="bbox 2014 4619 2716 4678">
    <p class='ocr_par' dir='ltr' id='par_1_109' title="bbox 2014 4619 2716 4678">
     <span class='ocr_line' id='line_1_109' title="bbox 2014 4619 2716 4678; baseline 0.009 -12"><span class='ocrx_word' id='word_1_667' title='bbox 2014 4621 2270 4670; x_wconf 77' lang='lat' dir='ltr'><strong>l&#39;ontilices</strong></span> <span class='ocrx_word' id='word_1_668' title='bbox 2287 4619 2430 4678; x_wconf 85' lang='lat' dir='ltr'><strong>jubet</strong></span> <span class='ocrx_word' id='word_1_669' title='bbox 2453 4635 2565 4670; x_wconf 79' lang='lat' dir='ltr'><strong>esse</strong></span> <span class='ocrx_word' id='word_1_670' title='bbox 2587 4637 2716 4672; x_wconf 83' lang='lat' dir='ltr'><strong>suos.</strong></span> 
     </span>
    </p>
   </div>
   <div class='ocr_carea' id='block_1_110' title="bbox 1889 4708 3464 4789">
    <p class='ocr_par' dir='ltr' id='par_1_110' title="bbox 1889 4708 3464 4789">
     <span class='ocr_line' id='line_1_110' title="bbox 1889 4708 3464 4789; baseline 0.01 -28"><span class='ocrx_word' id='word_1_671' title='bbox 1993 4709 2092 4789; x_wconf 72' lang='lat' dir='ltr'><strong>hac</strong></span> <span class='ocrx_word' id='word_1_672' title='bbox 2119 4713 2427 4789; x_wconf 65' lang='lat' dir='ltr'><strong>quiestione</strong></span> <span class='ocrx_word' id='word_1_673' title='bbox 2443 4713 2622 4789; x_wconf 76' lang='lat' dir='ltr'><strong>plures</strong></span> <span class='ocrx_word' id='word_1_674' title='bbox 2647 4715 2816 4789; x_wconf 76' lang='lat' dir='ltr'><strong>plura,</strong></span> <span class='ocrx_word' id='word_1_675' title='bbox 2849 4726 2906 4771; x_wconf 86' lang='lat' dir='ltr'><strong>et</strong></span> <span class='ocrx_word' id='word_1_676' title='bbox 2925 4720 3192 4789; x_wconf 61' lang='lat' dir='ltr'><strong>praecipue</strong></span> <span class='ocrx_word' id='word_1_677' title='bbox 3213 4720 3464 4777; x_wconf 78' lang='lat' dir='ltr'><strong>Bellaria.</strong></span> 
     </span>
    </p>
   </div>
   <div class='ocr_carea' id='block_1_111' title="bbox 1887 4779 3463 4861">
    <p class='ocr_par' dir='ltr' id='par_1_111' title="bbox 1887 4779 3463 4861">
     <span class='ocr_line' id='line_1_111' title="bbox 1887 4779 3463 4861; baseline 0.01 -29"><span class='ocrx_word' id='word_1_678' title='bbox 1887 4779 1980 4861; x_wconf 69' lang='lat' dir='ltr'><strong>lib.</strong></span> <span class='ocrx_word' id='word_1_679' title='bbox 2013 4779 2119 4861; x_wconf 68' lang='lat' dir='ltr'><strong>tde</strong></span> <span class='ocrx_word' id='word_1_680' title='bbox 2135 4781 2376 4861; x_wconf 40' lang='lat' dir='ltr'><strong>CIC-{.lCtS,</strong></span> <span class='ocrx_word' id='word_1_681' title='bbox 2401 4779 2626 4861; x_wconf 46' lang='lat' dir='ltr'><strong>Allatitts</strong></span> <span class='ocrx_word' id='word_1_682' title='bbox 2647 4779 2713 4844; x_wconf 77' lang='lat' dir='ltr'><strong>de</strong></span> <span class='ocrx_word' id='word_1_683' title='bbox 2735 4779 2993 4861; x_wconf 77' lang='lat' dir='ltr'><strong>Consens.</strong></span> <span class='ocrx_word' id='word_1_684' title='bbox 3024 4779 3298 4861; x_wconf 71' lang='lat' dir='ltr'><strong>utrinsmte</strong></span> <span class='ocrx_word' id='word_1_685' title='bbox 3317 4792 3463 4848; x_wconf 79' lang='lat' dir='ltr'><strong>Eccl.</strong></span> 
     </span>
    </p>
   </div>
   <div class='ocr_carea' id='block_1_112' title="bbox 1888 4849 3467 4934">
    <p class='ocr_par' dir='ltr' id='par_1_112' title="bbox 1888 4849 3467 4934">
     <span class='ocr_line' id='line_1_112' title="bbox 1888 4849 3467 4934; baseline 0.009 -32"><span class='ocrx_word' id='word_1_686' title='bbox 1888 4849 2520 4934; x_wconf 38' lang='lat' dir='ltr'><strong>Propterea&#39;rl&#39;herasiam</strong></span> <span class='ocrx_word' id='word_1_687' title='bbox 2545 4855 2852 4934; x_wconf 49' lang='lat' dir='ltr'><strong>deconjuge</strong></span> <span class='ocrx_word' id='word_1_688' title='bbox 2879 4876 3108 4914; x_wconf 70' lang='lat' dir='ltr'><strong>sororem</strong></span> <span class='ocrx_word' id='word_1_689' title='bbox 3138 4849 3351 4916; x_wconf 56' lang='lat' dir='ltr'><strong>l’a&#39;ulini</strong></span> <span class='ocrx_word' id='word_1_690' title='bbox 3389 4870 3467 4934; x_wconf 70' lang='lat' dir='ltr'><strong>fa-</strong></span> 
     </span>
    </p>
   </div>
   <div class='ocr_carea' id='block_1_113' title="bbox 1888 4921 2770 4990">
    <p class='ocr_par' dir='ltr' id='par_1_113' title="bbox 1888 4921 2770 4990">
     <span class='ocr_line' id='line_1_113' title="bbox 1888 4921 2770 4990; baseline 0.009 -19"><span class='ocrx_word' id='word_1_691' title='bbox 1888 4929 2024 4990; x_wconf 66' lang='lat' dir='ltr'><strong>ctam</strong></span> <span class='ocrx_word' id='word_1_692' title='bbox 2053 4921 2225 4990; x_wconf 90' lang='lat' dir='ltr'><strong>inquit</strong></span> <span class='ocrx_word' id='word_1_693' title='bbox 2254 4921 2463 4978; x_wconf 89' lang='lat' dir='ltr'><strong>ldacius</strong></span> <span class='ocrx_word' id='word_1_694' title='bbox 2488 4924 2540 4977; x_wconf 91' lang='lat' dir='ltr'><strong>in</strong></span> <span class='ocrx_word' id='word_1_695' title='bbox 2570 4921 2770 4980; x_wconf 78' lang='lat' dir='ltr'><strong>Chron.</strong></span> 
     </span>
    </p>
   </div>
   <div class='ocr_carea' id='block_1_114' title="bbox 1965 4988 3466 5065">
    <p class='ocr_par' dir='ltr' id='par_1_114' title="bbox 1965 4988 3466 5065">
     <span class='ocr_line' id='line_1_114' title="bbox 1965 4988 3466 5065; baseline 0.011 -24"><span class='ocrx_word' id='word_1_696' title='bbox 1965 4988 2024 5043; x_wconf 88' lang='lat' dir='ltr'><strong>V.</strong></span> <span class='ocrx_word' id='word_1_697' title='bbox 2051 4988 2172 5042; x_wconf 67' lang='lat'><strong>483.</strong></span> <span class='ocrx_word' id='word_1_698' title='bbox 2204 4990 2669 5065; x_wconf 70' lang='lat' dir='ltr'><strong>_V_icino__innrtyre.</strong></span> <span class='ocrx_word' id='word_1_699' title='bbox 2721 4997 2776 5051; x_wconf 90' lang='lat' dir='ltr'><strong>In</strong></span> <span class='ocrx_word' id='word_1_700' title='bbox 2823 4999 2904 5052; x_wconf 85' lang='lat' dir='ltr'><strong>his</strong></span> <span class='ocrx_word' id='word_1_701' title='bbox 2929 5001 3132 5055; x_wconf 83' lang='lat' dir='ltr'><strong>eisdem</strong></span> <span class='ocrx_word' id='word_1_702' title='bbox 3158 5003 3322 5057; x_wconf 80' lang='lat' dir='ltr'><strong>Cellis</strong></span> <span class='ocrx_word' id='word_1_703' title='bbox 3345 5021 3375 5059; x_wconf 88' lang='lat' dir='ltr'><strong>a</strong></span> <span class='ocrx_word' id='word_1_704' title='bbox 3406 5022 3466 5060; x_wconf 85' lang='lat' dir='ltr'><strong>se</strong></span> 
     </span>
    </p>
   </div>
   <div class='ocr_carea' id='block_1_115' title="bbox 1887 5060 3467 5142">
    <p class='ocr_par' dir='ltr' id='par_1_115' title="bbox 1887 5060 3467 5142">
     <span class='ocr_line' id='line_1_115' title="bbox 1887 5060 3467 5142; baseline 0.012 -31"><span class='ocrx_word' id='word_1_705' title='bbox 1887 5069 2167 5142; x_wconf 72' lang='lat' dir='ltr'><strong>exceptam</strong></span> <span class='ocrx_word' id='word_1_706' title='bbox 2197 5060 2359 5142; x_wconf 58' lang='lat' dir='ltr'><strong>fuisse</strong></span> <span class='ocrx_word' id='word_1_707' title='bbox 2377 5060 2658 5142; x_wconf 51' lang='lat' dir='ltr'><strong>Melanium</strong></span> <span class='ocrx_word' id='word_1_708' title='bbox 2688 5068 2954 5142; x_wconf 68' lang='lat' dir='ltr'><strong>seniorem</strong></span> <span class='ocrx_word' id='word_1_709' title='bbox 2982 5072 3192 5142; x_wconf 82' lang='lat' dir='ltr'><strong>scripsit</strong></span> <span class='ocrx_word' id='word_1_710' title='bbox 3213 5071 3467 5131; x_wconf 78' lang='lat' dir='ltr'><strong>Paulinus</strong></span> 
     </span>
    </p>
   </div>
   <div class='ocr_carea' id='block_1_116' title="bbox 1889 5130 3476 5214">
    <p class='ocr_par' dir='ltr' id='par_1_116' title="bbox 1889 5130 3476 5214">
     <span class='ocr_line' id='line_1_116' title="bbox 1889 5130 3476 5214; baseline 0.009 -33"><span class='ocrx_word' id='word_1_711' title='bbox 1889 5131 1941 5182; x_wconf 91' lang='lat' dir='ltr'><strong>in</strong></span> <span class='ocrx_word' id='word_1_712' title='bbox 1972 5146 2058 5200; x_wconf 86' lang='lat' dir='ltr'><strong>cp.</strong></span> <span class='ocrx_word' id='word_1_713' title='bbox 2092 5130 2158 5206; x_wconf 58' lang='grc'><strong>10</strong></span> <span class='ocrx_word' id='word_1_714' title='bbox 2182 5133 2247 5184; x_wconf 86' lang='lat' dir='ltr'><strong>ad</strong></span> <span class='ocrx_word' id='word_1_715' title='bbox 2275 5132 2460 5186; x_wconf 86' lang='lat' dir='ltr'><strong>Sever.</strong></span> <span class='ocrx_word' id='word_1_716' title='bbox 2487 5152 2502 5186; x_wconf 88' lang='lat'><strong><em>:</em></strong></span> <span class='ocrx_word' id='word_1_717' title='bbox 2537 5133 2814 5214; x_wconf 67' lang='lat' dir='ltr'><strong>Tuguria»:</strong></span> <span class='ocrx_word' id='word_1_718' title='bbox 2841 5155 2959 5214; x_wconf 77' lang='lat' dir='ltr'><strong>vero</strong></span> <span class='ocrx_word' id='word_1_719' title='bbox 2988 5130 3235 5214; x_wconf 64' lang='grc' dir='ltr'><strong>ιροδὶτωῃ,</strong></span> <span class='ocrx_word' id='word_1_720' title='bbox 3267 5149 3405 5214; x_wconf 71' lang='lat' dir='ltr'><strong>quod</strong></span> <span class='ocrx_word' id='word_1_721' title='bbox 3432 5130 3476 5198; x_wconf 82' lang='lat' dir='ltr'><strong>u.</strong></span> 
     </span>
    </p>
   </div>
   <div class='ocr_carea' id='block_1_117' title="bbox 1887 5207 3465 5282">
    <p class='ocr_par' dir='ltr' id='par_1_117' title="bbox 1887 5207 3465 5282">
     <span class='ocr_line' id='line_1_117' title="bbox 1887 5207 3465 5282; baseline 0.009 -30"><span class='ocrx_word' id='word_1_722' title='bbox 1887 5211 2028 5282; x_wconf 48' lang='lat' dir='ltr'><strong>terra</strong></span> <span class='ocrx_word' id='word_1_723' title='bbox 2054 5216 2356 5282; x_wconf 52' lang='lat' dir='ltr'><strong>tuentemme</strong></span> <span class='ocrx_word' id='word_1_724' title='bbox 2380 5207 2643 5282; x_wconf 64' lang='lat' dir='ltr'><strong>cenaculo</strong></span> <span class='ocrx_word' id='word_1_725' title='bbox 2669 5224 2790 5269; x_wconf 74' lang='lat' dir='ltr'><strong>uno,</strong></span> <span class='ocrx_word' id='word_1_726' title='bbox 2823 5212 3019 5282; x_wconf 72' lang='lat' dir='ltr'><strong>porticu</strong></span> <span class='ocrx_word' id='word_1_727' title='bbox 3048 5212 3248 5265; x_wconf 68' lang='lat' dir='ltr'><strong>cellulis</strong></span> <span class='ocrx_word' id='word_1_728' title='bbox 3277 5207 3465 5282; x_wconf 56' lang='lat' dir='ltr'><strong>&#39;Itospi-</strong></span> 
     </span>
    </p>
   </div>
   <div class='ocr_carea' id='block_1_118' title="bbox 1887 5270 3464 5346">
    <p class='ocr_par' dir='ltr' id='par_1_118' title="bbox 1887 5270 3464 5346">
     <span class='ocr_line' id='line_1_118' title="bbox 1887 5270 3464 5346; baseline 0.009 -23"><span class='ocrx_word' id='word_1_729' title='bbox 1887 5270 2070 5346; x_wconf 75' lang='lat' dir='ltr'><strong>talibus</strong></span> <span class='ocrx_word' id='word_1_730' title='bbox 2095 5271 2434 5346; x_wconf 45' lang='lat' dir='ltr'><strong>interposita,</strong></span> <span class='ocrx_word' id='word_1_731' title='bbox 2483 5275 2685 5346; x_wconf 74' lang='lat' dir='ltr'><strong>longius</strong></span> <span class='ocrx_word' id='word_1_732' title='bbox 2718 5270 2961 5340; x_wconf 71' lang='lat' dir='ltr'><strong>tenditur,</strong></span> <span class='ocrx_word' id='word_1_733' title='bbox 3003 5283 3150 5346; x_wconf 81' lang='lat' dir='ltr'><strong>quasi</strong></span> <span class='ocrx_word' id='word_1_734' title='bbox 3186 5270 3464 5337; x_wconf 73' lang='lat' dir='ltr'><strong>dilaturum</strong></span> 
     </span>
    </p>
   </div>
   <div class='ocr_carea' id='block_1_119' title="bbox 1881 5339 3463 5423">
    <p class='ocr_par' dir='ltr' id='par_1_119' title="bbox 1881 5339 3463 5423">
     <span class='ocr_line' id='line_1_119' title="bbox 1881 5339 3463 5423; baseline 0.011 -32"><span class='ocrx_word' id='word_1_735' title='bbox 1881 5342 2052 5423; x_wconf 70' lang='lat' dir='ltr'><strong>gratio</strong></span> <span class='ocrx_word' id='word_1_736' title='bbox 2081 5339 2293 5423; x_wconf 51' lang='lat' dir='ltr'><strong>Domini</strong></span> <span class='ocrx_word' id='word_1_737' title='bbox 2331 5360 2432 5423; x_wconf 74' lang='lat' dir='ltr'><strong>non</strong></span> <span class='ocrx_word' id='word_1_738' title='bbox 2475 5339 3026 5423; x_wconf 54' lang='lat' dir='ltr'><strong>solum__sqitctis_,_qut&#39;</strong></span> <span class='ocrx_word' id='word_1_739' title='bbox 3067 5352 3214 5404; x_wconf 72' lang='lat' dir='ltr'><strong>illam</strong></span> <span class='ocrx_word' id='word_1_740' title='bbox 3253 5353 3463 5423; x_wconf 78' lang='lat' dir='ltr'><strong>plurimi</strong></span> 
     </span>
    </p>
   </div>
   <div class='ocr_carea' id='block_1_120' title="bbox 1881 5411 3462 5479">
    <p class='ocr_par' dir='ltr' id='par_1_120' title="bbox 1881 5411 3462 5479">
     <span class='ocr_line' id='line_1_120' title="bbox 1881 5411 3462 5479; baseline 0.011 -19"><span class='ocrx_word' id='word_1_741' title='bbox 1881 5411 2281 5475; x_wconf 79' lang='lat' dir='ltr'><strong>comitabantur,</strong></span> <span class='ocrx_word' id='word_1_742' title='bbox 2321 5415 2413 5467; x_wconf 74' lang='lat' dir='ltr'><strong>sed</strong></span> <span class='ocrx_word' id='word_1_743' title='bbox 2439 5417 2593 5468; x_wconf 78' lang='lat' dir='ltr'><strong>etiam</strong></span> <span class='ocrx_word' id='word_1_744' title='bbox 2619 5416 2832 5470; x_wconf 78' lang='lat' dir='ltr'><strong>divitum</strong></span> <span class='ocrx_word' id='word_1_745' title='bbox 2864 5411 3069 5473; x_wconf 63' lang='lat' dir='ltr'><strong>illorum</strong></span> <span class='ocrx_word' id='word_1_746' title='bbox 3103 5411 3320 5476; x_wconf 55' lang='lat' dir='ltr'><strong>cateruis</strong></span> <span class='ocrx_word' id='word_1_747' title='bbox 3355 5441 3462 5479; x_wconf 79' lang='lat' dir='ltr'><strong>non</strong></span> 
     </span>
    </p>
   </div>
   <div class='ocr_carea' id='block_1_121' title="bbox 1875 5481 2840 5564">
    <p class='ocr_par' dir='ltr' id='par_1_121' title="bbox 1875 5481 2840 5564">
     <span class='ocr_line' id='line_1_121' title="bbox 1875 5481 2840 5564; baseline 0 0"><span class='ocrx_word' id='word_1_748' title='bbox 1875 5481 2148 5564; x_wconf 62' lang='grc' dir='ltr'><strong>θηξιερίξςεξ</strong></span> <span class='ocrx_word' id='word_1_749' title='bbox 2175 5487 2710 5564; x_wconf 55' lang='grc' dir='ltr'><strong>’ξἰθκιξῖιξερνςὲηεξξ-</strong></span> <span class='ocrx_word' id='word_1_750' title='bbox 2830 5545 2840 5564; x_wconf 86' lang='grc'>.</span> 
     </span>
    </p>
   </div>
   <div class='ocr_carea' id='block_1_122' title="bbox 1951 5549 3460 5631">
    <p class='ocr_par' dir='ltr' id='par_1_122' title="bbox 1951 5549 3460 5631">
     <span class='ocr_line' id='line_1_122' title="bbox 1951 5549 3460 5631; baseline 0.013 -29"><span class='ocrx_word' id='word_1_751' title='bbox 2036 5549 2160 5605; x_wconf 70' lang='grc'><strong>486.</strong></span> <span class='ocrx_word' id='word_1_752' title='bbox 2176 5549 2304 5631; x_wconf 40' lang='lat' dir='ltr'><strong>{illa</strong></span> <span class='ocrx_word' id='word_1_753' title='bbox 2324 5549 2514 5624; x_wconf 66' lang='lat' dir='ltr'><strong>tigillo.</strong></span> <span class='ocrx_word' id='word_1_754' title='bbox 2535 5556 2778 5624; x_wconf 77' lang='lat' dir='ltr'><strong>Tigillum</strong></span> <span class='ocrx_word' id='word_1_755' title='bbox 2799 5549 2882 5610; x_wconf 71' lang='lat' dir='ltr'><strong>est</strong></span> <span class='ocrx_word' id='word_1_756' title='bbox 2897 5559 3094 5631; x_wconf 80' lang='lat' dir='ltr'><strong>tignum</strong></span> <span class='ocrx_word' id='word_1_757' title='bbox 3115 5578 3348 5631; x_wconf 73' lang='lat' dir='ltr'><strong>parvum,</strong></span> <span class='ocrx_word' id='word_1_758' title='bbox 3365 5581 3460 5621; x_wconf 88' lang='lat' dir='ltr'><strong>seu</strong></span> 
     </span>
    </p>
   </div>
   <div class='ocr_carea' id='block_1_123' title="bbox 1871 5621 3480 5694">
    <p class='ocr_par' dir='ltr' id='par_1_123' title="bbox 1871 5621 3480 5694">
     <span class='ocr_line' id='line_1_123' title="bbox 1871 5621 3480 5694; baseline 0.012 -21"><span class='ocrx_word' id='word_1_759' title='bbox 1871 5621 2074 5694; x_wconf 65' lang='lat' dir='ltr'><strong>exigua</strong></span> <span class='ocrx_word' id='word_1_760' title='bbox 2090 5623 2252 5687; x_wconf 89' lang='lat' dir='ltr'><strong>trabs,</strong></span> <span class='ocrx_word' id='word_1_761' title='bbox 2277 5640 2341 5678; x_wconf 88' lang='lat' dir='ltr'><strong>ac</strong></span> <span class='ocrx_word' id='word_1_762' title='bbox 2359 5621 2643 5694; x_wconf 80' lang='lat' dir='ltr'><strong>propterea</strong></span> <span class='ocrx_word' id='word_1_763' title='bbox 2672 5641 2857 5694; x_wconf 90' lang='lat' dir='ltr'><strong>parum</strong></span> <span class='ocrx_word' id='word_1_764' title='bbox 2885 5621 2987 5682; x_wconf 77' lang='lat' dir='ltr'><strong>sibi</strong></span> <span class='ocrx_word' id='word_1_765' title='bbox 3017 5621 3229 5685; x_wconf 76' lang='lat' dir='ltr'><strong>constat</strong></span> <span class='ocrx_word' id='word_1_766' title='bbox 3249 5621 3480 5692; x_wconf 71' lang='lat' dir='ltr'><strong>setisus.’</strong></span> 
     </span>
    </p>
   </div>
   <div class='ocr_carea' id='block_1_124' title="bbox 1878 5688 3481 5769">
    <p class='ocr_par' dir='ltr' id='par_1_124' title="bbox 1878 5688 3481 5769">
     <span class='ocr_line' id='line_1_124' title="bbox 1878 5688 3481 5769; baseline 0.012 -27"><span class='ocrx_word' id='word_1_767' title='bbox 1878 5688 2175 5746; x_wconf 77' lang='lat' dir='ltr'><strong>Emendare</strong></span> <span class='ocrx_word' id='word_1_768' title='bbox 2202 5688 2380 5762; x_wconf 80' lang='lat' dir='ltr'><strong>placet</strong></span> <span class='ocrx_word' id='word_1_769' title='bbox 2405 5711 2418 5746; x_wconf 89' lang='lat'><strong>:</strong></span> <span class='ocrx_word' id='word_1_770' title='bbox 2452 5688 2615 5764; x_wconf 73' lang='lat' dir='ltr'><strong>inagis</strong></span> <span class='ocrx_word' id='word_1_771' title='bbox 2639 5688 2755 5748; x_wconf 72' lang='lat' dir='ltr'><strong>arta</strong></span> <span class='ocrx_word' id='word_1_772' title='bbox 2779 5697 2983 5769; x_wconf 75' lang='lat' dir='ltr'><strong>tegella.</strong></span> <span class='ocrx_word' id='word_1_773' title='bbox 3020 5698 3294 5769; x_wconf 82' lang='lat' dir='ltr'><strong>Tcgellum</strong></span> <span class='ocrx_word' id='word_1_774' title='bbox 3325 5688 3481 5761; x_wconf 35' lang='lat' dir='ltr'><strong>nini;</strong></span> 
     </span>
    </p>
   </div>
   <div class='ocr_carea' id='block_1_125' title="bbox 1875 5767 3482 5834">
    <p class='ocr_par' dir='ltr' id='par_1_125' title="bbox 1875 5767 3482 5834">
     <span class='ocr_line' id='line_1_125' title="bbox 1875 5767 3482 5834; baseline 0.012 -21"><span class='ocrx_word' id='word_1_775' title='bbox 1875 5769 2104 5830; x_wconf 85' lang='lat' dir='ltr'><strong>cupatur</strong></span> <span class='ocrx_word' id='word_1_776' title='bbox 2155 5780 2363 5831; x_wconf 74' lang='lat' dir='ltr'><strong>parvum</strong></span> <span class='ocrx_word' id='word_1_777' title='bbox 2420 5775 2637 5833; x_wconf 69' lang='lat' dir='ltr'><strong>tegmen,</strong></span> <span class='ocrx_word' id='word_1_778' title='bbox 2691 5767 3006 5834; x_wconf 80' lang='lat' dir='ltr'><strong>pusillumve</strong></span> <span class='ocrx_word' id='word_1_779' title='bbox 3064 5767 3286 5829; x_wconf 78' lang='lat' dir='ltr'><strong>tectum.</strong></span> <span class='ocrx_word' id='word_1_780' title='bbox 3349 5777 3482 5832; x_wconf 85' lang='lat' dir='ltr'><strong>lloc&#39;</strong></span> 
     </span>
    </p>
   </div>
   <div class='ocr_carea' id='block_1_126' title="bbox 1873 5833 2744 5900">
    <p class='ocr_par' dir='ltr' id='par_1_126' title="bbox 1873 5833 2744 5900">
     <span class='ocr_line' id='line_1_126' title="bbox 1873 5833 2744 5900; baseline 0.009 -18"><span class='ocrx_word' id='word_1_781' title='bbox 1873 5840 2051 5899; x_wconf 61' lang='lat' dir='ltr'><strong>poeta:</strong></span> <span class='ocrx_word' id='word_1_782' title='bbox 2081 5833 2248 5886; x_wconf 77' lang='lat' dir='ltr'><strong>menti</strong></span> <span class='ocrx_word' id='word_1_783' title='bbox 2274 5834 2439 5900; x_wconf 72' lang='lat' dir='ltr'><strong>magis</strong></span> <span class='ocrx_word' id='word_1_784' title='bbox 2465 5833 2744 5889; x_wconf 74' lang='lat' dir='ltr'><strong>consonat.</strong></span> 
     </span>
    </p>
   </div>
  </div>
