3996 6356
548 284 677 343 οὕοό

716 488 881 558 Cujus
901 490 971 545 ab
989 490 1252 560 indigenis
1278 492 1375 548 tibi
1403 493 1676 551 montibus
1701 492 1889 550 allluet
1905 494 2084 549 omnis

575 578 681 633 820
718 579 905 649 Copia,
934 595 1052 650 qua:
1075 582 1253 639 fueras
1271 581 1516 641 felicibus
1540 593 1665 639 ante
1685 584 1940 653 superba,

720 671 788 726 Et
812 688 917 741 qua
944 680 1066 742 post
1085 673 1262 731 studio
1294 676 1521 733 meliore
1546 676 1788 741 ministra
1809 676 1979 733 fuisti.

717 766 901 824 Gaude
946 768 1130 836 igitur,
1159 784 1279 823 mea
1307 768 1466 836 Nola,
1493 769 1588 825 tibi
1614 777 1671 824 et
1698 777 1933 837 gratare,
1965 766 2154 837 profu-

1970 860 1988 931 ΙΔ
2015 859 2089 915 sis

714 949 931 1005 .Virihus
957 952 1207 1009 exultans
1230 951 1467 1019 Christo,
1494 953 1588 1022 qui
1618 962 1672 1008 te
1694 968 1793 1022 per
1820 952 2050 1007 amicum

721 1043 1093 1114 Dilectumque
1116 1061 1271 1111 suum
1300 1045 1534 1103 Felicem
1563 1045 1740 1110 ﬂuxit,
1767 1054 1824 1100 et
1853 1046 2004 1102 auxit

581 1132 687 1189 3ὶὸ
713 1134 913 1190 Natura
943 1136 1233 1191 famulante
1263 1146 1413 1191 tuum
1443 1152 1634 1192 manus
1658 1138 1766 1191 alta
1789 1137 2059 1191 decorem.

722 1223 1064 1285 Cernetuam
1096 1226 1303 1293 faciem,
1336 1244 1440 1298 qua
1471 1244 1751 1289 nunouova
1772 1226 2087 1297 pteniwisti.

727 1313 797 1369 Ut
823 1332 1034 1379 noscas,
1066 1312 1351 1373 dederisne
1372 1319 1573 1387 aliquid
1603 1318 1797 1374 Felicis
1821 1318 2037 1386 honori,

722 1408 803 1460 An
831 1409 1002 1478 magis
1028 1425 1060 1464 a
1088 1408 1268 1467 Felice
1295 1411 1391 1467 Dei
1415 1412 1686 1469 cumulata
1713 1410 1948 1469 celaris?

696 1490 699 1497 ’
722 1499 895 1569 Asper
915 1500 1004 1555 ubi
1033 1501 1189 1559 nudis
1210 1503 1400 1557 arebat
1417 1502 1657 1558 calculus
1685 1503 1849 1567 arvis,

581 1589 685 1644 850
722 1589 873 1649 Nunc
896 1600 1103 1648 mutata
1128 1594 1270 1649 viret
1296 1594 1611 1650 madefactis
1634 1594 1812 1665 gratia
1838 1593 2028 1663 glebis.

723 1680 844 1736 Non
863 1681 997 1738 istos
1023 1690 1232 1741 tantum
1254 1683 1429 1740 fontes
1457 1685 1574 1752 tibi,
1596 1683 1751 1751 Nola,
1783 1683 2019 1755 profudit

722 1770 917 1832 Felicis
943 1775 1137 1832 merito
1159 1776 1256 1832 tibi
1282 1777 1432 1833 dives
1459 1778 1633 1846 gratia
1661 1776 1887 1833 Christi:
2191 1784 2236 1843 Β

724 1865 1001 1922 Coeliﬂuos
1025 1868 1189 1923 etiam
1209 1867 1385 1924 fontes
1404 1869 1509 1924 huc
1536 1868 1604 1923 ad
1632 1877 1723 1923 tua
1751 1869 1906 1927 duxit

730 1957 949 2025 ania,
980 1958 1280 2028 Felicisque
1299 1959 1419 2014 sinu
1450 1960 1719 2028 gaudente
1747 1960 1956 2015 locatos

578 2040 693 2125 .835
728 2046 983 2104 Diﬂluere
1010 2049 1063 2104 in
1085 2050 1283 2105 multas
1302 2049 1485 2105 eﬂ'usis
1507 2050 1755 2109 amnibus
1776 2051 1936 2105 urbes

732 2136 873 2195 Urbe
894 2150 990 2195 tua
1008 2140 1185 2210 jussit.
1215 2140 1255 2195 F
1259 2142 1468 2197 amulos
1488 2141 1685 2197 Christi
1709 2143 1902 2211 loquor
1930 2143 2082 2206 istos,

726 2227 830 2285 Par
857 2231 1077 2289 inlustre
1105 2233 1237 2298 Deo,
1269 2250 1366 2305 par
1386 2234 1568 2291 nobile
1595 2235 1814 2291 nomine
1842 2233 2044 2290 Christi

729 2323 920 2378 Albina
948 2339 1069 2380 cum
1096 2335 1271 2383 matre
1291 2328 1394 2383 tuis
1415 2327 1576 2382 modo
1597 2324 1793 2382 ﬁnibus
1817 2336 1985 2391 ortos,

722 2413 959 2491 ‘Pignora
993 2426 1312 2475 cunctorum
1330 2426 1665 2486 sanctorum,
1693 2429 1749 2474 et
1774 2416 1965 2488 gaudia
1992 2418 2112 2474 cash

590 2505 692 2561 840
722 2496 967 2563 'Piniadce
986 2507 1183 2565 Melani
1209 2526 1332 2565 cum
1350 2510 1556 2567 foedere
1582 2526 1681 2582 par
1698 2509 2059 2567 benedictum.

729 2595 840 2653 llos
871 2598 1012 2654 Deus
1039 2608 1096 2654 et
1123 2607 1280 2656 natos
1300 2600 1515 2670 Felicis,
1539 2610 1595 2656 et
1620 2602 1783 2656 ubera
1812 2599 1961 2664 fecit,

734 2687 908 2744 Ubera
938 2689 1133 2745 divina:
1158 2690 1413 2746 bonitatis
1433 2691 1640 2761 proﬂua
1667 2690 1823 2754 lacte,

729 2780 774 2835 E
795 2781 989 2851 quibus
1016 2784 1193 2843 omnis
1219 2783 1375 2855 inops
1403 2785 1659 2841 alimenta
1680 2783 1901 2840 ﬂuentia
1921 2782 2105 2848 sumit,

730 2870 918 2931 Omnis
938 2872 1064 2928 item
1093 2872 1245 2930 dives
1264 2875 1586 2930 documenta
1613 2874 1847 2931 salubria
1876 2874 2057 2931 sumit.

592 2959 696 3041 345
729 2961 794 3018 lli
822 2971 948 3017 sunt
969 2979 1097 3019 ecce
1125 2964 1215 3035 pio
1243 2964 1440 3020 Christi
1459 2965 1526 3021 de
1554 2965 1771 3020 ﬂumine
1791 2964 1985 3029 fontes,

732 3050 834 3120 Qui
864 3054 974 3109 nun
1001 3053 1196 3109 visibili
1222 3070 1317 3125 per
1345 3064 1544 3111 terram
1571 3056 1781 3124 gurgite
1808 3063 2052 3120 manant,

735 3144 815 3201 De
845 3146 965 3201 viva
994 3147 1298 3209 miserantis
1320 3164 1457 3221 aqua
1484 3148 1703 3218 pietatis
1727 3148 2022 3205 abimdaut.
2196 3149 2246 3213 ο

734 3236 846 3295 Hos
868 3246 945 3307 tu,
967 3237 1199 3305 Christe,
1217 3239 1314 3295 tibi
1343 3248 1536 3312 praesta
1565 3240 1813 3296 ubertate
1838 3238 2062 3311 perenni

734 3330 1011 3386 Scaturire
1039 3330 1118 3387 tui
1145 3330 1339 3388 Felicis
1360 3333 1414 3387 in
1440 3332 1605 3387 ubere
1632 3331 1829 3397 fontes,

596 3406 701 3478 85b
736 3421 803 3478 Et
832 3440 1121 3493 numquam
1145 3425 1244 3480 has
1271 3425 1381 3480 ullo
1404 3425 1614 3481 tenuari
1641 3424 1817 3481 sidere
1839 3439 2023 3481 venas.

738 3516 1273 3591 551-552Ιοίιιιο
1287 3518 1594 3590 pectoribus
1612 3532 1827 3589 semper
1850 3515 1965 3581 tibi,
1983 3514 2060 3570 Ch
2068 3514 2167 3568 ris-

1735 3607 1753 3679 ι
1779 3616 1854 3674 te,
1882 3607 2093 3670 dicatis,

741 3698 1014 3770 Feliciqne
1035 3707 1130 3755 tuo
1157 3699 1226 3754 de
1256 3700 1628 3770 peccatoribus
1656 3700 1757 3770 ipsi

746 3791 1010 3846 Mandatis
1040 3791 1235 3855 tribue,
1268 3799 1327 3845 ut
1351 3805 1641 3860 numquam
1668 3791 1843 3861 pietas
1867 3800 1957 3846 tua
1981 3792 2181 3849 nostris

740 3883 1048 3940 Visceribus
1074 3883 1276 3937 fontem
1298 3881 1455 3951 hujus
1482 3882 1600 3952 opis
1625 3881 1907 3946 subducat,
1930 3891 1986 3937 et
2005 3882 2120 3955 ipse

540 3988 551 3999 '
603 3960 707 4033 855
741 3977 885 4034 Fons
912 3994 943 4031 a
969 3976 1117 4032 fonte
1143 3985 1235 4032 tuo
1255 3975 1410 4032 Felix
1439 3992 1538 4032 nos
1563 3976 1741 4046 largus
1760 3976 2002 4038 inundet,

744 4070 972 4140 Semper
1011 4077 1072 4124 ut
1116 4067 1170 4123 in
1210 4068 1367 4123 nobis
1407 4069 1602 4135 saliat,
1632 4084 1728 4123 rex
1757 4068 1967 4123 Christe
1990 4107 2006 4131 ,
2061 4077 2183 4123 tuus

1930 4159 1951 4231 [
1971 4158 2109 4223 fons,

746 4252 815 4306 Et
833 4267 935 4307 nos
960 4250 1027 4307 de
1052 4251 1265 4307 miseris
1285 4261 1340 4307 et
1366 4252 1551 4322 egenis
1577 4260 1724 4307 sorte
1744 4252 1821 4307 lui
1836 4252 1953 4323 jam

748 4342 992 4400 Nominis
1019 4343 1263 4399 obtineat
1282 4343 1469 4400 felices
1496 4343 1678 4398 vivere
1702 4342 1875 4400 Felix.

1169 4454 1403 4511 ΡΟΕΜΑ
1436 4455 1627 4511 XXII.‘

608 4546 812 4624 .lovium
823 4567 2002 4641 docelprouidentiredivinaomniasnbjycere;
2023 4570 2188 4641 fatum

686 4656 800 4693 vero
825 4650 873 4712 el
903 4635 1165 4712 fortunam
1190 4639 1324 4692 nihil
1349 4655 1481 4692 esse.
1511 4635 1671 4691 Illum
1692 4638 1763 4690 ad
1791 4635 2077 4712 Scriptura:
2094 4658 2188 4694 asa-

686 4726 788 4764 cm:
813 4709 1081 4765 lectionem
1100 4709 1353 4763 hortatur.

754 4800 870 4854 lam
891 4800 1022 4854 mihi
1049 4799 1314 4870 polliceor
1339 4800 1506 4854 sacris
1528 4805 1620 4853 tua
1651 4800 1889 4855 carmina
1910 4798 2062 4855 libris

753 4892 1018 4953 Condere,
1042 4901 1205 4962 teque
1233 4892 1328 4955 Dei
1354 4891 1684 4948 ﬂammatum
1710 4894 1930 4951 numine
1948 4894 2144 4952 Christi

686 4979 908 5089 3.339.
943 5005 1109 5089 copia
1135 5020 1249 5089 qua!
1277 5008 1468 5089 [gem-8.
1498 5006 1572 5060 Ita
1604 5007 1657 5062 in
1683 5006 1893 5089 codice.

686 5080 752 5133 V.
776 5076 898 5131 826.
930 5075 1248 5131 Ρωηὶενὶειὶ.
1278 5075 1520 5131 Ρωηὲιεο
1559 5077 1699 5148 apud
1737 5080 1949 5134 veteres
1974 5077 2195 5148 Latinos

616 5156 950 5220 usurpatum,
975 5162 1043 5220 ac
1065 5158 1345 5220 propterea
1373 5145 1648 5220 eleganter
1662 5162 1901 5220 quoque»
1919 5164 1947 5220 a
1971 5145 2193 5220 Paulino

617 5217 953 5290 usurpaer
964 5217 1138 5273 Testis
1170 5229 1257 5290 est
1280 5218 1566 5290 vetustiss.‘
1584 5217 1846 5274 Priscian.
1892 5218 1984 5290 lib.
2030 5235 2080 5271 SI
2126 5218 2195 5271 de

619 5287 807 5359 Temp.
838 5297 894 5344 et
911 5287 954 5342 F
957 5305 1093 5343 orm.
1126 5289 1394 5358 par-licio,
1426 5289 1512 5359 ubi
1539 5288 1605 5341 de
1633 5289 1919 5358 imperson.
1945 5288 2190 5358 loquens,

618 5362 695 5415 ait
734 5380 746 5414 :
779 5359 1059 5414 Sciendum
1099 5369 1290 5430 tamen,
1328 5358 1463 5430 quod
1502 5359 1610 5430 [nec
1656 5359 1829 5412 omnia
1871 5359 2196 5414 inveniuntur

621 5434 964 5502 perfectorem
1009 5429 1404 5502 declinationem
1449 5429 1696 5502 (labentia
1730 5430 1784 5481 in
1813 5445 1928 5502 _:_rsu
1973 5439 2196 5502 ruerunt

610 5494 751 5579 leue
761 5501 961 5579 Capra,
976 5500 1146 5570 pigeo,
1164 5499 1350 5579 pudeo,
1365 5498 1544 5579 laden,
1560 5498 1799 5579 paeni‘teo.
1813 5494 2017 5553 Monuit
2031 5498 2195 5579 etiam

626 5568 901 5640 miomne
1145 5568 1501 5640 peritissimus
1524 5568 1625 5634 vir,
1640 5574 1725 5640 et
1738 5583 1957 5640 summa»
1970 5568 2200 5640 refertus

625 5636 927 5695 eruditione
955 5636 1181 5693 Michael
1212 5637 1453 5693 Maddlus
1476 5637 1778 5705 magniviri
1804 5636 1985 5693 Caroli
2022 5637 2201 5692 Maria:

630 5707 823 5763 Maddii
841 5708 1013 5778 illius.
1034 5708 1494 5778 apudPacnvium
1518 5724 1580 5763 se
1600 5708 1791 5773 legisse
1816 5707 2150 5778 puniebant.

706 5778 763 5832 γ.
789 5777 910 5832 διο.
943 5774 1196 5861 Ρᾱηὶἁάτς.
1224 5778 1336 5835 lluc
1364 5790 1443 5835 est
1468 5779 1689 5843 Piniani,
1727 5774 1969 5847 qui'lorte
1983 5780 2203 5834 alterius

1524 292 1582 348 S.
1624 292 1894 348 PAULINI
1925 291 2178 348 NOIA‘NI
2215 284 2537 363 ΕΞΡΙΞΟΟΡΙ⁸
2561 291 2906 348 ΡΟΕΜΑΤΑ.

714 397 997 456 Filiacum
1018 410 1108 456 tua
1125 402 1215 467 sit,
1247 409 1424 465 tamen
1453 412 1537 463 ett
1554 404 1654 460 tibi
1669 412 1844 461 mater
1861 412 2144 474 aquarum.
2172 407 2225 464 Δ

2217 4528 2266 4588 D

3715 292 3804 349 605

2394 404 2501 459 Ora
2533 406 2832 460 subiturum
2861 418 3074 459 summo
3100 403 3327 460 facunda
3358 406 3584 476 parenti.

2401 496 2580 567 incipe
2599 498 2794 553 divinis
2813 504 3024 551 tantum
3050 496 3179 552 dare
3207 505 3428 567 pectora
3456 497 3635 565 rebus,

2332 585 2366 637 li
2400 586 2796 657 Subrectosque
2816 590 2835 658 (
2859 604 2894 641 α
2923 588 2941 657 )
2971 587 3082 643 Deo
3106 602 3296 644 sensus
3324 589 3569 644 attollere
3596 600 3746 658 terra,

2403 678 2525 734 Mox
2544 680 2718 736 oculis
2744 681 2883 736 coelo
2908 697 3046 735 nova
3069 681 3161 735 lux
3178 668 3389 736 orietur
3412 690 3617 751 aperto,

2407 768 2736 841 lntrabitque
2761 787 2916 826 sacer
2945 772 3107 826 tacito
3126 787 3225 841 per
3253 775 3270 838 (
3302 771 3332 824 ὑ
3355 775 3372 841 )
3396 783 3578 842 aperta
3606 783 3765 829 meatu

2402 860 2652 931 Spiritus,
2682 871 2740 916 et
2758 861 2880 915 la'to
2899 861 3107 932 quatiet
3130 871 3224 915 tua
3245 863 3452 918 viscera
3473 860 3619 918 ﬂatu.
3664 888 3674 897 -

2474 951 2568 1006 Eia
2606 965 2707 1020 age
2744 952 2903 1008 tende
2941 954 3179 1025 cbelym,
3205 952 3224 1024 (
3252 970 3281 1006 c
3311 955 3328 1023 )
3377 954 3673 1011 facundum
3694 972 3806 1012 ωηο

3353 1047 3749 1120 [cute-pectus,

2306 1134 2369 1192 tu
2404 1136 2597 1206 Magna
2631 1137 2649 1207 (
2674 1137 2752 1206 ά)
2794 1152 3016 1192 movens
3047 1156 3062 1191 :
3094 1137 3253 1193 abeat
3283 1140 3459 1195 solitis
3486 1140 3714 1210 impensa
3738 1141 3807 1195 fa-

3414 1241 3423 1250 ‘
3558 1230 3752 1302 [cultas

2402 1318 2779 1373 Camninibus:
2810 1317 2984 1387 major
3000 1334 3181 1373 rerum
3211 1319 3302 1373 tibi
3334 1320 3576 1375 nascitur
3592 1321 3734 1376 ordo.

2407 1407 2524 1462 Non
2544 1408 2708 1463 modo
2724 1408 2986 1478 judicium
3018 1407 3238 1472 Paridis,
3273 1425 3374 1465 nec
3398 1411 3539 1465 bella
3567 1412 3812 1481 gigantum

2404 1500 2559 1554 FalSa
2586 1516 2753 1556 canas
2780 1518 2795 1554 ε
2822 1500 2982 1556 fuerit
3002 1504 3022 1533 ³
3053 1503 3245 1572 puerili
3276 1503 3433 1557 ludus
3459 1503 3511 1557 in
3531 1518 3643 1558 τεγο

2407 1593 2512 1648 Iste
2534 1604 2657 1649 tuus
2680 1594 2953 1663 quondam
2976 1611 2992 1658 ;
3042 1594 3339 1650 decuerunt
3372 1595 3573 1650 ludicra
3595 1612 3812 1666 parvum.

2303 1684 2371 1741 l5
2406 1686 2776 1742 Nuncanimis
2794 1688 3033 1756 gravior,
3058 1697 3320 1757 quantum
3341 1689 3646 1760 provectior
3662 1691 3819 1755 annis,

2403 1781 2709 1849 Asperuare
2728 1780 2875 1837 leves
2903 1788 3114 1835 maturo
3138 1778 3307 1835 corde
3322 1778 3624 1844 Camenas,

2358 1916 2361 1919 .
2412 1868 2480 1924 Et.
2506 1870 2722 1938 qualem
2747 1870 2912 1925 castis
2924 1871 3035 1938 jam
3060 1884 3297 1939 congrua
3322 1873 3567 1927 moribus
3590 1880 3731 1937 astas,

2408 1963 2584 2033 Atque
2608 1944 2689 2017 tui
2714 1964 2990 2032 specimen
3010 1963 3319 2019 venerabile
3339 1965 3574 2034 postulat
3595 1965 3715 2031 oris,

2408 2053 2638 2124 Suscipe
2665 2055 2968 2119 materiam,
2986 2056 3198 2110 divinos
3215 2057 3440 2127 concipe
3459 2072 3663 2112 sensus.

2299 2147 2370 2198 20
2476 2144 2535 2200 Si
2560 2145 2727 2202 decus
2747 2162 2783 2201 e
2812 2146 2960 2202 falsis
2984 2147 3199 2217 aliquod
3230 2163 3536 2217 nomenque
3558 2148 3718 2203 tulisti

2400 2234 2488 2292 .De
2512 2236 2696 2292 vacuis
2721 2250 2975 2305 magmnu
3003 2239 3183 2301 rebus,
3215 2253 3337 2293 cum
3356 2238 3481 2294 ﬁcta
3504 2239 3717 2293 vetustis

2411 2327 2753 2384 Carminibus
2769 2340 3012 2392 canens,
3040 2330 3125 2384 vel
3145 2345 3266 2385 cum
3310 2339 3527 2385 terrena
3550 2331 3771 2386 referres

2411 2418 2575 2473 Gesta
2598 2419 3025 2489 triumphantum
3053 2421 3279 2476 laudans
3298 2422 3528 2489 insignia
3552 2416 3751 2492 regum.

2413 2507 2530 2564 Non
2558 2509 2809 2578 equidem
2840 2526 2906 2565 ex
2936 2511 3042 2566 illis
3076 2520 3133 2566 tu
3163 2512 3375 2567 laudem
3403 2518 3618 2568 sumere
3636 2514 3821 2583 dignm.

2270 2637 2277 2645 .
2305 2597 2378 2653 25
2414 2600 2562 2667 Quos
2592 2602 2764 2670 magis
2784 2603 3021 2658 ornabas
3066 2604 3311 2672 opulenti
3333 2619 3559 2659 munere
3577 2605 3745 2659 verbi.

2420 2691 2634 2758 Quanto
2655 2691 2829 2761 major
2858 2692 2927 2747 ab
2954 2693 3039 2748 bis
3054 2693 3213 2749 cedet
3232 2694 3333 2748 tibi
3356 2695 3533 2762 gloria
3553 2695 3739 2765 σφῆς,

2416 2784 2475 2840 la
2496 2783 2695 2852 quibus
2708 2792 2775 2839 et
2790 2783 3029 2852 linguam
3052 2799 3333 2850 exercens,
3362 2795 3600 2840 mentem
3630 2801 3809 2854 quoque

3503 2874 3523 2946 ι
3542 2884 3769 2929 sanctam

2412 2961 3005 3031 Erudies,laudemque
3033 2962 3190 3017 simul
3223 2963 3495 3032 vitamque
3519 2965 3785 3033 capesses?

2417 3053 2658 3125 Dumque
2696 3052 2843 3122 leges
2889 3053 3004 3125 (e)
3053 3062 3226 3116 catus,
3263 3061 3322 3108 et
3359 3054 3569 3109 scribes
3601 3054 3824 3109 miranda

3548 3146 3570 3218 [
3590 3147 3771 3203 summi

2313 3239 2384 3292 δυ
2425 3239 2562 3295 Ver’a
2591 3237 2708 3305 Dei,
2740 3237 2965 3309 propior
2989 3238 3186 3302 disces,
3219 3246 3275 3292 et
3295 3238 3473 3294 carior
3498 3238 3603 3308 ipsi

2423 3331 2551 3388 Esse
2578 3331 2692 3388 Deo
2724 3348 2740 3384 :
2767 3345 2929 3401 quem
2948 3329 3073 3385 dum
3102 3329 3329 3385 credens
3355 3330 3590 3396 miraris,
3610 3343 3770 3385 amare

2420 3422 2673 3492 incipies,
2703 3430 2760 3477 et
2788 3420 3020 3475 amando
3042 3420 3209 3474 Deum
3247 3420 3600 3476 redamabere
3621 3419 3824 3475 Christo.

2497 3513 2770 3569 Hactenus
2801 3512 2891 3567 illa
2919 3520 3025 3566 tua:
3051 3526 3218 3565 vanos
3240 3511 3365 3565 tuba
3387 3512 3542 3566 vocis
3562 3512 3617 3566 in
3636 3525 3740 3567 usus

2424 3609 2680 3672 Persona,
2704 3607 2918 3662 divinos
2939 3608 2959 3637 ¹
2991 3604 3151 3661 modo
3182 3604 3380 3663 celsius
3411 3606 3621 3661 intonet
3638 3605 3657 3636 ⁸
3680 3611 3825 3658 actus.

2318 3701 2387 3755 35
2491 3700 2661 3756 Nosse
2688 3698 2706 3770 (
2729 3702 2756 3772 ι’
2772 3699 2792 3769 )
2822 3713 3008 3755 moves
3030 3712 3224 3754 causas
3247 3712 3427 3752 rerum
3465 3706 3523 3752 et
3552 3692 3829 3767 primordia

3530 3785 3549 3859 ι
3576 3784 3766 3840 mundi?

2424 3883 2503 3939 Ne
2530 3895 2698 3951 vagus
2721 3880 3032 3935 innumeras
3056 3876 3309 3950 (Epicuri
3338 3877 3586 3947 somnia)
3606 3874 3835 3931 mundos.

2424 3978 2572 4044 Quos
2604 3974 2801 4037 atmiis
2818 3973 3044 4029 demens
3071 3987 3170 4042 per
3188 3972 3347 4027 inane
3376 3972 3684 4041 parentibus
3704 3969 3833 4035 redit.

2428 4068 2608 4123 Irritus
2634 4067 2689 4121 in
2718 4081 2948 4120 vacuum
2970 4064 3207 4135 spatiata
3234 4072 3455 4133 pectore
3472 4069 3718 4132 qute'ras;

2430 4155 2644 4225 Legifer
2674 4155 2898 4224 antiquo
2925 4152 3266 4209 venerandus
3288 4153 3507 4207 nomine
3535 4150 3726 4214 Moses,

2323 4252 2390 4305 ω
2424 4250 2771 4320 Compositus
2794 4247 2964 4318 prima
2983 4246 3222 4300 referens
3248 4244 3319 4299 ab
3343 4244 3553 4312 origine
3588 4240 3839 4301 mundum.

2429 4343 2748 4398 lnstituente
2778 4340 2911 4405 Deo,
2934 4353 3093 4394 curas
3120 4337 3218 4393 tibi
3245 4335 3419 4392 solvet
3444 4334 3656 4398 inanes,

2429 4436 2848 4505 Formatumque
2873 4433 3146 4488 hominem
3169 4432 3314 4495 limo,
3336 4440 3390 4487 et
3404 4431 3694 4501 spiramine
3709 4442 3843 4483 sacro

2431 4526 2788 4602 553-555
2806 4523 3057 4580 Amatum
3084 4524 3346 4591 referens,
3367 4522 3520 4593 cujus
3546 4525 3625 4578 sis
3650 4536 3837 4578 munere

3550 4614 3572 4687 ι
3592 4613 3787 4669 cunctis

2274 4772 2283 4781 ,
2427 4711 2636 4767 Celsior
2663 4710 2715 4764 in
2737 4717 2878 4764 terra
2908 4706 3252 4775 spirantibus,
3280 4705 3398 4774 ipse
3416 4704 3653 4761 docebit.
3835 4744 3839 4748 ι

2329 4802 2403 4873 iii
2433 4804 2511 4860 Ne
2555 4811 2608 4857 te
2628 4817 2725 4857 ceu
2755 4800 2775 4832 ⁸
2802 4797 3016 4868 lapides
3038 4794 3272 4868 Pyrrhm,
3304 4795 3620 4864 argillamve
3648 4793 3839 4848 Prinne-

3338 4916 3341 4921 -
3621 4884 3747 4959 [thei
3768 4883 3786 4914 '

2301 5007 2503 5063 Piniani
2534 5005 2669 5059 lilius
2695 5011 2831 5065 erat,
2856 4999 3151 5057 secundum
3177 5008 3682 5070 patronomycorum
3700 4995 3840 5053 nomi-

2298 5095 2423 5133 num
2453 5091 2715 5132 normam.
2740 5073 2878 5128 Vide
2905 5087 3025 5141 qua:
3046 5071 3157 5125 dixi
3184 5071 3237 5141 in
3262 5070 3397 5141 Diss.
3429 5086 3502 5125 Vl.

2371 5152 2386 5169 ‘
2414 5147 2559 5202 Alias
2578 5136 3006 5212 subiungebat‘ur
3021 5141 3176 5212 epist.
3209 5140 3294 5194 i6.
3326 5136 3443 5212 Huc
3469 5141 3725 5212 adscitum
3755 5142 3847 5191 est.

2296 5219 2564 5289 Scriptum
2590 5208 2713 5289 ante
2734 5208 2930 5289 annum
2949 5208 3075 5289 μ)οζ
3103 5210 3243 5289 forte
3270 5225 3359 5289 ait.
3390 5210 3496 5265 398
3517 5220 3612 5289 aut
3630 5208 3747 5289 5199.

2369 5278 2446 5359 (α’)
2473 5286 2599 5341 Mss.
2622 5283 2802 5350 Vien.,
2825 5282 3116 5354 Subjeclos.
3146 5279 3246 5336 Ms.
3287 5278 3418 5352 Reg.
3442 5290 3498 5337 et
3516 5283 3606 5339 ed.
3639 5278 3844 5335 Poelm..

2302 5359 2439 5413 Subr
2505 5366 2607 5411 tos.

2372 5374 2547 5501 (biga
2587 5423 2875 5501 ms._Vien.
2918 5432 2975 5477 et
3001 5422 3130 5478 edit.
3160 5421 3344 5478 Schol.
3394 5428 3435 5474 t.
3466 5420 3512 5474 ν
3560 5420 3690 5476 Bibl.
3734 5414 3849 5491 PP.,

2300 5495 2436 5570 pagi
2449 5496 2571 5570 9Z8.
2607 5495 2733 5570 Alii,
2758 5502 2957 5570 operta.

2354 5572 2444 5635 ’μὴ
2476 5568 2574 5622 Ms.
2607 5564 2796 5624 Vien.,’
2814 5564 3111 5635 (naiadum.

2375 5634 2451 5699 id)
2486 5637 2581 5690 Ms.
2613 5635 2781 5690 codex
2801 5634 3133 5695 Viennensis,
3159 5648 3402 5687 comem.-

2378 5715 2446 5772 (ε)
2477 5707 2572 5760 Ms.
2605 5706 2962 5771 Vicu.,caule.

2380 5781 2445 5846 tn
2478 5777 2572 5833 Ms.
2588 5806 2591 5809 ι
2607 5776 2757 5837 V'ften.
2771 5777 3003 5853 prolem.

3940 184 3946 279 Ι
