3996 6356
176 345 266 398 639
1546 343 1786 398 'POEMA
1826 344 1966 400 XXII
3304 351 3406 406 610

301 453 567 508 Attonitas
595 457 614 485 ¹
643 462 800 522 rupto
825 439 1184 510 modilainine
1207 455 1404 526 decipit
1430 470 1605 512 aures.
1759 461 1811 520 Α
2048 456 2141 512 His
2160 459 2329 512 etiam
2351 460 2559 529 potiora
2589 469 2768 515 tanien
2795 471 3035 532 spectata
3061 463 3333 534 profabor.

373 544 480 598 Sed
511 544 641 598 mihi
659 544 784 613 juge
806 543 935 598 ﬂuat
963 546 1029 599 de
1052 555 1110 600 te
1137 555 1225 600 tua
1251 547 1420 614 gratia
1449 545 1676 601 Christe.
1975 552 2112 600 Ante
2132 547 2267 603 alios
2295 548 2463 614 illum,
2493 549 2578 607 cui
2608 552 2846 606 membra
2874 553 3138 608 vetustior
3164 552 3338 609 hostis

296 634 360 688 Et
389 644 570 688 tamen
597 635 738 689 illius
768 635 896 689 mihi
923 636 1184 705 deprecor
1212 636 1354 690 alitis
1378 637 1546 690 instar
1967 635 2206 703 Obsidet,
2235 637 2301 692 ad
2325 640 2462 694 sacri
2491 641 2578 709 pia
2606 640 2802 696 lumina
2825 643 3096 714 martyris,
3119 658 3264 713 :egra

296 727 536 780 Donetur
563 727 774 781 variare
801 726 1008 790 modos,
1040 736 1095 781 et
1117 729 1226 796 jam
1257 729 1385 782 mihi
1416 737 1573 797 pacta
1602 728 1622 758 ³
1828 727 1898 780 85
1968 727 2264 784 Excessum
2307 730 2374 784 de
2406 731 2561 800 plebe
2598 733 2734 802 rapi,
2765 733 3144 804 admotumque
3183 735 3406 791 sacratis

168 815 227 869 40
292 814 563 878 Carmina,
594 815 810 869 mutatis
840 831 947 869 uno
977 815 1101 869 licet
1125 831 1222 868 ore
1250 815 1519 870 Camtenis
1542 815 1585 880 ⁸,
1967 820 2106 874 Ante
2135 820 2276 876 fures
2301 822 2472 876 sancti
2500 823 2770 886 cancellis.
2799 840 3026 894 corpore
3072 840 3229 880 verso

293 902 550 957 Promere
573 920 587 967 ;
620 903 860 957 diversas
885 904 1008 972 quia
1035 918 1247 971 semper
1266 905 1443 972 gratia
1473 903 1620 958 dives
1966 911 2229 982 Suspendi
2251 913 2483 982 pedibus
2510 924 2840 982 spectantem
2855 925 3004 972 tecta
3032 916 3257 986 supinis.

291 994 543 1048 Materias
564 994 714 1048 miris
735 993 946 1048 Domini
970 993 1253 1047 virtutibus
1281 994 1445 1057 addit,

1965 1003 2226 1073 Quodque
2252 1005 2419 1074 magis
2447 1005 2638 1059 mirum
2667 1015 2828 1077 atque
2854 1023 3064 1063 sacrum
3093 1017 3177 1064 est
3224 1018 3272 1073 ⁸,
3303 1024 3403 1063 nec

289 1084 433 1151 Quas
457 1085 597 1139 Deus
624 1086 675 1138 in
705 1100 833 1139 caro
852 1084 1097 1139 Christus
1114 1083 1302 1138 .Fclice
1328 1083 1652 1154 frequentat,
2882 1098 2958 1167 [in
2987 1113 3082 1154 ora
3109 1099 3334 1168 rdapsis

289 1176 445 1232 Clara
475 1177 952 1232 salutiferiscedens
977 1178 1230 1231 miracula
1259 1178 1443 1244 signis.
1967 1190 2313 1262 εει-562
2337 1187 2606 1255 Vestibus,
2632 1197 2700 1243 ut
2737 1190 2941 1258 rigidis,
2973 1191 3156 1245 autad
3176 1190 3402 1259 vestigia

165 1265 223 1322 i5
359 1267 614 1323 Cernitur
648 1269 735 1322 illa
771 1269 887 1322 dies
908 1268 1149 1337 spectari
1176 1277 1327 1323 sueta
1366 1285 1462 1339 per
1507 1285 1723 1325 omnem
3158 1280 3332 1353 [sutis,

285 1358 571 1428 Vipeream
591 1359 851 1424 sobolem,
884 1375 1055 1413 savos
1099 1373 1224 1413 cum
1249 1359 1521 1414 dmmouas
1550 1367 1724 1428 urget,
1825 1371 1860 1421 9

1825 1369 1896 1421 90
1967 1368 2225 1440 Corporis
2251 1387 2412 1425 omne
2438 1387 2646 1426 sacrum
2677 1380 2825 1425 casto
2853 1371 3065 1426 velatur
3086 1380 3276 1442 operto
3302 1371 3331 1411 δ

277 1448 797 1521 Occultaquemanu
827 1454 904 1520 (α)
935 1452 1479 1506 clamosos-vorberat
1518 1453 1720 1507 hostes.
1965 1459 2182 1516 Scilicet
2210 1469 2268 1514 ut
2293 1461 2456 1515 divini
2486 1462 2667 1531 operis
2693 1463 2992 1517 reverentia
3017 1463 3174 1518 tectis

283 1544 604 1599 Sed-tamen
635 1545 735 1599 hac
789 1543 903 1614 ipsa
933 1544 1123 1597 mirum
1176 1543 1228 1597 in
1258 1544 1454 1598 virtute
1483 1552 1719 1609 notatur,
1964 1550 2293 1620 Corporibus
2317 1561 2552 1613 maneat,
2587 1567 2687 1608 nec
2725 1568 2882 1621 pinna
2918 1553 3134 1607 daemon
3171 1552 3232 1608 in
3280 1554 3400 1623 ipsa

277 1634 439 1701 Quod
458 1635 596 1688 licet
622 1635 674 1688 in
705 1643 818 1688 toto
844 1634 1108 1688 cruciatos
1147 1633 1421 1686 dmmonas
1448 1647 1590 1686 anno

1968 1643 2082 1708 Qua
2110 1642 2380 1696 cruciatur
2405 1651 2551 1705 ovet,
2583 1642 2738 1697 nudis
2768 1642 3042 1712 prodendo
3071 1643 3329 1713 pudorem

164 1729 217 1784 50
280 1727 550 1796 Exagitet,
596 1726 888 1797 iubeatque
934 1727 1208 1781 hominum
1245 1725 1523 1780 discedere
1552 1740 1720 1778 mem-
1967 1731 2216 1794 Artubus,
2258 1731 2424 1786 ill-.cso
2452 1732 2666 1798 gravius
2686 1741 2964 1801 torquetur
2993 1733 3240 1796 honesto.

1497 1817 1650 1887 [bris,
1757 1819 1800 1878 Β
1826 1821 1894 1876 95
1969 1821 2134 1876 Recta
2165 1821 2290 1876 licet
2310 1821 2481 1876 versis
2507 1821 2729 1876 sedeant
2755 1837 2876 1876 cum
2925 1823 3156 1891 tegmina
3186 1823 3204 1854 ⁷
3227 1838 3400 1878 mem-

276 1911 546 1967 Producat
572 1912 858 1982 plerosque
899 1920 1106 1977 tamen,
1137 1925 1245 1978 quo
1292 1910 1499 1976 longior
1539 1911 1720 1964 hostes
3049 1957 3056 1962 ,
3153 1916 3326 1989 [tu-is:

276 2003 444 2060 Poena
474 2003 646 2058 malos
674 2004 878 2071 agitet;
911 2004 1056 2057 velut
1079 2004 1176 2069 illi,
1205 2002 1293 2072 qui
1317 2016 1563 2057 meruere
1961 2003 2093 2058 Mira
2124 2005 2237 2059 haec
2266 2014 2410 2069 sunt,
2442 2014 2498 2060 et
2521 2018 2713 2072 magna
2735 2023 2760 2056 .:
2788 2005 2908 2073 quis
2935 2006 3201 2074 abnegat?
3231 2014 3287 2062 et
3319 2013 3400 2060 ta-

277 2094 420 2148 Vasa
444 2093 597 2148 Malis
625 2094 757 2158 fieri,
782 2104 840 2148 ut
863 2095 1112 2148 meritum
1143 2095 1182 2155 ⁸,
1213 2091 1461 2146 tardante
1487 2089 1714 2153 medela,
3053 2095 3197 2168 [men
3227 2111 3316 2152 us

276 2185 496 2240 Plenius
523 2201 685 2240 omne
714 2185 862 2239 luant
890 2185 964 2254 ib)
987 2185 1159 2238 dilato
1189 2193 1431 2252 tempore
1467 2183 1669 2236 crimen
1700 2199 1713 2235 :
1963 2185 2101 2240 Nota
2141 2188 2327 2257 magis,
2349 2188 2534 2243 .minus
2555 2187 2736 2243 auditu
2768 2189 3004 2244 miranda
3033 2188 3296 2253 videntur,

167 2275 218 2329 55
349 2275 475 2332 Sive
503 2277 608 2332 hoc
636 2278 800 2332 natali
827 2276 1010 2331 studet
1037 2276 1313 2343 indulgere
1331 2275 1459 2338 diei.
1958 2278 2260 2344 Quamlibet
2279 2290 2336 2336 et
2355 2281 2472 2335 visu
2499 2280 2815 2346 reverenda,
2841 2288 2897 2335 et
2915 2279 3134 2350 grandia
3161 2279 3304 2335 facto

280 2368 349 2425 Ut
371 2370 554 2439 paucis
582 2370 715 2424 alias
741 2371 833 2425 det
859 2385 1038 2438 opem,
1087 2384 1194 2438 quo
1227 2369 1248 2399 ‘
1277 2369 1430 2438 plura
1457 2369 1718 2435 benignus
2032 2370 2170 2440 Ergo
2196 2373 2398 2426 minuta
2430 2372 2534 2426 mei
2581 2373 2738 2426 simul
2769 2381 2823 2425 et
2852 2388 2987 2425 nova
3014 2371 3155 2426 facta
3186 2373 3396 2441 patroni

274 2461 448 2516 Natali
471 2461 566 2516 det
584 2461 726 2516 dona
754 2477 873 2516 suo.
907 2460 1036 2514 Nam
1055 2477 1186 2515 .cum
1211 2461 1308 2515 ista
1333 2461 1657 2530 propinquat
1819 2462 1920 2516 100
1957 2463 2286 2530 Auscultate,
2311 2480 2519 2534 precor,
2545 2464 2800 2518 Dominus
2821 2480 2939 2532 quze
2954 2463 3195 2517 Christus
3226 2464 3276 2516 in
3304 2463 3396 2516 illo

275 2553 532 2608 Elabente
559 2553 676 2607 dies
704 2569 866 2615 anno,
901 2562 1028 2608 tunc
1050 2553 1290 2607 crebrior
1316 2553 1498 2614 instat,
1958 2551 2268 2608 Multimoda
2297 2555 2492 2607 virtute
2533 2555 2690 2621 gerit,
2723 2553 2914 2622 quibus
2951 2553 3200 2607 omnibus
3236 2568 3395 2607 unam

280 2645 338 2698 Et
357 2645 593 2711 gravior.
625 2644 820 2698 Videas
843 2653 967 2698 tunc
991 2658 1130 2711 :egra
1150 2644 1395 2698 examina
1419 2643 1537 2711 cogi
1955 2643 2289 2698 Confirmare
2338 2644 2492 2696 Iidem
2523 2645 2677 2698 nobis
2723 2643 2928 2707 studet;
2961 2652 3020 2698 ut
3063 2660 3157 2714 per
3210 2652 3395 2714 aperta

169 2734 220 2786 ω
340 2733 582 2797 Densius,
608 2741 663 2788 et
682 2741 886 2788 certam
916 2735 1087 2804 repeti
1115 2733 1438 2804 propefesta
1463 2734 1709 2788 salutem.
1959 2735 2224 2790 Arcanum
2251 2735 2569 2789 documenta
2600 2735 2764 2790 Deum
2790 2734 3068 2788 videamus
3107 2733 3320 2799 adesse,

285 2827 420 2882 Tunc
437 2829 600 2882 solito
629 2829 841 2897 gravius
870 2809 1111 2882 succensi
1133 2828 1402 2882 dicmones
1429 2827 1638 2890 ardent,
1961 2826 2170 2896 Resque
2189 2827 2462 2881 hominum
2480 2836 2534 2881 et
2553 2835 2761 2881 mentes
2775 2827 2950 2880 studio
2967 2843 3156 2882 curare
3171 2837 3394 2898 paterno

294 2917 633 2988 Flebiliusque
662 2919 885 2982 ululant,
917 2928 975 2973 et
1001 2918 1055 2972 vi
1081 2919 1285 2986 majore
1309 2917 1515 2973 subacti
1551 2935 1564 2971 :
1957 2917 2240 2974 Coxlestem
2273 2919 2575 2981 Dominum,
2601 2919 2691 2988 qui
2717 2918 2970 2973 .condidit
2997 2920 3175 2982 omnia
3205 2919 3391 2974 verbo.

296 3010 464 3065 Ultima
489 3012 606 3081 jam
639 3020 904 3066 tormenta
933 3019 1191 3079 gemunt:
1227 3026 1325 3066 nec
1352 3011 1500 3066 abire
1525 3011 1710 3068 sinun-
1815 3008 1916 3063 105
2026 3010 2123 3064 Det
2152 3010 2278 3064 mihi
2310 3011 2478 3080 prima
2503 3011 2933 3064 tncusnarrandi
2969 3010 3188 3066 exordia
3228 3011 3393 3066 frater

1529 3104 1636 3175 [tur
1957 3101 2265 3157 Thcridius:
2292 3118 2416 3156 nam
2435 3099 2582 3170 quod
2605 3101 2844 3171 potiusve
2867 3103 3077 3171 priusve
3097 3102 3394 3159 canendum

279 3193 500 3250 Excessu
524 3195 686 3258 facili,
710 3195 804 3250 sed
825 3211 979 3250 miris
1003 3204 1128 3250 ante
1153 3195 1337 3262 agitati
1737 3190 1784 3254 Ο
1957 3191 2256 3260 Suscipiam
2306 3190 2494 3244 Felicis
2524 3206 2679 3260 opus,
2711 3206 2868 3259 quam
2897 3191 3039 3261 quod
3084 3193 3211 3246 mihi
3243 3196 3395 3248 tectis

167 3283 218 3337 85
341 3285 406 3339 Et
438 3288 602 3341 variis
650 3287 790 3342 male
815 3287 1109 3356 suppliciis,
1143 3287 1401 3342 tolluntur
1420 3287 1474 3340 in
1521 3287 1707 3353 altum,
1955 3281 2074 3350 Ipse
2109 3283 2242 3338 meis
2285 3283 2476 3350 quibus
2505 3291 2606 3349 est,
2657 3282 2794 3337 idem
2843 3281 3202 3340 Domiuzedius
3242 3286 3392 3353 egit?

273 3377 526 3448 Suspensi
559 3378 719 3432 solito
747 3378 1048 3442 sublunius,
1080 3387 1134 3432 et
1155 3379 1226 3447 (c)
1256 3380 1572 3447 quatiuntur
1653 3417 1658 3424 .
1814 3371 1916 3426 HO
1953 3371 2026 3428 Ex
2057 3372 2142 3426 illa
2173 3372 2330 3427 modo
2361 3384 2516 3427 nocte
2543 3373 2682 3428 diem
2732 3372 2874 3430 cadit
2899 3389 3068 3430 annus
3115 3376 3167 3429 in
3214 3377 3392 3433 istam.

273 3473 418 3526 Aeris
451 3472 501 3525 in
526 3486 719 3537 vacuo,
750 3471 1043 3539 vinclisque
1064 3471 1348 3525 latentibus
1368 3472 1572 3526 hazrent
2038 3463 2220 3519 Nostis
2260 3480 2381 3518 eum
2400 3481 2614 3519 morem
2643 3465 2714 3535 (με)
2741 3481 2850 3535 quo
2870 3464 3133 3549 ieiunare
3160 3469 3395 3523 solemus

269 3562 468 3619 Pteuali
499 3580 596 3634 per
626 3565 784 3619 inane
813 3580 996 3628 mora;
1044 3579 1140 3634 per
1186 3580 1294 3619 non
1334 3579 1430 3618 sua
1466 3562 1711 3632 quamvis
1958 3559 2092 3612 Ante
2119 3558 2366 3624 diem,“
2407 3573 2527 3612 sero
2551 3559 2724 3613 libatis
2752 3573 2974 3628 vespere
2998 3560 3182 3627 sacris,

268 3655 528 3724 Corpora.
560 3663 787 3708 vexatos
816 3655 996 3709 hostes
1025 3669 1120 3708 sua
1150 3669 1309 3724 poena
1340 3652 1546 3720 fatigat.
1955 3651 2195 3720 Quisque
2213 3668 2337 3706 suas
2364 3667 2603 3708 remeare
2632 3651 2840 3706 domos.
2871 3651 3020 3708 Tunc
3049 3669 3178 3723 ergo
3205 3653 3395 3708 s'olutis

165 3737 211 3792 70
330 3743 633 3799 Solvuntur
654 3746 841 3814 poenis.
875 3761 996 3800 cum
1019 3761 1204 3815 pmnas
1224 3745 1364 3802 ferre
1393 3745 1640 3800 videntur
1952 3740 2468 3811 Cmtibusatemplo
2509 3740 2740 3801 Domini.
2773 3751 3054 3810 postquam
3093 3743 3217 3796 data
3241 3743 3396 3797 fessis

266 3834 526 3905 Corpora,
558 3845 614 3890 et
636 3837 898 3890 immunes
925 3837 1116 3891 animm
1154 3846 1402 3906 spectant
1427 3837 1602 3892 aliena
1813 3831 1916 3886 “5
1955 3832 2285 3903 Corporibus
2340 3832 2552 3902 requies
2599 3840 2772 3888 sumta
2816 3831 2974 3902 dape,
3011 3833 3270 3904 coepimus
3323 3834 3392 3903 (f)

266 3925 320 3980 In
361 3927 620 3982 membris
643 3935 907 3981 tormenta
925 3927 1034 3981 suis
1058 3945 1070 3978 :
1095 3927 1256 3982 homo
1283 3928 1524 3984 daemone
1549 3937 1708 4000 capto
3086 3921 3323 3995 [hymnis

268 4020 428 4074 Liber
459 4020 588 4088 agit,
618 4019 718 4090 [(d)
746 4020 953 4089 species
972 4034 1252 4090 poenarum
1264 4020 1318 4074 in
1330 4035 1560 4090 corpore
1589 4030 1711 4076 tan-
1957 4013 2241 4072 Exsultare
2269 4012 2398 4076 Deo,
2431 4020 2485 4067 et
2515 4013 2733 4083 psalmis
2753 4012 3054 4084 producere
3085 4019 3318 4066 noctem.

1366 4114 1500 4183 [tum
1521 4122 1635 4177 est;
2026 4105 2237 4158 lnterca
2263 4120 2414 4158 meus
2435 4104 2534 4158 iste
2552 4106 2731 4160 .choro
2760 4106 3027 4172 digressus
3054 4103 3252 4170 amico,

265 4204 467 4261 Sensus
492 4206 665 4273 abest,
687 4204 706 4278 2
731 4206 853 4261 (ria
901 4223 1006 4262 non
1041 4207 1288 4271 hominis,
1321 4205 1418 4261 sed
1445 4205 1705 4261 daemonis

1567 4205 1705 4261 ιοηίς
1956 4192 2025 4247 Ut
2044 4194 2280 4262 spirante
2307 4192 2436 4246 foris
2458 4208 2587 4246 aura
2616 4192 2912 4262 depelleret
2938 4203 3145 4253 mstum,

1350 4298 1456 4371 [εει
1482 4314 1634 4353 (ξι-ιιι,
1951 4284 2119 4350 Quem
2148 4283 2355 4337 fumosa
2383 4282 2546 4336 dabat
2569 4283 2765 4338 ceratis
2791 4283 2924 4337 cella
2953 4282 3190 4354 papyris,

159 4379 208 4434 75
331 4386 521 4442 nostis
543 4401 725 4442 amare
747 4387 874 4457 quid
923 4387 1174 4454 insultas,
1199 4403 1304 4458 qua
1335 4367 1432 4459 ἀρε
1461 4389 1626 4443 meris
1657 4389 1706 4442 in
1814 4375 1916 4430 HO
1953 4375 2198 4430 Porticus
2225 4373 2435 4443 angusti
2463 4388 2569 4441 qua
2599 4373 2831 4426 tenditur
2866 4373 3074 4440 agmine
3103 4372 3250 4426 tecti.

1479 4480 1639 4552 [ιιοεῖ
1955 4465 2124 4520 Nocte
2147 4464 2271 4518 licet
2299 4463 2445 4516 nullo
2472 4463 2553 4516 via
2582 4462 2782 4516 lumine
2801 4478 2944 4517 cmca
2971 4463 3179 4522 lateret.

266 4571 398 4628 Ecce
428 4571 804 4642 Redemptoris
827 4572 999 4627 nostri
1026 4570 1199 4626 Maius
1226 4581 1343 4626 arte
1371 4551 1603 4627 vicissim
1736 4563 1786 4624 Ι)

1952 4553 2050 4609 Hic
2073 4563 2256 4626 tamen
2287 4551 2555 4622 intrepido
2603 4569 2699 4622 per
2739 4552 2949 4621 cognita
2980 4552 3160 4606 limina
3210 4567 3389 4623 passu,

267 4660 493 4718 [macris
521 4663 749 4729 ίιιυεοιις
781 4663 935 4717 dolus
964 4668 1022 4718 ει
1047 4673 1170 4718 tuus
1199 4663 1253 4716 in
1277 4672 1364 4717 ωε
1385 4662 1528 4718 cedi;
1959 4648 2108 4704 lleu!
2144 4649 2290 4718 (nam
2322 4645 2479 4702 vicini
2509 4645 2752 4700 incautus
2788 4643 3126 4715 discriminis)
3154 4645 3280 4700 ibat.

270 4753 453 4809 Vincla
478 4753 570 4808 tibi
596 4771 610 4818 ;
642 4754 862 4822 capiens
885 4753 1110 4822 caperis,
1144 4761 1472 4822 necteusque
1503 4753 1700 4821 ligaris.

2032 4740 2345 4796 Comminus
2363 4740 2418 4794 in
2445 4739 2622 4794 medio
2649 4739 2776 4793 tecti
2805 4753 3072 4793 cameram
3117 4739 3258 4794 inter
3288 4739 3391 4794 hu-

267 4843 350 4897 Fit
379 4844 600 4913 laqueus
625 4843 905 4912 laqueatus
932 4844 1114 4906 homo,
1138 4853 1194 4897 et
1219 4859 1314 4898 sua
1335 4844 1511 4914 praeda
1531 4844 1703 4897 latro-
3042 4831 3320 4903 imumque

1491 4940 1634 5006 luem
1815 4922 1914 4978 125
1951 4921 2184 4975 Nutabat
2212 4921 2400 4976 solitus
2424 4922 2497 4992 (g)
2529 4921 2784 4992 lychnum
2815 4931 2836 4958 ε
2864 4920 3191 4990 suspendere
3230 4919 3390 4987 funis,

154 5026 206 5076 80
270 5027 502 5097 Decipit;
535 5035 590 5082 et
617 5027 760 5096 capti
781 5025 1024 5096 captivus
1045 5027 1290 5096 corporis
1319 5043 1496 5082 escam
1953 5011 2238 5065 lnncctens
2261 5010 2512 5079 trijugum
2540 5026 2790 5080 supremo
2828 5010 3056 5062 stamine
3098 5009 3316 5072 ferrum,

271 5119 404 5174 Dum
432 5121 567 5191 pem
591 5121 848 5184 “lienam,
885 5119 1100 5174 letalem
1139 5118 1364 5175 devora;
1392 5119 1628 5173 hamum.
1951 5101 2069 5167 Quo
2100 5100 2281 5153 vitrea:
2313 5099 2568 5154 inseritur
2591 5098 2936 5168 penetrabilis
2979 5113 3107 5150 ansa
3135 5097 3363 5151 lucernae

209 5266 228 5330 ς·
257 5255 388 5330 Vide
408 5266 520 5311 not.
557 5256 676 5310 26!.

513 5298 520 5309 .
557 5256 676 5310 261.
1806 5263 2091 5330 patiuntur.

209 5323 231 5358 "
259 5324 360 5399 Pro
391 5330 733 5399 operimento.
1806 5323 1816 5330 ’
1875 5330 1954 5399 (cf)
2000 5327 2152 5399 Huiic
2202 5342 2410 5399 versum
2442 5323 2739 5399 addidimus
2791 5340 2857 5378 ex
2905 5339 3005 5379 ms.
3049 5323 3167 5379 cod.
3199 5323 3380 5378 Germ.

210 5405 228 5432 ε
261 5395 390 5468 Vide
425 5407 540 5450 not.
1809 5395 1945 5451 Ante
1973 5407 2089 5468 erat
2120 5397 2272 5451 Liber
2299 5398 2418 5468 egit,
2452 5396 2590 5467 quia.

191 5466 280 5552 .(al
305 5467 395 5552 Sic
421 5467 820 5552 emendarim'us
842 5484 917 5552 er.
936 5485 1036 5551 ms.
1060 5469 1621 5552 Germanensi‘codice
1647 5479 1703 5523 et
1879 5470 1946 5552 (ε)
1987 5467 2060 5520 Ita
2087 5463 2389 5549 restitutum
2419 5463 2486 5520 es
2511 5481 2607 5518 ms.
2641 5464 2821 5518 Germ.
2848 5463 2984 5517 Ante
3011 5470 3127 5517 erat
3156 5472 3228 5526 ut,
3259 5479 3386 5518 con-

148 5537 219 5586 ed.
250 5537 436 5592 Schot.
468 5539 520 5592 in
553 5551 721 5604 marg.
747 5537 804 5592 Ia
837 5539 991 5593 editis
1018 5541 1251 5606 quinque
1281 5539 1553 5602 mendose,
1586 5555 1700 5591 cum
1807 5537 1894 5591 tra'
1931 5538 2100 5604 legem
2132 5537 2306 5591 metri.

149 5618 300 5679 uouet
317 5607 484 5679 5_inde
516 5603 843 5679 Rosweydus
876 5603 1195 5664 curre—serat
1222 5625 1533 5665 communes.
1566 5608 1700 5664 Vide
1875 5610 1942 5679 (Γ)
1970 5603 2063 5679 Ms.
2097 5607 2275 5662 Germ.
2302 5621 2421 5679 cum
2440 5605 2600 5660 editis
2629 5603 3079 5679 tribusthyntgtos.

148 5684 243 5749 uut_
274 5675 398 5749 260.
561 5747 582 5749 _
709 5669 725 5679 ’
763 5746 800 5749 _
825 5748 830 5749 γ
859 5747 867 5749 ᾼ
945 5747 954 5749 A
1986 5678 2074 5749 Sic
2095 5677 2494 5749 emendavimus
2508 5690 2579 5749 ex
2610 5690 2708 5749 ms.
2728 5669 2919 5749 _cod_i_ce
2946 5670 3125 5725 Germ.
3158 5669 3381 5749 faventi-

207 5744 275 5807 (ὁ)
313 5745 396 5799 lta
423 5764 524 5803 ms.
548 5747 728 5803 Germ.
763 5746 894 5802 ΕΜ.
927 5747 1164 5802 decreto.
1804 5739 2144 5802 hus'Latinio
2182 5755 2234 5801 et
2267 5746 2473 5799 [)uceo.
2506 5741 2563 5796 ln
2609 5743 2790 5808 editis,
2819 5741 3033 5814 lignum,
3067 5741 3225 5797 male.
3252 5739 3386 5796 Vide

207 5825 276 5871 tri
326 5817 415 5871 Sic
461 5819 860 5873 emendavimus
890 5834 954 5873 ex
985 5833 1079 5872 tns.
1131 5817 1314 5872 codice
1373 5817 1553 5873 Germ.
1599 5816 1699 5872 Alii
1808 5815 2068 5872 uot.262.
2759 5841 2763 5845 ’
