3996 6356
615 287 709 341 cu
1571 287 1629 343 s.
1651 271 1928 341 'mmixi
1962 285 2208 340 NOIAN'I
2238 285 2542 339 EI'ISCOPI
2578 284 2922 341 remum.
3728 296 3798 350 ne

751 400 1074 468 Auritusque
1099 400 1235 458 calix
1269 400 1436 454 tribus
1480 399 1713 468 undique
1743 401 1922 468 ﬁgitur
1949 402 2120 456 uncis.
2223 409 2271 460 Α
2304 397 2403 450 1ῗῦ
2439 398 2579 452 Intra
2608 399 2902 455 foHiculum
2925 411 3152 455 teretem
3176 400 3380 470 liquido
3401 403 3632 460 interfusa

751 490 1007 544 l‘umlitus
1032 491 1174 544 albet
1192 506 1348 560 aqua,
1380 507 1538 560 super
1558 491 1754 544 undam
1778 492 1937 546 ﬂavet
1957 493 2120 547 olivo.
2447 493 2559 546 Sub
2586 493 2752 547 vitrea
2782 495 2918 562 nigri
2949 494 3082 549 latet
3109 494 3263 549 albus
3285 494 3502 562 imagine
3523 497 3633 565 pnpi
3653 497 3690 555 ι’.

616 579 711 633 150
749 579 1063 651 Statliquor
1089 581 1143 633 in
1172 581 1250 647 la)
1278 580 1512 650 liquidis,
1549 580 1792 649 subjecto
1824 581 2062 636 lubricus
2093 583 2191 636 hn~
2439 583 2539 638 llic
2568 585 2732 638 veluti
2763 585 2917 640 radix
2949 586 3165 640 oculum
3195 585 3454 640 subeunte
3478 587 3678 640 medulla

1990 672 2129 743 [mor
2443 675 2646 738 Fulcit,
2671 685 2724 729 et
2751 676 3008 730 humecto
3031 692 3294 730 venarum
3320 675 3500 731 fomite
3526 679 3701 746 pascit,

747 762 918 817 Fonte
948 772 1116 832 natat,
1149 781 1323 836 neque
1369 765 1556 835 juncta
1588 768 1700 821 coit
1725 768 1961 822 mixtura
1991 767 2194 822 ﬂunris.
2442 766 2578 820 Dum
2607 767 2761 835 parili
2791 767 2968 821 fontes
2995 767 3276 821 oculorum
3300 766 3471 821 sidere
3497 778 3725 823 constant.

751 852 817 906 Et
845 853 1059 918 mirum,
1091 855 1233 923 quod
1266 856 1463 926 pingue
1493 866 1670 922 natat;
1701 873 1878 928 neque
1909 858 2075 912 densa
2112 875 2200 912 so-
2302 861 2404 913 180
2441 861 2510 913 At
2530 861 2574 915 si
2597 859 2736 914 forte
2761 860 2907 927 gravi
2940 860 3130 914 morbo
3159 859 3419 927 disrupta,
3442 859 3522 913 vel
3541 859 3635 914 ictu

1927 947 2125 1018 [lutum
2443 953 2590 1008 I‘Ieu!
2627 953 2766 1007 male
2795 952 3025 1007 dissiliat
3050 953 3364 1006 membrana
3389 952 3588 1006 ﬂuentis
3611 952 3757 1015 ocelli,

751 1035 972 1105 Rumpit
1017 1036 1273 1091 materies
1301 1036 1650 1102 elementum,
1693 1036 1788 1091 sed
1817 1037 1934 1091 leve
1958 1053 2197 1092 crassum
2445 1044 2663 1099 Prosilit
2691 1045 2792 1098 iste
2817 1045 3025 1113 globus,
3049 1059 3321 1112 succoque
3345 1044 3554 1099 relictus
3572 1044 3720 1098 alente

753 1127 1016 1193 Sustinet,
1044 1136 1102 1181 ut
1126 1128 1310 1183 solido.
1325 1128 1547 1182 dilutior
1570 1129 1708 1183 unda
1740 1128 1961 1194 ﬂuento,
2447 1136 2657 1190 Deserit
2683 1136 2946 1190 aridulam
2973 1143 3201 1189 vacuata
3231 1135 3355 1188 luce
3382 1135 3629 1188 lacunam.

611 1219 713 1271 155
751 1219 1168 1289 Subsistensque
1197 1221 1350 1287 oleo,
1385 1221 1600 1289 liquidis
1628 1237 1765 1292 aqua
1795 1221 2198 1276 fundamentum
2445 1227 2654 1282 Interea
2685 1242 2819 1297 puer
2847 1240 3105 1280 excussus
3134 1225 3378 1280 clamore
3405 1224 3622 1280 dolentis

1209 1360 1214 1366 .
2001 1314 2124 1386 [εει.
2311 1313 2416 1367 185
2452 1316 2719 1382 Accurrit,
2741 1326 2970 1370 stratum
3001 1331 3190 1370 somno
3215 1313 3453 1384 fugiente
3478 1315 3759 1384 relinquens,

753 1405 1031 1475 Tantaque
1051 1406 1289 1462 confusis
1317 1408 1460 1462 intus
1487 1408 1751 1463 discordia
1778 1408 1956 1463 succis
2452 1408 2857 1477 Accensamque
2876 1423 3037 1462 manu
3064 1407 3352 1478 prmtendit
3376 1408 3445 1461 ad
3465 1423 3556 1462 ora
3580 1409 3808 1463 lucernam.
3898 1405 3899 1464 ἓ

750 1496 939 1562 Lucet,
973 1505 1031 1552 ut
1054 1498 1316 1554 admislos
1355 1497 1540 1552 Videas
1564 1498 1768 1552 distare
1797 1498 2055 1566 liquoreS,
2514 1505 2794 1559 Clauserat
2819 1501 2905 1555 hic
2929 1501 3176 1555 manibus
3197 1500 3401 1564 vultus,
3423 1508 3477 1554 ct
3497 1500 3655 1555 fronte
3671 1501 3809 1570 supina

746 1588 1143 1661 Communique
1171 1592 1290 1645 sinu
1319 1591 1502 1647 ealicis
1542 1591 1855 1646 discrimine
1884 1592 2032 1646 claro
2443 1597 2736 1664 contigero
2757 1609 2776 1632 υ
2802 1594 2994 1648 similis
3018 1593 3202 1661 juveni
3233 1594 3513 1663 spectabat
3535 1593 3582 1647 in
3602 1593 3753 1654 altum,

753 1681 988 1750 Qumque
1027 1683 1111 1736 sui
1159 1681 1331 1737 laticis
1363 1682 1436 1753 (ὁ)
1478 1690 1657 1736 servet
1697 1692 1888 1737 natura
1937 1683 2194 1737 colorem.
2446 1690 2516 1745 Ui
2537 1689 2691 1743 daret
2720 1686 3003 1741 immotum
3038 1685 3236 1739 librato
3264 1700 3495 1755 corpore
3517 1684 3696 1752 funem,

613 1771 715 1825 I40
749 1771 1007 1840 Mergitur
1030 1772 1084 1826 in
1113 1773 1290 1828 medio
1317 1772 1590 1843 plumbum
1614 1774 1798 1844 tripes,
1831 1782 1886 1828 et
1912 1789 2076 1828 cavns
2105 1775 2198 1828 illo
2232 1779 2406 1837 8.190
2441 1783 2692 1838 Vulneris
2739 1781 2962 1835 arbitrio
3012 1777 3336 1847 trepidantia
3393 1777 3622 1832 membra
3669 1777 3809 1846 guber-
3898 1793 3899 1814 ι

760 1863 948 1918 Exstat
976 1879 1116 1934 apex
1138 1866 1284 1920 uncti
1313 1865 1543 1936 stipatus
1565 1865 1749 1920 lomite
1772 1866 1885 1920 lini.
3679 1869 3806 1941 [0305.

749 1955 955 2028 Stuppa
1014 1959 1238 2014 madens
1292 1959 1550 2028 liquidum
1609 1961 1755 2014 tenui
1802 1959 1918 2015 face
1963 1961 2201 2030 concipit
2445 1964 2578 2018 Dum
2610 1964 2764 2017 timet
2787 1962 3015 2018 adverso
3043 1961 3237 2016 vulnus
3265 1960 3516 2017 diducere
3540 1969 3691 2028 motu,

1907 2051 2124 2123 lignean,
2442 2056 2760 2125 Captivique
2787 2055 2931 2109 oculi
2955 2070 3021 2108 ex
3051 2069 3182 2116 uno,
3205 2068 3315 2122 quo
3345 2053 3487 2108 liber
3510 2053 3697 2121 agebat,

759 2139 823 2193 Et
854 2141 1229 2196 circumfusum
1256 2143 1431 2212 spatio
1453 2143 1747 2210 stagnantis
1768 2142 1916 2207 olivi,
2443 2149 2669 2203 Lumine
2694 2148 2981 2202 discrimen
3007 2147 3192 2202 sociali
3215 2155 3370 2216 parte
3398 2147 3632 2210 cavebat,

759 2234 817 2290 In
847 2234 1030 2288 vitreis
1054 2233 1194 2288 exile
1216 2233 1363 2288 vadis
1390 2233 1571 2288 funale
1591 2243 1862 2301 coruscat,
2444 2241 2552 2296 Nec
2573 2253 2754 2295 tamen
2783 2236 3013 2294 audebat
3043 2238 3346 2294 ducendum
3375 2241 3633 2308 attingere
3651 2235 3806 2293 ferrum.

616 2326 719 2381 MS
756 2323 1110 2398 εδδ-564
1132 2323 1202 2378 Ει
1229 2325 1460 2379 tremulo
1488 2325 1704 2380 vibrans
1730 2341 1760 2379 a
1789 2326 1991 2380 vertice
2016 2325 2196 2379 lumen
2303 2331 2406 2384 ωε»
2440 2331 2519 2386 Ne
2545 2330 2702 2385 simul
2726 2331 3016 2384 hmrentem
3041 2328 3204 2385 ductu
3229 2331 3510 2385 mucronis
3535 2338 3587 2384 et
3610 2329 3752 2382 orbem

1929 2416 2194 2488 [acutum,
2441 2419 2786 2487 Extralieret,
2813 2435 2986 2489 neque
3003 2420 3116 2489 jam
3143 2429 3358 2490 poterat
3385 2423 3491 2477 sub
3518 2421 3694 2476 lumine
3711 2418 3771 2471 liii

750 2506 970 2562 Leniter
991 2506 1298 2561 umbrosam
1321 2505 1454 2574 jacit
1477 2506 1528 2560 in
1559 2505 1857 2576 penetralia
1887 2506 2087 2573 lucem,
2444 2514 2608 2569 Ferre
2635 2529 2840 2570 moram
2871 2514 2987 2576 teli,
3014 2513 3108 2568 sed
3135 2515 3466 2583 desperante
3493 2513 3722 2568 medelam

748 2596 816 2652 Et
843 2597 1054 2669 placido
1074 2597 1269 2652 densas
1293 2597 1467 2668 aperit
1487 2597 1778 2668 splendore
1807 2599 2074 2653 tenebras.
2443 2604 2520 2659 Ex
2549 2620 2656 2674 ope
2686 2604 2921 2670 mortali,
2952 2603 3131 2658 divina
3162 2619 3288 2658 mox
3315 2620 3421 2674 ope
3451 2604 3598 2659 Felix

819 2689 935 2746 Hoc
958 2694 979 2723 ⁸
1011 2697 1189 2744 tamen
1219 2703 1440 2744 emensa
1472 2691 1651 2744 fuerat
1683 2689 1798 2759 jam
1828 2697 1989 2744 nocte
2021 2705 2199 2744 remo-
2441 2694 2761 2767 Imploratus
2799 2695 2983 2760 adest,
3008 2710 3168 2766 quem
3208 2705 3358 2751 tanto
3397 2697 3454 2752 in
3493 2697 3693 2751 vulnere
3715 2708 3789 2762 pcn-

2037 2780 2194 2852 [tnm,
3708 2785 3793 2856 [deus

747 2867 1045 2924 Productas
1067 2870 1322 2939 quoniam
1351 2870 1532 2940 pueris
1563 2869 1912 2938 vigilantibus
1943 2870 2128 2933 horas,
2299 2878 2402 2932 200
2439 2879 2698 2943 Advocai,
2731 2888 2786 2935 et
2813 2881 2909 2934 tali
2937 2880 3208 2949 depromit
3235 2895 3372 2936 voce
3400 2880 3693 2949 querelam:

619 2959 716 3012 I50
749 2957 1045 3014 Consumto
1073 2960 1312 3014 bibulum
1339 2959 1614 3015 defecerat
1642 2960 1878 3030 unguine
1909 2960 2109 3014 lumen.
2477 2970 2575 3026 “ei
2598 2972 2757 3027 mihi:
2787 2978 2984 3042 quanta
3012 2988 3162 3026 meos
3183 2980 3376 3040 ιπερηι
3404 2982 3624 3042 peccata
3643 2969 3806 3027 labores,

754 3050 862 3107 Sed
883 3066 1038 3122 puer,
1067 3053 1332 3107 exstincto
1370 3053 1665 3108 abstulerat
1692 3053 1784 3122 qui
1823 3053 2025 3108 lumine
2048 3051 2198 3123 lycli-
2441 3065 2542 3130 Qui
2565 3073 2770 3120 tamam
2801 3067 2970 3120 merui
2999 3067 3209 3135 plagam
3241 3066 3420 3122 Felice
3445 3077 3677 3138 patrono,

2027 3143 2196 3214 [ηυιιιν
2225 3147 2270 3206 C
2445 3155 2741 3224 Vicinoque
2761 3154 2940 3216 simul,
2979 3157 3170 3211 Felicis
3197 3166 3251 3211 et
3280 3158 3513 3228 insuper
3536 3159 3639 3228 ipso

755 3234 925 3303 Quem
948 3233 1271 3304 deponendo
1297 3235 1487 3290 ίυηεῐη
1505 3235 1743 3299 Ιακπθῑ,
1769 3235 2015 3290 cumdel“
2443 3248 2618 3302 Natali
2640 3248 2804 3303 miser
2827 3249 3120 3318 excipere!
3147 3249 3291 3304 Heu!
3326 3265 3532 3318 magno
3551 3266 3658 3306 rens
3676 3248 3818 3314 ingens

754 3325 1002 3396 Neglexit
1030 3327 1191 3382 solito
1218 3326 1504 3382 adductum
1528 3327 1857 3396 restringere
1889 3327 2052 3381 nodo.
2303 3338 2408 3392 205
2447 3339 2682 3393 crimine
2704 3379 2718 3403 ,
2759 3354 2920 3408 quem
2959 3349 3087 3395 ωηο
3131 3356 3289 3411 mna
3330 3341 3499 3413 [εειιίι⁹
3525 3357 3622 3398 cum
3653 3338 3818 3392 solvent

755 3417 950 3472 Laxior
973 3418 1099 3472 hinc
1127 3417 1316 3471 humili
1345 3417 1586 3472 ﬂuitabat
1616 3419 1756 3474 linea
1786 3428 1982 3486 tractu,
3639 3429 3811 3503 [suci-ii,

621 3509 718 3564 1ΐί5
756 3510 933 3565 Crata-
959 3509 1092 3564 lucis
1117 3510 1293 3580 inops,
1329 3517 1385 3564 et
1413 3510 1545 3565 cmci
1577 3511 1736 3580 plena
1763 3510 1974 3581 pericli.
2303 3521 2652 3595 565-566
2671 3522 2891 3589 sanae,
2913 3539 3126 3594 precor,
3143 3541 3397 3582 succum,
3419 3535 3522 3583 ιυο
3541 3547 3552 3579 ε
3570 3520 3812 3592 mmsi-

756 3601 890 3655 Nam
912 3601 1088 3670 laquei
1116 3616 1384 3656 summum
1409 3600 1628 3655 dentata
1653 3602 1983 3656 minantibus
2009 3602 2163 3657 uncis
3525 3621 3644 3690 [mus
3664 3611 3820 3673 adstas,

757 3692 1096 3755 Armabatur,
1119 3699 1175 3746 et
1202 3692 1285 3747 bis
1305 3692 1446 3746 male
1466 3695 1593 3747 tunc
1616 3690 1715 3746 fuit
1735 3692 1890 3746 obvia
1917 3693 2089 3759 fratri,
2443 3705 2508 3760 Ει
2534 3706 2602 3762 de
2629 3707 2883 3775 contigua
2913 3707 3091 3762 missis
3119 3707 3190 3778 (ε)
3215 3707 3321 3762 huc
3349 3709 3574 3764 auribus
3589 3705 3685 3761 ωιιε

757 3783 904 3840 Pene
930 3785 1099 3850 male,
1125 3794 1180 3838 at
1207 3794 1340 3839 nutu
1358 3785 1557 3841 Christi
1579 3787 1734 3850 bene,
1757 3787 1848 3856 qui
1876 3788 2016 3843 bene
2035 3791 2200 3845 vertit
2444 3799 2671 3866 Audisti,
2697 3799 2867 3864 Felix,
2896 3800 3079 3854 ﬂetum
3110 3799 3335 3854 infelicis
3362 3800 3598 3863 alumni;

754 3876 1000 3932 Femlem
1025 3878 1180 3932 Ποδίε
1210 3877 1555 3933 memoranda
1586 3881 1641 3934 ίη
1669 3879 1861 3947 gaudia
1883 3895 2087 3935 0380m-
2442 3889 2566 3945 Sive
2591 3891 2753 3945 modo
2782 3891 2996 3946 excelso
3026 3891 3178 3945 lateri
3207 3890 3534 3957 coniunctus
3560 3891 3764 3944 adbarres

623 3968 718 4024 I60
817 3969 1174 4041 Ergo(videte
1203 3985 1418 4025 manum
1430 3970 1652 4042 Christi)
1674 3973 1816 4027 male
1831 3973 2095 4043 pendulus
2111 3974 2200 4030 ille
2299 3979 2404 4033 2l0
2444 3981 2582 4036 Ante
2609 3983 2861 4036 thronum
2884 3981 3062 4050 magni
3087 3981 3228 4048 regis
3247 3981 3551 4048 confessor,
3576 3979 3766 4038 amicus,

755 4060 860 4117 Per
881 4061 1130 4116 tenebras
1153 4062 1314 4116 solito
1335 4061 1476 4116 funis
1495 4063 1813 4118 submissior
1833 4068 1853 4097 ’
1884 4064 2020 4119 infra
2441 4070 2697 4142 Pauperis
2725 4072 2864 4126 hanc
2883 4071 3188 4126 venerande
3217 4072 3290 4125 tui
3318 4079 3470 4125 trans
3496 4071 3664 4126 nubila
3683 4081 3825 4122 vocem

754 4157 906 4211 Aeris
934 4164 1206 4210 assuetum
1235 4156 1466 4226 spatium
1498 4157 1770 4227 pendebat
1794 4174 1808 4223 ;
1840 4167 1896 4212 et
1926 4157 2050 4212 inde
2443 4162 2654 4233 Accipis
2680 4179 2810 4218 aure
2831 4162 2945 4230 Dei,
2973 4178 3148 4232 neque
3177 4163 3388 4224 temnis,
3415 4165 3517 4219 sed
3543 4163 3670 4234 petis
3693 4159 3780 4214 illic

751 4248 793 4302 Ε
817 4249 1008 4317 capitis
1036 4248 1257 4315 regione
1285 4246 1401 4317 pari
1431 4248 1712 4302 libramine
1744 4247 1937 4315 factus,
2441 4255 2611 4322 Quam
2638 4254 2770 4310 mihi
2797 4255 3048 4324 deportes
3072 4253 3284 4308 Christo
3309 4254 3602 4308 miserante
3628 4252 3828 4307 salutem.

757 4338 825 4394 Ut
853 4349 1024 4395 status
1047 4349 1072 4376 ι
1099 4339 1258 4410 hujus
1285 4348 1404 4394 erat
1427 4381 1442 4405 ,
1468 4353 1715 4395 securam
1743 4383 1758 4408 ,
1802 4341 1940 4394 heu!
1975 4340 2200 4409 cuSpide
2441 4347 2581 4416 Ergo
2601 4348 2743 4414 veni,
2762 4346 2932 4412 Felix,
2954 4348 3254 4417 animamue
3277 4362 3517 4416 perenne
3543 4344 3830 4417 patronus".

2021 4433 2195 4506 [ll‘imu
2299 4441 2406 4499 9.15
2441 4441 2592 4495 Nunc
2620 4457 2718 4510 pro
2745 4456 3010 4509 corporeo
3036 4440 3276 4494 medicus
3303 4439 3437 4493 mihi
3466 4456 3624 4495 curre
3653 4436 3830 4509 pericla.

623 4521 719 4578 I65
757 4523 979 4595 Excepit
1007 4524 1197 4580 faciem
1221 4523 1507 4591 venientis,
1531 4533 1586 4577 et
1608 4517 1785 4577 induit
1803 4537 1947 4579 unco
2224 4521 2274 4579 Ι)
2439 4531 2625 4596 Curre,
2649 4546 2860 4601 precor,
2877 4540 3199 4600 sanctasque
3219 4547 3409 4586 manus
3429 4547 3641 4603 appone
3653 4527 3832 4584 minanti

754 4613 1052 4670 Occurrens
1078 4615 1310 4679 oculum,
1336 4624 1634 4684 teneroque
1661 4614 1965 4684 perintima
1989 4615 2188 4686 lapsus,
2441 4622 2672 4694 Lapsum
2720 4623 2905 4686 oculo,
2950 4630 3006 4676 et
3047 4622 3208 4676 lixum
3247 4622 3390 4691 quod
3437 4624 3703 4693 conspicis
3738 4632 3834 4673 erue

753 4706 935 4761 Macro
956 4707 1098 4762 subit
1121 4705 1275 4772 cilio;
1305 4721 1410 4775 qua
1440 4706 1530 4760 vix
1553 4705 1692 4761 solet
1720 4713 1838 4761 arte
1867 4705 2116 4762 medendi
3631 4713 3833 4788 [ferrum

753 4799 921 4854 Cauta
948 4815 1136 4854 manus
1155 4800 1343 4881 laevem
1367 4799 1574 4870 trepido
1595 4798 1964 4854 moderamine
1991 4801 2189 4856 molem
2439 4810 2594 4877 Quod
2622 4810 2839 4880 propria
2867 4823 3124 4863 revocare
3145 4823 3308 4864 manu
3334 4825 3448 4863 non.
3467 4809 3665 4871 audeo,
3689 4822 3752 4859 ne
3775 4819 3838 4855 Ille

754 4893 978 4957 Ducere,
1001 4891 1422 4963 palpebramque
1447 4891 1549 4946 levi
1579 4891 1885 4946 suﬂ‘undere
1917 4899 2105 4946 tractu.

2438 4902 2663 4957 Lumine
2686 4903 2711 4940 ἀ
2744 4901 3056 4972 despoliem,
3087 4901 3211 4955 dum
3241 4917 3409 4955 conor
3435 4902 3645 4956 solvere
3667 4898 3779 4951 telo.

621 4986 717 5042 l70
823 4987 1114 5040 Percussus
1138 4986 1316 5040 subito
1339 4996 1445 5038 tam
1472 4984 1588 5039 duri
1615 4985 1857 5040 verberis
1884 4985 2015 5052 ictu,
2296 4995 2400 5049 220
2437 4997 2525 5051 Sic
2552 4995 2750 5050 etenim
2777 4995 2990 5065 penitus
3013 4994 3141 5048 mihi
3169 4995 3345 5049 sentio
3375 4992 3574 5048 fulmen
3599 4990 3819 5046 adactum

755 5079 1049 5142 Exclamat,
1079 5078 1417 5150 trepidasqne
1442 5094 1632 5132 manus
1655 5079 1900 5133 turbatus
1922 5078 1987 5133 ad
2013 5079 2187 5148 ipsum
2436 5085 2643 5141 Inserto
2669 5085 2769 5140 sub
2797 5093 2983 5154 operta
3012 5084 3150 5138 oculi
3182 5084 3476 5154 penetralia
3504 5083 3675 5143 clavo,

755 5171 881 5226 Fert
915 5171 1164 5236 oculum;
1206 5179 1262 5224 et
1305 5170 1505 5239 pariter
1549 5170 1787 5224 clausum
1817 5186 1940 5225 cum
1979 5170 2182 5225 lumine

2177 5192 2182 5222 ε
2442 5175 2509 5231 Ut
2528 5188 2736 5232 tantum
2764 5177 2942 5231 divina
2974 5192 3179 5239 manus,
3203 5191 3322 5243 qua:
3349 5173 3592 5228 condidit
3620 5173 3755 5241 ipsas

1969 5262 2188 5336 fferruni
2432 5269 2489 5324 In
2512 5271 2667 5325 nobis
2694 5269 2900 5334 oculos,
2923 5283 3040 5336 qua:
3069 5275 3120 5320 te
3143 5281 3358 5336 quoque
3378 5266 3566 5320 dextra
3595 5269 3843 5334 potentem

753 5362 1028 5430 Continet,
1052 5368 1112 5416 ut
1135 5359 1411 5430 reprimat,
1441 5360 1527 5414 vel
1556 5359 1600 5413 si
1631 5358 1808 5425 cadat,
1833 5368 1894 5412 ut
1914 5358 2185 5413 labentem
2434 5363 2676 5418 Sanifera
2701 5363 2895 5416 virtute
2924 5361 3090 5424 dedit,
3114 5377 3219 5430 qua
3249 5361 3521 5416 dazmonas
3546 5368 3696 5412 atros

753 5447 994 5522 Excipiet
1017 5452 1308 5520 globulum,
1338 5452 1427 5522 qui
1455 5451 1670 5505 luminis
1699 5450 1881 5505 intima
1911 5466 2144 5516 servans,
2289 5450 2396 5506 9.25
2433 5450 2802 5507 Excruciando
2831 5451 3041 5520 domas,
3072 5470 3175 5523 qua
3202 5454 3443 5522 corporis
3469 5464 3631 5504 omne
3658 5440 3823 5502 caduci

688 5575 712 5637 ξι
815 5572 898 5619 cst
925 5574 1143 5637 statura.
1176 5565 1307 5620 Vide
1338 5571 1448 5620 not.
1481 5561 1606 5618 265.
2363 5567 2442 5637 (α)
2469 5566 2591 5621 Mss.
2612 5567 2830 5637 Cermq
2859 5568 2915 5620 in
2943 5567 3155 5637 (frmido.

687 5633 712 5672 ιι
743 5632 1146 5708 |_(_|_¢stpupii1_n_.
2364 5632 2440 5708 (ὁ)
2473 5637 2568 5708 Ms.
2595 5635 2974 5692 Germanensis
2995 5632 3193 5708 codex,
3217 5645 3404 5691 servat.
3467 5703 3505 5708 _
3527 5703 3559 5708 __
3593 5703 3603 5708 _
3732 5695 3762 5708 υ

693 5575 712 5600 ἰ
739 5568 794 5617 Id
815 5572 898 5619 cst
925 5574 1143 5619 statura.
1176 5568 1307 5620 Vide
1338 5571 1448 5620 not.
1481 5568 1606 5618 ⁸265.
2363 5568 2420 5633 (α
2469 5568 2591 5621 Mss.
2623 5568 2830 5630 Cerm.,
2859 5568 2915 5620 in
2943 5568 3155 5637 (frmido.

693 5633 712 5672 ιι
743 5632 797 5686 Id
825 5643 907 5688 est
930 5635 1146 5706 pupilla.
2389 5640 2416 5691 ὁ
2473 5637 2568 5691 Ms.
2595 5635 2974 5692 Gerinanensis
3001 5638 3193 5700 codex,
3217 5645 3404 5691 servat.
3752 5696 3762 5708 ο

693 5715 713 5780 ξ
747 5703 874 5780 yide
903 5705 1167 5780 not.-‘f_264.
1233 5775 1244 5780 Α
2310 5778 2319 5780 ξ
2364 5568 2442 5780 id
2478 5705 2554 5760 Ita
2583 5723 2680 5761 ms.
2709 5707 2888 5763 Germ.
2933 5717 3044 5762 tum
3084 5707 3204 5764 edd.
3242 5709 3432 5762 tribus.
3467 5703 3608 5758 Editi
3652 5695 3843 5756 codices

689 5773 712 5811 δ
747 5773 871 5827 Vide
899 5792 982 5840 ep.
1017 5775 1102 5837 45,
1137 5793 1187 5828 ιι.
1220 5775 1269 5827 4.

1021 5775 1102 5837 45,
1137 5793 1187 5828 n.
1220 5775 1269 5827 4.
2291 5773 2428 5843 duo,
2449 5781 2599 5834 hinc.
