3996 6356
535 320 640 375 615
1504 320 1560 371 S.
1610 316 1876 371 PAULINI
1908 312 2157 369 NOLANI
2197 312 2500 368 EPISCOPI
2532 313 2883 368 POEMATA.
3686 321 3766 376 Bls

532 432 882 504 539-570
919 430 1319 500 Cernentesque
1359 431 1473 501 pari
1508 428 1882 499 splendentem
1920 426 2120 481 lumina
2151 432 2202 488 Α
2511 427 2747 481 Absente
2775 438 2904 480 tunc
2933 427 3056 479 luna
3087 426 3247 496 polo;

1959 518 2120 592 [visn,
2227 517 2582 590 571-572
2624 519 2822 572 Navem
2850 527 3072 588 repente
3100 517 3360 588 temporis
3385 518 3567 587 longo'
3591 530 3763 592 putrur

673 614 844 682 Quem
871 631 1008 685 pene
1035 615 1232 669 amisso
1262 613 1560 669 deformem
1589 613 1821 668 vidimus
1848 626 1977 673 uno,
2512 609 2648 664 Usus
2675 611 2904 665 vehendi
2937 611 3159 674 deserit,

672 703 943 760 laetamur
972 707 1050 777 (α)
1081 708 1238 762 tactis
1267 707 1371 762 lioe
1399 707 1601 777 sospite
1623 717 1646 742 υ
1666 705 1832 758 fratre
1850 701 2117 762 medullis,
2368 699 2729 770 Laterumque
2753 702 2886 755 laxis
2907 702 3132 756 solvitur
3151 702 3516 772 compagibus,

675 799 846 868 Quem
879 810 1029 856 Ianto
1057 801 1134 870 (ὁ)
1164 801 1320 856 nobis
1342 801 1562 856 donavit
1591 813 1815 853 munere
1834 795 2098 851 Christus.
2514 792 2800 862 Undasque
2828 795 2978 848 rimis
3006 795 3220 864 accipit.

530 889 637 946 330
672 892 801 947 Jure
823 895 998 948 oculis
1021 893 1162 948 hunc
1184 909 1342 962 atquo
1369 894 1524 961 meis,
1558 892 1611 946 in
1641 892 1843 946 lumine
1862 888 2014 958 cujus
2272 883 2342 938 40
2378 884 2598 940 Cunctis
2625 901 2877 955 soporem
2905 895 3149 942 suaserat
3175 887 3546 959 tranquillitas,

666 984 860 1039 Felicis
888 1000 1079 1038 manus
1106 985 1159 1038 in
1185 984 1402 1040 Christo
1433 1000 1550 1038 mea
1581 984 1753 1052 gloria
1784 982 1966 1049 fulget.
2511 979 2740 1034 Tantum
2769 982 3098 1049 gubernator
3124 982 3249 1050 vigil

671 1072 716 1127 Ο
739 1073 864 1128 felix
885 1090 1061 1138 casus,
1088 1075 1230 1129 bona
1261 1075 1502 1136 vulnera,
1535 1055 1692 1128 dulce
1720 1072 2000 1142 periclum,
2365 1069 2607 1126 Labente
2640 1085 2661 1112 ο
2693 1073 2902 1128 blandis
2930 1074 3104 1130 classe
3133 1089 3354 1129 securus
3379 1074 3524 1128 vadis

671 1165 774 1220 Per
800 1167 947 1236 quod
977 1167 1207 1234 cognovi
1238 1183 1324 1220 me
1352 1181 1538 1221 curam
1565 1165 1814 1234 martyris
1836 1177 1973 1217 esse.
2508 1165 2615 1219 lter
2643 1168 2865 1221 secabat
2892 1183 3197 1237 spumeum,

669 1259 826 1313 Tanti
851 1274 1082 1327 namque
1104 1259 1202 1312 fuit
1226 1259 1402 1313 lumen
1434 1258 1564 1312 mihi
1595 1272 1731 1328 pene
1763 1256 1984 1326 perisse,
2368 1253 2433 1308 Et
2463 1253 2715 1311 fortiores
2747 1258 3106 1327 provehendis
3128 1259 3372 1314 cursibus

529 1349 635 1406 355
675 1350 742 1406 Ut
761 1351 922 1406 modo
947 1351 987 1405 F
992 1353 1140 1408 elicis
1161 1352 1227 1406 de
1261 1353 1332 1423 (ε)
1366 1352 1565 1405 lumine
1595 1351 1775 1404 lumen
1799 1349 2080 1403 haberem.
2260 1345 2330 1398 ιδ
2508 1350 2680 1405 Auras
2704 1353 2936 1406 vocabat
2964 1353 3142 1408 sibilo.

1068 1463 1302 1519 POEMA
1340 1463 1526 1519 XXIV.
2366 1440 2575 1496 Interea
2606 1461 2646 1497 n2

2366 1440 2575 1496 Interea
2606 1445 2758 1503 navis
2784 1446 2942 1501 altius
2964 1445 3281 1502 decrescere

867 1581 880 1593 .
1089 1580 1101 1592 .
1146 1582 1155 1592 .
1238 1580 1250 1591 .
1381 1581 1391 1592 .
1433 1581 1444 1593 .
1801 1578 1810 1588 .
2512 1534 2807 1589 Crescente
2829 1537 3039 1606 pletura
3069 1539 3182 1601 sui,

530 1577 608 1632 De
632 1582 911 1651 naufragio
942 1579 1250 1633 Martmmm
1291 1579 1467 1651 scribit
1501 1578 1569 1651 ad
1602 1577 1931 1651 Cyl/renum,
1957 1594 2110 1651 quem
2365 1623 2687 1651 “Lunam”
2715 1643 2832 1651 MM
2861 1629 3016 1651 In,”
3050 1631 3249 1651 _A____!

603 1623 2116 1720 massam;aggressi.sagaragu'zzgi-
2365 1623 2688 1720 Tabqlisque
2861 1629 3019 1684 Ianus
3050 1630 3356 1685 laxantibus

600 1721 722 1775 dum
751 1717 1045 1776 tradiderit.
1454 1717 1463 1720 ⁷
1496 1787 1498 1790 ν
2502 1717 2732 1773 lncurrit
2754 1720 2892 1774 unda
2915 1721 3144 1790 largior;

530 1849 788 1890 ηειιονιυε
838 1836 914 1906 (d)
965 1852 1218 1891 PAliLlNUS
1265 1850 1526 1890 cvrusnto
1572 1848 1767 1886 rnnm
1797 1849 1846 1885 LV
1895 1848 2108 1887 cnnlsra

1897 1848 2118 1887 cumsm
2154 1815 2196 1869 Β
2257 1807 2328 1862 50
2364 1807 2678 1879 Quibusque
2701 1813 2831 1866 nulli
2862 1813 2929 1867 de
2957 1814 3072 1867 salo
3103 1813 3294 1870 lluctus
3323 1827 3475 1872 erant

553 1921 556 1925 χ
848 1901 856 1906 -
898 1901 907 1906 τ
1191 1923 1457 1962 sum“.
2505 1901 2561 1955 In
2595 1919 2730 1958 nave
2762 1903 2956 1959 fluctus
2988 1907 3244 1971 nascitur,

667 1997 1046 2053 Martinianum
1076 2000 1322 2069 spiritum
1354 1999 1572 2053 fratrem
1604 1998 1772 2061 mihi,
2365 1991 2430 2047 Et
2457 1994 2820 2050 dormientum
2851 1998 3093 2054 membra
3114 1999 3227 2068 jam
3255 2001 3588 2056 subterlucns

821 2092 1042 2165 Unaque
1063 2107 1377 2162 germanum
1409 2093 1531 2157 fide,
2516 2084 2631 2141 Udo
2659 2088 2838 2156 rigore
2865 2092 3108 2144 suscitat.

670 2183 840 2249 Quem
871 2192 930 2238 tu
957 2184 1170 2239 disertis
1198 2194 1520 2254 prosecutus
1547 2183 1742 2238 litteris
2370 2173 2436 2228 Ut
2459 2179 2627 2231 sensit
2657 2195 2813 2246 unus,
2843 2196 2968 2235 mox
2999 2191 3054 2236 et
3081 2183 3237 2248 alter,
3269 2185 3514 2238 omnibus

811 2275 892 2329 Ad
919 2291 1016 2330 nos
1041 2275 1225 2330 venire
1257 2275 1330 2347 (ε)
1357 2277 1602 2339 miseras,
2505 2267 2758 2325 FOI‘MidO
2786 2287 3033 2327 somnum
3063 2274 3298 2328 discutit.

602 2365 635 2420 5
672 2367 821 2423 Nunc
849 2369 936 2422 vix
965 2369 1155 2424 salutis
1184 2377 1492 2439 compotem
1525 2367 1721 2422 factum
1753 2381 1862 2421 sua:
2366 2360 2578 2415 Timent
2605 2378 2806 2432 pavore
2829 2368 3037 2432 mortis,
3060 2377 3115 2421 et
3141 2384 3334 2423 causas
3358 2370 3530 2424 adhuc

809 2458 1035 2528 Scriptis
1061 2459 1274 2514 inanem
1303 2457 1547 2528 perditis,
2509 2453 2737 2508 Titnoris
2767 2455 3014 2522 ignorant
3041 2460 3142 2512 sui.

670 2549 776 2604 Sed
797 2551 1038 2606 caritatis
1061 2550 1291 2605 indicem
1312 2551 1531 2620 plenutn
1562 2557 1665 2605 tum
2363 2543 2477 2609 Qua
2507 2545 2688 2600 miseri
2719 2545 2923 2615 fugiant
2948 2551 3170 2619 pelagus
3199 2551 3452 2609 infestum
3481 2554 3602 2609 via?

811 2643 880 2697 Ut,
909 2659 970 2698 os
998 2652 1144 2697 tuum
1173 2644 1530 2713 suscepimus.
2505 2638 2817 2707 Merguntur
2845 2643 2896 2696 in
2927 2644 3048 2697 navi
3077 2659 3191 2698 sua.

670 2736 735 2790 Et
755 2737 1022 2792 veriorem
1045 2737 1238 2792 litteris
1260 2737 1545 2808 epistolam
2257 2729 2327 2784 ὅθ
2365 2729 2422 2785 Si
2449 2733 2719 2788 concitata
2752 2733 2998 2790 ferveant
3018 2739 3193 2793 ventis
3222 2739 3383 2806 freta,

573 2831 639 2884 lO
819 2831 893 2887 De
923 2831 1087 2886 corde
1115 2833 1378 2901 signatam
1412 2839 1525 2887 tuo.
2501 2826 2632 2882 Navi
2665 2836 2940 2884 teneretur
2965 2833 3137 2899 salus;

667 2921 800 2975 Cum
831 2932 884 2977 te
913 2921 1140 2978 referret
1167 2923 1394 2991 spiritali
1425 2923 1623 2984 littera,
2359 2918 2502 2972 Intra
2532 2921 2726 2975 carinie
2755 2923 2959 2977 viscera
2989 2923 3165 2979 infuso
3194 2927 3362 2991 mari,

810 3015 877 3069 Et
898 3026 1078 3071 mente
1098 3026 1153 3071 et
1176 3031 1306 3071 aure
1329 3017 1576 3084 legimus.
2501 3009 2618 3077 Quo
2637 3013 2745 3066 vita
2767 3021 3016 3083 captetur
3037 3015 3189 3070 loco?

667 3108 818 3163 Tunc
843 3110 1002 3164 ambo
1029 3110 1152 3163 nexi
1183 3109 1249 3162 ad
1270 3109 1498 3163 invicem
1530 3107 1748 3162 dextras
1773 3108 1798 3146 δ
1821 3108 2012 3162 damus
2361 3105 2492 3172 Quis
2519 3115 2707 3174 portus
2727 3105 2857 3174 illis,
2885 3110 3039 3178 queis
3067 3119 3121 3163 et
3151 3111 3201 3163 in
3234 3111 3357 3165 navi
3383 3125 3531 3167 mare
3556 3121 3648 3176 est,

733 3188 736 3195 ’
816 3202 872 3257 1η
903 3203 1090 3258 osculo
1114 3203 1262 3272 pacis
1284 3217 1472 3266 sacrm,
2143 3185 2190 3245 (ἶ
2257 3199 2326 3252 b5
2501 3198 2655 3266 Quod
2687 3201 2830 3255 intus
2856 3217 3072 3271 pressos
3095 3205 3321 3259 enecat?

563 3294 630 3348 1'5
670 3294 735 3348 Et
765 3294 1104 3350 immolanius
1133 3294 1360 3348 hostiam
1392 3292 1564 3346 laudis
1589 3292 1720 3357 Deo,
2363 3291 2468 3346 Sed
2498 3308 2627 3346 aura
2651 3334 2665 3354 ,
2694 3302 2880 3362 portus
2899 3335 2911 3357 ,
2937 3301 2990 3347 et
3021 3294 3168 3350 salus
3193 3296 3404 3351 cunctis
3433 3295 3571 3352 Deus

807 3384 1106 3455 Gratesque
1128 3383 1661 3448 Christo'redditnus.
2511 3386 2724 3440 Manum
2755 3397 3032 3457 paternam
3064 3389 3308 3459 porrigit,

669 3476 786 3541 Quo
819 3477 1102 3542 liberante,
1137 3483 1320 3529 nostra
1349 3489 1534 3544 sospes
1562 3490 1592 3528 e
1623 3473 1755 3527 mari
2359 3482 2424 3536 Et
2447 3484 2586 3538 inter
2615 3485 2721 3538 alta
2749 3482 2910 3538 medii
2936 3483 3093 3540 dorsa
3123 3486 3368 3554 gurgitis,

813 3568 1080 3621 lntrarat‘
1112 3568 1310 3636 hospes
1343 3566 1522 3619 limina
1551 3583 1564 3618 :
2502 3573 2724 3629 Pietatis
2754 3575 3013 3645 expandit
3037 3577 3237 3640 sinum,

665 3659 798 3712 Nam
828 3659 942 3713 dira
972 3675 1179 3728 passus,
1207 3669 1261 3712 et
1288 3667 1466 3712 tamen
1493 3658 1756 3712 miracula
2253 3663 2324 3716 70
2361 3663 2478 3730 Quo
2508 3651 2735 3734 abrupta
2758 3665 2948 3719 mortis
2977 3665 3274 3722 incidentes
3295 3669 3518 3739 excipit,

557 3749 628 3805 20
802 3748 1071 3819 Expertus
1101 3750 1151 3804 in
1182 3749 1458 3820 periculis.
2502 3755 2567 3808 Et
2597 3757 2647 3809 in
2677 3757 2818 3810 vado
2848 3757 2968 3810 vita:
3000 3757 3160 3811 locat.

552 3839 557 3844 ’
657 3837 836 3896 Patria
865 3841 1136 3911 profectus
1165 3843 1380 3909 cognita
1404 3855 1566 3895 causa
1598 3840 1696 3894 tibi
2353 3849 2620 3919 Scapham
2651 3852 2936 3918 sequacem
2962 3851 3320 3919 quadriremis
3349 3853 3600 3907 machina

803 3933 912 3988 lter
939 3933 1189 4003 pedestre
1218 3933 1453 4001 legerat:
2501 3939 2581 3993 Ad
2610 3941 2746 3995 hanc
2775 3957 2932 4011 opem
2963 3952 3251 4012 paraverat
3277 3963 3290 3998 :

657 4025 763 4081 Sed
785 4026 944 4095 longa
974 4041 1156 4080 secum
1186 4025 1357 4096 spatia
1389 4033 1652 4080 terrarum
1683 4033 1895 4094 putans,
2360 4030 2430 4085 Ut
2451 4047 2588 4100 quos
2613 4033 2681 4086 ab
2704 4033 2791 4086 illa
2814 4035 2970 4102 plebe
2991 4033 3016 4071 ά
3041 4037 3405 4104 navigantium

791 4118 966 4173 Vertit
997 4118 1094 4172 via:
1121 4118 1442 4172 sententiam
1468 4159 1483 4184 ,
2252 4120 2322 4173 75
2497 4121 2729 4178 Servare
2764 4124 2983 4192 legisset
3007 4137 3030 4162 θ
3065 4127 3228 4195 Deus,

553 4210 622 4264 25
659 4211 726 4264 Et
753 4211 980 4266 otiosam
1011 4208 1305 4264 lluctuandi
1335 4225 1592 4264 nauseam
2388 4211 2700 4283 Susciperet
2728 4215 2837 4279 illa,
2867 4230 2988 4284 quae
3016 4217 3387 4276 dehiscentem
3417 4222 3552 4276 mari

802 4301 1005 4358 Pedum
1028 4302 1202 4357 labori
1224 4302 1479 4372 praetulit.
2461 4359 2464 4362 .
2493 4304 2730 4361 Classem
2753 4307 3045 4363 adnatabat
3067 4314 3387 4368 comminus.

661 4395 910 4450 Narbone
938 4395 1098 4450 solvit
1123 4411 1221 4465 per
1245 4404 1450 4450 trucem
1472 4396 1626 4464 ponti
1651 4395 1790 4449 viam
2355 4395 2505 4451 Hanc
2525 4397 2640 4466 ipse
2667 4399 2819 4454 navis
2844 4408 3044 4463 rector,
3068 4410 3264 4457 etcum
3288 4405 3470 4460 littore

804 4489 999 4558 Fragili
1025 4489 1221 4543 carinae
1249 4488 1521 4543 credulus.
1936 4493 1939 4495 ’
2493 4488 2550 4543 In
2580 4489 2688 4543 alta
2716 4491 2892 4560 primo
2918 4492 3172 4559 solveret,

662 4580 798 4636 Hinc.
818 4581 908 4635 ille
937 4595 1124 4649 gressu
1152 4581 1236 4635 vir
1263 4581 1452 4651 piger'l
1473 4595 1628 4635 versa
1647 4581 1766 4635 vice
2139 4569 2192 4630 D
2250 4579 2318 4633 80
2356 4579 2688 4635 Novatianus
2713 4581 2822 4644 ille,
2848 4583 3126 4638 discissam
3155 4585 3309 4641 fidem

554 4670 623 4724 30
801 4671 886 4725 Fit
916 4671 1198 4740 navigandi
1227 4672 1512 4740 pcenitens.
2498 4671 2558 4726 In
2587 4671 2752 4727 corde
2772 4681 2994 4743 portans
3018 4675 3296 4746 naufrago,

657 4761 883 4832 Jamque
905 4764 924 4793 ³
951 4771 1010 4816 ut
1037 4761 1311 4832 profectus
1341 4762 1641 4818 continenti
1673 4762 1913 4816 littorum
1938 4761 1962 4792 ⁸
2359 4762 2530 4820 Homo
2556 4767 2770 4830 mortis,
2798 4774 2854 4821 et
2879 4775 3003 4836 apta
3034 4770 3196 4824 morti
3222 4767 3468 4840 cogitans

802 4853 860 4908 ln
889 4855 996 4908 alta
1025 4855 1289 4924 processit
1317 4859 1475 4919 freta,
2496 4854 2572 4910 De
2599 4872 2750 4911 more
2779 4873 2877 4912 suo
2900 4857 3100 4924 voluit,

657 4945 774 5000 Jam
797 4956 956 5002 nocte
976 4946 1164 5013 densa,
1187 4945 1284 5000 sed
1314 4961 1508 5001 sereno
1538 4945 1714 5001 lucida
2359 4946 2428 5001 Ut
2456 4956 2602 5002 esset
2631 4964 2855 5002 onerum
2883 4950 3082 5018 portio,
3119 4952 3171 5006 in
3204 4968 3394 5008 navem
3425 4969 3577 5008 suam

798 5037 1024 5093 Ridente
1052 5037 1338 5107 tranquillo
1361 5038 1546 5102 maris,
2247 5038 2318 5094 85
2498 5039 2760 5110 Properat
2787 5044 2967 5097 statim
2995 5047 3392 5113 conscendere;

548 5129 618 5184 55
653 5130 787 5184 Cum
809 5131 922 5184 sola
944 5145 1131 5184 cursus
1151 5129 1464 5183 ordinarent
1484 5128 1664 5184 sidera
2351 5133 2418 5188 Et
2445 5149 2569 5189 cum
2590 5135 2796 5203 periclo
2826 5137 3181 5206 stringeretur
3209 5141 3420 5207 ultimo,

584 5310 602 5328 ‘
645 5306 788 5360 Alias
831 5304 895 5358 13
922 5323 934 5359 :
966 5305 1110 5376 quod
1151 5315 1330 5360 autem
1371 5304 1434 5358 21
1472 5313 1622 5374 erat,
1649 5303 1806 5372 inunc
1837 5305 1925 5361 18.
1958 5307 2102 5362 Scri-
2207 5313 2348 5366 testis
2377 5311 2472 5364 hoc
2503 5311 2719 5376 hospite.
2746 5290 2969 5375 Vulgata
3000 5312 3162 5368 lectio
3193 5315 3510 5369 concinnior
3529 5321 3582 5368 et
3609 5312 3754 5368 verior

515 5380 831 5450 ptuln__lorte
860 5375 1159 5450 ³11119ρΟ0.
2208 5383 2315 5437 visa
2343 5391 2444 5436 est.
2471 5375 2604 5435 Vide
2631 5389 2744 5450 not.
2772 5379 2896 5434 9.62.

587 5463 609 5526 τ
652 5447 784 5526 Vide
815 5457 924 5501 nnt.
2215 5521 2241 5526 _
2278 5452 2351 5521 (ὁ)
2371 5452 2606 5526 _Sic_ms.
2636 5449 2816 5526 Germ.
2851 5461 2907 5505 et
2933 5452 3017 5507 ed.
3039 5454 3199 5526 Crin.
3230 5462 3284 5510 et
3313 5455 3540 5525 Poelm.,
3561 5455 3758 5526 optime.

590 5517 616 5556 δ
661 5519 788 5573 Vide
813 5528 926 5573 not.
950 5516 1075 5570 9.66.
2203 5516 2384 5577 Ceteri
2413 5521 2648 5585 codices,
2680 5519 2843 5585 Quem
2866 5532 3010 5575 tanto
3032 5524 3120 5576 ille
3141 5526 3304 5579 bouis.

589 5612 610 5664 ις
653 5588 836 5664 Virgil.
864 5605 949 5641 vni
979 5586 1194 5642 Aineid.
1221 5587 1352 5642 Vide
1381 5595 1494 5642 not.
1528 5585 1654 5642 267.
2207 5662 2248 5664 μ
2277 5595 2347 5664 (c)
2389 5593 2784 5664 Manuscriptus
2847 5590 3232 5650 Germanensis
3305 5596 3502 5662 codex,
3552 5609 3756 5650 munere.

585 5657 610 5695 ά
653 5657 707 5732 ld
735 5668 816 5712 est
845 5675 1074 5732 numero.
2205 5657 2446 5732 Utraque
2471 5657 2824 5732 lectioibona.

589 5740 612 5766 υ
654 5728 719 5802 1ι1Δ
733 5737 818 5802 est
844 5729 1105 5802 elegisset:
1154 5801 1161 5802 γ
1210 5801 1215 5802 γ
1380 5798 1406 5802 Α
1763 5799 1795 5802 _7
1831 5800 1838 5802 Α
1950 5800 1977 5802 η
2275 5728 2470 5802 (ιη-ιω
2500 5749 2600 5787 ms.
2635 5731 2766 5800 Reg.
2798 5732 2854 5786 ln
2885 5733 3044 5791 editis
3071 5735 3222 5790 deest
3251 5733 3539 5791 Msnorws.

552 5837 554 5840 μ
585 5803 662 5868 (α)
702 5798 824 5853 Mss.
851 5801 1062 5853 codices
1077 5800 1272 5870 Belgic.
1290 5809 1345 5856 et
1368 5798 1552 5857 Germ.
1571 5815 1693 5858 cum
1713 5799 1873 5858 editis
1894 5800 2090 5866 tribus,
2275 5798 2346 5876 (e)
2388 5802 2484 5858 Ed.
2516 5798 2736 5869 Scbot.,'
2749 5804 3008 5875 junci-at.
