3996 6356
196 345 290 399 617
1645 340 1769 398 ΡΟΕ

1855 348 1872 397 l
1913 343 2088 401 XXIV.
3334 350 3433 404 1518

463 455 676 515 Molitus
702 460 1096 530 est'expellere,

331 549 394 606 Ut
417 552 542 606 fune
569 560 728 622 rupto
758 569 863 622 quo
893 553 1195 607 cobzercbat
1224 552 1357 614 rati,

455 641 823 697 Dimitterctur
850 645 1077 713 aequori.

222 736 286 788 9'4)
323 734 423 790 Sed
451 736 802 804 plurimorum
833 753 963 791 voce
993 737 1167 791 victus
1195 737 1389 802 obvia,

461 827 540 882 Ab
571 839 801 896 utroque
831 829 1027 882 mansit
1057 829 1260 896 irritus,

323 919 451 985 Quia
478 921 805 988 pnevalebat
833 921 1070 974 omnium
1099 922 1365 976 sententia

461 1011 662 1065 Autore
687 1011 903 1066 Christo
934 1009 1146 1076 fortior,

324 1099 389 1154 Ut
413 1116 539 1154 mox
568 1101 765 1155 salubri
793 1101 956 1156 barca
985 1111 1012 1139 ι
1038 1101 1280 1172 perfugio
1308 1100 1446 1159 foret

165 1190 252 1252 .95
460 1189 631 1260 Puppi
660 1200 936 1260 superstes
965 1193 1189 1246 obrutae.

319 1281 580 1334 Inusitata
609 1281 872 1356 naufragii
899 1281 1063 1336 facies
1087 1291 1230 1346 erat,

457 1368 602 1424 Mors
630 1371 800 1433 navis,
834 1379 890 1426 et
918 1387 1022 1442 pax
1048 1373 1297 1442 aequoris.

319 1459 673 1533 573-575I
708 1462 860 1517 Foris
889 1463 1109 1518 sedebat
1127 1464 1182 1518 iu
1211 1461 1346 1519 freto
1369 1462 1739 1536 tranquillitas,

194 1552 283 1604 100
457 1553 516 1608 In
547 1570 683 1609 nave
713 1564 1004 1624 tempestas
1028 1567 1164 1610 erat.

241 1668 245 1670 ·
319 1641 432 1698 Non
457 1661 589 1699 saxa
613 1633 863 1712 classem,
885 1663 992 1701 non
1014 1647 1251 1716 procella
1276 1648 1506 1718 fregerat
1533 1667 1544 1701 :

457 1736 564 1790 Sed
595 1737 676 1792 bis
705 1747 944 1793 vetustas
971 1738 1166 1792 fortior

313 1826 571 1882 Clavante
599 1828 740 1882 ferro
764 1828 914 1882 ﬁrma
939 1829 1068 1896 ligni
1087 1829 1110 1865 ι»
1140 1829 1335 1884 robora
1359 1832 1379 1862 ⁸

459 1919 600 1975 ίΕνο
627 1929 835 1975 terente
858 1921 1112 1976 solverat.

196 2009 281 2064 105
313 2007 522 2066 Caelum
551 2011 756 2065 serenis
783 2011 1019 2065 enitebat
1044 2012 1120 2082 (a)
1151 2013 1404 2077 vultibus,

456 2101 628 2155 Astris
647 2100 926 2155 renidebat
947 2117 1114 2156 mare.

316 2194 513 2249 Verum
541 2193 666 2262 quid
698 2193 802 2248 illis
831 2193 949 2248 laata
972 2203 1255 2252 ventorum
1283 2198 1440 2253 simul

462 2283 749 2362 Pelagique
777 2286 1064 2354 prazstabat
1093 2289 1266 2358 quies,

316 2376 466 2442 Quos
487 2375 772 2432 deserebat
799 2378 853 2432 in
885 2377 1150 2448 profundo
1175 2382 1457 2436 marmoris

197 2466 283 2522 110
459 2466 688 2524 Vectura
722 2469 937 2540 dilapsa:
966 2471 1134 2524 ratis?

319 2560 462 2614 Bibit
491 2559 631 2613 unda
660 2575 850 2614 navem
869 2601 884 2626 ,
915 2561 1068 2616 navis
1099 2561 1293 2616 undam
1324 2564 1609 2628 combibit,

460 2651 778 2716 Sorbentur,
805 2662 860 2708 et
884 2655 1106 2709 sorbent
1133 2669 1303 2724 aquae.

315 2741 570 2796 lnebriati
597 2744 792 2798 navita:
819 2753 948 2813 potu
979 2745 1128 2811 salis,

466 2830 624 2885 Tristi
653 2841 916 2887 necantur
942 2835 1180 2904 crapula.

205 2919 286 2971 115
320 2921 550 2976 Ridebat
579 2923 697 2977 aliis
723 2924 868 2978 mitis
897 2924 1037 2978 unda
1067 2925 1307 2992 navibus,

463 3012 669 3082 Unique
696 3015 920 3069 szevibat
944 3016 1070 3070 rati.

317 3105 424 3160 Sed
453 3107 506 3160 in
535 3108 740 3176 periclo
768 3108 1121 3178 plurimorum
1146 3125 1372 3166 cernere
1393 3108 1477 3166 est

456 3208 703 3265 Caelestis
732 3219 907 3265 actum
935 3213 1219 3268 examinis.

314 3301 614 3358 Commune
641 3311 866 3358 cunctos
891 3319 997 3358 una
1024 3319 1161 3372 quos
1190 3306 1342 3361 navis
1369 3307 1513 3363 vehit

203 3395 282 3448 I20
461 3394 766 3451 Periculum
793 3397 983 3451 mortis
1011 3405 1224 3463 manet;

315 3497 383 3552 Et
414 3514 539 3554 ecce
563 3499 726 3552 variis
752 3498 1062 3553 dividuntur
1091 3500 1324 3564 casibus,

462 3589 542 3642 Ad
570 3598 798 3644 mortem
827 3599 884 3644 et
910 3590 976 3643 ad
1003 3590 1166 3644 vitam
1196 3591 1330 3644 dati.

314 3680 471 3746 Quod
499 3696 566 3734 ne
595 3689 813 3750 putetur
838 3680 976 3734 forte
1005 3681 1307 3750 permixtim
1331 3685 1350 3715 ⁷
1372 3685 1526 3740 bonis

465 3769 634 3825 Simul
657 3770 913 3825 tributum
941 3771 1027 3824 vel
1053 3771 1229 3833 malis,

203 3868 282 3920 l2?)
311 3871 540 3928 Constat
562 3872 767 3941 perisse
794 3870 1159 3925 Christianum
1189 3873 1493 3937 neminem,

457 3961 522 4016 Et
551 3963 800 4016 interisse
829 3961 1085 4031 perﬁdos.

315 4063 558 4130 Namque
587 4069 679 4116 aut
706 4063 938 4130 maligno
967 4067 1129 4119 corde
1149 4065 1361 4120 Judaeus
1384 4068 1544 4136 perit,

458 4152 602 4207 Reus
631 4160 722 4205 aut
750 4155 966 4222 superbi
997 4155 1318 4211 schismatis.

313 4245 714 4312 Quemcumque
742 4244 940 4299 Christi
969 4255 1114 4302 recta
1139 4248 1367 4315 signavit
1396 4248 1543 4314 ﬁdes,

201 4333 290 4386 150
468 4334 620 4389 Hunc
647 4336 756 4388 vita
785 4337 1038 4404 cognovit
1065 4353 1241 4392 suum.

317 4435 521 4488 Tamen
547 4433 695 4488 fuere
719 4433 1034 4489 Christianis
1056 4437 1244 4499 additi,

465 4524 696 4578 Necdum
725 4525 829 4579 hoc
849 4528 1043 4580 sacrati
1074 4529 1309 4593 nomine,

319 4617 465 4684 Quos
494 4617 558 4671 de
584 4617 852 4687 profundo
877 4619 1058 4688 juncta
1090 4623 1323 4675 servavit
1352 4621 1493 4690 fuga,

459 4707 594 4773 Quia
616 4707 934 4762 Christianis
962 4709 1245 4764 hmserant.

201 4792 289 4845 155
321 4795 451 4850 Nam
478 4813 599 4852 cum
632 4796 829 4851 infideli
854 4799 1011 4868 plebe
1043 4811 1066 4839 ο
1095 4802 1455 4868 navigantium

463 4888 654 4942 Nullus
683 4889 851 4943 ﬁdelis
877 4905 1084 4945 mersus
1107 4900 1207 4946 est.

323 4981 390 5036 Ut
417 4983 564 5037 clara
592 4981 771 5049 magni
800 4983 998 5037 veritas
1026 4985 1266 5054 mystcrii

459 5073 704 5129 Ostendit
733 5075 784 5128 in
813 5076 997 5144 paucis
1024 5073 1183 5140 Deus,

321 5165 473 5231 Quod
503 5166 609 5222 fine
636 5167 818 5221 mundi
845 5167 1142 5222 dividendis
1168 5169 1418 5235 gentibus

200 5250 286 5305 H0
459 5257 752 5311 Discrimen
783 5256 835 5310 in
865 5266 1084 5312 cunctos
1111 5259 1241 5323 erit,

259 5396 280 5420 ⁸
320 5387 450 5443 Vide
479 5400 591 5443 not.
614 5389 741 5443 ἶ268.

259 5456 280 5490 δ
401 5469 479 5513 est
507 5477 740 5529 quercus.

261 5537 280 5599 ’ξ
319 5523 374 5599 ιρι
405 5538 484 5582 est
508 5523 737 5584 numero.
764 5531 892 5586 Vide
919 5548 970 5585 v.
1003 5531 1090 5597 74,
1120 5543 1175 5586 et
1202 5549 1370 5587 carm.
1397 5533 1482 5599 10,
1508 5549 1560 5586 v.
1587 5533 1674 5587 7l.

257 5592 279 5627 ¹¹
319 5596 485 5666 Apoc.
515 5616 607 5660 vn,
637 5600 672 5652 2
699 5609 752 5654 et
779 5601 832 5655 5.

259 5671 282 5698 θ
324 5665 450 5720 Vide
479 5679 591 5721 not.
625 5668 745 5723 269.

265 5733 279 5767 ί
303 5733 434 5789 Vide
463 5747 573 5791 not.
598 5739 720 5791 270.

259 5801 332 5870 (a)
356 5802 448 5857 Ms.
483 5805 676 5875 Regius
699 5809 862 5864 codex
892 5828 1012 5865 cum
1041 5809 1197 5865 editis
1223 5809 1476 5879 quinque,
1510 5811 1744 5865 nubibus.

427 5903 694 5962 ΡΑτιιοι..
744 5906 906 5968 l..\'.l.

1780 465 1828 517 Α
1997 462 2130 514 Cum
2159 471 2487 531 praenotatos
2515 478 2608 519 ora
2639 465 2840 521 vexillo
2867 465 3043 521 crucis

2143 551 2414 608 Transibit
2441 555 2582 610 ultor
2603 556 2823 624 angelus
2845 553 2891 607 ἀ.

2003 641 2093 695 Sic
2122 658 2256 696 nave
2287 645 2338 696 in
2369 645 2456 698 illa
2488 661 2645 699 nemo
2675 646 2836 700 morti
2866 646 3113 712 traditus,

2145 732 2246 799 Qui
2267 735 2492 790 veritate
2520 736 2794 806 prmditus.

1864 821 1968 874 145
2004 824 2200 878 Vixerc
2223 824 2395 893 juncti
2421 824 2738 881 Christianis
2768 828 2939 897 impii,

2144 915 2406 972 Vincente
2436 926 2650 972 noctem
2680 919 2899 974 lumine.

2004 1004 2134 1058 Nam
2165 1005 2498 1062 Christianos
2522 1023 2810 1077 aggregare
2836 1010 3082 1075 mortuis,

2142 1099 2351 1154 Virtute
2382 1100 2456 1170 (b)
2483 1111 2505 1137 ο
2528 1116 2679 1158 cassa
2704 1117 2849 1155 mors
2878 1100 2995 1154 fuit.

2001 1187 2134 1256 Quia
2163 1188 2337 1245 fronte
2365 1192 2575 1260 signum
2604 1191 2916 1246 Christianis
2937 1193 3130 1246 emicat

1864 1282 1968 1337 150
2091 1326 2098 1335 .
2147 1284 2265 1351 Quo
2295 1301 2440 1340 mors
2468 1287 2688 1340 subacta
2717 1286 2938 1341 corruit.

2002 1375 2310 1430 Navarchus
2336 1377 2449 1446 ipse
2479 1377 2699 1448 perdita:
2727 1378 2974 1448 princeps
3003 1379 3134 1432 ratis

2142 1464 2494 1521 Pereuntibus
2521 1469 2727 1536 primus
2754 1467 2870 1522 fuit.

2001 1554 2242 1622 Namque
2271 1565 2397 1611 ante
2427 1557 2617 1626 pelago
2645 1574 2804 1628 quam
2835 1559 3037 1628 periret
3066 1557 3372 1624 naufragus,

2127 1634 2254 1700 .Jam
2285 1657 2465 1702 mente
2493 1649 2924 1718 naufragaverat.

2005 1735 2092 1790 Bis
2119 1751 2324 1790 mersus
2348 1738 2456 1804 ille,
2485 1754 2647 1807 quem
2675 1740 2858 1794 carina
2887 1739 3133 1796 ﬂuctibus

2146 1827 2411 1881 Demersit
2428 1870 2443 1895 ,
2465 1845 2619 1902 error
2647 1829 2831 1885 inferis

2001 1916 2272 1972 Potuisset
2301 1919 2391 1974 ille
2417 1935 2476 1976 se
2504 1919 2706 1989 periclo
2735 1920 3079 1990 abrumpere,

2143 2009 2497 2082 575-576
2525 2009 2630 2065 Sed
2653 2001 2890 2065 debitum
2922 2012 3082 2065 morti
3103 2022 3265 2081 caput

2000 2099 2222 2170 Captiva
2249 2101 2423 2170 dignis
2449 2117 2601 2157 mens
2622 2102 2767 2156 avari
2791 2103 3016 2158 vinculis

1864 2191 1966 2245 100
2141 2193 2440 2248 Adstrinxit
2466 2195 2519 2249 in
2543 2194 2702 2250 tinem
2733 2195 2924 2263 ligans.

2006 2285 2137 2340 Nam
2168 2302 2234 2341 ne
2263 2296 2536 2356 superstes
2561 2288 2712 2342 navis
2741 2296 2796 2343 et
2821 2289 3015 2344 mercis
3043 2287 3205 2358 foret,

2145 2377 2341 2432 Necem
2363 2378 2519 2432 saluti
2552 2380 2806 2451 praetulit.
2834 2413 2875 2449 α

2005 2465 2377 2521 Martinianum
2393 2465 2504 2535 jam
2526 2483 2774 2536 supremo
2791 2468 3019 2524 stamine

2143 2559 2502 2633 Mergentibu‘s
2530 2561 2757 2615 mixtum
2785 2561 2916 2615 viris
3003 2606 3006 2608 .

1866 2651 1967 2705 165
2003 2651 2398 2706 Tumultuantis
2419 2653 2618 2707 excitat
2645 2657 2664 2684 ⁸
2694 2652 2860 2706 turbae
2889 2668 3069 2718 sonus,

2143 2752 2452 2822 Somnoque
2480 2753 2670 2807 mortis
2700 2753 2920 2808 excitat.

2005 2841 2108 2908 Qui
2138 2851 2263 2898 tunc
2284 2850 2492 2898 remoto
2523 2841 2693 2898 fessus
2723 2843 2774 2897 in
2803 2857 2974 2913 prorae
2999 2843 3138 2906 sinu,
3168 2854 3223 2899 et

2142 2933 2376 2989 Securus
2403 2935 2732 3001 innocentia,
2979 2949 2986 2954 '

2001 3035 2164 3090 Jonas
2185 3044 2244 3089 ut
2271 3035 2398 3091 olim
2430 3043 2616 3089 ventre
2644 3035 2795 3089 navis
2819 3035 3032 3090 abditus

1867 3130 1968 3186 170
2149 3130 2382 3185 Somnos
2408 3129 2695 3184 anhelabat
2720 3142 2912 3197 graves
2945 3127 2964 3166 ί

1786 3199 1832 3260 C
2001 3222 2108 3278 Sed
2135 3222 2401 3277 excitatus
2431 3221 2502 3290 (ο)
2531 3220 2788 3274 luctuosis
2812 3219 3046 3290 undique

2140 3311 2486 3366 Pereuntium
2508 3310 2852 3375 clamoribus,

2002 3404 2337 3486 Pedibusque
2368 3402 2534 3456 turb:e
2558 3402 2797 3455 membra
2816 3415 3043 3469 quassus
3069 3403 3270 3466 omnia,

2145 3504 2286 3557 Duro
2313 3502 2474 3557 cubili
2505 3500 2732 3570 prosilit.

1863 3594 1965 3648 175
2002 3594 2273 3664 Plerisque
2302 3592 2492 3647 mersis
2520 3591 2662 3644 intus
2687 3592 2740 3644 in
2762 3592 2913 3646 navis
2943 3599 3115 3656 utero,

2142 3684 2392 3739 Laterum
2415 3699 2512 3754 per
2530 3698 2673 3746 oras,
2696 3697 2802 3752 qua
2825 3683 3018 3749 solent,

2003 3774 2070 3829 Ut
2096 3776 2213 3830 vela
2243 3775 2456 3841 tollant,
2480 3775 2597 3829 sive
2618 3775 2792 3828 contis
2820 3774 3116 3843 subrigant,

2144 3866 2327 3920 Nauta:
2354 3865 2588 3934 expediti
2608 3879 2846 3928 currere,

2002 3957 2218 4011 Tabulis
2244 3957 2417 4011 adhuc
2441 3955 2822 4025 supernatabat
2849 3956 3064 4010 extimis

1861 4048 1962 4101 180
2137 4047 2334 4117 Operta
2357 4048 2508 4102 navis
2534 4049 2761 4116 gurgite,

2004 4152 2150 4206 Viam
2172 4153 2359 4207 salutis
2387 4154 2488 4207 hac
2511 4154 2596 4207 via
2627 4151 2941 4207 rimantibus

2140 4241 2490 4299 Martinianus
2510 4243 2770 4311 jungitur,

2001 4333 2065 4388 Et
2087 4343 2280 4404 agente
2300 4334 2516 4391 Christo
2536 4337 2602 4390 de
2629 4335 2789 4405 globo
2811 4337 3001 4392 mortis
3024 4337 3181 4406 fugax

2142 4426 2337 4482 Comes
2363 4425 2420 4482 lit
2447 4427 2817 4495 evadentibus,

1783 4561 1833 4619 υ
1863 4523 1966 4578 185
1997 4523 2235 4595 Seseque
2262 4525 2400 4580 saltu
2430 4526 2592 4580 mittit
2619 4526 2669 4579 in
2700 4527 2945 4596 cymbam
2975 4528 3179 4596 procul,

2138 4617 2266 4684 Qua:
2285 4617 2526 4686 plurimis
2547 4625 2730 4686 portus
2751 4618 2868 4670 luit.

2000 4706 2062 4761 Et
2085 4723 2223 4778 pene
2246 4707 2404 4761 morti
2427 4706 2711 4762 derelictus
2741 4709 2986 4773 h:eserat,

2136 4797 2270 4852 Cum
2299 4798 2468 4851 classe
2493 4797 2811 4863 mergendns
2832 4799 2987 4863 mari,

1997 4889 2105 4945 Nisi
2129 4889 2372 4944 Christus
2395 4889 2539 4942 illum
2569 4905 2668 4944 ceu
2697 4904 2855 4942 manu
2877 4905 3129 4958 prensum
3159 4906 3252 4944 sua

1857 4980 1958 5035 190
2139 4981 2425 5050 Rapuisset
2449 4995 2480 5035 e
2510 4980 2698 5034 mortis
2726 4979 2862 5034 lacu.

2001 5072 2150 5128 Sicut
2177 5073 2408 5126 recussis
2431 5071 2560 5140 fugit
2588 5071 2715 5124 olim
2740 5072 2977 5125 vestibus

2134 5162 2331 5230 Joseph
2353 5160 2614 5216 furentem
2644 5160 2914 5223 feminam,

2000 5254 2087 5308 Sic
2111 5253 2216 5314 hic,
2246 5251 2447 5305 relictis
2468 5250 2733 5316 omnibus,
2767 5251 2955 5315 nudus,
2981 5251 3099 5318 fuga

1787 1826 1833 1884 Β
1864 1823 1965 1879 1ὕὸ

1932 5392 2004 5463 (b)
2037 5391 2130 5443 Ms.
2157 5389 2327 5463 codex
2357 5387 2553 5463 Regius
2581 5396 2636 5441 et
2660 5386 2954 5463 ed._§chot.
2981 5386 3033 5438 in
3062 5399 3254 5453 marg,
3283 5383 3402 5439 Mer

1857 5455 2006 5516 cassi:
2025 5461 2222 5514 virtutis
2255 5460 2368 5530 fuit.
2399 5459 2528 5511 Vide
2559 5464 2670 5509 not.

1928 5535 1999 5599 (ε)
2028 5531 2099 5583 Ita
2125 5523 2528 5582 emendavimus
2556 5542 2623 5580 ex
2671 5526 2905 5599 editione
2932 5523 3116 5599 Schot.
3151 5524 3210 5599 i_n_
3253 5538 3422 5599 marg.

1855 5593 2106 5654 monente
2135 5599 2350 5653 Heinsio
2380 5599 2431 5651 in
2461 5599 2601 5650 notis
2629 5595 2695 5647 ad
2725 5593 3090 5654 Prudentium,
3125 5594 3212 5645 ubi
3237 5593 3424 5646 eodem

1853 5688 2010 5725 sensu
2041 5672 2262 5739 ejulalus
2283 5668 2491 5739 ﬂebiles.
2520 5666 2606 5716 Sic
2635 5673 2688 5717 ct
2736 5662 2986 5715 Paulinus
3031 5671 3212 5715 noster
3255 5678 3421 5715 carm,

1857 5741 1942 5808 14,
1967 5758 2016 5794 v.
2041 5738 2126 5803 ‘26,
2156 5741 2287 5791 tristi
2309 5738 2548 5789 clamore.

3069 5897 3149 5957 9!)
