3996 6356
855 495 1024 551 Pedes
1053 496 1223 549 viator
1246 491 1443 547 exterit
1472 499 1519 544 ι.

714 590 821 646 Sed
844 604 911 645 ne
934 589 1018 644 vel
1045 589 1145 642 ista
1160 585 1380 656 penitus
1400 581 1652 636 immunis
1671 579 1754 632 via

575 682 676 735 400
851 679 1036 734 Solitis
1061 684 1279 731 vacaret
1304 674 1537 736 casibus,

713 770 931 840 Impune
950 770 1154 838 pigram
1175 782 1280 822 non
1301 765 1422 820 tulit
1451 761 1794 826 sententiam,

848 862 961 928 Qua
995 861 1214 915 tendere
1254 859 1490 926 ingressu
1521 855 1687 925 piget.

711 953 790 1006 Ab
812 953 943 1006 urbe
971 951 1173 1020 Capua,
1199 965 1318 1018 qua:
1349 949 1466 1002 loco
1492 945 1634 1000 sedis
1664 958 1793 997 mere

850 1042 939 1097 Bis
967 1043 1106 1097 dena
1131 1043 1300 1095 distat
1327 1041 1514 1101 millia,

571 1134 671 1188 405
709 1133 942 1189 Nanctus
967 1141 1247 1187 vacantem
1277 1131 1486 1184 sarcina
1515 1130 1716 1183 mulum
1747 1129 1824 1199 (ut
1861 1131 2040 1182 solent

849 1223 1098 1278 Jumenta
1125 1221 1363 1276 revocari
1388 1220 1625 1289 domum)

705 1314 876 1368 Parvo
903 1314 1065 1368 breve
1094 1329 1190 1382 per
1214 1313 1318 1365 iter
1344 1326 1450 1365 mre
1479 1312 1798 1365 conductum
1829 1309 2013 1372 sedet;

856 1403 1139 1471 Medioque
1167 1418 1290 1456 mox
1319 1402 1494 1471 spatio
1525 1403 1621 1454 viae

707 1496 832 1550 Muli
862 1511 1060 1566 pavore
1086 1510 1263 1550 sessor
1287 1509 1513 1548 exeusus
1540 1494 1719 1562 procul

575 1587 674 1639 H0
867 1588 1091 1640 Veetore
1113 1585 1379 1639 subducto
1411 1583 1572 1637 cadit.

708 1679 764 1732 ln
795 1694 889 1732 ora
919 1677 1117 1746 lapsus,
1142 1691 1236 1730 ora
1256 1691 1360 1730 non
1393 1675 1535 1728 lzedit
1558 1690 1650 1727 sua
1678 1692 1691 1736 ;

847 1769 903 1822 ln
925 1784 1053 1822 saxa
1084 1768 1230 1820 fusus
1259 1774 1315 1820 et
1334 1765 1520 1829 rubos,

710 1859 817 1914 Nec
843 1868 995 1913 sente
1020 1857 1244 1920 vultum,
1275 1871 1374 1910 nec
1398 1855 1574 1924 lapide
1595 1863 1740 1907 artus
1770 1853 2033 1918 contudit,

854 1949 1048 2004 Felicis
1076 1957 1335 2017 exceptus
1361 1961 1558 2009 manu;

576 2043 678 2095 415
711 2042 812 2109 Qui
838 2040 946 2110 jam
975 2041 1426 2111 propinquantem
1454 2037 1657 2091 :edilms
1688 2035 1902 2089 fratrem
1932 2035 2042 2087 suis

846 2133 962 2188 Non
992 2146 1181 2202 passus
1211 2145 1437 2184 occursu
1476 2129 1640 2190 mali,

708 2223 829 2279 Suis
856 2222 1113 2292 periclum
1143 2221 1196 2274 in
1226 2219 1418 2274 finibus
1445 2233 1746 2288 capessere,

851 2314 1073 2370 Hostem
1104 2313 1335 2367 removit
1363 2311 1619 2374 invidum,

704 2407 771 2462 Et
798 2408 942 2462 hunc
968 2405 1137 2470 fidelis
1160 2411 1467 2473 compotem
1498 2401 1631 2467 voti,
1661 2401 1772 2454 suis

577 2501 672 2556 ιεο
847 2499 1139 2556 Confessor
1165 2496 1372 2552 induxit
1400 2495 1551 2549 locis.

707 2593 1018 2661 Nostrisque
1040 2591 1195 2660 juxta
1221 2589 1438 2645 sedibus
1464 2593 1676 2656 gratum
1703 2581 1883 2637 intulit

849 2684 1001 2738 Felix
1024 2691 1284 2753 patronus
1315 2680 1605 2750 hospitem.

711 2776 945 2830 Patriam
974 2775 1062 2829 hic
1082 2780 1304 2841 rogatus
1331 2771 1553 2836 indicat,
1582 2783 1739 2824 casus
1765 2766 1966 2832 refert,

850 2867 925 2921 De
951 2874 1003 2920 te
1023 2865 1180 2919 beata
1214 2863 1423 2918 nuntiat
1456 2880 1470 2915 :

582 2959 672 3013 ί25
708 2959 1072 3025 Referensque
1092 2970 1292 3024 paucos
1319 2953 1386 3008 de
1410 2953 1514 3007 tuis
1542 2951 1754 3020 scriptis
1775 2950 1926 3018 logos
1956 2932 2010 3012 δέ

851 3049 1014 3115 Quasi
1036 3047 1183 3101 labra
1213 3046 1373 3100 melle
1401 3044 1692 3113 asperserit
1717 3061 1730 3108 ;

711 3141 802 3195 Sic
824 3139 892 3195 de
921 3140 1164 3192 favorum
1191 3135 1322 3189 mihi
1348 3145 1561 3188 tuorum
1590 3134 1812 3202 guttulis

856 3229 1231 3284 Dulcissimum
1258 3234 1469 3294 gustum
1500 3224 1733 3279 offerens
1753 3264 1767 3287 ,

712 3323 879 3393 Magis
905 3322 1100 3388 coegit,
1125 3335 1260 3388 quas
1287 3317 1465 3372 aventi
1493 3331 1601 3370 non
1630 3316 1793 3370 dabat
1820 3354 1835 3378 ,

585 3417 679 3473 650
856 3413 1160 3469 Desiderari
1190 3412 1416 3474 litteras,

715 3506 821 3564 Sed
849 3521 970 3561 cum
1001 3500 1114 3574 ἱρέα
1143 3517 1305 3558 causa
1331 3502 1634 3555 litterarum
1657 3499 1906 3559 venerit,

864 3597 932 3652 Et
957 3597 1162 3650 litteras
1181 3594 1288 3648 vidi
1310 3601 1451 3657 tuas,

712 3690 830 3746 Non
850 3695 1148 3742 atramento
1163 3683 1373 3746 calami,
1397 3681 1491 3738 sed
1517 3681 1711 3736 mentis
1738 3679 1875 3750 ston

865 3779 925 3833 ln
953 3778 1120 3832 fratre
1131 3773 1476 3846 praescriptas
1491 3772 1636 3826 bono
1652 3788 1666 3835 ;

588 3874 688 3930 L55
723 3873 940 3945 Ignotus
968 3879 1114 3934 ante,
1143 3882 1269 3922 mox
1297 3873 1359 3920 ut
1386 3879 1506 3919 esse
1533 3862 1778 3931 cognitus

864 3964 1059 4035 Coepit,
1094 3962 1155 4015 fit
1191 3968 1247 4016 et
1274 3957 1600 4014 carissimus.

725 4059 814 4113 Ab
830 4058 974 4113 intus
1001 4053 1116 4124 ejus
1144 4051 1412 4106 emicabat
1431 4047 1602 4116 gratia
1624 4088 1640 4113 ,

829 4148 1091 4202 Sermone
1112 4141 1311 4198 mentis
1339 4139 1546 4194 nuntio.

723 4241 924 4303 Bonus,
950 4235 1143 4305 inquit,
1173 4232 1348 4288 omnis
1369 4231 1435 4284 de
1462 4230 1608 4284 bono
1629 4225 1836 4298 profert
1863 4225 2024 4288 bona,

593 4332 691 4386 440
866 4326 935 4380 Et
960 4325 1207 4380 arborem
1235 4321 1411 4376 fructu
1439 4319 1591 4374 vides
1617 4336 1630 4371 :

727 4419 818 4475 Sic
845 4418 947 4472 iste
973 4415 1142 4470 verbo
1171 4411 1368 4472 suavis,
1403 4417 1458 4464 et
1479 4416 1658 4464 castus
1688 4406 1810 4469 fide,

875 4507 944 4561 Et
971 4504 1144 4561 fronte
1168 4505 1393 4558 honesta
1424 4500 1650 4562 lucidus,

732 4598 882 4654 Dulci
907 4597 1151 4664 benigna:
1185 4591 1427 4649 caritatis
1454 4589 1674 4644 ﬂumine

871 4687 929 4742 ln
959 4693 1142 4741 nostra
1169 4682 1323 4738 fluxit
1342 4681 1571 4735 viscera.

598 4780 697 4836 μδ
731 4779 906 4849 Super
933 4777 1046 4830 haec
1069 4774 1303 4828 amicum
1324 4770 1518 4824 merito
1547 4783 1606 4822 se
1624 4768 1832 4838 jactans
1856 4775 2024 4822 tuum.

882 4867 999 4933 Quo
1025 4865 1146 4935 plus
1175 4869 1447 4916 amaretur
1473 4859 1653 4913 dabat.

733 4963 843 5018 Nec
871 4960 1014 5016 enim
1031 4952 1134 5012 ulla
1161 4954 1310 5009 nocti
1335 4960 1390 5006 et
1413 4951 1600 5006 lumini
1629 4951 1919 5006 concordia
1941 4958 2062 5014 est;

876 5051 1056 5120 Lupus
1077 5059 1178 5101 nec
1205 5057 1343 5112 agno
1371 5041 1640 5109 congruit.

738 5142 874 5197 Hinc
894 5148 950 5196 et
976 5137 1262 5209 propheta,
1287 5133 1456 5196 Sicut,
1481 5133 1676 5201 inquit,
1703 5132 1860 5187 alites

595 5237 697 5289 450
879 5229 1044 5284 Pares
1063 5227 1116 5281 in
1145 5240 1307 5280 unum
1345 5235 1366 5262 τ
1399 5223 1719 5287 convolant,

739 5322 898 5394 585
922 5349 947 5360 -
968 5315 1228 5388 δεθείς
1248 5328 1459 5383 semper
1480 5323 1602 5381 apta
1649 5311 1905 5380 qualitate
1938 5307 2176 5364 moribus

878 5413 1093 5468 Iustitia
1118 5408 1390 5466 concurrit
1411 5407 1583 5460 bonis.

741 5504 1116 5560 Martinianum
1138 5500 1216 5554 sic
1237 5497 1333 5553 tibi
1362 5497 1518 5563 longe
1536 5507 1716 5564 parem

674 5671 698 5696 ει
725 5659 784 5714 id
810 5664 893 5713 est
921 5657 1056 5708 ωτίι.

677 5744 701 5768 ο
734 5730 941 5848 Icario-J5
964 5723 1136 5846 ἐιιῖςὶεὲ
1161 5734 1440 5774 sermones.

682 5813 701 5838 ε
784 5815 814 5850 ιι
835 5812 864 5844 e
891 5810 958 5849 no
991 5833 1002 5847 .
1141 5832 1152 5845 .

475 352 484 358 ’
576 365 679 421 ωδ
989 350 998 358 "
1525 360 1582 415 s.
1623 355 1890 411 meum
1928 355 2053 410 NUL

2215 350 2515 406 EPlSCOPI
2553 347 2891 402 ΡΟΕΜΑΤΑ.
3689 345 3772 398 6ξοί

2175 475 2222 529 Α
2529 461 2792 516 Germana
2821 477 2970 516 mens
2999 459 3292 522 contexuit,

2249 551 2352 605 455
2388 552 2777 622 Speculumque
2804 551 2997 604 mentis
3024 557 3078 604 et
3097 548 3216 602 fidei
3249 548 3408 602 instar
3431 555 3529 598 tua:

2533 643 2626 696 Est
2655 643 2840 696 talium
2865 641 3101 695 dilectio.

2381 731 2701 786 Benedictus
2731 739 2887 785 autor
2916 730 3141 798 fonsque
3165 734 3466 782 sanctorum
3491 725 3618 776 Deus
3643 767 3655 789 ,

2531 824 2648 878 Non
2673 823 2833 878 stulta
2855 823 2964 890 jam
2997 831 3224 883 tantum,
3259 831 3430 887 neque

2389 915 2601 969 lnfirma
2629 915 2810 968 mundi
2839 914 3123 968 dellnentis
3154 911 3323 978 eligit,
3348 963 3353 968 .

2248 1005 2351 1059 ‘60
2531 1005 2599 1060 Ut
2629 1007 2733 1060 alta
2765 1005 2945 1058 mundi
2975 1005 3217 1058 destruat
3243 1019 3256 1054 :

2390 1098 2494 1153 Sed
2515 1138 2529 1160 ,
2562 1106 2622 1151 ut
2649 1099 2763 1167 ipse
2790 1097 2920 1150 dixit
2945 1138 2960 1162 ,
3000 1105 3187 1150 cuncta
3205 1092 3316 1161 jam
3341 1104 3544 1147 sursum
3573 1088 3770 1150 trahens,

2527 1190 2595 1242 Et
2624 1191 2731 1243 alta
2760 1189 2942 1243 mundi
2970 1187 3237 1242 vendicat.

2389 1277 2651 1345 Quoniam
2684 1281 2801 1348 ipse
2829 1279 2951 1332 fecit
2987 1287 3042 1331 et
3066 1276 3317 1345 pusillum
3348 1282 3402 1328 et
3429 1271 3717 1332 maximum,

2537 1366 2808 1435 Utrosque
2825 1366 2998 1434 jungit
3021 1365 3189 1432 gratia
3209 1404 3222 1428 ,

2250 1463 2354 1516 465
2389 1463 2456 1516 Et
2479 1478 2617 1531 quos
2644 1462 2869 1516 Creator
2891 1475 3054 1530 opere
3084 1460 3137 1513 in
3176 1474 3283 1513 uno
3314 1455 3566 1519 condidit,

2533 1553 2642 1608 Hos
2671 1562 3002 1608 recreatuno
3032 1566 3274 1605 munere.
3341 1589 3344 1592 .

2395 1645 2702 1700 Communis
2731 1659 2917 1698 omnes
2945 1643 3136 1698 clausit
3174 1641 3478 1702 infidelitas,

2531 1733 2809 1788 Medeatur
2847 1742 2904 1786 ut
2931 1733 3137 1787 cunctis
3160 1733 3308 1786 fides.

2180 1840 2222 1896 Β
2394 1823 2460 1876 Ut
2493 1823 2584 1877 fiat
2609 1823 2783 1876 omnis
2809 1822 3051 1877 subditus
3082 1822 3312 1875 mundus
3343 1819 3474 1885 Deo,

2249 1915 2353 1967 470
2535 1911 2829 1982 Omnisque
2855 1914 3032 1980 lingua
3061 1923 3117 1966 et
3143 1912 3377 1980 dignitas

2391 2008 2566 2076 Super
2594 2019 2754 2060 mune
2781 2003 2963 2058 Jesum
2992 2018 3187 2058 nomen
3214 2018 3380 2056 unum
3408 2003 3458 2055 in
3479 2000 3635 2069 gloria

2529 2098 2776 2167 Regnare
2812 2096 3043 2152 fateatur
3069 2094 3262 2150 Patris.

2391 2191 2524 2246 Huic
2549 2190 2661 2258 jam
2691 2198 2747 2244 et
2775 2197 3025 2259 potentes
3054 2189 3219 2243 seculi
3245 2194 3477 2241 curvant
3503 2199 3662 2254 genu,

2533 2282 2847 2350 Deduntque
2873 2281 3108 2335 cervices
3131 2279 3241 2334 Deo
3257 2319 3271 2344 ,

2253 2374 2356 2427 475
2395 2375 2706 2443 Regemque
2732 2374 3003 2427 Christum
3027 2373 3356 2448 confitentur
3382 2369 3634 2440 principes
3654 2408 3667 2428 ,

2534 2463 2601 2518 Et
2627 2471 2840 2533 sceptra
2869 2464 3190 2518 submittunt
3215 2462 3391 2518 cruci.

2398 2557 2611 2612 Coeunt
2637 2558 2688 2610 in
2722 2573 2882 2611 unum
2913 2571 3158 2626 purpura:
3186 2563 3241 2609 et
3265 2553 3435 2624 panni
3459 2566 3672 2620 gregem.

2535 2648 2759 2705 Pastore
2788 2649 3086 2716 concordes
3110 2647 3240 2702 Deo.

2398 2741 2691 2795 Commune
2718 2753 2959 2808 regnum,
2992 2740 3205 2806 sanguis
3233 2753 3382 2792 unus
3409 2737 3638 2792 omnibus
3660 2775 3674 2800 ,

2257 2831 2361 2884 480
2538 2831 2772 2884 Summis
2802 2839 2856 2884 et
2884 2830 3004 2884 imis
3033 2828 3276 2882 Christus
3304 2837 3417 2893 est,

2401 2922 2502 2989 Qui
2533 2931 2586 2976 te
2615 2921 2870 2976 decorum
2902 2919 3150 2987 gloriosis
3177 2919 3353 2973 seculi

2539 3011 2777 3075 Honore,
2807 3011 3018 3073 litteris,
3045 3010 3206 3064 domo
3223 3049 3236 3072 ,

2402 3104 2598 3157 Ditavit
2623 3103 2808 3156 humili
2837 3101 3030 3164 corde,
3060 3107 3120 3154 ut
3144 3108 3404 3154 aeternam
3437 3098 3527 3152 tibi

2182 3196 2229 3256 C
2539 3191 2824 3246 Conferret
2852 3191 3189 3245 altitudinem
3213 3207 3227 3255 ;

2261 3283 2366 3336 485
2401 3284 2468 3338 Et
2489 3291 2548 3337 ut
2572 3283 2796 3338 coheres
2816 3281 3038 3336 divitum
3063 3279 3367 3335 cmlestium
3388 3320 3401 3343 ,

2541 3372 2697 3429 Esses
2720 3379 2929 3426 amator
2949 3385 3270 3440 pauperum.

2399 3465 2598 3519 Beatus
2626 3478 2685 3516 es
2713 3477 2852 3516 nunc
2875 3469 3055 3514 mente
3075 3474 3300 3529 pauper,
3333 3458 3425 3513 sed
3447 3457 3555 3527 spei

2539 3555 2718 3618 Dives,
2740 3569 2843 3623 qua
2869 3553 3100 3621 gaudent
3128 3567 3414 3621 pauperes,

2407 3646 2506 3712 Qui
2536 3644 2833 3699 defraudati
2859 3643 3073 3696 lubricis
3101 3641 3289 3694 mundi
3330 3640 3503 3705 bonis,

2264 3737 2367 3792 490
2544 3734 2680 3790 Caeli
2702 3733 2946 3788 fruentur
2967 3731 3196 3800 gaudiis.

2404 3827 2513 3882 ﬂos
2541 3828 2682 3880 inter
2710 3825 2822 3879 alto
2848 3825 2902 3877 in
2923 3823 3153 3877 Abrahae
3180 3821 3354 3891 patris
3389 3822 3505 3875 sinu

2545 3916 2826 3972 Secretum
2855 3913 2881 3951 ά
2913 3915 2981 3968 ab
3010 3915 3131 3981 igne
3156 3913 3415 3976 divitum,
3453 3919 3509 3965 et

2413 4009 2840 4076 Refrigerantem
2867 4006 3080 4081 roribus
3108 4007 3231 4060 vita:
3258 4005 3460 4068 locum,

2549 4100 2691 4155 Deus
2714 4101 2956 4154 vivorum
2980 4105 3268 4167 praeparat.

2269 4195 2373 4251 495
2407 4196 2620 4262 Insigne
2647 4202 2808 4246 tantae
2823 4192 2936 4261 jam
2963 4191 3079 4260 spei
3108 4200 3314 4243 certum
3339 4188 3432 4242 tibi

2552 4284 2742 4352 Magno
2763 4289 3014 4337 coruscat
3039 4281 3284 4350 pignore,

2413 4379 2656 4434 Plantata
2679 4377 2904 4431 Domino
2928 4377 2981 4429 in
3002 4375 3124 4428 atrii
3147 4373 3451 4428 Hierusales
3479 4379 3501 4407 ε
3529 4370 3588 4435 ’⁸,

2555 4470 2654 4523 Tui
2682 4482 2922 4538 propago
2939 4467 3216 4537 germinis.

2197 4566 2242 4623 Ι)
2410 4560 2649 4628 Namque
2673 4567 2731 4613 ut
2760 4557 2900 4613 fideli
2930 4566 2984 4612 te
3015 4559 3155 4626 patri
3183 4563 3556 4626 componeret,

2272 4652 2373 4706 500
2551 4651 2596 4705 Α
2626 4660 2676 4705 te
2706 4650 2952 4719 poposcit
2984 4649 3181 4712 filium,

2323 4733 2326 4735 Α
2412 4742 2470 4796 ln
2495 4742 2700 4797 semine
2723 4739 2837 4795 lsac
2857 4754 3040 4794 semen
3062 4739 3375 4794 adscribens
3398 4746 3560 4798 tuum,

2557 4831 2842 4901 ipsumque
2873 4839 2929 4884 ut
2950 4830 3065 4884 lsac
3091 4839 3371 4899 expetens,

2413 4922 2585 4989 Quem
2626 4932 2682 4975 tu
2707 4922 2782 4993 (a)
2814 4921 3106 4974 Abramuem
3125 4920 3364 4974 caritatis
3390 4915 3620 4974 ωωυιυε,

2559 5013 2741 5066 Vivam
2769 5012 2960 5066 dedisti
2990 5011 3276 5074 victimam,

2285 5104 2389 5159 505
2428 5105 2647 5172 Deoque
2678 5095 2892 5158 tradens
2916 5103 3026 5170 jam
3057 5101 3330 5170 peremisti
3355 5100 3466 5164 tibi,

2573 5192 2640 5247 Ut
2665 5194 2868 5248 salvum
2897 5192 3096 5245 habere
3126 5191 3346 5244 firmius.

2423 5285 2574 5339 Nunc
2600 5285 2700 5338 iste
2723 5282 2874 5336 vobis
2902 5289 3074 5346 exter,
3099 5290 3154 5335 et
3174 5289 3354 5334 vester
3383 5285 3572 5338 manet,

2562 5373 2855 5428 Terrestris
2889 5388 3076 5426 exsors
3105 5373 3290 5427 seculi.

2428 5466 2504 5520 De
2533 5465 2716 5519 matris
2737 5464 2855 5517 alvo
2879 5470 3122 5532 promtus
3141 5468 3286 5525 ante,
3311 5476 3467 5530 quam
3496 5465 3682 5527 patrem

2358 5638 2385 5676 ά
2410 5639 2542 5692 Vide
2569 5652 2655 5705 ep.
2690 5635 2779 5702 49,
2805 5651 2861 5691 ιι.
2887 5634 2943 5705 fi.

2365 5721 2386 5744 ι’
2410 5709 2540 5762 Vide
2577 5701 2662 5776 e'p.
2691 5701 2776 5768 18,
2802 5703 2947 5776 n.5,,
2979 5712 3052 5776 et,
3101 5718 3181 5755 ar.
3213 5701 3359 5776 Lect.

2361 5779 2436 5848 (a)
2468 5777 2560 5832 Ms.
2586 5767 2717 5844 Reg.
2741 5785 2795 5830 et
2821 5767 2943 5830 edd.
2967 5774 3228 5842 quinque,
3256 5767 3526 5820 Abramnr.
