3996 6356
213 349 308 404 635
1592 332 1791 387 POESI.

1869 329 2009 383 {XIV
2022 371 2032 380 .
3345 312 3447 367 626

220 461 313 516 5l0
487 461 819 532 Matremque
846 469 1132 529 cognosset
1160 475 1308 514 suam
1331 500 1344 523 ,

347 553 698 626 587-588
746 553 1018 608 Bonumve
1047 556 1277 620 saperet,
1308 554 1397 601 aut
1438 544 1634 597 malum
1661 540 1771 594 dis-

1469 636 1483 706 [
1505 640 1770 690 cerneret.

483 737 680 791 Beatus
709 736 870 802 elegit
893 735 1109 788 bonum.

353 829 417 884 Et
442 845 584 884 nunc
610 830 662 882 in
684 828 804 881 aula
824 827 1076 896 parvulus
1105 823 1237 877 ludit
1263 822 1385 884 Dei,

485 921 553 975 Et
578 936 672 975 ore
695 919 910 973 lactenti
930 918 1072 972 canit
1098 935 1108 968 :

222 1015 315 1068 5|5
353 1013 425 1067 De
449 1019 634 1065 ventre
660 1008 865 1072 matris,
899 1016 954 1061 et
980 1007 1066 1060 die
1096 1006 1265 1075 prima
1293 1003 1421 1057 mihi

492 1101 572 1155 Tu
600 1100 811 1154 Christe
839 1106 1113 1169 protector
1133 1112 1284 1150 meus
1307 1105 1331 1132 ⁸

353 1192 588 1246 Audistis
613 1199 667 1245 et
691 1205 805 1255 vos,
837 1187 979 1258 quod
1009 1188 1179 1243 beatis
1217 1186 1410 1240 dicitur
1443 1203 1454 1236 :

497 1280 694 1335 Potens
722 1281 823 1335 erit
842 1295 1022 1334 semen
1047 1287 1192 1333 tuum
1224 1276 1250 1315 δ
1265 1315 1280 1329 .

354 1372 530 1427 Habes
551 1381 600 1427 et
634 1372 759 1426 illud
791 1391 802 1424 :
835 1371 1050 1426 Ventris
1077 1385 1107 1422 a
1138 1368 1311 1422 fructu
1341 1367 1415 1420 tui

231 1467 324 1519 520
500 1464 556 1517 In
582 1463 796 1518 sedibus
817 1477 1013 1532 ponam
1043 1459 1177 1514 meis
1207 1471 1228 1496 ε

349 1555 446 1622 Qui
471 1572 649 1609 sermo
679 1553 842 1608 David
863 1552 1153 1622 quamlibet
1178 1549 1446 1604 Christum
1486 1557 1674 1608 sonet,

489 1645 546 1699 In
577 1645 789 1701 Christo
818 1653 872 1698 et
901 1644 1004 1698 illis
1029 1642 1290 1704 concinit,

353 1737 450 1803 Qui
479 1734 770 1790 Christiani
799 1721 1042 1803 carperis
1069 1731 1292 1797 collegio

489 1824 545 1878 In
573 1825 702 1879 sede
730 1829 996 1893 ponentur
1022 1821 1136 1875 Dei.

235 1915 326 1969 525
359 1915 520 1970 Vobis
546 1922 601 1969 et
619 1915 784 1968 Anna:
812 1912 1067 1967 sternitur
1087 1911 1413 1966 consortium

503 2002 723 2058 Infantis
751 2002 998 2071 exemplo
1018 2001 1177 2055 sacri.

355 2095 568 2151 Samuel
595 2104 650 2150 et
679 2095 779 2148 iste
802 2093 972 2148 crevit
1001 2093 1052 2146 in
1084 2093 1284 2162 templo
1315 2091 1430 2155 Dei,

492 2185 643 2239 Nunc
671 2198 860 2252 agnus,
884 2192 938 2238 et
967 2192 1150 2252 pastor
1168 2182 1381 2237 dehinc.

352 2278 619 2333 Contevat
648 2277 722 2330 illi
745 2276 942 2331 sedula:
974 2275 1159 2329 matris
1179 2290 1367 2328 manus

231 2367 320 2423 550
497 2366 688 2438 Ephod
719 2367 762 2400 “
789 2375 1007 2421 staturae
1028 2379 1320 2432 congruum
1343 2409 1356 2430 ,

355 2459 522 2527 Quem
545 2459 803 2529 spiritalis
824 2459 876 2512 in
905 2456 999 2512 Dei
1028 2456 1194 2512 verbo
1222 2457 1388 2510 sacris

497 2551 751 2605 Doctrina
780 2558 927 2605 texat
955 2549 1106 2604 liciis.

361 2641 544 2710 Sitque
575 2642 626 2694 in
648 2655 875 2710 superna
901 2649 1049 2694 veste
1073 2639 1288 2708 Regina:
1313 2640 1487 2694 aureis

493 2731 733 2786 lntextus
762 2731 876 2800 ipse
905 2729 1142 2792 ﬁmbriis,

233 2818 326 2874 535
359 2820 725 2888 Sanctumque
751 2819 963 2875 Christo
990 2819 1274 2876 Nazaraeus
1305 2822 1345 2850 ”
1379 2821 1630 2876 verticem

499 2910 672 2966 Pastis
697 2909 722 2948 ά
750 2911 976 2966 adornet
1002 2911 1239 2966 crinibus
1256 2953 1271 2976 ,

363 3001 673 3070 Animzeque
692 3001 934 3071 pulcrum
954 3001 1102 3056 crine
1119 3001 1332 3056 virtutis
1351 3011 1510 3070 caput

503 3092 752 3147 Armetur
765 3107 994 3162 operosa
1019 3089 1118 3147 ﬁde
1133 3105 1178 3146 ο.

365 3183 472 3238 Nec
500 3182 658 3252 hujus
684 3199 937 3253 umquam
964 3183 1221 3239 desecans
1242 3185 1500 3240 novacula

236 3269 328 3324 540
500 3274 764 3328 Ascendat
786 3275 836 3326 in
865 3274 1116 3328 damnum
1143 3290 1329 3329 comae.

364 3362 429 3417 Et
459 3372 518 3417 ut
541 3364 629 3417 ille
656 3363 882 3418 Samson
907 3365 955 3418 vi
981 3365 1294 3434 capillorum
1323 3372 1522 3436 potens

505 3451 713 3507 Virtute
734 3453 957 3508 crinitus
984 3469 1135 3508 sacra
1151 3493 1167 3519 ,

365 3544 579 3596 Sternat
606 3543 816 3596 leonem
841 3543 1230 3611 strangulatum
1251 3541 1476 3598 fortibus

503 3629 816 3686 Orationnm
838 3631 1088 3696 brachiis,

237 3718 334 3774 545
367 3721 690 3790 Dulcemque
730 3722 960 3776 fructum
990 3723 1184 3778 nobilis
1209 3724 1444 3778 victoria:

506 3812 768 3883 Decerpat
792 3830 888 3869 ore
915 3815 1128 3868 mortui.

370 3903 475 3959 Sed
503 3905 607 3958 hoc
634 3906 701 3959 ab
731 3905 980 3974 exemplo
1010 3906 1246 3961 monitus
1274 3914 1463 3960 caveat
1489 3907 1592 3960 sibi

506 3995 693 4050 Aliena
715 3995 863 4050 adire
890 3995 1111 4050 fmdera.

371 4086 650 4157 Allophyla
680 4088 872 4140 mulier
894 4095 976 4141 est
1003 4087 1132 4140 mihi
1163 4087 1247 4140 lex
1275 4102 1492 4152 carnea,

239 4175 335 4230 550
507 4176 720 4230 Blandis
739 4176 926 4231 dolosa
955 4177 1174 4231 retibus.

375 4267 430 4322 Si
457 4267 574 4335 lege
601 4268 796 4322 mentis
823 4267 923 4320 ista
952 4269 1022 4320 sit
1051 4267 1137 4321 lex
1168 4267 1377 4334 Iortior,

508 4357 560 4411 In
579 4357 701 4426 jura
731 4358 937 4427 peccati
965 4359 1139 4412 trahet
1162 4375 1175 4421 ;

370 4447 672 4503 Malesuada
704 4448 878 4503 verbis
906 4447 1103 4502 fraudis
1129 4458 1244 4504 arte
1273 4450 1514 4504 dulcibus
1533 4490 1552 4512 ,

512 4540 760 4593 Animum
788 4540 996 4594 virilem
1025 4539 1298 4594 effeminat
1321 4559 1334 4606 ;

244 4629 336 4683 555
371 4631 621 4686 Exczecat
648 4631 834 4686 oculos
858 4631 1073 4695 mentis,
1105 4640 1159 4687 et
1184 4633 1518 4704 raditcaput,

505 4721 753 4791 Spolians
774 4729 829 4776 et
844 4737 1128 4776 exarmans
1153 4721 1328 4776 ﬁdem.

367 4812 478 4868 Ilac
507 4821 660 4882 parte
689 4812 918 4867 Samson
948 4813 1072 4868 nolo
1101 4814 1172 4867 sit
1199 4824 1382 4868 noster
1410 4833 1540 4885 puer
1575 4836 1584 4868 :

511 4900 619 4956 Nec
644 4902 929 4955 misceatur
953 4903 1156 4971 copula:
1175 4943 1189 4967 ,

369 4993 538 5059 Quam
565 4995 925 5062 consequatur
946 4994 1190 5062 protinus
1211 4997 1489 5065 captivitas
1506 5037 1518 5061 ,

243 5077 336 5133 560
509 5080 816 5144 lnﬁrmitas,
849 5089 904 5135 et
923 5082 1156 5136 accitas.

372 5169 522 5225 Licet
550 5171 639 5225 ille
665 5171 817 5225 fortis
844 5179 1031 5240 postea
1053 5172 1313 5240 receperit

308 5336 330 5394 f'
357 5326 497 5379 Psal.
526 5343 654 5394 Lxx,
685 5327 735 5379 ti.

305 5392 334 5430 δ
357 5395 492 5448 Psal.
526 5392 710 5459 “1,72.

311 5475 330 5499 ε
364 5464 500 5518 Psal.
531 5481 709 5528 cxxxr,
743 5465 827 5517 Il.

305 5529 331 5568 ἀ
362 5532 491 5588 Vide
521 5545 635 5588 not.
667 5535 789 5587 277.

314 5616 335 5673 τ
358 5601 418 5673 _ld
445 5613 526 5657 cst
555 5604 698 5657 bonis
721 5603 952 5672 apert'lms
974 5613 1024 5657 et
1056 5605 1160 5673 ﬁde

315 5670 331 5706 ί
356 5670 408 5724 Id
437 5681 518 5726 est
547 5670 884 5726 humilitatem
909 5670 1097 5726 cordis.
1134 5674 1262 5727 Vide
1284 5689 1446 5727 carm.
1483 5673 1565 5735 15,
1596 5690 1645 5726 v.
1674 5675 1794 5728 518.

311 5738 384 5808 (π)
411 5740 606 5797 Omnes
654 5743 884 5810 codices,
917 5741 1230 5807 Prostrmvil,
1258 5758 1321 5795 ex
1371 5759 1505 5796 nova
1555 5745 1794 5812 periodo.

1805 453 1853 508 A

1821 3172 1866 3233 C

1825 4532 1870 4588 D

2162 442 2344 496 Robur
2365 438 2589 493 recretis
2616 435 2872 500 crinibus,

2020 534 2283 599 Manuque
2311 530 2503 583 ductus
2531 528 2597 581 de
2620 527 2760 580 mola
2791 523 2856 577 ad
2887 520 3170 575 ludibrium

2163 619 2383 675 Hostilis
2397 615 2751 676 exsultantiz‘e,

1879 711 1981 766 565
2019 712 2076 766 In
2101 711 2343 765 czecitate
2359 706 2602 776 corporis
2622 711 2802 758 mente
2823 702 3034 755 intuens

2158 797 2375 852 Vocarit
2403 797 2633 850 ultorem
2660 793 2845 846 Deum.

2023 892 2092 945 Et
2119 891 2369 946 restituto
2397 902 2523 941 mox
2543 883 2750 954 capillis
2775 882 2994 945 robore,

2161 977 2460 1034 Prostravit
2476 977 2555 1044 (α)
2581 973 2831 1029 hostilem
2852 970 3066 1024 domum
3087 986 3101 1031 ;

2018 1070 2182 1138 Cujus
2209 1068 2484 1124 columnas
2522 1063 2711 1118 lbrtior
2736 1061 2880 1117 saxis
2905 1074 3094 1113 manus

1881 1159 1985 1214 570
2161 1156 2516 1230 589-590
2562 1152 2631 1207 Ut
2671 1151 2860 1206 clausit
2888 1148 3133 1217 amplexu
3162 1146 3330 1213 gravi,

2024 1250 2272 1318 Collapsa
2303 1247 2486 1302 fulcris
2514 1253 2655 1299 tecta
2685 1240 2961 1297 subductis
2987 1239 3150 1291 humo

2159 1341 2415 1395 Cecidere
2446 1339 2497 1391 in
2521 1337 2727 1406 ipsum;
2758 1333 2853 1387 sed
2881 1338 3058 1384 tamen

2024 1430 2088 1483 Et
2117 1438 2290 1484 morte
2321 1429 2374 1482 in
2397 1428 2511 1497 ipsa
2541 1423 3032 1496 prapotensheros
3055 1419 3145 1472 Dei

2166 1521 2360 1577 Hostes
2382 1521 2532 1575 ruina
2563 1517 2806 1580 miscuit;

1887 1616 1990 1671 575
2029 1615 2096 1670 Et
2117 1615 2353 1683 gloriosa
2374 1620 2548 1666 morte
2575 1608 2823 1679 pensavit
2850 1605 2951 1660 sibi

2169 1708 2303 1762 Vitae
2329 1707 2563 1761 subacta:
2589 1703 2820 1757 dedecus
2837 1740 2852 1764 ,

2023 1799 2124 1864 Qui
2155 1799 2199 1830 “
2229 1811 2415 1851 servus
2436 1794 2592 1848 hoste
2617 1789 2881 1858 gloriante
2910 1786 3149 1850 vixerat,

2163 1886 2329 1940 Iloste
2349 1884 2543 1938 obruto
2569 1881 2740 1935 victor
2767 1877 2928 1933 cadit.

2028 1978 2095 2031 Et
2125 1977 2277 2046 plura
2307 1975 2542 2031 moriens
2562 1969 2830 2026 intercurrit
2858 1968 3039 2028 millia,

1887 2069 1988 2122 580
2165 2066 2333 2132 Quam
2351 2066 2502 2119 vivus
2532 2061 2892 2117 interfecerat.

2028 2160 2270 2214 Imitetur
2299 2160 2453 2212 istam
2481 2156 2620 2209 ﬁlius
2663 2161 2846 2208 noster
2874 2151 2998 2204 volo

2163 2250 2255 2303 Sic
2281 2257 2456 2302 morte
2484 2253 2730 2306 mortem,
2760 2248 2817 2295 ut
2842 2252 3160 2309 permanens

2029 2345 2085 2397 ln
2118 2357 2282 2398 carne
2303 2355 2524 2396 carnem
2548 2338 2753 2402 vincat,
2785 2343 2839 2390 et
2868 2335 3010 2387 vivat
3036 2331 3176 2390 Deo,

2172 2432 2400 2487 Peccata
2426 2430 2601 2484 carnis
2621 2427 2947 2496 opprimens.

1889 2522 1994 2577 585
2030 2522 2135 2578 Sed
2164 2522 2290 2576 nolo
2318 2520 2494 2575 carnis
2523 2517 2748 2586 gaudiis,
2782 2523 2841 2568 ut
2869 2515 3042 2567 noxiae

2169 2610 2317 2665 Dolis
2344 2611 2596 2664 subactus
2626 2606 2832 2661 feminzo

2033 2700 2256 2754 Addicat
2281 2701 2538 2762 animum,
2567 2696 2639 2767 (bl
2667 2703 2852 2765 postea
2883 2694 2972 2746 ﬁat
2991 2691 3220 2747 hostium

2171 2793 2379 2847 Virtute
2407 2791 2580 2844 nudus
2607 2788 2806 2857 gratiae.

2033 2883 2248 2940 Samuel
2277 2885 2331 2937 in
2356 2884 2455 2937 ista
2483 2889 2633 2951 parte
2653 2880 2742 2944 sit,
2767 2893 2871 2948 qua
2895 2877 3090 2946 jugiter

2179 2976 2427 3040 Sanctus,
2460 2987 2634 3042 neque
2655 2972 2860 3026 accisus
2885 2984 3092 3024 comam

2042 3069 2145 3124 Per
2172 3076 2285 3122 tota
2308 3069 2429 3122 vitm
2451 3073 2693 3135 tempora
2716 3065 2920 3132 irrupto
2946 3076 3155 3116 sacrum

2182 3157 2430 3227 Pertexat
2457 3171 2626 3210 arvum
2654 3153 2898 3208 stamine.

2037 3249 2102 3303 Et
2126 3251 2430 3304 inchoatam
2459 3247 2718 3301 servitute
2749 3243 3024 3298 infantiam

2181 3351 2360 3420 Usque
2389 3350 2455 3404 ad
2485 3356 2756 3404 senectam
2787 3346 3036 3415 pensitet.

1901 3440 2004 3494 595
2039 3440 2257 3497 Occidat
2284 3439 2555 3502 Amalech,
2589 3446 2642 3492 et
2672 3437 2758 3507 pie
2787 3451 2956 3489 saevus
2986 3433 3094 3486 Deo

2181 3536 2406 3592 Peccata
2438 3537 2613 3590 carnis
2643 3534 2910 3596 immolet,

2043 3638 2245 3704 Quibus
2265 3636 2519 3706 peremtis
2549 3635 2728 3688 interit
2756 3646 2967 3703 quoque
2989 3630 3227 3694 zabulus,

2183 3728 2388 3782 Invisus
2415 3736 2673 3780 mternum
2700 3725 2830 3778 Deo.

2042 3819 2167 3874 Saiil
2198 3819 2252 3872 in
2279 3819 2382 3872 hoc
2407 3816 2619 3870 deliciat
2639 3823 2694 3868 et
2721 3823 2907 3881 regnet
2927 3813 3112 3878 David,

1903 3913 2006 3965 600
2184 3909 2413 3964 Pusillus
2441 3908 2604 3961 altum
2633 3905 2892 3970 destruat,

2045 3999 2110 4054 Ut
2141 4017 2246 4055 non
2275 3999 2343 4053 sit
2362 3998 2499 4051 altus
2524 3996 2715 4064 spiritu
2745 3996 3022 4064 superbi-.e,

2181 4090 2290 4142 Nec
2313 4087 2502 4140 lividus
2531 4085 2630 4138 zeli
2659 4086 2800 4138 malo
2827 4101 2838 4135 :

2043 4180 2150 4234 Sed
2172 4178 2370 4233 humile
2395 4177 2462 4246 (τ)
2490 4175 2668 4229 cordis
2702 4174 2718 4211 ι
2743 4217 2758 4241 ,
2789 4175 2929 4227 celsa
2958 4173 3207 4226 virtutum
3240 4188 3462 4241 gerens,

2182 4269 2448 4326 Ascendat
2477 4269 2528 4322 in
2557 4267 2705 4335 regni
2737 4266 3006 4327 thronum,

1902 4366 2004 4421 005
2042 4366 2108 4419 Et
2134 4365 2220 4419 illa
2249 4361 2475 4416 Samson
2502 4367 2671 4428 gesta,
2696 4372 2814 4426 quze
2843 4356 3020 4426 priora
3048 4364 3189 4419 sunt,

2179 4455 2444 4522 Sequatur
2472 4459 2528 4506 ut
2556 4457 2726 4503 restes
2745 4462 2912 4502 novas
2937 4490 2950 4514 ,

2043 4547 2152 4601 Ceu
2179 4545 2263 4598 ﬁla
2287 4550 2516 4612 rumpat,
2553 4557 2652 4595 nec
2679 4539 2837 4594 ﬁdem
2866 4538 3057 4608 prodat
3081 4554 3265 4603 suam;

2188 4635 2262 4689 Ne
2283 4633 2470 4704 perdat
2499 4634 2720 4702 ignavus
2747 4645 2976 4692 comam,

2045 4730 2282 4783 Crinitus
2305 4739 2528 4795 operum
2557 4723 2759 4776 viribus
2783 4721 3098 4784 cmlcstium,

1907 4821 2008 4873 6l0
2188 4819 2455 4872 Prmtenta
2486 4822 2698 4884 rumpet
2718 4813 2947 4876 vincula,

2050 4911 2208 4965 Palos
2231 4893 2442 4975 reﬁget;
2474 4906 2617 4960 inille
2640 4912 2944 4974 prosternet
2963 4905 3127 4971 viros,

2189 4999 2302 5052 Una
2331 4998 2584 5052 subactos
2612 4995 2831 5050 dextera
2865 5013 2876 5046 :

2057 5093 2190 5158 Quia
2219 5098 2400 5143 nostra
2426 5089 2618 5152 virtus,
2645 5095 2702 5141 et
2723 5095 2884 5156 caput
2910 5086 3152 5142 Christus
3182 5087 3320 5140 Deus

2187 5179 2286 5244 Qui
2311 5175 2532 5232 dextera
2559 5185 2614 5229 et
2642 5177 2810 5231 virtus
2836 5175 2929 5231 Dei
2960 5185 3073 5238 est;

1895 2977 2001 3034 590

1907 5334 2196 5390 Sacchinus
2229 5350 2240 5382 :
2282 5328 2338 5383 Si
2366 5327 2660 5396 coniungas
2688 5326 2971 5396 superiori,
2999 5326 3114 5396 lege
3137 5323 3442 5396 Prostrarit.

1981 5404 2054 5473 (ὑ)
2090 5401 2307 5454 ῡυςτυιιε
2355 5393 2941 5473 ερεξηύαηᾱυρίλρυιθι
2965 5394 3165 5462 prada.
3197 5393 3480 5449 Atornnes

1908 5464 2124 5529 codices
2154 5479 2348 5539 postea.
2375 5467 2516 5539 Vide
2547 5473 2660 5518 not.
2692 5464 2817 5517 278.

1982 5545 2052 5613 (c)
2081 5530 2598 5613 Sié__emendavimus
2620 5551 2686 5588 ex
2727 5530 3053 5613 μυεβεεείο,
3081 5538 3137 5584 et
3172 5530 3480 5613 .t'eteri_lla~

1909 5599 2062 5668 diana
2116 5608 2371 5662 editione.
2407 5605 2542 5658 Ante
2573 5612 2688 5657 erat
2719 5601 2898 5653 humili
2927 5599 3101 5666 corde,
3134 5599 3332 5656 violata
3366 5601 3480 5670 lnge

1908 5685 2084 5737 metri.
