3996 6356
533 261 634 315 627
1449 262 1505 314 S.
1549 261 1821 316 PAULINI
1853 263 2098 321 NOLANI

1449 262 1505 314 S.
1549 261 1821 316 PAULINI
1853 263 2098 321 NOLANI
2137 267 2436 326 EPISCOPI
2475 271 2815 328 ΡΟΕΜΑΤᾹ.

2126 385 2174 440 Λ

531 378 637 434 615
673 378 882 434 Virtute
906 379 1058 448 cujus
1083 364 1227 432 mille
1255 385 1559 446 serpentem
1587 375 1725 432 dolis

812 469 921 524 Nos
947 476 1288 538 appetentem
1312 467 1574 522 vincimus

671 559 753 614 Sit
780 558 930 615 fertis
956 561 1132 614 anima
1153 558 1484 614 mortiﬁcans
1505 559 1716 614 asinum
1747 568 1772 596 ⁸
1805 575 1957 614 suum
1980 602 1993 625 ,

814 652 954 722 Pigri
976 651 1276 720 iumentum
1306 651 1570 721 corporis,

671 743 928 798 Decoctus
955 745 1147 796 humor
1167 741 1360 797 sobriis
1387 742 1664 798 laboribus

531 833 634 888 620
810 831 1021 887 Pallore
1044 833 1245 887 vultum
1267 832 1472 899 lividet,

671 924 735 978 Et
760 924 1008 978 tribulata
1029 939 1191 979 carne
1219 924 1412 979 victrix
1442 925 1664 982 castitas

807 1014 1101 1069 Consumat
1128 1015 1276 1083 ignes
1301 1014 1328 1054 δ
1353 1016 1660 1070 criminum.

666 1105 916 1162 Exterior
937 1107 1136 1161 etenim
1167 1115 1349 1163 noster
1375 1115 1434 1161 ut
1457 1106 1815 1178 corrumpitur

801 1199 1031 1254 Terente
1054 1199 1406 1262 continentia,

524 1288 628 1344 6‘25
661 1289 812 1345 Tunc
839 1290 1124 1345 innovatur
1144 1291 1235 1359 qui
1263 1291 1407 1345 intus
1433 1297 1515 1346 est
1534 1288 1660 1347 Victi
1685 1299 1876 1360 potens
1907 1301 1930 1328 ο

803 1379 1118 1434 Inﬁrmitate
1141 1380 1404 1449 corporis.

661 1471 810 1527 Tunc
831 1471 977 1526 mille
1005 1487 1035 1525 a
1065 1471 1252 1538 latere,
1280 1471 1418 1525 dena
1444 1485 1476 1526 a
1504 1469 1708 1526 dextris
1735 1470 1901 1526 millia
1929 1467 1957 1508 ἀ

801 1564 1153 1634 591-592
1173 1561 1372 1619 Arente
1395 1561 1609 1616 maxilla
1631 1562 1841 1626 cadent,

658 1653 717 1709 Si
739 1655 879 1709 mala
907 1662 1090 1708 nostra
1121 1653 1266 1707 salva
1296 1651 1389 1707 ﬁat
1427 1653 1571 1715 otio,

517 1744 622 1799 650
795 1745 921 1811 Quze
947 1753 1030 1800 est
1052 1759 1148 1798 usu
1171 1744 1362 1798 edendi
1385 1744 1600 1798 mobilis
1629 1761 1641 1796 :

657 1835 791 1902 Quia
817 1835 1113 1892 succulenti
1141 1835 1385 1905 corporis
1404 1834 1619 1893 licentia

798 1925 1118 1981 Retunditur
1141 1924 1383 1995 jejuniis.

655 2015 724 2070 Et
753 2025 875 2072 tunc
904 2017 1222 2086 triumphus,
1247 2015 1472 2085 fonsque
1499 2015 1655 2072 nobis
1681 2016 1917 2076 nascitur

801 2107 859 2162 In
884 2106 1134 2163 arefactis
1155 2109 1385 2163 ossibus.

517 2195 622 2252 655
657 2197 868 2253 Maxilla
891 2199 1054 2254 telum
1083 2197 1346 2268 pratlianti
1372 2213 1491 2268 qua:
1518 2197 1664 2253 dedit
1688 2241 1702 2262 ,

796 2289 899 2343 Dat
933 2290 1180 2344 aestuanti
1208 2289 1459 2359 poculum
1483 2328 1499 2353 ,

651 2379 838 2449 Jejuna
867 2383 1008 2436 succi
1035 2382 1212 2436 carnis
1240 2395 1362 2436 ossa
1389 2387 1636 2434 mortuas.

792 2471 990 2527 Sancto
1017 2473 1223 2540 rigante
1247 2471 1455 2540 spiritu.

652 2562 759 2617 Sed
782 2577 900 2633 quae
927 2571 1051 2616 ante
1074 2563 1275 2616 sanctis
1301 2561 1357 2615 in
1379 2558 1601 2628 ﬁguram
1624 2569 1772 2629 gesta
1802 2573 1958 2623 sunt;

513 2652 618 2708 640
791 2653 956 2708 Nobis
988 2653 1040 2706 in
1069 2660 1248 2707 actum
1275 2652 1474 2726 scripta
1504 2660 1630 2707 sunt
1661 2662 1685 2688 ο
1705 2693 1722 2716 ,

654 2744 724 2800 Ut
745 2743 886 2814 quod
915 2751 1168 2813 parentes
1195 2743 1519 2811 gestitarunt
1547 2757 1774 2813 corpore
1791 2785 1806 2807 ,

791 2835 900 2888 Nos
929 2835 1210 2889 actitemus
1239 2834 1449 2902 spiritu.

650 2925 879 2981 Fluxere
903 2933 1104 2989 vetera,
1127 2933 1318 2979 cuncta
1341 2923 1480 2979 facta
1503 2933 1628 2980 sunt
1653 2939 1813 2988 nova,

787 3015 1048 3070 Vacuavit
1068 3014 1311 3068 umbram
1342 3015 1558 3070 veritas.

517 3108 624 3162 615
660 3107 826 3163 Adest
844 3107 1031 3161 salutis
1053 3105 1163 3173 jam
1183 3104 1318 3164 dies.
1349 3104 1522 3159 hiems
1544 3105 1656 3160 abit

789 3197 859 3250 Et
891 3205 1033 3250 terra
1063 3202 1253 3249 vernat
1279 3191 1502 3247 ﬁoribus
1533 3191 1550 3230 ι
1575 3232 1588 3245 .

649 3287 842 3342 Audita
864 3287 974 3354 jam
997 3301 1102 3340 vox
1122 3282 1369 3350 turturis,
1401 3291 1614 3351 tempus
1642 3283 1787 3337 canit

786 3377 1065 3432 lncisionis
1094 3373 1299 3430 adfore.

643 3469 934 3540 Epulemur
962 3480 1090 3534 ergo
1115 3473 1298 3520 vetere
1323 3463 1588 3520 fermento
1615 3465 1733 3520 sine

506 3561 608 3616 650
783 3559 840 3614 1η
866 3558 1109 3615 veritatis
1138 3557 1408 3626 azymiss;

645 3653 780 3720 Quia
809 3652 1014 3706 Pascha
1042 3659 1283 3705 nostrum
1310 3649 1555 3704 Christus
1577 3648 1884 3705 immolatus
1906 3665 2009 3711 est,

783 3743 1030 3812 Intraque
1053 3756 1152 3795 nos
1180 3754 1399 3808 regnum
1430 3740 1524 3795 Dei
1553 3749 1654 3794 est.

643 3832 819 3900 Quare
842 3832 1065 3887 vetustis
1086 3831 1315 3885 absoluti
1343 3831 1569 3900 legibus,

776 3921 892 3975 Jam
915 3936 1023 3975 non
1046 3921 1098 3974 in
1119 3919 1304 3974 umbra
1332 3919 1595 3988 degimus.

498 4011 602 4066 655
637 4012 784 4079 Quos
807 4011 947 4066 nube
974 4011 1128 4078 legis,
1158 4019 1215 4066 et
1237 4018 1557 4065 statutorum
1573 4009 1706 4079 jugo
1731 4052 1746 4075 ,

779 4107 940 4174 Quasi
967 4121 1242 4162 comarum
1271 4107 1478 4160 sarcina

633 4200 877 4256 Christus
900 4197 1098 4252 levavit
1125 4197 1240 4267 ipse
1266 4195 1430 4262 Deus,
1459 4195 1548 4251 ille
1569 4203 1625 4251 et
1647 4197 1759 4252 suis

777 4289 972 4345 Factus
991 4285 1246 4342 redemtis
1274 4287 1329 4341 in
1358 4295 1540 4357 caput.

633 4378 752 4445 Quo
772 4379 948 4448 capite
969 4377 1121 4431 liberi
1151 4391 1311 4446 super
1329 4383 1527 4431 tetrum
1552 4384 1713 4446 caput

495 4467 597 4522 660
771 4467 1013 4522 Dracone
1039 4467 1183 4520 victo
1207 4465 1502 4520 incedimus
1527 4467 1552 4502 ιι
1575 4504 1589 4518 .

633 4559 755 4613 Illos
780 4558 1007 4612 decebat
1027 4557 1465 4626 impedimentum
1494 4572 1682 4622 comm,

773 4648 1256 4717 Umbraculumque
1283 4648 1518 4714 verticis,

630 4741 832 4806 Quibus
860 4741 1074 4808 tegebat
1111 4739 1274 4794 corda
1300 4740 1566 4804 velamen,
1594 4754 1747 4795 sacra

769 4831 1094 4886 Obnubilans
1115 4831 1386 4903 mysteria.

489 4925 594 4978 665
631 4924 700 4978 At
724 4939 822 4978 nos
850 4931 1058 4977 remoto
1088 4924 1279 4982 littera:
1304 4923 1571 4979 velamine

560 5092 582 5117 ⁸·
615 5079 746 5136 Vide
776 5089 887 5135 not.
911 5079 1036 5134 279.

563 5151 588 5189 δ
611 5152 744 5206 Vide
766 5159 879 5205 not.
903 5150 1026 5204 $80.

563 5233 586 5257 ε
610 5219 651 5273 Il
673 5221 798 5276 Cor.
832 5237 904 5281 tv,
930 5221 1017 5282 16,
1043 5228 1099 5274 et
1121 5235 1216 5283 xu,
1245 5219 1328 5272 10.

559 5289 586 5327 ἀ
619 5290 759 5343 Psal.
784 5306 880 5350 xc,
906 5291 960 5344 ’7.

561 5371 584 5396 ε
616 5359 632 5412 l
659 5357 784 5412 Cor.
808 5377 860 5423 x,
894 5359 979 5413 11.

563 5429 758 5481 fCant.
791 5445 846 5490 tt,
877 5429 962 5481 11.

561 5497 625 5550 ιι
657 5498 782 5551 Cor.
813 5498 945 5556 v.8.

562 5566 586 5603 ιι
617 5566 756 5621 Psal.
788 5584 876 5632 xc,
904 5568 986 5620 13.

569 5637 580 5669 ι
620 5634 750 5704 Vide
779 5652 863 5704 ep.
893 5637 980 5694 es.
1013 5653 1066 5689 η.
1095 5635 1182 5688 2-2.

565 5704 577 5749 i
617 5703 670 5754 Id
696 5713 775 5757 est
796 5702 1115 5758 damnosum.
1153 5705 1278 5757 Vide
1307 5721 1354 5756 τ.
1385 5702 1504 5756 705.
1531 5702 1663 5755 Vide
1684 5710 1793 5754 not.
1823 5702 1944 5757 281.

2097 4453 2148 4512 1)

2480 385 2535 440 1η
2563 387 2682 443 luce
2709 391 2952 460 corporis
2979 393 3060 446 sui

2346 475 2680 534 Enuhilatam
2712 481 2727 518 ί
2761 485 3043 538 veritatem
3069 485 3367 551 cernimus,

2487 569 2702 625 Faciem
2730 573 2952 627 revelati
2983 575 3103 629 ﬁde.

2349 657 2488 714 Puer
2512 675 2640 729 ergo
2671 671 2854 716 noster
2879 663 3011 732 legis
3038 673 3196 734 atque
3221 665 3400 732 gratiae

2205 747 2308 802 670
2488 751 2768 816 Alumnus.
2799 769 2866 810 ex
2893 765 3122 824 utroque
3141 757 3213 810 sit

2346 842 2403 895 In
2431 843 2725 912 spiritalem
2746 855 3085 915 comparatus
3108 845 3350 914 gloriam,

2485 933 2554 988 Ut
2581 935 2660 998 (a)
2683 944 2860 991 vetera
2882 945 3094 1006 promat
3114 945 3168 991 et
3193 953 3348 990 nova.

2347 1023 2524 1079 Fortis
2542 1025 2748 1094 pudicis
2775 1029 2982 1083 actibus
3003 1027 3178 1082 crines
3196 1038 3336 1096 agat,

2483 1114 2811 1186 Ferrumque
2835 1117 3015 1172 damni
3049 1118 3060 1168 i
3098 1119 3320 1182 nesciat,

2204 1205 2308 1258 675
2345 1204 2415 1261 Ut
2441 1221 2472 1260 a
2503 1207 2767 1262 machaera
2796 1208 3078 1262 noxiorum
3108 1206 3418 1274 dogmatum

2482 1294 2778 1352 Conservet
2804 1298 3057 1350 intactam
3080 1296 3257 1350 ﬁdem.

2344 1384 2448 1440 Sed
2469 1401 2652 1440 rursus
2681 1385 2818 1439 idem
2845 1395 2900 1439 et
2928 1384 3236 1452 evangelico
3263 1384 3492 1453 desuper

2487 1475 2720 1530 Mentem
2750 1485 2986 1532 retectus
3015 1475 3214 1530 lumine
3232 1517 3246 1541 ,

2347 1563 2518 1620 Ponat
2542 1564 2567 1603 κ
2597 1567 2818 1636 capillos
2848 1567 3028 1624 oneris
3059 1578 3115 1620 et
3139 1566 3416 1620 velaminis

2205 1653 2307 1708 680
2483 1655 2682 1710 Servus
2713 1656 2856 1723 ﬁdei,
2885 1665 2938 1710 et
2966 1657 3100 1710 liber
3126 1656 3248 1710 tidc.

2345 1744 2497 1800 Hunc
2521 1746 2661 1800 lacte
2682 1747 2854 1816 primo
2880 1762 2977 1815 per
2996 1747 3379 1816 prophetarum
3404 1747 3561 1801 ubera

2344 1894 2348 1898 _
2481 1834 2593 1890 Lex
2621 1835 2905 1906 pmdagoga
2934 1837 3149 1890 nutriat.

2342 1923 2494 1979 Hunc
2515 1926 2826 1992 angelorum
2859 1942 2996 1996 pane
3019 1927 3186 1980 dulcis
3220 1926 3394 1995 gratia

2476 2015 2544 2069 Et
2569 2017 2726 2072 melle
2751 2017 2817 2072 de
2845 2025 2995 2088 petra
3022 2017 3166 2072 cibet
3196 2014 3252 2071 ι.

2197 2103 2303 2158 685
2338 2104 2638 2161 lnebrietur
2665 2109 2938 2163 sohriante
2963 2109 3159 2178 poculo

2477 2195 2554 2250 De
2583 2197 2730 2250 fonte
2756 2197 2928 2252 sancti
2955 2197 3202 2268 Spiritus.

2340 2285 2702 2356 593-594
2729 2284 2793 2338 Et
2821 2286 2936 2356 ipse
2962 2295 3019 2341 tu
3041 2303 3166 2342 mox
3193 2286 3477 2358 copulatus
3508 2285 3618 2342 ﬁliis

2479 2375 2551 2430 Ut
2572 2377 2747 2446 palma
2778 2375 3030 2433 ﬁorescas
3053 2378 3184 2433 Deo.

2334 2465 2403 2521 Et
2424 2481 2550 2523 ecce
2570 2467 2766 2536 conjux
2789 2468 2842 2522 in
2867 2469 2996 2536 jugo
3017 2467 3234 2534 Christi,
3260 2475 3355 2523 tua
3371 2510 3386 2534 ,

2193 2556 2296 2611 690
2476 2556 2546 2613 Ut
2565 2559 2686 2613 vitis
2707 2560 2941 2614 exundat
2967 2560 3108 2614 bona
3138 2571 3176 2596 σι

2333 2648 2546 2715 Domui,
2568 2647 2786 2718 Deoque
2819 2667 2832 2702 :
2864 2659 3013 2705 costa
3041 2659 3067 2686 η
3097 2649 3252 2706 fortis
3274 2651 3398 2708 hac
3425 2652 3516 2707 tibi

2475 2739 2756 2796 Lateribus
2786 2742 2838 2794 in
2865 2739 3055 2795 domus
3076 2750 3206 2807 tuae,

2333 2826 2503 2884 Curas
2531 2831 2710 2884 mariti
2739 2833 3027 2896 sustinens,
3060 2848 3254 2888 curans
3279 2831 3464 2897 ﬁdem,

2472 2918 2656 2973 Sancti
2682 2935 2879 2975 corona
2909 2921 3172 2990 conjugis,

2189 3009 2296 3063 695
2333 3009 2391 3064 In
2414 3013 2664 3068 castitate
2684 3013 2882 3068 liberos’
2908 3016 3182 3070 enutriens

2470 3101 2648 3155 Vitam
2673 3097 3003 3158 novellante’s
3028 3103 3156 3158 Deo.

2338 3191 2489 3246 Hunc
2517 3207 2747 3260 namque
2778 3201 2953 3247 vestra
2980 3194 3091 3248 vite
3117 3192 3288 3247 fusum
3318 3193 3584 3264 palmitem

2463 3281 2552 3337 Sic
2571 3282 2733 3336 credo
2756 3282 3072 3337 firmandum
3093 3283 3224 3346 Deo,

2331 3372 2545 3428 Radicis
2569 3375 2682 3444 ipse
2708 3391 2891 3431 ramus
2916 3384 2975 3430 ut
3001 3377 3151 3431 radix
3172 3391 3280 3432 sua:

2187 3465 2287 3518 700
2463 3466 2658 3521 Secum
2685 3484 2834 3523 suam
2863 3471 3082 3540 stirpem
3107 3471 3302 3525 trahat.

2329 3556 2394 3611 Ut
2420 3558 2510 3612 ille
2537 3559 2808 3627 quondam
2833 3562 3166 3630 providentia
3196 3561 3291 3616 Dei

2463 3649 2757 3705 Distractus
2780 3651 2831 3704 in
2855 3667 3067 3705 servum
3096 3667 3257 3721 puer,

2324 3741 2401 3796 Ad
2430 3757 2555 3796 arva
2578 3740 2784 3810 frugum
2815 3751 2839 3778 ο
2869 3744 3061 3797 missus
3089 3751 3189 3808 est,
3219 3752 3278 3798 ut
3297 3753 3356 3800 et
3376 3755 3572 3816 patrem

2462 3832 2682 3889 Przeiret
2705 3842 2761 3888 et
2789 3835 2978 3890 fratres
3005 3851 3152 3901 suos,

2182 3927 2281 3978 705
2316 3924 2416 3992 Qui
2440 3943 2567 3981 mox
2588 3943 2684 3996 per
2710 3927 2896 3982 orbem
2920 3926 3272 3983 consecutura
3301 3929 3463 3994 famc,

2453 4016 2626 4071 Patris
2647 4018 2786 4072 altor
2806 4026 2862 4072 et
2884 4017 3102 4072 fratrum
3131 4017 3292 4073 foret.

2315 4109 2404 4165 Sic
2433 4111 2532 4165 iste
2560 4109 2738 4164 forsan
2769 4109 2821 4163 in
2849 4125 3058 4164 sacram
3087 4121 3114 4159 Ρ
3139 4110 3295 4179 panis
3323 4111 3537 4165 domum

2460 4201 2569 4255 Vos
2595 4200 2882 4255 antecessit
2911 4198 3075 4263 ﬁlius;

2316 4293 2384 4348 Ut
2411 4303 2465 4349 et
2492 4302 2740 4364 parentes
2761 4301 2946 4363 pascat
2971 4301 3027 4348 et
3047 4293 3240 4351 fratres
3267 4310 3395 4351 suos

2173 4384 2276 4438 710
2451 4385 2507 4439 1η
2530 4385 2681 4441 istius
2701 4385 2880 4440 mundi
2910 4384 3070 4442 fame.

2316 4475 2415 4532 Ubi
2438 4485 2577 4531 terra
2605 4476 2828 4532 tribulos
2854 4491 3045 4546 parere
3066 4477 3220 4542 nobis
3248 4477 3464 4547 largior,

2451 4565 2585 4634 Eget
2609 4566 2870 4622 bonorum
2898 4565 3134 4635 frugibus
3165 4585 3178 4620 :

2311 4657 2380 4711 Et
2405 4658 2492 4711 hic
2519 4656 2743 4726 spadoni
2770 4655 3012 4711 venditas
3039 4657 3140 4711 dici
3161 4665 3361 4726 potest,

2445 4745 2546 4811 Qui
2575 4745 2835 4800 castitatis
2863 4761 3046 4800 servus
3073 4756 3186 4810 est;

2170 4838 2273 4892 7l5
2309 4837 2376 4892 Et
2401 4839 2492 4906 qui
2523 4839 2575 4891 in
2597 4837 2781 4892 Severi
2804 4837 2892 4905 jus
2912 4853 3231 4908 manumque
3255 4847 3340 4892 est
3369 4836 3587 4892 traditus

2443 4927 2708 4996 Spadonis
2735 4928 2805 4982 ob
2828 4940 3048 4995 regnum
3077 4927 3192 4990 Dei,

2233 5081 2255 5117 ¹ί
2285 5080 2339 5135 Id
2363 5088 2445 5134 est
2475 5079 2728 5148 Deponal.
2762 5080 2891 5134 Vide
2918 5094 3084 5135 carm.
3113 5080 3198 5145 M,
3223 5097 3273 5134 v.
3307 5080 3394 5132 81.

2237 5149 2254 5189 ι
2284 5149 2423 5204 Psal.
2451 5167 2613 5215 Lxxx,
2639 5150 2724 5202 17.

2231 5231 2268 5256 η’
2289 5219 2426 5272 Psal.
2458 5235 2652 5280 cxxvtt,
2683 5218 2736 5270 '5.

2231 5299 2256 5326 η
2287 5288 2418 5342 Vide
2447 5297 2558 5342 not.
2585 5287 2711 5340 282.

2231 5368 2255 5394 ο
2284 5357 2338 5411 Id
2365 5366 2446 5412 est
2475 5359 2744 5479 {rugiferm
2777 5356 2910 5412 Vide
2933 5375 2984 5412 v.
3016 5357 3137 5412 674.

2231 5439 2258 5478 Ρ
2287 5427 2471 5479 Bethle
2491 5442 2615 5479 tem.

2231 5439 2258 5478 Ρ
2287 5427 2615 5482 Bethlehem.

2233 5496 2306 5566 (a)
2334 5496 2408 5550 Ita
2440 5495 2769 5566 correximus
2797 5512 2863 5551 ex
2891 5511 2990 5549 ms.
3013 5495 3217 5566 radice
3265 5493 3432 5560 Regio
3460 5500 3514 5566 ct
3556 5489 3693 5547 editis

2161 5563 2413 5683 quinque,
2445 5565 2750 5633 postulante
2790 5575 2983 5620 metro.
3012 5563 3106 5620 Ed.
3137 5564 3322 5626 Rosv.,
3355 5564 3526 5626 reteri,
3555 5575 3690 5614 mena

2196 5650 2312 5683 me.

2196 5650 2312 5685 ον.
