3996 6356
1607 305 1833 363 POEMA
1874 305 2054 361 XXIV.

1804 427 1850 479 Α

205 329 303 384 6Ξο

340 439 460 505 Quo
485 436 775 496 nutriente,
807 433 1093 490 roboratus
1122 431 1174 484 in
1203 429 1379 490 tidem,

483 528 552 583 Et
569 529 887 584 charitatem
911 521 1222 583 masculam,

346 619 642 674 lrretientis
667 620 706 652 "
738 616 900 672 seculi
930 627 1182 684 pompam
1209 609 1401 664 illicem
1420 647 1434 670 ,

209 718 301 771 720
482 713 551 770 Ut
574 712 936 784 impudentem
965 711 1211 764 feminam

339 807 504 861 Casto
529 805 792 875 superbus
820 802 1024 872 respuit
1049 799 1283 862 fastidio,

490 897 749 965 Nudaque
776 895 964 948 vitavit
991 892 1130 959 fuga,

338 988 405 1041 Et
427 986 714 1041 antevertit
745 996 770 1022 ι
801 983 1008 1052 gaudiis
1036 981 1285 1036 letalibus
1310 981 1354 1010 "

480 1076 673 1134 Pinnas
700 1076 963 1130 salutares
989 1073 1118 1142 pati.

202 1169 301 1224 725
343 1166 414 1223 Ut
441 1168 530 1222 ille
557 1165 847 1238 quondam,
878 1164 955 1219 sic
983 1163 1143 1216 modo
1173 1162 1272 1216 iste
1293 1173 1561 1214 carcerem

481 1257 586 1312 Pro
614 1257 864 1314 castitate
901 1253 1135 1324 perferat
1155 1270 1168 1318 ;

339 1347 413 1403 Ut
441 1363 471 1401 a
497 1346 717 1415 juventa
741 1344 1079 1413 singulariter
1102 1341 1313 1404 sedens,

481 1436 773 1505 Tacitaquc
801 1434 1044 1490 seclusus
1064 1432 1244 1496 domo,

339 1531 500 1586 Amet
527 1529 722 1599 quietae
751 1535 889 1582 tecta
913 1523 1244 1586 solitudinis,

203 1621 298 1674 7’50
477 1618 659 1689 Spinis
685 1625 741 1671 et
767 1631 924 1671 aures
944 1614 1136 1685 sepiat.

329 1711 591 1767 Domibus
619 1710 858 1764 ciborum
887 1707 1132 1778 prteferat
1161 1705 1336 1760 luctus
1363 1703 1574 1758 domum
1599 1746 1613 1767 ,

484 1800 556 1857 Ut
582 1800 832 1870 gaudium
862 1797 988 1853 ﬂetu
1016 1804 1190 1861 serat;

331 1894 576 1964 Seseque
597 1893 744 1948 duris
774 1899 966 1962 sponte
991 1897 1172 1945 nectat
1198 1887 1422 1960 legibus,

255 2051 259 2054 ι
480 1985 661 2053 Culpa:
686 1992 743 2037 ut
766 1981 1001 2036 resolvat
1028 1978 1283 2043 vinculis,

201 2072 297 2127 755
331 2073 720 2149 Ρειῑίεηιὶειηυε
740 2070 1052 2141 compedem
1075 2070 1316 2140 imponat
1339 2068 1460 2130 sibi,

481 2163 588 2218 Nec
615 2163 762 2227 sede,
792 2177 892 2217 nec
913 2176 1072 2216 sensu
1101 2173 1284 2228 vagus.

331 2255 397 2308 Et
423 2263 551 2309 tunc
579 2254 647 2308 ab
676 2253 859 2307 humili
881 2252 1025 2310 celsa
1048 2249 1442 2322 promerebitur
1476 2268 1484 2299 :

481 2346 616 2412 Quia
643 2345 734 2414 qui
763 2345 1022 2414 superbos
1049 2341 1320 2412 deprimit,

330 2437 580 2491 llumiles
606 2435 811 2499 inaltat,
843 2433 1083 2500 dansque
1104 2431 1283 2501 parvis
1312 2430 1562 2498 gratiam.

203 2525 298 2578 τω
480 2523 700 2578 Resistit
727 2522 1121 2591 arrogantibus.

334 2617 430 2671 Sic
453 2617 540 2670 ille
563 2615 760 2685 Joseph
793 2622 917 2668 ante
946 2628 1140 2682 parvus
1160 2611 1329 2674 factus
1357 2617 1438 2664 est
1457 2650 1474 2675 ,

485 2707 552 2762 L't
579 2721 799 2774 magnus
824 2712 965 2759 esset
990 2722 1002 2754 :
1027 2713 1082 2757 et
1112 2703 1213 2758 nisi

333 2799 543 2855 Servus
566 2798 771 2861 fuisset,
804 2812 909 2849 non
940 2794 1127 2854 fuisset
1167 2793 1222 2848 in
1243 2794 1324 2846 sui

481 2891 693 2945 Tellure
718 2887 921 2942 servitii
945 2894 1154 2956 potens.

208 2983 299 3036 πε
337 2982 444 3037 Ubi
473 2981 798 3041 sustinuerat
825 2978 1136 3032 servitutem
1167 2982 1221 3028 et
1249 2988 1542 3035 carcerem,

478 3073 552 3127 lbi
575 3086 794 3140 regnum
825 3082 1060 3140 opesque
1087 3073 1313 3120 nanctus
1335 3073 1438 3117 est.

329 3163 443 3218 Sed
471 3160 783 3217 sustinendo
813 3160 1108 3227 iniquitatis
1133 3155 1344 3211 vincula
1364 3195 1378 3216 ,

476 3253 701 3308 Justitim
727 3253 869 3320 cepit
895 3252 1134 3321 praimia.

332 3345 499 3418 595
524 3374 548 3386 ο
575 3344 737 3414 596
770 3341 852 3397 Sit
890 3350 944 3396 et
988 3341 1075 3395 hic
1101 3339 1357 3409 probatus
1401 3338 1641 3408 corporis
1675 3353 1769 3394 cu-

1460 3430 1592 3500 [stos
1619 3431 1699 3483 sui

209 3527 297 3579 750
483 3525 550 3580 Ut
576 3525 808 3580 claustra
837 3530 1019 3578 teneat
1044 3523 1298 3576 carceris.

331 3616 389 3670 Si
421 3616 550 3670 vitia
578 3615 755 3668 carnis
781 3611 1057 3666 strinxerit
1084 3611 1282 3666 Christi
1314 3620 1478 3673 metu,

480 3701 641 3770 Quasi
669 3700 696 3739 δ
726 3700 1007 3755 vinculatis
1040 3709 1061 3738 ε
1087 3701 1319 3770 prmerit,

333 3793 579 3861 Aliisque
605 3791 786 3846 mundi
810 3789 1016 3846 carceri
1042 3789 1260 3844 inclusis
1289 3789 1477 3852 adhuc,

481 3883 547 3937 Et
574 3882 804 3950 alligatis
829 3879 1032 3941 seculo,

209 3970 303 4024 755
337 3971 413 4028 Ut
441 3973 574 4026 liber
595 3973 736 4041 ipse;
761 3970 981 4038 jamque
1009 3967 1326 4024 commissus
1352 3967 1474 4032 sibi,

465 4045 736 4129 ‘Magister
763 4067 818 4114 et
845 4066 1027 4114 custos
1056 4057 1178 4111 erit.

334 4153 579 4221 Namque
598 4137 694 4205 ille
717 4151 837 4219 jure
863 4150 957 4218 qui
985 4163 1135 4203 suam
1163 4148 1474 4210 servaverit,

481 4241 720 4296 Aliorum
751 4241 912 4294 habet
936 4237 1265 4302 custodiam;

335 4331 454 4385 Non
477 4338 536 4384 ut
563 4331 798 4385 tenebris
822 4343 1139 4400 permanere
1167 4327 1415 4388 carceris.

209 4419 300 4473 760
481 4419 590 4476 Seu
613 4420 812 4474 liberos
835 4419 1045 4473 vinctos
1073 4419 1201 4473 velit
1225 4436 1237 4469 :

333 4513 443 4569 Sed
472 4524 531 4566 ut
558 4520 805 4582 receptos
830 4510 1025 4566 doceat
1046 4510 1294 4580 exemplo
1321 4526 1419 4564 suo

479 4604 659 4661 Mundi
688 4605 892 4660 catenis
912 4605 1056 4666 exui,

332 4695 404 4750 Et
430 4695 602 4760 facile,
641 4694 872 4764 propriis
901 4693 1177 4748 absolutus
1204 4694 1446 4756 vinculis,

473 4789 621 4844 Solvi
649 4788 863 4843 docebit
888 4788 1131 4852 crimine,

203 4881 297 4934 765
332 4882 620 4949 Bonusque
649 4879 844 4934 mentis
871 4879 950 4932 vir
968 4879 1292 4946 gubernator
1319 4894 1446 4938 sum,

473 4971 538 5026 Et
562 4971 814 5026 Ecclesia:
835 4967 861 5007 ἀ
891 4984 1078 5023 navem
1108 4978 1278 5037 reget.

333 5063 467 5117 Nam
496 5059 771 5131 quomodo
795 5059 882 5115 ille
911 5058 1214 5128 prtesidebit
1243 5059 1518 5127 proximis.

476 5150 712 5221 Prmesse
739 5150 831 5218 qui
858 5149 1032 5204 nescit
1056 5148 1192 5202 sibi?

334 5237 441 5296 Sed
467 5255 646 5295 semo
673 5241 854 5310 lapsus
880 5239 1186 5293 decucurrit
1208 5238 1434 5306 longius,

203 5329 299 5382 770
475 5331 737 5387 Revertar
765 5329 829 5384 ad
853 5328 1049 5398 Joseph
1079 5343 1258 5382 meum

271 5472 291 5533 ξ·
326 5463 382 5533 [ti
412 5471 490 5533 est
520 5464 765 5533 pratulit.
959 5477 1010 5514 v.
1045 5459 1166 5512 544.

269 5531 295 5566 δ
328 5531 464 5603 _V_'ide
487 5531 573 5603 ep.
606 5531 899 5603 50,1..‘17.

273 5612 293 5637 '-
328 5601 458 5656 V’idc
481 5597 724 5656 eamdem
753 5601 931 5658 licent.
960 5617 1012 5652 v.
1044 5597 1167 5651 87f.

269 5670 292 5703 ά
327 5670 452 5724 Vide
483 5681 592 5724 not.
635 5670 757 5723 259.

274 5749 294 5774 ο
325 5738 510 5794 Matth.
534 5757 604 5804 χι.
636 5740 720 5793 50.

1799 3139 1846 3198 (ζ

2019 421 2212 478 Castus
2237 424 2410 478 beata:
2435 421 2566 477 flore
2589 428 2778 477 vernet
2804 419 3010 490 gratia,

2161 513 2228 570 Ut
2254 515 2484 585 paradisi
2513 515 2679 568 lilium
2704 532 2717 567 :

2021 606 2090 661 Ut
2117 607 2281 662 corde
2307 622 2442 677 puro
2470 607 2663 662 cmlitis
2686 604 2984 676 prudentia:

2161 695 2354 753 Potum
2382 697 2604 766 pudicus
2628 697 2870 757 hauriat;

1881 785 1984 840 775
2023 787 2300 859 Responsa
2321 787 2497 842 dubiis
2524 794 2738 842 exserat
2764 785 3080 840 mortalibus

2162 878 2402 933 Arcanus
2431 879 2694 948 interpres
2722 877 2837 940 Dei,

2019 968 2085 1022 Et
2111 969 2374 1025 emicante
2401 969 2569 1038 gloria
2601 970 2754 1024 fama:
2779 969 2935 1025 bona:

2160 1059 2414 1116 Notescat
2443 1062 2496 1116 in
2525 1061 2664 1129 regis
2685 1061 2866 1115 domo.

2025 1150 2363 1221 Placitusque
2391 1153 2503 1222 regi
2532 1152 2723 1222 spiritu
2749 1151 3063 1222 prudentia,

1882 1242 1984 1296 780
2157 1240 2413 1297 Sumatur
2440 1241 2492 1296 in
2520 1243 2669 1309 regni
2695 1243 2886 1298 ducem
2913 1259 2926 1294 :

2020 1330 2384 1388 Possessionis
2411 1327 2571 1401 regia:
2601 1334 2848 1404 princeps
2877 1341 2986 1400 eat,

2161 1420 2448 1478 Prtelectus
2478 1424 2528 1477 in
2557 1437 2747 1492 magna
2776 1423 2960 1486 domo,

2021 1513 2230 1570 Stolam
2257 1517 2352 1570 sed
2379 1516 2479 1570 iste
2505 1515 2777 1587 byssinam
2807 1523 2860 1570 et
2889 1521 3134 1584 torquem
3165 1529 3381 1570 auream

2160 1605 2343 1667 Gerat,
2374 1615 2496 1677 apta
2524 1604 2740 1661 Christo
2765 1606 3011 1674 insignia,

1884 1693 1988 1748 785
2025 1694 2252 1750 Textam
2275 1709 2523 1765 superna:
2553 1697 2737 1764 gratiae
2765 1704 2968 1754 vestem
2992 1695 3194 1760 induat,

2165 1786 2403 1844 Stolatus
2431 1787 2756 1850 innocentia.

2019 1875 2285 1934 Contexta
2315 1879 2477 1948 bysso
2501 1879 2663 1942 vestis
2693 1878 2951 1949 irruptam
2981 1877 3139 1932 fidem

2162 1965 2348 2034 Signat
2375 1965 2585 2024 Valenti
2614 1967 2868 2030 stamine,

2022 2056 2154 2111 Nam
2184 2057 2270 2112 fila
2300 2057 2444 2130 byssi
2473 2057 2694 2114 fortiora
2724 2066 2778 2114 et
2803 2059 3031 2129 sparteip

1884 2149 1984 2203 790
2161 2148 2428 2204 Feruntur
2456 2165 2574 2208 esse
2595 2149 2827 2216 funibus.

2024 2237 2128 2294 Pro
2159 2247 2369 2309 torque,
2401 2240 2543 2295 collo
2571 2242 2810 2296 caritatis
2835 2256 3010 2302 aureae

2160 2328 2432 2386 Prtedulee
2459 2330 2752 2386 circumdet
2774 2331 2962 2402 jugum
2994 2340 3042 2397 θ,

2021 2421 2174 2488 Quod
2202 2436 2367 2476 suave
2395 2419 2630 2489 Christo,
2663 2438 2763 2477 nec
2797 2421 3099 2486 molestum,
3130 2422 3365 2494 pondere

2163 2512 2459 2582 Adstringit
2487 2512 2645 2578 colla,
2677 2529 2785 2572 non
2818 2513 3028 2584 premit.

1882 2599 1986 2654 795
2021 2600 2144 2658 Hzec
2171 2602 2312 2657 inter
2339 2603 2477 2658 idem
2506 2604 2646 2658 dona
2671 2612 2868 2671 sumat,
2897 2605 3029 2672 regii

2155 2691 2366 2762 Insigne
2387 2693 2543 2762 juris,
2575 2694 2850 2762 annulum,

2018 2784 2344 2853 Comtusque
2371 2785 2511 2839 trino
2534 2784 2812 2840 Trinitatis
2839 2799 3076 2848 munere.

2160 2867 2334 2930 Curru
2360 2876 2588 2930 vehatur
2615 2876 2783 2944 regio.

2021 2968 2236 3037 Regalis
2260 2969 2464 3024 etenim
2493 2984 2684 3025 currus
2705 2978 2788 3034 est
2815 2967 3012 3024 Christi
3037 2983 3182 3034 caro,

1880 3061 1982 3116 800
2157 3062 2472 3132 Corpusque
2500 3071 2745 3120 sanctum
2772 3061 3034 3130 Ecclesia,

2019 3154 2136 3220 Quo
2167 3153 2380 3208 vehitur
2408 3153 2522 3224 ipse
2550 3154 2783 3209 millibus
2812 3154 3104 3224 laetantium
3143 3153 3162 3192 ί

2162 3245 2409 3314 Agitator
2434 3243 2596 3300 Israel
2629 3254 2651 3291 ι
2683 3245 2842 3300 Deus.

2019 3334 2234 3388 Imitare
2261 3334 2532 3389 Christum
2559 3353 2572 3390 :
2604 3333 2691 3390 fac
2716 3335 2937 3400 bonum,
2970 3335 3080 3389 vita
3109 3335 3344 3400 malum,L

2156 3424 2291 3481 Coeli
2319 3426 2485 3480 vitam
2513 3425 2566 3480 in
2597 3426 2756 3481 terris
2783 3439 2882 3494 age
2909 3423 2958 3478 ιι.

1874 3519 1980 3572 805
2017 3518 2084 3572 Et
2103 3519 2217 3588 ipse
2241 3527 2295 3573 te
2317 3519 2414 3572 rex
2442 3524 2608 3587 ponet
2634 3517 2688 3571 in
2717 3531 2933 3573 currum
2960 3530 3138 3580 suum,

2158 3608 2434 3678 Regnique
2462 3616 2773 3664 consortem
2801 3607 2993 3671 dabit,

2017 3700 2083 3756 Et
2111 3715 2318 3756 summa
2344 3701 2498 3769 regni
2520 3700 2642 3770 jura
2670 3697 2973 3754 committet
2998 3698 3106 3763 aui,

2158 3790 2468 3862 Pandetque
2495 3791 2776 3846 thesauros
2805 3804 2956 3866 suos.

2016 3881 2122 3936 Sed
2144 3890 2271 3938 ante
2299 3882 2459 3952 digna
2488 3882 2748 3950 largietur
2766 3880 3010 3950 pignora,

1875 3971 1980 4024 810
2163 3972 2235 4029 Ut
2261 3974 2424 4042 regiis
2448 3971 2748 4042 insignibus

2020 4061 2178 4134 597
2208 4093 2234 4104 -
2262 4064 2424 4134 593
2447 4059 2679 4122 Ornatus
2699 4061 2865 4121 altum
2885 4060 3026 4129 regis
3044 4060 3300 4116 ascendas
3311 4063 3432 4117 thro

3208 4151 3379 4222 inurit,
3533 4207 3541 4213 ,

2161 4241 2500 4312 Reseresque
2520 4241 2730 4310 regales
2751 4254 2944 4310 penus,

2021 4330 2314 4402 Sapientia:
2336 4331 2553 4397 monile,
2585 4330 2768 4400 gloria
2792 4331 3010 4397 stolam,

2160 4421 2415 4492 Fideique
2439 4431 2654 4492 gestans
2679 4422 2954 4492 annulum.

1809 4509 1856 4564 D
1885 4512 1986 4568 815
2023 4513 2136 4570 Sed
2159 4523 2218 4570 ut
2242 4516 2334 4571 ille
2358 4524 2524 4570 totam
2550 4515 2635 4570 vir
2661 4530 2759 4586 per
2788 4513 3076 4588 Egyptum
3105 4522 3298 4584 potens

1928 4606 1934 4614 '
2165 4604 2290 4662 Fuit
2315 4615 2471 4661 exter
2493 4604 2713 4674 Egypti
2739 4605 2888 4672 solo;

2041 4697 2108 4754 Et
2135 4698 2258 4764 iste,
2288 4695 2470 4751 mundi
2496 4696 2698 4751 viribus
2725 4698 3022 4766 potentior,

2162 4789 2244 4847 Sit
2271 4787 2424 4843 fortis
2451 4783 2741 4857 Egyptum
2767 4799 2958 4856 super,

2025 4881 2395 4954 Egyptiorum
2425 4877 2520 4932 sed
2543 4876 2857 4947 peregrinus
2882 4877 3044 4932 domo

1878 4972 1987 5032 820
2163 4971 2252 5030 Sic
2276 4970 2496 5034 mixtus,
2525 4977 2584 5022 ut
2610 4983 2717 5026 non
2746 4969 2946 5024 mixtus
2966 4970 3054 5035 sit,

1977 5053 1983 5058 ’
2021 5061 2300 5128 Distetque
2318 5067 2585 5124 sanctum,
2615 5056 2748 5112 sede
2775 5059 3044 5116 communi
3072 5059 3219 5129 licet.

2159 5149 2236 5204 De
2261 5156 2420 5218 gente
2448 5163 2554 5202 non
2580 5156 2765 5201 sancta
2794 5161 2982 5216 genus,

2017 5241 2351 5308 Tantumque
2394 5239 2475 5308 (a)
2516 5238 2567 5292 in
2607 5237 2744 5304 isto,
2797 5247 3068 5308 tamquam
3118 5239 3171 5294 ln
3216 5240 3448 5312 Δίωνι)

3186 5332 3364 5403 λείως.

1953 5465 1972 5503 τ
2006 5465 2142 5520 Psal.
2175 5482 2334 5525 vatt.
2369 5466 2454 5520 l8.

1951 5546 1975 5582 Β
2005 5535 2136 5589 Vide
2164 5544 2277 5590 not.
2311 5534 2434 5588 285.

1949 5603 1974 5641 ¹ι
2003 5604 2140 5659 Psal.
2173 5621 2350 5666 xxxw,
2384 5603 2470 5658 27.

1947 5675 2024 5745 (a)
2061 5675 2156 5728 Ms.
2200 5674 2369 5745 coda;
2415 5673 2609 5745 Begius
2656 5688 2773 5745 cum
2821 5672 2978 5729 editis
3014 5682 3267 5743 quatuor,
3302 5669 3442 5729 Nam

1882 5739 2078 5797 (inic’in
2107 5746 2222 5796 isto.
2258 5740 2393 5795 Edit.
2425 5739 2633 5805 Schot.,
2668 5739 2806 5794 Nam
2835 5758 2987 5797 nunc.
