3996 6356
573 350 665 403 651
1509 352 1564 406 S.
1606 350 1873 406 PAULlNl
1915 350 2158 406 NOLANI

2214 347 2375 404 '31-’le
2371 348 2498 403 .OPl
2575 348 2913 405 ΡΘΕΜΑΤΑ.
3695 361 3781 418 6⁸52

855 459 942 517 Sic
965 461 1271 518 demoretur
1299 463 1506 531 seculo,

572 548 677 601 8&5
719 550 933 608 Alienus
959 563 1018 608 ut
1041 555 1111 610 sit
1133 555 1298 611 seculi
1321 557 1550 626 negotiis

849 645 1094 702 Cw’lestis
1120 648 1266 703 urbis
1292 649 1488 703 incola.

711 733 767 787 In
798 750 957 790 carne
985 738 1186 802 vivens,
1215 738 1326 792 vita
1348 738 1525 792 carnis
1545 737 1771 800 exsulet,

848 824 905 880 In
933 827 1051 896 lege
1078 828 1276 883 mentis
1296 827 1597 893 ambulans,

716 913 1017 983 Totamque
1042 917 1196 984 regni
1224 915 1411 970 crediti
1435 923 1632 970 terram
1662 914 1764 968 sibi

571 1002 674 1055 830
852 1002 1110 1072 Peragret
1139 1005 1192 1058 in
1223 1005 1370 1059 libris
1397 1005 1582 1058 sacris.

709 1091 777 1146 Et
804 1093 943 1147 sicut
972 1093 1061 1148 ille
1087 1095 1170 1148 vir
1196 1094 1293 1148 Dei
1317 1092 1515 1162 Joseph
1545 1093 1664 1161 pius
1723 1123 1728 1127 -

851 1179 1222 1250 Memphiticos
1251 1180 1382 1235 ﬁnes
1410 1181 1544 1243 obit,

711 1265 778 1320 Et
803 1268 1074 1338 ampliatis
1099 1269 1308 1324 horreis
1320 1269 1475 1323 .lzetas
1497 1283 1626 1338 opes

847 1358 1210 1414 Fecunditatis
1239 1373 1555 1426 congerens,

568 1443 671 1499 855
695 1443 1099 1503 Exuberantum
1121 1449 1269 1505 dives
1293 1465 1553 1504 annorum
1580 1451 1754 1514 bonis,

848 1533 1039 1604 Jejuna
1064 1537 1212 1607 pavit
1241 1545 1480 1606 tempora
1513 1555 1525 1590 :

711 1621 800 1676 Sic
823 1624 924 1678 iste
953 1632 1136 1680 noster
1163 1625 1215 1678 in
1240 1625 1464 1679 sacratis
1491 1625 1704 1680 Litteris

851 1710 1192 1768 Perambulet
1216 1728 1438 1783 regnum
1459 1715 1574 1769 Dei.

707 1797 981 1868 Scriptura
1007 1817 1236 1876 namque
1264 1810 1450 1856 saneto
1478 1801 1604 1856 ﬂata
1633 1801 1831 1874 Spiritu

569 1883 672 1939 840
847 1888 1017 1959 Regni
1042 1891 1292 1960 perennis
1314 1899 1486 1945 mater
1504 1899 1606 1955 est,

709 1975 776 2030 Et
803 1977 905 2032 iste
932 1994 1060 2034 cura
1087 1979 1313 2049 spiritali
1342 1981 1630 2050 providens

845 2066 1032 2122 Struat
1059 2068 1234 2137 ampla
1255 2070 1449 2124 mentis
1475 2070 1687 2138 horrea,

710 2154 781 2211 Ut
805 2156 1028 2215 dilatato
1050 2161 1198 2229 larga
1224 2162 1347 2216 vitae
1371 2165 1610 2232 perpetis

849 2245 1116 2304 Alimenta
1143 2250 1340 2306 condat
1367 2262 1614 2323 pectore;

564 2331 670 2386 845
705 2332 773 2389 Et
798 2350 920 2391 cum
940 2338 1091 2392 vitali
1115 2339 1331 2395 divitem
1355 2343 1652 2398 substantia

842 2431 1135 2490 Perfecerit
1163 2445 1362 2494 terram
1391 2455 1561 2506 suam,

701 2521 850 2578 Tunc
885 2533 941 2580 tu
967 2537 1025 2582 ut
1046 2527 1240 2584 fruaris
1264 2529 1356 2586 ﬁlii
1380 2537 1620 2603 potentia

840 2613 1134 2686 Tamquam
1154 2619 1318 2676 Israel
1343 2623 1444 2679 ibis
1465 2640 1650 2694 senex,

696 2701 762 2756 Et
791 2704 1035 2761 introibis
1061 2707 1240 2776 laetus,
1264 2713 1436 2768 accito
1465 2714 1624 2771 simul

557 2785 662 2842 850
837 2791 1186 2862 Cognationis
1209 2801 1440 2870 agmine.

699 2879 993 2952 Paseetque
1018 2894 1178 2945 natus,
1208 2888 1263 2944 in
1293 2890 1452 2948 domo
1476 2895 1616 2963 regis
1647 2903 1791 2950 tuam

836 2974 1009 3033 Partis
1032 2987 1057 3015 ι
1086 2991 1358 3038 senectam
1386 2988 1631 3056 panibus.

699 3069 766 3124 Ut
789 3073 966 3142 pullus
994 3077 1185 3148 aquilae
1214 3079 1412 3136 dicitur
1443 3082 1468 3121 δ
1499 3100 1784 3154 repascere

835 3162 974 3218 Cura
1004 3175 1255 3235 parentes
1280 3179 1485 3235 mutua,

554 3255 660 3311 855
695 3258 838 3326 Quos
860 3263 941 3317 vis
967 3274 1196 3321 senecta:
1215 3282 1401 3325 rursus
1430 3271 1710 3341 implumes
1734 3276 1879 3341 facit,

831 3353 1074 3440 Nidoque
1104 3361 1401 3428 pascendos
1427 3361 1590 3418 refert
1619 3383 1631 3416 :

692 3451 873 3510 Donec
891 3457 1120 3526 replumi
1149 3460 1448 3516 vestiantur
1473 3478 1719 3534 corpore,

830 3544 1131 3625 Pennisque
1160 3549 1446 3609 ﬂorescant
1474 3559 1646 3612 novis.

693 3635 842 3692 Versi
871 3640 1104 3696 vicissim
1129 3659 1280 3700 more
1308 3656 1514 3705 natum
1543 3647 1682 3707 novo

547 3723 650 3778 860
825 3726 960 3784 Sunt
985 3729 1104 3804 filiis
1130 3734 1260 3803 pulli
1288 3751 1462 3793 senes.

688 3815 757 3869 At
780 3832 902 3872 cum
928 3828 1153 3877 veterno
1177 3823 1429 3881 deiaacata
1459 3829 1645 3886 fecerit

826 3912 1004 3969 Novos
1021 3913 1242 3984 juventa
1263 3932 1550 3992 praepetes,

686 4003 916 4061 Desueta
947 4008 1022 4078 (a)
1055 4009 1214 4080 longo
1242 4015 1461 4082 remigia
1491 4034 1788 4087 pennarum
1815 4027 1966 4081 senio

471 4171 475 4176 ἡ
824 4094 973 4150 Natis
1000 4099 1268 4166 magistris
1293 4102 1568 4170 inchoant,

542 4177 645 4231 865
680 4178 936 4250 Mixtique
961 4184 1120 4253 pullis
1139 4189 1428 4245 convolant
1453 4193 1714 4250 altaribus

823 4269 953 4326 Leni
983 4288 1081 4343 per
1103 4290 1269 4332 auras
1296 4279 1532 4351 impetu;

683 4358 964 4428 Liquidum
991 4378 1184 4440 sereno
1205 4369 1466 4424 tractibus
1486 4363 1794 4428 lentisiter'

817 4446 1012 4505 Secare
1041 4453 1257 4509 sublimi
1279 4455 1450 4524 juvat.

683 4535 1073 4610 599'600
1137 4541 1460 4615 Placideque
1522 4531 1720 4604 ‘sudum
1795 4541 2190 4611 ventilantes”

1814 4641 1828 4710 [
1837 4655 2034 4707 aerem,

541 4715 645 4769 870
824 4719 920 4774 Ala
936 4734 1100 4795 pares
1125 4721 1384 4779 immobili

683 4803 817 4859 Dum
845 4821 904 4861 se
932 4817 1244 4877 sequuntur,
1275 4821 1329 4866 et
1356 4813 1588 4870 vicissim
1619 4827 1856 4886 prmeunt
1889 4830 1910 4858 ο
1938 4823 2000 4884 ³³,

836 4895 994 4951 Serto
1025 4907 1286 4953 coronant
1307 4900 1526 4968 circulo,

615 5053 638 5078 ο
668 5043 798 5098 Vide
825 5054 935 5100 not.
967 5045 1091 5101 284.

612 5111 638 5149 δ
667 5112 799 5184 vide
821 5130 906 5184 ep.
933 5115 1098 5181 44.1..
1130 5118 1181 5171 1.
1258 5137 1262 5140 ~

612 5194 634 5219 ο
666 5181 797 5238 Vide
825 5181 963 5240 vers.
1000 5186 1120 5241 752.

608 5250 634 5287 δ
666 5251 798 5306 Vide
825 5263 937 5309 not.
968 5254 1091 5309 285.

611 5333 633 5402 ξ
748 5331 830 5402 est
861 5327 1148 5402 exeuntium
1187 5343 1283 5383 seu
1310 5331 1606 5400 imaginem.
1649 5332 1780 5386 Vide
1822 5351 1984 5390 carm.
2022 5339 2107 5402 18,

538 5409 588 5447 v.
615 5391 734 5454 181,
769 5399 822 5446 et
850 5403 961 5448 not.
994 5391 1118 5450 286.

616 5463 632 5498 τ
666 5461 797 5516 Vide
827 5472 940 5517 not.
969 5464 1092 5517 287.

612 5542 634 5576 κ
666 5531 720 5583 Id
742 5540 832 5604 est
859 5531 1068 5590 Christi.
1100 5535 1230 5590 Vide
1255 5553 1421 5591 carm.
1455 5539 1538 5604 17,
1585 5557 1633 5592 v.
1685 5541 1800 5604 MO,
1851 5554 1904 5597 et
1935 5562 2100 5598 carm.

539 5599 625 5660 22.
659 5616 707 5652 v.
735 5599 856 5654 148.

613 5669 634 5743 ξι
666 5667 720 5743 id
748 5679 829 5721 est
857 5674 1016 5743 vanis.
1045 5673 1177 5730 Vide
1199 5692 1364 5734 cartn.
1390 5677 1476 5743 22,
1511 5695 1559 5733 v.
1601 5679 1716 5735 l59.

614 5736 631 5780 ί
665 5735 720 5794 Id
751 5747 830 5791 est
858 5741 1062 5800 divitiis.

2163 467 2212 522 Α
2385 458 2622 528 Utroque
2650 463 2694 492 "
2724 463 2876 529 regni
2899 462 3090 519 cmlitis
3118 464 3143 501 ά
3173 467 3420 536 mysteria

2524 548 2682 603 Muta:
2711 549 2998 618 loquuntur
3028 553 3202 617 alites,

2241 633 2348 690 875
2380 637 2600 693 Sacrum
2630 641 2864 708 potentis
2891 642 3159 711 explicant
3191 655 3214 681 °
3246 645 3412 699 instar
3440 650 3612 702 crucis

2519 728 2790 799 Suspensa
2819 733 3010 802 pennis
3037 749 3285 803 corpora.

2385 820 2604 876 Volatus
2631 820 2811 876 autem
2843 825 3196 881 circumactus
3224 827 3423 882 ambitu

2519 911 2761 982 Spondet
2789 913 2988 971 laboris
3015 918 3310 985 praemium.

2380 1000 2472 1057 Sic
2498 1001 2612 1056 ista:
2639 1003 2815 1072 pullus
2849 1002 2866 1042 ί
2898 1007 3191 1073 gratiarum
3222 1008 3360 1064 tilius

2243 1089 2347 1145 880
2526 1091 2727 1147 Vestra:
2753 1094 2942 1150 salutis
2967 1097 3220 1166 przevius,

2381 1182 2573 1237 Avium
2599 1199 2698 1254 per
2724 1185 2830 1238 alta
2853 1196 3247 1242 commeantum
3273 1189 3452 1244 nubila

2520 1274 2602 1329 Sit
2629 1275 2883 1344 spiritalis
2915 1278 3156 1333 aemulus.

2383 1365 2665 1432 Cornibus,
2694 1373 2750 1421 et
2779 1368 2877 1422 alis
2903 1368 3081 1423 arduae
3109 1369 3272 1428 fultus
3294 1373 3468 1428 crucis

2522 1458 2678 1512 Volet
2697 1459 2750 1512 in
2781 1474 3039 1514 coronam
3069 1461 3270 1528 glorize.

2241 1545 2347 1602 885
2383 1546 2484 1614 Qui
2511 1546 2658 1602 fonte
2686 1550 2904 1619 proprio
2931 1536 3023 1606 est
3041 1551 3329 1618 derivatus,
3362 1563 3421 1609 ut
3441 1570 3586 1609 suam

2529 1639 2670 1694 Fons
2696 1647 2842 1695 totus
2870 1642 2924 1695 in
2952 1657 3142 1697 venam
3167 1643 3317 1713 ﬂuat,

2383 1729 2736 1799 Vestrumque
2762 1731 2916 1802 proni
2942 1733 3169 1787 rivulum
3193 1737 3513 1804 sequamini,

2167 1820 2216 1879 Β
2520 1818 2589 1874 Ut
2619 1821 2692 1892 (ι)
2722 1820 2918 1878 ﬂumen
2945 1838 2977 1878 e
3002 1826 3208 1880 cunctis
3235 1834 3323 1880 eat

2385 1907 2673 1966 Benedicta
2704 1914 2904 1982 proles,
2937 1922 3126 1970 sancta
3147 1915 3320 1982 radix,
3351 1926 3408 1971 et
3434 1917 3586 1972 bona:

2240 1994 2344 2051 890
2522 1999 2676 2055 Rami
2700 2002 2904 2059 feraces
2931 2004 3162 2062 arboris.

2379 2090 2489 2146 Deo
2511 2092 2730 2149 dedistis
2760 2097 3098 2152 nutriendum
3129 2098 3323 2165 lilium;

2516 2181 2586 2236 Et
2607 2184 2697 2238 ille
2725 2186 2803 2240 sic
2822 2186 2973 2242 vobis
2996 2188 3110 2253 alit,

2377 2269 2486 2325 Vos
2516 2281 2575 2325 ut
2602 2273 2836 2328 vicissim
2865 2277 3064 2330 nutriat
3085 2277 3154 2347 (ε)
3184 2293 3348 2333 canos
3379 2295 3545 2349 puer;

2515 2361 2744 2418 Senibus
2771 2365 2816 2395 ³³
2843 2366 3095 2434 magister
3123 2368 3396 2436 parvulus,

2237 2449 2342 2504 895
2377 2451 2600 2508 Pietatis
2629 2453 2928 2509 admirabili
2956 2458 3209 2526 mysterio

2519 2541 2713 2596 Factus
2738 2558 2934 2612 parens
2961 2546 3288 2614 parentibus.

2381 2629 2581 2686 Deinde
2605 2633 2807 2701 cuncti,
2839 2641 2953 2688 tota
2981 2643 3291 2690 sanctorum
3315 2636 3533 2703 cohors,

2513 2721 2594 2775 Ad
2622 2738 2816 2793 corpus
2837 2723 2965 2778 illud
2988 2734 3012 2772 ε
3041 2727 3273 2791 verticis,

2373 2812 2491 2880 Quo
2518 2815 2655 2870 sicut
2680 2817 2870 2884 aquilae
2895 2819 3360 2888 eongregabuntur
3392 2823 3486 2893 pii,

2233 2903 2337 2958 900
2515 2905 2582 2961 Et
2609 2923 2705 2962 vos
2727 2909 2969 2965 volantes
2991 2911 3150 2966 ibitis.

2372 2996 2525 3063 Quod
2554 3014 2662 3053 non
2692 2999 2967 3065 valebunt,
2991 3016 3126 3070 quos
3153 3001 3318 3058 humo
3348 3004 3468 3058 tolli
3496 3012 3664 3059 vetant

2513 3087 2964 3144 Patrimoniorum
2995 3091 3256 3161 pondera.

2153 3183 2198 3244 ε
2372 3175 2505 3232 Cum
2536 3179 2706 3247 prima
2729 3180 2936 3248 signum
2964 3183 3279 3238 suscitandis
3308 3185 3537 3239 mortuis

2505 3269 2654 3325 Caelo
2685 3256 2808 3325 tuba
2837 3272 3183 3342 intonaverit,

2226 3360 2330 3414 905
2366 3362 2429 3418 lii
2459 3379 2600 3418 nunc
2626 3364 2776 3419 obesi
2802 3366 2992 3434 spiritu
3020 3368 3284 3436 superbia:

2508 3454 2574 3508 Et
2601 3455 2793 3524 opibus
2822 3455 2989 3510 inﬂati
3018 3459 3163 3512 cavis
3193 3456 3239 3524 ιι,

2365 3545 2524 3602 Humi
2552 3545 2841 3603 manebunt
2863 3550 3174 3620 compediti,
3209 3567 3307 3607 nec
3334 3555 3452 3609 suis

2502 3637 2633 3692 Sese
2661 3639 3003 3707 explicabunt
3032 3640 3110 3710 (ά)
3137 3641 3362 3697 vinculis
3390 3663 3406 3696 :

2365 3727 2569 3793 Quibus
2598 3727 2838 3784 infideles
2863 3746 3004 3784 nunc
3031 3731 3281 3800 ligantur,
3312 3743 3371 3788 ut
3396 3736 3599 3798 volunt,

2222 3817 2326 3871 ‘JlO
2503 3817 2651 3872 Tunc
2673 3819 2933 3873 attinendi
2962 3836 3031 3874 ne
3062 3821 3265 3887 volent,

2360 3908 2496 3975 Quia
2525 3911 2819 3964 sarcinatos
2845 3919 2899 3964 et
2928 3926 3119 3980 graves
3147 3914 3307 3968 rebus
3338 3913 3353 3950 ί
3391 3917 3524 3980 suis,

2503 3999 2683 4054 Mundi
2713 4001 2898 4056 caduci
2927 4002 3140 4071 divites,

2363 4088 2584 4144 Portare
2612 4097 2794 4144 tenera
2824 4107 2930 4145 non
2960 4093 3212 4147 valebunt
3240 4094 3428 4150 nubila

2509 4182 2589 4237 Ad
2619 4185 2758 4251 regis
2787 4200 3068 4241 occursum
3096 4185 3222 4252 DBi;

2178 4297 2181 4301 ~
2216 4270 2320 4323 915
2358 4271 2463 4327 Sed
2493 4272 2800 4338 haesitantes
2823 4276 2876 4328 in
2899 4275 3012 4330 luto
3039 4277 3182 4333 tmeis
3210 4294 3318 4334 suae

2502 4360 2780 4432 Opumque
2802 4378 3017 4433 pressos
3047 4367 3300 4435 molibus,

2358 4455 2402 4508 A
2430 4455 2724 4509 meridiano
2754 4456 3002 4511 incendio
3030 4459 3210 4512 mundi
3240 4474 3444 4529 repens

2505 4545 2677 4600 Ruina
2707 4547 2897 4604 mortis
2925 4535 3209 4616 Opprimet.

2357 4633 2433 4688 Ne
2461 4649 2643 4704 φιεεεο
2674 4635 2928 4690 Dominus
2954 4638 3138 4691 talium
3163 4640 3364 4707 virgam
3397 4641 3536 4696 Deus

2216 4726 2319 4779 9‘20
2496 4727 2757 4781 Admittat
2784 4730 2838 4783 in
2865 4739 3067 4784 sortem
3097 4747 3280 4796 suam;

2316 4849 2320 4853 ρ
2357 4817 2538 4886 Neque
2567 4833 2664 4872 nos
2693 4819 2742 4872 in
2767 4818 2954 4873 horum
2981 4819 3201 4874 divitum
3232 4821 3434 4877 fructus
3459 4823 3595 4877 sinat

2497 4906 2682 4962 Manus
2705 4909 2914 4978 iniquas
2943 4910 3180 4966 tendere.

2286 5063 2361 5130 (a)
2393 5061 2551 5135 Deest
2569 5078 2674 5135 vox
2702 5064 2856 5135 longo
2879 5066 2931 5120 in
2959 5067 3116 5122 editis
3129 5065 3277 5121 Grin.
3298 5076 3354 5122 et
3373 5067 3570 5123 Poelm.
3595 5064 3754 5118 Morbo

2216 5133 2494 5206 incurabili
2526 5133 2842 5188 medicinam
2874 5136 3048 5206 facere
3072 5153 3178 5191 non
3209 5139 3377 5206 potui.

2285 5203 2358 5269 (ὁ)
2381 5200 2533 5255 Ηιηίε
2565 5218 2774 5257 versum
2801 5200 3295 5261 emendavimus'ex
3336 5207 3566 5260 editione
3591 5203 3754 5258 Schot.

2213 5280 2268 5325 et
2297 5286 2397 5325 ms.
2433 5270 2563 5338 Reg.
2598 5273 2736 5326 Ante
2765 5283 2881 5327 erat
2913 5273 2980 5326 Ut
3005 5275 3296 5332 ﬂuminibus
3326 5279 3520 5330 cunctis
3549 5283 3643 5326 eat.

2285 5343 2354 5418 to)
2396 5339 2496 5394 Ms.
2543 5340 2742 5408 Regius
2788 5343 2961 5397 codex
3003 5345 3319 5418 cumeditis
3349 5346 3501 5418 ΒΜ..
3530 5342 3753 5418 θῇς-ω’..ςιι

2215 5409 2421 5472 Schot.,
2475 5427 2631 5463 cauus
2677 5427 2831 5479 puer;
2871 5429 2975 5465 non
3012 5415 3231 5468 omnino
3267 5417 3404 5469 male
3435 5416 3530 5474 (ait
3557 5410 3753 5464 Sat-clri-

2214 5479 2359 5546 nus),
2389 5486 2448 5532 ut
2481 5481 2728 5548 respiciat
2758 5481 2901 5544 illud,
2937 5480 3066 5536 Cani
3091 5493 3208 5536 sunt
3235 5500 3410 5537 sensus
3451 5482 3676 5542 hominis,
3715 5486 3753 5526 rt

2213 5551 2638 5626 wtns‘seuect'utis
2667 5551 2765 5602 vita
2792 5552 3143 5626 immuculutu.
3177 5553 3400 5626 Sap._1_v,
3434 5551 3484 5604 9.
3548 5621 3558 5626 _
3663 5617 3688 5626 η
3723 5616 3730 5624 _

2288 5618 2364 5684 (ά)
2397 5617 2493 5670 Ms.
2527 5617 2655 5684 Reg.
2686 5629 2736 5672 et
2760 5619 2877 5673 edd.
2910 5621 2963 5686 4,
2996 5624 3150 5676 vitiis.
3182 5617 3502 5678 Saechinus:
3532 5621 3606 5671 Au
3641 5617 3750 5668 diri-

2215 5686 2338 5806 ti|ils?
2365 5685 2468 5765 sed
2499 5697 2704 5741 rectum
2734 5690 2926 5759 Opinor
2953 5693 3186 5758 vinculis,
3229 5697 3282 5747 et
3312 5690 3511 5746 numeri
3543 5702 3688 5743 causa
3707 5693 3749 5734 et

2215 5773 2242 5806 a
2286 5768 2502 5806 θεῖοι-ηιξ.

2215 5768 2502 5816 allegoria}.
