3996 6356
147 357 246 412 655
1505 352 1633 404 POF.
1641 352 1735 404 MA

1843 353 1938 406 ιν.
3275 363 3376 415 (356

279 470 378 523 Vos
406 483 557 539 ergo,
585 484 778 539 magna
806 484 934 524 cura
959 466 1196 537 pectoris
1218 466 1345 531 mei,

409 562 567 634 601
589 593 614 604 -
645 564 806 634 602
835 561 1101 616 Paramini
1130 559 1341 613 Christo
1368 559 1532 613 leves.

147 653 240 705 923
273 653 490 722 Jamque
518 653 756 724 expediti
783 653 1009 707 sarcinis
1036 651 1316 720 egentibus
1342 650 1406 708 “.

407 741 610 797 Laxate
637 743 859 797 vinculis
883 743 1067 811 pedes,
1121 810 1128 819 ⁸

281 830 343 884 Ut
369 832 591 901 copiosa
622 833 740 886 luce
767 833 1089 896 vestiamini,

409 923 597 978 Estote
619 923 748 978 nudi
774 925 976 988 seculo,

275 1014 505 1070 Veniens
528 1024 586 1070 ut
614 1016 770 1084 hujus
793 1017 958 1071 seculi
990 1017 1234 1087 princeps
1255 1017 1390 1070 nihil

149 1105 240 1158 950
410 1103 652 1159 Inveniat
679 1106 731 1159 in
761 1106 913 1159 vobis
941 1123 1115 1162 suum.

277 1193 339 1247 Et
367 1211 462 1249 vos
491 1204 828 1264 prementum
857 1197 998 1252 mole
1021 1214 1202 1251 rerum
1224 1197 1440 1261 liberos,

411 1285 479 1338 Et
508 1287 628 1340 labe
655 1302 815 1356 puros
841 1288 1150 1356 criminum,

274 1376 450 1431 Facile
478 1377 771 1432 allevantes
798 1378 1067 1448 perferant
1095 1380 1242 1433 tenui
1269 1379 1389 1434 sinu

421 1467 600 1522 Nubes
627 1469 839 1538 piorum
867 1468 1079 1538 bajulae,

154 1559 240 1614 955
272 1560 590 1630 Sponsoque
619 1569 804 1614 vectos
827 1561 1040 1614 obviam
1071 1560 1184 1628 regi
1210 1559 1353 1614 Deus
1373 1561 1418 1590 ”

423 1647 653 1717 Fulgore
683 1648 965 1718 perfundat
991 1666 1113 1716 suo,

278 1741 345 1797 Ut
370 1743 713 1810 sempiterna:
737 1743 882 1796 clara
909 1742 1031 1795 vita:
1055 1741 1225 1810 gloria

415 1831 641 1886 Mortale
660 1840 897 1886 vestrum
924 1831 1158 1896 sorbeat,

277 1923 343 1978 Et
366 1925 434 1978 ad
462 1939 750 1994 supernam
779 1924 1009 1979 restituti
1034 1923 1316 1991 imaginem

159 2017 241 2070 tit)
416 2015 596 2070 Herile
624 2015 698 2084 (a)
721 2013 1020 2069 conformct
1046 2013 1227 2080 decus,

277 2104 474 2160 IEvum
505 2119 759 2175 perenne,
789 2113 1036 2174 perpetes
1060 2114 1118 2158 ut
1145 2105 1340 2172 angeli,

413 2196 548 2253 Cum
578 2212 703 2266 rege
734 2197 923 2251 vivatis
948 2195 1082 2250 Deo.

682 2327 914 2382 POEMA
951 2327 1089 2381 XXV
1124 2331 1160 2380 '.

462 2435 855 2476 EPITBALAIIL’“
893 2436 1096 2473 JULMNI
1133 2435 1201 2474 ετ
1240 2435 1306 2473 ιιε
1338 2429 1384 2472 ⁸⁸.

165 2537 403 2590 lulianum
429 2534 673 2588 Memoris
702 2534 923 2602 episcopi
951 2533 1116 2602 ﬁlium
1155 2542 1203 2585 et
1237 2533 1348 2586 lam
1377 2533 1522 2602 docet
1564 2531 1708 2584 Pau-

216 2609 343 2660 linus
363 2604 613 2675 quomodo
635 2605 687 2657 in
707 2601 1031 2656 matrimonio
1060 2618 1115 2675 se
1145 2619 1316 2672 gerere
1337 2601 1569 2675 debeant,
1594 2620 1714 2672 quo-

216 2677 356 2729 modo
375 2672 588 2728 domum
626 2675 910 2739 instituere,
945 2672 1100 2726 seculi
1124 2688 1362 2742 pompam
1385 2674 1577 2742 fugere,
1615 2675 1709 2725 Ito-

218 2762 357 2799 nores
378 2745 662 2807 declinare,
695 2752 799 2798 etc.

277 2833 587 2890 Concordes
615 2834 804 2886 animm
831 2840 982 2887 casto
1009 2833 1282 2887 sociantur
1302 2845 1507 2896 amore,

419 2925 582 2991 Virgo
605 2939 737 2994 puer
761 2922 978 2989 Christi,
1010 2924 1160 2990 virgo
1188 2922 1363 2992 puella
1393 2922 1505 2976 Dei.

278 3015 493 3069 Christe
517 3015 654 3069 Deus
681 3014 876 3083 pariles
900 3013 1004 3068 duc
1023 3013 1090 3066 ad
1117 3021 1209 3067 tua
1239 3013 1386 3066 lrena
1409 3011 1706 3073 columbas;

424 3105 490 3159 Et
515 3105 794 3159 moderare
822 3105 925 3159 levi
953 3104 1163 3159 subdita
1191 3104 1329 3159 colla
1349 3103 1499 3173 jugo.

222 3199 251 3251 5
281 3199 523 3267 Namque
568 3206 716 3252 tuum
763 3196 880 3252 leve
925 3196 1135 3252 Christe
1168 3195 1356 3266 jugum
1403 3207 1516 3263 est,
1568 3193 1706 3264 quod
1738 3197 1786 3260 ο

1371 3287 1639 3359 [prompta

429 3379 684 3449 Suscipit,
708 3387 762 3435 et
789 3378 930 3434 facili
959 3377 1062 3433 fert
1083 3393 1236 3433 amor
1262 3378 1543 3445 obsequio.

281 3471 465 3527 Invitis
492 3471 668 3539 gravis
687 3478 770 3525 est
793 3478 954 3524 castae
981 3471 1065 3539 pia
1094 3470 1302 3524 sarcina
1330 3469 1461 3536 legis
1487 3487 1498 3520 :

429 3563 595 3618 Dulce
619 3564 721 3631 piis
748 3577 884 3617 onus
911 3570 994 3615 est
1022 3562 1234 3615 vincere
1262 3560 1438 3615 carnis
1468 3576 1620 3629 opus.

281 3653 434 3709 Absit
463 3653 530 3707 ab
552 3653 634 3706 his
660 3651 905 3706 thalamis
933 3652 1057 3704 vani
1078 3651 1294 3704 lascivia
1321 3651 1483 3718 vulgi,

196 3743 252 3799 10
424 3742 582 3807 Juno,
612 3740 836 3811 Cupido,
862 3740 1059 3803 Venus,
1094 3741 1308 3795 nomina
1331 3741 1570 3794 luxuriae.

285 3837 484 3893 Sancta
511 3834 804 3890 sacerdotis
831 3832 1137 3888 venerando
1163 3834 1386 3903 pignora
1417 3842 1576 3902 pacto

428 3926 728 3992 Junguntur
753 3943 765 3976 :
789 3932 979 3978 coeant
1007 3940 1133 3994 pax,
1156 3925 1348 3994 pudor,
1381 3933 1435 3978 et
1455 3925 1644 3994 pietas.

288 4018 422 4074 Nam
443 4018 657 4087 pietatis
677 4032 826 4070 amor
845 4017 1000 4070 simul
1023 4025 1124 4079 est,
1150 4024 1206 4069 et
1227 4017 1424 4071 amoris
1444 4017 1716 4081 honestas,

435 4108 651 4176 Paxque
679 4107 789 4162 Deo
816 4122 1042 4161 concors
1071 4106 1262 4175 copula
1299 4105 1548 4174 conjugii.

205 4198 257 4250 l5
290 4198 533 4254 Faederis
560 4196 715 4265 hujus
743 4213 877 4266 opus
906 4197 1124 4267 proprio
1155 4196 1292 4250 Deus
1321 4212 1415 4251 ore
1437 4198 1687 4262 sacravit,

434 4288 728 4357 Divinaque
751 4303 912 4341 manu
938 4302 1034 4356 par
1058 4287 1333 4341 hominum
1354 4288 1559 4341 statuit.

291 4378 517 4447 Quoque
539 4377 865 4432 individuum
894 4377 1064 4446 magis
1090 4378 1384 4445 assignaret
1405 4393 1662 4441 amorem,

444 4468 523 4522 Ex
554 4484 655 4522 una
686 4468 812 4522 fecit
836 4483 995 4522 carne
1018 4483 1237 4523 manere
1263 4469 1416 4522 duos.

299 4563 432 4616 Nam
453 4562 656 4630 sopitus
683 4560 851 4614 Adam
881 4568 1031 4616 costa
1065 4561 1304 4631 privatus
1334 4560 1542 4615 ademta
1573 4569 1656 4615 est
1677 4559 1725 4628 θ’,
1760 4554 1807 4612 ι)

203 4653 264 4708 20
439 4652 668 4720 Moxque
696 4668 794 4706 suo
816 4651 1010 4706 factam
1035 4653 1225 4706 sumsit
1257 4653 1324 4707 ab
1352 4669 1474 4709 osse
1501 4668 1683 4722 parem
1709 4671 1720 4704 :

297 4745 408 4800 Nec
436 4743 619 4798 lateris
643 4745 914 4808 damnum,
947 4744 1188 4814 suppleta
1215 4759 1374 4798 carne
1401 4745 1652 4809 vicissim,

447 4835 646 4900 Sensit,
667 4843 722 4889 et
749 4834 964 4904 agnovit
983 4835 1125 4902 quod
1153 4837 1452 4903 geminatus
1475 4843 1619 4899 erat;

303 4929 479 4998 Seque
504 4928 664 4982 alium
695 4942 761 4981 ex
791 4941 909 4980 sese
933 4926 1116 4980 sociali
1150 4927 1202 4979 in
1228 4942 1453 4996 corpore
1481 4942 1726 4990 cernens,

441 5017 560 5087 Ipse
587 5016 848 5085 propheta
877 5015 959 5069 sui
988 5030 1113 5069 mox
1142 5014 1238 5068 fuit
1266 5031 1360 5069 ore
1394 5031 1552 5070 novo.

210 5105 274 5158 9.5
308 5107 450 5172 Haec,
483 5106 669 5174 inquit,
702 5119 829 5159 caro
856 5119 1016 5159 carne
1045 5118 1162 5159 mea
1193 5112 1305 5158 est:
1336 5120 1396 5160 os
1427 5106 1494 5159 ab
1523 5105 1734 5159 ossibus

1505 5198 1514 5267 |
1528 5196 1663 5250 istud

246 5361 268 5386 η
296 5351 425 5406 Vide
449 5361 560 5405 not.
591 5351 778 5419 288_et
805 5350 928 5402 9.89.

245 5420 270 5456 δ
298 5419 487 5475 Cenes.
517 5438 574 5483 ιι,
597 5421 683 5472 ει.

249 5502 268 5526 ε
300 5490 499 5545 Genesi,
518 5508 572 5550 ιι,
599 5491 683 5541 9.7».

245 5563 268 5594 "
301 5559 356 5612 Id
386 5570 464 5614 est
493 5572 692 5614 ornato.

251 5640 272 5664 ο
301 5628 417 5682 lsai.
453 5646 525 5692 ιιι,

249 5701 264 5715 '
293 5699 433 5754 Alias
469 5697 529 5749 l4
554 5698 912 5765 :quodautcm
942 5699 1008 5749 9.9.
1033 5708 1172 5763 erat,
1197 5714 1333 5754 nunc
1348 5697 1432 5751 ‘20.
1466 5699 1732 5768 Scriptum

185 5769 312 5820 circa
343 5784 536 5822 annum
568 5768 688 5832 400,
719 5776 840 5821 ante
879 5768 990 5819 £08.

2099 471 2272 528 Nosco
2302 489 2478 528 meum
2496 493 2508 527 :
2527 475 2712 530 isthacc
2735 484 2815 531 est
2835 486 2981 532 costa
3003 477 3110 531 mei
3132 478 3312 530 lateris
3333 493 3377 540 -,

1945 561 2092 618 Nunc
2121 565 2299 632 igitur,
2341 567 2516 635 prisca
2553 569 2804 638 quoniam
2848 571 2947 624 sub
2986 570 3215 638 imagine
3257 584 3379 623 san-

3140 662 3308 733 [ctum

2086 744 2280 800 Fmdus
2309 746 2535 803 Aroneis
2565 749 2874 818 pignoribus
2899 752 3118 819 geritur,

1945 832 2096 887 Seria
2131 837 2428 904 tranquillis
2449 839 2716 905 agitentur
2739 841 2929 909 gaudia
2957 842 3092 896 votis
3118 859 3130 894 :

1843 923 1909 975 50
2086 923 2329 980 Christus
2360 927 2551 996 ubique
2577 929 2649 997 pii
2679 945 2810 984 voce
2838 940 2994 984 sonet
3021 932 3201 1000 populi

1948 1012 2098 1067 Nulla
2131 1031 2226 1083 per
2249 1025 2468 1072 ornatas
2498 1019 2714 1073 insultet
2743 1020 2896 1074 turba
2918 1021 3120 1090 plateas
3145 1039 3156 1073 :

2096 1107 2264 1162 Nemo
2291 1109 2464 1163 solum
2494 1109 2656 1174 foliis,
2688 1111 2868 1166 limina
2892 1112 3078 1166 fronde
3109 1120 3271 1182 tegat.

1945 1199 2106 1270 603
2131 1229 2156 1240 -
2179 1199 2344 1270 605
2368 1201 2445 1257 Ne
2468 1202 2538 1256 sit
2564 1202 2934 1258 Christicolam
2968 1203 3192 1258 fanatica
3223 1203 3378 1260 turba

2929 1295 3049 1368 [per
3074 1296 3259 1350 urbem
3287 1314 3300 1348 :

2087 1379 2221 1436 Nolo
2251 1381 2469 1450 profana
2499 1383 2617 1452 pios
2640 1383 2842 1452 polluat
2868 1385 3108 1438 ambitio.

1844 1466 1913 1521 35
1948 1468 2097 1522 Nulla
2120 1470 2418 1539 peregrinis
2447 1470 2646 1540 fragret
2674 1473 2952 1527 ni'doribus
2978 1489 3106 1528 aura
3132 1493 3144 1527 :

2088 1557 2288 1613 Cuncta
2317 1559 2584 1628 pudicitia:
2608 1561 2894 1615 munditias
2923 1562 3123 1616 oleant.

1953 1643 2291 1713 Unguentum
2344 1648 2545 1703 sanctis
2585 1663 2748 1704 unum
2799 1656 2917 1716 est,
2973 1650 3116 1718 quod
3165 1650 3381 1704 nomine

3090 1736 3309 1809 [Christi

2094 1823 2351 1879 Diffusum
2379 1834 2529 1881 casto
2550 1827 2719 1896 spirat
2741 1827 2907 1882 odore
2935 1827 3122 1882 Deum.

1953 1911 2086 1967 Nolo
2118 1916 2462 1982 supervacuis
2482 1924 2742 1970 ornentur
2765 1915 2963 1970 fercula
2991 1917 3146 1971 donis
3171 1935 3184 1969 :
3222 1902 3244 1919 ’

1848 1999 1916 2053 40
2092 2002 2330 2057 Moribus
2359 2013 2600 2068 ornatur,
2634 2021 2740 2058 non
2771 2005 2960 2074 opibus
2991 2006 3246 2074 probitas.

1953 2095 2146 2150 Sancta
2186 2096 2482 2152 sacerdotis
2513 2098 2527 2127 ⁸
2568 2111 2753 2162 nurus,
2798 2102 2853 2149 et
2891 2103 3134 2150 matrona
3176 2095 3250 2164 (b)
3292 2109 3382 2149 sa-

3089 2185 3312 2255 [oratam

2089 2273 2207 2328 Jam
2237 2275 2357 2345 puri
2386 2275 2567 2331 dotem
2592 2276 2804 2331 luminis
2825 2275 3053 2344 accipiet
3079 2277 3121 2328 ⁸.

1954 2362 2182 2417 llorreat
2208 2365 2438 2420 inclusas
2465 2365 2484 2395 ³
2514 2381 2664 2430 auro,
2693 2367 2777 2420 vel
2802 2365 3003 2419 murice
3027 2374 3202 2419 vestes
3228 2381 3240 2416 :

2095 2450 2268 2505 Aurea
2299 2453 2462 2508 vestis
2482 2453 2605 2507 huic
2633 2453 2802 2520 gratia
2832 2465 2966 2521 pura
2999 2453 3091 2507 Dei
3120 2459 3222 2506 est.

1848 2539 1918 2593 45
1957 2540 2195 2610 Respuat
2221 2552 2277 2596 et
2303 2543 2464 2596 variis
2488 2544 2739 2598 distincta
2769 2543 2984 2596 monilia
3009 2542 3252 2608 gemmis,

2092 2629 2294 2684 Nobilis
2324 2639 2382 2684 ut
2411 2629 2636 2684 Domino
2660 2636 2870 2698 gemma
2894 2630 2963 2683 sit
2991 2630 3099 2698 ipsa
3122 2629 3252 2683 Deo.

1954 2715 2229 2772 Cervicem
2261 2718 2456 2773 Christi
2495 2719 2705 2773 Domini
2728 2719 2855 2788 juga
2884 2719 3024 2773 ferre
3050 2718 3280 2773 dicatam

2093 2804 2208 2858 Non
2241 2815 2452 2874 premat
2481 2806 2660 2859 invisas
2690 2806 2898 2876 pondus
2924 2807 3180 2860 avaritiae.

1955 2894 2212 2949 lnteriorc
2241 2896 2408 2962 magis
2433 2896 2630 2951 mundo
2659 2896 2683 2933 ἀ
2715 2897 2976 2966 placitura
3004 2897 3228 2964 colatur,

1850 2981 1918 3034 50
2093 2983 2282 3036 Comta
2311 2983 2603 3038 salutiferis
2627 2984 2842 3040 dotibus
2866 2985 3157 3053 ingenium.

1955 3071 2068 3126 Non
2098 3072 2278 3142 cupiat
2317 3071 2551 3142 lapidum
2585 3073 2849 3143 pretium,
2895 3087 3002 3127 non
3048 3072 3247 3127 vellera
3300 3087 3386 3127 se-

3151 3160 3315 3233 ιτιιω.

2091 3247 2364 3302 Incassum
2393 3247 2595 3304 reditus
2615 3248 2910 3318 dilapidare
2933 3264 3083 3315 suos,

1953 3338 2187 3394 Ornetur
2208 3339 2369 3394 castis
2395 3339 2466 3410 (c)
2496 3339 2726 3393 animam
2749 3340 3053 3406 virtutibus,
3087 3347 3145 3393 ut
3170 3340 3241 3394 sit

2099 3425 2212 3481 Non
2243 3427 2498 3481 damnosa
2520 3443 2638 3494 suo,
2670 3427 2762 3482 sed
2789 3428 3021 3496 pretiosa
3050 3428 3183 3480 viro.

1851 3513 1918 3566 55
1957 3514 2198 3583 Namque
2226 3515 2314 3568 ubi
2342 3529 2615 3584 corporeae
2643 3523 2861 3569 curatur
2884 3515 3051 3582 gloria
3077 3528 3307 3583 pompae,

2097 3603 2318 3657 Vilescit
2347 3603 2520 3672 pretio
2549 3603 2880 3672 depretiatus
2901 3602 3082 3666 homo,

1958 3691 2026 3745 Et
2052 3693 2191 3746 male
2216 3707 2366 3747 mens
2389 3693 2539 3762 pravi
2569 3701 2764 3748 czecata
2791 3691 3010 3747 libidine
3037 3691 3146 3747 voti

2104 3780 2377 3837 Sordescit
2404 3783 2584 3837 nitidis
2610 3783 2852 3852 corporis
2883 3781 3108 3845 exuviis,

1961 3869 2070 3926 Nec
2107 3871 2271 3925 sentit
2304 3886 2466 3940 quam
2505 3879 2661 3940 turpe
2699 3871 2864 3925 decus
2892 3877 3042 3937 gerat
3093 3869 3389 3938 improbus,

3148 3960 3230 4031 [ut
3255 3959 3326 4011 sit

1862 4048 1930 4102 60
2110 4048 2272 4103 Veste
2299 4063 2395 4102 sua
2420 4048 2609 4113 levior,
2639 4048 2732 4115 qui
2759 4048 2859 4101 sibi
2881 4059 3030 4103 veste
3058 4047 3254 4118 placet.

1964 4136 2114 4191 Absit
2137 4147 2196 4190 ut
2221 4136 2299 4205 (ά)
2323 4135 2500 4190 idolici
2528 4133 2779 4188 videatur
2807 4133 2911 4188 lilia
2939 4133 3144 4203 templi,

2103 4226 2290 4280 Gentis
2311 4225 2619 4295 apostolica:
2643 4223 2918 4298 ﬁliajacta
2946 4226 3127 4280 domo.

1967 4314 2084 4369 Non
2108 4313 2244 4368 fucis
2270 4313 2411 4366 male
2433 4312 2555 4368 ﬂeta
2582 4320 2781 4378 cutem,
2827 4327 3001 4382 neque
3023 4313 3220 4368 lumina
3249 4314 3398 4383 nigro

2110 4401 2360 4467 Pulvere,
2388 4417 2489 4457 nec
2515 4400 2653 4456 ﬂavo
2679 4401 2844 4456 tincta
2873 4402 3056 4456 colore
3079 4417 3311 4457 comam.

1865 4489 1935 4543 65
1971 4489 2170 4545 Purum
2199 4497 2404 4544 natura:
2431 4489 2600 4544 decus
2627 4497 2912 4558 aspernata
2934 4490 3165 4558 superbo

2110 4577 2366 4644 Crimine,
2396 4577 2634 4631 divinum
2665 4577 2717 4630 in
2747 4591 2804 4630 se
2833 4577 2933 4631 sibi
2966 4577 3183 4632 damnat
3211 4594 3364 4649 opus.

1968 4666 2183 4721 Frustra
2209 4664 2324 4718 haec
2349 4679 2408 4719 se
2430 4664 2620 4718 mulier
2638 4663 2926 4732 jactaverit
2950 4679 3068 4718 esse
3096 4665 3361 4734 pudicam,

2113 4755 2240 4821 Quae
2266 4771 2322 4810 se
2344 4764 2452 4809 tam
2472 4755 2636 4809 variis
2662 4762 2819 4828 ornat
2839 4754 3139 4810 adulteriis.

1974 4845 2079 4900 Vos
2094 4853 2293 4908 autem,
2309 4845 2533 4914 juvenes
2547 4845 2762 4910 Christi,
2783 4845 2947 4913 fugite
2975 4847 3152 4900 omnia
3179 4863 3408 4915 quorum

1869 4936 1934 4989 70
2110 4935 2168 4989 In
2196 4935 2392 4989 damno
2423 4935 2653 5004 pretium
2678 4942 2780 4999 est,
2813 4951 2940 5003 usus
2970 4936 3021 4988 in
3045 4936 3282 4989 interitu.

1980 5023 2197 5079 Credite
2225 5023 2420 5077 divinis
2445 5022 2644 5089 verbis,
2665 5021 2732 5077 de
2761 5023 2991 5076 cultibus
3020 5022 3132 5076 istis

2119 5113 2392 5168 Pmnalem
2416 5111 2621 5180 cupidis
2647 5124 2865 5178 surgere
2893 5111 3190 5175 materiam,

1978 5200 2140 5256 Isaias
2164 5210 2187 5237 ε
2217 5198 2386 5265 rigida
2414 5196 2699 5264 cingendas
2725 5206 2868 5252 reste
2889 5198 3139 5259 minatur,

1917 5358 1990 5426 (a)
2016 5354 2119 5426 _Ms.
2144 5353 2314 5426 codex
2339 5352 2470 5421 Reg.
2499 5367 2620 5407 cum
2641 5351 2796 5426 editis
2817 5353 3067 5426 qyinque,
3100 5351 3406 5426 conformat

1916 5417 1990 5492 (b’)
2016 5423 2073 5477 In
2101 5424 2187 5477 ed.
2221 5417 2494 5477 Schot.ex
2513 5439 2610 5476 ms.
2635 5421 2819 5476 codice
2837 5417 3072 5487 Belgico.
3100 5417 3205 5472 Ed.
3225 5417 3410 5478 Rosv.,

1842 5497 2081 5556 sacratis,
2113 5493 2388 5547 mendose.
2427 5509 2430 5514 ·

1913 5564 1984 5644 (ε)
2014 5555 2110 5644 11-ἱο
2134 5562 2386 5642 loquendi
2407 5557 2845 5644 modusPaulli‘no
2867 5555 3407 5644 fain‘il‘igris,‘prfesgg-

1843 5623 1935 5686 tim
1967 5623 2018 5686 in
2053 5633 2156 5686 hoc
2185 5623 2442 5686 carmine.
2490 5627 2622 5681 Vide
2662 5643 2712 5678 v.
2747 5626 2834 5690 64,
2881 5642 2931 5678 ν.
2966 5623 3090 5689 162,
3124 5634 3178 5676 et
3207 5641 3291 5692 ep.
3325 5623 3410 5687 ὅτι,

1841 5719 1894 5756 n.
1927 5703 1978 5763 6,
2009 5718 2063 5754 ν.
2094 5703 2177 5753 Η.
2211 5699 2306 5752 Ed.
2339 5699 2546 5758 Schot.,
2580 5699 2804 5748 animus.

1913 5756 1988 5838 (cf)
2021 5768 2216 5823 Eadem
2244 5769 2456 5822 licentia
2483 5756 2744 5833 reperitur
2765 5756 2903 5831 apu'd
2928 5760 3268 5815 Prudentium
3293 5762 3410 5815 lib.l
