3996 6356
155 273 246 327 σω
1538 272 1766 328 roma
1821 274 2008 332 xxvi.
3277 303 3382 359 oss

413 384 480 438 Et
506 385 664 440 simul
689 394 770 440 est
791 385 1001 484 Domini
1025 399 1219 456 sponsa
1240 401 1501 484 sororque
1528 387 1644 484 sui...
1732 388 1780 444 Α
1955 393 2129 457 Nosco
2157 396 2350 462 virum.
2379 413 2540 468 quem
2566 401 2732 462 divini
2757 409 3082 472 comitantur
3109 413 3329 484 odores,

274 476 475 547 Sponsa
523 475 675 545 quasi
721 475 952 543 conjux:
984 491 1140 530 soror
1177 485 1279 537 est,
1325 476 1448 545 quia
1492 476 1704 530 subdita
2094 483 2162 538 Et
2187 487 2272 540 cui
2301 488 2565 545 sidereum
2594 494 2839 563 splendet
2867 498 2916 551 in
2949 515 3044 554 ore
3071 500 3254 558 decus.

1364 565 1501 638 [non
1531 574 1630 622 est.
1809 569 1911 624 210
1951 570 2048 628 Hic
2079 574 2159 628 vir
2183 575 2271 631 hic
2297 585 2399 642 cst,
2431 579 2641 642 Domini
2665 599 2952 645 numeroso
2976 605 3198 647 munere
3224 591 3381 648 Chri-

3182 679 3273 735 isti

154 745 236 798 l70
270 744 393 800 inde
421 753 605 800 manet
632 755 804 802 mater
822 744 852 785 ι)
880 747 1062 802 :cterni
1090 747 1292 802 semine
1321 745 1482 801 Verbi
1648 767 1658 774 ·
2088 750 2262 820 Dives,
2292 755 2372 810 vir
2390 759 2570 828 superi
2597 760 2810 820 luminis
2835 763 3082 822 Emilius
3113 766 3158 823 ί.
3182 679 3202 752 [

407 836 726 907 Concipiens
747 839 994 908 p0pulos,
1025 844 1079 892 et
1107 838 1306 908 pariter
1326 837 1557 908 pariens.
1946 843 2149 918 Surge,
2177 849 2399 916 Memor.
2445 869 2702 914 venerare
2743 867 2972 930 patrem,
3020 863 3378 932 complectere

269 928 401 984 Hinc
438 945 595 985 soror
640 939 697 985 et
738 930 970 999 conjux:
1003 931 1255 1002 quoniam
1296 929 1412 986 sine
1465 929 1705 1000 corporis
2745 928 2760 930 “
3004 928 3266 1023 [tradem

1508 1020 1627 1093 [usu
2087 1026 2207 1084 Uno
2235 1040 2521 1104 utrumque
2547 1037 2641 1092 tibi
2671 1054 2864 1096 nomen
2894 1041 2947 1096 in
2978 1020 3198 1098 )Emilio
3217 1054 3319 1099 est.

403 1107 583 1164 Mente
605 1111 734 1175 coit,
758 1111 841 1166 cui
871 1111 954 1166 vir
981 1127 1086 1166 non
1108 1111 1290 1174 homo,
1315 1111 1407 1166 sed
1428 1111 1568 1166 Deus
1595 1119 1699 1166 est.
1944 1116 2132 1174 Iunior
2160 1129 2214 1177 et
2241 1126 2422 1184 senior
2448 1125 2654 1183 Memor
2686 1138 2769 1184 est
2791 1149 2804 1184 :
2832 1131 3072 1188 mirabile
3093 1134 3269 1202 magni

267 1198 378 1256 Hac
398 1202 655 1270 genitrice
682 1217 847 1258 senex
875 1218 1024 1271 usque
1045 1212 1352 1272 generatur,
1383 1213 1442 1258 ut
1471 1204 1664 1259 infans.
1805 1203 1910 1256 215
2087 1209 2278 1267 Munus
2308 1228 2549 1286 opusque
2569 1217 2694 1284 Dei;
2724 1221 2815 1290 qui
2857 1222 3069 1289 minor,
3100 1198 3205 1278 bic'
3225 1230 3373 1292 pater

145 1289 235 1344 I75
405 1289 642 1346 Etatem
668 1301 723 1346 et
744 1308 928 1347 sexum
960 1310 1063 1348 non
1089 1295 1251 1348 habet
1279 1295 1390 1348 hmc
1417 1295 1650 1350 soboles.
2742 1289 2755 1290 ί
3132 1289 3270 1386 lui;

263 1379 384 1438 Eme
423 1383 622 1439 etenim
664 1391 747 1438 est
788 1383 1069 1442 benedicta
1099 1385 1191 1440 Dei
1232 1387 1538 1454 generatio,
1580 1401 1700 1455 quas
1943 1389 2215 1452 Posterius
2243 1403 2420 1464 natus,
2453 1399 2636 1454 senior
2667 1401 2828 1470 :quia
2855 1402 2981 1458 sede
3005 1379 3258 1460 sacerdos

1498 1476 1627 1548 [non
2081 1479 2268 1557 Gestat
2294 1487 2644 1554 apostolicam
2665 1498 2883 1558 pectore
2907 1493 3178 1548 canitiem.

395 1557 630 1615 Seminis
654 1561 891 1628 humani,
921 1564 1015 1619 sed
1041 1565 1251 1634 generis
1268 1566 1446 1635 superi
1472 1577 1572 1620 est.
1940 1569 2106 1632 Filius
2131 1583 2234 1638 est,
2275 1573 2545 1648 fraterque
2573 1557 2777 1635 Memor
2803 1600 2816 1634 :
2847 1583 3058 1638 lzetatur
3076 1583 3270 1640 adesse

266 1649 390 1707 Inde
428 1653 684 1720 magister
722 1653 798 1707 ait
829 1671 841 1707 :
873 1653 1008 1721 Quia
1048 1655 1159 1726 jam
1189 1671 1288 1710 nec
1324 1655 1517 1710 femina
1538 1699 1554 1725 ,
1597 1672 1696 1713 nec
1731 1735 1767 1745 ἢ
2076 1663 2427 1728 Communem
2456 1669 2670 1728 sibimet
2691 1673 3106 1744 pignoribusque
3138 1685 3366 1745 patrem.

1485 1747 1623 1819 [mas
1729 1735 1769 1794 Β
1797 1749 1900 1804 220
1934 1750 2148 1808 Iustitia
2178 1763 2232 1810 et
2260 1771 2365 1826 pax
2393 1772 2452 1812 se
2471 1735 2826 1827 gemina—vice
2851 1735 3298 1834 complectuntur,

398 1834 456 1890 ln
484 1835 720 1904 Christo,
741 1835 835 1892 sed
857 1836 997 1892 idem
1024 1852 1238 1908 corpus,
1269 1846 1323 1892 et
1347 1853 1449 1892 una
1479 1838 1628 1894 lides.
2077 1844 2213 1904 Cum
2238 1846 2443 1904 Memor
2479 1849 2700 1908 Aimilio
2721 1852 2962 1922 jungitur
2989 1856 3260 1910 unanimo.

140 1924 235 1979 180
264 1923 497 1998 Namque
537 1942 723 1982 omnes
769 1941 936 1981 unum
983 1941 1178 1996 corpus
1222 1942 1405 1981 sumus
1451 1945 1464 1979 :
1513 1927 1692 1982 omnia
1936 1931 2108 1990 infula
2135 1935 2417 2004 pontifices
2444 1939 2626 1994 divino
2648 1941 2824 2009 jungit
2840 1943 3081 1998 honore:

1380 2016 1619 2090 [Christo
2079 2024 2324 2089 llumano
2348 2029 2522 2098 pietas
2543 2030 2720 2100 jungit
2747 2047 2931 2088 amore
2955 2049 3129 2103 pares.

398 2107 655 2172 Membra,
677 2108 869 2178 quibus
896 2105 1138 2162 Christus
1165 2108 1406 2178 corporis
1444 2109 1496 2161 in
1532 2117 1694 2178 caput
1936 2115 2072 2176 llinc
2099 2119 2322 2185 Memor,
2355 2121 2517 2178 oflicii
2545 2140 2653 2180 non
2676 2125 2978 2190 immemor,
3008 2128 3196 2183 ordine
3218 2137 3366 2185 recto

1427 2196 1532 2269 [est
1564 2208 1586 2236 °
1603 2239 1620 2252 .
1795 2206 1898 2260 125
2079 2210 2263 2266 Tradit
2290 2215 2358 2270 ad
2385 2213 2589 2270 Emilii
2617 2217 2842 2287 pignora
2871 2233 2995 2274 cara
3023 2235 3236 2276 manus.

195 2310 197 2312 ·
262 2287 470 2360 Et-quia
489 2289 601 2357 jam
625 2288 890 2344 Christum
931 2287 1133 2349 induti,
1155 2287 1472 2356 deponimus
1500 2287 1692 2353 Adam,

1642 2303 1692 2353 ην
1931 2297 2023 2354 Ille
2044 2298 2238 2369 jugans
2265 2304 2437 2374 capita
2459 2305 2734 2360 amborum
2759 2307 2860 2362 sub
2880 2323 3011 2378 pace
3033 2309 3220 2377 jugali,

393 2378 643 2435 Protinus
683 2379 735 2434 in
764 2379 995 2449 speciem
1022 2377 1292 2433 tendimus
1319 2377 1632 2446 angelicam.
2073 2390 2229 2451 vela;
2249 2407 2344 2447 eos
2362 2393 2573 2462 (ιεχιι-ε,
2596 2413 2732 2468 quos
2753 2377 2914 2469 ρι-θοέ
2933 2398 3248 2455 sanctiﬁcat,

262 2471 543 2542 Propterea
568 2473 673 2526 hoc
690 2486 824 2542 opus
849 2480 931 2527 est
958 2471 1164 2526 cunctis
1181 2470 1499 2540 baptismate
1525 2470 1686 2531 natis,
1928 2476 2157 2543 Christe,
2183 2482 2491 2540 sacerdotes
2515 2486 2726 2556 exaudi,
2755 2486 2983 2556 Christe,
3001 2497 3303 2559 precantes,

135 2561 227 2616 lSS
394 2560 696 2619 Perfectum
725 2571 782 2616 ut
810 2563 989 2632 capiat
1015 2577 1176 2617 sexus
1204 2571 1430 2632 uterque
1457 2562 1648 2623 virum,
2069 2567 2138 2622 Et
2165 2570 2252 2637 pia
2281 2579 2407 2626 vota
2434 2576 2601 2628 sacris
2619 2589 2794 2630 annue
2813 2578 3159 2645 supplicibus.

255 2653 318 2709 Et
337 2669 620 2710 commune
640 2661 798 2725 caput
817 2662 924 2708 stet
948 2654 970 2685 ⁵
992 2654 1044 2708 in
1066 2652 1316 2708 omnibus
1339 2653 1515 2707 omnia
1534 2652 1690 2707 Cbri-
1789 2655 1891 2710 250
1928 2656 2129 2726 imbue,
2174 2660 2412 2730 Christe,
2450 2680 2620 2728 novos
2658 2665 2725 2722 de
2767 2676 2954 2724 sancto
2995 2670 3232 2726 antistite
3258 2686 3361 2726 nu-

1447 2741 1581 2814 [stus
1598 2781 1615 2804 ,
3091 2757 3257 2831 [Ρῑοεν

392 2837 628 2894 Tradens
651 2839 703 2894 in
733 2852 952 2906 regnum
981 2854 1077 2893 rex
1104 2853 1198 2892 sua
1223 2837 1461 2894 membra
1481 2833 1645 2889 Patri.
2067 2839 2276 2914 Perque
2303 2859 2497 2904 manus
2524 2854 2702 2902 castas
2729 2843 2891 2904 c'orda
2911 2842 3102 2919 'pudica
3119 2849 3266 2919 juva.

253 2924 460 2986 Nubere
484 2928 568 2981 vel
599 2928 722 2982 nubi
750 2928 948 2997 fragilis
968 2927 1076 2997 jam
1105 2928 1303 2982 deserit
1328 2927 1350 2957 ⁸
1376 2933 1530 2989 aetas,
1929 2931 1997 2988 Ut
2017 2934 2087 2994 sit
2115 2935 2167 2994 in
2197 2936 2456 2992 ambobus
2480 2939 2768 2996 concordia
2795 2941 3144 3010 virginitatis,

387 3015 644 3074 Omnibus
673 3027 872 3073 mterno
892 3033 1119 3088 corpore
1146 3017 1476 3088 compositis.
1717 3093 1755 3103 _
2066 3026 2173 3084 Aut
2198 3029 2308 3084 sint
2334 3032 2491 3092 ambo
2519 3032 2686 3088 sacris
2711 3033 2914 3088 semina
2941 3035 3252 3103 virginibus,

136 3104 220 3159 l90
252 3104 388 3175 Ergo
414 3107 520 3163 mei
544 3122 808 3164 memores
829 3123 926 3177 par
954 3108 1268 3164 inviolabile
1287 3122 1502 3176 semper
1709 3093 1758 3158 Ο
1927 3115 2186 3173 Votorum
2213 3119 2362 3190 prior
2387 3120 2478 3176 bic
2513 3121 2710 3188 gradus
2729 3131 2832 3190 est,
2859 3131 2919 3178 ut
2942 3093 3120 3180 nes'cia
3146 3125 3324 3182 carnis

388 3197 564 3253 Vivite
589 3216 602 3250 :
631 3199 699 3252 sit
728 3200 879 3253 vobis
901 3214 1033 3253 crux
1053 3197 1361 3252 veneranda
1374 3199 1578 3267 jugum.
1781 3207 1887 3260 255
2059 3208 2294 3266 Membra
2323 3220 2543 3282 gerant;
2571 3213 2715 3283 quod
2754 3215 2799 3270 si
2826 3229 3052 3286 corpore
3095 3231 3358 3288 coagme-

253 3287 395 3344 lllius
422 3297 480 3342 ut
500 3290 687 3344 matris
715 3289 845 3353 nati,
872 3304 988 3358 qua:
1011 3304 1206 3359 sponsa
1229 3305 1492 3358 sororque
1517 3299 1617 3355 est,
3101 3287 3248 3380 [rint,

383 3379 591 3468 Sumite
610 3379 765 3446 digna
795 3380 896 3448 piis
925 3388 1145 3449 pectora
1176 3380 1499 3468 nominibus,
1925 3390 2084 3448 Casu
2113 3394 2448 3456 sacerdotale
2475 3410 2644 3466 genus
2671 3407 2893 3456 ventura
2924 3379 3180 3468 propago,

251 3467 320 3522 Et
344 3468 506 3522 vobis
524 3467 674 3522 fratri
696 3469 876 3538 sponsi
905 3469 1206 3523 concurrite
1232 3467 1465 3532 Christo,
2059 3483 2124 3535 Et
2143 3485 2332 3539 domus
2356 3486 2500 3540 Αι-οιι
2524 3489 2593 3540 sit
2618 3497 2728 3542 una
2758 3467 2948 3544 domus
2977 3467 3249 3555 Memoris,

133 3557 218 3610 195
389 3557 519 3613 Sitis
546 3567 606 3613 ut
630 3557 813 3612 aeterni
843 3558 1085 3628 corporis
1109 3573 1214 3612 una
1242 3573 1387 3613 caro.
2060 3573 2503 3645 (ςιηξειοι-υιηαυε
2541 3577 2734 3639 domu;
2773 3580 2843 3636 είι
2882 3579 3073 3638 domus
3098 3579 3213 3634 hac
3239 3577 3352 3634 Me-

248 3649 348 3706 Hic
373 3667 470 3706 vos
499 3658 679 3705 nectat
705 3664 887 3716 amor,
934 3649 1011 3720 (a)
1058 3665 1165 3718 quo
1189 3649 1400 3718 stringit
1438 3649 1674 3706 Ecclesia
3057 3668 3262 3740 [mou-is.

1239 3739 1287 3815 [⁸
1318 3742 1604 3804 (Πιτίείυῐην
2061 3753 2190 3810 Esto
2214 3765 2270 3813 et
2298 3755 2506 3823 Paulini
2534 3757 2904 3828 Therasizeque
2932 3739 3159 3824 memor,

389 3832 615 3903 Quoque
651 3832 882 3888 vicissim
924 3832 1066 3887 illam
1097 3831 1340 3887 Christus
1376 3847 1562 3888 amore
1600 3832 1680 3887 f0-
1779 3840 1882 3895 240
2059 3843 2126 3899 Et
2153 3862 2360 3902 memor
2385 3856 2640 3906 :eternum
2668 3849 2908 3908 Christus
2951 3849 3056 3906 erit
3078 3847 3350 3912 Memoris.

1439 3922 1570 3995 [vet.

245 4017 366 4088 Ipse
393 4024 551 4086 pater
576 4015 730 4070 vobis
747 4014 1028 4070 benedicat
1047 4013 1357 4083 episcopus,
1389 3977 1504 4082 ip‘se
2312 3977 2541 4032 PDE-MA
2579 3979 2741 4032 xxv:
2764 3986 2803 4034 ο.

385 4104 650 4163 Pmcinat
675 4104 1004 4162 hvmnisonis
1027 4104 1234 4159 cantica
1262 4112 1445 4162 sancta
1473 4103 1672 4160 choris.

1557 4104 1672 4160 κοῖς,
2000 4104 2068 4141 DE
2106 4103 2152 4142 8.
2194 4105 2379 4144 Ρειιοε
2419 4107 2740 4147 ΜτΑιιτιωι
2779 4107 2987 4145 CABMEN
3026 4105 3135 4145 νιιι.

128 4196 214 4253 που
244 4199 379 4267 Duc,
409 4195 618 4252 Memor
647 4206 670 4234 ο
691 4164 862 4258 alme,
905 4203 1027 4249 tuos
1067 4193 1295 4249 Domino
1337 4201 1463 4248 ante
1491 4195 1674 4248 altaria
1780 4196 2536 4282 Gothis.Italiamnvastantibus
2563 4201 2817 4282 Paulinus
2845 4203 2898 4254 in
3012 4201 3062 4255 F
3063 4203 3204 4256 elicis
3229 4219 3356 4282 pro-

1302 4285 1498 4358 mltos,
1534 4315 1540 4320 .
1849 4270 2066 4323 lectione
2092 4271 2323 4339 conﬁdit.
2361 4271 2546 4343 Aliqua
2574 4271 2685 4340 ejus
2714 4271 2962 4324 miracula
2991 4270 3276 4330 enumerat.

382 4377 823 4447 Commendaque
849 4392 1074 4449 precans
1099 4378 1464 4433 sanctificante
1492 4393 1671 4433 manu.
1703 4454 1747 4463 _
1921 4448 1957 4463 .-

1547 4393 1671 4433 an“.
1991 4358 2130 4414 Ecce
2157 4359 2271 4414 dies
2299 4360 2454 4415 nobis
2476 4375 2617 4416 anno
2642 4361 2884 4416 revoluta
2905 4371 3121 4431 peracto

240 4469 347 4526 Sed
374 4471 498 4540 quis
524 4469 661 4525 odor
687 4448 1118 4528 naresiallabitur
1142 4471 1342 4526 mtbere
1363 4471 1623 4525 manans?
1703 4454 1757 4516 D

1716 4454 1757 4515 ι)
1920 4448 2181 4504 lllustrem
2209 4450 2417 4504 revehit
2442 4450 2635 4506 Felicis
2662 4451 2890 4506 nomine.
2907 4451 3098 4514 lucem.

384 4539 539 4615 unde
562 4575 714 4616 meos
740 4561 951 4630 mins“
976 4560 1065 4616 ιω
1097 4561 1314 4632 inopina
1347 4561 1568 4616 oculos?
1917 4539 2293 4643 'i'empuserat
2312 4540 2446 4596 laetis
2469 4541 2629 4596 modo
2655 4554 2903 4612 promere
2929 4542 3116 4610 gaudia
3149 4544 3346 4610 verbis,

239 4651 372 4721 Quis
391 4652 581 4724 procul
623 4652 712 4708 ille
743 4653 1018 4710 hominum
1063 4631 1286 4726 placidis
1327 4669 1386 4709 se
1432 4653 1674 4722 passibus

1631 4667 1674 4707 ,ε
1920 4631 2090 4686 Anxia
2118 4631 2163 4685 si
2186 4631 2334 4685 hetas
2361 4637 2672 4700 paterentur
2691 4639 2930 4701 tempora
2963 4646 3139 4688 voces.

1337 4717 1526 4816 [adfert
1545 4782 1560 4806 ν
1849 4717 1882 4771 5
1917 4718 2022 4823 'Sed
2048 4729 2228 4775 tamen
2257 4721 2359 4823 ista
2389 4719 2522 4823 dies,
2544 4719 2670 4823 licet
2690 4720 2830 4823 inter
2854 4721 3056 4823 prmlia,
3087 4722 3241 4780 nobis

119 4828 203 4884 205
378 4831 614 4888 Plurima
642 4849 800 4902 quem
822 4835 1017 4890 Christi
1045 4837 1216 4905 gratia
1237 4809 1618 4912 prosequitur?
1917 4809 2137 4916 ξίξξίξίξθ
2158 4810 2551 4916 νθθίδξᾙωάξθῗ
2572 4811 2675 4864 erit
2692 4812 2956 4916 ;_,l_'°"ida
2986 4813 3144 4916 [0258
3237 4903 3251 4916 ,
3288 4903 3299 4916 ,

235 4923 410 4992 Quem
427 4899 708 4982 beneﬁcia
729 4927 923 4983 cohors
949 4899 1154 4998 supéris
1177 4899 1470 4986 ciljcumdgu
1499 4901 1668 4984 alu'm-
1919 4899 2062 4953 Bella
2093 4899 2340 4965 fremant,
2364 4900 2559 4955 nostris
2577 4916 2682 4969 pax
2711 4900 2876 4955 libera
2903 4903 3169 4957 mentibus
3189 4903 3346 4960 adsit.

1463 5023 1596 5095 [τῇδ’
1913 4990 2506 5095 Emtitimidulcemmon
2531 4992 2862 5095 obliviscitur
2891 5011 3046 5049 usum

374 5109 730 5179 607-608
751 5109 988 5178 Angelici
1037 5111 1273 5167 referens
1309 5081 1534 5277 agminis
1553 5081 1668 5167 effi-
1809 5173 1875 5225 10
1913 5083 1952 5224 ἔ

1457 5221 1593 5275 gnem

1657 5144 1668 5153 ,
1913 5083 2062 5137 Mens
2086 5081 2306 5136 adsueta
2337 5083 2438 5151 piis
2467 5098 2560 5138 sua
2589 5084 2800 5137 solvere
2829 5093 3048 5153 pectora
3080 5087 3235 5150 votis,

1809 5173 1875 5225 10
1913 5171 1977 5225 Et
2000 5172 2223 5226 Domino
2259 5170 2407 5227 festis
2434 5180 2581 5226 caste
2599 5173 2832 5239 gaudere
2854 5173 3061 5227 diebus.

113 5323 278 5392 “tusus
303 5315 700 5392 subsequentes
725 5318 1007 5388 imperant.
1033 5320 1170 5375 Ante
1191 5329 1309 5376 erat
1331 5339 1543 5392 quoque.
1851 5341 1873 5367 ο
1907 5329 2036 5383 Vide
2057 5337 2166 5383 ηοι,
2190 5328 2285 5380 29]
2301 5369 2314 5382 ,

171 5388 191 5453 τ’
221 5381 313 5453 βία
332 5381 718 5440 ἀεθςίνενευδι
801 5381 815 5388 ’
1343 5381 1354 5392 ’
1441 5381 1454 5392 ’
1851 5399 1869 5436 τ
1906 5381 2034 5453 vna
2058 5381 2171 5451 an.
2197 5381 2317 5450 292.

169 5446 458 5543 :Licentia
502 5456 728 5523 poetica.
763 5455 895 5510 Vide
932 5457 1202 5515 Prudentii
1253 5459 1567 5530 Hamartig.,
1616 5481 1666 5516 ν.
1853 5446 2170 5543 scfgbiiiiﬁ'
2192 5446 2467 5543 illi.me
2505 5463 2936 5543 die__M;Ja_nu_ar...

114 5511 258 5634 ανδ-ρ
505 5511 516 5523 ·
976 5511 1056 5514 '
1627 5511 1666 5516 "
1805 5511 2990 5658 ηδαῑνέξξ·ε;;ίρλέί;ᾔιῖῖέ’έκνέδείςέέιλξί;·ειι.
3235 5552 3340 5604 φη.

175 5597 191 5658 ῗ
222 5591 334 5658 gal.
360 5607 435 5655 ut,
469 5591 565 5650 28:
589 5592 607 5646 l
631 5593 754 5648 Cor.
789 5613 877 5658 xu,
907 5597 994 5650 27.
1783 5609 1838 5658 ν,
1879 5622 1908 5658 ρ
1937 5623 1987 5658 ν,
2019 5621 2131 5658 δρα,

175 5597 191 5674 ς
360 5607 435 5655 m,
459 5591 754 5674 ‘28”:_l‘Cor.
789 5613 877 5659 xu,
907 5597 994 5650 27.
1783 5585 2131 5674 \‘iié’vi'éeﬁi

169 5655 190 5690 ἀ
221 5655 350 5714 Vide
381 5669 492 5714 not.
522 5661 642 5715 9.59.
