3996 6356
630 299 730 353 Ιὶ59
1569 296 1624 353 S.
1670 297 1939 378 PAULINI
1980 299 2225 355 NOLANI
2267 300 2565 359 EPISCOI’I
2606 304 2948 361 ΡΟΕΜΑΤΑ.
3765 314 3851 370 Cll)

902 411 1078 493 Quare
1115 409 1498 478 importunam,
1543 409 1787 477 quamvis
1825 410 1923 464 sub
1951 419 2190 480 tempore
2225 417 2268 471 Α
2337 413 2407 466 55
2587 414 2676 470 Sic
2718 417 2878 485 igitur
2923 418 3085 472 modo
3137 435 3234 473 nos
3272 421 3486 475 turbato
3539 422 3590 474 in
3635 430 3852 493 tempore

1065 491 1068 495 ’
1961 497 2193 568 [mmsto,
2606 530 2609 532 -

2179 538 2193 562 ν
2606 530 2609 532 ·
3608 512 3726 583 [Ιπιί

767 589 954 644 Pellite
985 588 1270 654 tristitiam,
1293 588 1434 644 bona
1462 587 1674 656 gaudia,
1702 588 1878 643 dulcia
1906 589 2090 651 verba.
2442 597 2618 653 Mente
2641 599 2726 667 pia
2752 598 2944 654 festum
2971 599 3150 655 dilecti
3172 604 3424 672 martyris
3452 619 3642 658 omnes

766 676 935 732 Omne
954 679 1099 747 pium
1120 677 1406 746 laetumque
1433 678 1518 732 die
1539 677 1731 733 Felieis
1752 694 1990 734 amemus
2007 721 2020 745 ν
2441 689 2662 744 Collatis
2683 690 2857 744 hilare
2871 691 3060 745 studiis
3085 692 3298 760 pietatis
3320 706 3559 760 agamus.

765 766 940 820 Natali
964 766 1080 820 sine
1108 767 1214 821 line
1234 767 1339 831 die,
1369 767 1491 835 quia
1523 777 1680 822 natus
1708 768 1759 822 in
1790 768 1890 822 ista
1917 778 1999 824 est
2441 778 2602 832 Forte
2630 780 2797 846 magis
2827 781 2996 848 pietas
3027 782 3178 835 nobis
3205 781 3352 836 dabit
3380 783 3480 836 ista
3503 784 3740 846 salutem.

665 856 733 909 l5
769 855 1046 924 Perpetuis
1073 856 1224 911 Felix
1251 857 1429 925 seclis,
1452 872 1556 926 qua
1587 859 1831 928 corporis
1858 873 2029 914 aevum
2441 868 2496 922 Si
2528 878 2741 923 nostras
2770 869 2891 924 ideo
2921 871 3084 924 libeat
3111 872 3382 940 deponere
3413 875 3428 904 ³
3459 889 3636 938 curas,

766 945 1002 1002 Functus
1032 955 1080 1013 ι,
1111 946 1177 1000 ad
1215 955 1466 1002 aeternam
1508 948 1756 1017 migravit
1792 949 1844 1003 iu
1890 951 2088 1005 aethera
2117 953 2198 1006 vi-
2336 958 2404 1012 60
2448 957 2518 1012 Ut
2536 957 2829 1014 confessori
2851 960 3082 1014 lzetantia
3112 962 3273 1015 corda
3303 962 3559 1030 feramus,

1953 1041 2104 1114 [tam.
2443 1050 2608 1118 Cujus
2633 1050 2842 1104 honore
2869 1050 3008 1105 Deus
3054 1051 3278 1118 gaudet,
3306 1054 3429 1121 quia
3459 1061 3663 1125 martyr
3705 1057 3847 1110 hono-

911 1129 1054 1199 Ergo
1082 1137 1255 1184 metus
1283 1130 1478 1184 abeant
1506 1129 1714 1194 tristes,
1745 1130 2071 1201 redeantque
2110 1147 2198 1186 re-
3634 1145 3760 1215 [rem

1955 1221 2130 1291 [fectis
2441 1232 2736 1285 Contemsit
2764 1234 3037 1302 proprium
3083 1231 3291 1286 Domini
3327 1247 3425 1302 pro
3463 1237 3680 1288 nomine
3721 1233 3846 1288 Chri-

769 1309 971 1366 Gaudia
995 1310 1331 1380 pectoribus;
1364 1308 1440 1381 (a)
1471 1309 1627 1365 decet
1652 1311 1830 1365 omnia
1859 1311 2059 1379 pellere
2079 1328 2200 1367 san-
3661 1323 3761 1394 [δεῖν

1893 1402 2056 1474 [ctum
2443 1413 2612 1468 Vilior
2639 1413 2751 1481 ipse
2781 1412 2903 1478 sibi,
2933 1421 2990 1465 ut
3013 1410 3228 1466 Christo
3256 1412 3545 1481 pretiosior
3573 1422 3726 1467 esset.

765 1496 1116 1566 609-810
1141 1493 1330 1549 Mmsta
1360 1493 1522 1560 diem,
1548 1494 1681 1548 tanti
1705 1508 1864 1563 quem
1882 1494 2048 1561 gloria
2070 1509 2200 1548 con-

2070 1509 2200 1548 con-
2445 1503 2736 1574 Propterea
2770 1505 2860 1557 tali
2890 1504 3100 1572 placeat
3126 1503 3360 1571 gaudere
3379 1511 3630 1572 patrono,

793 1619 796 1626 .
1153 1573 1158 1581 ’
1896 1582 2132 1654 [fessoris
2338 1599 2370 1648 6

1907 1582 2132 1654 ζῖθδδοΐίε
2338 1598 2406 1649 65
2444 1573 2791 1662 Natalemque
2817 1593 2958 1648 diem
2987 1593 3146 1662 sopiti
3174 1608 3308 1663 pace
3328 1594 3485 1648 beata

664 1673 734 1726 20
763 1670 1035 1740 insignem
1063 1674 1269 1728 cunctis
1297 1689 1395 1743 per
1421 1681 1664 1742 tempora
1693 1680 1807 1727 tota
1836 1672 2025 1727 diebus
2440 1685 2685 1755 Martyris
2713 1685 2969 1752 expositis
2997 1681 3023 1721 ά
3055 1684 3296 1737 lmtantes
3318 1681 3519 1736 ducere
3538 1683 3697 1737 curis.

766 1760 994 1816 Elucere
1014 1762 1157 1827 facit,
1178 1763 1496 1832 populisque
1521 1762 1889 1831 frequentibus
1917 1771 2094 1817 ornat.
2236 1765 2280 1822 Β
2584 1773 2682 1828 llic
2702 1787 2917 1841 quoque
2938 1772 3146 1826 devotis
3171 1770 3362 1838 aderit,
3387 1772 3433 1826 si
3458 1769 3650 1826 fortior
3669 1781 3822 1826 exstet

903 1849 1056 1905 Hunc
1081 1849 1110 1888 δ
1133 1865 1232 1919 ego
1263 1852 1308 1906 si
1337 1851 1535 1908 Geticis
1563 1867 1780 1922 agerem
1799 1853 1940 1908 male
1960 1853 2201 1909 subditus
2235 1931 2237 1935 ι
2445 1865 2594 1918 Nunc
2617 1862 2682 1916 ad
2703 1863 2940 1915 laetitiam
2961 1861 3199 1926 atl‘ectus,
3231 1877 3392 1930 quam
3420 1878 3584 1916 causa
3612 1863 3801 1916 timoris

1963 1943 2166 2015 [armis’
2444 1953 2522 2008 Ad
2544 1952 2964 2009 consternendas
2993 1951 3222 2006 obducto
3249 1959 3468 2020 pectore
3489 1959 3710 2004 mentes.

768 2028 915 2084 lnter
933 2039 988 2084 et
1007 2030 1238 2086 immites
1257 2031 1583 2086 celebrarem
1604 2031 1757 2088 laetus
1778 2033 1994 2100 Alanos,
2341 2046 2406 2099 7o
2582 2043 2812 2108 Credite,
2856 2057 2964 2097 non
3002 2041 3163 2096 armis
3179 2079 3194 2104 ,
3235 2056 3409 2111 neque
3437 2041 3639 2095 viribus
3665 2056 3773 2096 esse
3797 2043 3842 2096 ti.

769 2119 837 2175 Et
856 2121 902 2175 si
930 2121 1219 2190 multijuga:
1246 2131 1550 2190 premerent
1576 2137 1697 2177 mea
1719 2123 1857 2178 colla
1882 2115 2100 2189 catena},
3564 2129 3791 2202 [mendos

579 2251 584 2258 .
665 2209 736 2263 25
771 2209 1009 2280 Captivis
1036 2212 1270 2265 animum
1297 2213 1549 2268 membris
1576 2229 1684 2268 non
1710 2213 1957 2283 iungeret
1993 2215 2161 2269 hostis
2185 2232 2199 2278 ;
2447 2223 2790 2296 Anophylum
2816 2221 3062 2293 populos,
3092 2235 3228 2290 quos
3262 2226 3485 2290 propter
3525 2219 3740 2274 crimina
3767 2235 3841 2273 ηο.

774 2302 1000 2356 Pectore
1027 2318 1134 2357 non
1157 2303 1230 2374 (b)
1257 2303 1420 2368 victo,
1451 2304 1684 2358 calcaret
1710 2304 1862 2360 triste
1880 2305 2108 2374 superba
3445 2304 3448 2307 ’
3740 2307 3842 2379 [stra

768 2390 1053 2445 Servitium
1080 2392 1268 2461 pietas.
1296 2391 1446 2448 Licet
1464 2393 1602 2448 inter
1620 2393 1849 2450 barbara
1872 2395 2070 2461 vincla,
2443 2403 2641 2459 oaensi
2661 2411 2844 2458 movet
2871 2403 2949 2456 ira
2975 2400 3090 2466 Dei,
3114 2409 3175 2455 ut
3203 2399 3488 2455 formidine
3513 2401 3699 2455 mortis

771 2479 930 2536 Liber
968 2497 1120 2537 amor
1147 2483 1356 2552 placitis
1400 2493 1617 2540 caneret
1669 2501 1789 2541 mea
1843 2495 1967 2541 vota
2015 2487 2202 2556 loque-
2447 2495 2654 2550 Excitet
2682 2493 2749 2548 ad
2770 2507 2952 2548 curam
2977 2491 3100 2545 vita:
3123 2490 3388 2559 torpentia
3408 2489 3593 2544 corda.

1975 2579 2094 2651 [lis.
2586 2584 2726 2651 Ergo
2749 2583 2916 2638 Deum
2941 2582 3125 2636 mitem
3145 2595 3288 2634 saevo
3312 2581 3596 2633 timeamus
3620 2579 3670 2632 in
3695 2579 3840 2638 hoste,

913 2663 1060 2720 Nunc
1079 2664 1257 2734 igitur,
1281 2666 1525 2735 quamvis
1549 2667 1726 2723 varias
1750 2683 1886 2738 vaga
1929 2667 2067 2724 fama
2109 2686 2206 2739 per
2339 2677 2408 2730 75
2445 2676 2596 2731 Absit
2638 2686 2698 2730 ut
2740 2677 2894 2730 hoste
2940 2681 3138 2740 metus,
3183 2685 3342 2739 quem
3367 2669 3658 2724 formidare
3701 2682 3840 2721 mere-

1987 2759 2133 2830 [oras
3633 2755 3763 2828 [mur

666 2842 734 2896 50
773 2841 1039 2898 Terrilicis
1067 2845 1287 2913 pavidas
1310 2843 1467 2900 feriat
1485 2847 1788 2902 rumoribus
1815 2862 1992 2913 aures,
2055 2907 2066 2916 ,
2449 2857 2566 2931 ([ά]
2594 2857 2707 2912 Νοη
2733 2854 3020 2909 metuendo
3049 2851 3250 2915 Deum,
3297 2849 3506 2919 placida
3547 2863 3701 2918 quem
3739 2861 3842 2916 ΡΜ

771 2931 880 2987 Nos
906 2940 1084 2988 tamen
1109 2933 1161 2987 in
1187 2934 1413 2990 Domino
1443 2936 1646 2991 stabilis
1671 2934 1864 2992 ﬁducia
1893 2937 2106 2994 Christo
3609 2939 3840 3012 [τεωίεεη

773 3020 1033 3088 Roboret,
1064 3031 1120 3076 et
1145 3027 1293 3077 recto
1315 3024 1432 3078 lixis
1451 3024 1588 3094 pede
1615 3027 1883 3081 mentibus
1902 3037 2094 3082 armet.
2451 3040 2792 3110 Negligimus,
2819 3037 3009 3091 saltem
3031 3035 3083 3089 vi
3112 3033 3470 3102 compellente
3493 3038 3785 3094 tremamUS.

772 3111 884 3166 Nec
911 3129 1078 3182 pavor
1099 3121 1215 3169 ater
1242 3115 1296 3169 in
1324 3115 1467 3171 hanc
1495 3115 1725 3171 obducat
1749 3118 1928 3172 nubila
1957 3119 2128 3175 lucem
2147 3162 2162 3188 ,
2229 3111 2273 3168 C
2444 3131 2789 3203 611.612
2817 3125 3097 3181 placemus
3139 3138 3372 3179 ωωτοιιθ
3409 3122 3638 3176 humiles
3659 3159 3674 3184 ,
3709 3133 3837 3189 quem

771 3203 944 3270 Quam
973 3205 1111 3260 Deus
1139 3205 1360 3261 aetherio
1387 3205 1792 3262 Felicishonore
1820 3217 2054 3262 serenat.
3457 3211 3600 3282 [laeta
3617 3211 3838 3264 ferentem

667 3295 736 3349 55
772 3296 984 3364 Legifer
1012 3306 1068 3351 ut
1095 3297 1361 3366 quondam
1391 3299 1569 3352 Pharii
1599 3298 1786 3354 tellure
1812 3301 2024 3370 tyranni

2429 3311 2751 3382 ‘Spernimus
2778 3323 2845 3364 ex
2873 3308 2987 3377 ipsa
3013 3320 3139 3360 mox
3170 3304 3527 3374 prosperitate
3557 3300 3771 3370 superbi.

771 3385 976 3442 Ρθδοιιθ
1004 3403 1215 3442 επτυῐη
1244 3389 1315 3458 (ε)
1345 3387 1556 3459 Μογεθε
1581 3389 1752 3458 Prima
1780 3389 1880 3444 sub
1909 3390 2026 3458 198°
2051 3390 2198 3445 dica-
2337 3405 2404 3458 80
2583 3401 2765 3456 Prisca
2803 3395 3154 3454 retractemus
3206 3403 3229 3430 ο
3277 3403 3584 3446 sanctorum
3630 3389 3836 3456 exempla

1927 3477 2024 3549 [Vit
2046 3489 2092 3545 ⁶ν
3544 3484 3834 3554 [parentum.

774 3567 1076 3636 δθηοιθειυθ
1105 3576 1232 3622 ιυηο
1254 3567 1434 3622 “diu
1462 3568 1642 3639 (domo
1673 3568 1798 3624 licet
1822 3569 2014 3638 impius
2037 3569 2153 3624 “'05
2442 3583 2542 3650 Qui
2563 3582 2754 3638 merita
2785 3570 3036 3633 immissis
3062 3577 3351 3630 tolerantes
3379 3574 3604 3627 verbera
3626 3571 3778 3633 bellis.

771 3656 1037 3710 Maturare
1065 3655 1241 3726 fugam
1271 3658 1448 3712 valida
1471 3660 1520 3712 vi
1546 3668 1761 3726 cogeret
1786 3659 1978 3728 hostis)
2443 3673 2558 3727 Non
2605 3671 2768 3725 armis
2808 3667 2940 3735 sibi,
2972 3681 3074 3721 nee
3111 3665 3276 3719 muris
3320 3662 3582 3733 capienda
3611 3662 3678 3730 (ε)
3706 3673 3835 3730 para-

770 3747 1040 3802 Lihertate
1069 3756 1245 3804 tamen
1272 3749 1452 3804 devoti
1481 3750 1712 3818 pectoris
1738 3749 1931 3813 audax,
3619 3751 3753 3822 [bant

665 3843 732 3895 40
769 3841 878 3896 Nec
904 3841 1150 3896 turbante
1177 3850 1322 3895 metu
1347 3841 1551 3909 jussnm
1571 3840 1812 3896 sollenne
1831 3841 2072 3910 reliquit;
2443 3851 2712 3906 prmsidia,
2745 3849 3002 3903 Humanis
3023 3847 3212 3916 opibus
3240 3859 3457 3914 sperare
3479 3842 3699 3897 salutem

768 3932 875 3987 Sed
903 3933 1172 4002 trepidans
1195 3933 1504 4001 fugiensque
1529 3931 1670 4002 licet,
1701 3931 1880 3993 divina
1906 3934 2111 4003 peregit
2441 3943 2591 3996 Nulla
2621 3941 2785 3995 salus.
2838 3938 2948 3992 Nec
2996 3938 3140 3991 enim
3195 3941 3422 3989 mortem
3471 3930 3710 3987 mortalia
3744 3928 3835 3994 pel-

771 4023 947 4089 Festa,
974 4024 1248 4079 salutifero
1277 4025 1412 4078 laetis
1441 4025 1686 4094 epulatus
1716 4025 1769 4078 in
1793 4041 1931 4095 agno
2001 4090 2004 4094 I
3671 4018 3805 4092 [IenL

769 4113 1027 4178 Coetibus,
1059 4123 1113 4169 et
1141 4116 1264 4170 licto
1291 4114 1490 4170 Christi
1512 4116 1624 4184 jam
1651 4117 1907 4184 sanguine
1933 4117 2124 4180 victor,
2337 4125 2408 4178 δι)
2584 4119 2726 4189 Ergo
2753 4118 2877 4186 quia
2905 4124 2986 4172 est
3013 4131 3154 4170 curae
3191 4122 3430 4181 tempus,
3482 4110 3552 4163 sit
3596 4123 3716 4162 cura
3740 4118 3836 4173 pre-

767 4205 928 4260 Duxit
954 4220 1120 4260 ovans
1146 4205 1294 4260 laetas
1321 4206 1492 4260 victos
1519 4204 1798 4260 Pharaone
1826 4206 2069 4263 choreas.
3691 4194 3836 4268 [randi

663 4295 735 4348 45
913 4295 1038 4350 lnde
1067 4296 1202 4363 fugae
1231 4310 1497 4350 memores
1525 4296 1686 4350 etiam
1720 4312 1861 4351 nunc
1897 4311 2080 4367 azyma
2110 4312 2200 4351 su-
2446 4304 2732 4358 Coelestem
2761 4300 3065 4361 Dominum,
3093 4312 3122 4349 a
3151 4311 3258 4364 quo
3284 4301 3473 4348 moesta
3503 4301 3591 4345 aut
3629 4289 3736 4342 laeta
3760 4300 3837 4353 pa-

2030 4388 2202 4457 [munt
2289 4451 2292 4454 ,
2585 4436 2587 4438 .
3212 4395 3214 4397 '
3574 4381 3780 4453 |r'antur,

767 4477 956 4545 Judaei,
982 4479 1098 4534 solo
1122 4480 1417 4533 retinentes
1444 4479 1658 4532 nomine
1685 4487 1917 4546 gentem,
2233 4463 2278 4519 ί)
2444 4486 2543 4551 Qui
2582 4485 2728 4540 solus
2763 4491 3015 4552 praestare
3042 4488 3219 4550 potest
3242 4479 3443 4532 ditione
3472 4489 3722 4544 superna;

769 4567 1156 4624 lnfermeutatis
1185 4569 1322 4638 pulsi
1343 4571 1467 4637 quia
1490 4568 1718 4638 panibus
1745 4567 1873 4622 olim
2449 4577 2650 4629 ltursns
2678 4584 2736 4628 ut
2757 4575 2958 4628 exactis
2977 4579 3303 4626 renoventur
3321 4569 3512 4637 gaudia
3534 4567 3690 4621 curis.

773 4657 1024 4728 ngypto,
1047 4657 1220 4714 fecere
1246 4657 1421 4725 fugam
1452 4675 1464 4708 :
1493 4657 1707 4726 paribus
1731 4656 1891 4709 modo
1930 4656 2093 4722 signis

2447 4667 2561 4720 lloc
2590 4667 2787 4720 etenim
2808 4665 2947 4732 regit
2965 4672 3020 4717 et
3044 4663 3219 4716 variat
3245 4661 3382 4715 Deus
3414 4659 3615 4712 arbiter
3633 4671 3723 4710 usu

772 4746 875 4801 Per
901 4741 1120 4816 patrios,
1152 4747 1248 4801 sed
1263 4747 1374 4816 jam
1405 4761 1500 4816 per
1529 4745 1706 4799 inania
1735 4744 1976 4810 sabbata,
2000 4747 2132 4798 ritus
2341 4757 2350 4804 ε

2341 4756 2408 4809 90
2447 4756 2550 4811 lies
2582 4755 2884 4818 hominum,
2918 4761 2975 4806 ut
3013 4767 3224 4821 semper
3258 4749 3547 4804 succedant
3572 4746 3738 4801 nubila
3769 4756 3835 4794 δυ-

666 4835 731 4889 50
769 4837 985 4904 Antiqui
1008 4837 1252 4890 recolunt
1278 4837 1500 4902 vestigia
1523 4843 1673 4905 grata
1705 4835 1926 4888 timoris.
2413 4875 2430 4892 .
3640 4836 3752 4906 [dis,

769 4928 901 4982 Nam
929 4928 1122 4982 fWSll‘a
1150 4937 1386 4983 veterem
1416 4943 1583 4982 Vacua
1603 4927 1701 4981 θυι)
1725 4927 1951 4993 ίηιειείηο
1981 4928 2148 4994 1030'"
2448 4940 2620 5007 Atque
2663 4939 2854 4991 iterum
2887 4935 3088 5003 fugiant
3117 4933 3312 4987 imbres
3340 4930 3598 4985 redeunte
3625 4939 3808 4983 sereno.

770 5017 1057 5081 Exercent.
1089 5032 1271 5072 νει·υηὶ
1299 5017 1452 5072 Ποδίε
1478 5017 1605 5096 quia
1631 5015 1833 5070 Pascha
1867 5015 2091 5084 τεριενίι
2583 5029 2791 5095 Quanta
2823 5041 3037 5097 precum
3080 5026 3276 5087 virtus,
3319 5037 3436 5091 qua:
3486 5022 3557 5075 sit
3581 5017 3838 5097 medicina.

771 5108 918 5163 Unus
943 5124 1044 5178 pro
1071 5108 1276 5162 cunctis
1302 5107 1446 5160 Patri
1475 5094 1629 5161 datus
1649 5105 1823 5159 hostia
1853 5105 2090 5174 Christus
2121 5122 2132 5154 :
2606 5091 2625 5095 ⁷
2755 5131 2760 5136 -
2824 5091 2839 5097 ’
3580 5091 3783 5162 [parenti

771 5197 838 5252 Et
864 5199 989 5267 quia
1016 5213 1210 5267 corpus
1231 5198 1382 5252 adest
1401 5198 1547 5262 ‘vitce,
1581 5197 1719 5267 perit
1741 5195 1926 5250 umbra
1961 5195 2158 5262 figurae.
2447 5189 2600 5241 Flere
2622 5188 2750 5251 Deo,
2783 5186 2975 5239 doceat
2995 5185 3137 5238 luctu
3167 5191 3377 5236 servata
3407 5180 3593 5234 Ninive
3619 5178 3659 5243 ί,

700 5345 724 5369 ³·
756 5331 886 5386 Vide
915 5343 1028 5386 not.
1059 5333 1156 5385 551
1191 5340 1245 5387 et
1269 5331 1390 5385 552.

2378 5324 2452 5389 (a)
2484 5320 2579 5374 Ms.
2605 5316 3003 5389 etitleererm,
3037 5318 3219 5385 ﬁgant,
3268 5315 3386 5382 lege
3435 5313 3657 5382 fugiant,
3702 5303 3837 5357 dca’l.

699 5402 726 5439 l'
753 5402 985 5456 Subaudi
1008 5405 1159 5457 diem.
2305 5387 2474 5446 omnia
2506 5399 2737 5442 sanctum
2765 5388 2946 5439 Mwsm
2971 5387 3124 5438 (liena.

702 5483 724 5511 ε
755 5470 924 5526 Exod.
959 5490 1048 5526 xu.

2378 5462 2451 5530 (ὑ)
2584 5457 2786 5521 Germ,
2813 5460 2994 5530 vinclo.

699 5541 724 5578 ά
1135 5546 1194 5597 is.
1220 5542 1353 5596 Vitlc
1383 5556 1518 5612 vers.
1551 5537 1618 5590 59
2483 5529 2626 5612 idem
2658 5545 2757 5612 ms:
2789 5527 2958 5612 eodem.
2987 5521 3447 5612 Germlﬂfosesl
3473 5589 3505 5612 ῃ

704 5621 726 5648 ο
1375 5587 1702 5663 ,ᾖδῖυᾶτξπαθ
2379 5587 2456 5678 (αξ)
2481 5601 2677 5678 Xersus
2709 5598 2794 5678 ille
2821 5595 3028 5649 additus
3055 5603 3136 5678 est
3163 5608 3232 5678 ett
3259 5609 3356 5644 ms.
3388 5589 3570 5678 codice
3592 5587 3750 5641 Germ.

709 5689 722 5718 ι
757 5661 1226 5736 ξιξιιῖῘ-ιίιξἫῚ-ΜἾ
1251 5661 1341 5667 ΠΗ
2479 5669 2572 5722 Ms.
2602 5669 2737 5722 idem
2758 5666 2958 5731 Germ,
2988 5662 3253 5734 putabant,
3289 5676 3395 5715 non
3427 5661 3580 5714 male.
