3996 6356
135 374 223 427 bii

1519 367 1580 421 Ρ.
1603 369 1751 422 ΕΜΔ
1791 364 1970 423 XXVI.

3256 371 3358 426 642

260 479 320 533 Et
339 477 483 533 senis
511 479 750 548 impensa
780 477 948 549 Moysi
974 492 1134 548 prece
1163 480 1334 533 victus
1361 478 1578 533 Amalec
1599 490 1645 540 ⁸,
1716 491 1758 542 Α
1793 479 1892 532 135
1929 479 2042 544 Qua
2071 477 2282 534 famulis
2304 479 2512 535 Domini
2543 488 2658 537 tuto
2689 482 2785 536 fuit
2813 482 3022 552 hospita
3055 492 3213 546 tecto,

165 571 230 624 95
263 568 323 622 Et
345 568 660 622 maledictns
688 567 853 621 Aman
891 575 1089 623 sanctxe
1127 584 1284 639 prece
1313 569 1552 638 perditus
1589 568 1690 621 Es-

1407 658 1552 728 |ther
1571 658 1617 721 ι’,

258 747 351 814 Qui
389 747 528 802 bene
569 763 845 817 penarqu
881 762 1033 802 versa
1077 748 1212 813 vice,
1243 762 1360 816 qua:
1397 748 1539 801 male
1564 763 1692 802 san-

1464 837 1587 910 [ctis

267 928 568 996 Miscuerat,
591 931 736 985 solus
757 931 889 985 bibit
909 931 1117 1000 impius,
1149 938 1202 985 et
1224 945 1381 986 cruce
1404 930 1544 998 justa
1565 971 1579 993 ,

262 1021 430 1086 Quam
469 1022 546 1092 (η)
588 1021 784 1076 famulo
823 1023 1030 1077 Domini
1072 1023 1389 1091 pnelixerat,
1441 1023 1554 1090 ipse
1595 1035 1690 1090 pe-

1466 1110 1689 1182 |pendit.

399 1203 541 1270 Ergo
573 1203 703 1257 fides
730 1205 908 1257 innixa
940 1203 1050 1258 Deo
1073 1202 1391 1271 trepidantia
1414 1202 1588 1255 ﬁrmet

134 1294 226 1346 100
263 1290 488 1346 Pectora
506 1333 521 1356 ,
557 1301 612 1346 et
639 1293 691 1346 in
722 1303 914 1348 mmsto
937 1309 1184 1347 securum
1213 1302 1456 1362 tempore
1485 1300 1692 1362 tempus

259 1381 553 1436 Przesumat
571 1380 774 1436 conﬁsa
804 1382 936 1449 Deo,
966 1382 1091 1450 quia
1121 1398 1228 1436 non
1259 1381 1530 1435 metuendi

261 1473 451 1538 Causa,
484 1473 674 1528 timere
700 1473 885 1537 Deum,
913 1489 1074 1543 quem
1102 1473 1344 1543 quisquis
1384 1489 1490 1528 non
1539 1473 1692 1528 timet

1480 1567 1688 1639 [unum,

257 1654 446 1708 Omnia
463 1652 585 1721 jure
607 1654 777 1708 timet.
810 1653 999 1708 Fidant
1025 1655 1322 1724 legionibus
1343 1656 1449 1724 illi,

257 1740 614 1810 Perfugioque
643 1753 833 1813 parent
861 1745 1120 1814 reparatis
1148 1745 1343 1800 mmnia
1370 1746 1555 1810 muris,

138 1832 224 1886 105
257 1831 410 1886 Nulla
441 1831 701 1888 salutiferi
721 1834 913 1902 quibus
940 1842 1023 1888 est
1051 1833 1240 1890 ﬁducia
1270 1833 1467 1890 Christi
1493 1853 1506 1887 :

257 1922 364 1978 Nos
384 1925 561 1978 crucis
579 1925 787 1978 invicta:
807 1925 1034 1992 signum,
1065 1935 1119 1979 et
1133 1925 1400 1980 confessio
1425 1927 1614 1991 munit,

259 2016 571 2083 Armatique
600 2015 710 2069 Deo
738 2023 992 2078 mentem,
1015 2031 1123 2070 non
1145 2016 1430 2084 quarrimus
1453 2031 1599 2070 arma

257 2107 548 2176 Corporis;
580 2114 636 2161 et
663 2120 982 2176 quamquam
1011 2107 1264 2161 membris
1293 2105 1568 2162 videamur
1606 2109 1686 2162 in-

1472 2198 1688 2271 [ennes,

255 2289 418 2342 Arma
459 2298 641 2343 tamen
687 2288 946 2358 gerimus,
981 2288 1173 2358 quibus
1210 2300 1266 2343 et
1308 2289 1407 2344 sub
1451 2306 1584 2361 pace
1606 2306 1693 2345 se-

1539 2380 1690 2452 [rena

137 2468 220 2522 uo
253 2467 454 2524 Contra
483 2470 834 2539 incorporeas
861 2469 1053 2524 animis
1074 2468 1410 2524 decernimus
1435 2469 1633 2524 hostes.

259 2558 411 2612 Nunc
435 2573 572 2627 opus
600 2557 844 2626 adjutore
873 2558 1004 2624 Deo,
1029 2559 1281 2628 solusque
1310 2558 1594 2623 timendus,

257 2649 375 2715 Quo
404 2650 522 2704 sine
543 2657 598 2704 et
621 2665 769 2703 arma
792 2648 1010 2716 cadunt,
1035 2664 1132 2720 per
1158 2665 1318 2719 quem
1348 2651 1626 2705 firmantur
1639 2658 1693 2704 ct

339 2761 342 2763 λ
1486 2740 1656 2813 [arma
1673 2758 1691 2806 ς

255 2829 374 2897 ipse
397 2829 537 2883 intra
568 2845 749 2884 muros
779 2831 937 2884 turris
963 2830 1079 2896 tibi,
1102 2831 1193 2900 qui
1221 2831 1338 2885 sine
1359 2831 1524 2886 muris

259 2919 442 2975 Murus
469 2922 592 2974 erit.
623 2919 942 2976 Recolamns
969 2923 1161 2976 abhinc
1189 2923 1394 2992 signata
1417 2923 1640 2976 sacratis

143 3009 226 3065 115
260 3010 422 3066 Gesta
447 3021 658 3080 patrum
685 3012 849 3077 libris,
882 3020 936 3066 et
958 3013 1201 3082 perspice
1228 3013 1319 3080 qui
1342 3013 1553 3081 potiore

259 3102 518 3158 Prazsidio
539 3101 754 3165 fuerint,
784 3117 920 3171 quos
941 3102 1068 3156 urbs
1087 3101 1414 3156 circumdata
1436 3102 1640 3168 magnis

1792 2022 1895 2076 150

1936 567 2239 637 Celatisque
2263 569 2348 636 pie
2369 569 2512 624 cives
2537 570 2700 625 illusit
2727 571 2965 640 iniquos,

1935 657 2141 711 Fraude
2169 659 2310 712 bona
2333 657 2511 724 fallax,
2543 661 2722 715 animo
2749 663 2969 715 mentita
3001 661 3160 717 fideli.

1932 747 2240 817 Hospitibus
2267 750 2391 819 quia
2423 750 2525 803 ﬁda
2548 751 2668 820 piis,
2693 752 2852 806 inﬁda
2876 754 3114 823 profanis

1935 837 2152 894 Civibus
2172 840 2470 907 exstiterat,
2496 842 2678 910 vitam,
2719 845 3051 913 patriamque
3069 885 3084 910 ,
3111 847 3356 903 domum-

3234 939 3358 1010 [σιιιο

1795 1020 1896 1073 HO
1934 1019 2157 1076 Pratlato
2177 1033 2482 1094 contempta
2512 1025 2624 1080 Deo
2672 1043 2797 1082 mox
2825 1037 3016 1083 cuncta
3037 1031 3268 1098 benigno

1933 1111 2189 1181 Repperit
2216 1113 2269 1167 in
2299 1113 2558 1180 Domino;
2582 1130 2731 1184 qum,
2759 1119 2802 1170 si
2824 1119 3086 1188 posuisset
3111 1120 3164 1172 in
3195 1119 3325 1176 urbe

1934 1200 2262 1268 Praesidium,
2293 1206 2479 1273 patriis
2505 1207 2784 1262 cecidisset
2803 1210 2967 1262 mixta
2996 1210 3180 1273 ruinis,

1927 1293 2205 1350 lndefensa
2232 1295 2344 1352 Deo
2376 1315 2388 1349 :
2419 1301 2676 1353 meretrix
2715 1300 2808 1354 sed
2845 1303 3066 1372 mystica
3094 1303 3358 1358 Christum

1936 1384 2160 1441 Provida
2189 1387 2391 1457 polluta
2421 1399 2686 1444 emturum
2714 1393 2970 1459 sanguine
2999 1402 3186 1460 gentes

1795 1476 1896 1528 Hii
1934 1477 2172 1531 Puniceo
2201 1481 2474 1549 proprium
2497 1482 2723 1551 signavit
2749 1483 2948 1539 vellere
2977 1493 3172 1540 tectum
3190 1527 3206 1551 ,

1931 1564 2260 1637 Exc'epitque
2287 1585 2437 1624 suam
2465 1572 2637 1639 patria
2666 1584 2922 1642 pereunte
2958 1576 3218 1642 salutem;

1935 1655 2253 1723 Signiﬁcans
2279 1659 2400 1715 illos
2423 1662 2622 1716 mundo
2650 1663 2863 1718 labente
2891 1666 3166 1732 tegendos,

1932 1745 2079 1812 Quos
2122 1750 2296 1805 crucis
2336 1751 2548 1806 invicta:
2593 1755 2769 1821 signat
2822 1771 3001 1810 cruor.
3051 1757 3187 1813 Hine
3229 1775 3363 1830 capo

3083 1847 3362 1918 [quantum

1931 1935 2046 2006 lpse
2074 1950 2234 1990 cruor
2263 1935 2458 2001 valeat,
2482 1936 2634 2004 cujus
2654 1936 2893 1991 salvabat
2921 1938 3116 2006 imago.

2072 2025 2298 2095 Semper
2342 2026 2397 2079 in
2435 2041 2596 2081 omne
2631 2026 2831 2082 bonum
2875 2028 3044 2083 valuit
3088 2030 3361 2086 conﬁdere

3095 2122 3332 2196 [Christo
3347 2145 3360 2179 :

1919 2197 2163 2264 Credere
2189 2219 2381 2266 cuncta
2409 2210 2522 2266 Deo
2542 2211 2834 2277 virtutum;
2865 2229 3065 2283 ponere
3087 2216 3259 2271 solum

1929 2299 2118 2354 Omnia
2147 2317 2353 2356 summa
2375 2301 2544 2356 Deum
2568 2320 2583 2367 ;
2609 2303 2731 2358 talis
2757 2319 2919 2374 super
2949 2307 3128 2360 omnia
3150 2313 3364 2377 Semper

1933 2393 2093 2446 Arma
2123 2391 2253 2446 fides
2277 2392 2474 2457 valuit;
2507 2394 2602 2447 tali
2629 2409 2764 2463 puer
2780 2393 2868 2448 ille
2896 2396 3119 2464 pusillus

1934 2483 2146 2538 Robore
2174 2484 2390 2550 grandis
2418 2493 2554 2549 erat,
2581 2486 2671 2554 qui
2699 2486 2891 2554 spretis
2919 2485 3108 2540 fortior
3135 2488 3299 2542 armis

1795 2573 1898 2625 155
1935 2572 2170 2630 Perculit
2197 2585 2458 2629 armatum
2488 2572 2652 2631 s'ilicis
2670 2577 2867 2630 virtute
2887 2577 3151 2645 gigantem
3178 2587 3224 2630 ο.

2073 2666 2234 2718 Arma
2277 2665 2379 2719 fide
2417 2681 2648 2735 semper,
2694 2681 2982 2734 numquam
3021 2669 3368 2734 cognovimus

3188 2757 3370 2829 [armis

1930 2845 2223 2914 lndiguisse
2247 2846 2425 2900 ﬁdem.
2460 2846 2624 2916 Rupit
2646 2863 2792 2901 mare
2818 2848 2961 2916 virga
2987 2846 3154 2902 ﬁdelis
3176 2886 3192 2911 ,

1936 2934 2088 3001 Quod
2118 2952 2283 2992 vacua
2313 2951 2461 2991 arma
2489 2935 2592 2991 ﬁde
2620 2951 2741 2992 cum
2771 2938 3010 3006 principe
3038 2938 3224 2992 mersit
3263 2938 3367 2992 ini-

3227 3044 3296 3085 uo
3325 3029 3366 3083 τ.

3165 3029 3266 3100 [qui

2077 3118 2356 3173 Femineas
2381 3135 2594 3189 quoque
2620 3136 2878 3190 personas
2908 3121 3106 3175 virtute
3126 3122 3266 3174 virili

257 3196 474 3264 Absque
495 3193 607 3250 Deo
632 3194 816 3258 muris,
847 3209 914 3247 an
935 3208 1071 3261 quos
1091 3195 1207 3248 sine
1232 3193 1493 3248 mmnibus
1514 3192 1661 3247 urbis

1810 3206 1902 3261 l60
1938 3207 2115 3262 Induit
2141 3209 2280 3262 alma
2312 3208 2442 3264 fides
2471 3229 2483 3262 :
2516 3211 2706 3264 mulier
2733 3226 2836 3280 qua
2866 3218 3050 3265 sancta
3077 3211 3307 3280 peremit

259 3287 510 3341 Vallabat
527 3286 677 3340 socio
698 3285 868 3338 virtus
894 3284 1072 3338 divina
1102 3282 1303 3338 favore.

405 3376 556 3430 illam
595 3374 718 3429 dico
747 3374 932 3429 urbem
974 3389 1133 3442 quam
1160 3374 1392 3443 perdidit
1443 3388 1568 3429 acer
1614 3374 1697 3429 le-

778 3473 782 3476 ·
1521 3463 1632 3534 [sus
1650 3474 1694 3529 ε,

144 3555 225 3610 ιω
260 3556 499 3611 Mutatus
518 3554 792 3625 proprium
815 3553 1028 3607 virtutis
1055 3553 1273 3608 nomine
1303 3568 1518 3617 nomen,

259 3645 433 3712 Quam
456 3661 567 3699 non
588 3643 790 3699 militim
813 3643 970 3696 solito
999 3643 1064 3697 de
1091 3658 1242 3698 more
1269 3643 1500 3712 subegit,

266 3737 333 3793 Ut
368 3737 591 3791 solitum
622 3742 724 3800 est,
749 3734 905 3802 longa
927 3733 1036 3788 dux
1061 3734 1338 3788 obsidione
1363 3735 1641 3796 laborans;

262 3828 459 3882 Venim
489 3841 594 3896 ope
617 3825 814 3887 divina,
845 3839 996 3878 sacra
1021 3839 1118 3894 per
1140 3825 1393 3895 mysteria
1417 3825 1632 3879 vibrans
1695 3821 1710 3832 ⁵

266 3921 414 3984 Tela,
440 3935 543 3974 nec
567 3932 845 3983 exercens,
877 3917 1052 3971 tacitis
1080 3917 1346 3971 exercitus
1365 3917 1528 3970 armis

147 4015 228 4070 [‘25
265 4015 540 4072 Lustravit
558 4021 803 4067 cessante
830 4026 1012 4078 manu,
1033 4019 1347 4079 septemque
1375 4010 1564 4064 diebus

265 4107 533 4177 Septenos
562 4105 760 4159 iterans
788 4103 887 4157 sibi
915 4103 1115 4156 circum
1158 4102 1354 4156 mmnia
1381 4114 1558 4170 gyros.

262 4198 509 4253 Obtinuit
536 4202 724 4264 captos
751 4195 960 4249 numeri
981 4192 1006 4231 ἀ
1035 4194 1231 4248 virtute
1255 4193 1490 4262 potentis
1510 4231 1525 4255 ,

267 4290 443 4360 Atque
467 4286 804 4343 sacerdotum
827 4285 969 4341 lituis
987 4285 1238 4353 clangore
1267 4284 1562 4350 tremendo,

267 4384 580 4440 Fulmineos
606 4395 812 4450 supera:
841 4381 1070 4435 tonitrus
1103 4379 1432 4433 imitantibus
1452 4379 1561 4432 irae.

150 4473 232 4530 l50
267 4475 419 4530 Tunc
441 4475 534 4543 qui
562 4472 762 4526 divitiis
782 4470 1012 4540 populus
1041 4468 1255 4533 ﬁdebat,
1286 4476 1342 4522 et
1367 4467 1528 4531 urbe,

269 4568 483 4624 lnteriit
502 4565 684 4620 mixtis
715 4566 854 4618 inter
873 4578 967 4617 sua
996 4569 1137 4616 tecta
1164 4561 1440 4629 sepulcris.

415 4649 751 4714 Sola'Rahab
776 4655 1027 4711 meretrix
1049 4662 1251 4708 castam
1275 4669 1392 4722 qua:
1414 4653 1577 4720 gessit
1604 4652 1706 4705 ini-

733 4740 742 4748 ’
1583 4744 1708 4816 [qua

270 4844 450 4899 Gente
473 4841 650 4905 ﬁdem,
676 4857 780 4894 non
804 4839 938 4894 freta
968 4840 1078 4893 suis
1105 4840 1332 4894 evadere
1361 4839 1542 4901 muris,

271 4931 624 5006 613-615
659 4930 765 4986 Sed
806 4932 1006 5000 pietate
1051 4928 1162 4989 Dei.
1204 4930 1452 4984 meritum
1499 4927 1712 4997 pietatis

1356 5020 1568 5092 [adepta
1589 5027 1670 5074 est
1695 5035 1707 5069 :

209 5190 233 5216 ³
265 5178 440 5233 Exod.
469 5195 596 5240 xvu,
636 5176 720 5230 11.

211 5248 235 5286 ι’
265 5249 466 5302 Esther
495 5265 584 5302 vn.

213 5329 234 5356 ε
265 5318 432 5372 Iosue
464 5334 530 5370 vl.

210 5390 234 5424 α
268 5388 322 5441 Id
347 5395 433 5441 est
460 5389 653 5455 popu’i.
691 5385 823 5440 Vide
851 5400 1014 5439 carm.
1040 5385 1126 5452 f6,
1148 5402 1199 5438 ν.
1223 5384 1348 5440 250.

218 5469 239 5495 ⁸
270 5457 288 5510 l
323 5457 461 5524 Reg.
489 5473 612 5521 xvn,
645 5456 732 5510 49.

227 5549 240 5585 ι
276 5527 448 5580 Exod.
474 5543 578 5579 xw.

217 5608 241 5642 κ
268 5595 457 5649 Judith
487 5613 596 5650 xm.

222 5666 244 5703 ¹ι
275 5667 409 5718 Vide
440 5676 551 5719 not.
577 5668 644 5720 55
659 5666 696 5718 ι.

227 5749 237 5773 ι
271 5735 333 5788 ιν
370 5736 499 5802 Reg.
532 5752 640 5790 xix.

222 5810 297 5876 (a)
330 5799 473 5860 Editi
501 5807 736 5871 codices,
776 5806 978 5875 populo.
1021 5804 1086 5855 At
1123 5819 1188 5856 cx
1221 5819 1316 5856 lllS.
1364 5801 1545 5854 codice
1585 5799 1719 5854 Ger-

1939 3296 2254 3354 Terribilem
2283 3300 2516 3354 Sisaram
2547 3300 2858 3355 transfixum
2889 3310 3130 3370 tempora
3159 3301 3300 3370 palo,

1937 3388 2357 3459 Terrentemque
2385 3406 2544 3445 manu
2590 3392 2696 3446 late
2725 3391 2952 3462 populos
2977 3391 3318 3446 Holofernem
3348 3401 3372 3438 ι

1942 3480 2074 3535 Arte
2102 3481 2368 3550 pudicitia:
2391 3482 2673 3551 deceptum
2703 3481 2892 3536 callida
2919 3480 3103 3536 Judith

1946 3571 2103 3637 Risit,
2135 3573 2187 3624 in
2215 3571 2426 3640 impuro
2455 3587 2573 3639 quae
2599 3587 2707 3626 non
2735 3572 2935 3641 polluta
2960 3571 3142 3637 cubili,

1804 3664 1905 3711 too
1944 3659 2196 3724 Barbara,
2231 3668 2474 3716 truncato
2499 3661 2693 3716 victrix
2719 3662 2871 3724 duce,
2895 3668 3073 3716 castra
3100 3660 3321 3728 fugavit.

2081 3748 2230 3804 Nuda
2262 3750 2390 3805 fides
2412 3759 2616 3805 armata
2643 3751 2754 3807 Deo
2779 3759 2892 3816 est;
2917 3751 3114 3806 virtute
3143 3750 3265 3805 ﬁdei
3288 3749 3318 3789 ι

1943 3838 2157 3898 Fortior
2184 3840 2442 3897 Ezechias
2470 3843 2675 3912 paucis,
2705 3858 2866 3912 quam
2895 3843 3128 3896 millibus
3156 3843 3246 3898 ille

1948 3931 2331 3998 Sennacherib,
2354 3933 2506 4002 cujus
2533 3932 2770 4003 Babylon
2799 3941 2854 3987 et
2881 3933 3058 4002 opima
3086 3932 3274 3986 Ninive

1948 4023 2190 4092 Regnum
2219 4034 2336 4078 erat
2363 4023 2404 4076 ί.
2436 4024 2682 4094 Assyrias
2718 4024 2853 4078 vires
2893 4033 2948 4077 et
2973 4023 3175 4078 Medica
3218 4031 3378 4090 regna

1807 4112 1908 4164 170
1947 4111 2202 4177 Moverat,
2235 4120 2290 4167 et
2318 4113 2522 4181 magnis
2549 4107 2855 4180 legionibus
2874 4113 3052 4166 omnia
3082 4111 3282 4166 circum
3304 4114 3325 4142 ¹

1949 4201 2128 4271 Regna
2145 4210 2343 4264 terens,
2360 4216 2565 4256 sacram
2589 4202 2794 4255 Domini
2814 4201 3063 4255 tendebat
3078 4199 3143 4253 ad
3171 4201 3377 4262 urbem,

1948 4294 2122 4362 Atque
2152 4307 2312 4346 unam
2342 4300 2452 4347 tota
2477 4291 2738 4346 bellorum
2762 4292 2902 4345 mole
2928 4291 3163 4360 petebat.

1953 4384 2088 4438 Dum
2109 4390 2265 4452 parat
2286 4382 2390 4437 hoc
2409 4381 2564 4436 bellis
2590 4380 2946 4435 retinentibus
2975 4379 3135 4448 impia
3162 4389 3287 4434 vota

1949 4473 2276 4544 lmpediente
2307 4473 2438 4536 Deo,
2459 4471 2716 4542 prmmisit
2737 4471 2935 4540 scripta
2963 4469 3206 4538 superbis

1739 4567 1785 4626 D
1816 4566 1916 4619 175
1957 4567 2094 4620 Dura
2117 4565 2296 4632 minis,
2327 4578 2445 4632 qua:
2470 4571 2644 4617 sumta
2673 4562 2861 4616 dolens
2880 4561 3067 4614 altaria
3095 4561 3239 4616 circa
3261 4561 3282 4591 ³

1950 4655 2131 4708 intulit
2158 4653 2416 4708 Ezechias
2445 4652 2693 4717 Domino,
2727 4651 3078 4721 lacrymisque
3101 4649 3333 4719 profusis

1957 4746 2090 4798 Dum
2118 4745 2311 4798 recitat
2339 4741 2450 4797 fera
2470 4743 2633 4796 verba
2664 4740 2738 4812 (ὁ)
2763 4741 2967 4809 lavans,
2989 4751 3308 4812 prostratus,
3333 4752 3385 4796 et

3204 4833 3387 4904 [orans

1956 4930 2142 4982 Atrata
2164 4942 2281 4982 cum
2311 4927 2488 4996 plebe,
2518 4924 2684 4980 Deum
2713 4925 3009 4993 permovit;
3041 4933 3094 4978 et
3123 4943 3226 4980 una

1964 5018 2094 5072 Tam
2133 5018 2310 5088 gravis
2336 5018 2512 5072 exitiis
2530 5017 2704 5072 victor
2728 5032 2889 5086 prece
2909 5019 3136 5087 perculit
3163 5019 3357 5072 absens

1819 5172 2061 5230 manensi
2089 5170 2489 5225 emendavimus
2543 5169 2734 5292 {pmqu
2753 5208 2768 5232 ,
2808 5169 3014 5224 scilicet
3039 5168 3390 5230 Mardochao,

1820 5246 1904 5292 cui
1932 5245 2107 5292 Aman
2130 5250 2411 5292 paraverat
2437 5239 2542 5292 nati
2585 5239 2752 5292 ulum.
2790 5239 2908 5292 vide
2932 5253 3048 5292 can.
3082 5253 3149 5291 vn
3180 5237 3390 5292 Esther.

1820 5246 1904 5299 cui
1931 5245 2107 5296 Aman
2130 5250 2411 5309 paraverat
2437 5237 2752 5309 patibulum,
2790 5239 2908 5292 vide
2932 5253 3048 5306 cap.
3082 5253 3149 5309 vn
3180 5237 3393 5300 Esther,

1820 5330 1870 5366 v.
1906 5314 2003 5375 10;
2037 5306 2144 5364 non
2169 5320 2346 5362 autem
2373 5306 2568 5379 populo
2588 5306 3067 5379 Judaeorum,qnos
3081 5308 3168 5360 die
3196 5317 3394 5379 statum

1821 5381 2045 5437 interﬁci
2074 5389 2128 5435 et
2164 5379 2339 5446 gladio
2375 5375 2555 5448 perire
2591 5377 2849 5432 edixerat.
2888 5377 3018 5430 Vide
3051 5391 3171 5445 cap.
3220 5392 3272 5430 ιιι
3301 5375 3395 5430 Er-

1818 5453 1966 5588 una?)
1998 5519 2158 5574 Forte
2195 5518 2474 5588 legendum
2495 5556 2510 5580 9
2553 5516 2746 5588 lenitus.
2779 5514 3110 5588 Silccmﬂus.‘
3144 5513 3396 5588 Nokdis-

1822 5583 1981 5660 plicet
2003 5590 2222 5660 intelligi
2252 5583 2434 5642 favisse
2458 5586 2699 5651 facrymis
2727 5586 2939 5660 scripta.
2970 5583 3076 5660 _S__ed
3123 5594 3176 5636 ct
3216 5584 3394 5660 liben-

1823 5654 1904 5715 ter
1934 5654 2392 5725 legerimflevans,
2426 5663 2729 5725 prostratus,
2764 5662 2821 5706 ut
2858 5654 3180 5725 intelligatur
3209 5655 3398 5705 levasse

1825 5732 1944 5782 dum
1972 5721 2051 5798 (ut
2083 5729 2242 5781 Isaias
2263 5728 2356 5794 ait)
2387 5721 2697 5793 rapandcret
2725 5740 2895 5776 coram
2930 5721 3174 5790 Domino,
3203 5733 3250 5776 et
3281 5741 3397 5793 pro-

1823 5809 2014 5852 stratus
2040 5801 2148 5866 ipse
2169 5807 2358 5851 oraret.
