3996 6356
566 345 666 397 M7
1506 339 1562 393 S.
1606 337 1877 394 PAULINI
1918 335 2166 392 ΝουΑΝι
2205 333 2510 390 EPISCOPI
2562 332 2898 387 POEMATA.
3715 332 3817 386 648

710 451 982 510 Ediderint
1007 450 1324 506 documenta
1347 448 1462 515 Dei,
1485 449 1601 502 sine
1621 462 1849 518 corpore
1869 448 2048 501 vivum
2171 454 2220 506 Α
2390 441 2653 508 Flamma,
2675 453 2730 497 et
2745 456 3029 497 consumto
3052 451 3354 498 moreretur
3377 442 3622 510 languida
3645 455 3816 512 pastu,

707 545 766 598 In
794 542 1004 596 Christo
1029 542 1262 596 Felicem
1287 553 1466 607 agere,
1498 539 1797 608 insignique
1825 545 2098 608 potentem
2391 532 2670 587 Consimili
2701 534 2859 588 modo
2887 549 2985 588 nos
3014 534 3161 587 Felix
3193 551 3295 604 ope
3324 536 3474 589 solve
3505 538 3754 605 periclis;

568 635 669 688 ’5ϋο
706 633 883 687 Mente
923 631 1186 695 animam,
1226 617 1387 697 positi
1417 628 1543 682 dum
1584 625 1827 696 corporis
1852 640 1976 680 ossa
1997 622 2148 692 quie-
2393 621 2502 676 Nec
2534 621 2783 676 domibus
2836 625 3034 678 nostris
3074 627 3323 694 propient
3359 627 3530 690 mala;
3573 629 3824 697 pulsaqne

1171 779 1176 786 7
1952 713 2145 786 [scunt,
3631 721 3640 791 ξ
3655 735 3750 789 per
3778 732 3824 776 te

710 811 849 865 Ante
870 808 1010 863 diem
1037 807 1238 862 reditus
1263 807 1420 863 claris
1444 805 1778 876 prmtcndere
1801 803 1986 870 signis,
2251 805 2356 859 410
2395 805 2624 862 Horrida
2647 809 2938 876 sanguineo
2968 810 3126 878 longe
3149 821 3305 865 sonet
3336 811 3411 864 ira
3440 810 3673 878 ﬂagello.

712 899 934 966 Qualem
957 913 1052 967 pro
1079 898 1281 952 meritis
1306 898 1374 952 sit
1401 905 1668 966 gestatura
1695 908 1972 956 coronam.
2471 900 2619 954 lllam
2644 903 2807 956 etiam
2838 902 3092 956 virtutem
3121 903 3366 956 arcendis
3393 904 3553 958 indue
3583 905 3758 970 bellis,

711 989 846 1043 Cum
868 988 1077 1042 steterit
1099 994 1241 1041 totus
1269 986 1510 1042 redivivo
1531 1001 1758 1055 corpore
1787 983 1954 1037 Felix-
2396 991 2512 1059 Qua
2542 995 2681 1048 male
2711 994 2980 1048 labentem
3007 995 3197 1049 vicinis
3222 996 3493 1050 montibus
3515 1011 3727 1050 amnem
3747 1037 3760 1054 .

851 1075 1068 1142 Omnes,
1099 1076 1323 1145 quisque
1351 1091 1468 1142 suo,
1500 1075 1780 1128 radiabunt
1806 1071 2002 1126 lumine
2023 1085 2093 1124 sai

2063 1085 2151 1123 λη·
2397 1085 2499 1152 Qui
2525 1087 2714 1142 subitis
2743 1095 2901 1142 aucto
2927 1088 3123 1156 pluviis
3153 1097 3391 1144 torrente
3417 1089 3747 1158 redundans,

2063 1159 2156 1232 [θίί
2398 1180 2490 1236 Sic
2513 1191 2603 1235 tua
2626 1181 2964 1250 praecipitans
2985 1183 3044 1235 in
3075 1182 3254 1236 limina
3277 1199 3418 1252 saepe
3438 1184 3652 1250 ruebat,

572 1256 682 1312 565
718 1257 982 1312 Dissimuli
1005 1255 1217 1325 fulgore.
1242 1271 1418 1326 pares,
1448 1269 1546 1309 nec
1561 1252 1738 1322 judice
1769 1249 1978 1306 Christo

2257 1271 2360 1328 415
2403 1271 2470 1325 Ut
2499 1273 2652 1326 tectis
2678 1249 2961 1339 conjuncta
2992 1273 3098 1324 tuis
3126 1249 3427 1326 habitacula
3453 1275 3622 1328 vastis

715 1349 865 1402 Alter
890 1348 942 1401 in
965 1347 1187 1401 alterius
1206 1347 1382 1400 meriti
1405 1342 1681 1414 dispendia
1712 1349 1955 1396 crescent
1979 1357 1992 1390 :
2398 1361 2688 1428 Quassarel
2708 1362 2976 1415 violentus
3005 1363 3176 1429 aquis,
3202 1362 3272 1415 ita
3296 1361 3513 1417 numine
3543 1378 3699 1416 verm

710 1438 954 1492 Christus
979 1437 1081 1490 erit
1102 1437 1307 1491 cunctis
1334 1449 1579 1504 regnum,
1613 1433 1721 1496 lux,
1748 1432 1878 1493 vita,
1903 1443 2124 1484 corona.
2399 1455 2592 1510 Fecisti
2612 1462 2824 1508 mutare
2852 1454 2985 1517 vias,
3009 1461 3068 1506 ut
3100 1469 3240 1508 nunc
3266 1470 3439 1508 novus
3468 1455 3617 1508 mum

855 1526 1070 1582 Cernite
1099 1527 1382 1582 distinctos
1421 1536 1592 1588 actus,
1629 1524 1722 1578 sed
1753 1539 1920 1577 onore
1943 1521 2159 1589 jugatos
2401 1543 2600 1597 Alveus
2624 1543 2838 1597 insolita
2861 1541 3021 1596 ducat
3049 1542 3270 1609 regione
3300 1543 3584 1611 mmmam

717 1615 1179 1671 Testamentorum
1211 1615 1521 1684 Veterisque
1543 1613 1782 1703 Novique
1811 1613 2114 1703 magistros,
2403 1635 2704 1703 Nostraque
2731 1633 3025 1701 longinquo
3048 1634 3308 1687 vitantem
3340 1643 3481 1689 tecm
3511 1644 3725 1699 meum:

577 1704 680 1758 570
716 1703 774 1758 ln
795 1705 987 1773 quibus
1013 1721 1118 1758 una
1141 1704 1288 1758 dedit
1308 1703 1547 1772 geminas
1567 1702 1842 1772 Sapientia
1865 1701 2031 1765 leges.

2261 1729 2365 1782 4Ξο
2402 1728 2494 1782 Sic
2521 1701 2684 1782 modo
2710 1727 2974 1782 bellisono
3001 1729 3279 1782 venientes
3305 1727 3524 1784 ﬂumine
3544 1743 3771 1801 pugnas,‘

719 1794 897 1894 ᾒίίῖυξ
921 1794 992 1894 i7”
1019 1795 1250 1894 Virtute?
1272 1795 1449 1893 “frias
1477 1808 1574 1862 Par
1601 1793 1769 1894 glor'f'
1799 1797 2037 1894 pensat;
2191 1815 2238 1873 B
2405 1822 2481 1876 De
2505 1821 2703 1875 nostris
2731 1830 2916 1876 averte
2947 1822 3096 1875 locis.
3124 1821 3311 1877 Manus
3339 1825 3500 1894 impia
3531 1828 3705 1880 sacris

719 1881 836 1981 N2"
858 1881 1047 1981 Par“?
1068 1881 1429 1981 ίττυώψφξ
1452 1896 1630 1951 mare;
1662 1881 1755 1934 Sed
1789 1896 1962 1949 neque
1987 1879 2164 1981 Moses
2403 1910 2620 1964 Finibus
2645 1910 2886 1975 absistat,
2908 1911 3102 1979 quibus
3127 1921 3209 1966 est
3239 1921 3326 1966 tua
3355 1879 3522 1980 gratia
3552 1879 3769 1970 vallum.

734 1973 996 2070 ξΕξίυοιξίε
1023 1974 1242 2028 incessu
1261 1972 1464 2042 "quid"
1479 1989 1508 2070 ξ,
1535 1980 1711 2070 “uile?
1738 1986 1873 2070 “"95
1901 1972 2158 2070 υίνίῗίῖυθ·
2406 2001 2582 2070 Atque
2602 2009 2747 2055 tuam
2766 1972 2992 2055 timeant
3002 2001 3186 2056 hostes
3197 1972 3634 2070 quasidaemones
3647 2007 3811 2059 aulam

721 2062 908 2164 5",]3?‘
931 2063 1124 2130 homst
1163 2079 1301 2164 “nous
1328 2061 1582 2164 quoniam
1605 2060 1905 2164 ΐυίιέυιθῗ,
1920 2060 2130 2140 utrique
2405 2060 2515 2149 Nec
2543 2109 2704 2149 cruor
2735 2094 2852 2149 hac
2878 2095 3062 2161 violet,
3087 2060 3449 2164 quae-ﬂamma
3473 2098 3557 2151 vel
3583 2099 3724 2152 unda
3753 2115 3805 2152 rc

581 2151 687 2206 575
721 2151 975 2208 Scindere
1003 2168 1170 2222 aquas
1197 2153 1364 2221 virga,
1397 2151 1620 2222 pedibus
1639 2152 1846 2206 calcare
1875 2149 2093 2211 ﬂuenta,

723 2191 975 2208 νωπυυιυ
1003 2191 1170 2222 "quas
1204 2191 1364 2250 ἔπεα,
1399 2191 1620 2222 pc...qu
1640 2191 2101 2248 e...c....,7....c..._,7
2423 2213 2433 2224 7
3229 2223 3233 2227 7
3675 2191 3814 2261 [fugit

723 2241 1078 2311 621-622
1118 2239 1219 2306 Qui
1261 2239 1399 2293 Deus
1437 2246 1521 2293 est
1554 2250 1797 2292 veterum
1845 2253 1896 2290 in
1935 2243 2161 2294 sanctis,
2791 2294 3004 2311 nam“
3058 2296 3244 2311 mm"
3275 2308 3285 2311 7

1263 2394 1276 2402 _,
1536 2326 1699 2400 [Deus
1728 2327 1842 2395 ipse
1871 2339 2162 2387 novorum;
2791 2294 3018 2350 ΡΟΕΜΑ
3058 2296 3245 2354 XXVII
3273 2308 3308 2354 '.

726 2421 844 2487 Quo
873 2421 997 2474 data
1024 2420 1110 2475 lex
1140 2420 1367 2474 Domino
1394 2428 1508 2485 est,
1539 2434 1608 2474 ex
1637 2419 1754 2488 ipso
1783 2418 1952 2484 gratia
1981 2417 2161 2470 venit;
2596 2429 2662 2466 ne
2691 2429 2735 2466 s.
2766 2429 2954 2468 rauce
2985 2432 3177 2469 NATAL.
3211 2433 3420 2471 cannas
3448 2434 3521 2472 Ix.

725 2511 820 2566 me
849 2511 992 2565 Deus
1022 2512 1276 2577 Daniensa
1300 2520 1354 2565 ει
1376 2511 1463 2565 me
1495 2512 1654 2564 "ium
1681 2525 1998 2580 Puerorum,
2269 2522 2664 2596 De7solcnnibus
2691 2523 3100 2596 Christianorum
3141 2529 3284 2596 festis
3323 2531 3453 2596 agit.
3491 2528 3554 2583 S.
3595 2527 3824 2582 Nicetam

725 2601 920 2656 Felicis
950 2602 1091 2655 Deus
1116 2601 1232 2671 ipse
1260 2601 1421 2666 Deus,
1453 2617 1553 2656 nec
1579 2616 1638 2654 se
1665 2601 1843 2654 minor
1873 2601 1987 2668 ipse
2017 2608 2098 2653 est
2341 2595 2600 2671 Dacorum
2631 2595 2924 2671 episcapum
2951 2595 3023 2647 ad
3047 2595 3231 2671 festum
3261 2595 3540 2671 S.__Felicis
3566 2600 3706 2652 diem
3729 2597 3829 2653 No-

586 2693 690 2748 530
727 2693 782 2747 In
808 2700 998 2748 sane“)
1023 2664 1201 2748 Felihe
1231 2693 1371 2748 Deus
1395 2664 1416 2744 τ’
1440 2708 1536 2762 per
1563 2707 1724 2761 quem
1753 2664 1906 2747 bona‘
1920 2691 2062 2745 dona
2339 2665 2442 2718 lam
2472 2664 2694 2717 secundo
2723 2665 3000 2716 venientem
3030 2664 3170 2718 miris
3197 2667 3435 2720 laudibus
3457 2671 3669 2738 excipit.

726 2784 794 2838 Et
821 2784 1054 2837 medicas
1084 2792 1301 2838 exercet
1325 2799 1455 2854 opes
1486 2792 1735 2852 terraque
1764 2783 2022 2852 marique.
2478 2776 2829 2848 633-6241.
2875 2777 3104 2833 Nascere
3133 2795 3250 2848 quae
3280 2781 3434 2835 tardo
3467 2798 3682 2852 semper
3718 2784 3830 2837 mihi

797 2871 954 2928 Omni
980 2888 1212 2943 namque
1240 2873 1325 2928 die
1355 2881 1519 2929 testes
1545 2889 1744 2940 sumus,
1776 2873 2010 2941 undique
2046 2887 2165 2927 cre-
3397 2870 3662 2941 [reddet-is
3690 2881 3827 2928 ortu.

2034 2964 2168 3036 [bris
2412 2959 2535 3014 Mox
2569 2967 2622 3015 et
2660 2960 2713 3014 in
2757 2974 3006 3014 occasum
3048 2975 3342 3030 properans
3387 2959 3552 3030 fugis;
3583 2978 3727 3031 mgra
3753 2975 3830 3016 re-

731 3055 972 3110 Cmtibus
992 3064 1084 3110 aut
1103 3071 1265 3111 sanos
1281 3057 1548 3125 gratantia
1577 3056 1804 3111 reddere
1833 3065 1956 3111 vota
1972 3096 1988 3120 ,
3681 3055 3828 3126 [ὧι-ε.

733 3148 840 3201 Aut
859 3163 1031 3216 tegros
1058 3148 1232 3202 varias
1260 3159 1444 3217 petere
1470 3163 1534 3202 ac
1561 3149 1636 3219 (a)
1667 3148 1871 3202 ambire
1905 3147 2160 3202 medelas.
2193 3180 2242 3242 Ο
2411 3145 2538 3200 Ales
2565 3145 2714 3199 abire
2741 3141 2874 3199 dies.
2910 3143 3041 3197 Nam
3072 3154 3124 3199 te
3153 3137 3432 3214 perlonga
3465 3155 3760 3200 morantem

593 3238 696 3291 585
732 3237 1015 3292 Cernimus
1044 3246 1099 3292 et
1126 3237 1325 3291 multos
1352 3237 1635 3307 peregrino
1664 3253 1694 3290 a
1716 3237 1898 3291 littore
1918 3245 2118 3299 vectos,
2201 3234 2238 3242 “
2344 3235 2378 3289 5
2413 3234 2706 3306 Tempora,
2729 3237 2854 3291 dum
2881 3236 3017 3290 tardi
3049 3239 3224 3291 nitens
3246 3247 3271 3274 ⁸
3303 3238 3420 3291 rota
3452 3239 3675 3292 vertitur
3697 3239 3830 3298 anni.

733 3329 873 3384 Ante
898 3344 1104 3382 sacram
1131 3329 1302 3383 sancti
1330 3337 1630 3398 prostratos
1654 3331 1903 3400 martyris
1931 3345 2080 3382 aram
2103 3331 2144 3396 ⁷,
2413 3328 2665 3383 Sustineo
2696 3329 2915 3382 intentis
2939 3326 3133 3383 affecto
3157 3338 3379 3398 pectore
3407 3331 3548 3384 votis
3573 3348 3585 3382 :

734 3422 866 3476 Dum
888 3419 1128 3476 referunt
1149 3428 1348 3490 grates,
1375 3420 1598 3475 tolerata
1629 3419 1832 3475 referre
1855 3421 2079 3490 pericla,
2415 3419 2582 3486 Quam
2605 3433 2854 3489 cuperem
2877 3418 3005 3474 totis
3034 3421 3163 3474 mihi
3194 3421 3485 3490 praelucei‘e
3509 3421 3706 3486 diebus,

734 3513 1034 3575 Testantes,
1057 3511 1248 3566 validis
1277 3512 1462 3566 collisa
1485 3525 1620 3564 nave
1640 3510 1914 3580 procellis,
2415 3509 2512 3564 Vel
2531 3508 2582 3563 'si
2611 3509 2827 3578 quando
2854 3511 3025 3573 venis,
3053 3511 3124 3563 ita
3154 3517 3508 3580 compensare
3537 3527 3725 3576 moras,
3751 3520 3803 3566 ut

735 3606 806 3660 Se
835 3613 1019 3674 raptos
1047 3605 1338 3659 miserante
1367 3605 1500 3671 Deo,
1531 3603 1722 3659 Felicis
1746 3612 1805 3658 ut
1827 3605 1940 3672 ipsa
2415 3600 2641 3655 Estivis
2666 3614 2852 3670 posses
2883 3600 2897 3630 ¹
2929 3601 3116 3668 spatiis
3147 3601 3442 3669 producere
3473 3601 3666 3662 lucem,

597 3695 700 3754 330
735 3695 1006 3750 Educente
1030 3711 1212 3756 manu,
1241 3695 1402 3748 maris
1430 3695 1718 3749 emersisse
1745 3693 2031 3763 profundo,
2313 3692 2381 3746 10
2420 3692 2526 3746 Aut
2555 3693 2704 3746 illum
2735 3709 2965 3762 pensare
2995 3696 3134 3750 diem
3153 3737 3168 3760 ,
3193 3697 3285 3765 qui
3311 3697 3502 3751 sistere
3525 3697 3681 3766 jussis

737 3785 802 3839 Et
825 3786 1160 3854 desperatam
1187 3784 1425 3854 placidos
1445 3785 1652 3853 cepisse
1681 3785 1904 3838 salutem
1925 3825 1939 3849 ,
2417 3785 2693 3839 Sideribus
2713 3785 2874 3852 longo
2897 3785 3116 3840 lassavit
3137 3786 3338 3840 lumine
3361 3787 3635 3849 mundum,

737 3875 929 3930 Felicis
959 3876 1164 3930 meritis
1186 3883 1240 3930 et
1267 3890 1435 3943 aquas
1463 3881 1518 3928 et
1539 3875 1733 3929 cedere
1760 3875 2022 3940 ﬂammas,
2421 3875 2695 3929 Hnmanos
2721 3875 3000 3945 duplic‘ans
3027 3876 3188 3929 dilata
3218 3884 3380 3932 no‘cte
3409 3877 3636 3933 labores.

805 3966 1082 4021 Prreterita
1129 3975 1188 4020 ut
1234 3975 1442 4021 taceam
1492 3967 1670 4022 meriti
1711 3967 2037 4024 documenta
2075 3985 2174 4038 po-
2496 3966 2648 4022 Nunc
2677 3977 2728 4020 te
2753 3983 2876 4022 cara
2901 3967 3018 4020 dies
3043 3963 3228 4036 r'apido
3257 3965 3416 4023 niniis
3443 3983 3569 4022 aere
3595 3969 3740 4023 nobis

1975 4062 1992 4133 [
2000 4063 2177 4127 tentis,
2343 4048 2346 4050 ⁷
2422 4057 2702 4126 Temporis
2727 4057 2934 4111 hiberni
2955 4056 3038 4110 lex
3061 4056 3355 4119 subtrahit,
3379 4067 3432 4112 et
3451 4049 3711 4113 breviatas

738 4149 995 4204 Novimus
1021 4149 1266 4219 experti:
1298 4164 1468 4220 pavor
1495 4164 1526 4205 e
1561 4159 1768 4206 terrore
1796 4153 2002 4206 recenti
2319 4148 2388 4201 15
2425 4147 2579 4218 Cogit
2601 4149 2772 4202 hiems
2800 4148 2960 4202 horas
2988 4150 3093 4203 cita
3125 4148 3343 4215 lumine,
3376 4151 3524 4219 pigra
3546 4152 3786 4206 tenebris.

601 4237 704 4292 $95
741 4238 929 4291 Vibrat
955 4237 1133 4292 adhuc
1157 4253 1424 4294 memores
1451 4239 1682 4306 animos,
1709 4241 2072 4297 recolentibus
2093 4241 2180 4296 illa
2423 4239 2528 4294 Sed
2557 4239 2693 4293 bene
2721 4238 2864 4308 quod
2892 4239 2983 4292 tibi
3012 4239 3115 4305 Sol,
3144 4238 3323 4304 Felix,
3347 4241 3433 4295 chi
3459 4243 3626 4308 gratia
3648 4257 3820 4312 perpes

737 4328 866 4394 Quae
896 4329 1116 4383 tulimus
1140 4345 1279 4398 pene
1306 4331 1567 4385 absumtis
1595 4331 1840 4385 incendia
1863 4332 2016 4386 testis
2041 4349 2052 4383 :
2422 4330 2724 4384 lllustrante
2749 4329 2912 4384 micat
2933 4327 3169 4394 Christo,
3199 4332 3583 4401 propriumque
3611 4341 3834 4390 coruscat

742 4419 1044 4484 Quamlibet
1071 4422 1347 4476 exstincta:
1374 4423 1614 4476 recalent
1635 4422 1858 4490 vestigia
1881 4421 2128 4486 ﬂammae,
2425 4423 2598 4477 Natali
2621 4422 2780 4491 jubar
2804 4424 2916 4492 ipse
2941 4407 3060 4485 suo,
3085 4437 3260 4490 neque
3283 4423 3530 4478 conditur
3557 4439 3788 4494 umquam

749 4510 1015 4566 Mentibus
1044 4522 1099 4566 et
1126 4514 1304 4580 magni
1332 4513 1606 4568 cumulant
1630 4513 1823 4567 Felicis
1851 4528 2126 4578 amorem;
2219 4541 2265 4598 ι)
2426 4514 2650 4569 Casibus
2679 4513 2936 4576 occiduis,
2957 4513 3144 4566 :eterni
3173 4513 3426 4583 splendor
3447 4515 3686 4570 honoris.

746 4603 916 4670 Quem
944 4622 1114 4676 prope
1139 4622 1404 4677 corporeo
1433 4616 1751 4676 pnesentem
1776 4607 2006 4661 vidimus
2035 4616 2157 4663 actu
2323 4605 2394 4660 ‘20
2428 4605 2449 4660 1
2475 4606 2692 4674 fugitiva
2714 4604 2848 4669 dies,
2873 4603 3108 4670 elabere,
3132 4620 3239 4659 non
3261 4605 3530 4660 revocabo
3555 4624 3569 4657 :

610 4696 707 4750 600
743 4695 1026 4765 Objectare
1052 4714 1240 4754 manus
1269 4699 1512 4763 ﬂammis,
1539 4708 1596 4753 et
1617 4707 1803 4753 nostra
1835 4700 1973 4753 tueri
2428 4698 2539 4753 Nec
2572 4707 2626 4751 te
2653 4695 2765 4765 jam
2796 4710 2995 4764 querar
3027 4710 3148 4751 esse
3183 4696 3436 4762 brevem;
3481 4698 3609 4766 quia
3649 4705 3702 4751 te
3739 4696 3834 4750 sine

746 4783 952 4840 Limina
977 4786 1161 4854 juncta
1186 4788 1320 4854 suis,
1350 4803 1470 4857 quae
1500 4799 1773 4859 tamquam
1797 4789 1983 4844 territa
2013 4790 2185 4845 sancti
3683 4786 3834 4858 [Felix

747 4872 1022 4931 Obstantis
1050 4876 1184 4931 facie
1213 4893 1382 4946 prope
1404 4887 1627 4946 tangens
1657 4877 1868 4932 ﬂamma
1896 4881 2146 4948 pavebat,
2429 4877 2657 4946 Semper
2685 4875 3006 4930 inexstincto
3029 4891 3268 4945 praesens
3287 4877 3420 4930 mihi
3448 4877 3647 4932 lumine
3674 4876 3833 4944 fulget.

755 4963 1022 5036 Pulsaque
1052 4965 1118 5020 de
1149 4969 1316 5022 nostri
1344 4969 1604 5037 rapiendo
1625 4970 1858 5025 culmine
1879 4973 2037 5036 tecti,
2432 4969 2489 5023 Si
2512 4968 2705 5021 natalis
2733 4967 2918 5034 abest,
2939 4968 3059 5037 plus
3080 4977 3161 5022 est
3180 4969 3322 5036 quod
3347 4965 3548 5036 jugiter
3575 4969 3686 5039 ipse

751 5060 1064 5116 Comminus
1092 5062 1145 5116 in
1174 5065 1348 5131 tuguri
1378 5064 1549 5118 vicina
1576 5072 1756 5133 strage
1779 5068 2028 5134 perarsit.
2435 5057 2552 5112 Lux
2581 5057 2736 5126 hujus
2764 5057 2957 5112 natalis
2986 5058 3156 5112 adest.
3183 5057 3292 5112 Nec
3319 5060 3463 5113 enim
3494 5060 3582 5115 ille
3611 5061 3693 5115 die
3721 5059 3770 5111 ﬁt

616 5151 716 5205 ωδ
811 5151 941 5206 Mira
963 5153 1170 5221 loquar,
1194 5154 1342 5207 stetit
1362 5154 1616 5208 immotus
1634 5156 1750 5208 sine
1764 5155 1976 5209 ﬂatibus
1995 5155 2181 5215 :ether,
2326 5151 2397 5207 25
2433 5150 2682 5218 Sanctus,
2707 5151 2860 5220 cujus
2889 5152 3063 5206 honor
3089 5153 3395 5208 celebrandi
3424 5169 3585 5208 causa
3609 5153 3707 5207 diei
3733 5158 3815 5205 est.

753 5240 862 5296 Nec
890 5257 1166 5296 nemorum
1197 5241 1338 5297 foliis
1363 5243 1529 5297 ullum
1552 5243 1700 5297 dedit
1721 5259 1848 5297 aura
1873 5255 2182 5310 tremorem,
2502 5241 2655 5308 Quod
2678 5243 2724 5295 si
2746 5240 2975 5294 natalem
3004 5241 3227 5310 reliquis
3255 5251 3510 5310 praestare
3536 5243 3716 5298 diebus

749 5335 825 5390 Ne
853 5345 1034 5406 posset
1062 5336 1280 5406 rapidus
1307 5335 1601 5406 procedere
1632 5337 1841 5404 longius
1871 5337 2027 5405 ignis,
2433 5333 2609 5387 Turba
2639 5333 2794 5395 facit,
2825 5335 2984 5389 solito
3008 5349 3127 5403 qua:
3155 5332 3372 5388 densius
3400 5334 3468 5388 ad
3492 5349 3642 5389 sacra
3662 5331 3804 5388 currit

751 5428 852 5484 Per
879 5437 1131 5484 contexta
1156 5428 1344 5483 volans
1367 5428 1634 5482 sociarum
1667 5429 1810 5494 tigna
1858 5427 2140 5482 domorum
2169 5447 2180 5482 :
2433 5427 2670 5491 Limina;
2703 5426 2942 5480 conferta
2972 5439 3139 5495 prope
3168 5441 3382 5495 semper
3405 5425 3562 5495 plebe
3589 5425 3806 5480 videmus

749 5520 854 5575 Sed
882 5523 1054 5578 ventis
1080 5522 1293 5578 deserta
1322 5518 1639 5575 cadentibus
1665 5519 1742 5579 ire
1771 5527 1993 5594 negaret
2430 5519 2670 5572 Natalem
2701 5518 2895 5574 Felicis
2920 5519 3024 5588 agi.
3058 5518 3186 5572 Nam
3217 5533 3356 5586 qum,
3380 5533 3531 5588 rogo,
3560 5519 3692 5573 votis

686 5703 709 5728 ι
740 5689 796 5762 ld
820 5699 901 5762 est
927 5691 1176 5745 obnitens.
1204 5761 1209 5762 7
1235 5761 1243 5762 7
1270 5761 1279 5762 7
1492 5761 1497 5762 7
2363 5691 2436 5762 (a)
2469 5691 2598 5745 Edil.
2631 5694 2790 5746 Grav.
2826 5705 2876 5746 ct
2905 5693 3087 5748 Schol.
3124 5694 3172 5746 in
3204 5705 3393 5758 marg.,
3427 5693 3637 5746 sentire.

688 5766 701 5780 ‘
732 5759 998 5826 Scriptum
1027 5776 1166 5814 anno
1190 5761 1311 5825 402,
1332 5762 1417 5818 die
1447 5761 1507 5814 14
1535 5762 1751 5817 .Ianuar.
