3996 6356
202 301 286 358 649
1583 287 1810 342 I’OEMA
1853 288 2063 345 XXVII.
3355 305 3457 355 050

227 419 284 470 30
315 415 471 471 Cassa
499 407 616 470 dies
643 415 834 482 oritur,
857 414 944 470 vel
965 413 1169 483 magnis
1198 427 1320 467 rara
1349 413 1614 467 catervis?

378 505 485 561 Sed
500 515 680 562 tamen
713 507 850 560 hanc
871 505 1105 575 speciale
1119 503 1285 559 decus
1300 503 1535 564 retinere
1547 501 1758 556 fatebor

312 597 434 653 Jure
459 597 632 662 diem,
657 597 876 667 expleto
903 595 1177 665 quondam
1205 609 1311 663 qua
1340 592 1568 660 contigit
1589 606 1707 646 aevo

313 687 516 742 Ponerc
541 696 568 725 ι
592 696 838 742 terrenos
867 687 1100 750 habitus,
1127 690 1183 740 et
1212 685 1264 738 in
1295 684 1403 738 alta
1426 684 1446 714 ¹
1477 681 1664 738 vocari

313 777 499 833 Sidera
521 777 756 833 Felicem
783 778 1121 832 retinendum
1143 777 1268 832 sede
1290 777 1470 831 beata.

221 867 282 924 35
379 867 586 922 Firmat
624 869 770 923 enim
804 869 943 923 ratio
982 869 1083 923 ista
1122 867 1312 932 fidem,
1349 882 1469 937 qum
1509 875 1755 937 tempora

1574 957 1761 1030 [certis

310 1049 598 1120 Distinguit
625 1049 814 1114 titulis,
837 1048 1132 1119 sacrosque
1156 1049 1175 1079 ³
1204 1063 1302 1118 per
1323 1063 1499 1102 annua
1525 1048 1704 1116 signat

298 1139 469 1202 Festa
494 1140 630 1207 dies,
654 1139 850 1209 quibus
871 1140 948 1211 (a)
980 1140 1047 1193 ad
1075 1138 1288 1195 Domini
1319 1139 1575 1193 miracula
1596 1153 1762 1207 quon-

1613 1227 1761 1300 [dam

308 1318 530 1388 Antiqui
560 1327 831 1373 tremuere
858 1326 1041 1387 patres
1065 1316 1116 1382 ιι,
1143 1317 1415 1373 horrenda
1437 1317 1689 1379 sinistris,

273 1446 278 1450 -
310 1408 377 1464 Et
403 1423 622 1480 semper
647 1407 970 1464 celebranda
1001 1409 1138 1478 piis;
1169 1409 1294 1478 quia
1323 1407 1605 1464 commoda
1635 1422 1760 1462 san-

1619 1495 1761 1570 [ctis,

223 1589 282 1644 40
314 1589 455 1645 Dura
486 1591 636 1648 fuere
659 1594 833 1648 malis.
860 1593 1036 1649 Testis
1067 1592 1413 1662 Memphitica
1441 1591 1621 1656 tellus,

314 1679 382 1735 Et
410 1698 564 1737 mare
585 1693 713 1739 tunc
733 1683 930 1740 factum
955 1686 1155 1740 sanctis
1183 1685 1376 1740 humus
1395 1727 1410 1753 ,
1443 1699 1628 1754 aequor
1658 1682 1760 1737 ini-

1583 1774 1724 1846 [_quis
1747 1789 1762 1839 ;
1805 1797 1848 1856 Β

315 1859 621 1930 Ceteraque
649 1863 733 1918 his
759 1864 911 1934 paria
941 1861 1180 1935 Egypto
1202 1864 1504 1934 multasque
1526 1879 1622 1934 per
1644 1878 1769 1918 oras

314 1951 481 2007 Gesta
504 1951 617 2008 Deo
646 1956 872 2009 memori
899 1956 1053 2010 nobis
1083 1956 1394 2009 recoluntur
1421 1971 1627 2009 amore.

390 2041 484 2098 Sic
511 2058 665 2112 atque
693 2043 874 2098 divina
893 2055 915 2083 ο
936 2043 1180 2098 feruntur
1207 2045 1280 2112 (ὁ)
1305 2059 1527 2098 munere
1549 2043 1766 2100 Christi.

225 2135 284 2189 45
319 2135 390 2191 Ut
417 2138 728 2192 veneranda
759 2138 873 2193 dies
893 2140 1120 2204 cunctis,
1149 2155 1255 2208 qua
1280 2139 1500 2208 Virgine
1524 2149 1700 2206 natus,

319 2226 427 2282 Pro
442 2229 654 2282 cunctis
669 2227 946 2284 hominem
960 2230 1152 2285 sumsit
1163 2231 1304 2286 Deus
1315 2228 1341 2267 ἀ
1363 2249 1376 2297 ;
1398 2241 1562 2301 utque
1581 2232 1775 2288 deinde

321 2317 441 2386 Qua
472 2335 700 2390 puerum
725 2321 883 2376 stella
908 2322 1044 2378 duce
1070 2325 1292 2395 mystica
1323 2324 1465 2380 dona
1494 2324 1731 2380 ferentes

320 2410 652 2481 Suppliciter
680 2413 862 2468 videre
891 2415 1030 2483 magi
1056 2424 1080 2452 ε
1106 2433 1120 2468 :
1145 2430 1241 2469 seu
1262 2430 1367 2484 qua
1397 2416 1566 2484 magis
1589 2416 1734 2470 illum

316 2499 570 2556 Iordanis
597 2504 872 2572 trepidans
892 2503 910 2534 ⁸
936 2504 1070 2558 lavit
1097 2504 1377 2574 tinguente
1405 2505 1675 2570 Johanne,

231 2589 291 2644 50
322 2591 649 2647 Sacrantem
678 2601 899 2648 cunctas
921 2594 1226 2649 recreandis
1249 2595 1497 2663 gentibus
1520 2595 1691 2649 undas
1713 2593 1730 2632 τ
1756 2611 1769 2646 :

323 2680 455 2736 Sive
479 2681 598 2737 dies
622 2681 819 2737 eadem
851 2686 1019 2752 magis
1050 2683 1140 2738 illo
1166 2685 1239 2738 sit
1264 2700 1417 2740 sacra
1447 2686 1626 2754 signo,

325 2770 449 2838 Quo
477 2772 709 2841 primum
739 2772 882 2828 Deus
907 2774 1015 2842 egit
1043 2789 1200 2843 opus,
1224 2790 1346 2829 cum
1376 2774 1596 2831 [lumine
1624 2790 1784 2831 verso

327 2863 529 2935 625-
544 2863 709 2935 626
770 2860 1101 2918 Pemiutavit
1151 2879 1318 2934 aquas
1375 2865 1446 2935 (ο)
1505 2865 1787 2935 pnedulcis

1308 2954 1328 3027 ί
1357 2962 1578 3010 nectare
1607 2956 1717 3010 vini
1736 2966 1784 3009 8.

405 3042 547 3111 Quid
567 3043 817 3114 paschale
838 3044 1090 3115 epulum?
1106 3043 1237 3099 Nam
1259 3053 1406 3100 certe
1428 3044 1628 3114 jugiter
1641 3046 1788 3101 omni

334 3132 547 3188 Pascha
572 3133 660 3188 die
687 3135 899 3189 cunctis
925 3133 1161 3190 Ecclesia
1194 3135 1450 3206 praedicat
1472 3136 1601 3201 oris,

243 3221 303 3277 55
336 3223 1131 3279 ContestansDominimortem
1146 3239 1324 3290 cruce,
1346 3225 1417 3280 de
1442 3239 1601 3281 cruce
1619 3227 1785 3282 vitam

338 3311 712 3369 Cunctorum:
735 3321 913 3368 tamen
935 3315 1038 3370 hoc
1061 3327 1268 3382 magnae
1288 3315 1506 3385 pietatis
1527 3317 1580 3370 in
1602 3332 1792 3373 omnes

339 3403 564 3461 Grande
598 3412 996 3460 sacramentum
1019 3403 1074 3472 δ,
1102 3407 1416 3478 praescripto
1438 3424 1624 3465 mense
1652 3425 1791 3480 quo-

1615 3505 1792 3560 tannis

339 3589 515 3646 Totus
541 3590 738 3660 ubique
765 3590 882 3660 pari
905 3589 1161 3647 famulatu
1182 3592 1413 3649 mundus
1441 3505 1661 3658 ador}:

341 3679 634 3734 Eternum
653 3679 934 3735 celebrans
951 3681 1194 3736 redivivo
1217 3697 1448 3753 corpore
1475 3697 1658 3752 regem
1687 3682 1728 3737 ί.

243 3767 307 3824 60
417 3767 536 3825 Hoc
573 3769 836 3826 sollemne
874 3771 991 3827 dies
1040 3773 1322 3843 sequitur:
1355 3782 1561 3845 septem
1608 3791 1792 3831 nume—

1615 3885 1726 3923 ram
1734 3886 1793 3925 IIS

347 3949 750 4020 Hebdomadas,
778 3960 836 4008 et
859 3955 946 4009 lux
979 3955 1193 4028 populis
1219 3955 1408 4012 festiva
1430 3870 1684 4026 recall-li:l

343 4039 464 4107 Qua
493 4049 713 4096 sanctus
741 4044 1010 4111 quondam
1036 4046 1176 4101 caelo
1196 4045 1461 4102 demissus
1482 4048 1548 4103 ab
1577 4049 1687 4103 alto

346 4130 583 4201 Spiritus
612 4132 779 4201 ignito
806 4133 986 4189 divisit
1007 4136 1084 4206 (ά)
1117 4135 1319 4190 lumine
1343 4137 1569 4205 linguas,

349 4219 504 4276 Unus
523 4228 579 4276 et
603 4222 715 4292 ipse
743 4223 885 4279 Deus
914 4227 986 4296 (ε)
1012 4225 1222 4280 diversa
1249 4241 1347 4296 per
1373 4242 1466 4281 ora
1497 4228 1752 4292 cucurrit,

247 4308 314 4364 65
348 4309 781 4383 Omnigenasque
809 4331 918 4370 uno
947 4315 1127 4370 sonuit
1149 4323 1275 4369 tunc
1303 4330 1399 4370 ore
1422 4316 1686 4386 loquelas,

290 4403 305 4420 ⁹
357 4402 620 4458 Omnibus
648 4405 860 4472 ignotas
889 4405 1133 4460 tribuens
1163 4419 1484 4474 expromere
1509 4421 1692 4472 voces,

349 4498 591 4565 Quisque
617 4511 770 4551 suam
797 4505 858 4550 ut
894 4505 1110 4566 gentem
1148 4498 1434 4567 peregrino
1477 4510 1794 4567 agnosceret

1656 4591 1793 4662 [ore,

355 4678 758 4745 Externamque
781 4691 880 4732 suo
911 4677 982 4747 (ι’)
1012 4675 1238 4731 sentiret
1266 4675 1318 4730 in
1345 4690 1441 4732 ore
1460 4677 1749 4748 loquelam.

289 4825 312 4851 ³·
343 4816 402 4870 ld
431 4823 514 4885 est
539 4815 810 4885 deponere.
839 4812 969 4885 Vide
991 4828 1158 4868 carm.
1185 4811 1273 4878 14,
1298 4829 1350 4866 v.
1375 4811 1461 4866 81.

283 4884 314 4922 δ
345 4884 520 4939 Exod.
543 4881 654 4951 Iuv,
683 4883 754 4936 9-2
780 4892 836 4938 et
861 4881 947 4935 27.

291 4965 315 4992 ε
348 4955 482 5009 Vide
512 4962 626 5008 not.

285 5023 312 5061 ά
343 5023 534 5078 Matth.
567 5041 604 5084 ι,
633 5024 718 5076 l6.

289 5105 314 5130 ο
347 5095 535 5147 Matth.
569 5105 626 5160 tt,
659 5093 744 5148 ll.

293 5162 316 5201 τ
348 5164 536 5217 Matth.
564 5176 646 5228 tu,
683 5163 766 5215 l6.

289 5243 315 5278 κ
344 5233 538 5288 Johan.
563 5250 622 5291 ιι.
653 5233 705 5294 9,
744 5232 827 5286 ll.

289 5300 316 5340 δ
345 5303 479 5357 Vide
501 5312 618 5357 not.
640 5301 765 5356 296.

294 5371 313 5410 ί
349 5372 537 5426 Matth.
564 5389 745 5432 xxvm,
772 5372 826 5426 6.

295 5443 311 5493 i
343 5443 463 5498 Act.
487 5459 542 5504 ll,
566 5443 621 5506 ‘2,
646 5445 697 5505 ὅ,
727 5443 779 5508 4,
807 5443 860 5506 6,
886 5443 940 5506 8,
967 5443 1051 5498 ll.

292 5511 318 5550 ι
345 5511 480 5567 Vide
500 5522 612 5568 not.
631 5511 760 5567 ‘297.

295 5583 314 5621 ι
344 5581 476 5636 Vide
502 5592 614 5639 not.
647 5581 770 5637 298.

290 5664 331 5691 ω
361 5651 522 5707 Marc.
554 5669 663 5718 xw,
693 5654 773 5707 19.

291 5735 318 5760 π
351 5731 645 5796 Βᾷονογενὴς.
673 5723 807 5796 Vide
828 5739 996 5779 carm.
1028 5725 1079 5793 ξ’),
1112 5742 1161 5778 v.
1196 5725 1279 5777 47.

294 5805 321 5830 ο
357 5792 552 5856 Αει.ἰι,
585 5793 639 5857 2,
665 5793 720 5861 4,
750 5795 803 5848 6.

507 5889 776 5946 ΡΑτιιυι.
826 5887 961 5946 LXI

1813 3170 1861 3234 C

2011 413 2277 470 Barbarus
2301 419 2414 487 ipse
2443 417 2543 472 sibi
2568 433 2675 472 non
2705 417 2846 472 notis
2869 425 2996 472 nota
3022 417 3272 483 canebat,

1899 503 1968 555 70
2007 505 2182 560 Verba
2231 506 2341 561 suis
2382 508 2556 562 aliena
2597 507 2873 577 loquensi
2921 525 2932 560 :
2967 508 3060 562 sed
3111 509 3161 562 in
3206 510 3461 565 omnibus

3266 602 3457 673 [unum

2008 688 2153 746 Voce
2175 689 2343 744 Deum
2366 692 2512 745 varia
2535 691 2786 747 laudabat
2807 695 3030 764 spiritus
3059 709 3197 747 unus
3216 693 3264 744 ι.

2079 785 2150 841 Ut
2177 789 2398 843 citharis
2430 790 2712 845 modulans
2740 791 2898 846 unius
2926 793 3153 847 verbere
3183 790 3374 861 plectri

2009 890 2232 944 Dissona
2263 891 2351 944 fila
2374 900 2559 945 movet
2584 910 2596 942 :
2624 892 2707 946 vel
2735 893 2825 960 qui
2855 893 3138 962 pcrﬂantia
3165 892 3328 946 textis

2008 983 2180 1038 Labra
2212 985 2336 1039 terit
2363 985 2606 1047 calamis,
2631 987 2760 1040 licet
2782 1001 2945 1042 unum
2976 1002 3192 1041 carmen
3222 986 3290 1039 ab
3319 1001 3428 1039 uno

1903 1074 1970 1126 7E)
2007 1073 2113 1128 Ore
2138 1072 2293 1138 ferat,
2325 1091 2430 1128 non
2459 1091 2563 1128 una
2593 1084 2772 1137 sonat,
2804 1077 3091 1145 variosque
3121 1076 3376 1144 magistra

2009 1164 2294 1234 Temperat
2319 1173 2436 1219 arte
2465 1181 2656 1231 sonos;
2681 1176 2869 1234 arguta
2902 1166 3158 1220 foramina
3191 1165 3351 1228 ﬂatu,

2007 1255 2398 1324 Mobilihusque
2428 1257 2563 1324 regit
2587 1257 2784 1324 digitis,
2809 1257 3136 1325 clauditquc,
3159 1256 3458 1326 aperitque,

2011 1343 2079 1398 Ut
2108 1345 2291 1413 rapida
2315 1344 2432 1398 vice
2455 1344 2626 1400 dulcis
2653 1355 2742 1400 eat
2772 1346 3064 1416 redeatque
3087 1346 3332 1400 cavernis
3358 1363 3371 1397 :

2010 1433 2247 1488 Currens
2277 1432 2460 1489 {Eolio
2487 1438 2506 1466 ⁸
2530 1435 2872 1490 modulabilis
2899 1451 3028 1491 aura
3058 1444 3268 1497 mea‘tu,

1903 1526 1972 1581 80
2008 1526 2257 1597 Explicet
2287 1527 2526 1597 irruptos
2557 1529 2794 1582 animata
2819 1537 2877 1582 ut
2904 1529 3034 1582 tibia
3061 1535 3281 1581 cantus:

2010 1628 2101 1682 Sic
2131 1628 2271 1682 Deus
2299 1629 2598 1683 omnisona:
2629 1627 2644 1666 ι
2673 1629 2982 1683 modulator
3001 1638 3057 1682 et
3085 1629 3287 1682 arbiter
3308 1642 3446 1682 unus

2015 1717 2336 1782 Harmonim,
2360 1733 2459 1788 per
2485 1727 2678 1774 cuncta
2711 1727 2892 1773 movet
2920 1734 3082 1788 quam
3113 1733 3342 1789 corpora
3372 1733 3461 1772 re-

3298 1813 3462 1884 [rutn,

2012 1898 2078 1952 Et
2106 1908 2312 1954 natura:
2342 1899 2522 1970 opifex
2554 1901 2697 1956 Deus
2726 1902 2933 1965 omnis,
2960 1911 3015 1955 et
3041 1903 3206 1964 artis;
3236 1903 3288 1956 in
3316 1903 3465 1957 omni

2014 1989 2158 2045 Fons
2185 2004 2370 2060 opere,
2395 2001 2451 2046 et
2481 1992 2623 2058 linis,
2653 1991 2892 2047 faciens“
2918 1991 3346 2063 bona,factaque
3362 2007 3465 2047 sera

3291 2087 3465 2158 [vans,

1911 2175 1980 2228 83$
2021 2175 2140 2246 Ipse
2161 2191 2384 2231 manens
2415 2178 2468 2231 in
2497 2191 2558 2231 se
2588 2178 2764 2232 media
2790 2179 3000 2249 pietate
3028 2178 3290 2245 vicissim,

2020 2277 2135 2344 Qua
2168 2277 2327 2333 Pater
2357 2278 2410 2332 in
2442 2278 2641 2344 Verbo,
2659 2295 2764 2348 qua
2795 2280 2960 2334 Filius
2991 2281 3041 2334 in
3076 2281 3232 2334 Patre
3254 2287 3467 2346 regnat,

2022 2373 2141 2437 Quo
2181 2370 2298 2424 sine
2335 2369 2409 2424 nil
2457 2368 2689 2437 factum,
2713 2386 2811 2441 per
2849 2386 3010 2441 quem
3051 2378 3166 2426 sata
3195 2377 3387 2424 cuncta
3418 2369 3468 2423 iu

3257 2468 3468 2541 [eodem

2025 2555 2370 2626 Consistunt,
2396 2560 2534 2615 idem
2568 2568 2735 2616 novat
2762 2559 2940 2614 omnia
2970 2559 3211 2630 principe
3236 2558 3432 2614 Verbo.

2027 2653 2130 2719 Qui
2157 2668 2320 2708 cruce
2353 2667 2621 2723 purpurea
2652 2653 2873 2723 pretiosi
2904 2654 3176 2722 sanguinis
3207 2663 3356 2708 ostro

1921 2745 1990 2800 90
2030 2744 2240 2799 Arduus
2268 2757 2492 2798 ascensu
2519 2743 2724 2798 volucri
2754 2744 3058 2814 penetravit
3086 2745 3138 2798 in
3169 2744 3276 2797 alta

2029 2837 2180 2893 Nube
2218 2850 2382 2906 super
2424 2831 2716 2890 Cherubim
2757 2836 3020 2904 volitans,
3048 2835 3295 2906 seditque
3323 2838 3343 2868 "
3373 2835 3470 2889 Pa-

3315 2925 3473 2997 [renti

2033 3019 2231 3073 Dexter
2244 3029 2302 3085 ιη,
2321 3027 2376 3074 et
2402 3017 2478 3090 (g)
2496 3017 2617 3072 inde
2645 3016 2754 3072 suis
2775 3017 3014 3073 cmlestia
3030 3016 3170 3070 dona
3187 3015 3420 3086 profudit
3436 3021 3474 3080 κ,

2033 3111 2294 3184 Spiritum
2329 3113 2395 3167 ab
2428 3109 2671 3180 Unigena
2696 3118 2720 3146 η
2754 3113 2997 3166 Sanctum
3028 3119 3083 3165 et
3103 3108 3264 3165 Patre
3290 3126 3474 3180 proce<

3217 3203 3474 3277 [dentem

2109 3297 2211 3365 Qui
2236 3297 2376 3353 Deus
2405 3298 2518 3367 ipse
2546 3297 2658 3352 Deo
2680 3297 2902 3352 veniens
2931 3297 3056 3351 licet
3085 3294 3226 3350 adsit
3249 3296 3475 3365 ubique,

1929 3397 1998 3452 95
2036 3397 2342 3468 Conspicuo
2367 3405 2545 3451 tamen
2568 3397 2772 3466 allapsu
2795 3398 2902 3451 ruit
2932 3397 3116 3464 igneus
3141 3395 3267 3460 illic,

2038 3487 2198 3542 Pubis
2227 3485 2536 3557 apos’tolicte
2564 3502 2794 3542 concors
2815 3489 2835 3520 ’
2860 3487 2950 3540 ubi
2978 3495 3149 3541 cintus
3169 3485 3383 3554 agebat,

2039 3583 2270 3652 Moxque
2291 3596 2432 3636 novo
2453 3580 2654 3646 sonitu,
2679 3579 2861 3635 multis
2887 3593 2953 3632 ex
2984 3578 3118 3633 urbe
3138 3578 3342 3632 coactis

2036 3672 2192 3727 Omni
2213 3687 2278 3726 ex
2307 3677 2468 3740 gente
2489 3669 2640 3733 viris,
2661 3667 2804 3724 sedit
2823 3669 2973 3739 quasi
3002 3666 3213 3722 flamma
3243 3682 3341 3738 per
3369 3682 3476 3722 οων

3341 3759 3462 3830 [nes

2037 3853 2105 3908 Et
2133 3852 2290 3908 simul
2318 3853 2370 3906 in
2401 3851 2607 3907 cunctis
2633 3851 2924 3920 spiramine
2953 3849 3201 3904 dissonus
3223 3865 3349 3908 uno,

1903 3955 2000 4010 100
2040 3953 2110 4008 Ut
2137 3952 2333 4023 lyricas
2359 3951 2501 4007 facili
2531 3951 2836 4006 modulatus
2862 3949 3076 4020 pectine
3101 3950 3143 3980 ¹⁰
3173 3947 3422 4012 chordas,

2040 4043 2277 4098 Dividuis
2303 4043 2489 4099 eadem
2514 4043 2707 4097 cecinit
2726 4042 2996 4112 prmconia
3017 4041 3231 4110 linguis,

2040 4134 2309 4190 lncutiens
2332 4133 2508 4186 varias
2528 4132 2762 4185 humana
2791 4144 2887 4200 per
2909 4145 3111 4198 organa
3132 4145 3296 4184 voces
3323 4138 3368 4180 ο.

2113 4226 2259 4281 Talis
2280 4226 2370 4280 ubi
2398 4224 2567 4279 lectas
2593 4223 2834 4292 implevit
2858 4222 3077 4292 crapula
3100 4230 3327 4283 mentes,

2045 4319 2349 4372 Ructavere
2372 4330 2555 4370 sacras
2570 4313 2757 4383 jejuno
2778 4321 2991 4382 gutture
3019 4311 3205 4367 laudes

1901 4411 2002 4464 105
2040 4409 2198 4463 Ebria
2229 4406 2389 4462 corda
2416 4405 2561 4471 Deo;
2593 4405 2712 4473 quis
2739 4419 2826 4459 me
2855 4404 3160 4468 miseratus,
3194 4403 3262 4458 ab
3293 4404 3396 4459 isto

2042 4501 2284 4557 Flumine
2311 4498 2536 4570 potabit,
2568 4496 2714 4568 quod
2740 4496 2942 4551 sobriat
2969 4497 3267 4552 ebrietate?

2047 4592 2406 4664 627-628
2435 4587 2572 4655 Ergo
2594 4587 2739 4642 velut
2757 4588 2952 4643 cmlum
2981 4590 3170 4655 stellis,
3191 4599 3248 4644 ut
3269 4590 3484 4650 floribus

3311 4683 3482 4756 larva,

1975 4822 2056 4891 (τι)
2087 4822 2434 4877 Correximus
2455 4822 2523 4874 ad
2547 4836 2615 4876 ex
2643 4837 2746 4878 ms.
2775 4822 2964 4878 codice
2984 4822 3169 4881 Germ.
3199 4824 3340 4881 Ante
3371 4840 3487 4883 erat

1907 4903 2015 4947 aut.

1980 4961 2053 5029 (ὁ)
2085 4961 2182 5015 Ms.
2215 4960 2420 5025 Germ.,
2444 4980 2677 5029 munera,
2701 4965 2877 5018 minus
2900 4966 3058 5019 bene.

2005 4962 2032 5012 b
2085 4962 2182 5015 Ms.
2215 4962 2420 5025 Germ.,
2444 4980 2677 5029 munera,
2701 4965 2877 5018 minus
2900 4966 3058 5019 bene.

1980 4962 2054 5102 ἓεζ
2084 5030 2862 5102 ManuscriptusGermanensis
2874 5035 3042 5088 codex
3061 5051 3182 5089 cum
3208 5035 3292 5090 ed.
3313 5035 3490 5094 Grin..

1911 5101 2188 5172 perdulcis.
2213 5101 2282 5154 At
2308 5118 2414 5172 vox
2441 5104 2716 5171 prwdulcis
2759 5103 2984 5157 Paulino
3034 5103 3330 5160 familiaris.
3362 5105 3491 5160 Vidi:

1905 5170 2079 5234 carm.
2113 5170 2202 5237 2|,
2227 5188 2278 5224 v.
2309 5170 2510 5234 792,et
2531 5189 2697 5227 carm.
2728 5173 2816 5237 32,
2842 5190 2891 5226 v.
2925 5172 3047 5227 220.

1972 5242 2064 5323 .(d)
2094 5241 2172 5294 lta
2202 5242 2546 5297 emendatum
2567 5259 2634 5299 ex
2655 5261 2756 5299 ms.
2783 5243 2969 5298 codice
2998 5243 3180 5298 Germ.
3206 5243 3368 5310 Editi,
3392 5247 3488 5313 ﬂu-

1912 5328 2066 5364 mme.

1910 5452 1959 5503 ά.
1988 5383 2061 5463 te)
2088 5380 2178 5434 Sic
2206 5381 2609 5439 emendavimus
2643 5399 2712 5439 ex
2739 5381 2932 5439 eodem
2962 5383 3150 5438 codice
3180 5398 3282 5440 ms.
3309 5382 3452 5440 Editi
3471 5428 3485 5448 ,

1941 5468 2090 5503 ιυιδα.

1941 5468 2150 5602 tigrim
2180 5536 2280 5576 ms.
2314 5521 2500 5578 Germ.
2525 5523 2688 5590 Editi,
2729 5524 2968 5577 nesciret.
3003 5523 3148 5577 BIGN.
3182 5542 3194 5577 :
3224 5524 3361 5581 forte
3399 5545 3481 5581 re-

1907 5601 2179 5731 fc.(';)'.Sic
2206 5677 2307 5715 ms.
2333 5663 2502 5718 codex
2533 5662 2736 5726 Germ.,
2770 5671 2823 5716 et
2848 5662 2976 5716 editi
3007 5662 3168 5717 Grav.
3197 5664 3401 5722 Poelm.
3435 5677 3484 5722 et

1905 5729 2090 5853 Scitin.
2143 5730 2244 5785 Alii
2289 5733 2429 5795 duo,
2472 5743 2523 5786 et
2571 5734 2624 5785 in
2671 5750 2861 5786 senos.
2909 5732 3144 5802 Utraque
3193 5739 3354 5792 lectio
3403 5756 3470 5792 rc-

1907 5817 2005 5854 een
2033 5818 2061 5854 τι

1975 5818 2061 5869 pta

3111 5897 3176 5956 21
