3996 6356
510 360 607 417 661
1421 357 1476 414 S.
1520 359 1790 416 PAULINI
1828 359 2073 417 NOLANI

2219 362 2416 419 SCOPI
2457 361 2803 420 ΡΟΕΜΑΤΑ.
3693 368 3797 425 652

653 471 1110 544 Temporibusque
1135 487 1304 568 annos
1332 473 1708 538 Dominus;sic
1730 475 2098 544 ipse“diebus
2137 487 2170 536 Λ
2212 497 2312 550 εδδ
2347 497 2658 568 Suscipiens
2684 497 2872 552 humili
2911 504 3202 552 metantem
3235 495 3258 534 ι.
3293 496 3345 550 in
3385 505 3605 566 pectore
3637 496 3797 552 ειη-ί-

655 565 921 634 Tempora
953 563 1194 616 distinxit
1223 561 1389 627 festis,
1411 571 1468 616 ut
1494 565 1646 633 pigra
1675 563 1882 617 diurnis
2505 561 2521 568 ’
2669 569 2674 572 ’

517 657 615 709 110
654 656 868 723 Ingenia
895 654 1187 722 obsequiis,
1217 655 1408 708 saltem
1434 657 1475 686 ¹²
1505 655 1816 711 discrimine
1837 653 2001 722 l'acto,

659 744 783 800 Post
804 743 1141 802 intervallum
1173 744 1356 798 reduci
1383 745 1648 800 sollennia
1674 753 1802 801 voto

651 837 848 892 Sancta
893 836 1124 890 libenter
1171 831 1379 904 agant,
1407 837 1718 905 residesque
1766 853 1863 907 per
1919 854 2096 894 annua

1871 929 2100 1003 [mentes

652 1018 810 1074 Festa
839 1028 1031 1090 parent
1059 1017 1308 1083 Domino,
1339 1019 1463 1089 quia
1487 1018 1686 1088 jugiter
1715 1021 2066 1076 intemeratos

649 1110 875 1166 Justitize
901 1111 1109 1166 servire
1138 1111 1300 1180 piget.
1334 1109 1656 1180 Delinquere
1683 1112 1872 1178 suetis,

515 1201 619 1256 115
657 1200 892 1257 Parcere
917 1208 1168 1270 peccato,
1192 1201 1346 1256 labor
1371 1209 1473 1255 est.
1499 1201 1820 1256 Decurritur
1845 1202 1994 1257 omni

655 1296 827 1363 Valle,
852 1311 950 1366 per
975 1310 1258 1350 ascensum
1286 1309 1395 1349 non
1425 1303 1510 1350 est
1537 1296 1768 1351 evadere
1797 1310 1978 1352 cursu.

3608 591 3774 662 [stum
3785 634 3796 646 .

2418 680 2666 738 Exsultet
2694 699 2815 738 mea
2841 699 2984 740 nunc
3013 685 3211 748 anima,
3227 682 3478 752 dicatque
3501 682 3650 752 quod
3672 683 3799 736 olim

2349 771 2557 842 Sponsa
2583 773 2814 828 canebat
2841 788 3028 828 amans
3058 772 3287 828 Domino
3307 772 3512 827 vocalis
3534 771 3770 825 amanti:

2348 865 2524 919 Imber
2551 865 2700 928 abit,
2732 864 2979 920 discessit
3006 866 3197 929 hiems,
3224 883 3329 922 vox
3350 867 3578 922 turturis
3603 867 3732 920 altae

2349 951 2406 1007 In
2435 963 2618 1008 nostra
2649 955 2842 1009 tellure
2868 967 2889 993 ο
2921 965 3114 1021 sonat,
3139 957 3233 1012 dat
3258 959 3382 1013 vitis
3408 957 3633 1013 odorem
3653 1000 3666 1022 ,

2210 1041 2314 1096 160
2349 1043 2565 1098 Florida
2592 1052 2647 1098 et
2674 1043 2728 1098 in
2755 1045 2915 1099 terris
2943 1045 3206 1101 miramur
3235 1047 3346 1100 lilia
3372 1047 3518 1103 εαξη.

2423 1131 2574 1190 Unde
2610 1144 2862 1206 repente,
2906 1152 3117 1207 precor,
3165 1152 3317 1193 versa
3364 1138 3483 1194 vice
3534 1140 3801 1210 temporis

3616 1231 3629 1302 Ι
3638 1232 3802 1285 aether

707 1320 827 1363 ille,
853 1320 950 1366 per
975 1320 1258 1350 ascensum
1286 1320 1395 1349 IIUII
1425 1320 1510 1350 υδι
1537 1320 1768 1351 υνίίυῧῐυ
1797 1320 1978 1352 cursu.
2353 1321 2461 1376 vel.
2486 1320 2511 1356 d
2541 1321 2686 1386 abit,
2724 1327 2780 1376 et
3023 1320 3184 1377 “ores
3207 1322 3456 1378 visuntur
3484 1323 3538 1377 in
3569 1322 3754 1393 agris?

647 1386 790 1442 Hinc
811 1387 896 1441 via
927 1386 1138 1441 labendi
1169 1385 1484 1456 proclivior,
1511 1395 1568 1442 et
1595 1388 1681 1442 via
1713 1389 1834 1442 vita:

2355 1411 2434 1482 (b)
2464 1385 2677 1466 Unctus
2699 1385 2855 1466 adest
2874 1411 3084 1466 Domini
3105 1411 3302 1468 Christi
3319 1385 3801 1468 comitawsamicis

650 1476 884 1576 Dufi‘?”
909 1476 997 1530 ma
1024 1492 1194 1576 ea?“
1213 1477 1425 1576 _m“ms’
1451 1477 1566 1532 huic
1594 1478 1760 1576 aid“
1786 1479 2016 1576 Ρθυθίθς-
2353 1503 2586 1567 Nicetes,
2611 1504 2736 1558 hinc
2758 1513 2948 1558 vernat
2969 1505 3159 1570 hiems,
3182 1505 3309 1560 hinc
3337 1505 3577 1576 undique
3604 1506 3765 1562 nobis

710 1567 851 1623 Inde
870 1567 1045 1622 bonus
1074 1567 1332 1622 Dominus
1358 1576 1582 1624 cunctos
1611 1569 1828 1638 pietatis
1860 1577 1920 1623 ut
1949 1570 2046 1623 alis
2220 1591 2318 1644 εδδ
2351 1593 2704 1665 62ωο
2744 1591 2925 1664 Spirat
2946 1567 3205 1652 odomtbs
3220 1567 3531 1666 vegetabilis
3556 1612 3692 1650 aura
3709 1611 3800 1651 η,

519 1660 618 1715 I20
652 1660 939 1758 Contegat,
968 1659 1216 1714 invalidis
1246 1660 1589 1758 niti-virtutis
1613 1661 1684 1758 ad
1711 1676 1891 1758 arcem
1912 1705 1928 1730 ,
2365 1659 2504 1665 ““’
2555 1659 2639 1664 ““
2662 1659 2691 1664 ⁷
2785 1659 2803 1664 ’
3039 1669 3042 1672 ’
3288 1659 3313 1666 ⁷
3581 1685 3798 1758 [parem

654 1752 902 1857 Congrua
926 1759 1239 1857 sanctorum
1264 1750 1411 1857 dedit
1433 1752 1721 1857 intervalla
1749 1753 1957 1857 dierum
2357 1773 2471 1829 Hoc
2499 1773 2565 1829 de
2594 1775 2757 1831 corde
2785 1777 2931 1831 venit
2953 1776 3220 1831 benedicti
3244 1775 3465 1846 spiritus
3486 1750 3624 1845 agri:
3689 1820 3719 1857 ο

661 1844 728 1938 υί
751 1844 942 1938 “luem
971 1841 1164 1938 omCiis
1192 1843 1552 1898 mediocribus
1581 1844 1768 1938 “nim?
1796 1843 1995 1938 chris“
2140 1863 2183 1922 Β
2355 1866 2471 1922 Vita
2501 1869 2770 1938 pudicitia:
2788 1911 2803 1935 ,
2829 1878 2885 1924 et
2907 1869 3110 1938 liquido
3139 1841 3294 1924 mens
3320 1841 3548 1925 candida
3579 1841 3736 1929 vero,

658 1936 990 2030 Ῡθδιίωθηίδ
1017 1935 1224 2003 legam,
1252 1942 1318 2030 e‘_
1338 1949 1434 1988 eos
1460 1949 1614 2030 539m
1644 1933 1853 1990 ﬁmbria
1882 1944 2034 1990 sanet
2056 1977 2070 2000 ν
2356 1933 2597 2013 Nicetam
2627 1933 2830 2014 faciunt
2857 1933 3040 2025 ﬂores,
3063 1968 3117 2013 et
3139 1968 3382 2014 aromata
3405 1961 3478 2030 (ε)
3501 1974 3677 2015 verna
3701 1969 3748 2012 ο.

658 2029 762 2096 Qui
788 2044 896 2084 non
923 2035 1168 2083 extorres
1196 2027 1411 2096 penitus
1440 2027 1660 2096 regione
1687 2029 1894 2093 salutis,

525 2122 629 2178 125
665 2123 809 2177 Intra
839 2128 1113 2191 perpetua:
1141 2120 1412 2175 stabulant
1437 2120 1697 2190 praesepia
1725 2121 1869 2186 vitm,

664 2213 963 2281 Longinqui
989 2210 1176 2281 primis
1198 2225 1306 2265 non
1336 2211 1496 2278 longo
1525 2207 1629 2265 ﬁne
1655 2210 1926 2266 secundis.

2426 2047 2649 2102 Munere
2675 2047 2802 2117 quid
2832 2057 2984 2104 tanto
3011 2049 3253 2116 dignum,
3275 2049 3361 2103 vel
3383 2047 3568 2112 corde,
3587 2049 3678 2102 vel
3698 2063 3788 2102 ore

2220 2137 2321 2191 I70
2361 2137 2594 2209 Pauper,
2619 2149 2674 2194 et
2703 2140 2982 2209 insipiens,
3013 2149 3070 2196 et
3098 2141 3354 2211 parvulus
3377 2141 3539 2196 edere
3568 2142 3800 2210 possim?

2356 2228 2478 2297 Ipso
2507 2245 2649 2283 nunc
2671 2229 2851 2284 Felice
2868 2245 3005 2300 Opus
3026 2239 3127 2295 est,
3151 2240 3208 2286 et
3233 2233 3286 2286 in
3315 2232 3420 2286 hoc
3439 2232 3570 2286 mihi
3591 2247 3801 2295 munus,

731 2307 942 2362 Primus
981 2306 1124 2362 enim
1165 2307 1241 2376 (α)
1272 2305 1469 2374 sradus
1511 2317 1592 2362 est
1629 2305 1788 2373 caelo,
1827 2312 2112 2376 pertexere
2357 2317 2548 2372 Sumat
2575 2326 2635 2373 ut
2663 2335 2693 2372 a
2723 2318 2956 2386 Christo,
2989 2321 3120 2375 mihi
3147 2335 3282 2390 quas
3306 2322 3579 2391 impertiat
3607 2323 3745 2391 ipse,

1864 2397 2111 2470 [(⁵³⁸0ίο5
2365 2409 2434 2464 Ut
2461 2410 2620 2480 digne
2645 2412 2748 2466 sibi
2773 2421 2956 2481 gratcr
2985 2429 3136 2483 opes.
3160 2412 3230 2468 Et
3249 2429 3392 2468 nunc
3421 2430 3442 2467 r

2365 2409 2434 2464 Ut
2461 2410 2620 2480 digne
2645 2412 2748 2466 sibi
2773 2421 2956 2481 gratcr
2985 2429 3136 2483 opes.
3160 2412 3230 2468 Et
3249 2429 3392 2468 nunc
3421 2414 3555 2468 mihi
3576 2415 3769 2468 vellem

663 2493 928 2548 Οοηιίηιω
958 2491 1201 2547 δοηίῑθίθ
1227 2490 1364 2554 dies,
1389 2498 1445 2545 ει
1471 2498 1713 2560 tempore
1735 2498 1852 2544 ιοιο
2363 2502 2494 2556 Viva
2520 2505 2774 2574 perennis
2801 2516 2954 2574 aqum
2981 2513 3266 2560 manarent
3286 2504 3504 2560 ﬂumina
3533 2514 3748 2571 ventre,

669 2580 874 2637 Pascha
897 2596 1112 2636 sacrum
1138 2579 1337 2636 Christi
1366 2581 1513 2636 cultu
1539 2580 1821 2636 celebrare
1845 2579 2062 2649 pudico.
2222 2593 2324 2648 175
2367 2593 2437 2648 υι
2467 2610 2574 2650 non
2601 2609 2698 2649 ore
2727 2611 2870 2662 meo,
2897 2596 2990 2651 sed
3019 2595 3218 2651 Christ;
3245 2611 3469 2651 munere
3496 2611 3715 2666 possem
3741 2598 3780 2627 ιι

528 2675 626 2728 150
736 2673 890 2740 Quod
919 2673 963 2728 si
993 2672 1162 2726 mixta
1185 2685 1342 2739 seges
1363 2671 1573 2726 tribulis
1593 2671 1723 2725 mihi
1747 2669 2035 2738 germinat,
2061 2675 2106 2723 et

2361 2683 2626 2740 Lmtitialn
2650 2699 2906 2740 enarrare
2925 2688 2964 2717 “
2995 2702 3169 2742 meam
3186 2729 3201 2753 ,
3224 2702 3345 2756 qua:
3369 2702 3592 2741 munere
3612 2686 3800 2742 Christi

2000 2760 2117 2831 [σοι’
2363 2775 2590 2832 Uberius
2616 2778 2779 2833 solito
2807 2777 3079 2847 placidum
3101 2779 3232 2833 mihi
3262 2787 3450 2848 pectus
3480 2779 3737 2840 inundat,

669 2855 932 2910 Incultum
959 2854 1200 2909 stimulat
1228 2853 1428 2908 terreni
1456 2853 1610 2922 spina
1640 2851 1879 2913 laboris;

2360 2866 2713 2935 Natalemque
2742 2867 2872 2921 mihi
2899 2867 3138 2936 duplicat
3166 2864 3362 2923 Felicis
3390 2883 3577 2922 amore

666 2946 762 3000 Vel
793 2944 941 2999 festis
963 2943 1191 2998 Domino
1218 2941 1462 2998 studeam
1492 2957 1577 2996 me
1605 2941 1800 2997 oll‘erre
1831 2939 2040 3006 diebus,

2005 2954 2040 3006 δ’
2362 2957 2661 3028 Multiplici.
2687 2957 2857 3012 Video
2887 2958 3138 3026 praesenti
3169 2953 3372 3012 lumine
3400 2973 3583 3013 coram

671 3033 742 3090 Ut
769 3035 854 3090 vel
885 3042 1036 3105 parte
1065 3034 1173 3089 mei
1201 3042 1414 3102 tangam
1445 3031 1679 3089 conﬁnia
1707 3032 1864 3099 vitae,
2223 3046 2248 3100 ι

2223 3046 2326 3104 180
2365 3047 2609 3102 Nicetem
2640 3046 2720 3117 (ά)
2753 3047 2981 3101 rediisse
3010 3047 3168 3113 mihi,
3201 3048 3423 3116 visoque
3451 3057 3695 3116 parente,

669 3124 910 3195 Corpore
939 3139 1038 3179 nec
1069 3123 1112 3156 ¹⁸
1141 3131 1260 3180 toto
1292 3124 1474 3178 trahar
1502 3123 1554 3177 in
1585 3123 1859 3178 consortia
1886 3122 2094 3178 mortis.
2364 3137 2529 3207 cuius
2557 3151 2668 3207 pm
2693 3137 2901 3191 cunctis
2929 3152 3082 3190 ωηοι-
3111 3137 3164 3190 ίη
3191 3151 3279 3191 me
3308 3144 3518 3205 regum,
3544 3145 3598 3192 ει
3626 3138 3743 3206 ipse

532 3219 634 3274 155
739 3220 1074 3287 Quamquam
1105 3218 1267 3287 igitur
1289 3217 1405 3286 jugi
1448 3214 1547 3272 nos
1584 3217 1677 3285 qui
1715 3217 1949 3272 statione
1983 3231 2110 3286 pro-

1869 3231 1949 3271 ine
1983 3231 2115 3286 pro-
2144 3239 2191 3302 ρ
2367 3228 2580 3284 Nicetes
2609 3228 2700 3293 lio,
2722 3227 2992 3282 benedicti
3019 3228 3252 3284 nominis
3277 3229 3447 3284 instar

1899 3310 2121 3381 [ρίηίιιιει
2369 3320 2548 3376 Mente
2568 3335 2779 3390 gerens,
2804 3335 2924 3390 qua:
2947 3337 3086 3376 nunc
3106 3329 3235 3377 voto
3263 3321 3472 3378 victore
3496 3323 3797 3392 triumphat.

669 3402 990 3467 Accolimus,
1021 3400 1196 3459 sancti
1226 3399 1496 3470 patiamur
1523 3400 1732 3456 honore
1760 3400 2011 3471 patroni,

2448 3410 2520 3483 (θ)
2549 3409 2702 3466 Hunc
2730 3421 2832 3482 ego
2859 3411 3196 3481 conspiciens
3224 3412 3386 3483 longo
3415 3421 3538 3483 post
3569 3421 3799 3482 tempore

667 3495 839 3562 Quem
869 3503 925 3550 et
952 3495 1070 3550 sine
1099 3492 1265 3547 natali
1292 3490 1487 3546 devota
1515 3490 1822 3560 frequentia
1852 3505 2070 3560 semper
3627 3504 3799 3575 [longe

667 3589 1053 3653 concelebrat;
1077 3595 1256 3641 tamen
1285 3593 1342 3639 υι
1364 3585 1568 3656 Prop?“
1589 3599 1686 3654 Per
1712 3583 1903 3639 herili“
1922 3598 2102 3638 νετηω
2228 3595 2332 3651 185
2369 3594 2543 3650 Natali
2561 3596 2774 3651 venisse
2795 3603 2909 3662 tuo,
2932 3596 3228 3652 clarissime
3244 3596 3418 3662 Felix,

671 3685 830 3740 Festa
860 3684 1167 3739 relaxemur
1195 3683 1358 3745 curis,
1383 3690 1439 3738 et
1462 3693 1587 3738 vota
1617 3698 1898 3750 canamus,
2369 3687 2558 3742 Nonne
2584 3697 2675 3741 tua
2700 3687 2930 3742 ducente
2957 3703 3122 3742 manu
3150 3687 3471 3744 adventasse
3500 3687 3702 3741 fatebor
3719 3687 3746 3738 ?

537 3777 632 3831 140
672 3775 840 3845 Ilujus
869 3776 1066 3830 laetitia:
1094 3775 1346 3844 princeps
1370 3775 1726 3844 psallentibus
1750 3775 1840 3830 ibo
2368 3779 2500 3834 Nam
2520 3779 2641 3848 quis
2665 3786 2774 3833 tam
2802 3777 2950 3834 claro
2978 3780 3182 3848 poterit
3209 3795 3318 3834 non
3340 3794 3566 3834 cernere
3594 3779 3765 3846 signo,

674 3867 966 3932 Fratribus,
982 3874 1037 3920 et
1060 3866 1263 3920 socium
1279 3865 1471 3920 ducam
1486 3867 1640 3934 quasi
1667 3866 1886 3936 signifer
1906 3880 2117 3936 agmen.
2373 3870 2489 3925 Hoc
2508 3885 2672 3940 prece
2700 3870 3010 3940 provenisse
3042 3879 3153 3936 tua,
3177 3877 3252 3935 ut,
3276 3870 3420 3938 quod
3441 3883 3650 3924 sumere
3667 3869 3797 3921 votis

747 3958 880 4013 Nam
899 3959 1025 4014 licet
1051 3973 1082 4012 e
1109 3957 1256 4012 varia
1280 3957 1463 4028 populi
1492 3959 1714 4027 regione
1744 3959 2052 4028 frequentes
2371 3960 2474 4014 Vix
2503 3967 2772 4030 poteram,
2800 3967 2894 4013 aut
2913 3959 3029 4030 ipso
3050 3959 3240 4014 saltem
3267 3961 3396 4014 mihi
3418 3959 3580 4027 ﬁgere
3598 3973 3796 4022 somno,

674 4052 1028 4122 Comparibus
1057 4050 1195 4106 votis
1218 4049 1379 4105 hodie
1399 4050 1487 4120 pia
1508 4050 1702 4119 gaudia
1732 4049 1990 4114 fundant;
2232 4050 2334 4106 I90
2369 4049 2613 4104 Nicetam
2637 4051 2678 4081 ¹⁷
2701 4064 2884 4103 rursus
2907 4049 2950 4081 ⁸⁸
2971 4065 3183 4114 coram,
3207 4049 3402 4105 Felicis
3425 4051 3479 4104 in
3506 4051 3622 4119 ipso

673 4144 759 4200 Me
789 4151 968 4198 tamen
991 4141 1210 4198 uberius
1239 4140 1396 4197 decet
1425 4150 1590 4210 atque
1619 4142 1878 4211 insignius
1907 4143 2013 4198 isto
2373 4143 2571 4210 Natali,
2593 4143 2712 4197 visu
2738 4142 2898 4197 simul
2925 4141 3283 4211 amplexuque
3312 4149 3573 4207 tenerem,

539 4237 637 4292 145
674 4237 956 4291 Exsultare
983 4234 1070 4290 die
1095 4251 1108 4287 :
1130 4233 1258 4302 quia
1285 4247 1445 4288 nemo
1477 4233 1786 4289 obstrictior
1807 4241 1889 4288 est
1913 4249 2001 4288 me
2374 4237 2552 4306 Atque
2571 4237 2765 4292 iterum
2786 4235 2886 4289 sub
2914 4250 2981 4290 eo
3007 4250 3260 4290 canerem
3279 4251 3398 4290 mea
3420 4236 3618 4299 debita,
3636 4234 3793 4292 Felix.

675 4327 897 4382 Debitor
925 4325 1050 4380 huic
1069 4365 1084 4391 ,
1108 4324 1195 4379 cui
1219 4323 1434 4394 privato
1454 4325 1742 4394 specialius
1769 4332 1918 4378 astro
2375 4326 2637 4382 Auditore
2665 4327 2780 4382 tibi.
2803 4325 2909 4382 Sed
2933 4326 3062 4395 quid
3091 4325 3320 4382 faciam?
3347 4341 3501 4395 rogo.
3533 4326 3734 4395 Pauper

675 4418 780 4473 Ista
809 4417 924 4472 dies
953 4423 1162 4470 tantum
1193 4416 1403 4484 peperit
1430 4415 1547 4470 sine
1576 4415 1683 4470 line
1712 4423 2023 4488 patronum.
2376 4419 2566 4474 Divitis
2593 4419 2808 4474 assideo
2831 4420 2871 4452 ¹⁹
2897 4433 3116 4483 mensae,
3139 4427 3196 4473 et
3223 4419 3386 4474 miser
3411 4419 3583 4472 audeo
3607 4415 3796 4483 magnis

750 4509 931 4576 Salve,
964 4523 1088 4564 cara
1113 4507 1247 4572 dies,
1272 4508 1438 4570 salve,
1472 4507 1604 4561 mihi
1633 4507 1720 4561 lux
1753 4521 1894 4572 mea,
1918 4506 2087 4569 salve,
2236 4509 2340 4566 195
2375 4509 3169 4579 lnsertaremanumdapibus';
3193 4511 3556 4579 nequecogito
3569 4508 3707 4578 quod
3720 4523 3796 4562 me

677 4600 903 4671 Semper
931 4597 1065 4654 festa
1096 4598 1225 4652 mihi
1251 4615 1264 4651 :
1287 4597 1382 4652 sed
1402 4598 1458 4651 in
1479 4598 1582 4653 hoc
1601 4597 1730 4652 mihi
1759 4597 1962 4652 clarius
1981 4611 2126 4652 anno
2155 4619 2206 4682 υ
2376 4598 2528 4654 Talia
2556 4598 2821 4654 consimili
2840 4599 2981 4666 vice,
3003 4599 3182 4667 qualia
3201 4613 3379 4664 sumo,
3405 4615 3597 4668 parare

542 4685 643 4747 150
679 4689 809 4745 Orta
838 4689 1121 4755 refulsisti,
1145 4689 1271 4758 quia
1300 4701 1424 4742 cum
1453 4686 1649 4742 Felicis
1676 4686 1888 4741 honore
2375 4690 2699 4754 Conveniat,
2723 4690 3049 4758 dignumque
3078 4691 3182 4745 isto
3210 4689 3341 4746 dare
3361 4689 3544 4759 judice
3564 4690 3792 4744 verbum.

681 4783 922 4838 Nicetam
945 4781 990 4812 “
1011 4779 1242 4843 revehis,
1265 4787 1575 4833 sanctorum
1599 4784 1659 4832 ut
1685 4792 1870 4832 amore
1897 4778 2126 4834 duorum
2375 4781 2554 4849 Quare
2574 4781 2720 4849 inopi
2743 4780 2830 4846 da,
2849 4788 3055 4848 sancte,
3078 4789 3192 4841 tuo.
3210 4788 3269 4835 ut
3293 4790 3348 4835 te
3377 4780 3537 4850 digna
3566 4789 3793 4849 patrono,

604 4899 614 4909 -
685 4873 875 4929 Binum
936 4871 1164 4926 habeam
1215 4868 1452 4922 natalem
1497 4866 1694 4934 hodie,
1734 4881 1844 4937 quo
1895 4884 2128 4940 corpore
2376 4871 2444 4926 Et
2471 4871 2674 4941 pariter
2701 4869 2965 4938 condigna
2996 4878 3090 4926 tuo
3118 4870 3310 4942 loquar
3331 4870 3403 4940 (f)
3429 4885 3591 4924 ausus
3614 4870 3790 4923 amico.

1935 4959 2131 5031 [sumti
2235 4964 2340 5019 200
2453 4962 2629 5018 Posce
2649 4969 2791 5027 tuos,
2807 4960 3169 5026 Felix,tecum
3190 4962 3260 5016 ad
3283 4971 3374 5017 tua
3398 4970 3524 5017 vota
3545 4970 3794 5032 parentes.

683 5055 933 5128 Martyris
960 5066 1242 5108 excessum
1267 5051 1568 5117 celebrans,
1589 5059 1646 5107 et
1671 5066 1902 5122 corpore
1927 5053 2127 5124 promti
2381 5057 2512 5124 Quae
2543 5063 2635 5110 tua
2668 5062 2795 5110 vota
2826 5053 3040 5124 loquor,
3075 5070 3197 5112 mea
3225 5063 3381 5119 sunt,
3405 5063 3462 5112 et
3494 5056 3670 5111 verius
3702 5057 3798 5109 haec

689 5157 826 5213 Ecce
851 5149 1148 5208 sacerdotis
1169 5147 1402 5205 reditum
1423 5149 1652 5206 satiatus
1679 5148 1851 5207 adoro
1877 5159 1928 5216 ⁸,
3675 5146 3798 5219 [sunt

619 5311 645 5339 ι
665 5298 723 5354 Id
749 5307 832 5355 est
859 5299 1074 5351 honoro.
1100 5295 1245 5349 Vide-
1263 5302 1377 5350 not.
1411 5292 1538 5349 299.

2309 5282 2388 5364 (ὁ)
2419 5281 2509 5366 Sic
2543 5280 2882 5366 reposuimus
2898 5279 3316 5366 “refragantibus
3340 5281 3616 5366 codicibus
3633 5298 3660 5366 ςΔ
3689 5276 3796 5366 quid

616 5371 643 5409 b
665 5346 730 5425 Id
752 5346 840 5426 Esi
859 5346 1228 5422 hilariora;
1267 5346 1294 5349 η
1308 5346 1326 5350 ”
1344 5346 1373 5348 Ἥ
1455 5346 1469 5349 ⁷
1493 5346 1502 5348 ⁷
2240 5346 2384 5426 enim
2399 5346 2644 5426 sibivuli,
2657 5351 2876 5426 Junftus
2888 5346 3097 5426 Domini
3111 5353 3378 5426 consitam:
3396 5351 3564 5407 7Vide
3575 5346 3794 5406 not.500.

622 5420 1395 5545 fngicsrn‘tlig‘po‘it'icckngantic.
1424 5448 1495 5497 ιι,
1527 5447 1578 5484 v.
1613 5430 1675 5484 II
1727 5437 1784 5486 et
1821 5429 1910 5486 η.
1943 5429 2129 5500 Virgil.

2032 5430 2129 5500 gil.
2313 5423 2384 5545 ((2
2416 5421 2513 5475 Ms.
2547 5421 2721 5476 codex
2749 5420 2932 5475 Germ.
2965 5420 3203 5502 Christi.
3574 5489 3610 5503 η

2315 5493 2331 5545 l
2377 5493 2392 5545 l
2421 5491 2566 5545 Idem
2595 5491 2766 5545 codex
2789 5506 2888 5545 ms.
2923 5505 3046 5545 eum
3075 5489 3235 5545 editis
3257 5492 3517 5545 unlnnne.
3537 5490 3610 5545 Ill:

551 5489 962 5632 ecloévITVid:
979 5489 1103 5563 not.
1129 5505 1252 5559 500.
1483 5489 1493 5497 ’
2038 5489 2067 5500 ”
2315 5489 2392 5632 ἑά)
2421 5491 2566 5572 Idem
2595 5491 2766 5572 codex
2789 5506 2888 5545 ms.
2923 5505 3046 5545 eum
3075 5489 3235 5572 editis
3257 5492 3517 5579 quinque,
3537 5489 3590 5545 Ν
3594 5493 3772 5568 ἱεειεῃ..

621 5583 648 5618 d
722 5590 842 5632 (me
867 5578 991 5632 olm,
2338 5563 2388 5632 e)
2418 5561 2508 5616 διο
2524 5568 2850 5632 restitutum
2879 5575 2946 5614 ex
2977 5575 3091 5632 ms._
3115 5561 3303 5616 codice
3346 5559 3530 5617 Germ.
3572 5569 3627 5618 et
3662 5558 3772 5616 εώιι

621 5525 670 5566 I0
711 5551 723 5564 .
757 5525 806 5566 1.
841 5525 954 5563 για.
982 5525 1094 5563 ηοι.
1129 5525 1252 5559 ουυ.
2338 5525 2392 5560 αι
2421 5525 2566 5546 ww"
2595 5525 2766 5546 υυυσλ
2790 5525 2888 5545 ιιιο·
2923 5525 3046 5545 ναι·-
3075 5525 3235 5545 υυιιιο
3257 5525 3517 5561 ψιιυιιιισν
3537 5525 3772 5565 "Mm".

621 5583 648 5618 d
674 5525 842 5636 ξιοτιρ
867 5578 991 5635 ob“,
2253 5632 2278 5636 _
2315 5525 2388 5632 ξε)
2418 5561 2508 5616 Sic
2521 5562 2850 5636 _restitutuin
2879 5575 2946 5614 ex
2977 5575 3092 5636 ms._
3115 5561 3303 5636 codice
3346 5559 3530 5617 Germ.
3572 5569 3627 5618 et
3662 5558 3799 5616 editls

627 5665 650 5690 ε
678 5629 839 5705 "ciui
865 5629 1040 5715 nili,
1077 5646 1161 5700 l2.
1188 5644 1376 5713 Virgil.
1404 5643 1606 5715 Ecloga
1631 5642 1682 5695 I.
2239 5629 2402 5715 Gravi.
2437 5640 2491 5686 et
2518 5629 2791 5715 Schot.gin
2818 5644 3020 5715 margg.
3053 5629 3268 5686 Ceteri:

629 5709 1100 5783 fProv.xxnl,'l.
1288 5709 1307 5713 ⁷
1540 5709 1565 5715 ⁷
1649 5782 1657 5783 ,
1778 5782 1796 5783 ί

2324 5781 2329 5783 Α
2361 5709 2494 5783 Ergo
2515 5713 2822 5772 conspiciens
2837 5711 2966 5761 hunc
2987 5711 3134 5774 longo
3158 5717 3378 5783 tempore
3404 5712 3551 5773 longe

627 5792 704 5864 (α)
737 5779 1125 5864 Manuscriptns
1146 5785 1522 5842 Germanensis
1550 5782 1718 5839 codex
1733 5827 1747 5852 ,
1769 5782 1972 5838 Primus
1998 5784 2134 5837 enim
2312 5781 2378 5864 (ί)
2407 5780 2482 5834 Ita
2508 5783 2843 5852 reposuimus
2863 5797 2928 5838 ex
2950 5798 3049 5838 ms.
3076 5781 3263 5840 codice
3283 5779 3652 5840 Germanensi.
3673 5780 3794 5834 Ante

559 5860 889 5930 vitmgradus
920 5868 1015 5910 est.
2242 5861 2356 5905 erat
2385 5867 2522 5904 usus.
