3996 6356
276 382 377 439 655
1690 377 1854 433 POEM

1974 378 2147 435 [XVII
3447 383 3552 438 654

409 489 545 547 Vota
571 503 691 545 mea
716 504 730 542 :
753 495 809 543 at
833 487 926 543 tibi
952 486 1128 543 celsus
1156 486 1331 542 honor
1352 492 1568 540 terrena
1598 497 1816 542 recusat
1884 492 1930 549 Α
1957 488 2061 543 ἓΐὶυ
2103 491 2240 546 Ante
2260 491 2432 546 lacum
2455 494 2683 548 viventis
2705 508 2893 565 aqua);
2926 494 3019 549 sed
3042 504 3099 549 et
3121 496 3207 551 hic
3228 496 3390 550 etiam
3415 505 3525 550 tres

411 582 638 637 Gaudia.
656 580 765 637 Sed
791 582 917 650 quia
939 588 1123 636 nostra
1151 588 1256 635 tuac
1280 587 1405 635 sunt
1428 579 1622 648 gaudia
1644 580 1852 650 palmae,
2107 583 2431 658 Cordepari
2461 586 2601 640 trina
2623 586 2726 641 sibi
2756 586 2885 655 legit
2914 587 2980 641 ab
3009 587 3205 642 arbore
3225 587 3426 655 virgas,

414 671 482 728 Ut
509 681 603 727 tua
630 672 868 741 digneris
895 672 941 703 ’°
971 672 1068 726 tibi
1090 669 1437 728 ducere'vota
1469 679 1682 726 tuorum
1699 713 1716 737 ,
2105 673 2270 740 Qucis
2287 673 2343 729 in
2364 689 2503 744 aqua
2532 675 2722 746 positis
2747 692 2914 747 pecus
2934 677 3194 742 advocat,
3220 685 3276 732 et
3295 683 3557 732 coeuntes

276 767 376 821 205
412 766 554 835 Ergo
579 775 704 823 tuos
727 766 915 833 etiam,
937 765 1107 831 Felix,
1131 765 1364 837 imploro
1386 773 1674 835 parentes;
2104 763 2441 833 lngravidat,
2464 766 2732 836 virgisque
2760 768 2930 824 tribus
2951 777 3217 839 concepta
3238 768 3484 833 colorat;

414 861 513 916 Hic
531 874 752 931 quoque
774 859 922 926 ades,
944 860 1078 915 mihi
1103 874 1247 916 nunc
1268 873 1461 929 poscas
1480 866 1542 912 ut
1558 857 1747 912 adesse
1768 870 1863 912 vo-
2111 851 2180 908 Ut
2208 852 2276 909 de
2303 854 2567 911 interrasa
2592 857 2618 896 δ
2640 858 2864 915 variatis
2890 860 3094 916 cortice
3123 861 3308 930 virgis,

1649 946 1860 1021 {catos
1964 942 2069 1001 255
2104 946 2359 1017 lnsignita
2380 949 2558 1019 gregis
2587 950 2666 1018 (ά)
2695 951 2870 1006 sancti
2898 950 3068 1007 fetura
3099 952 3373 1022 probetur.

485 1041 587 1109 Qui
615 1041 796 1098 colitis
818 1042 972 1097 laetos
998 1041 1232 1113 paradisi
1258 1041 1336 1112 (α)
1364 1041 1560 1099 caelitis
1582 1040 1792 1107 hortos,
2110 1036 2181 1090 At
2206 1039 2389 1108 pecori
2422 1037 2604 1094 Lahan
2628 1056 2735 1095 non
2767 1050 2853 1096 est
2885 1049 3035 1107 nota,
3059 1043 3154 1098 sed
3176 1051 3304 1100 nota
3331 1043 3482 1105 vitae;

415 1134 627 1203 Quique
647 1133 749 1188 sub
776 1132 990 1188 excelsa
1020 1132 1231 1189 Domini
1262 1130 1601 1202 requiescitis
1623 1146 1740 1194 ara,
2110 1125 2245 1181 Nam
2273 1126 2400 1183 nota
2431 1130 2622 1184 mortis
2648 1130 2782 1196 erit,
2814 1130 3030 1186 Christo
3065 1148 3169 1186 non
3207 1147 3329 1189 esse
3351 1132 3425 1199 le)
3454 1148 3553 1186 no-

419 1223 653 1283 Pulcher
687 1222 971 1294 apostolici
1007 1222 1209 1278 chorus
1249 1221 1510 1291 agminis,
1537 1228 1594 1276 et
1630 1221 1864 1291 patriar-
3366 1225 3549 1297 [ιδίας.

1682 1311 1866 1385 [chum
2180 1309 2271 1366 Sic
2294 1311 2502 1370 animas
2529 1314 2742 1371 steriles
2763 1315 2817 1371 in
2850 1318 3068 1373 nomine
3094 1318 3268 1387 gratia
3298 1318 3443 1373 trino

276 1407 383 1463 Ito
414 1405 560 1463 Gens
588 1406 759 1478 prior,
785 1406 946 1465 ambo
965 1406 1117 1462 chori
1147 1420 1431 1476 procerum
1448 1444 1464 1469 ,
1488 1419 1628 1475 quos
1653 1405 1867 1475 agmine
2110 1401 2336 1457 liiiiovat
2353 1446 2368 1471 ,
2390 1412 2447 1459 et
2474 1405 2621 1461 verbi
2649 1407 2796 1461 coitu
2825 1408 2909 1461 vir
2938 1407 3173 1479 Spiritus
3195 1408 3403 1479 implet,

1718 1496 1869 1570 [bino
1968 1489 2072 1542 960
2108 1490 2520 1563 Conceptosque
2540 1493 2651 1549 Deo
2675 1504 2825 1552 notat
2849 1498 2991 1553 intus
3018 1511 3039 1535 υ
3068 1496 3280 1554 Eclesia
3301 1497 3327 1535 ά
3359 1498 3498 1553 fetus

418 1591 523 1648 per
547 1591 797 1649 dum
826 1592 970 1648 Deus
996 1590 1229 1661 signavit
1258 1592 1474 1646 nomina
1503 1599 1706 1661 pan-es,
2113 1580 2367 1649 Virgineo
2399 1583 2624 1640 fecunda
2655 1596 2833 1654 utero,
2859 1598 3139 1659 materque
3162 1590 3375 1654 salutis,

417 1681 682 1739 Gentibus
700 1692 756 1738 et
773 1683 987 1754 populis
1005 1698 1230 1752 regnum
1251 1683 1321 1738 ad
1341 1685 1565 1740 caeleste
1585 1682 1866 1740 vocandis:

1807 1684 1866 1738 is;
2112 1670 2249 1725 Dum
2276 1673 2439 1741 virgis
2464 1674 2669 1730 intenta
2694 1678 2864 1733 tribus
2885 1678 3018 1732 bibit
3048 1678 3204 1733 uvida
3225 1678 3385 1734 Verbi

489 1774 601 1829 Vos
628 1774 817 1839 etiam.
829 1773 1021 1837 sancﬁ,
1046 1773 1272 1844 supplex
1294 1773 1551 1844 deposco,
1569 1774 1864 1844 propheta}.
2113 1762 2349 1830 Semina,
2373 1773 2429 1820 et
2455 1769 2640 1822 aeterni
2672 1768 2918 1836 signatur
2939 1770 3140 1826 lumine
3163 1773 3343 1828 vultus
3367 1783 3411 1827 °.

417 1861 479 1921 ιο
503 1872 688 1921 nam
713 1864 806 1935 qui
835 1879 998 1920 came
1026 1863 1198 1919 Deum
1223 1863 1340 1921 fore
1366 1866 1756 1936 pminnisus;
1905 1861 1946 1919 Β
2116 1853 2253 1910 Hinc
2280 1857 2479 1913 sterilis
2505 1859 2717 1927 peperit
2745 1870 2954 1933 septem
2983 1860 3028 1927 τ,
3064 1871 3119 1917 et
3158 1863 3357 1921 defecit
3389 1868 3558 1921 abun-

277 1951 384 2008 ιιδ
420 1951 533 2009 Vos
548 1967 768 2024 quoque
785 1953 1105 2023 corporibus
1130 1954 1282 2009 exesis
1301 1957 1368 2019 ³⁸,
1393 1964 1451 2010 et
1470 1955 1731 2025 sanguine
1752 1952 1870 2010 fuso
2906 1952 2909 1953 ⁷
3409 1956 3559 2031 [dans

418 2039 669 2101 Omina
692 2049 752 2097 et
773 2040 955 2097 vivum
983 2041 1167 2097 testati
1192 2050 1460 2115 martyres
1481 2043 1693 2114 Agnum
1709 2083 1727 2111 ,
1972 2032 2078 2088 Ἆϊὸ
2118 2034 2386 2092 Dilatante
2416 2038 2527 2094 Deo
2556 2046 2748 2096 tenues
2772 2052 2817 2106 Β,
2853 2050 3110 2099 tennante
3131 2047 3415 2116 superbos.

419 2139 621 2194 omnes
645 2136 846 2193 divinis
870 2150 903 2189 a
933 2133 1169 2191 fontibus
1199 2148 1305 2189 una
1335 2148 1600 2204 propago,
2184 2124 2275 2181 Sic
2294 2140 2394 2197 ego
2421 2127 2606 2184 Niceta
2636 2129 2772 2197 viso,
2794 2134 2951 2201 quasi
2981 2134 3129 2191 fonte
3157 2145 3399 2207 reperto.

419 2228 568 2294 Quos
593 2226 716 2297 pius
742 2224 1049 2291 Αδηδω,
1070 2238 1224 2283 me;
1250 2222 1384 2290 me,
1408 2223 1546 2279 lenis
1569 2224 1615 2255 η
1637 2222 1820 2289 Iacob,
2115 2215 2267 2270 Sicut
2295 2216 2414 2272 ovis
2433 2217 2623 2278 sitiens
2650 2221 2718 2276 ad
2747 2223 2866 2278 viva
2895 2221 3097 2281 ﬂuenta
3122 2228 3338 2283 cucurri

419 2316 764 2385 “genuere
791 2313 905 2369 Deo
932 2328 1034 2384 per
1059 2327 1171 2369 πω
1191 2312 1528 2370 numerame
1548 2327 1757 2375 semen,
2111 2307 2327 2375 Aridus,
2354 2316 2410 2363 et
2438 2310 2580 2365 sensi
2611 2326 2731 2368 mea
2760 2314 3007 2384 protinus
3033 2316 3202 2374 ubera
3234 2318 3416 2384 tendi,

279 2408 383 2463 9.20
418 2406 484 2462 Et
508 2406 758 2471 biﬁdum,
785 2406 989 2461 meritis
1010 2406 1340 2472 cmicstihus,
1361 2415 1524 2476 atque
1549 2406 1797 2471 caducis;
2117 2397 2473 2469 Attentusque
2500 2400 2591 2457 diu
2622 2405 2894 2474 pascentis
2924 2406 2979 2461 in
3009 2424 3106 2465 ora
3132 2411 3410 2481 magistri,

422 2493 720 2565 AEquantes
749 2494 834 2549 his
853 2502 999 2550 astra
1020 2495 1163 2565 poli,
1186 2495 1270 2551 his
1299 2496 1513 2555 telluris
1537 2510 1789 2561 arenam;
1973 2484 2000 2538 Ξ

1697 2511 1789 2561 ,ως
1973 2484 2078 2540 270
2114 2485 2329 2558 Inspexi
2356 2487 2521 2545 docto
2549 2491 2727 2548 varias
2752 2493 2805 2548 in
2833 2504 3055 2565 pectore
3077 2498 3275 2568 virgas,

421 2584 599 2642 Credo
625 2584 874 2655 equidem
903 2600 1001 2640 vos
1025 2583 1205 2641 oflicio
1227 2587 1447 2657 pietatis
1474 2585 1545 2640 ad
1573 2586 1739 2642 istum
2114 2579 2586 2652 Conspectumque
2614 2582 2722 2638 bibi
2752 2598 2851 2653 per
2880 2585 3082 2643 lumina
3113 2587 3219 2645 lixa
3243 2592 3483 2650 colorem
3503 2638 3517 2661 ,

422 2674 782 2747 εει-3³2
835 2673 1080 2745 Undique
1120 2676 1440 2733 convenisse
1493 2676 1638 2732 diem
1677 2675 1874 2734 Felicis
2115 2668 2182 2722 Et
2209 2684 2297 2724 me
2324 2668 2520 2725 divinis
2542 2673 2744 2741 sparsit
2770 2688 2925 2732 mens
2953 2679 3167 2734 roscida
3192 2683 3379 2751 guttis.

1639 2766 1869 2839 (amore,
2184 2757 2293 2813 Sed
2332 2768 2512 2816 tamen
2548 2761 2602 2815 in
2630 2763 2804 2818 tribus
2830 2764 2915 2821 his
2945 2767 2961 2837 (
2985 2768 3111 2838 quia
3138 2772 3286 2827 venit
3314 2778 3557 2847 mentio)

423 2855 493 2914 Ut
519 2856 847 2915 confessoris
872 2860 1006 2916 socii
1035 2860 1321 2917 celebretis
1349 2862 1634 2919 honorem.
3351 2862 3558 2936 [virgis,

279 2948 386 3007 225
460 2949 579 3006 Non
608 2958 789 3007 autem
818 2951 953 3007 tanti
982 2952 1114 3007 mihi
1135 2968 1257 3008 sum
1283 2962 1606 3024 praesumtor
1627 2954 1867 3019 honoris,
2113 2939 2169 2996 Si
2198 2940 2409 3011 Ριπεῑν
2436 2941 2784 3013 ίηδβῖείαῐηυε
2812 2946 2989 3002 adhuc
3015 2952 3267 3020 ηιΥεῑθΓίε
3294 2955 3466 3022 νθῧιιίν

426 3037 497 3095 υι
522 3046 739 3095 sanctos
766 3038 972 3097 idcirco
1000 3040 1140 3097 meis
1169 3042 1332 3098 modo
1360 3043 1610 3113 ρτοιίηυε
1630 3058 1820 3099 omnes
1972 3029 2077 3084 275
2116 3029 2250 3087 Tres
2276 3031 2585 3100 patriarcha
2611 3033 2714 3088 sibi
2741 3034 2879 3089 trina
2908 3035 3039 3105 legit
3068 3039 3263 3096 arbore
3288 3043 3488 3113 virgas,

418 3132 676 3188 Sensibus
703 3132 978 3203 adspirare
1002 3148 1212 3203 precer,
1233 3135 1388 3204 quasi
1417 3150 1640 3190 munere
1668 3143 1819 3190 tanto

2112 3118 2422 3191 Spirantem
2454 3120 2524 3192 (ι’)
2550 3123 2803 3192 storacis,
2833 3123 3023 3181 lsevem
3057 3128 3299 3199 platano,
3326 3149 3463 3190 nuce
3484 3136 3559 3191 ην.

422 3221 644 3292 Dignus,
676 3231 735 3277 ut
765 3223 853 3277 illa
880 3237 1006 3279 meo
1032 3233 1255 3280 resonet
1280 3241 1389 3281 vox
1422 3226 1647 3280 turturis
1670 3241 1791 3292 ore,
1892 3230 1941 3293 ο
3376 3220 3560 3296 [mam.

420 3314 593 3380 Quam
619 3321 792 3370 ιοιυηι
823 3314 981 3369 genus
1003 3314 1209 3370 audivi;
1228 3315 1350 3371 ιπω
1376 3331 1476 3387 ρει.
1504 3316 1691 3372 orbem
1717 3334 1729 3369 ε
2117 3298 2350 3371 Spiritus
2378 3299 2434 3355 in
2460 3299 2680 3370 platano
2704 3309 2815 3369 es't,
2834 3302 2997 3374 Virgo
3019 3306 3071 3360 in
3099 3316 3333 3378 storace,
3352 3312 3406 3367 in
3428 3330 3563 3371 nuce

279 3403 384 3458 230
421 3402 532 3459 Sed
558 3404 685 3473 quia
716 3420 820 3459 vox
849 3402 1032 3459 divina
1058 3403 1215 3462 decet
1234 3405 1431 3463 Felicis
1453 3406 1741 3473 honorem,
3270 3401 3558 3475 [Christus

422 3492 488 3548 Et
515 3494 639 3564 quia
669 3493 900 3557 Nicetes,
932 3494 1144 3551 Domini
1174 3512 1309 3567 puer
1337 3507 1500 3568 atque
1519 3499 1792 3563 sacerdos,

2104 3482 2463 3558 633-634
2479 3482 2615 3540 Nam
2642 3486 2858 3556 patulos
2886 3488 3137 3559 platanus
3159 3507 3341 3550 ramos
3367 3510 3558 3567 expan-

421 3584 735 3654 Longinqua
765 3585 962 3641 tellure
988 3586 1121 3641 mihi
1147 3587 1309 3644 modo
1336 3588 1555 3659 missus,
1581 3588 1651 3644 ad
1680 3589 1841 3651 istum
2450 3648 2455 3651 _
3096 3582 3197 3658 [dit
3219 3585 3273 3639 in
3302 3589 3520 3645 umbras
3548 3609 3558 3643 :

418 3673 555 3730 Ερω
583 3673 725 3730 diem
752 3675 903 3731 venit
920 3716 938 3741 ,
967 3675 1051 3730 vir
1079 3683 1190 3732 tam
1216 3678 1393 3734 bonus
1424 3694 1519 3735 οιιε
1548 3679 1826 3749 magistro,
2112 3667 2344 3724 Sanctus
2374 3666 2678 3725 inumbrata
2707 3670 2958 3727 formavit
2978 3673 3201 3743 Virgine
3225 3676 3500 3735 Christum

418 3765 592 3833 Quam
619 3780 773 3821 sacer
791 3774 875 3821 es;
894 3766 1102 3823 γίειοιιθ
1122 3769 1325 3838 animo,
1343 3770 1429 3826 vel
1448 3786 1677 3842 corpore
1699 3773 1859 3828 νίοιο,
1971 3756 2076 3813 280
2112 3758 2364 3830 Spiritus.
2387 3757 2454 3814 Et
2473 3762 2701 3816 storacis
2722 3770 2855 3832 puto
2876 3765 3023 3835 virga
3046 3767 3135 3832 sit,
3153 3768 3347 3825 arbore
3367 3770 3559 3840 David,

279 3853 385 3911 ΞΞῦ
491 3851 536 3908 0
560 3855 691 3911 mihi
725 3854 977 3913 fulminea
999 3858 1276 3915 cherubim
1291 3870 1315 3897 ⁸
1338 3861 1383 3916 si
1408 3861 1609 3933 forcipe
1628 3872 1857 3919 sumtum

2114 3850 2349 3906 Promsit
2376 3851 2660 3908 odoratum
2691 3870 2811 3925 quae
2842 3855 3004 3926 Virgo
3034 3874 3299 3933 puerpera
3328 3860 3538 3921 florem.

421 3947 723 4004 Carbonem
750 3964 817 4004 ex
845 3949 959 4020 ipsa
988 3948 1203 4013 Domini
1223 3954 1409 4023 procul
1432 3954 1508 4026 (ὁ)
1530 3954 1718 4010 efferat
1745 3970 1860 4024 ara,

2109 3941 2272 4010 Virga
2302 3944 2453 3997 nucis
2480 3943 2743 4007 Christus.
2776 3950 3029 4016 quoniam
3061 3953 3112 4005 in
3143 3956 3373 4012 nucibus
3405 3958 3559 4016 cibus

420 4037 489 4093 Et
516 4032 817 4110 peccatoris
844 4039 986 4095 male
1013 4040 1231 4112 pinguia
1262 4043 1412 4099 labra
1442 4054 1680 4115 perorat.
3391 4049 3561 4124 [intus

423 4126 492 4182 Ui
520 4128 779 4184 ἀεῑωωιο
803 4129 1071 4185 concretis
1096 4130 1345 4189 sordibus
1373 4149 1487 4199 ore,
1642 4134 1645 4137 λ
2110 4124 2268 4181 Testa
2301 4125 2451 4190 foris,
2466 4135 2521 4182 et
2543 4143 2727 4183 amara
2757 4146 2921 4201 super
2940 4133 3097 4190 viridi
3128 4147 3253 4193 cute
3281 4150 3466 4198 cortex
3489 4148 3556 4201 ".

424 4222 541 4279 Non
570 4230 629 4278 ιιι
654 4222 722 4278 ab
749 4237 846 4279 ore
873 4237 1017 4288 meo,
1043 4224 1138 4280 sed
1167 4231 1225 4280 ut
1252 4225 1515 4284 auditoris
1542 4229 1610 4284 ab
1640 4244 1753 4294 ονε,
2110 4217 2285 4273 Cerne
2313 4215 2483 4271 Deum
2515 4228 2702 4274 nostro
2732 4221 2968 4278 velatum
2998 4240 3231 4298 corpore
3259 4229 3555 4301 Christum,

278 4313 384 4370 uo
422 4313 591 4385 ιρείυε
612 4316 802 4369 hausta
819 4355 835 4378 ,
859 4328 982 4370 meo
1009 4313 1325 4385 depmmam
1346 4316 1559 4388 dignius
1588 4334 1716 4381 ore;
1967 4305 2070 4361 255
2108 4307 2210 4375 Qui
2225 4305 2426 4377 fragilis
2439 4318 2699 4364 cameest
2713 4310 2880 4367 verbo
2891 4312 3058 4381 cibus,
3077 4324 3303 4375 etcruce
3319 4336 3553 4381 amarus.

419 4406 529 4464 Nec
550 4406 858 4480 peccatoris
883 4404 1061 4463 stolidi
1089 4422 1267 4464 sermo
1288 4423 1449 4478 asper
1474 4418 1531 4465 et
1554 4424 1717 4479 aeger,

2110 4399 2251 4454 Dura
2281 4401 2622 4471 superﬁcies,
2654 4404 2874 4459 verbum
2905 4408 3112 4475 crucis;
3145 4419 3201 4465 et
3228 4415 3403 4470 crucis
3430 4432 3557 4475 esca

422 4500 491 4555 Et
514 4500 682 4556 violet
704 4506 903 4565 castas,
926 4506 984 4555 et
1001 4498 1190 4555 doctas
1213 4499 1285 4571 (ε)
1308 4501 1559 4557 vulneret
1587 4504 1777 4559 aures!
3432 4510 3557 4583 [est,

489 4592 865 4663 sedquoniam
886 4590 1042 4647 lateri
1062 4606 1215 4649 meus
1235 4592 1436 4649 assidet
1458 4594 1571 4665 ipse
1583 4594 1858 4663 magister,
1890 4612 1943 4673 υ
2109 4583 2394 4641 Crelestem
2424 4586 2621 4642 Christi
2652 4588 2912 4645 claudens
2942 4592 2993 4646 in
3024 4608 3189 4651 carne
3210 4599 3518 4658 medullam.

420 4681 735 4737 Comminus
756 4695 789 4736 e
812 4680 1035 4750 regione
1055 4681 1218 4737 situm
1240 4692 1532 4740 venerante
1552 4684 1865 4757 frequenter
1936 4706 1945 4714 ι
2113 4679 2221 4735 Sed
2247 4696 2409 4736 cruce
2435 4681 2607 4737 dulcis
2633 4682 2781 4751 item,
2801 4685 2925 4754 quia
2946 4689 3171 4756 protulit
3190 4695 3559 4753 arborevitam

280 4772 385 4829 $45
424 4770 649 4857 Lumine
675 4770 1042 4842 conspiciam;
1064 4768 1249 4827 forsan
1278 4774 1539 4843 sapientis
1560 4775 1630 4830 ab
1654 4790 1781 4842 ore,
2115 4773 2236 4829 Vita
2267 4775 2407 4829 Deus
2429 4783 2645 4832 noster:
2672 4777 2817 4846 ligno
2844 4794 2967 4836 mea
2992 4780 3110 4837 Vita
3141 4787 3427 4857 pependit,

423 4853 787 4934 mquondam
814 4859 989 4918 emam
1012 4861 1245 4933 pecudes
1276 4864 1509 4934 pastoris
1534 4863 1718 4933 ιποι),
1970 4863 2075 4919 290
2116 4864 2185 4920 Ut
2206 4875 2375 4922 staret
2400 4883 2521 4923 mea
2549 4869 2657 4924 vita
2687 4869 2819 4926 Deo.
2847 4871 2986 4939 Quid
3003 4915 3018 4939 ,
3047 4853 3157 4931 vita
3189 4853 3479 4950 rependam
3496 4927 3511 4947 .

316 5000 323 5001 ,
420 4952 733 5025 Concipiam
760 4951 930 5007 sterili
960 4950 1215 5010 fecundos
1243 4965 1466 5025 pectore
1493 4972 1702 5014 sensus.
2115 4954 2221 5013 Pro
2248 4959 2359 5012 vita
2389 4960 2516 5020 tibi.
2540 4957 2784 5028 Christe,
2812 4966 2967 5019 mea?
2995 4966 3263 5026 nisi-forte
3290 4973 3478 5028 salutis

418 5044 661 5114 Namque
687 5052 742 5099 et
769 5042 980 5099 Nicetes
1011 5043 1238 5102 Domino
1266 5047 1601 5115 benedictus,
1626 5059 1684 5106 ut
1715 5052 1822 5118 ille,
2114 5050 2388 5123 Accipiam
2408 5054 2777 5124 calicem,quo
2799 5064 2851 5110 te
2873 5073 2990 5113 mea
3007 5059 3255 5118 “dextra
3284 5068 3558 5136 propinet,

419 5137 589 5204 Mitis;
612 5143 673 5193 ut
692 5133 853 5190 Israel
879 5132 1069 5190 ovibus
1096 5151 1311 5207 quoque
1338 5149 1523 5210 pastor
1548 5150 1603 5198 et
1631 5143 1797 5199 haedis
2118 5140 2184 5197 Ut
2211 5157 2368 5199 sacro
2392 5145 2583 5199 mortis
2603 5146 2854 5215 pretiosae
2874 5149 3092 5218 proluar
3111 5132 3324 5208 haustu.

352 5271 506 5328 ρ·Μὶ
531 5286 608 5335 vt,
634 5268 848 5325 6..Vide
867 5275 985 5322 not.
1006 5267 1134 5323 50L

351 5341 380 5381 δ
410 5342 463 5397 ld
490 5350 577 5399 est
601 5341 789 5396 incisa.

1975 5280 2122 5404 (10$)
2263 5279 2580 5405 mea}!
2612 5279 2712 5337 Ed.
2737 5283 2928 5347 Βοῦν..
2954 5282 3181 5353 adferat.
3197 5284 3376 5344 Ceteri
3401 5306 3553 5348 men-

776 5380 807 5415 .‘
1970 5367 2119 5415 (lose,
2151 5367 2249 5404 uae
2278 5367 2430 5415 perat.

355 5424 378 5503 ξ
408 5412 542 5503 X399
565 5422 679 5503 ηοξ·
2005 5491 2016 5503 ⁸
2043 5408 2119 5503 (ρΣ
2142 5420 2241 5475 Ms.
2271 5408 2454 5478 Germ.
2488 5422 2655 5478 codex
2674 5466 2690 5491 ,
2720 5423 2947 5479 verberet
2965 5462 2981 5487 ,
3022 5424 3199 5482 minus
3249 5428 3391 5487 bene
3433 5444 3551 5503 post

351 5479 379 5519 ά
408 5481 541 5538 Vide
565 5489 682 5537 not.
711 5478 838 5537 239.
1638 5528 1641 5531 -
1973 5478 2142 5545 υἰοὶεέ.

356 5563 380 5630 ξ
577 5568 651 5616 Iv,
684 5550 803 5630 7_._‘
2040 5562 2118 5630 (ά)
2151 5560 2251 5616 Ms.
2284 5560 2494 5628 Germ,
2521 5563 2731 5628 Christi.

358 5620 378 5660 τ
409 5622 541 5701 nde
559 5621 826 5701 ηοι,
2040 5620 2112 5701 {ei
2142 5633 2221 5687 Ita
2267 5620 2612 5689 emendatum
2660 5652 2727 5690 ex
2761 5651 2861 5690 ms.
2895 5637 3080 5692 Germ.
3122 5648 3177 5693 et
3214 5641 3327 5700 edit
3355 5643 3541 5700 Schot.

356 5702 381 5740 ε
410 5691 582 5766 ωας.
607 5708 665 5766 [ι.
688 5692 743 5745 5.
926 5762 953 5766 η
1092 5764 1188 5766 __,_

926 5762 953 5766 _-
1092 5764 1151 5766 __.
1179 5764 1188 5766 _
1968 5702 2070 5756 Alii
2089 5691 2105 5766 ζ
2124 5714 2369 5761 navatae.

354 5764 428 5850 La)
457 5763 554 5820 Ms.
598 5763 804 5828 Germ.,
842 5762 1058 5818 uelim.
1091 5764 1228 5822 Vide
1257 5781 1423 5823 carm.
1460 5766 1520 5823 2|
1541 5809 1556 5833 ,
1583 5784 1633 5823 v.
1665 5769 1770 5825 775
1799 5782 1857 5827 et
2043 5762 2108 5850 ﬂ
2136 5774 2212 5828 Ita
2242 5774 2583 5850 emendatum
2615 5790 2681 5830 cx
2712 5793 2812 5831 ms.
2848 5777 3036 5836 codice
3066 5779 3251 5840 Germ.
3302 5794 3357 5839 et
3394 5785 3555 5850 editis

281 5833 405 5887 8'13.
1966 5833 2218 5911 quinque.
2254 5844 2351 5899 Ed.
2388 5845 2570 5910 Rosv.,
2602 5856 2824 5902 clarere.
