3996 6356
398 408 403 412 ~
496 378 601 434 655

705 485 811 542 Sed
838 485 966 556 quid
995 482 1188 555 agam?
1220 495 1394 552 neque
1418 482 1463 537 si
1494 482 1771 552 proprium
1801 480 1921 534 dem
1949 493 2071 533 cor-
2100 485 2145 537 Α

1669 573 1791 647 [pus
1820 573 1874 627 in
1902 572 2073 641 ignes,

495 669 597 726 295
635 668 1009 738 Vilescamque
1029 666 1179 733 mihi,
1202 680 1301 721 nec
1322 667 1369 697 ’⁵
1400 663 1662 733 sanguine
1681 663 1863 719 debita
1887 661 2005 719 fuso

629 760 780 816 Justa
806 759 901 815 tibi
931 758 1157 825 solvam,
1184 757 1308 827 quia
1331 771 1419 812 me
1441 756 1659 812 reddam
1690 755 1786 811 tibi
1807 770 1907 827 pro
1927 769 2036 821 me,

630 852 697 906 Et
720 850 978 921 quidquid
993 849 1152 904 simili
1177 850 1295 905 vice
1322 849 1749 918 fecero,semper
1770 862 1865 902 ero
1880 845 2071 917 impar,

627 943 839 998 Christe
860 942 954 998 tibi
973 960 985 995 :
1006 941 1130 1012 quia
1152 950 1210 996 tu
1222 955 1319 1012 pro
1341 955 1427 995 me
1443 955 1585 1005 mea,
1605 955 1712 996 non
1735 948 1823 994 tua
1841 938 2070 1006 Christe,

633 1035 826 1090 Debita
849 1035 1089 1100 solvisti,
1114 1050 1214 1104 pro
1242 1033 1413 1089 servis
1432 1047 1623 1102 passus
1643 1032 1856 1101 iniquis.

492 1125 595 1180 500
698 1125 830 1192 Quis
856 1124 954 1181 tibi
981 1131 1173 1195 penset
1214 1125 1404 1179 amor?
1441 1123 1697 1179 Dominus
1725 1136 1846 1177 mea
1898 1121 2073 1176 forma

1879 1210 2068 1285 [fuisti,

636 1306 708 1363 Ut
747 1321 934 1363 servus
975 1316 1066 1362 tua
1094 1305 1268 1363 forma
1310 1304 1514 1361 forem:
1548 1313 1603 1361 et
1631 1318 1719 1359 res
1746 1316 1939 1372 magna
1969 1318 2071 1373 pu-

1883 1392 2069 1465 [tatur,

634 1491 859 1558 Mcrcari
882 1490 1155 1562 propriam
1184 1488 1253 1545 de
1280 1503 1340 1544 re
1366 1495 1626 1560 pereunte
1650 1486 1917 1542 salutem?

633 1582 912 1653 Perpetuis
942 1589 1149 1635 mutare
1177 1579 1377 1636 caduca
1398 1618 1413 1645 ,
1444 1587 1498 1633 et
1521 1578 1757 1633 vendere
1785 1584 1985 1630 terram
2005 1616 2020 1640 ,

630 1674 835 1730 leum
860 1673 1074 1728 emere?
1101 1670 1238 1727 Ecce
1266 1669 1406 1726 Dens
1432 1679 1635 1739 quanto
1649 1684 1738 1724 me
1750 1669 1927 1724 carius
1942 1667 2073 1722 emit

489 1765 595 1821 505
632 1764 805 1820 Morte
828 1763 1039 1820 crucis?
1060 1777 1269 1833 passus,
1289 1761 1528 1831 dejectus
1549 1761 1778 1829 imagine
1799 1758 1963 1827 servi,

1428 370 1484 425 S.
1531 368 1804 425 PAULINI
1842 363 2089 423 NOLANI
2130 361 2431 418 EPISCOPI
2471 327 2811 427 POEMATA.

3643 383 3736 442 636

2226 476 2229 477 ⁷
2314 476 2674 551 635-636
2707 478 2814 536 Sed
2847 480 3127 537 desideriis
3167 486 3562 556 superantibus,
3595 490 3737 548 obvia

3601 581 3739 638 nobis

3601 586 3670 635 nol

2315 655 2543 713 Vincula
2569 658 2762 729 rupisti
2784 676 2797 713 :
2822 674 2923 715 nec
2949 669 3003 716 te
3030 677 3199 728 mare,
3225 680 3323 720 nec
3350 666 3503 722 labor
3525 579 3670 735 uulgus,

2319 746 2431 803 Nec
2456 747 2672 806 Gothici
2700 758 2925 807 tenuere
2946 760 3140 819 metus,
3166 770 3265 810 nec
3285 756 3481 824 frigora
3512 758 3677 829 longis

2176 836 2281 893 540
2317 839 2459 895 Dura
2485 842 2622 897 viis:
2655 857 2782 900 vere
2805 844 2857 898 in
2887 846 3073 907 tantis,
3095 844 3301 914 Niceta,
3323 846 3470 902 fuisti

2315 929 2541 990 Casibus
2569 933 2762 990 affectu
2792 936 2965 992 victus
2983 938 3263 1007 victorque
3290 940 3541 1010 benigno,
3588 976 3591 981 η

2317 1020 2498 1078 Fortis
2529 1032 2586 1079 et
2631 1025 2875 1082 infirmus
2920 1023 3141 1097 pariter,
3187 1029 3283 1085 sed
3328 1040 3606 1102 utrumque
3649 1052 3737 1104 p0-

3529 1126 3729 1198 [tentem

2314 1205 2503 1264 Victus
2529 1209 2786 1279 amicitia,
2806 1210 2981 1266 victus
2999 1211 3193 1268 Felicis
3211 1228 3420 1280 amore,

2315 1297 2502 1355 Vicisti
2528 1301 2694 1357 duros
2722 1310 2909 1358 tenera
2936 1303 3137 1373 pietate
3165 1305 3400 1361 labores.

2171 1388 2277 1441 545
2384 1390 2537 1447 Nunc
2577 1405 2706 1461 age,
2745 1401 2932 1450 sancte
2961 1410 3188 1464 parens,
3229 1412 3418 1453 aurem
3447 1399 3572 1453 mihi
3612 1400 3733 1455 dede

3378 1489 3705 1561 [manumque
3718 1508 3731 1556 ;

2316 1569 2583 1627 Nodemus
2606 1573 2652 1605 “
2679 1573 2856 1629 socias
2883 1575 2938 1629 in
2965 1574 3179 1631 vincula
3207 1586 3396 1633 mutua
3424 1582 3640 1649 palmas,

2315 1664 2480 1733 Inque
2507 1667 2679 1721 vicem
2706 1668 2861 1724 nexis
2887 1668 3098 1723 alterno
3127 1668 3332 1725 findere
3355 1672 3575 1737 dextris,

2312 1754 2603 1812 Sermones
2621 1758 2799 1813 varios
2823 1773 3009 1827 gressu
3030 1761 3297 1829 spatiante
3318 1776 3575 1817 seramus.

2311 1844 2575 1903 Enarrare
2602 1849 2731 1904 libet
2751 1850 2909 1905 simul
2926 1889 2941 1913 ,
2974 1860 3030 1906 et
3057 1861 3364 1908 monstrare
3390 1857 3594 1923 parenti

2172 1936 2283 1995 550,
2313 1936 2557 1993 Sollicito
2589 1948 2803 1996 nostros
2831 1949 2949 1997 toto
2977 1958 3085 2012 quo
3111 1944 3283 1999 defuit
3309 1955 3463 2002 actus

2313 2030 2596 2101 Tempore.
2639 2032 2774 2087 Nam
2821 2035 2909 2089 cui
2945 2034 3066 2104 jure
3112 2038 3283 2107 magis
3317 2053 3437 2094 mea
3478 2050 3617 2109 gezta
3654 2060 3729 2099 re-

3554 2143 3709 2190 texam

3554 2143 3709 2190 texam

2311 2210 2609 2281 Felicisque
2635 2228 2799 2269 manu
2826 2215 2982 2270 nobis
3009 2225 3231 2286 operata
3261 2136 3561 2291 revolvaml,
3714 2176 3729 2202 ,

630 1855 705 1911 "Ut
731 1856 864 1912 viles
892 1862 1099 1910 emeret
1127 1853 1367 1924 pretioso
1395 1851 1656 1921 sanguine
1684 1864 1889 1905 servos.
1975 1852 1986 1864 '
2100 1859 2143 1918 Β

701 1946 809 2003 Sed
836 1946 965 2016 quid
992 1945 1183 2014 agam?
1216 1943 1295 2015 (α)
1324 1944 1497 1999 intuto
1528 1943 1844 1998 temerarius
1870 1940 2072 1997 evehor

1915 2034 2068 2106 [alto,

630 2132 805 2187 Ausus
826 2132 879 2186 in
904 2129 1177 2185 excelsum
1204 2127 1373 2197 fragili
1405 2142 1491 2183 me
1519 2126 1739 2182 credere
1769 2125 1985 2195 penna?

630 2222 879 2294 Martyris
908 2220 1106 2290 egregii
1136 2219 1369 2273 natalem
1402 2218 1514 2291 (qui
1544 2234 1695 2273 meus
1721 2225 1805 2272 est
1834 2219 1975 2285 mos)

490 2315 594 2369 510
631 2313 853 2369 Materia
877 2312 1079 2367 leviore
1107 2326 1327 2375 canens,
1357 2310 1408 2364 in
1439 2325 1643 2365 summa
1669 2316 1892 2378 repente

625 2406 862 2471 Emicui,
902 2419 1065 2476 super
1104 2412 1251 2458 astra
1297 2404 1511 2468 volans,
1555 2411 1897 2469 mentemque
1942 2414 2072 2469 pro-

1862 2490 2068 2563 [cacem

625 2591 705 2646 Ad
736 2604 914 2644 rerum
937 2588 1141 2645 fontem
1170 2589 1335 2643 misso
1363 2602 1612 2643 sermone
1642 2585 1861 2642 tetendi.

704 2681 852 2737 Unde
879 2680 1010 2737 mihi
1039 2680 1138 2735 hos
1158 2679 1399 2735 animos?
1421 2694 1539 2750 quae
1560 2694 1646 2733 me
1665 2679 1807 2733 levat
1827 2695 1955 2734 aura
1975 2696 2068 2735 su-

1783 2772 1796 2843 [
1805 2774 2029 2843 perbum
2043 2775 2067 2828 ?

622 2863 742 2919 Non
779 2877 1017 2935 agnosco
1048 2871 1266 2919 tumens
1306 2876 1427 2917 mea
1470 2868 1723 2933 pectora;
1756 2862 1931 2932 major
1958 2864 2069 2933 agit

1869 2954 2065 3027 [mens,

486 3043 592 3099 515
628 3044 814 3101 Sentio
842 3045 1106 3114 Nicetam,
1138 3045 1229 3116 qui
1259 3044 1536 3115 proximus
1564 3044 1784 3110 assidet,
1813 3053 1869 3099 et
1896 3060 1983 3100 me

626 3139 846 3208 Tangit,
879 3148 934 3194 et
962 3137 1221 3207 adjuncto
1250 3137 1405 3192 lateri
1438 3137 1643 3192 vicinus
1672 3137 1908 3193 anhelat.

626 3232 764 3287 Acer
792 3231 1097 3285 anhelantis
1117 3230 1270 3300 juxta
1300 3245 1385 3284 me
1414 3229 1633 3300 spiritus
1659 3230 1855 3295 intrat,

620 3322 1008 3391 lnsolitumque
1030 3330 1226 3393 potens
1248 3320 1559 3376 meditantis
1581 3322 1805 3376 suscitat
1828 3322 2028 3391 ignem,

624 3413 904 3484 Frigentes
928 3413 1176 3467 animans
1203 3412 1420 3467 admoto
1450 3409 1636 3466 fomite
1667 3410 1849 3468 libras.

482 3505 583 3561 5‘25)
686 3502 793 3559 Sed
822 3503 1110 3574 reprimam
1149 3501 1382 3558 tumidos
1411 3500 1587 3566 ﬂatus,
1617 3517 1719 3557 nec
1752 3516 1944 3572 magna
1973 3519 2065 3559 su-

1834 3595 1953 3668 [per
1979 3611 2067 3651 me

622 3689 860 3760 Exiguus
891 3690 964 3762 (b)
994 3690 1224 3762 sperabo
1254 3691 1421 3760 loqui,
1446 3690 1754 3759 referarque
1779 3690 1965 3745 relicta

624 3781 828 3838 Parvus
844 3784 1026 3847 humo,
1047 3790 1103 3836 et
1126 3782 1288 3852 plano
1314 3780 1510 3836 modici
1527 3779 1661 3851 pede
1680 3779 1929 3835 carminis
1953 3778 2061 3834 ibo.

696 3873 951 3941 Quamvis
980 3872 1175 3929 Felicis
1203 3872 1454 3927 meritum
1482 3871 1708 3926 sublime
1734 3870 1934 3941 profari

620 3963 740 4019 Non
768 3964 968 4033 possim
997 3963 1113 4018 sine
1143 3962 1299 4016 laude
1326 3961 1450 4028 Dei,
1477 3969 1530 4015 tu
1556 3969 1741 4016 sancte
1770 3968 1993 4031 paterno

479 4053 582 4109 325
619 4053 843 4124 Suscipe
863 4069 948 4109 me
968 4051 1153 4107 Niceta
1173 4053 1293 4107 sinu
1314 4070 1324 4104 :
1350 4059 1405 4107 et
1432 4051 1560 4107 dum
1582 4059 1802 4122 pectore
1830 4051 1988 4107 docto

620 4144 922 4209 Sustineor,
948 4150 1112 4213 caput
1133 4143 1185 4196 in
1210 4140 1406 4197 blando
1431 4142 1559 4195 mihi
1580 4141 1743 4197 corde
1764 4142 2060 4210 rcclinans,

622 4236 712 4291 Sal
744 4243 866 4289 tuus
896 4233 1155 4289 insulsum
1178 4248 1264 4287 me
1286 4231 1533 4298 condiat,
1562 4239 1617 4287 et
1639 4233 1884 4288 sitientes

625 4329 783 4385 Dives
805 4343 938 4387 vena
962 4329 1099 4396 riget
1119 4328 1235 4382 rivo
1256 4328 1386 4382 mihi
1408 4335 1631 4397 perpete
1659 4342 1868 4382 sensus.

688 4418 872 4474 Dicam
901 4420 1092 4473 iterum
1123 4417 1392 4488 gaudens,
1416 4426 1471 4472 et
1500 4417 1673 4473 adhuc
1703 4418 1786 4473 vix
1820 4419 2061 4475 muneris

1880 4509 2088 4582 [hujus_

2314 2303 2485 2368 Quam
2512 2304 2600 2359 cui
2621 2319 2749 2360 cura
2778 2308 2999 2361 sumus?
3026 2308 3242 2376 gemino
3267 2310 3342 2380 (c)
3373 2313 3462 2381 qui
3486 2312 3602 2381 jure
3627 2330 3723 2369 ma-

3572 2403 3729 2478 [gistri

2312 2483 2380 2539 Et
2425 2486 2593 2557 patris
2634 2495 2691 2542 ut
2742 2488 2882 2545 bene
2925 2500 3076 2561 gesta
3120 2492 3350 2563 probet,
3384 2495 3462 2551 sic
3506 2496 3725 2568 improha

2538 2629 2542 2635 .
3477 2589 3722 2662 [damnct:

2169 2668 2273 2723 555
2309 2667 2558 2739 Corrigat
2584 2678 2790 2738 errata,
2815 2674 3141 2744 etLplacidus
3167 2675 3423 2747 disponat
3442 2681 3636 2748 agenda
3660 2701 3671 2734 :

2308 2760 2624 2831 lmperl'ecta
2649 2763 2803 2833 juvet
2831 2767 3101 2835 precibus.
3128 2768 3370 2838 perfecta
3392 2774 3636 2828 sacerdos

2310 2854 2561 2922 Dedicet;
2587 2865 2749 2926 atque
2778 2859 2849 2913 ita
2881 2874 2943 2914 se
2968 2858 3164 2916 Felicis
3185 2863 3239 2917 in
3269 2865 3478 2920 :edibus
3506 2867 3636 2922 ultro

2311 2946 2484 3016 Atque
2503 2948 2639 3003 citro
2660 2948 2877 3016 referat,
2891 2958 3164 3021 tamquam
3189 2954 3366 3025 ipsum
3393 2967 3605 3027 pectore
3626 2966 3725 3013 toto

2306 3037 2541 3093 Felicem
2570 3047 2751 3109 gerat,
2778 3048 2834 3096 et
2861 3043 3035 3112 patria
3059 3056 3118 3099 se
3141 3044 3316 3113 jactet
3340 3049 3395 3102 in
3424 3050 3562 3105 aula.

2377 3128 2516 3198 Ergo
2553 3132 2713 3200 veni,
2746 3142 2920 3203 pater,
2963 3142 3017 3189 et
3054 3136 3204 3192 socio
3255 3139 3387 3194 mihi
3419 3141 3631 3212 jungere
3657 3142 3724 3210 (Δ)

3565 3233 3724 3306 [passu

2309 3316 2445 3371 Dum
2475 3325 2530 3372 te
2558 3318 2758 3376 circum
2787 3331 2953 3387 agens
2981 3335 3205 3391 operum
3237 3338 3339 3393 per
3363 3323 3565 3393 singula
3584 3325 3720 3380 duco.

2381 3405 2520 3462 Ecce
2546 3407 2697 3463 vides
2725 3409 2903 3473 istam,
2927 3426 3033 3480 qua
3050 3413 3215 3481 janua
3237 3415 3413 3485 prima
3438 3424 3682 3487 receptat,

2309 3497 2555 3555 Porticus
2577 3500 2808 3556 obscuro
2833 3501 3008 3558 fuerat
3035 3507 3180 3575 prius
3210 3510 3407 3564 obruta
3430 3517 3601 3575 tecto;

2312 3591 2465 3647 Nunc
2483 3592 2674 3647 eadem
2695 3610 2835 3649 nova
2866 3597 3152 3665 pigmentis
3176 3609 3233 3656 et
3260 3602 3495 3658 culmine
3521 3602 3692 3658 crevit.

2166 3682 2270 3738 565
2309 3685 2405 3737 Ast
2433 3684 2522 3739 ubi
2552 3694 2869 3755 conseptum
2899 3689 3161 3756 quadrato
3190 3694 3450 3762 tegmine,
3471 3695 3602 3748 circa

2310 3775 2643 3831 Vestibulum
2670 3776 2855 3832 medio
2883 3788 3159 3835 reseratur
3186 3780 3242 3836 in
3270 3784 3475 3839 (ethera
3504 3797 3698 3853 campo,

2306 3865 2563 3923 Hortulus
2589 3877 2714 3925 ante
2743 3867 2842 3923 fuit
2870 3871 3010 3926 male
3041 3874 3115 3942 (ε)
3144 3873 3293 3929 culto
3321 3878 3542 3947 cespite,
3563 3887 3719 3929 rarum

2312 3957 2449 4011 Area
2480 3958 2599 4014 vilis
2628 3959 2747 4013 olus
2773 3959 2946 4014 nullos
2975 3962 3248 4030 prazbebat
3274 3966 3342 4020 ad
3372 3981 3514 4021 usus.

2379 4051 2584 4106 Interea
2607 4051 2764 4106 nobis
2791 4066 2942 4107 amor
2970 4054 3186 4118 incidit,
3216 4056 3319 4113 hoc
3348 4072 3482 4129 opus
3504 4059 3566 4129 (Γ)
3593 4058 3686 4112 isto

2164 4141 2269 4197 570
2306 4141 2599 4197 AEdificare
2620 4143 2739 4198 loco
2765 4161 2776 4195 :
2804 4158 3033 4214 namque
3056 4147 3198 4201 hunc
3223 4147 3517 4219 deposcere
3542 4147 3717 4204 cultum

2304 4232 2422 4303 lpsa
2448 4233 2760 4300 videbatur;
2786 4236 3145 4290 venerandam
3173 4246 3231 4291 ut
3257 4241 3507 4312 martyris
3533 4239 3690 4293 aulam

2307 4325 2527 4382 Eminus
2553 4326 2778 4383 adversa
2806 4328 3009 4384 foribus
3036 4328 3104 4384 de
3131 4329 3311 4387 fronte
3338 4333 3575 4399 reclusis,

2306 4419 2503 4475 chtior
2531 4420 2826 4475 illustraret
2851 4421 3054 4486 honos;
3087 4429 3143 4477 et
3170 4431 3358 4493 aperta
3383 4440 3479 4495 per
3505 4436 3648 4478 arcus

2306 4508 2506 4565 Lucida
2535 4509 2683 4565 frons
2707 4509 2906 4565 bifores
2933 4511 3284 4581 perfunderet
3312 4514 3498 4569 intima
3528 4514 3664 4580 largo

2166 3130 2271 3183 560

480 4600 583 4657 550
619 4600 881 4657 Credulus
899 4641 913 4666 ,
938 4600 1277 4670 ingeminabo
1312 4613 1538 4669 rogans:
1568 4599 1692 4664 Dic,
1723 4614 1936 4670 qnmso,
1968 4615 2058 4656 re-
2093 4605 2139 4666 ι)
2165 4602 2270 4657 575
2310 4603 2552 4670 Lumine,
2575 4604 2851 4674 conspicui
2880 4604 2947 4658 ad
2976 4603 3166 4660 faciem
3195 4620 3457 4661 conversa
3482 4600 3710 4674 sepulcri,

1863 4693 2056 4766 man?

619 4780 803 4852 Teque
844 4782 1017 4853 ipsum
1061 4793 1219 4837 teneo
1242 4822 1256 4846 ,
1289 4781 1510 4837 Niceta?
1549 4782 1603 4837 in
1648 4796 1757 4853 quo
1797 4782 2059 4842 hactenus

1649 4878 1656 4883 ’
1888 4881 2057 4957 [mea

618 4970 813 5026 Noctes
843 4978 1004 5041 atque
1029 4969 1142 5025 dies
1168 4969 1347 5024 animo
1378 4968 1593 5023 tabente
1620 4969 1886 5040 pependi?

624 5062 825 5119 Venisti
855 5063 1069 5117 tandem
1098 5069 1288 5132 quarto
1314 5060 1445 5117 mihi
1474 5061 1676 5117 reditus
1698 5077 1859 5117 anno.

611 5156 717 5213 Sed
743 5165 919 5226 grates
946 5155 1178 5220 Christo,
1202 5155 1325 5224 quia
1356 5164 1408 5209 te
1434 5155 1519 5209 vel
1540 5170 1662 5209 sero
1683 5155 1912 5211 revexit.

695 5251 866 5316 Quam
890 5248 1061 5303 metui
1085 5261 1154 5302 ne
1179 5254 1232 5302 te
1260 5244 1451 5301 mediis
1477 5245 1789 5314 regionibus
1818 5246 1992 5302 hostis

618 5340 914 5396 Disclusum
937 5337 1185 5409 opposita
1212 5335 1477 5392 bellorum
1506 5336 1648 5392 nube
1678 5338 1924 5392 teneret?

540 5485 565 5513 ι
596 5475 731 5531 Vide
758 5482 872 5531 not.
903 5472 1008 5527 504
1035 5479 1090 5528 et
1116 5471 1206 5527 59.

540 5549 620 5630 ςα)
648 5545 737 5601 Sic
764 5544 1164 5619 emendavimus
1202 5557 1270 5597 ex
1317 5556 1416 5597 ms.
1449 5539 1802 5597 Germanensi
1829 5540 2040 5599 codice.

473 5617 847 5759 Μὶῖῗίἵιιῗιῖε.
879 5684 1050 5740 codex
1070 5682 1252 5738 Germ.
1267 5681 1497 5737 cum.ed.
1518 5681 1706 5736 Schot.
1725 5680 1925 5746 Ceteri,
1945 5684 2048 5753 spi-

473 5758 620 5894 Μἴῇ
645 5822 737 5879 Sic
756 5838 854 5879 ms.
874 5823 1054 5899 Germ.
1080 5837 1205 5877 cum
1225 5818 1383 5877 editis
1397 5820 1554 5878 codd.
1572 5821 1745 5891 Grin.,
1760 5820 1966 5882 Poelm.
1986 5834 2044 5882 et

483 5251 588 5306 555

2305 4695 2422 4761 Quo
2453 4695 2649 4764 tegitur
2677 4695 2856 4765 posito
2885 4696 3092 4765 sopitus
3117 4710 3350 4765 corpore
3378 4703 3592 4765 martyr,

2303 4784 2403 4852 Qui
2425 4800 2521 4840 sua
2545 4785 2795 4854 fulgentis
2815 4786 2932 4841 solii
2956 4796 2982 4823 η
3008 4800 3106 4854 pro
3136 4786 3319 4841 limine
3346 4786 3526 4851 Felix,

2302 4876 2450 4930 Atria
2478 4876 2561 4931 bis
2589 4876 2802 4943 gemino
2830 4875 3111 4945 patefactis
3138 4876 3340 4933 lumine
3365 4877 3529 4932 valvis

2305 4966 2526 5038 Spectat
2551 4980 2737 5033 ovans,
2768 4966 3069 5037 gaudetque
3097 4968 3197 5038 piis
3225 4985 3318 5024 sua
3350 4968 3541 5025 moenia
3559 4963 3684 5021 vmci

2170 5055 2274 5113 580
2309 5056 2571 5122 Canibus,
2583 5065 2745 5128 atque
2758 5059 2964 5129 amplas
2980 5060 3191 5130 populis
3207 5060 3566 5131 rumpentibus
3584 5056 3723 5111 aulas

2305 5152 2500 5207 Laxari
2522 5151 2715 5208 densas
2735 5167 3020 5207 numerosa
3041 5168 3139 5223 per
3159 5154 3297 5210 ostia
3319 5153 3517 5208 turbas.

2299 5246 2546 5317 Ipsaque,
2572 5260 2678 5315 qua
2705 5245 2942 5301 tumulus
2968 5247 3160 5301 sacrati
3188 5246 3437 5318 martyris
3461 5247 3648 5306 exstat,

2299 5338 2435 5393 Aula
2464 5353 2633 5393 novos
2659 5336 2874 5393 habitus
2902 5338 3053 5394 senio
3079 5346 3303 5409 purgata
3325 5332 3584 5393 resumsit.

2153 5475 2437 5532 Sacchino.
2470 5473 2604 5537 Alii,
2634 5491 2850 5545 quoque.

2252 5546 2305 5616 ά)
2339 5545 2433 5600 Ms.
2468 5545 2674 5607 Germ.,
2708 5561 2905 5616 gressu.

2250 5596 2303 5686 é)’
2330 5596 2845 5686 nii'enéiiiiavfmus‘
2873 5596 2939 5669 ex
2969 5628 3071 5669 ms.
3107 5613 3290 5670 codice
3318 5610 3497 5666 Germ.
3538 5613 3591 5661 et
3626 5596 3701 5654 ed-

2153 5684 2339 5741 sum.
2366 5686 2418 5738 in
2445 5700 2614 5752 marg.
2649 5684 2789 5752 Ante
2819 5694 2937 5739 erat
2964 5694 3126 5738 casto.

2229 5736 2419 5827 mss
2443 5736 3157 5827 έίίέςῖεέιιιίῖεδεῑςρδάερρε
3175 5753 3432 5825 quinque.
3460 5749 3584 5821 θροο-
3611 5736 3697 5796 εδ·

2158 5824 2345 5890 nos“,
2376 5827 2483 5891 isti,
2513 5824 2786 5880 mendose.
