3996 6356
213 394 310 450 657
1633 393 1791 451 POEI

1913 395 2116 453 XXVII.
3380 392 3491 449 658

425 507 590 565 Trina
618 524 811 565 manus
836 507 1000 565 variis
1026 496 1251 580 operata
1274 507 1561 565 decoribus
1580 508 1728 565 illam
1826 515 1875 573 Α
2046 511 2365 582 Composuit
2390 510 2606 582 gemino
2633 511 2756 566 vita:
2782 510 3137 566 medicamina
3163 508 3320 565 libro.

156 654 162 659 .
218 599 319 656 385
354 599 637 668 Excoluit;
668 599 836 671 bijugi
866 600 1110 671 laqueari
1139 608 1196 656 et
1222 614 1492 673 marmore
1519 599 1654 657 fabri
1673 640 1690 666 ,
2118 607 2214 663 llis
2239 607 2372 663 socii
2402 607 2622 678 pietate,
2654 606 2778 670 llde,
2805 605 3027 671 virtute,
3051 618 3274 668 corona,

351 694 537 751 Pictor
565 694 891 764 imaginibus
918 693 1100 749 divina
1131 692 1427 753 ferentibus
1453 708 1569 750 ora.
2046 700 2328 773 Martyres,
2355 680 2636 770 Agricola,
2656 708 2709 755 et
2732 698 2961 754 Proculo
2981 697 3170 753 Vitalis
3188 696 3478 764 adhaerens,

421 785 567 843 Ecce
593 786 746 843 vides
775 794 1011 857 quantus
1049 788 1091 819 ’⁷
1119 785 1375 857 splendor
1404 796 1453 852 ⁸,
1505 784 1656 842 velut
1685 785 1800 840 inde
1904 790 2010 846 £50
2048 790 2117 846 Et
2142 806 2262 862 qua:
2286 790 2607 848 Chalcidicis
2640 803 2660 831 δ
2692 792 2986 862 Euphemia
3015 799 3220 863 martyr
3246 792 3301 846 in
3330 790 3459 857 oris,

1586 879 1800 953 [renata
2049 883 2239 952 Signat
2261 883 2507 952 virgineo
2536 892 2804 939 sacratum
2829 882 3087 951 sanguine
3116 882 3285 937 littus.

352 971 550 1027 Rideat
577 972 899 1042 insculptum
927 987 1143 1029 camera
1169 972 1442 1043 crispante
1470 970 1692 1025 lacunar
1712 967 1765 1022 δ.
2046 975 2278 1032 Vitalem
2302 1017 2319 1043 ,
2383 974 2686 1045 Agricolam
2715 1017 2730 1041 ,
2792 973 3190 1044 Proculumque
3244 973 3478 1031 Bononia

352 1065 411 1119 ln
435 1066 583 1135 ligno
602 1065 863 1120 mentitur
893 1066 1055 1132 ebur;
1080 1073 1335 1136 tectoque
1360 1078 1597 1135 superne
1614 1064 1662 1095 "
3190 1062 3417 1136 [condit,

219 1156 317 1213 390
350 1155 656 1212 Pendentes
683 1156 864 1228 lychni
892 1157 1055 1227 spiris
1084 1157 1388 1213 retinentur
1411 1154 1622 1221 ahenis,
2046 1155 2194 1224 Quos
2216 1156 2396 1227 iurata
2427 1156 2559 1213 fides
2584 1156 2801 1227 pietatis
2825 1156 2878 1210 in
2907 1170 3056 1209 arma
3077 1155 3308 1219 vocavit,

351 1247 419 1303 Et
447 1248 630 1304 medio
658 1249 714 1304 in
738 1264 910 1304 vacuo
938 1248 1076 1303 laxis
1104 1262 1239 1317 vaga
1271 1248 1475 1304 lumina
1501 1253 1694 1301 nutant
2044 1247 2256 1319 Parque
2285 1249 2357 1321 (ε)
2383 1248 2676 1305 salutiferis
2703 1247 2839 1303 texit
2867 1247 3091 1303 victoria
3120 1245 3336 1316 palmis,

352 1340 622 1405 Funibus;
649 1338 912 1397 undantes
939 1338 1187 1397 ﬂammas
1214 1339 1352 1396 levis
1377 1354 1508 1394 aura
1538 1338 1744 1408 fatigat.
1906 1340 2009 1396 l55
2046 1340 2289 1411 Corpora
2320 1339 2608 1396 transﬁxos
2635 1338 2932 1394 trabalibus
2964 1336 2983 1376 ί
3015 1338 3199 1393 inclita
3226 1336 3414 1392 clavis.

350 1430 710 1503 637'638
735 1429 972 1501 Quaeque
993 1431 1141 1501 prius
1160 1431 1284 1501 pilis
1321 1430 1494 1498 stetit,
1546 1430 1661 1485 haec
1684 1444 1803 1485 mo-
2122 1434 2221 1490 llic
2248 1442 2307 1490 et
2334 1433 2590 1490 Nazarius
2618 1441 2823 1506 martyr
2852 1435 3036 1504 (quem
3059 1446 3283 1487 munere
3312 1431 3419 1487 lido

1155 1524 1252 1597 [do
1280 1523 1412 1580 fulta
1440 1524 1725 1590 columnis,
2048 1527 2251 1582 Nobilis
2279 1526 2547 1581 Ambrosii
2576 1526 2846 1581 substrata
2875 1530 3057 1579 mente
3085 1523 3287 1595 recepi)

356 1613 492 1669 Vilia
522 1622 728 1669 mutato
755 1615 960 1685 sprevit
985 1624 1248 1672 caementa
1276 1615 1495 1671 metallo
1523 1626 1592 1671 ο..
2047 1617 2295 1673 Culmina
2322 1617 2516 1673 Felicis
2543 1617 2794 1683 dignatur
2820 1624 2877 1671 et
2904 1616 3020 1686 ipse
3047 1616 3312 1685 cohospes
3334 1625 3381 1680 κ,

223 1704 322 1761 395
425 1705 535 1761 Sed
570 1723 783 1762 rursum
803 1706 1089 1763 redeamus
1116 1707 1172 1763 in
1192 1709 1331 1762 atria
1355 1724 1368 1761 :
1396 1707 1653 1779 conspice
1681 1723 1801 1762 rur-
2049 1707 2445 1777 Fraternasque
2474 1706 2553 1777 (ά)
2581 1706 2769 1761 domos
2796 1706 3021 1776 privatis
3047 1705 3266 1761 sedibus
3288 1704 3454 1760 addit.

1591 1798 1731 1871 [sum
1908 1798 2012 1853 ιιι)
2117 1796 2374 1866 Quamvis
2416 1798 2587 1853 sancti
2636 1811 2826 1852 omnes
2871 1804 2990 1852 toto
3035 1796 3197 1852 simul
3238 1796 3370 1852 orbe
3397 1810 3491 1867 per

357 1892 645 1962 lmpositas
673 1891 849 1961 longis
876 1892 1153 1963 duplicato
1182 1891 1418 1962 tegmine
1443 1891 1612 1948 cellas
1834 1889 1881 1950 Β
3236 1888 3425 1960 [unum

356 1983 681 2051 Porticibus,
713 1984 965 2040 metanda
991 1984 1150 2041 bonis
1174 1983 1480 2040 habitacula
1510 1982 1690 2054 digne,
2051 1980 2173 2037 Sint
2207 1980 2534 2051 ubicumque
2564 1981 2765 2037 Deum:
2814 1996 2924 2051 quo
2958 1988 3354 2051 praesentantur
3380 1980 3494 2037 ubi-

356 2076 504 2144 Quos
527 2076 635 2131 huc
660 2075 727 2130 ad
754 2076 927 2132 sancti
952 2074 1156 2145 justum
1184 2075 1378 2132 Felicis
1406 2076 1669 2132 honorem
3163 2123 3172 2132 .
3278 2073 3426 2146 Mue,

358 2168 584 2225 Duxerit
610 2170 655 2202 ”
685 2167 876 2223 orandi
906 2168 1170 2234 studium,
1200 2183 1311 2224 non
1338 2183 1468 2224 cura
1492 2167 1730 2224 bibendi.
2044 2162 2300 2236 Corporis
2345 2171 2406 2219 ut
2449 2178 2546 2219 sua
2593 2164 2835 2220 membra
2885 2163 3035 2219 Deo:
3088 2162 3182 2219 sed
3225 2162 3407 2218 debita
3446 2164 3491 2195 "

231 2262 320 2317 ιθο
360 2260 495 2316 Nam
518 2259 674 2330 quasi
703 2259 1015 2328 contignata
1042 2260 1211 2315 sacris
1240 2260 1518 2316 ctenacula
1551 2259 1729 2325 tectis,
3207 2255 3431 2329 [sanctis

356 2352 616 2422 Spectant
643 2348 715 2405 de
738 2350 950 2420 superis
975 2349 1170 2406 altaria
1206 2357 1321 2406 tota
1353 2349 1626 2415 fenestris,
2056 2348 2198 2405 Sunt
2225 2348 2346 2405 loca
2373 2348 2693 2420 corporibus
2718 2367 2731 2403 :
2774 2364 2950 2420 neque
2982 2356 3192 2405 tantum
3220 2364 3326 2418 qua
3356 2348 3496 2418 jacet

357 2442 469 2500 Sub
512 2442 710 2513 quibus
756 2441 900 2497 intus
955 2441 1157 2498 habent
1204 2449 1517 2498 sanctorum
1573 2456 1804 2512 corpora
3309 2441 3426 2514 [ora

1498 2534 1726 2609 [sedem.
2050 2532 2248 2589 Totum
2279 2546 2498 2603 corpus,
2528 2531 2602 2587 ibi
2625 2530 2924 2601 positorum
2952 2532 3128 2601 gratia
3151 2532 3285 2586 vivit
3310 2548 3325 2584 :

355 2624 599 2695 Namque
626 2633 683 2680 et
705 2625 989 2697 apostolici
1017 2626 1228 2682 cineres
1252 2625 1353 2682 sub
1378 2626 1560 2682 ctelite
1583 2641 1770 2682 mensa
1908 2622 2014 2678 M5
2047 2622 2157 2679 Sed
2178 2617 2518 2693 q'uacumque
2543 2621 2596 2654 ³³
2626 2621 2703 2692 pii
2731 2629 2815 2677 est
2836 2625 2965 2692 pars
2992 2621 3237 2691 corporis
3255 2663 3270 2689 ,
3301 2627 3357 2675 et
3386 2636 3498 2674 ma-

357 2715 597 2787 Depositi
615 2757 631 2783 ,
662 2716 917 2787 placitum
947 2716 1165 2773 Christo
1193 2718 1448 2789 spirantis
1473 2717 1697 2774 odorem
3010 2770 3013 2773 .
3076 2713 3203 2787 [nus
3227 2720 3428 2776 exstat.

230 2804 323 2862 605
355 2801 599 2863 Pulveris
620 2808 760 2863 inter
781 2808 857 2879 (α)
884 2816 1070 2864 sancta
1100 2809 1238 2865 sacri
1268 2810 1521 2864 libamina
1550 2809 1803 2864 reddunt.
2049 2803 2405 2861 Contestante
2431 2802 2545 2859 Deo
2571 2803 2750 2859 meriti
2775 2804 3096 2860 documenta
3125 2802 3289 2860 beati.

429 2899 527 2954 llic
556 2908 711 2970 pater
736 2900 999 2970 Andreas,
1029 2901 1118 2957 hic
1143 2901 1238 2970 qui
1267 2901 1506 2971 piscator
1534 2901 1601 2955 ad
1632 2899 1808 2971 Argos
2052 2895 2245 2966 Magna
2271 2903 2329 2951 et
2357 2895 2410 2951 in
2453 2896 2646 2965 exiguo
2674 2902 2981 2952 sanctorum
3012 2896 3233 2967 pulvere
3261 2897 3430 2951 virtus

355 2989 548 3045 Missus
573 2989 888 3060 vaniloquas
914 2989 1098 3044 docuit
1125 2998 1430 3045 mutescere
1459 2990 1669 3059 linguas
1693 3009 1706 3044 :
2051 2987 2262 3044 Clamat
2286 2988 2571 3059 apostolici
2599 2988 2709 3043 vim
2735 2989 3001 3058 corporis,
3032 2989 3210 3045 indice
3237 2989 3413 3044 Verbo
3447 2988 3493 3045 Ιι.

357 3081 460 3147 Qui
492 3089 776 3151 postquam
796 3081 1047 3150 populos,
1080 3081 1251 3149 ruptis
1277 3081 1480 3135 erroris
1506 3081 1671 3150 iniqui
2125 3081 2220 3138 llis
2240 3082 2401 3152 igitur
2426 3081 2637 3137 vicinus
2663 3082 2787 3151 erit,
2812 3082 3138 3152 quicumque
3163 3085 3415 3153 supernis

359 3172 586 3227 Retibus
612 3171 890 3242 eXplicuit,
923 3171 1192 3240 traxitque
1219 3172 1287 3227 ad
1313 3172 1450 3226 retia
1476 3171 1697 3237 Christi,
1914 3177 2021 3234 450
2055 3178 2248 3235 Castus
2274 3185 2398 3246 aget
2418 3176 2463 3208 ”
2490 3176 2651 3231 tectis
2675 3193 2688 3230 :
2719 3183 2776 3231 et
2801 3176 2893 3247 qui
2914 3176 3104 3247 procul
3128 3177 3332 3231 advena
3355 3185 3502 3232 recto

234 3263 327 3320 ιιο
361 3264 696 3320 Thessalicas
725 3263 845 3319 fuso
873 3264 1149 3319 damnavit
1177 3265 1437 3333 sanguine
1465 3263 1674 3320 Patras.
1836 3261 1882 3325 C
2054 3266 2418 3341 mo
2438 3265 2685 3323 Percitus
2712 3265 2909 3323 affectu
2944 3276 3160 3324 sanctas
3200 3270 3502 3339 properat-it

432 3354 531 3409 llic
558 3364 615 3409 et
650 3370 950 3424 prmcursor
962 3353 1173 3410 Domini
1195 3363 1249 3410 et
1263 3354 1500 3426 Baptista
1515 3353 1808 3422 Iohannes,
3146 3360 3237 3432 [ad
3264 3359 3427 3426 aedes,

361 3445 506 3500 Idem
532 3444 807 3515 Evangelii
834 3461 985 3501 sacra
1008 3446 1193 3515 janua,
1226 3455 1475 3518 metaque
1503 3448 1636 3516 legis
1660 3467 1673 3502 :
2057 3451 2193 3508 Cum
2220 3451 2369 3506 volet
2397 3451 2443 3483 ³⁸
2473 3459 2685 3507 oratum
2715 3451 2930 3508 Christo
2959 3461 3199 3509 secretus
3226 3453 3396 3517 adire,

365 3533 573 3607 Hospes
601 3544 658 3591 et
685 3537 801 3607 ipse
828 3538 935 3593 mei
962 3537 1187 3593 veniens
1209 3537 1404 3594 Felicis
1432 3540 1498 3593 ad
1529 3540 1699 3605 aulas,
2057 3542 2185 3598 Sive
2206 3543 2294 3599 die
2317 3558 2415 3599 seu
2444 3552 2603 3599 nocte
2623 3543 2756 3599 velit
2774 3559 2871 3599 sua
2895 3560 3147 3615 promere
3173 3553 3323 3611 vota,

366 3622 525 3686 Parte
546 3625 630 3679 sui
658 3624 702 3655 ³⁸
732 3625 930 3680 cineris
972 3624 1269 3680 fraternum
1294 3614 1454 3681 funus
1482 3626 1736 3682 honorat.
2056 3633 2290 3705 Impiger
2322 3633 2339 3672 ί
2374 3635 2581 3705 attigno
2613 3634 2683 3690 de
2709 3614 3148 3706 limineprodeat
3174 3637 3393 3707 hospes.

236 3710 335 3766 “5
434 3714 570 3770 lluic
614 3714 807 3770 dubius
851 3714 1069 3782 gemino
1118 3714 1376 3787 Didymus
1421 3719 1745 3786 cognomine
1784 3717 1811 3757 (³
1915 3723 2022 3779 455
2126 3724 2243 3781 Hoc
2266 3724 2432 3781 etiam
2458 3725 2687 3792 mirare,
2726 3724 2924 3782 domus
2954 3726 3028 3798 (e)
3070 3726 3217 3798 quod
3257 3729 3505 3799 martyris

1484 3808 1743 3881 [Thomas
3302 3819 3435 3892 [alta

368 3896 590 3968 Adjacet
624 3914 640 3963 ;
694 3897 838 3953 hunc
898 3896 1144 3953 Christus
1202 3899 1411 3968 pavidae
1463 3902 1813 3958 cunctamine
2058 3907 2207 3978 Lege
2233 3909 2553 3964 sacramenti
2574 3923 2675 3979 per
2700 3908 2886 3963 limina
2915 3910 3056 3964 trina
3084 3910 3357 3980 patescit:

916 4021 928 4031 ι
1526 3992 1744 4064 [mentis
2060 3998 2258 4053 Fassus
2284 3998 2429 4053 enim
2459 4007 2544 4054 est
2571 4014 2737 4053 unum
2766 4000 2910 4054 trino
2938 4000 3039 4055 sub
3058 4001 3276 4055 nomine
3296 4013 3497 4069 regem.
3606 3988 3615 3993 ’

371 4077 469 4153 ([b]
519 4076 625 4134 Pro
676 4087 861 4135 nostra
907 4078 1154 4137 dubitare
1191 4077 1296 4136 ﬁde
1332 4082 1608 4152 permisit,
1654 4093 1714 4139 ut
1759 4093 1816 4141 et
2058 4086 2128 4141 Et
2155 4086 2303 4157 quod
2332 4094 2600 4142 contexta:
2622 4086 2827 4156 junctis
2853 4088 2964 4143 sibi
2982 4089 3213 4144 molibus
3238 4090 3382 4145 uades

1620 4175 1744 4248 [nos
2060 4175 2211 4231 Fune
2236 4176 2330 4246 pio
2357 4176 2609 4245 signant:
2640 4177 2897 4246 quoniam
2924 4179 3027 4234 etsi
3055 4178 3287 4234 culmina
3316 4180 3471 4250 plura

370 4257 486 4317 Hoc
526 4260 667 4317 duce
711 4260 928 4329 ﬁrmati,
972 4262 1368 4334 Dominumque
1394 4264 1673 4337 Deumque
1700 4275 1817 4325 tre-
1917 4270 2021 4326 460
2058 4268 2179 4326 Sint
2197 4268 2245 4301 “
2272 4267 2523 4326 domibus
2548 4270 2765 4326 structis
2793 4287 2807 4337 ;
2839 4280 3027 4327 sancta
3055 4280 3112 4327 et
3140 4279 3322 4328 tamen
3347 4274 3505 4331 unica

1490 4356 1742 4430 inuentes)
1768 4422 1777 4437 χ
3269 4364 3439 4439 [pacis

371 4443 565 4499 Vivere
590 4452 715 4514 post
742 4453 975 4501 mortem
1009 4461 1140 4501 vero
1171 4446 1436 4503 lateamur
1461 4448 1637 4506 Iesum
1872 4440 1877 4445 ’
2065 4454 2164 4514 Est
2188 4456 2400 4521 domus,
2431 4461 2488 4510 et
2528 4454 2714 4510 multis
2741 4470 2907 4510 unum
2936 4455 3226 4512 concordia
3253 4456 3509 4513 membris

243 4530 338 4586 £20
369 4532 629 4605 Corpore,
661 4535 780 4590 viva
810 4551 922 4591 sua:
943 4545 1335 4593 monstrantem
1362 4538 1586 4596 vulnera
1604 4543 1809 4609 carnis;
2058 4547 2269 4620 Corpus
2313 4547 2423 4617 agit
2456 4564 2469 4600 :
2522 4547 2589 4619 (f)
2632 4547 2720 4602 cui
2766 4561 3035 4618 compago
3081 4555 3193 4603 stat
3236 4553 3267 4623 l~
3307 4549 3525 4605 vertice‘

370 4625 437 4681 Et
462 4627 503 4657 ³⁸
536 4627 787 4682 veniente
809 4628 896 4682 die
924 4643 1026 4698 qua
1045 4628 1157 4698 jam
1187 4630 1503 4687 manifestus
1529 4640 1715 4704 aperta
1848 4646 1894 4705 υ
3175 4640 3435 4713 [Christo.

371 4715 513 4773 Luce
537 4716 681 4773 Deus
706 4719 916 4785 veniet,
947 4719 1186 4775 cruciata
1218 4720 1270 4776 in
1299 4737 1465 4778 carne
1493 4739 1780 4781 coruscum
2133 4728 2381 4785 Forsitan
2411 4728 2527 4786 haec
2544 4729 2685 4785 inter
2703 4730 2928 4801 cupidus
2949 4732 3254 4802 spectacula
3276 4747 3507 4804 quaeras,

371 4808 680 4877 Agnoscant
708 4810 924 4880 trepidi,
954 4826 1114 4879 quem
1138 4810 1414 4869 conﬁxere
1438 4815 1686 4871 rebelles.
2067 4819 2221 4876 Unde
2245 4821 2499 4891 replenda
2533 4819 2605 4876 sit
2631 4821 2749 4878 haec
2776 4830 2858 4877 tot
2881 4823 3122 4879 fontibus
3148 4839 3275 4880 area
3302 4825 3474 4892 dives,

444 4900 544 4957 Hic
569 4902 809 4959 medicus
831 4900 1003 4957 Lucas
1022 4903 1170 4973 prius
1190 4912 1329 4969 arte,
1361 4904 1561 4961 deinde
1580 4907 1815 4976 loquela,
1925 4911 2031 4967 465
2070 4912 2206 4969 Cum
2227 4912 2418 4984 procul
2455 4913 2585 4968 urbs
2610 4955 2624 4981 ,
2655 4922 2711 4968 et
2735 4914 2932 4972 ductus
2957 4931 3111 4987 aqua:
3139 4932 3308 4988 prope
3336 4917 3512 4973 nullus

245 4988 338 5045 425
370 4991 458 5047 Bis
486 4993 728 5048 medicus
757 4992 930 5048 Lucas
954 5011 967 5047 :
1000 5001 1060 5048 ut
1082 4994 1353 5064 quondam
1373 4999 1618 5067 corporis
1644 5014 1819 5068 aegros
3190 5008 3281 5080 [ab
3309 5009 3443 5066 urbe

378 5083 614 5140 Terrena
643 5085 868 5141 curabat
896 5100 1020 5156 ope,
1053 5096 1107 5140 ct
1135 5102 1275 5142 nunc
1299 5089 1566 5145 mentibus
1593 5092 1750 5160 argris
2070 5096 2330 5166 Exiguam
2357 5097 2465 5153 huc
2484 5097 2634 5153 tenui
2662 5097 2912 5155 demittat
2939 5099 3109 5156 limite

309 5211 329 5237 "
363 5202 497 5259 Vide
526 5212 639 5259 not.
665 5204 792 5259 505.

594 5212 639 5258 ›ῑ.
665 5204 768 5259 505
780 5246 792 5258 .
1923 5229 2014 5265 cra
2048 5210 2172 5265 Deo.

309 5270 332 5308 δ
363 5272 494 5349 Vide
521 5285 636 5331 not.
667 5275 795 5349 ξίξίξ.
1998 5282 2072 5349 (b)
2102 5281 2182 5335 Ex
2216 5297 2317 5338 ms.
2358 5281 2711 5337 Germanensi
2759 5282 2947 5338 codice
2995 5284 3095 5340 bos
3138 5298 3329 5339 versus
3375 5285 3513 5344 duos

314 5352 335 5426 ξ
525 5353 638 5426 not.
1928 5343 2252 5426 addidimus,
2280 5353 2385 5426 qui
2400 5368 2619 5407 sensum
2646 5352 2775 5407 olim
2800 5353 3158 5424 interruptum
3185 5343 3506 5426 completum

312 5410 338 5448 ⁸
366 5413 497 5470 Vide
525 5424 639 5470 not.
672 5414 796 5467 508.
1928 5421 2158 5476 reddunt
2183 5410 2571 5478 et'réstituunt.

318 5483 498 5564 fyide
528 5495 640 5540 not.
1944 5563 1951 5564 ί
1998 5493 2072 5561 (c)
2112 5493 2202 5548 Sic
2239 5493 2581 5549 emendatum
2620 5508 2687 5548 ex
2733 5509 2835 5548 ms.
2883 5492 3074 5549 codice
3117 5493 3300 5551 Germ.
3350 5495 3510 5564 Editi,

318 5552 337 5589 ί
368 5553 496 5611 Vide
526 5566 640 5611 not.
670 5553 798 5609 3H).
1931 5552 2152 5618 Produc.

318 5633 341 5704 ξ
527 5642 697 5681 carm.
848 5646 896 5681 v.
1088 5642 1139 5683 ct
1169 5647 1256 5699 cp.
1289 5628 1375 5692 5'3,
1407 5648 1456 5683 ιι.
1486 5630 1537 5682 6.
1998 5625 2075 5704 ((ί)
2110 5633 2205 5704 Ms,
2240 5634 2448 5698 Germ”
2484 5634 2686 5688 άοηηη,

319 5692 343 5767 ’3
373 5694 498 5774 Vide
527 5714 697 5753 carni.
732 5697 820 5774 ll},
852 5714 903 5751 v.
946 5700 1061 5774 ll].
1206 5692 1218 5699 ’
2108 5703 2183 5758 ita
2222 5720 2290 5759 ex
2332 5692 2445 5759 ms;
2476 5704 2662 5759 codice
2709 5702 2893 5757 Germ.
2936 5703 3340 5761 emendavimus
3385 5723 3507 5763 cum

327 5766 337 5840 ξ
370 5765 500 5840 Vide
520 5784 689 5824 carm.
877 5786 925 5822 v.
961 5769 1086 5824 29L
1928 5765 2214 5827 Sacr-bino.
2240 5773 2404 5839 Alias,
2434 5792 2553 5840 quo.

325 5835 339 5916 ξ
370 5835 497 5916 Vide
525 5854 698 5916 carm.
740 5838 822 5901 l7,
850 5856 923 5916 ‘v.
964 5840 1081 5894 lit).
1174 5906 1179 5909 ν
1244 5914 1252 5916 Α
1306 5912 1342 5916 __
1369 5914 1376 5916 _
2003 5846 2070 5913 (ι’)
2107 5843 2201 5900 Ms.
2234 5835 2405 5900 cedes
2434 5835 2640 5911 Gernt.,
2668 5860 2915 5916 compago
2944 5860 3035 5900 suo
3066 5856 3185 5900 stat.

323 5906 394 5978 (τι)
425 5909 516 5967 Ms.
546 5909 729 5966 Germ.
764 5909 959 5979 codex,
991 5928 1143 5966 sacra
1173 5906 1273 5971 sui.
1305 5912 1442 5969 l'Itliti
1466 5926 1711 5985 quatuor,
1742 5934 1821 5970 ςιι-
