3996 6356
503 342 602 397 559
1449 339 1502 394 S.
1550 340 1821 395 PAULI-Nl
1862 341 2109 397 NULANI
2150 342 2446 400 EPISCOI’I
2488 343 2831 402 POESIATA.
3635 360 3722 415 suo

639 453 1025 523 Respondebo,
1058 453 1189 507 nihil
1219 455 1433 522 propria
1469 470 1568 509 nos
1596 454 1762 510 fidere
1789 454 2004 520 dextra,
2110 463 2156 515 Α
2188 455 2291 510 5ιο
2328 458 2616 515 lnl‘nndens
2642 460 2854 517 niveam
2886 479 2982 532 per
3009 472 3196 533 operta
3225 467 3447 522 sacraria
3471 470 3662 526 nubent.

645 545 728 599 Nil
755 561 861 616 ope
890 555 1106 602 terrena
1134 544 1448 611 conlidere;
1480 556 1673 602 cuncta
1699 549 1907 617 potenti
2404 550 2557 607 Nunc
2586 552 2709 607 volo
2737 555 2972 623 picturas
2998 554 3189 610 fucatis
3216 558 3423 625 agmine
3449 559 3597 629 longo

646 639 967 707 Dcposnisse
996 638 1107 692 Deo
1127 677 1142 701 ,
1172 646 1228 693 et
1256 636 1433 693 fontes
1461 653 1789 708 praesumere
1815 640 1977 696 cmlo.
2334 640 2637 699 Porticibus
2663 644 2871 714 videas,
2901 646 3231 716 paulumque
3257 649 3441 719 supina
3466 650 3641 723 fatiges

503 730 605 783 4ἳο
644 729 884 800 Denique
912 729 1175 786 cisternas
1196 729 1561 784 adstruximns
1583 729 1820 799 undique
1847 733 2026 798 tectis,
2331 730 2503 799 Colla,
2535 734 2795 790 reclinan
2823 735 2951 791 dum
2978 736 3210 807 perlegis
3235 739 3412 794 omnia
3436 741 3597 799 vultu.

642 822 864 891 Captnri
891 820 1149 877 fundente
1171 821 1284 877 Deo
1312 820 1381 876 de
1407 822 1637 877 nubibus
1660 837 1850 877 amnes
1878 840 1891 875 :
2410 824 2513 891 Qui
2535 826 2683 881 videt
2704 827 2820 882 haec
2848 827 3030 883 vacuis
3052 842 3348 896 agnoscens
3373 844 3493 885 vera
3522 830 3696 901 figuris,

649 914 801 971 Unde
829 915 998 970 ﬂuant
1028 914 1230 984 pariter
1258 925 1282 951 λ
1314 915 1489 985 plenis
1522 930 1655 970 cava
1696 930 1965 970 marmora
2006 915 2085 970 la-
2192 916 2297 971 5l5
2336 917 2452 972 Non
2475 917 2824 975 vacual‘tdam
2844 919 2945 973 sibi
2959 920 3031 990 (c)
3054 931 3239 989 pascet
3262 920 3485 990 imagine
3502 900 3726 979 mentem.

1862 1006 2012 1079 [bris.
2333 1007 2522 1062 Omnia
2549 1023 2782 1079 namque
2810 1018 2960 1065 tenet
2986 1010 3128 1065 serie
3158 1011 3361 1080 pictura
3392 1011 3546 1077 ﬁdeli,

721 1099 877 1167 Quod
933 1100 978 1154 si
1036 1099 1201 1154 etiam
1267 1098 1535 1153 interdum
1582 1098 1797 1154 eveniat
1850 1097 2090 1153 defectus
2330 1099 2463 1164 Quae
2482 1099 2666 1154 senior
2690 1101 2906 1170 scripsit
2924 1102 3271 1173 perquinque
3288 1102 3729 1174 volnminaMoses,

1713 1191 2015 1262 [aquarum,
2334 1188 2465 1256 Qua:
2490 1191 2659 1261 gessit
2686 1191 2900 1248 Domini
2916 1197 3170 1262 signatus
3198 1195 3411 1250 nomine
3436 1195 3596 1263 Iesus,

646 1286 847 1342 Ordine
874 1285 1139 1355 disposito
1161 1285 1340 1339 varias
1376 1283 1629 1339 distincta
1658 1283 1874 1351 lignras.
2335 1281 2453 1348 Quo
2480 1283 2617 1338 duce
2640 1281 2909 1348 Iordanis,
2939 1298 3205 1355 suspenso
3230 1287 3435 1355 gurgite
3460 1287 3569 1343 lixis

507 1380 612 1435 475
647 1379 1096 1445 Concharnmqne
1125 1375 1319 1442 modis,
1351 1384 1406 1431 et
1432 1376 1591 1445 pictis
1618 1373 1807 1430 ﬂorida
1836 1377 2016 1442 metis,
2197 1370 2298 1425 520
2338 1371 2627 1439 Fluctibus,
2659 1390 2689 1427 a
2721 1374 2746 1427 f
2759 1374 2855 1430 icie
2872 1374 3065 1431 divina:
3089 1376 3289 1432 restitit
3314 1392 3466 1433 arca}.

647 1472 809 1527 Forte
833 1472 937 1525 crit
963 1479 1019 1524 et
1043 1469 1202 1524 siccis
1224 1467 1536 1539 spectabilis
1557 1483 1683 1522 area
1703 1467 1874 1522 vasis.
2338 1463 2430 1517 Vis
2459 1480 2595 1518 nova
2621 1464 2803 1520 divisit
2826 1464 3023 1520 ﬂumen
3052 1484 3065 1519 :
3097 1482 3223 1538 pars
3246 1482 3401 1523 amne
3424 1470 3498 1539 (ό)
3525 1471 3708 1527 recluso

646 1565 887 1633 Namque
918 1572 1069 1617 tenes
1090 1562 1254 1616 etiam
1276 1573 1468 1628 magna
1492 1558 1800 1614 Salomonis
1827 1559 1879 1613 in
1906 1559 2041 1623 aede,
2336 1554 2614 1620 Constitit,
2645 1562 2702 1610 et
2732 1556 2878 1611 llnvii
2901 1572 3029 1627 pars
3055 1556 3109 1613 in
3138 1573 3289 1613 mare
3312 1559 3455 1630 lapsa
3481 1564 3705 1621 cucurrit.

649 1658 819 1724 Quam
868 1655 1028 1710 fuerit
1056 1654 1238 1709 decori
1281 1654 1484 1709 siccum
1528 1667 1677 1705 mare
1703 1651 1727 1688 δ
1757 1670 1769 1703 :
1822 1651 1966 1720 quod
2007 1667 2095 1705 sa-
2346 1646 2702 1716 Desliluilllue
2722 1649 2918 1704 vadum
2936 1660 3039 1713 teet
3065 1651 3273 1707 validus
3299 1666 3401 1721 qua
3425 1652 3554 1707 forte
3577 1654 3734 1709 ruebat

1722 1741 1899 1813 [piens
1927 1756 2023 1794 rex
2339 1738 2593 1809 Impetus,
2625 1740 2912 1797 adstrictus
2934 1742 3042 1798 alte
3068 1743 3435 1799 cumulaverat
3456 1743 3627 1810 undas,

650 1839 780 1894 rErc
807 1838 952 1893 dedit
981 1837 1178 1901 solido,
1213 1843 1269 1890 et
1296 1835 1462 1888 tauris
1482 1833 1761 1903 suspendit
1789 1833 1997 1887 ahenis.
2128 1829 2170 1887 Β
2200 1830 2302 1884 5‘25
2343 1830 2408 1884 Et
2430 1831 2661 1886 tremula”
2673 1846 2934 1902 compage
2949 1833 3128 1891 minax
3146 1834 3410 1903 pendebat
3428 1851 3573 1906 aqua:
3590 1851 3735 1900 mons,

509 1932 613 1986 480
718 1929 913 1999 Aspice
942 1944 1085 1982 nunc
1112 1926 1257 1981 aliud
1298 1927 1473 1980 latus:
1521 1934 1579 1979 ut
1605 1926 1676 1980 sit
1702 1926 1940 1994 porticus
1966 1941 2088 1987 una,
2345 1923 2671 1993 Despectans
2698 1924 2929 1979 transire
2955 1924 3122 1994 pedes
3145 1932 3335 1980 arente
3361 1926 3629 1995 profundo,

654 2024 719 2079 Et
751 2023 930 2094 paries
957 2021 1146 2076 mediis
1174 2022 1350 2090 spatio
1379 2020 1652 2091 bipatente
1679 2020 1966 2083 columnis,
2343 2016 2410 2071 Et
2436 2017 2615 2073 medio
2636 2016 2867 2088 pedibus
2891 2018 3051 2074 siccis
3087 2018 3141 2073 in
3168 2016 3390 2073 ﬂumine
3417 2018 3537 2073 ferri

650 2114 898 2169 Culmine
919 2112 1179 2167 discretas
1200 2112 1345 2166 aditu
1373 2111 1475 2166 sibi
1501 2110 1721 2181 copulat
1743 2110 1913 2173 aulas.
2343 2106 2718 2162 Pulverulenta
2746 2104 3026 2163 hominum
3053 2108 3188 2164 duro
3215 2109 3442 2179 vestigia
3469 2109 3590 2164 limo
3609 2111 3651 2161 ά.

650 2204 886 2273 Tempus
920 2204 972 2257 in
1002 2202 1144 2258 hanc
1182 2201 1412 2257 transire
1459 2201 1632 2257 oculis
1683 2199 2095 2269 peragrantibus
2342 2195 2460 2251 Iam
2484 2196 2903 2266 distinguentem
2932 2198 3147 2255 modico
3171 2198 3323 2254 Ruth
3348 2195 3582 2271 tempora
3605 2199 3737 2265 libro,

1810 2289 2022 2360 latuerit,
2200 2288 2304 2343 550
2337 2288 2604 2358 Tempora
2629 2288 2905 2346 Iudicibus
2925 2290 3093 2358 linita,
3124 2300 3181 2347 et
3204 2291 3442 2361 Regibus
3464 2300 3595 2357 orta,

649 2387 778 2453 Qum
802 2385 1020 2454 longum
1049 2390 1290 2438 reserata
1319 2383 1477 2447 latus,
1508 2396 1632 2437 cum
1661 2380 1861 2435 lumine
1883 2380 2004 2435 εωιὶ
2340 2380 2564 2436 latentis
2590 2388 2900 2436 transcurre
2925 2381 3096 2438 oculis
3122 2400 3136 2436 :
3167 2384 3348 2440 brevis
3371 2384 3475 2439 ista
3493 2383 3681 2439 videtur

511 2480 614 2535 485
651 2477 892 2547 Acqnirit
910 2476 1144 2546 spatium
1175 2475 1326 2541 tecti,
1354 2473 1501 2543 quod
1529 2472 1582 2526 in
1613 2471 1748 2526 atria
1776 2470 1961 2539 juncta
2342 2470 2599 2537 Historia,
2626 2482 2683 2526 at
2708 2473 2887 2543 magni
2912 2473 3088 2542 signat
3114 2474 3374 2546 mysteria
3398 2475 3538 2542 belli,

650 2568 936 2633 Panditur,
971 2566 1202 2621 insertos
1225 2565 1440 2620 socians
1464 2562 1727 2632 disjuneta
1756 2576 1855 2632 per
1880 2576 2055 2626 arcus,
2344 2562 2517 2629 Quam
2542 2563 2769 2632 geminae
2788 2562 3039 2620 scindunt
3064 2579 3184 2621 sese
3211 2565 3270 2621 in
3289 2567 3497 2622 diversa
3520 2568 3739 2624 sorores!

647 2661 716 2716 Et
742 2660 954 2731 populis
983 2658 1118 2727 rigui
1151 2657 1358 2726 przebet
1384 2655 1689 2726 spectacula
1717 2655 1895 2724 campi
2346 2652 2491 2708 Ruth
2515 2654 2761 2723 sequitur
2799 2664 3043 2711 sanctam
3065 2697 3082 2720 ,
3130 2672 3298 2727 quam
3340 2658 3535 2715 deserit
3574 2656 3742 2729 Orpha,

653 2755 865 2825 (Quem
915 2761 1094 2807 tamen
1162 2748 1443 2805 includunt
1497 2755 1707 2803 structo
1763 2746 2095 2802 circumdata
2953 2766 2958 2771 -
3375 2751 3687 2823 [parentem

1848 2837 2026 2910 [septo
2201 2835 2309 2892 555
2345 2836 2630 2892 Perlidiam
2659 2854 2828 2895 nurus
2864 2855 2968 2895 una
2993 2883 3009 2909 ,
3048 2840 3204 2897 tidem
3236 2857 3406 2898 nurus
3429 2843 3589 2898 altera
3614 2856 3743 2895 nion-

649 2934 867 2998 Mumia,
890 2949 958 2987 nc
978 2940 1198 3002 pateant
1218 2931 1391 2985 oculis
1415 2946 1566 2985 sacra
1581 2939 1721 2985 tecta
1745 2931 1786 2962 ³⁷
1813 2929 2093 2999 profanis),
3518 2933 3687 3005 [stratz

512 3026 615 3081 490
652 3024 1099 3091 Vestibulntnque
1127 3030 1319 3091 patens
1346 3035 1477 3074 aura
1505 3019 1747 3075 defendit
1774 3028 1982 3089 operta.
2344 3019 2565 3075 Prazl'ert
2590 3035 2694 3074 una
2722 3020 2892 3077 Deum
2922 3023 3129 3092 patriae,
3158 3028 3394 3094 patriam
3416 3026 3576 3080 altera
3593 3024 3745 3077 vita".

723 3116 836 3170 Nec
863 3115 1061 3168 mirere
1088 3127 1272 3167 sacras
1294 3110 1485 3180 spatiis
1510 3125 1822 3164 accrescere
1849 3110 2056 3174 caulas,
2417 3112 2608 3168 Nonne
2629 3150 2645 3177 ,
2692 3128 2887 3183 precor
2911 3153 2926 3179 ,
2981 3124 3097 3171 toto
3134 3128 3325 3173 manet
3372 3118 3481 3172 inec
3516 3115 3744 3172 discordia

651 3211 861 3268 Crescit
888 3208 1086 3277 ubique
1111 3214 1306 3276 potens
1330 3204 1518 3259 aeterni
1548 3204 1717 3272 gloria
1744 3202 1942 3259 Christi
1971 3221 1982 3255 :
2121 3205 2167 3264 Β
3447 3208 3692 3283 [mundat

657 3308 980 3365 Sanctorum
1025 3301 1335 3358 cumulatur
1388 3299 1563 3354 honor
1590 3338 1606 3362 ,
1664 3297 1808 3353 Deus
1847 3297 2096 3352 omnibus
2352 3296 2513 3355 Parte
2558 3308 2819 3372 sequente
2868 3302 3036 3358 Deum
3062 3343 3077 3370 ,
3126 3302 3213 3357 vel
3260 3312 3416 3373 parte
3460 3311 3637 3358 ruente
3669 3315 3745 3372 per

1848 3388 2023 3457 lnnus,
3463 3392 3652 3465 [orbem
3668 3396 3690 3444 ἲ

653 3488 901 3546 Nascitur
927 3504 941 3538 :
975 3484 1206 3539 illustrat
1233 3481 1359 3550 quia
1387 3487 1606 3534 sanctus
1632 3478 1865 3548 Spiritus
1887 3477 2093 3541 orbem,
2342 3482 2521 3552 Atqne
2550 3484 2756 3538 utinam
2786 3499 2913 3555 pars
2946 3498 3099 3554 aequa
3134 3483 3280 3540 foret
3320 3486 3468 3541 necis
3503 3493 3650 3554 atque
3673 3496 3744 3537 sa-

514 3583 616 3639 495
647 3581 893 3651 Cumque
919 3586 1190 3634 coaeterno
1220 3581 1411 3642 regnat
1431 3572 1592 3627 Patre
1621 3571 1787 3625 Filius
1811 3571 1988 3635 heres,
3520 3577 3687 3652 “mis!

650 3673 779 3728 lude
806 3677 1106 3741 propagato
1135 3667 1224 3737 pia
1251 3664 1424 3733 gratia
1448 3663 1648 3718 lumine
1677 3662 1790 3717 veri
2199 3666 2300 3722 540
2338 3668 2444 3724 Sed
2470 3670 2672 3726 multos
2699 3670 2785 3725 via
2810 3672 2919 3727 lata
2943 3673 3113 3743 capit,
3144 3672 3401 3744 facilique
3428 3674 3572 3728 ruina

652 3763 970 3834 Multiplicat
999 3759 1212 3831 populis
1238 3765 1455 3812 internae
1486 3755 1691 3810 semina
1722 3754 1864 3809 vitai.
2341 3760 2606 3818 Labentes
2634 3778 2808 3832 prono
2838 3764 2978 3833 rapit
3004 3764 3379 3823 irrevocabilis
3400 3780 3565 3821 error.

656 3858 724 3912 Et
743 3857 866 3926 quia
889 3860 1077 3925 pastor
1094 3866 1225 3907 oves
1243 3857 1406 3920 anget
1426 3849 1622 3913 bonus,
1646 3848 1824 3918 ampla
1845 3845 2100 3903 redemtis
2408 3851 2570 3909 Forte
2598 3854 2904 3924 requiratur
2927 3869 3159 3925 quanam
3193 3859 3412 3913 ratione
3435 3854 3641 3926 gerendi

653 3948 912 4004 Crescere
958 3957 1083 3998 cum
1130 3938 1384 4009 gregibus
1429 3938 1507 4008 (a)
1555 3934 1699 3992 favet
1748 3935 1890 3990 altus
1935 3936 2095 3991 ovilia

2339 3942 2553 3999 Sederit
2585 3944 2604 3983 ί
2637 3944 2752 4001 ιιωο
2779 3946 2938 4002 nobis
2964 3948 3252 4017 sententia,
3282 3950 3507 4019 pingere
3531 3954 3722 4003 sanctas

1061 4033 1068 4040 -
1427 4050 1431 4054 λ
1737 4024 2024 4098 [Christus
2344 4036 2491 4093 Raro
2518 4052 2639 4093 mor

2344 4036 2491 4093 Raro
2518 4038 2890 4095 moredomos
2917 4039 3284 4098 animantibus
3312 4041 3650 4098 adsimulatis.

518 4132 617 4188 600
720 4126 1005 4199 Ingredere
1059 4124 1172 4179 hinc
1220 4120 1439 4192 psalmis
1484 4119 1733 4174 reeinens
1779 4118 2004 4172 allliSleS
2043 4126 2100 4170 Cl
2202 4126 2305 4181 545
2340 4128 2602 4200 Accipite,
2632 4139 2689 4186 et
2715 4132 2902 4201 paucis
2930 4116 3150 4189 tctitabo
3178 4150 3457 4206 exponere
3483 4149 3676 4192 causas.

1766 4210 2022 4283 [hymniso
2410 4223 2556 4289 Quos
2583 4231 2709 4292 agat
2740 4224 2788 4257 ³⁸
2815 4225 2919 4281 huc
2944 4228 3117 4281 sancti
3144 4225 3345 4285 Felicis
3368 4229 3536 4297 gloria
3563 4235 3729 4288 cretus,

656 4316 722 4370 Et
749 4330 870 4371 mea
900 4320 1025 4367 vota
1054 4309 1197 4366 refer
1218 4306 1471 4373 Domino,
1497 4314 1554 4360 et
1584 4313 1673 4360 tua
1701 4304 1893 4374 gaudia
1925 4302 2066 4357 votis
2338 4314 2636 4371 Obscurum
2665 4316 2798 4371 ηυιιί
2824 4334 2837 4371 ε
2869 4316 2966 4372 sed
2990 4318 3144 4373 iul-ba
3170 4317 3506 4389 [τθρυεηιξοιι
3531 4318 3609 4373 his
3632 4323 3719 4371 est.

654 4407 827 4476 Iunge
851 4404 1005 4468 meis,
1036 4401 1316 4458 celebrans
1342 4396 1643 4454 communis
1670 4395 1805 4450 festa
1832 4392 2065 4463 patroni.

2344 4406 2635 4463 Rusticitas
2662 4423 2769 4463 non
2795 4423 2946 4463 cassa
2970 4407 3096 4474 ﬁde,
3128 4425 3306 4480 neque
3333 4411 3493 4468 docta
3522 4406 3728 4478 legendi,

654 4498 924 4567 Tempore
951 4502 1223 4564 oportuno
1248 4507 1350 4561 pro
1376 4494 1663 4559 Ρθοοειιονο
1690 4485 1907 4555 rogabis
2343 4495 2469 4553 Hice
2498 4497 2715 4553 adsueta
2747 4498 2839 4553 diu
2862 4499 3033 4554 sacris
3053 4502 3260 4556 servire
3288 4501 3546 4571 profanis,

658 4588 993 4643 Gaudentem
1024 4582 1309 4638 Dominum
1337 4579 1405 4635 de
1432 4577 1760 4635 confessoris
1783 4577 2008 4629 honore.
2127 4573 2176 4632 D
2201 4588 2235 4644 5

2171 4585 2176 4619 '
2201 4587 2306 4644 550
2341 4588 2542 4645 Ventre
2562 4589 2695 4656 Deo,
2728 4592 2942 4646 tandem
2967 4593 3303 4649 convertitur
3324 4593 3528 4648 advena
3546 4591 3749 4646 Christo.

527 4682 633 4735 505
738 4678 855 4733 lloc
880 4678 1041 4742 duce,
1070 4672 1295 4745 proclivi
1322 4680 1413 4726 tua
1443 4669 1659 4724 tramite
1685 4677 1811 4723 V0ta
1838 4666 2095 4733 Γοτθηιιιΐν
2344 4680 2480 4736 Dum
2501 4690 2808 4737 sanctorum
2830 4697 2994 4752 opera
3016 4684 3069 4737 in
3091 4682 3312 4740 Christo
3332 4685 3555 4738 miratur
3571 4685 3750 4751 aperta.

653 4771 806 4826 Felix
833 4768 1039 4824 divinas
1068 4767 1164 4822 tibi
1192 4763 1422 4835 praevius
1447 4762 1542 4817 ibit
1570 4761 1639 4816 ad
1660 4777 1817 4816 aures
1841 4803 1855 4825 ,

2413 4773 2632 4831 Cernite
2654 4790 2815 4844 quam
2845 4775 2998 4829 multi
3026 4785 3221 4832 coeant
3250 4792 3320 4832 ex
3348 4776 3591 4832 omnibus
3616 4768 3752 4839 agris.

657 4863 842 4932 Teque
896 4859 973 4930 (ὁ)
1021 4857 1191 4913 sacris
1240 4854 1460 4927 psalmis
1503 4853 1665 4908 simul
1692 4861 1748 4908 et
1784 4852 1979 4908 devota
2029 4854 2096 4909 li-

2343 4868 2621 4936 Quamqne
2648 4868 2738 4938 pie
2759 4867 2981 4923 rudibus
3000 4868 3211 4940 decepti
3235 4871 3279 4904 ²⁹
3301 4868 3566 4925 mentibus
3579 4870 3753 4920 errent.

1852 4946 2028 5017 Ιῑεωίθ
2346 4959 2687 5030 Longinquas
2712 4960 2920 5030 liquere
2945 4963 3157 5030 domus,
3185 4976 3444 5031 sprevere
3469 4959 3677 5031 pruinas

654 5041 1013 5120 “1:352
1048 5038 1347 5108 Obsequia.
1384 5049 1407 5078 ‘
1438 5037 1649 5110 Placido
1677 5037 1969 5094 descendet
2001 5053 2099 5093 ηυ-
2206 5053 2310 5108 555
2345 5053 2461 5109 Νοιι
2482 5052 2642 5123 gelidi
2664 5051 2904 5108 fervente
2924 5050 3028 5107 ﬂde
3051 5069 3066 5117 ;
3088 5061 3144 5107 et
3162 5062 3306 5109 nunc
3324 5067 3454 5107 ecce
3479 5052 3757 5120 frequentes

792 5154 799 5159 -
1567 5126 1732 5198 [mine
1759 5125 2026 5192 (Ἇπίδῑιιεν
2344 5143 2451 5199 Per
2472 5151 2638 5199 telam
2661 5151 2717 5199 et
2735 5143 2923 5213 vigiles
2945 5142 3243 5198 extendunt
3268 5137 3464 5213 gaudia
3491 5149 3718 5197 noctem:

662 5225 731 5283 υι
757 5224 1016 5297 Nimium
1046 5220 1415 5291 templumque
1441 5234 1595 5275 δίκη
1625 5219 1853 5289 caligine
1882 5220 2044 5284 νειθίν
2343 5236 2548 5292 ιωῑίιίιι
2567 5251 2805 5301 somnos,
2838 5234 3089 5291 tenebras
3117 5234 3389 5291 funalibus
3416 5240 3611 5289 arcent.

586 5390 610 5415 η
646 5378 699 5433 Id
729 5385 813 5432 est
836 5376 1008 5446 simul.
1036 5372 1171 5430 Vide
1191 5387 1358 5427 carm.
1396 5372 1480 5439 14,
1514 5389 1564 5428 v.
1602 5373 1718 5429 109.
2207 5374 2350 5446 facit.
2384 5444 2399 5446 Α
2603 5442 2613 5446 _
2683 5442 2693 5446 _
3193 5441 3224 5446 __
3328 5437 3362 5446 _

588 5452 615 5490 ιι
646 5449 779 5503 Vide
808 5454 923 5503 not.
954 5445 1078 5500 5H.
1468 5434 1475 5439 ’
1616 5512 1640 5514 Α
2207 5434 2217 5446 ”
2279 5446 2352 5514 (b)
2383 5444 2459 5498 Ita
2490 5442 2820 5514 restituimus
2858 5458 2927 5497 ex
2970 5458 3072 5497 ms.
3103 5441 3293 5514 codice
3320 5437 3507 5495 Germ.
3541 5446 3594 5491 ct
3619 5434 3757 5489 editis

589 5532 611 5560 ε
647 5519 777 5574 Vide
803 5516 1049 5573 eamdem
1079 5517 1347 5572 licentiam
1372 5531 1540 5571 carm.
1583 5512 1674 5579 I3,
1706 5532 1756 5568 v.
1792 5516 1879 5570 8t.
2205 5512 2451 5585 quatuor.
2482 5513 2582 5585 Ed.
2615 5512 2801 5578 linem,
2829 5530 2981 5585 sacra
3009 5513 3342 5584 pruinasque.
3643 5520 3648 5524 '

586 5588 612 5627 ά
641 5588 822 5652 Iosue,
855 5604 932 5651 tn,
971 5585 1048 5641 l5.
2224 5583 2235 5585 ⁷
2277 5586 2349 5655 (c)
2378 5584 2475 5639 Ms.
2507 5583 2717 5647 Cerm.,
2747 5584 2934 5652 pasril.
3011 5583 3016 5584 “
3182 5652 3208 5655 _
3508 5652 3520 5655 Α
3648 5645 3679 5655 η

590 5674 614 5697 ν
648 5645 821 5724 llnth,
842 5645 1014 5722 1,44;
1045 5674 1103 5724 ιι,
1138 5658 1219 5711 Η.

2277 5645 2355 5725 (α’)
2386 5657 2475 5711 Sic
2516 5645 2869 5725 teposninnts
2898 5669 2966 5708 ex
3011 5669 3110 5707 lllS.
3169 5652 3522 5725 Germaneusi
3547 5645 3752 5725 cedit?-

596 5730 613 5767 τ
651 5722 973 5783 νιιιοιςιιηιι.
1018 5722 1097 5791 ιο,
1129 5744 1178 5782 ν.
1221 5730 1300 5783 1:2.
2208 5722 2345 5783 Ante
2373 5735 2489 5781 erat
2518 5741 2743 5779 recurso.
2776 5724 2907 5796 Vide
2937 5734 3095 5796 caput
3123 5741 3176 5781 nt
3208 5722 3405 5791 .losnc,
3450 5734 3502 5779 et
3530 5722 3755 5787 Augusti“

591 5806 670 5871 ta)
700 5796 833 5852 Εαά.
886 5806 1033 5865 tres,
1080 5800 1227 5868 foret.
1279 5800 1575 5856 Sacchinus
1624 5797 1904 5867 legendum
1950 5808 2096 5873 putat
2205 5815 2329 5854 nunt
2362 5798 2412 5851 in
2444 5797 2576 5869 psal.
2610 5794 2864 5861 cxm,l5.
