3996 6356
477 323 580 378 665

618 432 724 489 Sed
752 431 953 488 sanctis
994 430 1112 485 sine
1137 428 1241 483 line
1272 427 1377 482 tuis
1403 424 1598 481 devota
1623 424 1857 508 ferentes
2087 429 2132 482 Α

620 524 918 594 Obsequia,
950 522 1145 590 exiguo
1174 534 1399 588 magnos
1426 532 1745 572 veneramur
1774 515 1981 569 honore
2005 532 2016 566 ε

480 620 586 675 645
620 620 912 690 Sperantes
940 617 1045 672 illis
1071 613 1467 675 exoratoribus,
1498 621 1558 666 ut
1580 621 1637 666 tu

619 710 677 765 ln
702 709 858 765 nobis
881 704 1106 778 operum
1127 719 1298 775 ponas
1324 701 1564 774 perfecta
1595 709 1809 756 tuorum

620 799 894 856 Culmina:
925 807 982 854 et
1007 797 1294 855 exstructis
1321 796 1591 851 habitator
1612 793 1877 848 mentibus
1897 790 2055 846 adsis.

997 910 1227 966 POEMA
1259 909 1467 965 XXVIII
1497 912 1544 962 ³⁵.

808 1045 877 1084 DE
902 1044 948 1084 8.
978 1043 1167 1084 FELICE
1199 1042 1394 1082 NATAL.
1424 1039 1634 1081 CARMEN
1666 1039 1718 1077 Χ.

486 1141 694 1197 Veteres
721 1141 783 1199 S.
813 1141 1007 1197 Felicis
1037 1141 1278 1194 basilicas
1310 1140 1456 1212 novis
1481 1136 1716 1212 (adiﬁciis
1746 1140 1930 1212 auget,
1973 1148 2062 1212 no-

550 1230 666 1268 vam
691 1230 904 1285 eamque
931 1213 1266 1285 magniﬁcam
1295 1206 2058 1285 cuntbaptisterionconstruit;

547 1301 735 1355 easque
754 1270 1699 1355 picturis}?epigrammatibusornat.
1711 1272 1877 1355 _Novq
1897 1290 1927 1325 α
1951 1270 2061 1355 Ng—

542 1343 668 1410 Ιαηὸ
696 1343 934 1425 episcopo
951 1343 1119 1425 Paulo
1137 1343 1490 1425 "consecratur,
1512 1357 1560 1401 et
1583 1350 1636 1400 in
1662 1346 1754 1399 ξιια
1781 1344 1961 1425 eodem,
1978 1343 2064 1396 die

546 1417 879 1496 baptisntatis'
902 1433 952 1479 et
979 1423 1303 1478 eucltarisliw
1339 1425 1665 1473 sacramenta
1691 1417 2047 1525 conferuntur.

692 1538 748 1592 ln
777 1537 948 1595 veteri
972 1536 1129 1591 nobis
1157 1549 1295 1591 nova
1317 1549 1404 1589 res
1431 1531 1740 1587 adnascitur
1766 1537 1919 1595 actu,
1954 1523 1960 1525 “
2165 1523 2231 1577 50

621 1628 690 1683 Et
714 1628 873 1685 solita
899 1627 1118 1684 insolito
1146 1633 1396 1682 crescunt
1414 1622 1675 1679 solemnia
1703 1622 1808 1676 ritu
1835 1622 1849 1652 ‘
1877 1637 1890 1672 :

616 1720 1003 1788 Materiamque
1029 1718 1189 1773 simul
1214 1716 1343 1771 mihi
1367 1716 1640 1780 carminis,
1672 1721 1727 1768 et
1754 1711 1912 1768 simul
1934 1710 2060 1765 almi

614 1811 858 1867 Natalem
886 1810 1162 1880 geminant
1185 1808 1379 1863 Felicis
1403 1825 1417 1861 :
1456 1807 1508 1861 in
1533 1806 1735 1875 aedibus
1761 1802 1879 1873 ejus
2083 1794 2130 1854 B

510 1901 546 1957 5
614 1902 752 1958 Nata
782 1916 973 1957 recens
1000 1915 1165 1972 opera
1196 1900 1311 1955 ham
1333 1939 1349 1966 ,
1389 1912 1510 1967 quae
1548 1896 1780 1952 molibus
1818 1894 2051 1964 undique

1807 1985 1985 2057 [celsis

613 2086 846 2143 Cernitis
875 2086 1161 2142 emicuisse
1185 2085 1299 2154 pari
1330 2081 1666 2153 splendentia
1695 2081 1863 2136 cultu.

686 2178 810 2234 Istic
828 2178 1124 2249 porticibus
1149 2189 1173 2213 ἰ
1201 2178 1309 2231 late
1334 2174 1661 2230 circumdata
1692 2172 1865 2240 longis

618 2271 892 2326 Vestibula
912 2272 988 2341 (α)
1010 2269 1267 2339 impluvio
1291 2267 1316 2304 ι)
1342 2266 1496 2320 tectis
1518 2272 1828 2319 reserantur
1847 2271 2056 2332 aperto,

615 2357 685 2418 Et
708 2362 869 2417 simul
898 2370 1041 2416 astra
1072 2360 1261 2424 oculis,
1292 2358 1620 2428 ingressibus
1639 2356 1772 2409 atria
1794 2353 2055 2423 pandunt.

478 2459 544 2514 10
686 2457 799 2511 Illic
824 2453 1086 2525 adjuncta:
1114 2455 1134 2485 ³
1165 2453 1443 2508 sociantur
1472 2446 1921 2511 mmnibusaulm,

618 2548 927 2617 Dill‘usoque
953 2547 1074 2601 sinu
1104 2545 1125 2577 ³
1153 2544 1310 2601 simul
1340 2551 1396 2598 et
1420 2549 1651 2597 coeunte
1680 2547 1926 2611 patentes

614 2640 829 2697 :Emula
855 2638 1121 2695 consertis
1146 2637 1379 2706 jungunt
1398 2632 1610 2701 fastigia
1635 2631 1816 2702 tignis,

613 2733 683 2788 Et
708 2733 927 2804 paribus
950 2732 1112 2786 varia:
1138 2741 1194 2785 et
1215 2730 1472 2800 speciosa:
1502 2725 1734 2782 cultibus
1760 2732 1976 2778 exstant

616 2824 905 2889 Marmore,
936 2824 1165 2893 pictura,
1199 2822 1558 2890 laquearibus,
1581 2829 1742 2891 atque
1772 2820 2056 2876 columnis.

689 2918 835 2973 inter
860 2932 980 2988 qua:
999 2924 1055 2971 et
1081 2914 1305 2969 modicis
1333 2915 1571 2967 variatur
1597 2912 1772 2980 gratia
1795 2912 1946 2967 cellis
1971 2929 1982 2964 :

608 3009 763 3077 Quas
788 3010 842 3063 in
870 3006 1166 3078 porticibus
1195 3007 1324 3073 (qua
1349 3003 1371 3035 δ
1402 3004 1610 3072 longius
1640 3018 1745 3056 una
1774 3010 2023 3058 coactum

617 3098 863 3154 Porticus
885 3098 939 3151 in
967 3096 1199 3166 spatium
1226 3102 1403 3148 tractu
1434 3093 1775 3164 protenditur
1804 3094 1823 3123 ³
1853 3098 1982 3159 uno)

617 3188 904 3257 Appositas
926 3186 1084 3240 lateri
1114 3187 1213 3240 tria
1244 3185 1545 3239 comminus
1574 3200 1670 3238 ora
1698 3183 2002 3247 recludunt,

2160 513 2228 567 4i)

2162 1061 2231 1118 45

2163 2260 2231 2314 55

2163 2723 2231 2778 60

476 2919 546 2973 15

619 3279 889 3349 Trinaque
914 3277 1167 3333 cancellis
1189 3275 1530 3332 currentibus
1556 3276 1691 3329 ostia
1729 3287 1750 3313 ο
1782 3275 2056 3345 pandunt:

611 3372 933 3444 Martyribus
953 3370 1184 3426 mediam
1205 3369 1364 3441 pictis
1394 3370 1479 3439 pia
1510 3369 1726 3424 nomina
1751 3369 1988 3439 signant,

613 3464 760 3531 Quos
788 3478 885 3534 par
915 3463 969 3517 in
999 3462 1147 3516 vario
1187 3461 1458 3517 redimivit
1483 3460 1655 3529 gloria
1684 3475 1837 3515 sexu.

616 3559 687 3611 At
711 3557 952 3628 geminas
978 3569 1098 3625 quae
1115 3562 1241 3610 sunt
1267 3546 1455 3608 dextra
1487 3553 1727 3622 laevaque
1755 3555 2019 3623 patentes,

572 3664 582 3674 '
618 3649 767 3704 Binis
793 3647 1033 3702 historiis
1061 3652 1219 3700 ornat
1248 3646 1454 3715 pictura
1485 3644 1673 3700 fidelis.

617 3737 792 3794 Unam
819 3744 1129 3792 sanctorum
1156 3736 1430 3805 complent
1457 3750 1609 3790 sacra
1630 3743 1778 3803 gesta
1800 3736 2056 3801 virorum,
2158 3791 2166 3796 ,

605 3830 785 3887 Jobus
805 3828 1114 3884 vulneribus
1142 3835 1399 3889 tentatus,
1427 3827 1628 3882 lumine
1649 3827 1810 3882 Tobit
1837 3828 1879 3882 ⁸.
2122 3863 2131 3872 ι
2162 3828 2227 3882 70

616 3925 717 3980 Ast
742 3923 906 3978 aliam
932 3937 1095 3978 sexus
1122 3921 1301 3976 minor
1329 3920 1559 3988 obtinet,
1591 3920 1771 3975 inclita
1799 3919 1999 3986 Juditli,

616 4015 732 4083 Qua
751 4014 908 4071 simul
934 4021 989 4068 et
1018 4012 1202 4082 regina
1228 4019 1424 4082 potens
1451 4009 1757 4079 depingitur
1784 4008 2001 4065 Esther.

687 4107 918 4162 Interior
944 4104 1110 4161 variis
1136 4103 1417 4159 ornatibus
1442 4117 1569 4156 area
1600 4102 1758 4168 ridet,

614 4197 975 4274 65.7-65.8
1002 4197 1145 4253 Laeta
1182 4211 1345 4269 super
1369 4198 1388 4228 ⁷
1424 4195 1581 4251 tectis
1622 4207 1677 4251 et
1718 4204 1903 4266 aperta
1939 4195 2060 4252 luce

598 4316 603 4319 -
1763 4284 1991 4358 [serenis

615 4381 941 4445 Frontibus,
1005 4387 1168 4448 atque
1207 4376 1345 4433 infra
1388 4376 1560 4431 niveis
1596 4375 1622 4413 ἀ
1670 4375 1920 4431 redimita
1968 4389 2060 4429 co-

1740 4464 1979 4537 Humilis.

686 4560 853 4629 Cujus
873 4560 925 4615 in
953 4560 1201 4630 exposito
1230 4558 1526 4635 praelucens
1554 4531 1842 4612 cantharus
1863 4563 2057 4620 exstat,
2088 4531 2140 4591 Ῑ)

616 4652 788 4718 Quem
817 4649 1116 4705 cancellato
1146 4648 1279 4716 tegit
1304 4661 1448 4702 terea
1475 4646 1710 4701 culmine
1740 4645 1929 4721 turris.

694 4738 888 4795 Cetera
916 4738 1190 4810 dispositis
1212 4744 1357 4792 stant
1382 4752 1508 4791 vasa
1536 4735 1636 4790 sub
1657 4748 1783 4789 aere
1810 4733 1955 4789 nudo

614 4832 924 4899 Fonticulis,
948 4840 1102 4899 grato
1130 4830 1279 4884 varie
1303 4828 1500 4898 quibus
1528 4826 1717 4881 ordine
1742 4823 1861 4882 fixis

616 4925 848 4981 Dissidet
871 4924 1004 4978 artis
1031 4937 1167 4993 opus
1193 4919 1490 4977 concordat
1517 4934 1653 4973 vena
1682 4918 1905 4974 metalli.

623 5013 846 5084 Unaque
873 5013 1087 5069 diverso
1113 5009 1232 5065 fluit
1259 5024 1356 5066 ore
1386 5008 1638 5079 capacius
1665 5007 1829 5064 unda.

687 5106 931 5164 Basilicis
958 5106 1071 5159 hare
1084 5102 1268 5173 juncta
1291 5100 1484 5167 tribus,
1506 5107 1655 5170 patet
1679 5114 1804 5154 area
1829 5098 2054 5164 cunctis,

541 5218 544 5222 λ
616 5202 971 5267 Diversosque
993 5196 1170 5251 aditus
1197 5209 1264 5249 ex
1293 5209 1401 5248 uno
1430 5191 1614 5263 pandit
1640 5190 1706 5245 ad
1738 5206 1947 5259 omnes,

2159 4280 2229 4337 75

1382 312 1436 367 S.
1481 308 1755 365 PAULINI
1792 306 2038 363 NOLANI
2076 305 2376 364 EPISCOPI
2416 309 2756 368 ΡΟΕΜΑΤΑ.

3634 316 3732 371 665

2306 424 2478 494 Atque
2501 427 2682 481 itidem
2711 427 2916 497 gremio
2943 427 3186 484 diversos
3206 430 3407 500 excipit
3437 446 3544 485 uno

2303 516 2348 569 Α
2376 517 2547 572 tribus
2573 533 2839 587 egressos,
2871 520 3047 576 medio
3071 523 3309 591 spatiosa
3339 525 3526 593 pavito
3550 542 3564 577 :

2300 604 2456 672 Quod
2488 615 2670 664 tamen
2696 610 2976 667 ordinibus
3013 614 3236 669 structis
3262 629 3363 686 per
3390 616 3631 687 quinque
3658 619 3735 672 ni-

3442 707 3675 781 [lentum

2301 791 2526 860 Agmina
2555 793 2881 850 concharum
2913 806 2963 864 ο,
2986 798 3153 853 series
3177 797 3401 854 densata
3427 811 3625 858 coacto

2303 879 2591 950 Marmore,
2616 886 2751 941 mira
2780 888 2952 942 oculis
2984 889 3159 958 aperit
3184 891 3544 959 spatiantibus
3566 901 3682 949 arte
3700 895 3737 948 ⁸.

2377 972 2484 1028 Sed
2513 975 2869 1044 circumjectis
2896 979 2949 1033 in
2972 979 3269 1049 porticibus
3289 983 3513 1052 spatiari

2302 1066 2468 1136 Copia
2497 1068 2643 1138 larga
2665 1071 2867 1138 subest,
2898 1072 3336 1142 interpositisque
3360 1075 3645 1131 columnas

2303 1158 2573 1217 Cancellis
2600 1160 2770 1217 fessos
2798 1162 3144 1229 incumbere;
3173 1172 3231 1219 et
3263 1165 3387 1221 inde
3412 1165 3645 1223 fluentes

2304 1250 2597 1321 Aspectare
2617 1251 2773 1321 jocos
2799 1257 2843 1321 ³,
2875 1253 3208 1325 pedibusque
3235 1257 3509 1312 madentia
3538 1258 3695 1315 siccis

2302 1340 2559 1409 Cernere,
2593 1359 2694 1399 nec
2720 1344 2929 1399 calcare
2957 1345 3072 1400 sola
3096 1363 3111 1413 ;
3144 1354 3199 1401 et
3229 1348 3527 1404 certamine
3552 1348 3742 1407 blando

2305 1434 2486 1490 Mirari
2516 1436 2729 1506 placido
2758 1437 3016 1493 salientes
3042 1454 3317 1494 murmure
3344 1439 3543 1506 fontes,

2302 1524 2420 1581 Non
2468 1526 2643 1582 solum
2683 1526 2912 1584 hiberno
2938 1528 3201 1599 placitura
3246 1529 3300 1584 in
3339 1539 3588 1602 tempore
3612 1549 3743 1604 prte-

3454 1629 3567 1702 [sto
3595 1637 3679 1685 est

2306 1707 2711 1779 Commoditas,
2760 1713 2888 1782 quia
2930 1714 3011 1769 sic
3055 1715 3183 1771 tecti
3224 1716 3379 1787 juvat
3421 1720 3614 1775 umbra
3653 1734 3745 1791 per

3442 1812 3677 1887 [:estuni,

2318 1897 2335 1969 (
2361 1895 2438 1970 [b]
2464 1897 2616 1953 Sicut
2642 1898 2823 1969 aprica
2851 1899 3069 1972 placent
3091 1902 3148 1958 in
3175 1900 3392 1973 frigore,
3425 1905 3678 1975 siccaque
3695 1904 3744 1963 in

3436 1995 3680 2069 [imbre.')

2388 2080 2550 2138 Parte
2571 2082 2673 2137 alia
2700 2091 2852 2155 patet
2879 2084 3136 2153 exterior,
3162 2099 3282 2155 quae
3310 2085 3545 2155 cingitur
3569 2100 3717 2155 teque

2305 2172 2445 2228 Area
2473 2174 2801 2243 porticibus,
2830 2174 2979 2230 cultu
3006 2176 3205 2244 minor,
3235 2192 3460 2245 aequore
3486 2177 3678 2246 major.

2303 2261 2442 2318 Ante
2461 2279 2644 2320 sacras
2667 2265 2811 2320 :edes
2833 2264 2994 2335 longe
3021 2266 3314 2336 spectabile
3335 2267 3523 2337 pandit

2306 2351 2661 2421 Vestibulum,
2679 2355 2877 2424 duplici
2895 2372 3014 2427 quae
3030 2358 3317 2413 exstructis
3333 2358 3567 2426 tegmine
3581 2358 3742 2424 cellis,

2306 2443 2411 2500 Per
2442 2455 2820 2501 contextarum
2848 2448 3098 2503 coeuntia
3123 2448 3271 2517 tigna
3301 2448 3608 2517 domorum,

2302 2536 2521 2593 Castelli
2549 2541 2785 2609 speciem
2814 2541 3103 2597 meditatur
3123 2542 3359 2610 imagine
3383 2543 3545 2611 muri,

2305 2628 2665 2701 Coneiliisque
2688 2630 2862 2688 forum
2892 2633 3001 2688 late
3028 2634 3321 2704 spectabile
3352 2635 3554 2704 pandit.

2370 2723 2539 2792 Quale
2566 2726 2689 2782 loco
2710 2727 2920 2796 signum
2947 2727 3098 2783 Felix
3128 2728 3465 2784 venerandus
3491 2730 3547 2785 in
3573 2730 3678 2788 isto

2303 2814 2545 2871 Ediderit
2573 2833 2767 2888 nuper,
2798 2819 2961 2874 celeri
2986 2821 3218 2877 narrabo
3247 2821 3439 2876 relatu.

2375 2907 2432 2961 ln
2461 2908 2636 2964 medio
2665 2910 2861 2981 campi,
2884 2919 3073 2966 contra
3107 2909 3127 2949 ί
3156 2913 3479 2969 venerabilis
3508 2913 3645 2968 aula:

2307 2998 2513 3053 Limina
2543 3000 2612 3055 de
2639 2999 2785 3069 ligno
2813 3001 2919 3056 duo
2942 3010 3091 3056 texta
3124 3003 3287 3072 tigilla
3315 3005 3642 3073 manebant,

2305 3092 2611 3163 ltnportuna
2636 3094 2764 3162 situ,
2792 3094 2949 3149 simul
2977 3103 3034 3149 et
3056 3093 3317 3150 deformia
3342 3097 3462 3151 visu
3488 3113 3503 3162 ;

2184 3181 2231 3235 i5
2302 3182 2430 3249 Quae
2457 3181 2621 3238 decus
2646 3198 2805 3239 omne
2831 3199 3059 3255 operum
3091 3184 3452 3256 perimebant,
3482 3185 3739 3256 improba,

3437 3277 3603 3351 [ἰωᾶο
3634 3280 3677 3311 ¹⁶

2303 3366 2487 3438 Objice
2538 3378 2883 3440 prospectum
2931 3357 3189 3426 encan'tia
3228 3379 3295 3424 ες
3360 3386 3591 3440 namque
3645 3385 3736 3440 pa-

3495 3458 3508 3531 Ι
3520 3459 3676 3514 tentis

2305 3548 2475 3606 Janua
2506 3551 2765 3619 basilicze,
2798 3552 2974 3623 tuguri
3002 3553 3182 3609 brevis
3210 3553 3498 3624 interiectu
3528 3556 3566 3585 “

2301 3643 2619 3710 Obscurata,
2651 3644 2797 3700 fores
2821 3645 3096 3702 incassum
3126 3645 3306 3702 clausa
3335 3646 3571 3717 patebat.

2373 3735 2499 3792 llaic
2531 3737 2744 3792 amoliri
2766 3737 3109 3807 cupientibus
3139 3736 3298 3793 obVia
3324 3739 3500 3807 nobis,

2286 3827 2475 3884 'Verba
2516 3828 2717 3883 dabant
2755 3828 2914 3884 tectis
2941 3829 3032 3899 qui
3059 3831 3405 3885 metabantur
3441 3831 3494 3885 in
3526 3830 3653 3895 illis,

2298 3918 2664 3988 Jurabantque
2691 3920 2840 3990 prius
2868 3920 3031 3975 vitam
3060 3935 3119 3976 se
3138 3935 3299 3991 posse
3318 3922 3533 3992 pacisci,

2308 4012 2480 4079 Quam
2503 4013 2619 4081 cogi
2642 4013 2876 4081 migrare
2901 4012 3052 4069 locis.
3078 4012 3387 4070 Temneada
3409 4014 3621 4084 quidem
3639 4030 3735 4071 vox

2301 4103 2405 4158 Ista
2425 4102 2741 4158 videbatur:
2772 4103 2865 4159 scd
2893 4113 3032 4172 erat,
3058 4104 3247 4172 fateor,
3279 4106 3412 4161 mihi
3442 4107 3666 4178 idipsum

2302 4192 2518 4248 Invidiae
2543 4213 2555 4247 :
2590 4194 2820 4249 taedebat
2846 4195 2989 4249 enim
3017 4192 3103 4250 vel
3125 4196 3340 4252 vincere
3369 4198 3505 4252 rixa.

2371 4283 2580 4339 Interea
2602 4284 2831 4354 quadam
2848 4285 2922 4355 (c)
2949 4284 3177 4355 primam
3198 4285 3310 4355 jam
3332 4296 3492 4343 nocte
3511 4288 3737 4359 quietem

2300 4375 2541 4447 Carpere
2568 4376 2759 4446 sopitis
2786 4377 3143 4447 captantibus
3171 4396 3184 4431 :
3223 4394 3350 4435 ecce
3379 4380 3579 4436 relictis

2308 4454 2599 4522 Prosiliens
2625 4467 2857 4522 scintilla
2884 4466 3038 4533 focis,
3068 4469 3323 4524 conflavit
3348 4470 3403 4525 in
3430 4485 3535 4525 una

2305 4558 2575 4615 Cellarum
2606 4559 2843 4629 ipsarum
2873 4559 3080 4615 latebra
3098 4598 3113 4625 ,
3145 4559 3213 4615 de
3240 4560 3499 4616 stramine
3525 4554 3674 4629 faeni,

2303 4649 2422 4717 Quo
2450 4650 2588 4705 forte
2618 4649 2912 4714 inciderat,
2960 4651 3194 4706 subitum
3239 4652 3456 4721 ignem:
3511 4667 3739 4721 moxque

3360 4743 3481 4815 [per
3507 4743 3675 4813 ipsam

2164 4832 2233 4887 80
2307 4832 2446 4888 Fusa
2470 4849 2675 4903 casam,
2709 4843 2766 4888 ut
2793 4835 2933 4890 vires
2962 4835 3214 4890 alimenta
3241 4849 3340 4905 per
3367 4836 3518 4890 arida
3547 4836 3705 4906 cepit,

2307 4925 2580 4993 Ingentem
2611 4925 2782 4995 fragili
2810 4927 2989 4996 rapuit
3016 4926 3083 4981 de
3111 4925 3298 4981 fomite
3325 4926 3593 4982 flammam
3622 4945 3637 4994 ;

2307 5014 2373 5069 Et
2400 5015 2540 5071 facili
2568 5018 2717 5088 lapsu
2747 5033 2844 5087 per
2866 5017 3045 5087 putria
3074 5017 3217 5087 ligna
3246 5017 3441 5072 vetusti

2304 5105 2567 5164 Culminis
2593 5124 2882 5178 erumpens
2907 5126 2921 5175 ;
2952 5110 3162 5179 magnis
3189 5110 3435 5165 incendia
3464 5112 3619 5166 torsit

2304 5205 2538 5261 Turbida
2568 5206 2857 5263 verticibus
2880 5223 2894 5272 ;
2924 5206 3262 5278 calidamque
3285 5222 3384 5279 per
3402 5222 3528 5263 acra
3551 5208 3737 5262 nubent

544 5354 567 5378 η
604 5340 734 5396 Vide
754 5348 869 5395 not.
905 5337 1031 5393 515.

544 5413 569 5449 δ
600 5411 658 5465 Ι‹1
684 5419 788 5471 est,
819 5410 976 5464 atria.
1006 5407 1142 5463 Vide
1161 5415 1274 5463 not.
1303 5405 1403 5460 167
1433 5412 1486 5459 et
1515 5403 1636 5457 516.

547 5495 568 5522 ο
602 5481 734 5536 Vide
756 5489 870 5535 not.
899 5480 1023 5533 517.

545 5554 569 5590 ιι
600 5551 657 5605 1d
689 5561 773 5606 est
802 5569 865 5605 ex
892 5566 1168 5604 marmore.

543 5635 565 5660 ο
600 5622 731 5677 Vide
770 5632 885 5676 not.
930 5620 1050 5676 518.

551 5694 566 5729 f

609 5690 666 5745 ld
694 5700 775 5745 est
802 5708 980 5761 prope.

544 5774 566 5812 ε
600 5761 762 5829 Call.,
790 5760 874 5833 qui
903 5760 1251 5816 eiunécltat'eut
1273 5760 1324 5815 la
1356 5778 1468 5817 une.

2233 5341 2247 5356 ‘
2279 5335 2551 5405 Scriptum
2579 5352 2720 5391 anno
2749 5336 2873 5399 405,
2910 5336 2999 5392 die
3028 5335 3339 5391 “Januar.

2234 5407 2310 5478 (τι)
2342 5404 2437 5461 Ms.
2472 5404 2654 5461 Germ.
2683 5408 2887 5478 codex,
2918 5408 3117 5478 incluso
3150 5409 3285 5461 lecti.
3316 5405 3453 5461 Editi
3480 5407 3732 5478 quinque,

2161 5480 2215 5532 in
2245 5476 2395 5531 clivo.
2425 5478 2558 5532 Vide
2586 5487 2698 5534 not.
2733 5476 2830 5531 167
2863 5487 2918 5533 et
2945 5477 3071 5532 516.

2235 5550 2309 5619 (b)
2342 5548 2437 5619 llic
2468 5564 2656 5603 versus
2683 5548 2895 5604 additus
2924 5565 2987 5603 ex
3012 5566 3111 5605 ms.
3147 5547 3335 5609 codice
3359 5546 3733 5605 Germanensi.

2235 5617 2413 5744 tegilta
2443 5620 2779 5675 correximus
2808 5635 2874 5674 ex
2902 5636 3000 5676 ms.
3027 5619 3209 5677 Germ.
3241 5619 3379 5675 Ante
3405 5631 3526 5675 erat
3548 5619 3731 5692 pruna,

2235 5704 2286 5744 τη
2324 5703 2440 5744 use.

2163 5703 2440 5746 mendose.
