3996 6356
159 342 251 397 oss
760 354 773 373 -
1545 335 1777 393 ream
1819 334 2050 395 xxvm.
2448 324 2473 341 '
3332 335 3439 394 666

159 455 217 509 IS
282 452 515 518 Miscuit,
544 461 605 528 et
628 453 783 523 nigro
801 451 1059 509 subduxit
1084 449 1260 506 sidera
1292 448 1458 504 fumo.
1755 457 1804 510 Α
1975 450 2167 507 Sidere
2196 450 2251 518 ι»,
2276 461 2333 508 et
2355 451 2628 522 exstingui
2654 450 2871 508 fremitu
2897 451 3162 509 moriente
3188 454 3367 523 coegit
3391 473 3405 509 :

352 542 585 613 Ipsaque
606 543 903 599 terribilem
921 541 1088 597 dabat
1108 540 1329 611 insuper
1346 538 1423 594 ira
1444 539 1733 607 fragorem,
1990 541 2051 596 Et
2085 544 2269 598 cinere
2304 555 2550 599 exortam
2578 541 2748 599 cineri
2778 558 3023 598 remeare
3050 544 3363 613 procellam.

283 630 522 701 Materia:
545 634 751 704 fragilis
779 636 860 705 (α)
887 633 1093 703 crepitu
1121 632 1369 700 graviore
1398 631 1686 686 resultans.
1844 630 1947 685 150
2057 633 2266 700 Quanta
2292 634 2471 690 crucis
2498 634 2667 689 virtus
2692 634 2705 686 !
2751 642 2813 688 ut
2830 649 2892 689 se
2922 643 3113 688 natura
3141 634 3434 703 relinquat,

285 727 644 800 659-650
684 726 1001 797 Cunctaque
1039 725 1247 781 vicanis
1283 724 1487 779 circum
1535 729 1738 777 metata
1988 721 2180 778 Omnia
2212 724 2354 794 ligna
2385 739 2588 780 vorans
2626 724 2772 792 ligno
2799 725 2974 780 crucis
3004 725 3178 779 uritur
3206 725 3362 793 ignis.

1391 813 1664 887 [colonis;
2062 816 2226 871 Multa
2260 833 2469 883 manus,
2502 817 2709 873 crebris
2735 826 2864 874 tunc
2892 818 2982 872 illa
3012 817 3264 874 incendia
3294 817 3434 874 vasis

288 909 462 978 Atque
489 910 656 963 etiam
675 908 799 963 vico
828 909 871 940 ι’
901 907 1182 963 submotos
1210 905 1421 974 longius
1448 918 1628 973 agros,
1990 908 2317 979 Aspergens,
2346 909 2509 978 largis
2536 908 2790 980 cupiebat
2814 910 3031 964 vincere
3053 909 3285 981 lymphis
3310 928 3325 963 :

153 1004 212 1055 1.0
282 1000 373 1055 Sic
400 1014 573 1069 vapor
596 996 837 1065 afﬂabat,
870 1000 949 1054 sic
969 998 1186 1053 horrida
1217 997 1309 1051 lux
1337 996 1601 1062 feriebat;
1986 1000 2093 1055 Sed
2122 1001 2249 1056 licet
2279 1001 2558 1056 exhaustis
2584 1009 2876 1071 pensarent
2901 1001 3135 1056 fontibus
3161 1000 3383 1065 imbres,

282 1092 372 1148 Sic
401 1107 595 1163 prope,
625 1092 704 1147 sic
729 1092 889 1162 longe
911 1092 1013 1148 sita
1039 1091 1269 1147 culmina
1293 1089 1675 1161 respergebat;
1844 1093 1946 1148 155
1986 1093 2049 1149 Vi
2079 1094 2287 1163 majore
2319 1103 2517 1159 tamen,
2552 1093 2708 1150 lassis
2736 1094 3130 1165 spargentibus,
3165 1109 3383 1149 omnem

283 1185 548 1241 Scintillis
576 1184 688 1240 late
717 1184 1068 1240 volitantibus
1088 1184 1276 1252 igneus
1303 1183 1513 1245 imber;
1984 1184 2202 1240 Vicerat
2246 1186 2386 1254 ignis
2430 1200 2674 1255 aquam:
2726 1200 2826 1241 nos
2877 1184 3021 1254 ligno
3079 1185 3437 1241 exstinximus

285 1276 355 1332 Ut
380 1278 564 1334 subito
591 1277 759 1333 exciti
786 1292 887 1332 nos
914 1276 1218 1347 planctibus
1245 1274 1482 1345 undique
1510 1272 1738 1341 maestis,
3137 1277 3361 1349 [ignem,

288 1368 355 1423 Et
381 1368 723 1424 circumfusis
749 1368 973 1423 immani
1003 1368 1204 1422 lumine
1234 1367 1411 1433 tectis,
1987 1366 2269 1438 Quamque
2295 1385 2436 1441 aqua
2466 1386 2574 1425 non
2605 1377 2840 1441 poterat,
2866 1368 2994 1424 vicit
3014 1369 3195 1424 brevis
3214 1369 3386 1425 astula
3409 1378 3434 1408 ο

162 1459 221 1513 95
285 1458 477 1513 Omnia
504 1460 649 1515 circa
671 1474 772 1514 nos
792 1458 973 1514 lucere
998 1466 1058 1513 ut
1079 1467 1269 1528 aperta
1288 1457 1554 1522 videntes,
2716 1488 2719 1491 η
3046 1458 3360 1533 mammam.

285 1552 494 1607 Cuncta
521 1560 835 1623 putaremus
859 1551 1090 1607 ﬂammis
1110 1560 1359 1622 correpta
1386 1548 1639 1615 cremari,
2059 1549 2190 1606 Post
2220 1551 2310 1606 ubi
2337 1550 2590 1607 discessit
2614 1559 2812 1619 metus,
2842 1560 3198 1623 optatumque
3222 1550 3435 1607 reduxit

284 1640 516 1713 Ipsaque
542 1653 852 1697 sanctorum
881 1642 1040 1696 simul
1070 1642 1192 1711 igne
1220 1640 1420 1712 palatia
1450 1647 1604 1694 tanto
1987 1641 2101 1696 Lux
2132 1658 2366 1712 operosa
2396 1642 2559 1705 diem,
2592 1643 2956 1713 processimus
2984 1651 3104 1699 acta
3129 1642 3312 1697 videre

284 1733 520 1790 Fervere
544 1751 558 1786 :
591 1742 647 1788 et
676 1749 707 1788 a
737 1733 894 1789 tectis
920 1733 1079 1788 simul
1100 1732 1350 1788 omnibus
1374 1732 1465 1786 illa
1494 1728 1683 1786 referri
1844 1732 1945 1789 140
1983 1732 2187 1801 Noctis,
2217 1743 2272 1788 et
2298 1733 2580 1789 exstincta:
2608 1734 2871 1803 quamvis,
2897 1734 3156 1788 fumantia
3179 1734 3287 1789 late

286 1822 543 1892 Fulgura,
569 1839 689 1893 qua:
717 1825 919 1895 sparsis
948 1824 1111 1879 etiam
1142 1824 1431 1893 longinqua
1458 1822 1741 1893 replebant
1772 1829 1817 1889 Β
1992 1824 2212 1878 Securis
2237 1833 2489 1893 Spectare
2518 1824 2689 1878 oculis
2716 1824 2938 1892 vestigia
2966 1822 3211 1880 ﬂammae.

163 1913 252 1967 100
285 1913 517 1981 Ignibus,
548 1924 606 1970 et
625 1917 795 1971 multo
824 1915 1099 1970 terrebant
1125 1914 1202 1985 (ὁ)
1234 1915 1357 1984 igne
1385 1928 1636 1985 vapores.
1987 1913 2053 1968 Et
2073 1914 2428 1969 credebamns
2454 1900 2553 1969 nos
2583 1915 2809 1983 plurima
2839 1916 3035 1969 damna
3060 1916 3346 1971 domorum

287 2004 357 2061 Ut
380 2008 537 2076 quasi
566 2006 775 2062 vicinas
809 2020 1000 2062 omnes
1027 2006 1128 2060 sibi
1158 2006 1385 2075 quisque
1413 2005 1669 2058 timerent
1982 2005 2230 2074 \‘isuros,
2263 2006 2443 2075 magni
2468 1992 2738 2061 memores
2766 2007 2988 2062 terroris
3011 2016 3067 2061 et
3090 2009 3229 2077 ignis
3255 2026 3269 2061 :

285 2097 365 2151 Ad
388 2111 488 2153 sua
521 2103 663 2152 tecta
694 2094 840 2151 faces
868 2095 1150 2150 ardentem
1180 2093 1480 2149 comminus
1498 2094 1713 2157 uastum.
1982 2096 2089 2153 Sed
2116 2100 2228 2154 cito
2259 2096 2569 2169 conspectis
2596 2098 2839 2153 decrevit
2866 2100 3051 2168 opinio
3089 2101 3285 2155 rebus:

288 2189 630 2258 lnfectasque
661 2188 733 2257 (ε)
762 2187 983 2243 trahens
1002 2185 1134 2241 diris
1153 2185 1435 2241 nidoribus
1463 2199 1643 2239 auras.
1843 2187 1945 2243 M5
1982 2188 2046 2242 Et
2077 2189 2212 2244 nihil
2241 2193 2494 2244 eiustum
2514 2229 2529 2254 ,
2559 2189 2663 2245 nisi
2692 2189 2837 2259 quod
2866 2189 3097 2244 debebat
3126 2190 3302 2258 aduri,

356 2280 469 2336 Nos
496 2279 725 2351 trepidi,
758 2285 818 2333 ut
843 2276 1046 2333 nostris
1075 2275 1326 2332 domibus
1351 2276 1608 2347 propiore
1636 2287 1735 2345 pe-
1978 2282 2084 2353 65
2095 2282 2336 2353 1-352
2363 2280 2667 2344 Cernimus,
2696 2298 2763 2336 cx
2792 2281 3006 2351 illisque
3025 2298 3189 2337 unum
3212 2281 3431 2352 ﬂagras.

1482 2365 1661 2439 [riclo,
1689 2400 1697 2407 -
2968 2373 3050 2445 [se
3081 2374 3124 2406 ί*
3152 2374 3364 2431 duobus

161 2461 258 2517 l05
292 2461 372 2518 Nil
408 2476 517 2533 ope
547 2460 618 2517 de
659 2469 841 2517 nostra
880 2458 1292 2532 praesumimus,
1342 2456 1486 2513 unde
1531 2456 1736 2513 etenim

1983 2463 2247 2536 Hospitiis
2269 2506 2284 2531 ,
2332 2480 2452 2535 quae
2481 2475 2665 2522 nostra
2695 2482 2886 2523 manus
2911 2508 2927 2533 ,
2971 2468 3072 2524 nisi
3101 2466 3315 2524 ﬂamma
3344 2478 3431 2525 tu-

1534 2548 1656 2623 [vis,
3161 2564 3354 2635 [lisset,

281 2647 346 2704 Et
389 2662 588 2703 manus
632 2644 860 2703 inﬁmis
906 2646 1048 2703 foret
1068 2687 1085 2715 ,
1142 2646 1290 2701 illam
1314 2644 1663 2712 exstinguere

1980 2649 2290 2708 Abstulerat
2314 2670 2327 2706 :
2358 2652 2453 2707 sed
2483 2659 2539 2706 et
2568 2650 2670 2706 hoc
2692 2644 2887 2708 Felicis
2915 2652 3083 2722 gratia
3113 2653 3271 2709 nobis

1438 2735 1662 2808 {molem
1984 2746 2207 2803 Munere
2234 2745 2524 2811 consuluit,
2556 2745 2702 2815 quod
2730 2746 3110 2815 przeveniendo
3137 2747 3377 2802 laborem

280 2829 606 2887 Sufﬁciens?
648 2846 770 2887 cum
800 2829 882 2903 (ά)
911 2829 1130 2885 ﬂamma
1158 2828 1271 2883 suis
1297 2826 1567 2897 ingentior
1594 2826 1698 2881 iret
1839 2836 1858 2889 1

1839 2836 1942 2893 150
1982 2836 2213 2893 Utilibns
2235 2840 2279 2870 ¹⁵
2306 2837 2567 2903 ﬂammis,
2598 2852 2827 2907 operum
2856 2837 3176 2908 compendia
3207 2838 3363 2894 nobis

284 2925 604 2990 Fomitibus,
626 2938 904 2995 parvoque
931 2930 1122 2978 exorta
1143 2928 1370 2992 repente
1396 2920 1586 2989 tigillo,
1980 2930 2240 2987 Prmstitit
2264 2946 2280 2997 ;
2329 2929 2670 3000 inde—parem
2714 2928 2949 2985 incensa:
2973 2970 2989 2997 ,
3032 2940 3197 2997 quam
3229 2929 3429 2989 vicerat

283 3014 532 3069 Culmina
559 3021 756 3069 cuncta
784 3012 945 3069 simul
970 3010 1316 3082 perfunderet
1344 3010 1467 3079 igne
1492 3009 1732 3064 minaci?
3223 3020 3355 3095 [ηιξο

155 3103 252 3161 110
353 3104 637 3161 Currimus
664 3117 826 3173 ergo,
856 3101 962 3158 fide
985 3110 1198 3158 tantum
1223 3108 1280 3156 et
1298 3116 1461 3172 prece
1490 3101 1733 3171 supplice
1982 3112 2222 3167 Flamma
2251 3110 2473 3167 domum
2497 3151 2514 3177 ,
2562 3127 2669 3168 non
2710 3120 2771 3167 ut
2799 3120 3084 3182 pateretur
3118 3122 3267 3170 stare
3289 3154 3306 3180 ,
3347 3113 3430 3172 vel

1502 3194 1658 3267 [nixi,
1756 3200 1809 3261 ο
3164 3204 3355 3277 [ipsam

276 3288 358 3343 Ad
386 3289 570 3345 vicina
598 3290 707 3344 mei
728 3288 923 3344 Felicis
943 3286 1129 3342 limina
1153 3304 1167 3340 ε
1200 3295 1256 3342 et
1278 3284 1404 3342 inde
1979 3290 2299 3349 Obstantem
2329 3293 2493 3349 simili
2522 3292 2889 3364 bipatentibus
2918 3295 3093 3366 objice
3118 3297 3285 3351 valvis
3308 3314 3322 3349 ι

281 3379 607 3451 Contiguam
638 3381 861 3451 paribus
885 3379 1031 3435 votis
1057 3379 1395 3435 adcurrimus
1422 3378 1621 3440 aulam,
1979 3383 2177 3440 Verum
2203 3394 2260 3440 ut
2286 3392 2344 3442 et
2373 3386 2488 3441 haac
2510 3385 2657 3440 illum
2684 3386 2902 3456 puniret
2920 3386 3133 3442 ﬂamma
3157 3388 3430 3454 colonum,

277 3473 455 3542 Atque
479 3471 549 3525 ab
579 3471 861 3541 apostolici
886 3471 1085 3526 cineris
1116 3472 1313 3526 virtute
1337 3470 1603 3526 medelam
1836 3476 1940 3531 153
1978 3477 2321 3533 Conservans
2350 3478 2461 3544 illi,
2487 3477 2631 3547 quod
2661 3494 2785 3533 mox
2815 3488 3086 3535 everteret
3113 3480 3251 3549 ipse.

273 3564 596 3629 Poscimus,
627 3564 896 3635 impositis
923 3564 1152 3634 subjecti
1181 3565 1441 3620 altaribus
1466 3580 1585 3620 ora.
2047 3568 2183 3623 Nam
2221 3583 2320 3624 sua
2346 3570 2438 3637 qni
2475 3568 2677 3624 sanctis
2712 3584 2887 3639 nuper
2932 3569 3210 3639 gurgustla
3239 3570 3311 3642 (ε)
3340 3579 3422 3627 te-

153 3655 240 3711 ll5
340 3656 467 3728 Ipse
493 3656 717 3711 domum
747 3670 1028 3721 remeans,
1059 3656 1331 3713 modicum
1349 3697 1364 3724 ,
1401 3656 1497 3712 sed
1525 3656 1731 3725 grande
2751 3706 2757 3713 .
3232 3662 3357 3735 [ctis

1371 3749 1553 3821 [saluti
1588 3749 1654 3816 ",
1978 3750 2318 3819 Przetulerat,
2348 3752 2581 3823 primum
2603 3749 2819 3807 ﬂamma
2841 3751 3131 3808 mulctatus
3152 3753 3199 3785 ¹⁶
3219 3754 3273 3807 in
3297 3769 3427 3819 uno,

267 3840 348 3895 De
367 3838 550 3895 cntcis
575 3846 790 3894 eterna
812 3846 1051 3895 sumtum
1078 3838 1212 3893 mihi
1235 3838 1497 3909 fragmine
1523 3839 1729 3909 lignum
1975 3843 2098 3899 Mox
2128 3844 2272 3900 aliud
2303 3845 2520 3915 propria
2546 3845 2659 3915 ipse
2687 3860 2850 3900 manu
2884 3854 3099 3901 vastare
3130 3846 3356 3915 tigillum

269 3932 496 3998 Prome,
526 3940 828 4002 tenensque
855 3946 1021 3987 manu
1047 3931 1290 3987 adversis
1318 3933 1511 4003 procul
1541 3933 1729 4002 iugero
1974 3937 2190 4008 Incipit,
2218 3949 2275 3993 et
2301 3939 2465 3994 celeri
2496 3939 2706 4009 peragit
2732 3954 2828 3993 sua
2857 3938 3050 3994 damna
3078 3938 3285 4006 furore,

1380 4022 1654 4096 [ﬂammis,
1831 4025 1932 4082 lGO
1969 4027 2313 4098 Dilectasque
2336 4030 2416 4100 (f)
2439 4029 2650 4094 domos,
2678 4037 2736 4083 et
2754 4029 2943 4085 inanes
2963 4030 3169 4100 plangit
3189 4045 3426 4087 amores.

272 4113 345 4173 Ut
372 4116 627 4188 clypeum
652 4114 892 4171 retinens
916 4129 1017 4185 pro
1046 4121 1269 4185 pectore
1286 4155 1302 4182 ,
1343 4129 1453 4185 quo
1481 4121 1726 4184 tegerem
2049 4118 2151 4185 Qui
2179 4120 2339 4174 simul
2369 4119 2639 4189 aspiciens
2668 4120 2905 4184 incensa,
2937 4129 2995 4174 et
3019 4120 3198 4174 diruta
3229 4130 3392 4188 tecta,

1503 4207 1612 4281 [me
1637 4249 1653 4276 ,
1971 4210 2266 4268 Dissimiles
2293 4210 2455 4265 simili
2482 4211 2706 4265 miratur
2733 4211 2786 4265 in
2816 4224 3012 4279 aggere
3043 4210 3209 4274 labes,

270 4298 641 4367 Arceremque
660 4296 873 4353 hostem
901 4295 1100 4378 collato
1124 4296 1360 4352 umbone
1387 4296 1629 4352 relisum.
1968 4300 2218 4369 ltuderis,
2248 4309 2305 4356 et
2331 4300 2531 4357 cineris
2562 4303 2642 4373 (g)
2667 4300 2841 4370 juncti
2867 4300 3112 4356 hicolore
3141 4301 3318 4357 ruina.

147 4386 235 4443 no
333 4388 580 4455 Credite,
611 4402 712 4442 nec
737 4387 936 4443 donate
963 4387 1114 4452 mihi,
1144 4387 1241 4443 sed
1264 4386 1477 4443 reddite
1498 4385 1716 4444 Christo
1971 4393 2125 4450 Hunc
2149 4394 2306 4449 nobis
2331 4394 2449 4448 sine
2475 4394 2569 4448 lite
2597 4392 2785 4448 videns
2810 4392 3043 4449 ceSsisse
3071 4393 3424 4464 triumphum,

269 4480 486 4546 Grates,
515 4487 573 4534 et
590 4478 763 4548 justas
789 4480 916 4535 date
943 4478 1131 4535 laudes
1158 4477 1532 4550 Omnipotenti
1558 4497 1571 4534 :
1830 4486 1933 4541 105
1970 4487 2042 4542 Se
2071 4494 2280 4542 tantum
2313 4486 2478 4544 miser
2507 4494 2751 4554 accusat,
2781 4498 2945 4555 quem
2971 4486 3144 4555 gratia
3178 4486 3323 4541 nulla

264 4570 467 4627 Nostra
508 4569 654 4625 salus
701 4570 904 4625 etenim
950 4585 1114 4627 cruce
1158 4569 1361 4626 Christi
1407 4578 1463 4626 et
1503 4572 1724 4629 nomine
1752 4568 1808 4630 Ι)
1977 4578 2233 4633 Manserit
2261 4577 2527 4646 obsequii,
2555 4585 2611 4633 et
2635 4584 2852 4632 maneat
2879 4576 3123 4632 confusio
3153 4592 3351 4648 pinnat.

1391 4660 1649 4733 [constat,
2046 4669 2196 4725 Nunc
2222 4670 2349 4739 quia
2378 4669 2585 4724 dimoto
2611 4671 2652 4700 "
2682 4677 2973 4741 patuerunt
3000 4667 3176 4738 objice
3199 4668 3425 4736 frontes,

265 4753 399 4810 lude
427 4752 561 4809 fides
587 4753 762 4821 nobis,
793 4761 850 4809 et
875 4753 931 4809 in
959 4753 1066 4809 hoc
1090 4769 1254 4810 cruce
1281 4754 1407 4810 nixa
1437 4756 1645 4826 periclo
1970 4759 2200 4832 Eloquio
2224 4761 2383 4817 simul
2416 4770 2578 4831 atque
2606 4761 2791 4816 animo
2816 4762 3117 4832 spatiemur
3144 4762 3197 4817 in
3226 4763 3355 4833 ipsis

264 4842 498 4910 Profuit,
522 4853 579 4899 et
605 4852 849 4900 nostram
876 4845 1130 4914 cognovit
1152 4843 1368 4900 ﬂamma
1398 4845 1628 4903 salutem
1655 4857 1701 4901 '.
1969 4854 2279 4911 Gaudenles
2307 4855 2526 4926 spatiis,
2557 4862 2878 4925 sanctasque
2906 4855 3142 4910 feramur
3165 4855 3217 4910 in
3241 4857 3427 4914 aulas:

142 4935 230 4993 l25
332 4937 450 4995 Nec
472 4953 595 4993 mea
621 4953 750 5007 vox,
783 4946 878 4993 aut
904 4938 1094 4994 dextra
1120 4936 1292 5006 illum,
1315 4939 1411 4995 sed
1433 4940 1517 4995 vis
1542 4941 1718 4998 crucis
1828 4945 1934 5001 170
1973 4945 2336 5017 Miremurque
2358 4962 2539 5003 sacras
2561 4956 2805 5003 veterum
2827 4958 3174 5005 monmnenta
3197 4950 3428 5018 figuras:

1445 5032 1647 5107 [ignem
1969 5037 2039 5093 Et
2068 5039 2241 5094 tribus
2269 5039 2322 5093 in
2351 5040 2539 5110 spatiis
2567 5039 2674 5093 duo
2705 5038 3054 5097 Testamenta
3086 5042 3327 5111 legamus
3358 5059 3372 5107 ;

262 5124 504 5192 Terruit,
534 5125 698 5196 inque
725 5125 847 5181 loco
871 5125 941 5180 de
966 5140 1074 5194 quo
1103 5135 1412 5181 surrexerat
1438 5127 1577 5198 ipso,
1971 5129 2122 5187 llanc
2171 5146 2391 5201 quoque
2440 5131 2518 5204 (It)
2566 5139 2854 5187 cernentes
2902 5135 3167 5188 rationem
3221 5135 3425 5190 lumine

268 5214 338 5271 Ut
366 5217 786 5287 circumseptam
815 5218 1130 5288 praescripto
1153 5218 1322 5297 limite
1355 5218 1628 5275 ﬂammam
3172 5227 3350 5301 [recto

197 5367 299 5446 fld
325 5376 412 5424 est
440 5385 644 5446 crucem
680 5385 797 5442 quo:
833 5379 906 5426 est
942 5380 1120 5426 nostra
1151 5373 1313 5426 salus.
1898 5376 1978 5446 (ά)
2009 5374 2404 5446 Manuscriptus
2428 5376 2603 5432 codex
2630 5374 2836 5439 Germ.,
2860 5377 3144 5446 ﬂammam.

197 5378 219 5403 ι
242 5378 298 5423 ω
325 5378 412 5424 est
440 5385 644 5423 crucem
680 5385 797 5442 quo:
833 5379 906 5426 est
942 5380 1120 5426 nostra
1151 5378 1313 5426 salus.
1921 5378 1978 5445 ά)
2009 5378 2404 5444 Manuscriptus
2428 5378 2603 5432 codex
2630 5378 2836 5439 Germ.,
2860 5378 3144 5446 ﬂammam.

196 5437 219 5473 ⁸⁵
335 5449 421 5518 est
451 5440 672 5518 sisti.__n
1055 5508 1059 5512 η
1827 5516 1862 5518 ῳ
1898 5378 1970 5518 le)
2011 5442 2111 5518 Sic’
2132 5446 2535 5518 emendavimus
2571 5462 2641 5502 ex
2667 5463 2769 5501 ms.
2809 5448 2995 5502 codice
3036 5446 3410 5507 Cermanensi.

197 5518 216 5545 ο
252 5509 384 5582 Vide
422 5520 535 5563 unt.
570 5509 694 5565 3l9.
727 5580 769 5582 Μ
1055 5509 1059 5512 ’
1106 5578 1125 5582 Δ

627 5509 694 5565 L9.
727 5581 733 5582 ί
760 5580 769 5582 ᾼ
1055 5509 1059 5512 ·
1106 5578 1125 5582 Α
1824 5509 2000 5582 naui,
2033 5517 2205 5571 dictis.

194 5580 266 5659 (ᾳ)
298 5580 695 5659 ξνξιιιιιιδυῌριρε
722 5580 862 5635 idem
890 5582 1058 5636 codex
1087 5578 1294 5647 Germ.,
1323 5583 1561 5655 strepitu.
1900 5590 1966 5659 (f)
1990 5578 2096 5659 Ms.
2130 5588 2338 5652 Germ.,
2365 5588 2566 5659 domus.

196 5650 267 5735 (ὁ)
437 5654 608 5735 code:
629 5649 839 5716 Germ.,
872 5670 997 5735 rufo
1024 5672 1233 5735 pavore.
1258 5726 1289 5735 η
1332 5726 1344 5735 ⁸
1414 5649 1440 5735 γ’
1473 5728 1484 5735 _
2007 5656 2150 5713 Idem
2200 5672 2300 5712 ms.
2324 5649 2520 5713 codex
2567 5656 2751 5735 Germ.
2778 5699 2792 5723 ,
2850 5661 3037 5730 juncta
3085 5668 3132 5714 ct
3195 5660 3417 5718 bicolore

197 5719 373 5800 ic)_lta
400 5738 500 5800 ms.
519 5720 703 5800 Germ.
733 5739 856 5777 cum
878 5724 998 5780 cdd.
1024 5719 1155 5781 Bait.
1183 5736 1233 5782 et
1258 5726 1445 5783 Schot.
1472 5728 1524 5782 in
1542 5744 1713 5800 marg.
1828 5719 2002 5800 nata.

133 5792 298 5849 tit-teri
327 5791 563 5859 codices,
591 5792 835 5865 infestas.
1661 5791 1690 5800 '
1901 5798 1976 5870 (In)
2010 5799 2107 5856 Ms.
2142 5800 2348 5868 Germ.,
2377 5798 2641 5855 credentes
2666 5837 2679 5854 .
2709 5836 2723 5854 .
2749 5838 2760 5853 .
2793 5837 2805 5853 .
2839 5810 2996 5856 certo.
