3996 6356
553 340 654 395 667
1472 331 1528 387 s.
1571 331 1843 388 meum
1882 329 2132 387 nomen
2172 329 2471 387 EPISCOPI
2515 329 2860 386 POEMATA.
3215 338 3232 360 -
3723 332 3826 388 ωε

694 456 846 524 Quod
879 471 1015 511 nova
1041 454 1094 508 in
1115 451 1348 521 antiquis
1377 451 1550 515 tectis,
1582 449 1801 518 antiqua
1827 447 1980 501 novis
2010 447 2096 500 lex
2163 451 2210 504 Α

696 549 937 617 Pingitur
962 564 973 599 :
1005 555 1087 600 est
1112 543 1308 598 etenim
1339 542 1542 612 pariter
1566 541 1731 596 decus
1751 541 1882 595 utile
1909 539 2064 593 nobis
2101 605 2105 608 ι

553 641 655 695 175
695 641 751 694 ln
781 640 946 693 veteri
975 637 1203 697 novitas,
1236 643 1397 704 atque
1426 634 1478 687 in
1509 633 1748 688 novitate
1777 639 2037 686 vetustas.

697 732 765 786 Ut
789 734 830 764 "
851 731 1008 785 simul
1029 739 1084 784 et
1112 744 1247 784 nova
1270 728 1376 781 vita
1397 727 1484 791 sit,
1517 734 1574 780 et
1601 723 1882 794 prudentia
1904 738 2060 779 cana.

695 825 766 879 Ut
790 825 1052 893 gravitate
1069 837 1248 883 senes,
1279 831 1336 876 et
1362 820 1706 890 simplicitate
1730 819 1930 890 pusilli,

693 915 1032 984 Temperiem
1062 913 1255 968 mentis
1282 911 1508 980 gemina'
1522 927 1589 966 ex
1616 918 1774 965 aetate
1803 910 2096 974 trahamus,

689 1007 983 1074 Jungentcs
1005 1005 1202 1060 nostris
1228 1003 1501 1060 diversum
1529 1003 1770 1058 moribus
1797 1015 1969 1055 aevum
1993 1019 2006 1052 :

553 1098 657 1153 180
764 1098 860 1152 Est
881 1099 1046 1152 etiam
1078 1095 1334 1152 interiore
1362 1096 1482 1150 sinu
1511 1093 1731 1162 majoris
1752 1093 1806 1147 in
1831 1093 1967 1146 aula:

691 1188 852 1244 lnsita
882 1189 1017 1244 cella
1044 1199 1070 1227 ιι
1101 1188 1308 1258 procul,
1339 1186 1493 1257 quasi
1523 1184 1630 1240 ﬁlia
1653 1184 1901 1240 culminis
1925 1183 2060 1252 ejus,

689 1279 917 1352 Stellato
945 1281 1022 1348 (a)
1051 1279 1297 1348 speciosa
1328 1277 1476 1331 tholo
1492 1275 1539 1342 ι»,
1575 1276 1822 1344 trinoque
1849 1289 2067 1330 recessu

694 1369 977 1440 Dispositis
1001 1371 1210 1423 sinuata
1241 1369 1410 1429 locis;
1434 1367 1612 1423 medio
1641 1367 1856 1436 pietatis

693 1461 864 1516 Fonte
889 1462 1038 1527 nitet,
1071 1461 1313 1530 mireque
1341 1460 1498 1514 simul
1521 1467 1682 1513 novat
1701 1467 1863 1526 atque
1885 1466 2131 1512 novatur.

554 1553 660 1608 185
697 1553 937 1622 Namque
959 1552 1120 1606 hodie
1149 1552 1232 1607 bis
1259 1567 1378 1607 eam
1403 1551 1674 1619 geminata
1702 1550 1921 1604 novatio
1949 1549 2135 1616 comit,

698 1645 831 1698 Dum
859 1645 1070 1711 gemina
1095 1643 1319 1696 antistes
1339 1641 1477 1709 gerit
1506 1641 1613 1695 illic
1643 1654 1866 1694 munera
1895 1638 2094 1693 Christi
2121 1656 2134 1700 ;

695 1733 750 1787 ln
780 1734 1022 1801 geminos
1051 1733 1268 1804 adytum
1302 1731 1609 1787 venerabile
1635 1731 1848 1785 dedicat
1879 1745 2029 1795 usus,

693 1824 945 1878 Castifico
966 1825 1143 1878 socias
1172 1824 1258 1892 pia
1288 1831 1626 1877 sacramenta
1651 1823 1866 1875 lavacro
1894 1840 1905 1873 :

694 1917 783 1971 Sic
812 1917 1012 1985 pariter
1038 1915 1295 1984 templum
1316 1923 1480 1969 novat
1499 1915 1694 1978 hostia,
1719 1915 1888 1982 gratia
1914 1913 2134 1968 fontem.

559 2008 658 2061 190
696 2007 946 2076 Fonsque
978 2023 1146 2061 novus
1170 2021 1436 2061 renovans
1462 2001 1761 2069 hominem,
1794 2005 1940 2074 quod
1966 2004 2140 2060 susci-

1753 2100 1874 2172 [pit,
1901 2107 1957 2154 et
1980 2099 2074 2154 dat

699 2193 926 2256 Munus;
958 2193 1072 2248 sive
1101 2192 1287 2260 magis,
1319 2192 1464 2261 quod
1491 2192 1690 2247 desinit
1709 2208 1826 2247 esse
1845 2207 1944 2262 per
1963 2208 2158 2256 usum,.

699 2283 934 2338 Tradere
963 2283 1148 2338 divino
1175 2283 1492 2338 mortalibus
1520 2283 1708 2353 incipit
1736 2300 1857 2338 usu.

699 2375 829 2429 Nam
861 2374 980 2430 fons
1018 2376 1133 2445 ipse
1173 2376 1342 2430 semel
1399 2375 1473 2445 (ὁ)
1519 2375 1812 2430 renovandi
1854 2376 2046 2430 missus
2091 2377 2144 2430 in

1871 2469 2070 2540 fusum,

697 2561 902 2614 Desinit
930 2575 1049 2615 esse
1079 2576 1250 2614 novus
1277 2577 1288 2612 :
1328 2559 1422 2613 sed
1453 2559 1545 2613 tali
1572 2569 1795 2614 munere
1822 2574 2038 2628 semper

556 2648 661 2706 195
699 2650 936 2705 Utendus
959 2691 974 2715 ,
1001 2665 1290 2719 numquam
1321 2659 1533 2706 veteres
1561 2665 1827 2705 renovare
1857 2649 2104 2705 facesset.

769 2742 883 2798 lloc
905 2742 1115 2796 Domini
1149 2743 1378 2806 donum,
1413 2742 1552 2798 hanc
1580 2743 1814 2814 speciem
1842 2786 1857 2811 ,
1887 2757 1995 2811 qua
2024 2758 2142 2795 mn-

1695 2834 1848 2905 [nere
1877 2833 2073 2888 Christi

696 2925 839 2980 Idem
871 2925 1034 2979 homo
1064 2921 1122 2977 fit
1150 2938 1348 2986 novus,
1387 2933 1444 2978 et
1474 2932 1627 2978 vetus
1652 2923 1869 2987 interit,
1899 2937 2028 2977 ecce
2057 2938 2137 2976 re-

1897 3013 2074 3086 [fectis

696 3108 915 3163 Cernite
939 3106 1262 3161 culminibus
1289 3107 1502 3176 gemina
1536 3105 1729 3161 Felicis
1759 3107 1812 3160 in
1843 3107 1964 3160 aula

692 3196 1052 3270 θείς-654
1077 3197 1207 3263 Qua:
1245 3197 1457 3252 fuerant
1494 3205 1698 3261 vetera,
1738 3205 1794 3252 et
1821 3213 1960 3253 nova
2002 3215 2144 3255 nunc
2169 3190 2218 3254 C

1621 3287 1856 3359 [exstare
1877 3288 2146 3344 videntur.

556 3371 660 3430 suo
696 3375 826 3429 Nam
855 3372 1121 3431 st'eterant
1147 3385 1302 3430 vasto
1327 3375 1656 3432 deformibus
1682 3379 1894 3447 agmine
1921 3379 2043 3449 pilis
2077 3400 2088 3433 :

699 3467 849 3521 Nunc
877 3468 1102 3522 meliore
1130 3467 1271 3522 datis
1291 3467 1479 3523 eadem
1505 3469 1621 3524 vice
1644 3469 1777 3523 fulta
1807 3469 2092 3537 columnis,

699 3557 765 3611 Et
791 3559 950 3628 spatii
979 3574 1196 3630 cepere,
1226 3568 1283 3617 et
1311 3560 1528 3616 luminis
1556 3561 1884 3617 incrementa
1911 3557 1930 3614 ε’

697 3649 1062 3720 Depositoque
1089 3651 1199 3706 situ
1228 3651 1482 3706 reducem
1507 3668 1750 3708 sumsere
1772 3651 2076 3721 juventam.

769 3737 1011 3807 Namque
1051 3748 1108 3795 et
1149 3741 1202 3794 in
1232 3741 1316 3796 his
1343 3741 1540 3811 duplex
1586 3742 1861 3812 spectandi
1906 3744 2079 3811 gratia

2382 443 2648 509 Reddidit,
2677 443 2853 500 infuso
2882 444 3155 498 variorum
3178 443 3309 498 [lore
3336 443 3599 498 colorum.

2381 532 2517 589 Hinc
2535 549 2759 604 operum
2788 543 3001 604 tempus
3027 534 3398 598 confunditur,
3429 542 3486 588 et
3511 534 3649 587 nitet
3675 541 3829 588 extra

2226 601 2344 678 ’215
2383 601 2684 682 Parieti—bus
2706 601 2937 688 novitas,
2969 625 3102 680 latet
3123 625 3268 679 intus
3288 633 3478 694 operta
3506 631 3749 677 vetustas
3775 641 3786 674 :

2383 714 2580 770 Fronte
2601 716 2900 785 juventutis
2926 716 3124 786 tegitur
3155 715 3333 770 fucata
3358 723 3614 770 senectus
3639 732 3651 766 :

2383 804 2438 858 In
2468 820 2687 874 pueram
2718 804 2908 859 faciem
2932 806 3010 874 (ά)
3042 812 3300 859 veterana
3327 801 3571 858 reﬂoruit
3597 811 3747 856 tetas.

2375 894 2619 964 Suntque
2660 895 2820 950 simul
2856 903 3040 951 vetera
3068 902 3126 951 et
3148 911 3320 961 nova;
3374 909 3475 950 nec
3519 910 3686 958 nova,
3733 910 3831 949 nec

3425 987 3634 1058 [vetera
3658 1001 3830 1054 teque.

2384 1076 2500 1131 Non
2521 1077 2708 1133 eadem
2720 1077 2899 1142 simul,
2919 1084 3082 1146 atque
3108 1076 3454 1146 eadem,qu:e
3470 1075 3646 1131 forma
3667 1074 3829 1131 futuri

2239 1165 2342 1219 220
2381 1165 2778 1237 Przesentisque
2817 1167 2946 1224 boni
2993 1174 3108 1232 est;
3158 1179 3392 1234 namque
3425 1173 3482 1220 et
3516 1179 3663 1219 nunc
3710 1162 3834 1217 utile

3634 1250 3830 1321 [nobis,

2386 1345 2612 1401 Deterso
2635 1345 2838 1400 veteris
2866 1343 2988 1398 vita:
3016 1341 3295 1411 squalore,
3325 1340 3516 1396 novari

2383 1434 2561 1489 Mente
2589 1435 2697 1505 pia,
2727 1433 3106 1501 Christumque
3134 1431 3307 1500 sequi,
3331 1429 3617 1499 regnisque
3636 1429 3832 1497 parari.

2452 1524 2602 1582 Tunc
2628 1540 2845 1595 quoque
2866 1539 2989 1579 cum
3009 1523 3223 1578 dabitur
3247 1519 3272 1558 ά
3303 1522 3566 1578 redeunte
3581 1534 3767 1574 resur-

3532 1614 3687 1683 [gere
3703 1610 3828 1672 vita,

2383 1707 2475 1763 llle
2503 1716 2876 1776 resurgentum
2905 1707 3086 1776 potior
3107 1703 3478 1760 numerabitur
3506 1703 3667 1768 ordo,

2175 1823 2218 1882 Β
2245 1793 2353 1849 225
2389 1796 2489 1862 Qui
2510 1811 2674 1866 super
2701 1796 2891 1852 illustri
2919 1809 3137 1850 carnem
3163 1793 3414 1863 perfusus
3437 1793 3664 1882 amictu,

2385 1887 2650 1942 Servilem
2681 1885 2892 1941 Domini
2921 1885 2993 1955 (ε)
3016 1883 3245 1938 mutabit
3272 1882 3504 1950 imagine
3531 1881 3802 1936 formam:

2384 1983 2842 2052 Conformemque
2862 1981 2977 2037 Deo
3006 1988 3434 2049 conregnaturus
3458 1980 3728 2034 honorem

2390 2077 2652 2147 Accipiet,
2682 2075 2901 2130 Christo
2931 2073 3140 2138 similis,
3170 2073 3267 2128 sed
3294 2088 3519 2128 munere
3547 2072 3772 2128 Christi.

2465 2175 2592 2229 llam
2613 2174 2801 2229 eadem
2813 2174 3023 2244 species
3033 2180 3274 2227 veterem
3296 2171 3571 2241 deponere
3593 2171 3832 2238 formam,

2245 2265 2350 2320 250
2389 2265 2456 2319 Et
2479 2273 2691 2334 gestare
2721 2279 2916 2318 novam
2944 2270 3152 2328 monet,
3175 2270 3232 2316 et
3259 2269 3408 2316 retro
3437 2269 3560 2316 acta
3587 2262 3833 2318 abolere:

2388 2358 2554 2427 lnque
2592 2357 2766 2410 futura
2797 2355 2894 2411 Dei
2921 2367 3240 2411 conversam
3271 2352 3552 2408 intendere
3583 2364 3833 2417 mentem,

2389 2447 2639 2514 Congrua
2668 2445 2952 2516 pratteritis
2979 2444 3180 2499 oblivia
3201 2441 3402 2498 ducere
3429 2444 3598 2509 curis,

2388 2545 2789 2613 Calestumque
2808 2545 2989 2598 animo
3016 2557 3305 2611 regnorum
3333 2543 3587 2600 inducere
3616 2561 3834 2609 curam;

2392 2637 2574 2692 Rebus
2595 2642 2651 2690 et
2679 2634 2951 2701 humanis,
2982 2640 3038 2687 et
3055 2631 3332 2687 amoribus
3360 2632 3514 2689 istius
3532 2635 3636 2688 αθνί
3651 2675 3669 2699 ,

2249 2730 2355 2783 255
2393 2729 2572 2785 Mente
2593 2729 2740 2798 prius
2767 2739 2930 2796 quam
2969 2733 3144 2780 morte
3179 2725 3350 2791 mori;
3401 2741 3578 2798 neque
3604 2731 3836 2798 corporis

3703 2820 3834 2871 laute

2391 2909 2631 2966 Nexibus
2657 2908 2884 2974 absolvi,
2907 2923 3068 2977 quam
3089 2909 3352 2964 criminis.
3385 2907 3526 2976 Ergo
3554 2872 3810 2963 novemur

2390 3002 2670 3069 Sensibus,
2703 3010 2759 3057 et
2780 3002 2956 3056 luteos
2980 3003 3252 3057 terrestris
3281 3003 3530 3071 imaginis
3551 3011 3710 3058 actus

2383 3091 2660 3145 Discutere
2688 3105 2718 3144 a
2740 3098 2928 3145 nostro
2947 3102 3298 3160 properemus
3327 3106 3559 3161 corpore
3580 3091 3740 3160 longe

2391 3184 2637 3242 Vestibus
2664 3184 2904 3238 excussis
2935 3201 2948 3235 :
2981 3191 3146 3253 puros
3166 3224 3181 3248 ,
3216 3193 3274 3239 ut
3302 3184 3368 3256 (θ’)
3394 3184 3553 3240 sorde
3580 3201 3791 3240 recussa

2250 3275 2356 3330 240
2391 3274 2646 3340 Corporis
2673 3281 2835 3342 atque
2863 3273 3077 3342 animm,
3104 3274 3258 3329 nitidi
3289 3275 3575 3331 reddamus
3601 3277 3833 3332 amictus.

2471 3364 2580 3420 Nec
2599 3362 2761 3418 modo
2787 3363 3131 3419 commissum
3160 3367 3390 3434 pedcati,
3429 3365 3526 3421 sed
3552 3366 3775 3422 medita-

3686 3458 3828 3530 [ιιιηι.

2401 3547 2553 3604 Sicut
2578 3546 2924 3602 morbiferam
2951 3547 3020 3602 de
3049 3547 3171 3602 labe
3193 3547 3474 3602 cadaveris
3501 3564 3708 3616 auram,

2395 3639 2624 3694 Naribus
2651 3639 2942 3694 obstructis
2970 3639 3174 3694 tristem
3204 3638 3471 3707 fugiamus
3496 3641 3737 3695 odorem.

2471 3727 2542 3783 Ut
2569 3729 2758 3784 faciem
2780 3729 3005 3795 colubri,
3033 3728 3290 3784 Salomon
3312 3738 3535 3800 peccata
3569 3731 3772 3794 timeri,

1959 3834 2150 3908 [fulget
2253 3821 2359 3876 245
2396 3821 2724 3890 Horrerique
2741 3827 2927 3875 monet
2959 3830 3008 3887 θ,
3043 3819 3229 3875 dicens
3259 3821 3301 3853 ¹⁹
3331 3829 3538 3875 armata
3569 3821 3741 3876 leonis

555 3917 661 3974 205
694 3919 811 3986 Qua
831 3931 1088 3977 renovata
1119 3923 1272 3978 novis
1290 3923 1481 3993 aequali
1509 3925 1709 3980 lumine
1729 3933 1941 3980 certant

694 4011 941 4066 Culmina
968 4013 1310 4078 culminibus,
1340 4021 1602 4069 tectorum
1625 4014 1846 4069 dissidet
1870 4024 2021 4081 tetas,

695 4099 1009 4156 Concordat
1053 4104 1292 4172 species;
1333 4110 1578 4158 veterum
1626 4119 1815 4158 manus
1863 4112 2026 4172 atque
2065 4120 2150 4160 re-

1912 4195 2147 4264 [centum

697 4285 994 4349 Convenit;
1027 4286 1079 4338 in
1110 4285 1250 4340 facie
1269 4284 1431 4339 simili
1453 4283 1617 4339 decor
1637 4299 1773 4338 unus
1802 4293 2088 4352 utrumque

699 4373 868 4428 Ornat
896 4389 1062 4444 opus;
1095 4383 1295 4429 coeunt
1324 4374 1454 4428 olim
1483 4372 1702 4428 fundata
1726 4373 1970 4427 novellis.

559 4463 664 4518 210
775 4463 883 4518 Nec
922 4463 1211 4519 discrimen
1252 4463 1406 4518 adest
1442 4462 1639 4526 oculis,
1686 4463 1822 4517 nitet
1865 4477 1971 4516 una
2003 4462 2077 4533 (c)

2398 3911 2660 3966 Dentibus
2691 3928 2704 3964 :
2737 3919 2792 3966 et
2818 3926 2970 3979 vere,
2992 3910 3248 3980 quoniam
3275 3911 3424 3966 velut
3447 3927 3545 3967 ore
3569 3911 3741 3967 ferino

2398 4003 2549 4060 Saeva
2573 4011 2766 4058 vorant
2788 4003 3042 4064 animam,
3067 4007 3228 4072 quam
3258 4004 3448 4060 viCerit
3474 4017 3618 4073 mgra
3649 4005 3724 4076 (g)
3751 4019 3832 4059 vo-

3676 4096 3833 4151 luntas

3694 4112 3725 4150 u
3762 4105 3833 4148 tas

2397 4189 2687 4260 Corporis,
2721 4187 2802 4258 (I2)
2857 4193 3210 4257 eriectamque
3261 4203 3374 4243 sua:
3423 4188 3588 4244 draco
3637 4095 3834 4244 diligat-it

2398 4372 2500 4438 Qui
2532 4380 2688 4426 vorat
2719 4369 2737 4408 ¹
2783 4368 3101 4440 Ᾱειὶιὶορυιη
3145 4369 3405 4440 papulas,
3446 4386 3556 4426 non
3585 4280 3834 4441 sol:ng

3655 4462 3834 4534 [ustos,

1880 4551 2137 4622 [venustas

2272 4550 2368 4606 250
2403 4550 2889 4624 655-656-Sed
2916 4551 3062 4608 vitiis
3088 4553 3300 4622 nigros,
3340 4561 3396 4608 et
3418 4552 3647 4608 crimine
3673 4553 3836 4608 nocti-

702 4642 934 4698 Annosis
973 4652 996 4681 °
1029 4642 1358 4712 rudibusque
1390 4643 1552 4709 locis;
1589 4641 1742 4711 niger
1775 4642 1990 4697 abditur
2018 4643 2148 4699 hor-

2024 4751 2115 4790 τον
2132 4753 2145 4792 ἒ

2024 4750 2140 4791 ror:

703 4824 772 4880 Et
795 4825 1016 4882 senibus
1045 4827 1204 4882 tectis
1226 4826 1480 4894 juvenem
1519 4825 1729 4895 pictura
1755 4734 2020 4884 nitorcm[
2134 4795 2140 4801 θ

634 4971 658 4997 ι
687 4959 822 5014 Vide
852 4967 964 5014 not.
993 4958 1117 5013 520.

633 5030 660 5068 δ
693 5029 825 5085 Vide
851 5039 964 5084 not.
992 5029 1115 5083 527.

631 5112 654 5171 ς
687 5099 744 5153 ld
771 5108 856 5171 est
880 5101 1042 5154 novis.
1071 5098 1211 5171 Vide
1229 5115 1315 5171 ep.
1349 5099 1439 5165 25,
1472 5116 1527 5156 n.
1561 5101 1616 5169 5,
1647 5118 1700 5157 v.
1732 5101 1820 5157 25.

629 5170 654 5208 ά
689 5169 823 5225 Vide
850 5179 964 5226 not.
988 5169 1110 5225 522.

631 5255 656 5280 υ
687 5239 851 5296 Eccli.
883 5257 993 5307 xxI,
1020 5241 1074 5294 2.

633 5313 650 5350 ί
687 5311 822 5365 Vide
849 5319 962 5366 not.
993 5311 1116 5366 525.

631 5383 708 5451 (a)
737 5381 825 5434 Sic
853 5381 1192 5435 emendatum
1219 5396 1286 5436 ex
1309 5397 1406 5437 ms.
1431 5383 1615 5439 codice
1634 5383 2016 5452 Germanensi;
2041 5403 2148 5441 non

557 5454 701 5509 enim
726 5453 885 5504 insita
913 5453 1124 5526 cellajn
1164 5454 1281 5505 sinu
1302 5455 1536 5526 majoris
1575 5455 1710 5510 aula:
1751 5460 1982 5526 spatiosa
2022 5473 2142 5511 esse

557 5531 804 5598 poterat,
848 5531 905 5598 ut
935 5522 1224 5598 pncferunt
1251 5522 1384 5598 editi
1401 5522 1626 5598 codices
1651 5543 1664 5589 ;
1704 5522 1826 5598 sed
1852 5528 2000 5598 quasi
2027 5529 2142 5597 ﬁlia

558 5593 798 5649 culminis
819 5593 960 5662 ejus,
996 5595 1230 5662 speciosa
1257 5595 1460 5648 stellam
1497 5595 1650 5648 tholo.
1692 5594 1831 5661 Quid
1865 5593 2045 5651 autem
2075 5599 2141 5651 sit

560 5663 730 5719 tholus
760 5663 880 5716 vide
902 5671 1013 5715 not.
1047 5663 1169 5716 521.

631 5734 708 5802 (b)
740 5733 814 5785 lta
862 5733 1193 5786 correximus
1231 5750 1294 5786 ex
1339 5735 1530 5788 eodem
1575 5752 1672 5790 ms.
1720 5735 1905 5790 codice
1954 5737 2135 5792 Germ.

562 5807 698 5860 Ante
729 5812 844 5858 erat
875 5803 1222 5856 renovandum
1259 5806 1443 5860 missus
1468 5807 1517 5860 in
1542 5823 1720 5873 mmm,
1752 5807 1898 5862 nullo
1924 5823 2101 5864 sensu.

2406 4734 2564 4792 Tales
2611 4734 2900 4806 Ethiopas
2943 4737 2990 4768 ’θ
3049 4750 3275 4806 serpens
3342 4736 3486 4803 edit,
3548 4645 3837 4806 inlcoJEirlft:

3625 4828 3831 4900 [escam

2327 4964 2406 5034 (c)
2421 4961 2510 5020 Sic
2522 4963 2928 5034 emendavimus
2947 4978 3016 5034 ex
3033 4978 3133 5034 ms.
3151 4961 3274 5018 cod.
3297 4960 3646 5034 Germanensi
3664 4978 3678 5024 ;
3694 4960 3741 5014 id

2255 5031 2412 5090 vetus
2437 5033 2719 5090 azdificium
2747 5033 2892 5104 quod
2916 5032 3450 5104 picturisornaverat
3488 5031 3675 5104 eadem
3710 5032 3835 5104 nite-

2257 5104 2343 5158 bat
2371 5115 2635 5160 venustate
2681 5101 2786 5174 qua
2828 5101 2986 5174 nova.
3019 5101 3155 5169 Quid
3195 5103 3339 5174 enim
3382 5101 3678 5174 significat,
3713 5101 3835 5152 nitet

2254 5193 2360 5230 una
2387 5178 2646 5230 vetustas?
2665 5171 2808 5243 quod
2829 5173 3184 5243 praeferebant
3209 5173 3340 5228 editi
3361 5171 3594 5228 codices.

2351 5246 2408 5315 ά)
2435 5246 2510 5300 Ita
2533 5263 2634 5302 ms.
2659 5243 2840 5301 Germ.
2861 5243 3030 5309 Edd.,
3064 5252 3313 5315 veterata.

2351 5246 2408 5315 ά)
2435 5246 2510 5300 Ita
2533 5263 2634 5302 ms.
2659 5245 2840 5301 Germ.
2861 5245 3030 5309 Edd.,
3064 5252 3313 5298 veterata.

2326 5245 2400 5388 ξε)
2431 5315 2521 5372 Sic
2549 5316 2891 5372 emendatum
2917 5330 2984 5388 ex
3015 5330 3113 5388 ms.
3138 5314 3326 5369 codice
3353 5310 3540 5388 Germ.
3565 5311 3686 5367 Vide
3706 5325 3834 5379 pne-

2256 5385 2502 5442 eedentia
2533 5395 2588 5442 et
2613 5385 3012 5455 subsequentia.
3048 5385 3183 5438 Ante
3205 5393 3324 5439 erat
3350 5385 3580 5455 mutavit.

2324 5459 2391 5530 (ί)
2434 5458 2509 5530 ita
2533 5453 2866 5530 correximus
2893 5471 2962 5510 ex
2990 5471 3089 5530 ms.
3117 5455 3316 5530 codice
3349 5453 3530 5508 Germ.
3561 5454 3834 5530 linteuerat

2251 5529 2306 5582 in
2326 5519 2410 5583 ἐξά.
2434 5529 2598 5585 liosv.
2621 5529 2776 5584 corde
2795 5543 3028 5592 recusso;
3054 5525 3105 5580 in
3127 5525 3248 5583 edd.
3268 5525 3320 5586 2,
3345 5541 3554 5588 recuso;
3577 5525 3625 5577 in
3647 5519 3830 5582 tribus,

2253 5615 2443 5652 νεαιεδι
2454 5640 2465 5652 .

2321 5669 2399 5738 (g)
2426 5668 2522 5722 Ms.
2549 5668 2753 5733 Germ,
2779 5668 3031 5722 voluntas.

2322 5735 2402 5807 (7t)
2437 5739 2529 5796 Ms.
2565 5741 2734 5796 codex
2777 5739 2958 5795 Germ.
3003 5754 3120 5794 cum
3168 5737 3326 5793 editis
3353 5737 3547 5802 tribus,
3596 5735 3827 5788 rrictam-

2250 5827 2365 5879 qur.
