3996 6356
594 307 692 364 67!
925 368 928 370 γ
1540 324 1598 378 S.
1639 321 1914 379 PAULINI
1965 324 2213 382 NOLANI
2253 328 2555 386 EPISCOPI
2595 331 2941 392 POEMATA.
3247 410 3249 413 ι
3769 355 3862 410 6'12

1142 426 1372 485 POEMA
1414 432 1584 487 XXIX
1615 441 1653 488 '.

738 551 807 589 DE
843 551 1046 594 NOLANA
1085 556 1316 598 BASILICA
1354 561 1401 600 S.
1445 562 1647 604 FELICIS
1683 569 1714 606 A
1755 569 1815 607 SE
1853 569 2046 610 AUCTA.

737 646 940 704 Parvus
961 661 1078 706 erat
1105 653 1256 710 locus
1276 665 1419 724 ante,
1452 662 1622 718 sacris
1649 677 1904 734 angustus
1928 669 2148 737 agendis
2167 713 2184 738 ,

805 749 1253 826 Supplicibusque
1313 774 1518 831 negans
1567 765 1808 834 pandere
1863 783 2023 838 posse
2065 786 2182 825 ma-

2013 865 2137 938 [nus
2167 884 2182 920 ε

731 931 882 988 Nunc
910 939 1110 1008 populo
1139 944 1376 1012 spatiosa
1403 949 1573 1005 sacris
1600 952 1789 1007 altaria
1818 931 2023 1024 prmbet

803 1036 1002 1096 Oﬂiciis
1030 1044 1196 1100 medii
1223 1051 1473 1121 martyris
1502 1052 1557 1107 in
1584 1056 1812 1123 gremio.

660 1125 695 1180 5
731 1127 936 1186 Cuncta
961 1132 1074 1190 Deo
1103 1149 1360 1194 renovata
1389 1142 1623 1210 placent,
1654 1156 1819 1203 novat
1839 1150 2020 1206 omnia
2041 1165 2183 1207 sem-

2063 1242 2184 1315 [per

798 1313 1061 1382 Christus,
1089 1327 1144 1374 et
1171 1319 1224 1374 in
1251 1325 1523 1380 cumulum
1551 1326 1767 1384 luminis
1795 1313 2106 1403 ampliﬁcat.

728 1404 818 1460 Sic
846 1415 901 1461 et
929 1407 1108 1463 dilecti
1138 1412 1330 1466 solium
1363 1414 1558 1472 Felicis
1580 1419 1851 1477 honorans
1869 1464 1884 1490 ,

727 1494 791 1548 Et
812 1497 1098 1566 splendore
1127 1504 1283 1557 simul
1313 1508 1538 1574 protulit
1565 1517 1620 1564 et
1639 1514 1838 1581 spatio.

1125 1624 1361 1684 POEMA
1399 1629 1613 1686 XXX“.

811 1750 880 1789 DE
907 1750 953 1790 S.
984 1752 1174 1793 FELICE
1201 1755 1527 1797 NATALITIUM
1556 1760 1766 1802 CARMEN
1797 1764 1941 1804 XVIII.

1208 1846 1551 1890 FRAGMENTA.

760 1947 841 2002 De
862 1959 1160 2005 sanctorum
1189 1956 1416 2026 reliquiis
1444 1977 1535 2029 per
1563 1961 1736 2016 orbem
1764 1965 1990 2035 (li/fusis.

724 2038 913 2095 Sidera
943 2043 986 2096 si
1017 2046 1175 2113 cmlo,
1206 2048 1250 2102 si
1273 2062 1499 2117 possunt
1529 2057 1771 2122 gramina
1799 2061 1956 2117 terris

725 2132 948 2201 Defore,
992 2138 1151 2192 mella
1198 2139 1365 2213 favis,
1411 2160 1550 2215 aqua
1598 2149 1868 2222 fontibus,
1920 2155 2176 2216 uberibus

2040 2246 2174 2320 [lac;

725 2314 815 2370 Sic
844 2326 1100 2386 poterunt
1127 2320 1320 2392 linguis
1350 2324 1535 2382 laudes
1555 2343 1770 2386 cessare
1797 2333 2030 2404 piorum,

724 2405 780 2460 In
809 2409 1002 2477 quibus
1029 2421 1084 2466 et
1110 2414 1234 2469 vita:
1252 2416 1441 2484 virtus,
1472 2427 1528 2474 et
1551 2420 1723 2490 gloria
1752 2427 1943 2484 mortis

654 2491 688 2546 5
720 2495 840 2564 lpse
867 2496 1036 2565 Deus;
1064 2516 1163 2570 pro
1187 2518 1295 2572 quo
1318 2507 1486 2562 vitam
1514 2510 1734 2566 voluere
1761 2516 1982 2584 pacisci,

723 2588 789 2644 Et
810 2593 1089 2650 moriendo
1119 2597 1263 2666 piam
1289 2601 1498 2657 sancire
1528 2601 1687 2660 ﬁdem
1717 2609 2061 2678 populorum.

726 2773 927 2831 llorum
961 2779 1029 2834 de
1059 2798 1283 2840 numero
1307 2802 1589 2855 procerum
1613 2791 1891 2851 confessor
1918 2797 1971 2851 in
2000 2799 2100 2854 ista

730 2864 868 2920 Urbe
889 2869 1046 2925 datus
1075 2872 1218 2927 Felix
1253 2876 1411 2945 longe
1439 2879 1654 2950 lateque
1682 2899 1780 2953 per
1808 2889 1994 2944 orbem

725 2953 969 3012 Nominis
998 2961 1217 3017 emicuit
1238 2966 1393 3021 titulo
1419 2986 1431 3021 :
1458 2971 1550 3024 sed
1580 2971 1712 3028 Nola
1742 2979 1938 3046 sepulti

620 3042 684 3096 10
721 3043 882 3100 Facta
937 3048 1165 3118 domus,
1234 3063 1504 3126 tamquam
1557 3042 1935 3133 proprio'sibi
1997 3073 2174 3131 sidere

1925 3163 1944 3244 [
1947 3164 2172 3232 plaudit.
2205 3179 2249 3243 ρ

718 3224 902 3284 Omnis
947 3233 1124 3301 enim,
1174 3251 1514 3312 quacumque
1554 3255 1740 3302 manet
1785 3233 2070 3311 mandatus
2116 3259 2168 3314 in

1667 3359 1712 3396 ἃ
2054 3359 2061 3404 Ι
2077 3364 2168 3404 01⁸3

1667 3359 1712 3396 et
2077 3364 2168 3404 ora

720 3414 938 3487 Martyr,
971 3419 1128 3475 stella
1155 3421 1258 3478 loci
1286 3425 1446 3482 simul
1487 3438 1542 3485 et
1582 3431 1853 3490 medicina
1896 3348 2168 3496 colen[tum

2042 3531 2166 3604 [est.

715 3594 956 3667 Namque
986 3603 1330 3660 tenebrosum
1358 3612 1529 3666 veteri
1559 3615 1786 3684 caligine
1815 3600 2092 3686 mundum,

714 3685 1162 3763 Languentesque
1191 3699 1398 3756 animas
1424 3704 1708 3764 miseratus
1754 3709 1808 3765 in
1837 3713 1969 3768 orbe
1998 3713 2166 3769 Crea-

2058 3805 2166 3878 [tor

609 3869 676 3922 15
713 3870 801 3926 Sic
822 3890 916 3927 sua
949 3875 1211 3948 disposuit
1241 3885 1396 3940 terris
1425 3889 1756 3946 monimenta
1788 3895 2018 3963 piorum,

711 3961 918 4033 Sparsit
945 3977 1001 4021 ut
1029 3979 1296 4028 astrorum
1322 3986 1586 4034 nocturno
1615 3961 1817 4038 lumina
1845 3987 2002 4042 cmlo.

703 4157 1058 4234 659-660
1093 4162 1204 4220 Hos
1245 4168 1406 4237 igitur
1441 4173 1597 4229 nobis
1647 4177 1869 4246 cupiens
1913 4189 2158 4238 avertere

1914 4273 2156 4342 [morbos

702 4345 1083 4408 Omnimedens
1112 4353 1389 4424 Dominus,
1420 4372 1636 4418 sanctos
1664 4367 1979 4421 mortalibus
1999 4371 2155 4438 :egris

706 4437 809 4492 Per
840 4444 1014 4496 varias
1036 4455 1222 4514 gentes
1252 4451 1487 4508 medicos
1517 4457 1717 4524 pietate
1738 4459 1936 4513 salubri

596 4528 664 4582 20
704 4529 880 4585 Edidit
905 4552 916 4585 :
944 4544 1106 4604 utque
1127 4555 1276 4593 suam
1307 4541 1484 4598 divina
1517 4549 1754 4616 potentia
1776 4565 1958 4603 curam

706 4619 914 4678 Clarius
945 4638 1222 4691 exereret,
1256 4633 1554 4699 potioribus
1585 4637 1763 4692 intulit
1784 4639 1904 4696 illos

703 4711 933 4771 Urbibus
963 4735 975 4770 :
1008 4726 1062 4773 et
1089 4722 1352 4789 quosdam
1384 4726 1508 4781 licet
1531 4730 1726 4799 oppida
1756 4748 1920 4802 parva
1965 4745 2150 4792 reten-

2035 4838 2152 4885 tent

2035 4838 2152 4885 tent

697 4897 976 4972 Martyres,
1010 4903 1076 4958 ad
1104 4920 1358 4974 proceres
1387 4909 1529 4966 Deus
1558 4912 1702 4984 ipsos
1731 4830 2152 4973 moenibuslam-

2021 5013 2144 5083 [plis

690 5080 872 5138 Intulit
908 5103 920 5138 :
951 5096 1007 5140 et
1035 5103 1236 5158 paucas
1265 5092 1479 5150 functos
1507 5097 1687 5152 divisit
1706 5099 1757 5154 in
1780 5117 1934 5166 oras;

583 5171 650 5223 ‘25
689 5173 834 5239 Quos
864 5184 1045 5232 tamen
1086 5193 1212 5236 ante
1261 5185 1465 5240 obitum
1497 5197 1610 5243 toto
1639 5190 1787 5245 dedit
1815 5193 1946 5247 orbe
1975 5196 2143 5264 magi-

1955 5286 2136 5358 [_stros.

687 5357 816 5414 Inde
845 5358 1063 5418 Petrum
1091 5376 1146 5421 et
1169 5365 1389 5424 Paulum
1419 5371 1661 5429 Romana
1686 5375 1801 5431 ﬁxit
1821 5379 1872 5432 in
1905 5357 2066 5444 urbe,

687 5448 1023 5522 Principibus
1049 5459 1305 5527 quoniam
1335 5463 1558 5519 medicis
1573 5475 1736 5537 caput
1762 5469 1909 5524 orbis
1924 5470 2134 5539 egebat.

2181 4555 2233 4615 D

2432 553 2522 609 Sic
2551 555 2693 611 Deus
2715 568 2770 612 et
2797 561 3018 630 reliquis
3063 563 3302 620 tribuens
3337 569 3427 637 pia
3456 585 3677 628 munera
3704 583 3860 644 terris,

2431 647 2642 718 Sparsit
2670 653 2870 724 ubique
2899 654 3001 710 loci
3031 673 3252 728 magnas
3278 677 3374 717 sua
3403 665 3644 722 membra
3670 684 3764 739 per
3781 688 3860 726 ur-

2323 827 2394 882 50
2429 829 2520 886 Sic
2553 830 2703 888 dedit
2741 835 3012 892 Andream
3053 838 3229 899 Patris
3251 881 3268 908 ,
3317 843 3640 920 Ephesoque
3679 763 3861 909 “Iliae:

3711 943 3859 1016 [nell],

2433 1008 2504 1065 Ut
2529 1012 2691 1068 simul
2728 1014 3000 1089 Europam
3029 1031 3192 1094 atque
3219 1025 3400 1082 Asiam
3427 1039 3646 1088 curaret
3673 1008 3730 1089 in
3755 1036 3860 1107 illis,

2431 1102 2841 1178 Discuteretque
2869 1124 3059 1180 graves
3085 1129 3182 1184 per
3209 1117 3408 1173 lumina
3432 1128 3580 1177 tanta
3608 1102 3858 1183 tenebras.

2429 1195 2647 1254 Parthia
2661 1200 2968 1260 Matthteum
2990 1210 3386 1278 complectitur,
3409 1213 3560 1271 India
3581 1216 3856 1274 Thomam:

2429 1287 2716 1345 Lebbaaum
2747 1291 2958 1366 Libyes,
2991 1297 3230 1370 Phryges
3252 1317 3516 1374 accepere
3538 1306 3856 1380 Philippum:

2321 1376 2392 1433 55
2427 1377 2588 1437 Certa
2619 1381 2799 1438 Titum
2829 1387 2929 1444 sibi
2959 1391 3170 1459 sumsit,
3217 1401 3272 1448 et
3311 1393 3600 1452 Antiochia
3637 1376 3698 1454 et
3719 1376 3856 1457 Ostia

3182 1551 3192 1560 ε
3564 1485 3779 1560 [Lucam
3799 1502 3820 1529 -
3842 1510 3853 1546 ς

2425 1563 2638 1622 Marcus
2665 1566 2992 1628 Alexandria
3018 1574 3117 1630 tibi
3142 1575 3320 1645 datus,
3353 1587 3412 1635 ut
3433 1581 3573 1637 bove
3592 1583 3763 1654 pulso,

2422 1754 2556 1813 Nam
2595 1758 2981 1822 Constantinus
3009 1765 3038 1807 δ
3085 1771 3291 1842 proprii
3331 1771 3461 1828 dum
3498 1775 3753 1832 conderet
3776 1793 3852 1832 ur-

2749 1871 2753 1875 '
3730 1870 3851 1942 [bem

2419 1942 2683 2014 Nominis,
2710 1957 2767 2004 et
2793 1951 3000 2021 primus
3031 1953 3276 2012 Romano
3306 1958 3359 2012 in
3389 1959 3612 2016 nomine
3631 1976 3806 2030 regum

2421 2033 2800 2096 Christicolam
2823 2053 3055 2112 gereret,
3083 2047 3321 2103 divinum
3351 2060 3534 2106 mente
3563 2055 3766 2123 recepit

2313 2121 2384 2179 40
2417 2123 2732 2197 Consilium,
2764 2140 2822 2188 ut
2848 2139 3102 2202 quoniam
3127 2135 3311 2196 Romae
3338 2145 3605 2198 moenibus
3627 2147 3765 2200 urbis

2420 2217 2636 2276 Emula
2659 2224 2954 2293 magniﬁcis
2978 2238 3213 2288 strueret
3243 2243 3370 2290 tunc
3398 2237 3593 2292 mmnia
3619 2240 3819 2308 coeptis,

2420 2309 2514 2367 His
2547 2329 2763 2384 quoque
2801 2316 3119 2378 Romuleam
3154 2335 3476 2396 sequeretur
3521 2329 3736 2385 dotibus
3773 2348 3848 2384 nr-

3717 2423 3819 2477 bem
3835 2441 3846 2485 ;

2421 2490 2492 2547 Ut
2510 2510 2606 2550 sua
2634 2499 2945 2566 apostolicis
2973 2505 3205 2560 muniret
3233 2509 3432 2564 mmnia
3454 2510 3626 2568 laetus
3695 2422 3710 2493 Ι

2416 2583 2747 2657 Corporibus
2773 2609 2784 2644 :
2810 2599 2936 2648 tunc
2955 2595 3224 2652 Andream
3252 2599 3470 2656 devexit
3499 2602 3736 2671 Achivis,

2310 2674 2380 2728 4‘5
2413 2677 2864 2752 Timotheumque
2913 2684 3058 2742 Asia.
3106 2687 3349 2746 Geminis
3389 2693 3462 2748 ita
3505 2697 3740 2752 turribus
3771 2713 3847 2752 ex-

3741 2789 3847 2861 [stat

2416 2859 2914 2937 Constantinopolis
2941 2884 3148 2938 magnze
3175 2883 3337 2944 caput
3357 2877 3550 2934 aemula
3582 2859 3763 2935 Roma:
3789 2899 3800 2934 ε

2419 2954 2610 3011 Verius
2632 2957 2735 3013 hoc
2761 2961 2948 3017 similis
2975 2962 3232 3022 Romanis
3260 2968 3493 3025 culmine
3514 2973 3678 3026 muris

2417 3044 2570 3111 Quod
2600 3048 2836 3116 Petrum,
2869 3051 3200 3125 Paulumque
3225 3060 3341 3127 pari
3371 3060 3511 3116 Deus
3541 3065 3817 3119 ambitione

2427 3136 2805 3209 Compensavit
2825 3145 2894 3209 ei,
2925 3149 3120 3202 meruit
3147 3151 3271 3219 quia
3301 3168 3514 3210 sumere
3543 3155 3686 3212 Pauli

2313 3225 2384 3281 50
2421 3227 2775 3300 Discipulum,
2809 3250 2929 3290 cum
2974 3237 3141 3294 fratre
3170 3239 3335 3297 Petri.
3375 3242 3495 3299 Iam
3543 3257 3739 3316 quanta
3764 3264 3842 3319 per

3379 3343 3381 3345 ’
3677 3342 3841 3414 [istam

2413 3412 2733 3471 Sanctorum
2763 3434 2861 3489 per
2889 3420 3046 3490 longa
3075 3423 3216 3478 viam
3245 3425 3474 3483 divortia
3502 3437 3655 3487 terra:

2413 3504 2657 3562 Creverit
2682 3512 2882 3568 utilitas
2910 3513 2980 3568 ad
3007 3525 3204 3571 nostra:
3233 3521 3411 3576 munia
3440 3523 3593 3588 vitm,

2410 3598 2530 3670 Ipsa
2559 3602 2757 3658 docent
2785 3604 3054 3676 hodieque
3081 3610 3220 3676 loca,
3248 3611 3303 3666 in
3333 3613 3531 3682 quibus
3560 3616 3645 3670 illa
3671 3615 3810 3672 beati

2412 3691 2599 3748 Rheda
2621 3709 2792 3764 capax
2813 3687 2994 3752 Oneris
3018 3701 3191 3769 posita
3214 3703 3447 3759 statione
3475 3707 3710 3761 resedit:

2305 3781 2374 3835 55
2410 3783 2670 3843 Omnibus
2699 3788 2753 3842 in
2788 3791 2976 3860 spatiis
3003 3807 3343 3864 quacumque
3380 3807 3474 3852 aut
3500 3801 3704 3857 mansio
3731 3817 3838 3856 san~

3732 3894 3837 3965 [ctis

2409 3971 2754 4043 Corporibus,
2787 3977 3069 4048 requicsve
3089 3978 3188 4034 fuit
3215 3985 3552 4041 vectantibus
3576 3987 3696 4043 illos

2405 4063 2658 4121 Sacratos
2687 4067 2917 4135 cineres,
2949 4071 3100 4125 miris
3135 4072 3422 4129 clamantia
3452 4077 3636 4145 signis.

2402 4154 2533 4209 Nam
2563 4155 2744 4212 divina
2773 4175 2962 4216 manus
2990 4163 3197 4218 medica
3223 4165 3420 4220 virtute
3444 4183 3541 4236 per
3565 4184 3744 4224 omnes

2404 4245 2500 4301 Est
2518 4248 2627 4304 illic
2658 4260 2878 4319 operata
2905 4253 3038 4317 vias,
3071 4269 3175 4323 qua
3198 4272 3428 4326 corpora
3457 4269 3640 4315 sancta

2295 4335 2362 4390 60
2401 4337 2724 4407 lmpressere
2751 4358 2908 4396 sacro
2935 4346 3160 4413 vestigia
3183 4347 3302 4401 viva
3332 4357 3532 4403 meatu.

2401 4429 2528 4484 lnde
2550 4430 2718 4498 igitur
2745 4433 3005 4488 suadente
3034 4434 3135 4490 lide
3164 4438 3286 4491 data
3315 4439 3469 4508 copia
3499 4440 3617 4496 tidis

2403 4520 2552 4577 Tunc
2579 4524 2834 4578 comitum
2864 4525 3075 4593 studiis,
3107 4529 3347 4597 quaedam
3388 4540 3448 4585 ut
3487 4533 3588 4587 sibi
3625 4534 3830 4604 pignora

3629 4626 3832 4698 [veﬂent

2397 4704 2617 4761 Ossibus
2641 4724 2672 4762 e
2700 4710 2900 4765 sanctis
2930 4713 3178 4767 meritum
3200 4713 3495 4784 decerpere
3525 4716 3744 4772 fructum
3769 4737 3782 4771 :

2399 4797 2636 4868 thuasi
2670 4805 2971 4858 mercedem
3003 4805 3180 4874 oﬂicii,
3214 4809 3554 4879 pretiumque
3583 4811 3774 4866 laboris

2289 4889 2358 4942 65
2396 4889 2648 4948 Pnesidia
2679 4894 2744 4948 ad
2773 4896 2982 4964 privata
3009 4897 3225 4953 domum
3262 4901 3363 4955 sibi
3401 4902 3627 4972 quisque
3669 4901 3826 4991 refer-

3588 4995 3590 4997 ν
3702 4993 3814 5066 [τρι.

2396 5071 2474 5128 Ex
2506 5074 2597 5129 illo
2621 5075 2759 5132 sacri
2781 5076 3010 5146 cineres,
3035 5081 3184 5151 quasi
3208 5083 3409 5138 semina
3444 5085 3564 5140 vita:

2392 5173 2625 5230 Diversis
2646 5185 2772 5231 sunt
2795 5193 2978 5247 sparsa
3009 5180 3142 5236 locis
3169 5199 3182 5234 :
3213 5195 3424 5252 quaque
3446 5200 3567 5240 osse
3596 5184 3795 5239 minuto

2391 5278 2467 5332 De
2496 5277 2703 5334 modica
2725 5281 2862 5346 sacri
2888 5283 3027 5353 stipe
3055 5285 3298 5354 corporis
3328 5286 3553 5354 exiguus
3579 5302 3664 5341 ros

2393 5381 2630 5448 Decidit;
2657 5383 2899 5452 ingentes
2927 5385 3035 5440 illic
3057 5385 3145 5455 pia
3164 5387 3335 5454 gratia
3357 5386 3549 5452 fontes,

2285 5483 2350 5535 70
2388 5481 2456 5536 Et
2484 5481 2678 5538 ﬂuvios
2707 5483 2830 5539 vitae
2857 5487 3135 5554 generavit
3155 5495 3308 5557 gutta
3341 5489 3552 5544 favilkc.

617 5648 639 5720 ξ’
836 5652 953 5698 "OL
986 5645 1106 5703 594-
2240 5677 2381 5714 anno
2412 5659 2533 5714 405.
2560 5659 2625 5715 Hi
2650 5678 2836 5720 versus
2864 5662 3027 5719 hodie
3051 5671 3264 5718 exstant
3292 5666 3344 5720 in
3374 5665 3557 5720 eadem
3584 5665 3811 5720 basilica.

617 5706 640 5742 "
677 5708 806 5765 Vide
832 5723 945 5766 not.
972 5715 1096 5771 325.

615 5779 632 5796 '
662 5776 776 5835 Huc
798 5784 1080 5842 adscitum.
1107 5789 1274 5846 Porro
1305 5810 1523 5852 carmen
1545 5797 1633 5860 26,
1659 5815 1796 5854 nunc
1818 5799 1904 5855 27.
1933 5802 2128 5866 Script.

2311 5733 2351 5753 "
2374 5731 2517 5807 Alias
2536 5731 2634 5807 9Q:
2661 5735 2802 5807 quod
2825 5744 3004 5796 autem
3032 5733 3102 5790 27
3123 5743 3258 5804 erat,
3282 5753 3423 5794 nunc
3444 5738 3530 5793 28.
3557 5738 3813 5807 Scriptum

2239 5818 2381 5857 anno
2413 5801 2535 5868 404,
2559 5802 2645 5858 die
2678 5801 2742 5857 ﬂ
2763 5804 2979 5862 Januar.
