3996 6356
112 370 198 427 $75
1507 368 1736 424 I’OEMA
1774 367 2005 424 XXXIII.

232 584 298 636 At
323 582 600 651 Carthago
629 592 824 652 potens
844 581 1116 652 Cypriano
1147 593 1380 652 martyre
1405 583 1620 649 gaudet,

228 676 389 744 Cujus
417 682 475 729 et
494 688 592 728 ore
621 673 780 727 simul
801 674 1025 743 profusi.
1058 681 1116 726 et
1134 674 1396 741 sanguine
1417 675 1592 727 fontes

229 767 676 822 Fecundaverunt
704 763 884 836 Libya:
906 772 931 800 ⁸
952 765 1185 818 sitientis
1210 777 1420 818 arenas.

232 963 590 1034 κισ-662
629 960 740 1015 Nec
769 959 946 1013 minor
991 957 1232 1014 occiduis
1274 955 1471 1011 effulsit
1512 956 1683 1024 gratia

1485 1048 1682 1120 [terris,

139 1145 200 1198 75
233 1145 546 1201 Ambrosius
575 1143 752 1208 Latio,
783 1143 1094 1200 Vincentius
1123 1150 1300 1198 exstat
1329 1141 1544 1197 Hiberis
1575 1159 1588 1194 :

232 1236 402 1291 Gallia
433 1237 743 1300 Martinam,
785 1235 1107 1306 Delphinum
1157 1234 1443 1304 Aquitania
1472 1234 1680 1289 sumsit.

233 1332 508 1401 Multaque
537 1338 797 1400 pneterea
829 1345 924 1399 per
946 1328 1163 1382 easdem
1195 1328 1414 1396 largiter
1441 1342 1566 1382 oras

232 1423 449 1477 Semina
480 1430 791 1477 sanctorum
823 1421 1013 1490 positis
1040 1419 1228 1473 diffusa
1249 1420 1510 1489 sepulcris

241 1517 516 1570 Illustrant
546 1523 719 1569 totum
749 1514 961 1583 superis
985 1513 1272 1568 virtutibus
1299 1513 1506 1568 orbem.

144 1702 202 1752 80
235 1698 322 1753 Sic
343 1699 527 1766 itaque
549 1707 603 1752 et
631 1704 814 1752 nostra
845 1693 1686 1751 haecChristimiserantisamore

241 1788 428 1843 Felicis
449 1789 646 1842 meruit
675 1787 868 1841 muniri
897 1786 1030 1840 Nola
1057 1785 1329 1856 sepulcro,

237 1879 566 1950 Purgarique
585 1879 743 1933 simul
769 1897 782 1932 :
808 1879 932 1947 quia
961 1879 1118 1933 cocis
1149 1878 1314 1932 mixta
1342 1876 1512 1931 ruinis

233 1972 406 2038 Orbis,
435 1982 494 2028 et
521 1974 633 2043 ipsa
661 1971 775 2042 pari
806 1972 1045 2026 moriens
1076 1970 1128 2025 in
1158 1981 1318 2026 nocte
1337 1969 1578 2039 jacebat.

235 2156 480 2212 Persona:
509 2156 790 2212 exululant
816 2155 990 2225 pcenis
1019 2155 1109 2225 qui
1132 2154 1349 2208 numine
1380 2153 1515 2209 falso

142 2251 200 2304 85
233 2251 312 2304 Dii
342 2251 588 2314 fuerant;
620 2258 676 2304 et
703 2250 794 2318 qui
818 2249 1044 2303 mentito
1077 2249 1292 2302 nomine
1323 2248 1472 2302 vivos

231 2346 366 2400 Ante
390 2345 484 2399 Dei
515 2344 718 2399 cultum
748 2342 850 2396 sibi
875 2343 947 2396 nil
969 2342 1188 2396 cmleste
1215 2341 1459 2395 videntes

233 2440 558 2494 Dediderant
587 2437 852 2498 homines,
881 2436 937 2489 hi
957 2450 1118 2500 nunc,
1142 2435 1232 2488 ubi
1257 2434 1458 2488 lumine
1482 2433 1682 2490 Christi

231 2532 368 2587 Vera
400 2530 533 2586 ﬁdes
552 2529 744 2600 patuit,
779 2542 886 2581 non
908 2534 1136 2596 possunt
1158 2523 1296 2578 ferre
1325 2523 1585 2593 sepultos.

229 2717 399 2786 Alpha
429 2715 614 2769 itidem
642 2711 771 2765 mihi
808 2709 1052 2764 Christus
1081 2706 1108 2746 δ
1135 2714 1192 2762 et
1215 2730 1256 2761 ω
1293 2724 1305 2760 :
1344 2705 1434 2775 qui
1469 2721 1676 2760 summa

1390 2797 1677 2869 [supremis

138 2900 195 2953 90
227 2899 444 2954 Finibus
472 2894 674 2953 excelsi
703 2893 906 2964 pariter
934 2889 1250 2960 complexus
1269 2896 1327 2944 et
1353 2887 1468 2954 imi,

225 2993 412 3047 Victor
439 2999 498 3046 et
528 2987 733 3043 inferna
763 2994 818 3041 et
844 2984 1051 3055 pariter
1077 2982 1319 3038 ctelestia
1347 2980 1491 3049 cepit
1516 2997 1528 3032 :

228 3085 578 3153 Effractisque
606 3081 783 3152 abysis
811 3079 979 3133 caelos
1008 3076 1312 3146 penetravit
1340 3081 1578 3143 apertos,

223 3177 509 3232 Victricem
535 3172 775 3228 referens
803 3177 1053 3240 superata
1085 3176 1258 3222 morte
1280 3167 1529 3220 salutem.

226 3266 398 3337 thue
420 3265 570 3319 illum
597 3263 782 3333 patria:
805 3260 984 3331 junxit
1012 3259 1235 3312 victoria
1257 3257 1462 3310 dextra:
1479 3296 1494 3321 ,

133 3357 193 3412 95
223 3358 592 3424 Vexillumque
614 3354 788 3409 crucis
812 3367 975 3421 super
1003 3349 1183 3404 omnia
1207 3347 1385 3401 sidera
1417 3357 1439 3385 ο
1465 3343 1597 3412 fixit,

222 3452 554 3522 Corporeum
584 3447 773 3504 statuit
801 3443 1008 3500 cmlesti
1037 3442 1090 3496 in
1109 3441 1238 3497 sede
1269 3440 1588 3509 trophaaum.

226 3651 369 3706 Nunc
391 3647 455 3702 ad
483 3655 554 3710 te,
579 3639 880 3698 veneranda
913 3637 1006 3692 Dei
1036 3652 1166 3690 crux
1183 3633 1206 3672 ά
1231 3643 1385 3689 verto
1407 3631 1669 3702 loquelas,

223 3743 612 3808 Gratantesque
644 3745 732 3790 tua
768 3729 1083 3787 concludam
1114 3728 1270 3782 laude
1299 3726 1560 3796 profatus.

226 3834 267 3886 O
293 3849 423 3888 crux
453 3844 646 3899 magna
679 3826 774 3881 Dei
805 3825 996 3895 pietas,
1024 3837 1156 3877 crux
1182 3820 1350 3889 gloria
1372 3818 1523 3886 εαξη,

113 3924 192 3978 ιυθ
221 3923 359 3979 Crux
405 3937 605 3977 aeterna
647 3917 793 3974 salus
831 3914 1130 3976 hominum,
1179 3926 1311 3966 crux
1352 3918 1526 3964 terror
1563 3908 1667 3963 ini-

1505 3999 1666 4072 [quis,

224 4111 284 4164 Et
311 4113 481 4165 virtus
499 4106 676 4176 justis,
701 4105 988 4171 lumenque
1021 4097 1265 4154 ﬁdelibus
1297 4113 1310 4150 :
1336 4111 1369 4150 ο
1392 4110 1524 4150 crux

223 4205 347 4270 Qua:
369 4201 532 4256 terris
557 4200 611 4252 in
644 4211 807 4252 carne
829 4195 996 4247 Deum
1018 4191 1220 4246 servire
1242 4186 1401 4243 saluti

220 4298 382 4366 Inque
412 4293 524 4347 Deo
551 4290 703 4345 cmlis
730 4287 1004 4341 hominem
1035 4294 1263 4349 regnare
1289 4276 1510 4333 dedisti!

226 4365 324 4444 Per
345 4397 397 4441 te
427 4387 519 4438 lux
547 4381 717 4452 patuit
746 4379 883 4444 veri,
909 4392 1012 4429 nox
1039 4375 1197 4442 impia
1230 4369 1380 4439 fugit.
1424 4365 1449 4423 ι’

111 4479 191 4532 1θῦ
224 4479 297 4532 Tu
329 4473 641 4532 destruxisti
670 4468 1011 4526 credentibus
1031 4473 1184 4519 eruta
1207 4463 1328 4516 fana

223 4571 499 4630 Gentibus,
532 4567 780 4619 humanae
806 4572 1034 4614 concors
1066 4566 1120 4610 tu
1153 4555 1310 4608 fibula
1343 4553 1518 4623 pacis,

227 4663 526 4719 Concilians
557 4657 828 4712 hominem
856 4651 1017 4706 medii
1045 4665 1141 4719 per
1169 4647 1370 4701 ftedera
1393 4642 1613 4698 Christi.

229 4755 383 4809 Facta
406 4752 641 4807 hominis
669 4746 868 4816 gradus
897 4757 983 4809 es,
1030 4755 1138 4809 quo
1167 4738 1336 4808 possit
1373 4737 1427 4790 in
1465 4734 1667 4790 aethera

1497 4824 1666 4897 [ferri.

230 4940 348 4995 Esto
376 4940 627 4995 columna
664 4932 766 5002 piis
793 4937 851 4984 tu
877 4940 1091 4995 semper
1117 4932 1173 4977 et
1200 4922 1434 4976 anchora
1463 4919 1620 4974 nobis
1651 4937 1664 4974 :

107 5035 193 5088 IIU
231 5034 292 5089 Ut
318 5036 455 5090 bene
486 5039 669 5086 nostra
699 5027 890 5082 domus
920 5028 1156 5082 maneat,
1177 5018 1314 5071 bene
1333 5015 1519 5070 classis
1544 5029 1670 5082 aga-

1540 5106 1669 5178 μοι’,

230 5218 281 5274 In
309 5234 468 5276 cruce
499 5217 601 5270 ﬁxa
640 5213 796 5267 fidem
817 5249 830 5273 ,
865 5206 947 5261 vel
976 5203 1044 5259 de
1085 5215 1244 5256 cruce
1286 5206 1480 5252 nancta
1517 5212 1675 5251 coro-

1502 5291 1670 5362 lnam.

167 5540 188 5566 ‘
214 5530 266 5585 Id
292 5537 376 5585 est
402 5529 616 5598 Africa._
635 5522 768 5578 Vide
793 5534 958 5576 carm.
985 5515 1038 5580 5,
1067 5531 1114 5568 v.
1140 5510 1194 5564 2.

166 5601 187 5639 ιτ
215 5602 343 5657 Vide
373 5595 488 5655 not.
519 5595 643 5651 5'26.

171 5685 187 5710 ε
214 5673 340 5728 Vide
371 5679 484 5724 not.
514 5666 638 5722 5‘27.

167 5744 186 5781 ἀ
216 5744 342 5799 Vide
373 5750 488 5795 not.
519 5737 643 5792 528.

173 5828 190 5850 ε
217 5814 344 5868 Vide
375 5821 488 5865 not.
513 5810 638 5863 5‘29.

173 5887 185 5925 ⁸
217 5885 342 5940 Vide
371 5893 485 5940 not.
516 5880 640 5934 259.

1716 1869 1765 1930 B

1695 4616 1745 4676 D

3279 379 3383 434 674

2326 501 2553 557 ΡΟΕΜΑ
2595 503 2763 559 XXXI
2801 508 2836 558 '.

1825 610 1890 648 DE
1919 611 1965 649 S.
2000 610 2187 649 FELICB
2217 610 2541 650 ΝΛτΑιιτιωι
2572 614 2782 651 ΟΛΒΜΕΝ
2823 613 2929 651 XIX.
2966 613 3344 657 ρκλακειςτιω.

1881 685 1960 740 De
1989 686 2276 741 Gothorum
2307 696 2331 724 ⁸
2361 690 2617 742 exercitus
2647 705 2761 742 cum
2790 706 2882 742 suo
2906 706 3026 759 rege
3053 692 3285 745 interitu.

1930 774 2178 830 Pluribus
2208 777 2318 831 haec
2345 778 2544 831 etenim
2573 793 2732 832 causa
2762 787 2844 833 est
2871 789 3054 834 curata
3085 783 3346 850 patronis,

1932 863 2003 918 Ut
2024 865 2267 920 Romana
2297 867 2464 934 salus,
2495 876 2550 922 et
2577 869 2791 938 publica
2812 870 2923 923 vita
2951 881 3214 926 maneret.

1931 955 2030 1012 Hic
2069 955 2280 1022 Petrus,
2327 958 2416 1013 hic
2445 958 2643 1014 Paulus
2670 975 2941 1030 proceres,
2990 961 3078 1016 hic
3118 971 3381 1034 martyres

3151 1060 3380 1120 [omnes,

1931 1137 2081 1206 Quos
2103 1139 2262 1196 simul
2282 1141 2597 1198 innumeros
2625 1158 2832 1213 magna:
2859 1153 3006 1202 tenet
3026 1148 3258 1201 ambitus
3284 1145 3376 1200 Ur-

3257 1236 3379 1307 [bis,

1860 1319 1894 1374 5
1933 1320 2189 1392 Quosque
2217 1338 2316 1393 per
2335 1324 2646 1380 innumeras
2673 1325 2868 1382 diffuso
2899 1328 3069 1383 limite
3098 1335 3288 1396 gentes

1933 1415 2078 1470 Intra
2109 1417 2402 1474 Romuleos
2430 1430 2723 1476 veneratur
2741 1421 2984 1478 Ecclesia
3019 1422 3037 1460 ί
3073 1424 3239 1487 lines,

1932 1507 2204 1564 Sollicitas
2232 1510 2390 1565 simul
2423 1512 2667 1582 impenso
2697 1514 2900 1570 duxere
2927 1526 3149 1586 precatu

1931 1599 2219 1656 Excubias.
2250 1602 2400 1658 Felix
2427 1620 2579 1659 meus
2609 1606 2711 1671 his,
2741 1607 2890 1662 velut
2919 1625 3057 1663 unus
3085 1625 3294 1673 eorum,

1932 1693 1989 1748 In
2020 1694 2267 1764 precibus
2295 1710 2422 1765 pars
2448 1711 2642 1765 magna
2667 1697 2788 1762 fuit,
2817 1699 2911 1754 sed
2943 1714 3150 1754 summa
3180 1701 3333 1770 petiti

1826 1785 1894 1840 10
1933 1786 2168 1843 Muneris
2190 1789 2257 1843 ad
2285 1797 2528 1854 cunctos,
2558 1791 2689 1844 nulli
2719 1792 2924 1860 privata
2955 1793 3204 1848 refertur.

2294 1902 2531 1958 POEMA
2559 1903 2753 1958 XXXII
2786 1910 2847 1959 “.

1860 2031 1926 2070 DE
1956 2031 2002 2071 8.
2037 2032 2225 2072 ηιιεε
2257 2033 2584 2073 ΝΑτΑιιτιιῐκ
2614 2036 2824 2074 CARIEN
2856 2036 2945 2074 XX.
2975 2035 3311 2074 FRAGMENTA.

1789 2105 1850 2161 S.
1884 2105 2051 2161 Felici
2079 2110 2278 2179 gratias
2312 2110 2468 2181 refert
2496 2112 2755 2164 maximas
2783 2129 2877 2180 pro
2907 2111 3130 2179 acceptis
3158 2113 3272 2181 ejus
3299 2113 3374 2164 in-

2126 2188 2350 2232 terventu
2369 2177 2478 2232 'Dei
2501 2181 2650 2234 donis
2681 2192 2728 2235 et
2758 2177 3040 2252 beneﬁciis.

1927 2293 2283 2366 663-634
2292 2292 2446 2351 Nunc
2460 2293 2527 2349 ad
2544 2303 2614 2362 te,
2629 2295 2932 2351 venerande
2953 2310 3168 2365 parens,
3183 2303 3376 2353 :eternt

3100 2389 3117 2460 [
3127 2397 3374 2458 patrone,

1926 2480 2222 2556 Susceptor
2247 2499 2419 2550 meus,
2452 2492 2510 2539 et
2528 2483 2745 2538 Christo
2772 2481 3048 2538 carissime
3080 2480 3252 2544 Felix,

1923 2575 2206 2632 Gratilicas
2229 2591 2389 2632 verso
2417 2575 2647 2630 referam
2676 2589 2927 2630 sermone
2957 2573 3218 2641 loquelas.

1923 2665 2087 2722 Multa
2117 2663 2256 2722 mihi
2270 2667 2432 2721 variis
2456 2666 2687 2720 tribuisti
2714 2680 2936 2719 munera
2961 2663 3134 2718 donis.

1851 2758 1885 2813 5
1921 2757 2132 2823 Omnia,
2165 2759 2446 2830 praesentis
2475 2759 2598 2812 vita:
2620 2774 2764 2823 rem,
2795 2771 3054 2826 spemque
3079 2755 3269 2809 futura:

1922 2853 2051 2919 Qua:
2074 2854 2308 2922 pariunt,
2345 2851 2439 2905 tibi
2467 2867 2554 2905 me
2584 2849 2801 2904 memini
2831 2848 3030 2904 debere
3061 2866 3072 2900 :
3105 2849 3189 2902 cui
3218 2862 3306 2900 me

1921 2946 2244 3015 Mancipium
2274 2945 2462 3015 primis
2490 2943 2710 2997 donavit
2739 2941 2984 2997 Christus
3015 2941 3082 2994 ab
3113 2940 3286 2994 annis.

1920 3037 1975 3093 Si
2005 3039 2134 3093 mihi
2157 3036 2424 3091 ﬂumineis
2453 3033 2698 3090 facundia
2727 3041 2970 3089 curreret
3000 3031 3174 3094 undis,

1920 3130 2135 3199 Oraque
2165 3129 2310 3183 mille
2333 3127 2512 3181 forent
2535 3125 2780 3181 centenis
2801 3137 3031 3194 persona
3061 3121 3275 3188 linguis,

1701 3241 1747 3302 ο
1822 3222 1878 3277 l0
1915 3222 2079 3276 Forte
2111 3236 2210 3275 nec
2234 3221 2318 3274 his
2338 3219 2532 3290 opibus
2551 3217 2749 3272 collato
2775 3214 2924 3270 fonte
2953 3213 3187 3268 refectus

1915 3313 2105 3367 Omnia
2133 3311 2326 3366 Felicis
2356 3323 2675 3381 percurrere
2700 3321 2924 3361 munera
2955 3319 3170 3375 possem

1919 3405 2131 3472 Quanta
2157 3419 2256 3459 suo
2286 3403 2544 3458 Dominus
2565 3399 2787 3455 donavit
2814 3397 3059 3452 Christus
3081 3395 3278 3457 amico,

1917 3495 1985 3551 Et
2005 3497 2134 3551 mihi
2156 3494 2436 3551 confessor
2462 3493 2662 3548 famqu
2686 3489 2980 3546 transmisit
3007 3487 3223 3541 alumno
3249 3503 3260 3537 :

1915 3681 1971 3736 Si
2001 3683 2172 3752 prima
2203 3688 2452 3751 repetens
2476 3679 2543 3732 ab
2571 3677 2774 3746 origine
2798 3684 2990 3730 cuncta
3019 3672 3289 3727 revolvam
3313 3711 3330 3735 ,

1806 3773 1874 3829 15
1912 3774 2041 3842 Qua:
2069 3775 2270 3845 pietate
2295 3773 2411 3843 pari
2441 3771 2592 3826 vario
2621 3769 2752 3824 mihi
2783 3768 3030 3838 prazstitit
3052 3782 3188 3829 awo,

1917 3867 2055 3921 Ante
2075 3882 2270 3936 queam
2293 3866 2482 3935 capitis
2505 3863 2709 3934 proprii
2735 3876 3021 3916 numerare
3049 3859 3292 3928 capillos,

1916 3958 2086 4025 Quam
2119 3966 2208 4012 tua
2229 3958 2374 4012 circa
2400 3970 2507 4020 me,
2539 3953 2689 4008 Felix
2717 3953 2879 4015 bone,
2903 3951 3044 4004 dona
3071 3947 3295 4003 referre.

1914 4139 2171 4196 Incolumi
2200 4138 2359 4203 solio,
2390 4145 2446 4192 et
2470 4150 2760 4206 numquam
2781 4134 3013 4188 rimante
3035 4130 3306 4200 sepulcro,

1917 4232 2161 4303 Undique
2186 4231 2439 4285 vallatum
2469 4227 2643 4307 solido
2673 4225 2967 4280 munimine
2994 4237 3191 4292 corpus

1807 4326 1874 4381 Ἆ)
1911 4325 2160 4396 Martyris
2189 4332 2245 4377 et
2273 4320 2452 4376 meriti
2478 4319 2638 4374 nullis
2669 4317 2907 4389 patuisse
2934 4314 3121 4386 piaclis
3145 4332 3159 4366 ε

1915 4418 1982 4472 Et
2009 4417 2229 4486 dignum
2257 4413 2494 4468 retinere
2522 4423 2633 4464 sua:
2659 4409 2746 4479 pia
2775 4407 2956 4462 carnis
2977 4405 3242 4459 honorem

1913 4511 2066 4572 Ossa,
2099 4508 2223 4578 quia
2251 4505 2450 4561 sanctis
2478 4514 2769 4570 numquam
2796 4497 3006 4552 desistit
3034 4494 3226 4549 adesse

1913 4604 2146 4674 Spiritus
2175 4619 2187 4654 :
2221 4599 2361 4655 unde
2382 4597 2483 4668 piis
2503 4603 2611 4650 stat
2639 4592 2811 4663 gratia
2836 4591 2956 4645 viva
2987 4587 3268 4658 sepulcris,

1919 4697 2048 4762 Qua:
2062 4693 2255 4765 probat
2274 4691 2325 4744 in
2343 4690 2556 4744 Christo
2572 4693 2796 4742 cunctos
2812 4683 2927 4738 sine
2943 4688 3117 4736 morte
3128 4677 3368 4749 sepultos

1811 4788 1882 4843 25
1920 4787 2001 4842 Ad
2030 4795 2240 4856 tempus
2265 4781 2478 4854 placido
2502 4777 2667 4849 sopiri
2696 4789 2924 4846 corpora
2951 4787 3166 4828 somno.

2272 4923 2506 4979 POEMA
2537 4919 2747 4976 XXXIII
2783 4924 2866 4974 “⁶.

1849 5061 1915 5099 DE
1943 5057 1990 5098 S.
2020 5056 2208 5096 ηυδε
2235 5051 2560 5092 κΑτΑιιτιυιι
2587 5050 2795 5090 CARMEN
2817 5048 2928 5086 XXI.
2960 5045 3297 5086 FRAGIIENTA.

1779 5135 1982 5190 Narrat
2011 5133 2070 5189 S.
2097 5127 2596 5203 Felicis‘miracaia,
2620 5124 2800 5203 quibus
2829 5123 2955 5203 (tigri
3003 5128 3284 5203 sanantur,
3325 5129 3373 5172 et

1975 5220 2194 5276 corpora
2224 5217 2256 5254 a
2278 5197 2594 5252 dwmonibus
2621 5192 2826 5250 obsessa
2857 5192 3160 5246 liberantur.

1919 5319 2028 5374 Ver
2055 5331 2152 5385 age
2181 5311 2509 5370 carminibus
2542 5327 2554 5362 :
2585 5307 2714 5362 ﬂuat
2739 5304 3020 5361 articulata
3052 5300 3312 5356 modestis

1853 5504 1870 5522 ⁶
1900 5498 2044 5552 Alias
2068 5494 2136 5548 27
2162 5513 2174 5548 :
2199 5491 2344 5564 quod
2373 5497 2554 5564 autem
2567 5485 2633 5540 27
2649 5491 2785 5547 erat,
2815 5492 2959 5534 nunc
2979 5477 3068 5532 28.
3098 5472 3371 5543 Scriptum

1779 5584 1920 5625 anno
1944 5566 2164 5632 406,die
2195 5559 2262 5616 fil»
2289 5559 2548 5615 Januarii.

1853 5615 2065 5692 77513:};
2082 5615 2184 5690 Ξέε
2201 5615 2355 5704 quod
2377 5640 2555 5684 autem
2575 5625 2644 5680 29
2660 5631 2798 5687 erat,
2827 5635 2964 5675 nunc
2992 5618 3081 5671 50.
3097 5615 3370 5685 Scriptum

1783 5727 1928 5765 anno
1955 5709 2077 5774 407,
2106 5707 2192 5762 die
2221 5702 2287 5757 Μ
2313 5702 2530 5774 ειξιηιιιπο
2579 5765 2641 5774 ,Α
2767 5773 2771 5774 ί
2987 5760 3046 5774 ,,,
3101 5758 3132 5774 η
3190 5756 3215 5774 ί.

1859 5758 1921 5807 λ”ῖ
2224 5773 2366 5844 quod
2386 5782 2563 5824 autem
2579 5765 2648 5821 50
2664 5773 2956 5832 crat,nunc
2981 5760 3066 5814 Π.
3101 5758 3370 5827 Scriptum

1787 5870 1926 5908 anno
1958 5851 2076 5912 408,
2109 5850 2195 5902 die
2227 5843 2291 5898 Η
2320 5843 2538 5896 Ianuar.
