3996 6356
162 354 243 410 17⁸1
1541 343 1740 399 ΡΟΕΜΑ

1860 340 2043 397 XXIV.
2073 368 2080 382 ι
3336 339 3438 396 6"3

279 458 444 535 lmpia
473 477 600 521 nam
628 464 800 537 pietas
829 465 1060 519 animam
1086 461 1266 529 lugere
1286 461 1522 524 beatam,
1765 463 1813 519 Α
2127 453 2370 511 Ostendit
2399 451 2423 490 ἀ
2459 452 2629 520 fragili
2658 453 2836 509 carnis
2865 453 3041 507 inesse
3070 449 3257 507 Deum.

419 553 865 626 Caudeutemque
898 556 1006 610 Deo
1034 554 1183 618 ﬂere,
1225 566 1429 607 nocens
1458 565 1611 604 amor
1638 557 1736 602 est.
1995 546 2172 610 Utitur
2199 544 2392 602 officiis
2422 546 2676 612 hominis,
2704 544 2801 600 sed
2832 552 2888 599 et
2915 545 3060 598 intus
3086 545 3259 614 operti

186 647 248 702 45
283 646 473 702 Nonne
494 657 646 718 patet
665 657 927 718 quantum
967 647 1057 700 tali
1089 646 1290 716 pietate
1320 643 1564 696 trahatur
2131 638 2293 706 Signa
2321 637 2417 692 Dei
2444 637 2668 692 medicis
2689 638 2891 692 exserit
2918 636 3178 705 imperiis.

431 737 756 794 Peccatum?
781 738 1056 807 arguimur
1083 735 1270 790 fraude
1303 741 1485 788 tenere
1510 731 1700 794 tidem;
1992 730 2135 785 Voce
2165 731 2399 785 hominis
2423 729 2604 784 divina
2625 729 2801 793 docet,
2825 729 3073 784 mortalia
3098 742 3227 782 vere

283 831 388 885 Aut
403 831 702 900 reprobare
731 830 826 885 Dei
857 830 1004 898 leges
1033 843 1218 884 errore
1242 825 1454 890 rebelli,
1883 821 1952 874 90
2130 820 2295 876 Extra
2322 831 2601 891 peccatum
2624 836 2919 890 corporeus
2946 819 3174 890 peragit.

431 920 496 974 Ni
527 921 737 992 placeat
766 920 942 984 nobis,
971 918 1117 990 quod
1147 917 1352 988 placuit
1379 916 1632 972 Domino.
1989 914 2199 984 Quippe
2226 913 2309 968 sui
2337 926 2450 968 rem
2480 910 2687 968 tantum
2725 912 2908 980 operis
2939 911 3042 968 sibi
3081 910 3309 966 reddere
3347 927 3442 966 cu-

283 1013 490 1069 Justius
515 1021 599 1068 est
620 1013 751 1067 istas
769 1012 1050 1068 hominum
1077 1011 1262 1079 lugere
1289 1009 1560 1072 tenebras,
3269 1001 3436 1072 [rans,

190 1103 253 1157 50
431 1103 577 1170 Quas
606 1101 830 1158 facimus
857 1101 1016 1157 nobis
1042 1100 1338 1169 degeneres
1365 1099 1577 1162 animae,
2130 1095 2386 1150 Naturam
2413 1094 2564 1152 venit
2590 1108 2826 1161 sumere,
2849 1109 2960 1148 non
2989 1093 3196 1148 vitium.

283 1194 637 1252 Immemores
663 1194 870 1264 primos
896 1191 1132 1248 celestis
1155 1189 1403 1258 imaginis
1428 1197 1600 1253 ortus,
1992 1184 2234 1254 Namque
2257 1185 2457 1240 bonum
2489 1193 2679 1240 natura
2707 1185 2974 1240 hominem
3007 1186 3179 1239 bonus
3201 1184 3266 1238 ad
3300 1185 3442 1239 bona

425 1287 600 1352 Quam
635 1290 862 1340 revocat
896 1283 1160 1339 miserans
1199 1280 1266 1335 ad
1306 1295 1402 1335 sua
1445 1293 1606 1348 regna
1639 1276 1741 1330 Pa~
2261 1329 2264 1332 ,
3251 1274 3443 1346 μυρρίνῃ

1615 1371 1740 1440 μετ’.
2130 1368 2309 1425 Mente
2333 1386 2429 1425 sua
2453 1371 2636 1440 lapsus
2659 1385 2719 1426 se
2745 1369 2955 1425 vitiavit
2981 1369 3164 1424 homo.

285 1467 454 1538 Cujus
481 1483 667 1524 amore
688 1481 841 1522 meos
869 1464 1106 1539 suscepit
1131 1462 1298 1518 Filius
1322 1469 1492 1524 artus,
1883 1462 1951 1514 95
1994 1461 2172 1529 Quare
2200 1461 2380 1533 opifex
2404 1463 2680 1517 hominum
2710 1463 2923 1518 mortali
2947 1463 2999 1517 in
3027 1477 3257 1531 corpore
3276 1462 3442 1527 venit,

430 1559 650 1627 Virgine
677 1565 992 1627 conceptus,
1027 1555 1232 1622 virgine
1260 1562 1420 1606 natus
1450 1552 1635 1614 homo,
2130 1557 2248 1612 Non
2277 1569 2334 1612 et
2363 1559 2576 1612 mortali
2607 1559 2834 1613 crimine
2863 1557 3032 1613 factus
3052 1559 3235 1612 homo.

193 1650 256 1704 55
287 1649 494 1706 Cum!”
523 1665 718 1719 881³6118
736 1650 1040 1714 hominem.
1072 1656 1298 1702 ευιιειοδ
1338 1653 1394 1699 ει
1431 1658 1660 1713 corpore
1692 1642 1743 1695 ίη
1989 1651 2120 1706 Nam
2153 1667 2329 1722 neque
2355 1654 2563 1708 deleret
2591 1654 2794 1724 culpas,
2820 1655 2922 1708 nisi
2951 1655 3086 1710 liber
3114 1653 3182 1708 ab
3219 1654 3337 1716 illis,

1614 1734 1744 1802 Ιυιιο
2131 1745 2244 1799 Nec
2269 1747 2450 1800 laxare
2480 1761 2604 1801 reos
2633 1756 2817 1814 posset
2841 1754 2897 1800 et
2918 1748 3032 1816 ipse
3053 1761 3194 1809 reus,

431 1831 762 1887 Cunctorum
792 1838 817 1865 ⁸
849 1828 1106 1882 Dominus
1133 1826 1428 1894 suscipiens
1457 1823 1706 1877 famulos.
1782 1831 1822 1887 [ι
1993 1836 2009 1889 ῃ

1782 1831 1822 1887 Β
1993 1836 2100 1892 Nec
2128 1839 2402 1906 peccatori
2425 1852 2576 1890 mors
2601 1837 2817 1892 cederet
2847 1846 3032 1906 utpote
3061 1837 3297 1891 vinctum

291 1921 488 1976 Factus
507 1921 651 1976 enim
671 1919 812 1975 servi
833 1919 1005 1973 forma
1035 1926 1154 1981 est,
1201 1918 1292 1985 qui
1333 1930 1575 1969 summus
1615 1929 1740 1982 age-
1847 1927 1949 1979 τοο
2133 1928 2343 1983 peccati
2370 1928 2560 1982 vinclis
2581 1928 2820 1994 |egiume
2846 1929 3107 1982 retinens,

1606 2006 1737 2075 lbalo
1987 2018 2116 2073 .Iure
2139 2019 2300 2086 igitur
2325 2017 2489 2073 cessit
2518 2019 2788 2088 rumpenti
2818 2025 3019 2072 tartara
3042 2017 3277 2079 Christo,

430 2103 626 2158 Forma
654 2102 749 2158 Dei
777 2115 1010 2171 regnans
1033 2116 1157 2155 cum
1186 2113 1312 2167 rege
1345 2096 1503 2151 Patre
1533 2096 1690 2151 Deus.

2128 2111 2184 2165 In
2206 2126 2336 2180 quo,
2359 2111 2502 2181 quod
2532 2119 2717 2180 posset
2745 2121 2980 2171 nectere,
3009 2125 3114 2164 non
3138 2109 3338 2164 habuit.

290 2197 541 2266 Suscepit
569 2195 796 2250 formam
825 2193 987 2256 servi.
1012 2193 1333 2260 culpamque
1358 2191 1608 2259 peremit.
1986 2201 2214 2271 Ipsaque
2234 2201 2418 2270 judicii
2451 2201 2501 2253 in
2503 2201 2634 2268 justi
2657 2216 2748 2255 rea
2772 2199 2912 2255 facta
2944 2200 3197 2261 vicissim,

197 2289 258 2342 60
435 2286 552 2354 Qua
579 2300 752 2356 P0903!
781 2293 836 2339 ει
863 2284 1051 2339 monis
1079 2281 1349 2352 quondam
1371 2282 1534 2336 homo
1557 2295 1745 2334 δθτνυε
2131 2291 2235 2346 Per
2261 2292 2436 2346 scelus
2463 2292 2644 2346 occiso
2668 2293 2791 2360 jure
2819 2291 3041 2347 subacta
3073 2290 3276 2344 homini
3305 2300 3406 2345 est.

1583 2375 1738 2447 [erat
1849 2383 1951 2436 105
1993 2382 2186 2437 Palluit
2209 2383 2408 2437 invidia
2435 2398 2680 2452 serpens,
2713 2383 2918 2437 inferna
2946 2382 3167 2436 reducto

297 2471 362 2525 Et
385 2471 619 2526 libertati
651 2469 925 2533 famulum.
957 2466 1056 2522 θιὼ
1087 2467 1320 2534 imagine
1347 2466 1488 2522 εθιὝί
2133 2475 2382 2530 Claustra
2411 2475 2633 2539 homini,
2667 2489 2818 2528 versa
2849 2474 2988 2542 lege,
3018 2474 3225 2528 reclusa
3259 2473 3396 2536 vide,

434 2561 629 2616 Nostra
655 2575 783 2614 caro
811 2560 1036 2614 effectus
1065 2558 1298 2612 restituit
1323 2556 1596 2611 Dominus-
1989 2567 2154 2635 inque
2176 2567 2346 2621 vicem
2368 2567 2546 2620 vincta
2565 2565 2849 2619 mortalem
2879 2572 3054 2618 morte
3084 2564 3302 2627 resolvi,

292 2653 361 2708 Ut
386 2653 521 2707 mihi
550 2668 646 2724 per
673 2651 944 2707 Christum
971 2651 1209 2707 cmlestis
1236 2651 1412 2718 imago
1442 2649 1671 2710 rediret,
2133 2657 2536 2726 Excussumque
2564 2662 2660 2712 sua
2688 2671 2910 2725 surgere
2925 2672 3124 2726 corpus
3151 2658 3334 2719 humo,

436 2747 539 2814 Qui
566 2762 726 2802 cruce
756 2754 1028 2801 terrenum
1051 2748 1128 2815 (a)
1159 2745 1480 2815 despoliavit
1500 2745 1688 2798 Adam.
1992 2752 2214 2821 Insuper
2239 2759 2296 2804 et
2323 2749 2490 2806 caelos
2516 2749 2824 2804 redivivum.
2840 2750 3099 2804 scandere
3125 2764 3372 2813 cernens,

200 2836 262 2893 65
293 2836 521 2894 Carnem
551 2838 714 2906 igitur
733 2846 1070 2906 mortemque
1095 2852 1272 2891 meam
1290 2852 1444 2892 meus
1467 2836 1556 2892 ille
1582 2835 1747 2891 Crea-
1851 2840 1953 2893 110
2133 2841 2301 2895 Dente
2325 2841 2461 2896 truci
2488 2840 2684 2896 frustra
2714 2841 2908 2895 lividus
2939 2841 3230 2896 infremuit.

1639 2927 1748 3002 [tor
1795 2935 1798 2939 '
1987 2931 2053 2988 Et
2079 2934 2244 2990 modo
2267 2935 2516 3000 tabescit,
2553 2949 2695 2997 cum,
2726 2934 3104 2989 crebrescente
3129 2936 3340 3004 piorum

434 3022 682 3090 Pertulit,
714 3031 772 3077 et
798 3037 980 3078 carum
1010 3029 1186 3076 morte
1214 3020 1441 3076 redemit
1468 3036 1623 3090 opus.
2132 3026 2378 3096 Agmine,
2419 3042 2518 3097 per
2557 3025 2828 3082 Christum
2868 3026 3111 3096 perditor
3141 3037 3165 3066 ο
3197 3028 3313 3099 ipse
3355 3045 3443 3099 pe.

295 3111 459 3168 Multa
487 3115 619 3168 mihi
645 3112 871 3169 dederat
897 3113 1044 3183 prius
1073 3121 1130 3167 et
1153 3113 1417 3182 promissa
1439 3112 1647 3176 salutis,
3335 3121 3444 3191 [rit.

431 3206 501 3262 Et
527 3215 796 3278 praecepta
823 3206 1019 3276 quibus
1041 3221 1138 3278 per
1165 3207 1308 3262 bona
1328 3206 1608 3274 dirigerer.
1769 3202 1818 3263 C
1991 3209 2133 3280 Ergo
2161 3211 2267 3265 mei
2287 3210 2481 3266 vitiosa
2503 3210 2666 3265 animi
2695 3211 2926 3275 sanavit,
2958 3220 3013 3264 et
3033 3224 3172 3278 :egra

297 3295 404 3353 Sed
423 3298 549 3367 quia
571 3312 689 3363 nec,
716 3297 848 3366 legis
875 3297 1056 3368 posito
1087 3296 1478 3362 medicamine,
1495 3297 1652 3366 primi
2134 3301 2392 3372 Corporis
2419 3303 2651 3371 excepit,
2685 3311 2858 3357 matre
2886 3303 3077 3364 homo,
3102 3310 3255 3372 patre
3285 3303 3444 3360 Deus.

205 3386 263 3440 10
439 3387 741 3444 lnveterata
767 3388 934 3458 patris
962 3387 1184 3442 vulnera
1211 3387 1493 3450 dilueram,
1852 3391 1956 3446 115
1993 3392 2264 3449 [Inbecilla
2291 3393 2531 3462 quidem,
2564 3394 2657 3448 sed
2686 3394 2951 3448 naturalia
2974 3396 3152 3450 carnis

293 3476 360 3532 Et
389 3493 563 3547 neque
588 3479 878 3549 praemissis
905 3478 1087 3533 divino
1112 3493 1182 3533 ex
1208 3493 1304 3533 ore
1325 3479 1608 3548 prophetis
2134 3483 2335 3547 Gessit,
2360 3493 2416 3540 et
2436 3485 2663 3540 affectus
2684 3487 2930 3556 corporis
2951 3487 3212 3542 exhibuit.

437 3567 762 3640 Exspectare
790 3569 885 3624 Dei
914 3584 1138 3624 munera
1166 3569 1526 3630 credideram.
1992 3573 2248 3630 Sensibus
2276 3576 2522 3630 humanis
2542 3577 2653 3631 edit
2678 3585 2734 3632 et
2761 3577 2914 3642 bibit,
2938 3586 2994 3632 et
3022 3593 3115 3632 sua
3145 3595 3338 3633 somno

293 3659 360 3714 Et
380 3673 550 3729 genus
577 3661 866 3717 humanum
894 3662 1092 3732 passim
1121 3663 1237 3716 sine
1267 3661 1382 3729 lege
1405 3659 1525 3716 fidei
1549 3660 1576 3698 δ
2137 3663 2360 3722 Lumina
2389 3667 2639 3733 declinat,
2675 3668 2838 3723 laSsat
2873 3667 2890 3706 τ
2917 3669 3095 3723 eundo
3116 3669 3278 3725 viam.

429 3753 788 3824 σεε-θεῖε)
817 3753 1110 3824 Desperata
1131 3753 1274 3808 salus
1303 3761 1564 3808 merserat
1585 3755 1639 3808 in
1662 3763 1744 3809 te-
1993 3759 2289 3830 Tamquam
2324 3763 2516 3826 homo,
2571 3764 2826 3818 defuncto
2876 3763 3136 3836 lacrymas
3185 3767 3454 3836 impendit

1504 3845 1741 3916 [nebras,
3250 3860 3447 3927 lamico

206 3933 266 3988 75
300 3934 683 4007 Regnabatque
709 3934 1175 4007 simul'peccatum
1196 3937 1249 3992 in
1281 3953 1510 4008 corpore
1536 3945 1742 4001 nostro,
1851 3942 1954 3995 120
2133 3945 2304 4009 Quem
2332 3960 2460 3999 mox
2489 3946 2603 4014 ipse
2631 3946 2772 4001 Deus
2800 3947 3023 4002 suscitat
3051 3962 3083 4002 e
3114 3951 3317 4004 tumulo
3347 3960 3393 4004 ε.

433 4027 575 4082 Mors
604 4031 657 4082 in
684 4036 928 4098 peccato,
954 4029 1165 4083 daemon
1193 4032 1206 4060 ¹
1240 4030 1292 4084 in
1316 4030 1556 4092 interitu,
1997 4055 2014 4085 ι
2049 4035 2271 4106 Navigio
2309 4045 2553 4091 vectatur
2595 4039 2788 4103 homo,
2820 4048 2876 4092 et
2916 4039 3059 4094 Deus
3093 4040 3320 4108 imperat
3350 4057 3444 4095 au~

297 4115 684 4190 Captivumque
712 4122 982 4178 hominem
1004 4122 1172 4177 tristis
1199 4131 1375 4177 metus
1403 4130 1458 4177 et
1477 4123 1640 4178 miser
1659 4137 1745 4178 er-
3272 4133 3440 4204 [stris,

273 4195 281 4202 ’
1630 4214 1742 4286 [ror
2135 4218 2203 4274 Et
2231 4219 2428 4274 virtute
2459 4219 2551 4274 Dei
2575 4223 2818 4290 permeat
2845 4234 3031 4289 aequor
3053 4223 3216 4276 homo
3249 4195 3294 4277 ιιι.

436 4309 608 4366 Altius
630 4311 682 4366 in
711 4319 943 4366 mortem
968 4311 1306 4380 prmcipitare
1330 4312 1349 4343 ³
1377 4309 1596 4365 dabant.
1992 4310 2171 4367 Mente
2212 4311 2444 4392 hominis
2482 4311 2712 4381 trepidat
2757 4311 2948 4367 vicinze
2994 4314 3184 4368 mortis
3229 4317 3295 4369 ad
3342 4316 3412 4369 ho

297 4399 502 4457 Interea
529 4402 691 4459 Pater
709 4405 826 4474 ipse
853 4404 982 4474 polo
1009 4405 1296 4460 miseratus
1323 4404 1391 4458 ab
1419 4404 1550 4467 alto,
2864 4429 2866 4432 ν
3281 4408 3418 4478 [ram

206 4484 269 4540 80
434 4490 720 4548 Errantum
751 4493 930 4564 lapsus
958 4491 1240 4563 pestiferos
1266 4494 1564 4560 hominum,
2130 4493 2310 4548 Mente
2338 4492 2432 4546 Dei
2457 4493 2608 4547 novit
2637 4500 2847 4563 tempus
2876 4493 3065 4550 adesse
3093 4495 3260 4550 necis.

300 4579 718 4653 Serpentemque
745 4584 881 4640 truci
921 4584 1286 4640 dominantem
1335 4586 1388 4640 in
1423 4595 1598 4640 morte
1643 4603 1736 4642 ca-
1770 4583 1948 4643 0125
1985 4584 2043 4640 lu
2071 4600 2232 4640 cruce
2275 4583 2414 4639 ﬁxus
2457 4584 2619 4639 homo
2647 4592 2750 4651 est,
2796 4583 2938 4640 Deus
2976 4601 3009 4640 e
3053 4602 3212 4642 cruce
3255 4597 3442 4646 torruit

1497 4677 1735 4746 [dentum
3203 4681 3435 4754 [orbem,

427 4766 543 4821 Non
575 4766 714 4832 tulit,
745 4774 802 4821 et
828 4765 1021 4820 Natum
1049 4767 1195 4822 misit
1230 4767 1297 4822 ad
1327 4782 1488 4823 omne
1512 4768 1733 4823 bonum.
2131 4771 2358 4826 Mortem
2379 4771 2568 4839 homo,
2593 4786 2782 4827 verum
2808 4787 2957 4827 mors
2995 4773 3108 4844 ipsa
3146 4772 3316 4829 Deum
3349 4791 3412 4845 pa

299 4852 474 4912 Paruit
501 4857 590 4912 ille
619 4857 811 4925 libens,
844 4857 983 4913 Deus
1016 4867 1038 4896 ε
1062 4858 1242 4912 omnia
1269 4875 1394 4914 cum
1423 4859 1582 4915 Patre
1609 4876 1736 4914 con-
3220 4866 3236 4938 [
3244 4866 3372 4921 titur
3402 4865 3414 4905 '-
3435 4905 3447 4920 .

462 5009 464 5012 ,
1595 4950 1740 5022 [cors
1990 4955 2236 5014 lncruce
2261 4956 2460 5026 pendet
2482 4956 2665 5025 homo,
2695 4954 2838 5012 Deus
2865 4972 2898 5012 e
2925 4971 3084 5012 cruce
3101 4959 3325 5013 crimina
3342 4961 3410 5015 do
3437 4987 3446 5006 -

426 5037 779 5096 Communem
806 5055 1001 5097 curans
1028 5056 1141 5096 rem
1165 5041 1364 5113 pietate
1387 5043 1524 5113 pari.
3247 5049 3362 5113 [nat
3394 5060 3439 5105 ι.

202 5124 263 5180 85
295 5127 536 5196 Advenit,
562 5139 619 5186 et
646 5130 703 5187 lit
735 5131 927 5197 homo,
959 5140 1014 5188 et
1041 5133 1266 5188 mixtum
1291 5133 1562 5202 perfectus
1590 5144 1738 5190 utro-
2126 5139 2195 5194 Et
2221 5143 2457 5194 morlens
2486 5140 2650 5194 vitam
2680 5140 2916 5195 criminis
2937 5140 3194 5194 interimit
3218 5158 3231 5205 ;

1611 5225 1739 5296 [que
1984 5230 2197 5302 Proque
2220 5233 2327 5287 reis
2353 5232 2567 5289 habitus
2597 5233 2645 5300 ιι,
2675 5235 2933 5305 pejorque
2957 5234 3170 5289 latrone
3199 5243 3436 5304 putatus,

231 5362 255 5432 _"
364 5363 451 5432 _est
479 5372 571 5426 per
577 5365 796 5432 _cgncta.
826 5355 961 5412 Vide
981 5366 1097 5413 not.
1120 5357 1248 5418 5.55.
1921 5367 1934 5404 ι
1969 5365 2160 5420 Matth.
2194 5383 2360 5432 nm,
2387 5367 2446 5421 51
2464 5408 2477 5422 ο

227 5423 253 5509 ιΪ
437 5423 550 5482 ηδί·
741 5505 750 5509 ,
863 5505 873 5509 _
931 5497 1034 5509 ___
1916 5437 1930 5509 _i
1971 5437 2026 5509 id
2058 5445 2142 5491 est
2170 5423 2447 5509 eandenm,
2478 5439 2705 5509 simplex
2729 5454 2827 5509 pro
2851 5438 3160 5506 composito

229 5505 251 5573 ξ
279 5494 409 5573 _V_ide
436 5511 578 5573 vers.
609 5495 679 5550 55
702 5505 759 5573 et
785 5505 900 5573 not.
931 5497 1056 5573 ξξῖξ.
1499 5568 1555 5573 __
1575 5568 1596 5573 _

792 5505 900 5573 not.
931 5497 1056 5573 ξξῖξ.
1499 5568 1596 5573 ___
1914 5506 1941 5545 ιι
1969 5506 2131 5562 Marc.
2164 5525 2253 5573 xv,
2285 5507 2370 5562 28.

226 5561 251 5649 (ξ
359 5575 442 5649 est
465 5567 519 5618 in
543 5583 699 5620 carne
723 5569 922 5639 fragili.
945 5568 1078 5623 Vide
1107 5583 1274 5623 carm.
1309 5567 1394 5635 15,
1421 5585 1471 5624 v.
1499 5568 1620 5623 518.

1873 5648 1878 5649 ί
1917 5579 1994 5649 (a)
2023 5561 2105 5649 ita
2133 5561 2199 5632 es
2228 5561 2466 5634 editione
2488 5579 2674 5634 Schol.
2709 5577 3112 5649 emendavimus
3150 5595 3269 5634 cum
3301 5579 3405 5634 Bar

229 5633 831 5720 fidesime-gf
974 5707 1003 5720 ..
1156 5707 1214 5720 ,η
1384 5633 1387 5635 ’
1700 5657 1709 5665 ‘

1854 5633 1989 5720 thi‘o.’
2014 5647 2103 5720 S_ic
2126 5664 2189 5702 ea
2221 5666 2352 5704 voce
2396 5633 2522 5703 alibi
2565 5665 2692 5703 usus
2723 5647 3009 5720 Paulinus,
3053 5633 3219 5720 carm.
3253 5633 3355 5720 93,
3380 5633 3432 5705 v.

233 5701 254 5789 ς
279 5702 382 5789 Pr?
407 5701 936 5789 lassdmr._'Vide.ep.
972 5707 1024 5769 5,
1059 5725 1112 5762 n.
1148 5707 1236 5762 18.
1844 5701 1949 5771 219
1983 5738 1994 5770 :
2030 5701 2687 5789 unum'de'spbliéiu,i"ei
2715 5735 2799 5788 ep.
2826 5718 2914 5785 21,
2962 5701 3015 5774 ill:
3152 5701 3346 5788 ﬁlias:

231 5783 255 5818 8
281 5772 576 5839 Johan.x1,
610 5774 678 5828 55
705 5787 760 5837 et
787 5775 874 5830 M.

1849 5790 2084 5858 Spoliat'it
2109 5790 2291 5842 Adam.

233 5843 260 5877 δ
288 5841 466 5898 Matth.
503 5862 611 5912 xrv,
641 5846 712 5899 52
737 5855 792 5902 et
818 5845 914 5912 29;
950 5864 1090 5914 xxvn,
1122 5849 1210 5902 58.
