3996 6356
577 294 683 350 εδδ

858 417 1082 472 Arentes
1111 422 1350 470 veterum
1371 411 1643 479 relliquias
1670 411 1944 464 hominum
1963 451 1976 472 ,

581 502 684 559 $15
717 503 973 576 Ossaque,
991 509 1295 577 porrectum
1327 505 1431 557 late
1459 503 1695 571 dispersa
1721 515 1816 570 per
1838 513 2045 567 agrum.

718 593 875 669 677
891 599 1087 669 -678
1127 595 1278 650 Ultro
1307 595 1370 648 ad
1399 606 1685 662 compages
1732 606 1949 646 currere
2005 590 2149 657 jnssa

795 709 798 714 -
1915 681 2080 752 [suas,

716 777 890 846 Atque
911 776 1213 831 medullatis
1237 776 1598 846 penetralibus
1626 775 1786 829 cdere
1806 788 2022 836 nervos,

840 867 1070 935 Moxque
1098 875 1388 936 supernata
1412 867 1608 921 ducere
1629 880 1790 920 carne
1811 871 2009 925 cutem,

716 956 782 1011 Et
806 956 952 1013 dicto
976 959 1132 1012 cilius
1161 957 1410 1027 perfectis
1449 956 1634 1010 ordine
1664 954 1936 1016 membris,

834 1049 1060 1105 Pulvere
1090 1053 1156 1105 de
1195 1050 1364 1104 veteri
1396 1056 1540 1103 stare
1567 1062 1734 1101 novos
1764 1045 2010 1099 homines
2040 1053 2084 1094 η.
2125 1061 2143 1092 ι

714 1141 792 1196 Ac
832 1156 900 1196 ne
928 1140 1087 1208 forte,
1117 1141 1259 1210 quod
1285 1150 1366 1195 est
1385 1139 1524 1194 sacri
1563 1137 1844 1192 manifesta
1871 1134 2150 1204 Pr0phetae

853 1234 1021 1299 Visio,
1047 1235 1236 1302 sopitis
1263 1233 1441 1286 omnia
1469 1247 1605 1283 vana
1633 1239 1816 1298 putes,

711 1326 966 1396 Majorem
994 1343 1156 1396 super
1182 1327 1262 1379 his
1290 1333 1344 1379 et
1372 1325 1586 1394 plenum
1606 1322 1818 1390 suscipe
1849 1326 2060 1382 testem,

848 1419 966 1489 Ipse
993 1418 1373 1488 prophetarum
1405 1431 1528 1470 nam
1563 1414 1802 1482 loquitur
1851 1411 2142 1466 Dominus:

570 1508 675 1564 525
716 1528 734 1562 ‹
769 1510 890 1565 Vita
943 1523 1043 1577 ego
1073 1525 1210 1570 sum,
1241 1508 1332 1579 qui
1363 1523 1450 1562 me
1476 1508 1679 1569 credet,
1712 1521 1811 1558 nec
1852 1511 2025 1557 morte
2051 1517 2145 1570 pe-

1829 1595 2073 1666 [remtus,

847 1689 1095 1746 Consorti
1119 1705 1325 1746 mecum
1356 1693 1472 1746 luce
1501 1690 1692 1745 beatus
1717 1699 1840 1756 aget
1864 1691 1910 1742 ι».
1949 1708 1968 1739 ι

709 1781 945 1850 Denique
966 1772 1107 1851 quod
1133 1784 1298 1836 verbo
1328 1782 1484 1847 dixit,
1512 1782 1707 1834 virtute
1747 1781 2012 1849 probavit,

848 1871 965 1941 lpse
993 1887 1148 1926 suum
1170 1887 1431 1928 revocans
1456 1888 1523 1926 ex
1547 1873 1622 1943 (a)
1650 1872 1828 1943 abysis
1856 1872 2147 1926 hominem.

707 1961 970 2031 Tempore
997 1978 1321 2032 quamquam
1348 1964 1440 2018 illo
1468 1979 1573 2018 non
1607 1970 1813 2016 tantum
1843 1962 1896 2015 in
1923 1977 2150 2032 corpore

1818 2055 2079 2127 [Christus

844 2146 1007 2214 Signa
1031 2162 1130 2202 suo
1155 2146 1382 2212 dederit,
1408 2163 1528 2202 cum
1559 2163 1719 2203 cruce
1751 2151 1922 2203 victor
1943 2149 2076 2202 obit.

706 2239 944 2309 Namque
965 2247 1023 2293 ut
1046 2240 1324 2295 concussis
1350 2238 1606 2309 patefecit
1629 2248 1829 2294 tartara
1852 2237 2009 2294 terris
2026 2280 2040 2305 ,

837 2331 904 2384 Et
927 2333 1163 2386 vinctum
1190 2331 1399 2386 inferno
1445 2347 1663 2386 carcere
1687 2333 1848 2386 solvit
1876 2332 2074 2400 Adam.

707 2441 739 2506 ι’
763 2422 909 2479 Fissa
937 2434 1278 2494 resurgentes
1302 2431 1568 2494 ruperunt
1595 2440 1725 2478 saxa
1755 2425 1969 2493 sepulti,

845 2513 910 2568 Et
933 2531 1101 2570 novus
1119 2516 1170 2569 in
1198 2524 1382 2569 sancta
1399 2515 1578 2570 floruit
1606 2515 1738 2569 urbe
1760 2514 1834 2584 (ὁ)
1853 2515 2027 2570 tholus
2056 2527 2096 2565 τ.
2122 2533 2139 2566 ι

566 2607 666 2663 555
707 2610 963 2665 Viderunt
992 2613 1143 2666 multi
1166 2622 1409 2668 veterum
1435 2624 1690 2668 renovata
1714 2613 1924 2683 piorum

844 2703 1105 2774 Corpora,
1139 2705 1400 2760 descensu
1420 2704 1691 2760 vivificata
1711 2704 1826 2760 Dei.

705 2791 853 2848 Tunc
881 2795 1043 2848 etiam
1072 2792 1255 2863 refugo
1299 2802 1529 2850 emeatus
1557 2796 1757 2850 lumine
1788 2795 2037 2863 mundus,

847 2883 1069 2938 IEterna
1093 2887 1271 2940 timuit
1293 2895 1452 2941 nocte
1476 2888 1624 2956 piare
1655 2887 1825 2941 nefas.

707 2972 857 3028 Tunc
879 2983 934 3030 et
954 2975 1197 3031 discusso
1221 2976 1422 3031 nudata
1451 2978 1644 3032 altaria
1673 2978 1794 3033 velo

850 3063 1090 3122 Amisere
1115 3069 1254 3122 sacri
1282 3069 1615 3137 relligionem
1643 3070 1823 3140 adyti;

572 1047 677 1104 520

569 2144 668 2201 530

567 3065 669 3120 340

709 3158 777 3215 Ut
804 3169 1197 3217 monstraretur
1239 3163 1575 3218 vacuandum
1613 3166 1831 3220 numine
1869 3167 2151 3236 templum.
2183 3143 2230 3207 (ἶ

843 3250 911 3305 Et
934 3251 1048 3307 fore
1074 3253 1142 3306 ab
1162 3252 1344 3306 hostili
1374 3261 1560 3308 sancta
1591 3254 1812 3324 profana
1834 3271 2016 3310 manu.

706 3342 861 3409 Quod
887 3343 1022 3399 duce
1044 3344 1287 3399 Romano
1316 3342 1501 3398 docuit
1524 3353 1645 3414 post
1673 3346 1847 3400 exitus
1877 3346 2081 3414 ingens,

840 3431 1052 3488 Eversis
1075 3433 1294 3502 templo,
1318 3433 1542 3500 civibus,
1565 3435 1719 3498 urbe,
1744 3436 1927 3490 sacris.

567 3520 671 3576 345
706 3521 809 3578 Fas
837 3523 1057 3587 etenim,
1091 3532 1149 3577 ut
1171 3522 1376 3588 Judzea,
1398 3525 1485 3578 cui
1523 3540 1652 3578 suus
1694 3527 1868 3580 hostia
1896 3526 2143 3580 Christus

844 3611 962 3665 Non
1007 3621 1144 3678 erat,
1191 3620 1244 3666 et
1288 3627 1383 3682 per
1428 3627 1587 3680 quam
1642 3615 1857 3669 victima
1897 3615 2140 3670 Christus

1908 3706 2064 3778 [erat,

699 3790 840 3846 Sede
867 3791 1093 3861 locoque
1113 3790 1268 3845 simul
1284 3798 1526 3845 veterum
1555 3793 1771 3848 viduata
1793 3793 1819 3832 ά
1842 3811 2135 3858 sacrorum,

841 3880 1077 3935 lnﬁciata
1107 3881 1284 3943 fidem,
1313 3880 1566 3950 perderet
1592 3897 1752 3937 omne
1779 3899 2008 3938 sacrum.

698 3970 844 4025 Finis
871 3971 1011 4024 enim
1039 3970 1170 4039 legis
1194 3968 1442 4025 Christus
1474 3989 1487 4022 :
1519 3972 1644 4040 quia
1673 3973 1789 4042 lege
1822 3972 1962 4029 fideli

838 4057 1148 4126 Praedictus,
1178 4059 1279 4126 legi
1303 4059 1389 4113 lex
1413 4060 1678 4114 veniendo
1707 4061 1821 4125 fuit,

704 4148 1064 4205 Praescribens
1092 4148 1258 4202 veteri
1285 4146 1444 4202 finem
1474 4149 1756 4219 legemque
1795 4149 1915 4204 fidei
1948 4161 1991 4217 θ’,

843 4237 1037 4306 Legem
1067 4237 1358 4307 perfectam
1384 4239 1636 4305 gentibus
1665 4240 1970 4295 instituens.

695 4329 848 4384 Unde
876 4327 1164 4396 Magisterf
1193 4328 1269 4382 ait
1298 4346 1309 4381 :
1347 4347 1365 4379 ι
1389 4327 1585 4383 Vetera
1611 4328 1885 4396 efﬂuxere,
1911 4331 2140 4399 peractis

837 4423 1210 4494 Temporibus,
1229 4423 1460 4477 subeunt
1473 4422 1654 4477 omnia
1674 4422 1871 4490 ubique
1886 4437 2022 4475 nova
2041 4430 2087 4473 κ.
2113 4441 2130 4472 ›

561 4510 664 4570 ὖ55
707 4533 724 4566 ι
766 4513 989 4582 Jamque
1022 4511 1258 4567 revelata
1274 4510 1410 4565 facie
1435 4510 1774 4579 speculamur
1797 4519 2040 4580 apertum

836 4603 893 4657 In
921 4603 1135 4658 Christo
1164 4601 1392 4672 propriae
1422 4600 1554 4655 lucis
1583 4601 1790 4656 honore
1820 4603 1985 4656 Deum
2013 4601 2060 4657 ιι.
2102 4623 2120 4655 ι

696 4693 763 4748 Et
782 4702 912 4764 puto
934 4691 1076 4761 quod
1100 4692 1251 4745 scissi
1281 4692 1334 4745 in
1351 4691 1552 4760 templo
1574 4693 1826 4762 mysteria
1854 4693 1957 4747 veli

841 4783 899 4837 ld
917 4795 1135 4851 quoque
1161 4780 1422 4848 signarint
1455 4780 1624 4847 gratia
1653 4781 1796 4848 quod
1825 4783 2028 4838 tribuit.

692 4881 826 4936 Nam
844 4878 1010 4935 veluti
1039 4884 1198 4945 rupto
1228 4883 1449 4944 patuere
1471 4876 1704 4930 sacraria
1732 4876 1878 4944 velo,

837 4971 928 5027 Sic
953 4975 1159 5024 reserat
1186 4965 1340 5022 nobis
1356 4965 1488 5036 legis
1508 4975 1694 5037 operta
1716 4965 1865 5023 ﬁdes.

562 4055 664 4118 550

2157 4516 2207 4576 D

559 4972 658 5029 560

623 5138 648 5168 ⁸
671 5127 865 5183 Ezech.
899 5141 1100 5179 xxxvu.
1171 5181 1175 5185 ,

622 5198 649 5237 ιι
670 5198 868 5254 Johan.
891 5212 962 5260 χι,
984 5192 1055 5247 25
1083 5201 1137 5247 et
1163 5192 1247 5245 26.

625 5281 647 5309 ε
669 5269 859 5323 Matth.
883 5281 1049 5327 xxvu,
1075 5263 1145 5319 52
1169 5271 1223 5317 et
1251 5280 1338 5316 oo.

618 5337 646 5377 ἀ
672 5337 732 5393 Id
759 5345 840 5392 est
869 5336 1111 5405 spoliata.

621 5419 646 5448 ο
674 5407 812 5463 Vide
840 5404 954 5461 net.
986 5404 1111 5459 554.

624 5479 644 5517 τ
667 5479 802 5548 Vide
823 5493 910 5548 ep.
943 5475 1109 5548 30,_n.
1141 5474 1194 5528 5.

620 5560 645 5597 8
673 5547 718 5602 ll
747 5545 874 5602 Cor.
906 5561 962 5612 v,
998 5545 1080 5597 l7.

620 5619 643 5654 ¹³
668 5617 719 5675 ·11
745 5615 873 5672 Cor.
904 5631 978 5676 ιιι,
1011 5613 1096 5668 18.

629 5687 642 5725 ί
667 5685 841 5740 Exod.
864 5699 1044 5745 xxxiv,
1077 5684 1166 5736 53.

629 5760 639 5806 i
681 5756 798 5808 Act.
832 5770 867 5806 ι.

1534 293 1590 346 S.
1636 290 1904 346 PAULlNl
1942 287 2187 342 NOLANI
2226 286 2528 374 EPlSCOPl
2568 287 2910 344 POE-MATA.

2180 415 2221 467 Λ

2182 1777 2224 1834 Β

3674 299 3756 353 081

2403 427 2418 455 ι
2465 405 2592 460 lnde
2636 407 2736 463 sub
2759 410 2980 479 antiquo
3001 408 3193 478 legitur
3221 409 3472 466 velamine
3512 411 3666 471 Moses
3697 418 3706 454 ί
3743 442 3756 470 ι

2533 495 2728 551 ,Ιιιόιρὶε
2753 498 2947 554 nebula
2961 497 3137 554 cordis
3157 507 3371 568 opertus
3392 501 3568 572 adhuc,

2395 582 2564 650 Quam
2586 586 2654 641 de
2681 587 2967 644 luminibus
2992 590 3187 644 mentis
3213 590 3337 644 mihi
3376 593 3593 653 creditus
3626 598 3770 656 aufert

2535 675 2802 747 Christus,
2830 681 3172 736 adumbratas
3201 681 3479 738 discutiens
3511 688 3710 755 species.

2253 761 2357 814 365
2392 764 2569 834 Seque
2594 767 2750 822 docet
2775 772 2945 839 prisca
2971 771 3203 825 velatum
3229 771 3356 838 legis
3386 772 3436 825 in
3465 774 3650 841 umbra,

2531 852 2755 924 Jamque
2780 859 3072 912 revelatum
3102 860 3340 927 corporis
3365 861 3415 913 in
3445 859 3585 915 facie.

2394 941 2617 1008 Qualem
2642 947 2897 1014 prmmissi
2919 948 3227 1003 cecinerunt
3257 947 3438 1002 adfore
3465 937 3625 1014 iates;

2533 1039 2714 1107 Qualis
2743 1045 3052 1114 apostolicis
3080 1061 3261 1100 coram
3288 1045 3450 1100 oculis
3477 1049 3655 1116 patuit;

2393 1130 2616 1197 Qualem
2647 1143 2699 1189 et
2722 1133 2888 1189 Judaei
2915 1152 3021 1190 non
3046 1150 3365 1204 perspexere
3394 1135 3620 1190 videntes
3645 1179 3658 1199 ,

2249 1220 2354 1275 370
2393 1223 2748 1295 679-680
2768 1225 3031 1281 Mentibus
3046 1227 3251 1280 obtusis
3274 1226 3532 1295 impietate
3559 1243 3672 1296 sua;

2390 1309 2456 1364 Et
2476 1312 2709 1380 qualem,
2733 1314 2976 1382 quamvis
2999 1330 3103 1368 non
3119 1315 3287 1367 visum
3318 1315 3605 1384 incorpore
3632 1317 3776 1382 nobis,

2533 1404 2811 1458 Credendo
2839 1406 3049 1460 interno
3077 1406 3277 1459 lumine
3309 1405 3660 1474 conspicimus.

2393 1497 2522 1553 Nam
2553 1502 2697 1569 quod
2729 1502 2946 1558 veridici
2975 1518 3096 1557 sese
3123 1503 3316 1556 vidisse
3345 1502 3570 1572 Magistri

2532 1596 2599 1652 Et
2626 1600 2870 1668 palpasse
2892 1601 3108 1665 docent,
3139 1611 3301 1668 tango
3331 1600 3448 1666 fide,
3472 1611 3523 1656 et
3548 1603 3704 1656 video.

2253 1686 2357 1738 57:)
2392 1685 2457 1741 Et
2497 1690 2701 1744 cunctis
2753 1689 3060 1757 credendo,
3109 1700 3258 1762 patet
3304 1705 3616 1760 cognoscere
3657 1693 3776 1747 Chri-

3575 1783 3588 1854 ι
3608 1790 3724 1836 stum

2537 1870 2701 1942 impia
2721 1881 3009 1928 cmcantem
3036 1882 3253 1942 pectora
3284 1871 3523 1942 perfidia,

2394 1959 2835 2030 Fundentemque
2863 1977 3015 2016 suam
3043 1977 3141 2031 per
3168 1961 3332 2017 corda
3363 1961 3530 2016 fidelia
3558 1960 3724 2019 lucem.

2537 2055 2606 2111 Ut
2632 2058 2858 2128 placitas
2885 2058 3089 2112 habitet
3116 2059 3478 2129 clarificetque
3497 2060 3697 2114 animas.

2393 2143 2557 2214 Ergo,
2577 2148 2684 2201 mei
2714 2146 2927 2213 fratres,
2971 2164 3086 2202 mea
3114 2164 3262 2212 cura,
3291 2166 3466 2204 meum
3502 2166 3606 2214 cor,
3635 2151 3679 2203 in
3704 2150 3778 2203 ista

2531 2235 2812 2292 Maarentes
2841 2239 3050 2293 animos
3087 2239 3356 2295 lzetificate
3385 2240 3508 2295 fide.

2393 2323 2581 2380 Pellite
2610 2326 2903 2393 tristitiam,
2935 2327 3136 2384 dociles
3157 2331 3360 2400 pietate
3389 2330 3542 2392 ﬁdeli,

2531 2418 2893 2490 Fidentesque
2917 2420 3028 2476 Deo
3054 2422 3296 2477 lzetitiam
3327 2423 3544 2478 induite.

2389 2505 2514 2562 Illas
2535 2507 2717 2564 infelix
2741 2510 2914 2565 luctus
2935 2511 3109 2576 decet,
3144 2521 3200 2567 et
3228 2513 3387 2568 dolor
3413 2529 3608 2576 amens,

2525 2597 2680 2653 Nulla
2708 2599 2900 2670 quibus
2919 2611 3164 2671 superest
3190 2619 3338 2672 spes,
3361 2605 3483 2673 quia
3506 2605 3638 2659 nulla
3662 2604 3780 2657 fidos.

2243 2683 2352 2739 385
2389 2684 2503 2741 Heu
2521 2687 2684 2742 mihi!
2716 2703 2878 2758 quam
2912 2690 3134 2746 stultum
3181 2699 3266 2747 est
3296 2693 3467 2750 oculis
3503 2709 3559 2748 se
3603 2693 3782 2748 credere

3561 2783 3726 2857 [ταιῆς.

2528 2871 2823 2943 Desperare
2851 2871 2982 2936 Deo,
3013 2874 3177 2929 fidere
3200 2876 3506 2947 corporeis!

2387 2959 2497 3017 Illis
2525 2962 2766 3018 internus
2791 2973 2997 3034 stupor,
3029 2965 3315 3020 insolubile
3343 2974 3540 3035 pectus,

2527 3050 2762 3106 Desertis
2792 3069 2918 3107 vero
2940 3055 3205 3120 sensibus,
3238 3054 3511 3120 obsideat,

2401 3138 2547 3205 Quos
2576 3139 2732 3195 infida
2761 3142 2872 3196 Deo
2897 3158 3046 3196 mens
3084 3142 3318 3207 abdicat,
3352 3151 3406 3197 et
3433 3143 3616 3211 quibus
3636 3155 3782 3196 exsors

2530 3238 2575 3291 A
2603 3237 2814 3293 Christo
2831 3240 3064 3294 infernas
3085 3257 3202 3295 sors
3231 3241 3381 3296 cadit
3410 3242 3461 3295 in
3490 3241 3729 3296 tenebras.

2384 3326 2548 3382 Nobis
2571 3344 2665 3383 ore
2696 3329 2788 3384 Dei
2817 3330 3020 3384 solator
3039 3330 3332 3399 Apostolus
3353 3331 3510 3395 adsit,

2525 3425 2634 3479 Nos
2662 3424 2952 3495 Evangelio
2981 3425 3224 3482 Christus
3257 3444 3449 3484 amans
3477 3429 3681 3490 doceat;

2388 3515 2494 3570 Nos
2537 3518 2782 3586 exempla
2812 3527 3023 3586 patrum
3052 3519 3210 3573 simul
3239 3527 3298 3574 et
3337 3519 3600 3589 praeconia
3618 3524 3784 3574 vatum,

2525 3603 2632 3658 Nos
2659 3604 2794 3659 liber
2821 3606 3059 3661 historia:
3088 3605 3267 3661 firmet
3295 3607 3604 3678 apostolicm
3632 3607 3645 3655 l
3661 3647 3674 3670 ,

2242 3691 2347 3746 595
2387 3692 2441 3746 ln
2471 3709 2574 3762 qua
2597 3709 2919 3763 corporeum
2961 3712 3204 3752 remeare
3232 3698 3303 3752 ad
3333 3699 3511 3753 sidera
3555 3695 3784 3751 Christuu

2522 3783 2824 3852 Cernimus,
2857 3796 2912 3842 et
2932 3789 3137 3856 gremio
3172 3790 3336 3844 nubis
3366 3791 3418 3844 in
3447 3797 3584 3844 astra
3611 3786 3734 3848 vehi.

2382 3875 2448 3931 Et
2479 3879 2638 3932 talem
2666 3880 2814 3934 cmlis
2842 3881 3091 3936 reducem
3118 3897 3342 3950 sperare
3362 3883 3626 3951 jubemur,

2527 3970 2608 4024 Ad
2636 3972 2803 4026 caelos
2830 3973 3042 4041 qualem
3067 3973 3298 4028 vidimus
3321 3974 3402 4028 ire
3423 3972 3585 4027 Patri.

2384 4060 2552 4131 Hujus
2582 4061 2634 4115 in
2663 4062 2947 4116 adventum
2979 4062 3138 4117 modo
3157 4063 3404 4132 pendent
3430 4061 3604 4117 omnia
3624 4071 3788 4117 rerum.

2521 4149 2704 4207 Omnis
2726 4151 2777 4206 in
2807 4153 2950 4208 hunc
2979 4152 3178 4220 Regem
3203 4169 3445 4225 spesque
3474 4151 3695 4221 fidesque
3729 4148 3792 4199 iu~

3600 4239 3734 4311 [hiat.

2381 4327 2606 4398 Jamque
2634 4331 3078 4400 propinquantem
3109 4345 3369 4401 supremo
3400 4338 3639 4400 tempore
3662 4325 3795 4378 finem

2521 4421 2852 4478 lrnmutanda
2884 4423 3037 4477 novis
3058 4424 3238 4478 secula
3264 4424 3578 4494 parturiunt
3607 4441 3618 4474 :

2375 4512 2574 4566 Omnes
2601 4529 2727 4566 vera
2755 4523 2974 4567 monent
3002 4513 3171 4568 sacris
3201 4515 3430 4570 oracula
3452 4514 3619 4576 libris,

2518 4603 2750 4659 Credere
2778 4604 3061 4674 praedictis,
3089 4620 3257 4674 seque
3285 4622 3488 4677 parare
3517 4607 3643 4660 Deo.

2237 4695 2340 4751 405
2377 4697 2671 4767 Festinate,
2695 4715 2904 4768 precor,
2932 4698 3058 4753 dum
3087 4700 3241 4768 copia
3273 4701 3535 4771 panditur
3556 4700 3669 4756 istic

2520 4787 2813 4843 Procurare
2835 4788 3007 4852 bonis,
3041 4800 3254 4856 praeque
3285 4805 3489 4844 cavere
3511 4789 3676 4843 malis.

2378 4878 2581 4934 Vertite
2602 4877 2627 4914 κ
2658 4892 2936 4947 perversas
2963 4893 3226 4933 converso
3251 4887 3485 4947 pectore
3505 4891 3678 4936 curas,

2516 4971 2777 5029 Monstrat
2801 4970 2928 5026 fiere
2959 4969 3088 5025 fides
3117 4969 3342 5025 utilibus
3373 4970 3644 5040 lacrymis.

2249 2232 2355 2288 380

2245 3235 2348 3289 590

2241 4150 2344 4204 400

2308 5126 2334 5165 ι
2365 5126 2494 5181 Vide
2519 5141 2659 5182 vers.
2698 5124 2816 5178 196.

2307 5199 2384 5269 (a)
2415 5197 2497 5269 Ita
2523 5196 2922 5269 enaendavintus
2943 5208 3008 5249 ex
3030 5193 3357 5269 ms.Regio;
3386 5204 3443 5250 et
3471 5197 3549 5251 sic
3574 5190 3803 5269 Paulinus

2235 5263 2400 5324 carm.
2432 5266 2520 5332 27,
2553 5283 2604 5320 v.
2637 5266 2722 5319 9‘2.
2768 5263 2966 5336 Ornnes
3005 5265 3302 5336 editionum
3364 5274 3711 5336 correctores
3741 5265 3804 5336 (et

2237 5340 2350 5406 ipse
2378 5329 2538 5392 etiam
2591 5335 2937 5406 Rosveydus)
2972 5335 3370 5389 substituerant
3399 5337 3595 5406 erebis,
3638 5329 3802 5386 offensi

2233 5404 2468 5481 secunda
2497 5405 2781 5481 syllabain
2811 5404 2986 5474 abysis
3015 5405 3584 5481 Δςεοιινςξιιιειιξ.δέξει-ειμι
3605 5417 3700 5481 ρει·
3724 5413 3802 5481 ευ·

2230 5479 2431 5534 minam
2454 5492 2504 5529 ss
2528 5472 2634 5530 vox
2663 5475 2753 5529 illa
2779 5472 2895 5528 non
2923 5472 3223 5529 scribenda.
3278 5474 3374 5530 Sic
3421 5475 3552 5530 alibi
3596 5472 3803 5530 Eclesia.

2228 5547 2400 5616 prima
2403 5554 2690 5616 _cortjepta,
2718 5560 2816 5615 pro
2844 5544 3077 5598 Ecclesia
3096 5545 3236 5616 dixit
3259 5541 3551 5616 Paulinus.

2299 5617 2373 5685 (ὁ)
2403 5613 2496 5668 Ed.
2525 5613 2733 5671 Schotf
2755 5630 2876 5670 cum
2917 5615 3202 5675 Sacchino,
3237 5614 3468 5685 chorus;
3514 5630 3622 5685 non
3660 5620 3802 5664 ausus

2227 5681 2652 5741 sumemendare
2683 5693 2872 5740 contra
2897 5686 3123 5739 aliorum
3155 5681 3418 5739 codicum
3450 5684 3799 5740 autoritatem.
