3996 6356
549 312 662 370 ’68⁸⁷
1495 312 1550 368 S.
1595 311 1865 368 PAULINI
1903 311 2149 368 NOLANI
2190 310 2487 368 EPISGOPI
2529 310 2864 368 POE-MATA.
3353 283 3364 292 ‘
3713 317 3802 376 688

851 419 1040 490 Turpis
1067 436 1125 476 es
1149 428 1272 476 ante
1303 425 1466 476 Deum
1484 421 1760 478 debilitate
1785 423 1992 477 animae.
2171 428 2215 486 Α
2383 421 2740 498 685-686
2765 422 2854 478 Sic
2883 429 2937 478 et
2964 437 3059 478 eos
3086 423 3410 493 quicumque
3461 424 3564 480 fide
3603 427 3800 486 vivente

703 509 968 580 Improbe,
990 519 1294 566 consortem
1325 519 1527 566 naturae
1550 514 1759 581 spernis
1786 521 2048 581 egentem,
3428 515 3744 588 lquiescuut,
3803 571 3806 574 .

569 597 668 654 510
845 599 910 654 Et
937 601 1068 656 facis
1085 611 1355 657 exsortem
1384 603 1550 671 partis
1578 605 1820 658 avaritia.
2520 605 2759 659 Adducet
2781 605 2994 661 Christo
3021 621 3143 661 cum
3170 614 3445 662 remeante
3465 607 3641 664 Pater.
3669 633 3672 635 λ

703 689 987 760 Quidquid,
1014 692 1213 762 inique,
1245 693 1341 746 tibi
1371 694 1518 748 nullo
1545 693 1872 763 superefiluit
1899 709 2016 758 usu,
2248 694 2352 747 555
2390 696 2502 752 Hoc
2531 698 2729 752 etenim
2760 699 2811 752 in
2834 699 2997 755 verbo
3021 699 3408 755 Dominidocet
3425 701 3515 755 ille
3528 701 3796 770 Magisteri

848 783 1001 850 Quod
1024 783 1168 840 fosso
1197 786 1466 842 abstrudis
1507 788 1738 858 cespite,
1772 803 1898 859 pars
1924 788 2144 857 inopum
2528 788 2646 855 Quo
2675 790 2810 845 duce
2838 790 3074 845 sidereas
3102 791 3323 844 nitimur
3351 791 3430 846 ire
3458 793 3610 858 vias;

1946 882 2069 952 [est.
2390 876 2543 944 Quod
2573 879 2772 949 quibus
2798 881 2850 935 in
2879 880 3094 938 Christo
3140 881 3300 936 fuerit
3341 882 3505 938 modo
3530 884 3640 938 vita
3668 899 3806 954 pera-

708 970 820 1026 Cur
841 971 1016 1026 aliena
1043 981 1214 1036 tenes,
1245 987 1350 1040 qua
1381 987 1474 1042 spe
1502 972 1786 1041 linquenda
1814 978 2071 1036 retentas,
3623 977 3748 1048 [cta,

855 1062 963 1117 Nec
985 1063 1242 1117 retributa
1264 1063 1393 1125 suis,
1427 1077 1526 1117 nec
1552 1061 1805 1132 potienda
1836 1062 1973 1116 tibi?
2535 1063 2726 1119 [isdem
2755 1081 2878 1120 cum
2904 1063 3119 1121 Christo
3147 1065 3256 1120 vita
3285 1067 3536 1136 perennis
3559 1069 3682 1122 erit.

570 1156 676 1210 515
714 1156 812 1222 Τυ,
843 1157 925 1211 cui
945 1156 1131 1212 sordet
1158 1156 1332 1225 inops,
1362 1155 1476 1224 qui,
1502 1155 1716 1210 nomine
1743 1155 1920 1209 divitis
1935 1169 2144 1220 excors,
2392 1152 2631 1224 Cumque
2647 1156 2773 1210 tuba
2799 1157 3008 1224 signum
3031 1157 3240 1212 Domini
3263 1156 3600 1213 adventantis
3625 1160 3694 1213 ab
3720 1160 3806 1218 alta

856 1247 1031 1300 Triste
1072 1247 1220 1301 levas
1255 1247 1440 1315 crispa
1489 1257 1513 1282 ι·
1551 1245 1724 1300 fronte
1785 1247 2146 1316 supercilium,
2252 1241 2356 1295 560
2537 1244 2676 1299 Sede
2706 1243 2880 1300 Patris
2902 1247 3152 1315 princeps
3179 1246 3403 1315 angelus
3431 1247 3688 1313 ediderit,

713 1339 824 1394 Nec
850 1338 1084 1406 dignaris
1105 1353 1199 1394 eos
1217 1339 1473 1393 homines
1501 1339 1585 1394 vel
1615 1339 1831 1394 nomine
1854 1338 1952 1394 fari
2393 1332 2554 1388 Primi
2585 1336 2676 1405 qui
2705 1336 2760 1390 in
2789 1335 3003 1392 Christo
3032 1347 3234 1392 mortes
3259 1339 3442 1394 obiere
3469 1350 3764 1408 resurgent,

855 1430 1002 1495 Quos
1038 1429 1200 1484 simili
1229 1430 1354 1484 luxu
1388 1447 1491 1485 non
1514 1428 1732 1506 fluitare
1759 1431 1937 1496 vides,
2529 1428 2745 1495 Dignati
2771 1443 3051 1484 occursum
3081 1430 3310 1485 nubibus
3338 1431 3416 1486 ire
3444 1431 3556 1487 Deo
3584 1430 3634 1487 ιι.
3666 1452 3684 1484 ι

721 1518 883 1574 Filius
911 1519 1000 1573 ille
1025 1519 1123 1573 Dei
1145 1534 1250 1588 qua
1278 1520 1488 1574 venerit
1507 1520 1686 1590 aspice
1713 1520 1903 1589 forma,
2396 1518 2637 1589 Cumque
2657 1535 2846 1575 omnes
2873 1519 2926 1574 in
2955 1535 3059 1590 qua
3089 1521 3337 1575 vixerunt
3368 1537 3532 1578 carne
3563 1524 3806 1587 revivent,

576 1611 682 1667 520
865 1632 882 1664 ι
944 1611 1046 1678 Qui
1097 1628 1220 1668 cum
1265 1621 1416 1668 esset
1465 1612 1633 1679 dives,
1689 1629 1895 1684 pauper
1930 1615 1982 1668 in
2024 1615 2154 1670 orbe
2531 1629 2548 1660 ι
2584 1610 2700 1665 Νοη
2728 1626 2916 1665 omnes
2945 1627 3100 1666 verso
3137 1626 3366 1681 corpore
3395 1613 3575 1670 lumen
3595 1627 3748 1671 erunt
3774 1616 3806 1672 ι.

1821 1704 1941 1776 {fuit
1971 1705 2017 1759 ι).
2059 1725 2077 1758 ι
2259 1699 2361 1755 565
2399 1701 2638 1771 Namque
2690 1716 3050 1771 resurgemus,
3096 1700 3193 1758 sed
3226 1719 3331 1757 non
3363 1705 3689 1760 mutabimur
3717 1705 3812 1762 om:

725 1813 743 1846 ε
777 1794 843 1848 Ει
869 1795 1090 1851 veniens
1110 1811 1218 1850 non
1241 1797 1348 1851 alta
1378 1797 1537 1860 Deus,
1571 1797 1666 1852 sed
1696 1797 1821 1852 vilia
1842 1799 2022 1854 mundi
2186 1802 2232 1860 B
3537 1795 3660 1866 [nes
3689 1816 3699 1849 :
3735 1817 3752 1849 ο

860 1885 1031 1954 Legit,
1056 1894 1115 1941 ut
1145 1886 1367 1941 infirmis
1397 1885 1554 1942 fortia
1579 1887 1881 1942 destrueret
1911 1899 1956 1942 ο.
1988 1908 2006 1940 ι
2539 1884 2654 1940 Hoc
2682 1884 2964 1941 discrimen
2994 1886 3097 1940 erit
3119 1887 3364 1955 gentibus
3386 1895 3510 1942 ante
3533 1887 3720 1942 Deum.

723 1974 840 2030 Non
858 1975 968 2043 jam
991 1975 1190 2030 divitiis
1210 1977 1378 2041 dives,
1413 1993 1512 2032 nec
1539 1977 1734 2032 robore
1761 1977 1934 2042 fortis,
2401 1975 2707 2045 lncorrupta
2747 1977 3092 2045 profanorum
3119 1992 3335 2048 quoque
3362 1994 3591 2048 corpora
3617 1991 3806 2048 surgent

867 2066 975 2122 Nec
1000 2067 1213 2137 sapiens
1233 2082 1428 2136 magno
1451 2068 1680 2137 gaudeat
1711 2068 1942 2135 ingenio.
2542 2068 2586 2120 A
2610 2069 2844 2132 tumulis,
2876 2069 3038 2138 longo
3060 2070 3251 2139 pabula
3280 2071 3562 2141 supplicio.
3591 2136 3595 2142 ν

583 2157 687 2213 525
723 2158 890 2214 Nemo
915 2175 1018 2229 ope
1039 2159 1272 2215 confidat
1293 2158 1317 2196 ἰ
1336 2161 1572 2230 propria,
1591 2168 1684 2216 aut
1701 2160 1768 2217 de
1792 2175 1852 2217 se
1879 2161 1978 2216 sibi
2007 2162 2158 2232 plau-
2402 2155 2523 2212 Vita
2550 2160 2655 2213 erit
2703 2160 2804 2225 his,
2836 2160 2952 2216 sine
2981 2157 3087 2215 ﬁne
3132 2161 3301 2227 mori;
3331 2170 3386 2217 et
3436 2178 3605 2226 mors,
3659 2164 3807 2218 vivert

1951 2252 2084 2325 [dat,
3537 2256 3554 2327 [
3569 2259 3756 2326 poenis,

863 2343 996 2397 Cum
1025 2351 1142 2398 sata
1164 2344 1250 2398 vel
1271 2344 1397 2399 data
1426 2345 1533 2400 sint
1560 2347 1740 2400 omnia
1778 2345 1925 2400 fonte
1953 2345 2081 2400 Deo.
2261 2347 2363 2401 570
2540 2345 2606 2400 Et
2633 2345 2864 2400 durante
2889 2360 3014 2400 suas
3035 2361 3256 2415 pascere
3283 2362 3449 2404 carne
3468 2363 3676 2404 cruces.

726 2431 1029 2501 Perfugium
1060 2434 1305 2489 Christus
1329 2450 1668 2505 personaque
1687 2435 1858 2491 factus
1885 2444 2153 2503 egentum,
2400 2437 2518 2507 ipse
2538 2452 2663 2491 suos
2681 2437 2900 2505 proprio
2928 2443 3181 2505 peccator
3199 2451 3426 2506 corpore
3447 2438 3629 2506 gignet

863 2527 1119 2582 Divitibus
1141 2527 1314 2598 pudor
1337 2535 1438 2593 est,
1474 2528 1645 2596 gloria
1670 2529 2012 2598 pauperibus.
2547 2526 2856 2591 Caruiﬁces,
2889 2535 2945 2581 et
2972 2527 3075 2582 erit
3095 2529 3368 2584 vermibus
3394 2545 3520 2586 esca
3544 2541 3580 2566 ω
3612 2532 3735 2585 suis.

720 2616 887 2685 Hujus
917 2618 968 2671 in
996 2617 1296 2673 ambrosios
1323 2617 1466 2674 avidi
1494 2633 1775 2673 curramus
1797 2618 2010 2682 odores,
2400 2622 2469 2675 At
2486 2635 2622 2690 quos
2646 2619 2852 2676 caelesti
2871 2619 3042 2690 pietas
3061 2621 3303 2676 evexerit
3321 2629 3464 2686 actu,

579 2709 682 2764 550
865 2708 932 2764 Ut
961 2711 1150 2779 procul
1178 2726 1209 2765 a
1239 2711 1394 2767 nobis
1421 2712 1611 2767 mortis
1631 2711 1765 2768 odor
1794 2713 1977 2780 fugiat.
2541 2711 2863 2782 Participata
2890 2721 3078 2781 gerent
3102 2721 3386 2768 stemmata
3415 2713 3562 2783 Rege
3585 2714 3726 2777 Deo;

717 2799 846 2867 Quis
876 2803 1006 2856 mihi
1034 2802 1124 2858 det
1149 2804 1445 2874 pretiosum
1471 2804 1742 2861 alabastro
1780 2803 2000 2861 fundere
2030 2821 2155 2860 nar-
2260 2801 2364 2857 515
2400 2803 2696 2874 Vestitique
2720 2819 2873 2859 suum
2903 2804 3083 2858 divino
3112 2804 3313 2862 lumine
3339 2820 3552 2874 corpus,

1915 2897 2082 2968 [dun],
2539 2896 2854 2952 Conformes
2889 2895 3102 2950 Christo
3129 2911 3341 2965 semper
3358 2905 3526 2965 agent
3552 2897 3784 2952 Domino.

883 2982 948 3037 Et
971 2984 1181 3038 Domini
1208 2999 1392 3041 sacros
1415 2984 1589 3040 flendo
1619 2987 1798 3042 lavare
1826 2985 1992 3057 pedes
2023 2999 2046 3025 ι·
2064 2989 2087 3041 ?
2407 3010 2423 3041 ι
2444 2990 2597 3057 Quod
2609 3005 2729 3045 cum
2752 2990 2824 3042 ita
2837 2989 2923 3054 sit,
2939 2990 3116 3059 capite
3131 3004 3198 3044 ex
3214 2989 3330 3044 istis
3345 2990 3537 3045 solatia
3550 2991 3725 3046 verbis
3737 3000 3776 3053 π,
3793 3009 3808 3040 ι

723 3076 830 3131 Vos
849 3092 1062 3145 precor,
1095 3093 1128 3132 ο
1151 3093 1270 3132 mea
1293 3093 1443 3144 cura,
1466 3079 1568 3148 piis
1593 3094 1811 3149 operam
1845 3078 1968 3134 date
1990 3080 2153 3148 curis,
2541 3077 2606 3134 Et
2635 3078 2768 3134 fidos
2794 3079 2907 3134 veri
2933 3093 3029 3148 spe
3060 3086 3303 3134 recreate
3331 3080 3540 3134 animos
3572 3099 3584 3132 :

860 3168 1078 3236 Vosque
1116 3168 1240 3223 date
1267 3170 1530 3225 immenso
1550 3169 1778 3238 jungere
1815 3177 1996 3226 mente
2024 3172 2156 3227 Deo.
2186 3175 2230 3236 (Ξ
2400 3172 2465 3228 Et
2483 3173 2674 3243 pignus
2698 3181 2723 3208 ο
2744 3186 3030 3227 commune
3057 3186 3289 3240 superno
3318 3172 3372 3226 in
3400 3172 3598 3227 lumine
3623 3171 3809 3227 Celsum

580 3259 685 3314 555
730 3279 747 3311 ι
786 3260 1018 3330 Tempus
1045 3260 1228 3327 adest;
1259 3276 1429 3331 prope
1451 3261 1563 3333 jam
1607 3264 1863 3318 Dominus
1900 3281 1913 3316 :
1963 3279 2158 3335 prope-
2260 3265 2364 3320 580
2539 3262 2755 3317 Credite
2784 3262 3027 3317 vivorum
3061 3260 3201 3316 lacte
3230 3260 3470 3331 favisque
3501 3263 3619 3316 frui.

1751 3356 1890 3429 [rate
1909 3356 2089 3426 parari
2401 3355 2505 3410 Aut
2523 3354 2669 3409 illum
2691 3354 2897 3421 gremio
2925 3361 3208 3423 exceptum
3235 3353 3380 3408 fovet
3406 3353 3656 3410 Abramio
3687 3355 3744 3417 ",

857 3445 1025 3516 Regis
1052 3447 1119 3502 ad
1165 3461 1469 3510 occursum,
1502 3445 1628 3501 dum
1675 3447 1853 3501 brevis
1897 3446 2030 3501 hora
2058 3461 2156 3517 pa-
2542 3445 2609 3499 Et
2637 3444 2862 3500 blandus
2889 3444 3039 3512 digiti
3067 3459 3190 3500 rore
3210 3443 3432 3498 Eleazar
3453 3444 3547 3497 alit
3578 3454 3640 3509 r;

1863 3541 1964 3616 [tet
1989 3539 2030 3594 τ.
2062 3560 2080 3594 ι
2405 3538 2512 3592 Aut
2539 3545 2660 3592 cum
2701 3537 2946 3592 Bethlaeis
2964 3536 3255 3591 infantibus
3285 3537 3337 3590 in
3360 3535 3631 3605 paradiso;

722 3631 938 3686 Utimini
962 3631 1154 3687 vestris
1182 3631 1373 3701 opibus
1399 3632 1600 3701 pietate
1628 3631 1879 3700 benigna,
2538 3629 2684 3696 Quos
2704 3630 2876 3683 malus
2904 3627 3143 3684 Herodes
3163 3628 3390 3698 perculit
3419 3628 3615 3682 invidia
3643 3639 3687 3692 (ι,

865 3725 1228 3794 Radicemque
1253 3725 1380 3778 mali
1411 3725 1590 3778 vellite
1616 3724 1942 3794 pectoribus.
2262 3723 2368 3780 585
2403 3723 2547 3779 lnter
2575 3722 2860 3778 odoratum
2885 3722 3020 3776 ludit
3045 3736 3250 3786 nemus,
3281 3730 3443 3790 atque
3470 3734 3693 3776 coronas

723 3815 900 3872 Corde
933 3817 1154 3885 inopum
1185 3825 1374 3872 vestra:
1420 3817 1652 3886 pretium
1682 3815 1988 3872 concludite
2014 3815 2153 3881 vitae,
2543 3815 2700 3870 Texit
2723 3815 3052 3870 bonorandis
3072 3814 3287 3883 pmmia
3317 3813 3652 3884 martyribus.

579 3909 683 3963 540
859 3908 925 3962 Et
953 3910 1129 3978 capita
1154 3910 1404 3978 expensis
1423 3909 1607 3976 ungitc
1626 3916 1802 3963 vestra
1817 3908 1942 3978 piis.
2402 3907 2618 3961 Talibus
2638 3906 2913 3961 immixtus
2943 3905 3144 3974 Regem
3170 3905 3512 3959 comitabitur
3533 3903 3753 3972 Agnum,

719 4001 984 4072 Castaque
1015 4001 1310 4056 lambentes
1338 4000 1549 4055 Domini
1577 4001 1798 4069 vestigia
1827 3999 2042 4064 Christi,
2541 3999 2804 4068 Virgineis
2832 3997 3005 4052 infans
3030 3997 3242 4052 additus
3265 3996 3578 4074 agminibus.

860 4093 1146 4162 Detergete
1173 4093 1341 4148 comis
1366 4102 1394 4141 ε
1419 4094 1597 4158 ambo,
1625 4094 1802 4148 lavate
1822 4093 2008 4149 oculis.
2403 4091 2576 4156 Celse,
2599 4091 2877 4145 beatorum
2905 4099 3065 4146 casta:
3087 4104 3221 4158 puer
3241 4088 3413 4142 incola
3441 4096 3626 4151 terrm;

722 4184 778 4240 Si
799 4184 1119 4240 desiderium
1149 4192 1234 4239 est
1253 4182 1395 4239 Celsi
1423 4184 1541 4238 sine
1569 4184 1672 4238 ﬁne
1695 4183 1922 4250 fruendi,
2262 4182 2366 4237 590
2541 4179 2715 4247 Celse,
2747 4182 2900 4236 dolor
2924 4181 3182 4250 patribus,
3211 4179 3380 4247 gloria
3409 4177 3564 4233 Celse
3594 4187 3810 4248 patrum-

862 4276 951 4332 Sic
971 4277 1131 4344 agite,
1164 4284 1224 4330 ut
1245 4278 1394 4332 vobis
1423 4278 1544 4332 aula
1573 4275 1602 4315 ¹ι
1630 4277 1818 4333 eadem
1841 4284 2046 4346 pateat.
2402 4273 2579 4344 Celse,
2623 4291 2775 4330 amor
2811 4283 2866 4329 et
2903 4273 3258 4340 desiderium,
3286 4273 3572 4341 lumenque
3600 4280 3814 4328 tuorum,

579 4368 685 4423 545
720 4369 852 4425 Nam
874 4384 1035 4439 quem
1064 4376 1245 4424 sancta
1277 4369 1426 4434 fides,
1452 4377 1507 4423 et
1530 4370 1707 4424 nescia
1736 4369 1976 4424 criminis
2002 4376 2133 4423 retas
2543 4369 2715 4432 Celse,
2740 4367 2917 4422 brevis
2948 4367 3100 4422 nobis
3119 4366 3306 4434 gratia,
3332 4365 3489 4433 longa
3518 4364 3628 4418 tibi.

843 4459 912 4514 Et
933 4461 1021 4530 pia
1049 4475 1201 4516 mens
1228 4469 1380 4515 casto
1408 4475 1635 4531 corpore
1650 4460 1944 4525 continuit;
2397 4461 2512 4517 Sed
2541 4471 2717 4516 tamen
2741 4469 2796 4516 et
2815 4459 2969 4515 nobis
3006 4459 3206 4528 poterit
3245 4465 3330 4511 tua
3358 4457 3527 4525 gratia
3573 4465 3594 4493 τ
3620 4455 3815 4520 longum

721 4552 879 4606 Certa
902 4552 1050 4618 fides,
1076 4552 1164 4606 illa
1187 4567 1441 4621 superum
1477 4552 1698 4620 regione
1725 4551 1908 4621 potiri,
2182 4551 2234 4611 D
2539 4553 2753 4619 Vivere,
2776 4552 2820 4607 si
2842 4552 3009 4606 nostri
3030 4552 3103 4606 sis
3131 4565 3337 4603 memor
3363 4548 3430 4602 ad
3461 4547 3750 4602 Dominum.

863 4641 988 4712 Igne
1007 4659 1111 4712 qua
1131 4651 1348 4698 sanctos
1385 4643 1616 4712 protegit
1646 4657 1738 4697 ara
1759 4642 1874 4697 Dei.
2261 4644 2366 4700 595
2403 4644 2642 4712 Namque
2663 4645 2791 4699 inte
2809 4643 2958 4713 parvi
2988 4642 3194 4697 meritis
3213 4641 3514 4709 ingentibus
3540 4639 3635 4694 aevi

727 4754 745 4788 ‹
784 4735 1044 4791 Nolumus
1071 4749 1222 4804 ergo,
1251 4735 1378 4792 boni
1421 4735 1634 4799 fratres,
1668 4734 1736 4790 de
1755 4735 1980 4806 pignore
2014 4735 2030 4772 ί
2060 4748 2156 4790 ve-
2548 4735 2810 4804 Tempore
2836 4735 2948 4788 vita
2974 4734 3169 4798 brevis,
3201 4733 3295 4787 sed
3325 4733 3524 4802 pietate
3551 4739 3750 4800 potens.

1955 4827 2088 4900 [stro
2403 4829 2611 4883 Talium
2632 4828 2774 4882 enim
2803 4826 2928 4882 caeli
2948 4840 3173 4894 regnum
3199 4823 3342 4879 Deus
3370 4838 3487 4878 esse
3516 4821 3766 4891 profatur,

582 4922 686 4979 550
863 4921 971 4976 Vos
992 4921 1065 4975 ita
1091 4921 1311 4986 tristari,
1339 4928 1614 4988 tamquam
1642 4919 1887 4974 homines
1906 4933 2107 4974 vacuos
2141 4936 2152 4970 :
2538 4917 2720 4983 Qualis
2744 4932 2864 4971 eras
2891 4931 3006 4970 ξιξνο
3034 4923 3212 4969 mente
3233 4911 3439 4981 fideque
3457 4927 3614 4982 puer:

718 5011 851 5066 Nam
879 5011 924 5065 si
949 5018 1094 5064 certa
1121 5009 1249 5064 fides
1273 5009 1444 5073 vobis,
1473 5009 1597 5077 quia
1621 5007 1866 5063 Christus
1899 5007 2047 5062 lesus
2400 5010 2582 5077 Qualis
2606 5018 2660 5066 et
2688 5011 2776 5065 ille
2797 5010 2895 5063 fuit
2922 5016 3123 5073 noster,
3155 5017 3276 5062 tuus
3303 5007 3392 5062 ille
3411 5007 3550 5062 beati

864 5101 1107 5156 Mortuus
1126 5109 1228 5164 est,
1255 5108 1310 5154 et
1337 5115 1478 5155 nunc
1505 5100 1638 5154 vivit
1662 5099 1717 5155 in
1747 5113 1869 5154 arce
1893 5097 2019 5164 Dei;
2259 5102 2360 5156 600
2537 5101 2796 5166 Nominis,
2827 5101 3027 5155 accitus
3045 5106 3289 5168 tempore
3313 5114 3422 5168 quo
3441 5098 3590 5152 datus
3615 5102 3716 5159 est,

653 5247 678 5275 ι
705 5236 760 5290 ld
789 5244 871 5290 est
900 5247 1162 5307 caperata.
2333 5249 2345 5307 t
2392 5236 2586 5307 Paulus
2612 5235 2744 5290 Vide
2769 5251 2854 5306 ep.
2887 5234 3062 5307 50,11.
3091 5231 3216 5307 5,_et
3245 5250 3294 5286 v.
3326 5232 3449 5287 555.

652 5308 677 5346 ι’
708 5308 748 5360 ll
777 5307 904 5361 Cor.
935 5302 1051 5371 vm,
1079 5307 1134 5362 9.

2332 5306 2353 5342 ίί
2385 5306 2614 5361 l'l‘hess.
2641 5323 2712 5369 tv,
2747 5302 2831 5370 15,
2868 5304 2953 5365 14,
2987 5305 3073 5369 l5,
3102 5302 3185 5356 l6.

657 5389 679 5418 ε
712 5378 729 5431 l
760 5377 885 5433 Cor.
910 5393 947 5441 ι,
987 5377 1076 5432 27.

2338 5377 2356 5415 ι
2386 5378 2404 5429 l
2429 5377 2554 5431 Cor.
2589 5393 2674 5439 xv,
2706 5375 2754 5429 5.

650 5449 674 5485 ά
711 5448 846 5502 Vide
874 5463 1042 5502 carm.
1071 5446 1159 5512 27,
1189 5464 1242 5502 v.
1273 5447 1400 5501 468.

1273 5447 1400 5501 468.
2338 5458 2373 5483 m
2402 5447 2532 5499 Vide
2556 5455 2667 5499 not.
2699 5445 2821 5498 558.

653 5529 677 5556 ο
701 5518 832 5572 Luc.
867 5534 956 5582 vit,
988 5516 1076 5570 58.
2338 5527 2360 5552 η
2395 5516 2411 5568 l
2443 5516 2629 5569 Thess.
2663 5532 2736 5580 ιγ,
2774 5516 2853 5568 l7.

659 5590 676 5626 τ
714 5589 870 5641 Rom.
903 5604 1013 5650 xui,
1053 5587 1132 5639 l-l.

2337 5595 2361 5622 °
2393 5586 2528 5640 Vide
2560 5601 2698 5638 vers.
2735 5585 2857 5638 559.

653 5667 677 5706 ι
710 5658 843 5713 Vidc
870 5673 954 5725 ep.
990 5656 1079 5723 25,
1109 5673 1160 5709 ιι.
1194 5656 1284 5718 55.
1675 5723 1686 5725 Α

1675 5723 1686 5725 Α
2336 5667 2360 5704 ρ
2391 5656 2518 5708 Luc.
2550 5672 2658 5717 xvi,
2692 5657 2760 5707 25
2785 5665 2837 5709 et
2864 5655 2951 5710 2-1.

653 5725 676 5765 ιι
704 5727 759 5780 Id
788 5736 869 5780 est
889 5723 1086 5785 coelum.
1121 5726 1254 5780 Vide
1282 5741 1445 5780 carm.
1481 5725 1566 5788 15,
1596 5742 1642 5778 v.
1671 5723 1722 5778 5.
2335 5737 2358 5774 ιι
2394 5726 2578 5779 Matth.
2613 5743 2666 5789 ll,
2697 5725 2779 5781 l6.

662 5795 679 5833 ί
710 5795 767 5851 id
787 5804 867 5848 est
887 5795 1021 5858 ﬁlio.
1057 5796 1187 5851 Vide
1203 5812 1367 5850 carm.
1393 5795 1479 5858 18,
1504 5813 1550 5848 v.
1585 5795 1704 5852 200.

2337 5807 2354 5832 r
2383 5795 2517 5849 Vide
2556 5813 2691 5851 vers.
2726 5795 2848 5863 615,
2873 5804 2925 5850 et
2954 5811 3036 5864 ep.
3069 5792 3155 5856 29,
3189 5811 3240 5848 n.
3268 5791 3321 5849 8.
