3996 6356
188 363 286 418 689
1285 363 1515 422 POEIA
1544 365 1766 423 υιτιιιι

1918 361 2304 421 ΡΗΛΕΡΔΤΙΟ.
3355 365 3457 418 69¢

321 473 586 545 Exoptata
615 476 707 533 diu
725 478 961 545 soboles,
992 492 1093 535 nec
1113 479 1348 549 praestita
1377 479 1552 546 nobis,
1798 485 1845 542 Α
2016 476 2161 543 Quot
2185 476 2305 543 tibi,
2331 473 2508 541 Celse,
2538 474 2710 541 annis,
2744 475 2968 530 totidem
3015 474 3089 530 illi
3133 475 3240 531 vita
3267 474 3454 532 diebus

471 564 722 624 Gaudere
751 568 981 638 indignis
1001 570 1321 639 posteritate
1347 570 1434 641 pia
1465 589 1478 624 :
2164 568 2392 630 Hausta;
2414 565 2509 623 sed
2536 565 2626 622 ille
2646 567 2844 635 minor,
2865 582 2971 637 qua
2990 567 3139 639 prior
3160 576 3244 625 est
3257 568 3452 625 sanior.

319 655 602 712 Credimus
628 660 846 714 aeternis
874 659 1021 715 illum
1051 660 1166 725 tibi,
1196 660 1370 725 Celse,
1401 661 1587 716 viretis
1617 660 1660 693 ¹³
2014 660 2146 714 Nam
2201 661 2377 715 minor
2423 668 2527 728 est,
2561 660 2615 714 in
2652 675 2761 730 quo
2790 660 2925 714 vixit
2970 660 3181 729 minus;
3218 668 3454 717 attamen

461 748 685 805 laetitia:
712 759 768 805 et
792 751 917 806 vita:
945 750 1130 807 ludere
1153 752 1489 822 participem,
3226 751 3390 824 [idem

186 839 283 895 605
321 840 491 909 Quem
522 841 893 913 Complutensi
945 841 1321 900 mandavimus
1356 844 1513 913 urbe,
1544 843 1763 914 propin-
1870 843 1974 899 €20
2153 843 2268 912 Qua
2290 844 2439 914 prior
2457 842 2738 909 abscessit,
2766 857 2909 898 nunc
2934 842 3006 898 ibi
3035 851 3089 899 te
3115 844 3317 898 senior.

1112 990 1133 997 _
1554 937 1697 1012 [quis
2011 938 2188 1006 Celse,
2241 944 2337 993 tuo
2377 953 2499 993 cum
2556 935 2720 993 fratre
2769 936 2879 992 tuis
2917 936 3147 1008 (quibus
3188 936 3457 1007 addimur}

455 1025 813 1096 Conjunctum
853 1028 1041 1085 tumuli
1092 1029 1297 1087 fmdere
1341 1032 1667 1104 martyribus
1706 1041 1763 1097 ﬂ;
3182 1027 3388 1101 [αδδιδι

318 1115 386 1170 Ut
407 1116 475 1171 de
503 1118 682 1174 vicino
705 1128 1014 1175 sanctorum
1042 1122 1301 1191 sanguine
1324 1121 1350 1159 δ
1371 1122 1553 1187 ducat,
2150 1120 2283 1176 Nam
2315 1130 2405 1176 tua
2433 1120 2503 1175 de
2522 1119 2700 1190 patrio
2728 1120 2989 1192 sanguine
3017 1134 3152 1174 vena
3180 1134 3387 1174 sumus.

456 1207 577 1276 Quo
603 1218 815 1268 nostras
839 1211 931 1266 illo
955 1219 1149 1282 purget
1178 1213 1229 1267 in
1253 1213 1373 1279 igne
1394 1214 1618 1267 animas.
2008 1214 2141 1271 Cum
2170 1222 2326 1285 patre
2347 1212 2671 1269 Pneumatio
2691 1255 2709 1281 ,
2739 1212 2898 1268 simul
2925 1220 2983 1267 et
3023 1226 3144 1267 eum
3172 1218 3346 1265 matre
3369 1209 3459 1264 Fi-

317 1299 480 1357 Forte
518 1304 720 1358 etenim
760 1304 917 1360 nobis
963 1320 1178 1375 quoque
1205 1307 1583 1376 peccatoribus
1613 1307 1759 1370 olim,
3256 1304 3417 1377 [deli

181 1393 278 1447 6l0
453 1395 741 1464 Sanguinis
770 1398 885 1453 haec
914 1399 1082 1454 nostri
1111 1400 1316 1467 guttula
1360 1400 1538 1455 lumen
1569 1401 1690 1456 erit.
1840 1388 1845 1393 δ
1950 1462 1953 1465 η
2149 1399 2244 1454 Dic
2270 1408 2326 1455 et
2348 1398 2391 1431 “
2420 1397 2701 1454 Paulinum
2724 1396 3145 1467 Therasiamque
3172 1403 3311 1453 tuos.

316 1485 489 1552 Celse,
512 1486 641 1554 juva
664 1487 885 1543 fratrem
916 1490 1061 1544 socia
1093 1491 1294 1560 pietate
1321 1491 1594 1558 laborans,
1866 1491 1971 1546 6‘25
2010 1489 2079 1546 Ut
2109 1491 2363 1562 precibus
2392 1504 2681 1546 commune
2707 1489 2814 1543 tuis
2835 1489 3131 1544 miserante
3162 1488 3456 1543 habeamus

461 1577 531 1633 Ut
558 1590 735 1635 vestra
760 1580 917 1636 nobis
936 1581 1008 1635 sit
1035 1582 1187 1637 locus
1215 1581 1267 1636 in
1297 1584 1502 1651 requie.
2150 1582 2462 1639 Przesidium
2490 1581 2704 1637 Christo
2732 1597 2832 1636 nos
2869 1595 3106 1652 quoque,
3148 1579 3325 1646 Celse,
3356 1579 3454 1634 tui.
3516 1652 3521 1657 Α

316 1671 493 1727 Vivite
519 1672 827 1744 participes,
856 1683 879 1712 ο
908 1681 1166 1729 ωιειηιιιιι
1197 1675 1378 1742 vivite,
1412 1674 1625 1739 fratres,
1958 1680 1967 1697 '
2006 1675 2116 1732 Sed
2156 1684 2337 1731 tamen
2366 1683 2423 1731 et
2463 1674 2621 1730 nobis
2650 1680 2898 1743 superest
2925 1686 3149 1743 operam
3175 1672 3326 1737 dare,
3350 1686 3454 1741 qua

451 1763 519 1818 Et
547 1764 699 1820 lzetos
727 1764 946 1835 dignum
975 1782 1075 1837 par
1102 1766 1342 1823 habitate
1366 1768 1537 1836 locos,
3306 1763 3383 1835 [ιε

179 1851 276 1907 615
308 1854 671 1929 687-688
696 1855 1052 1928 lnnocuisque
1073 1874 1232 1929 pares
1259 1859 1487 1927 meritis,
1536 1870 1757 1930 peccata
1796 1860 1837 1918 Β
2147 1862 2422 1919 Possimus
2443 1861 2602 1917 simili
2625 1860 2969 1932 simplicitate
2995 1859 3168 1929 sequi.

718 1934 723 1943 ’
1357 1954 1684 2025 |parentum,
2003 1954 2139 2009 Tum
2170 1963 2355 2009 nostro
2384 1953 2518 2009 socii
2549 1952 2625 2023 (a)
2656 1952 2954 2023 poterimus
2994 1950 3174 2005 vivere
3208 1946 3369 2005 Celso
3402 1957 3449 2010 °,

448 2043 705 2109 Infantes,
738 2045 901 2102 castis
924 2045 1127 2102 vincite
1154 2045 1421 2115 suffragiis
1444 2044 1491 2099 ἀ.
1859 2045 1961 2101 650
2139 2046 2322 2104 Dulcis
2345 2055 2403 2103 et
2428 2055 2691 2102 mternum
2720 2044 2737 2084 ί
2780 2044 3025 2116 pignoris
3052 2058 3175 2099 esse
3201 2056 3379 2113 pares.

238 2206 263 2233 ⁸
293 2197 427 2253 Vide
451 2206 565 2252 not.
596 2197 720 2253 559.

1932 2216 1954 2241 θ
1986 2205 2119 2262 Vide
2143 2214 2257 2260 not.
2288 2204 2413 2260 542.

238 2265 265 2320 ι’
298 2267 425 2323 Vide
454 2280 570 2324 not.
592 2264 717 2323 540.
1934 2274 1952 2313 τ
1987 2276 2118 2333 Vide
2146 2291 2288 2332 vers.
2322 2274 2445 2330 6l5.

243 2338 429 2418 fyjde
456 2356 598 2394 vers.
623 2339 752 2418 59?},
784 2340 906 2405 650,
938 2348 1195 2418 θελεειιθιιι.
1227 2341 1318 2406 25,
1349 2343 1643 2418 “313.255.
1690 2414 1702 2418 Δ
1936 2348 2015 2418 (α)
2041 2346 2119 2402 Ita
2148 2347 2483 2402 restituimus
2527 2347 2881 2418 antiquam_et
2898 2342 3233 2418 verissimam
3261 2339 3451 2418 lectio-

235 2405 260 2444 δ
289 2409 423 2486 Ἦρς
461 2426 629 2466 carm.
660 2405 765 2486 25
785 2426 925 2486 vers.
959 2409 1086 2477 293,
1129 2420 1186 2466 et
1210 2428 1377 2469 carm.
1422 2414 1445 2467 l
1482 2414 1751 2486 Appeud.,
1863 2405 2075 2474 netues
2103 2418 2529 2473 mss.codicibus
2544 2405 2693 2486 Belg.
2717 2424 2771 2471 et
2798 2415 2928 2486 Beg.
2953 2422 3009 2469 et
3036 2409 3450 2486 edit.Sebot.in

174 2491 306 2535 Vers.
345 2479 435 2546 π,
471 2489 527 2536 et
554 2490 670 2537 not.
703 2481 828 2535 541.
1530 2479 1546 2485 ’
1568 2479 1584 2486 ’
1872 2502 2042 2558 marg.
2072 2486 2271 2544 Omnes
2294 2488 2447 2556 editi,
2477 2479 2753 2557 possimus.
2788 2479 2922 2541 Vide
2944 2492 3057 2540 not.
3080 2482 3206 2537 542.

778 2697 938 2779 AD
1023 2697 1110 2780 S.
1194 2699 1673 2783 PAULINI
1750 2701 2166 2785 POEMA
2255 2700 2822 2786 ULTIMUM

1607 2854 2130 2918 PREFATIO.

230 3040 396 3113 689
419 3069 448 3082 -
470 3039 636 3113 690
662 3037 1133 3097 Prmelarissimum
1162 3041 1265 3097 hoc
1304 3040 1361 3096 S.
1396 3040 1606 3099 Paulini
1634 3058 1855 3100 carmen
1884 3045 1938 3100 in
1967 3045 2212 3101 ethnicos
2241 3054 2363 3117 post
2394 3062 2486 3101 xm
2514 3046 2759 3101 Natalem
2787 3046 3135 3117 subsequitur
3177 3047 3229 3101 in
3261 3045 3448 3103 codice

173 3141 367 3188 nostro.
400 3131 568 3187 Multa
610 3132 681 3188 ibi
712 3132 964 3201 eruditio,
995 3142 1051 3189 et
1085 3134 1277 3190 solitus
1311 3143 1483 3204 poeta:
1518 3135 1947 3205 eloquentissimi
1985 3138 2222 3208 Spiritus.
2257 3137 2496 3194 Primum
2533 3140 2586 3195 in
2627 3138 2859 3207 Judtcos,
2891 3141 2946 3195 in
2991 3140 3219 3210 gentiles
3259 3139 3451 3196 deinde

173 3234 350 3295 prtur,
377 3240 612 3294 quorum
638 3227 876 3291 numina,
908 3228 1116 3282 variam
1141 3226 1561 3298 philosOpbiam,
1588 3243 1909 3299 erroresque
1935 3230 2195 3300 plurimos
2222 3238 2395 3286 notat.
2428 3229 2541 3286 Hoc
2569 3245 2705 3301 opus
2731 3231 2880 3286 innui
2905 3240 3111 3288 certum
3138 3231 3373 3287 arbitror
3400 3231 3451 3288 in

172 3321 317 3391 epist.
349 3319 420 3375 54
448 3317 508 3375 S.
543 3317 826 3390 Augustini
851 3319 919 3376 ad
948 3318 1232 3376 Paulinum
1256 3322 1331 3375 ita
1360 3322 1643 3377 scribentis
1669 3341 1679 3375 :
1712 3322 1968 3377 Adversus
1992 3342 2225 3396 paganos
2258 3334 2306 3379 te
2334 3324 2556 3380 scribere
2577 3324 2735 3380 didici
2761 3342 2826 3381 ex
2852 3326 3119 3397 fratribus.
3152 3325 3215 3382 Si
3240 3326 3364 3398 quid
3392 3325 3452 3380 de

173 3424 250 3470 tuo
275 3428 485 3488 pectore
501 3434 777 3485 meremur,
802 3418 1158 3488 indi/ferenter
1181 3420 1348 3488 mitte,
1371 3427 1425 3472 ut
1450 3420 1717 3490 legamus;
1744 3436 1865 3472 nam
1894 3430 2069 3488 pectus
2094 3429 2238 3474 tuum
2263 3420 2365 3475 tale
2395 3418 2610 3475 Domini
2636 3418 2900 3474 oraculum
2923 3427 3020 3487 est,
3047 3426 3103 3472 ut
3129 3434 3195 3474 ea:
3221 3434 3281 3473 eo
3307 3417 3471 3473 nobis

170 3520 264 3563 tant
286 3509 486 3581 placita
509 3519 559 3564 et
586 3510 831 3566 adversam
856 3511 1250 3583 loquacissimus
1280 3512 1588 3584 quwstiones
1616 3510 2027 3582 cxplicatissima
2055 3510 2174 3565 dari
2200 3525 2451 3581 responsa
2478 3525 2871 3581 prwsumamus.
2918 3506 3254 3578 Opinabatur
3272 3506 3452 3564 forsan

172 3602 491 3669 Augustinus
511 3610 768 3657 statutum
791 3602 953 3658 fuisse
974 3602 1199 3659 Paulino
1226 3604 1531 3660 universam
1551 3604 1891 3658 ethnicorum
1918 3602 2210 3659 confodere
2230 3604 2687 3674 superstitionem,
2716 3602 2811 3659 sed
2840 3600 3144 3672 hujusmodi
3172 3601 3451 3657 consilium

169 3702 330 3761 poetae
358 3708 517 3750 sacro
545 3709 657 3749 non
693 3694 1010 3763 obvenerat,
1039 3696 1128 3751 cui
1156 3704 1363 3751 tantum
1399 3695 1602 3766 placuit
1629 3711 1960 3767 paganorum
1990 3696 2283 3768 eXplicare,
2315 3713 2423 3752 non
2461 3696 2698 3753 refutare
2726 3696 3071 3752 dementiam.
3104 3694 3271 3751 Fama
3309 3693 3452 3750 aliud

171 3787 459 3861 Augustino
486 3778 677 3855 suasit,
706 3797 767 3844 ut
792 3788 986 3844 mirum
1012 3803 1120 3843 non
1149 3788 1220 3843 sit
1245 3789 1292 3844 si
1322 3804 1353 3843 a
1382 3787 1608 3844 Paulino
1639 3790 2045 3859 loquacissimae
2071 3792 2397 3861 quaestiones
2416 3790 2715 3862 explicatas
2742 3790 2979 3863 opperiri
2999 3806 3059 3847 se
3077 3789 3240 3847 dicat.
3285 3788 3451 3845 Certe

170 3878 208 3931 si
232 3878 486 3933 Paulinus
508 3878 781 3948 egregium
802 3878 1018 3949 aliquod
1048 3895 1183 3949 opus
1211 3881 1263 3934 in
1286 3895 1527 3950 paganos
1549 3880 1891 3936 scribendum
1918 3883 2263 3952 suscepisset,
2285 3881 2594 3938 Gennadius
2619 3881 2736 3951 ejus
2763 3884 2960 3954 scripta
2981 3895 3269 3938 recensens
3296 3895 3457 3939 men-t

171 3970 358 4026 tionem
387 3972 622 4041 aliquam
650 3972 943 4042 injecisset.
979 3970 1239 4043 Superest
1273 3972 1435 4041 igitur
1466 3980 1525 4027 ut
1575 3973 1644 4028 ab
1672 3973 1865 4028 eodem
1893 3981 2082 4029 sancto
2120 3976 2373 4045 exiguum
2408 3976 2510 4030 hac
2540 3974 2608 4030 de
2649 3988 2708 4029 re
2741 3990 2877 4045 opus
2913 3973 3247 4029 elaboratum
3291 3969 3452 4028 fuisse

170 4065 414 4135 dicamus,
455 4066 758 4136 cujusmodi
786 4074 869 4122 est
898 4067 1067 4122 hocce
1093 4082 1306 4137 poema.
1340 4066 1478 4133 Quin
1516 4073 1572 4122 et
1603 4066 1902 4122 elucubrati
1932 4068 2095 4122 libelli
2141 4077 2351 4139 tempus
2378 4070 2745 4138 conjecturam
2782 4076 3022 4123 nostram
3052 4065 3191 4121 tueri
3220 4064 3451 4121 videtur.

171 4158 371 4229 Olybrio
416 4168 469 4214 et
494 4157 724 4212 Probino
749 4174 911 4225 coss.,
939 4159 1114 4228 inquit
1142 4156 1375 4229 Prosper
1406 4158 1458 4213 in
1486 4157 1688 4214 Chron.
1723 4160 1851 4233 (hoc
1878 4168 1962 4216 est
1990 4175 2133 4215 anno
2164 4161 2374 4216 Domini
2403 4160 2528 4231 595)
2560 4161 2875 4232 Augustinus
2908 4159 2968 4213 Β.
2997 4157 3259 4213 Ambrosii
3285 4157 3446 4213 disci-

169 4253 304 4319 pulus
333 4253 499 4306 multa
527 4253 794 4325 facundia,
831 4252 1169 4321 doctrinaque
1196 4251 1454 4305 excellens
1486 4248 1727 4322 Hippone
1757 4250 1920 4324 Regio
1947 4254 2001 4307 in
2031 4254 2211 4325 Africa
2239 4255 2508 4325 episcopus
2533 4253 2822 4308 ordinatur.
2867 4250 2989 4306 Sua:
3017 4265 3182 4321 porro
3221 4248 3444 4304 ordina-

168 4345 318 4401 tionis
346 4354 622 4415 tamquam
650 4361 821 4417 nuper
851 4345 1005 4401 factae
1034 4344 1325 4401 certiorem
1364 4342 1644 4398 Paulinum
1674 4344 2001 4414 Augustinus
2038 4345 2165 4401 facit
2201 4347 2256 4401 in
2294 4344 2482 4401 eadem
2516 4345 2848 4416 supracitata
2889 4344 3134 4416 epistola,
3168 4343 3296 4399 dum
3323 4343 3442 4398 ait:

169 4437 273 4502 Qua
302 4439 552 4494 Ecclesia:
578 4456 702 4492 cura
732 4448 931 4510 tenear,
961 4456 1024 4496 ex
1054 4440 1150 4495 hoc
1182 4451 1353 4495 vestra
1389 4442 1583 4494 caritas
1609 4448 1808 4509 oportet
1834 4439 2093 4506 attendat,
2122 4438 2260 4511 quod
2287 4439 2613 4495 beatissimus
2655 4448 2804 4511 pater
2838 4437 3077 4493 Valerius
3104 4454 3196 4492 nec
3234 4435 3448 4510 presby-

167 4542 319 4587 terum
341 4550 426 4587 me
448 4550 561 4588 esse
578 4550 727 4587 suum
753 4550 936 4602 passus
962 4541 1057 4597 est,
1084 4534 1184 4587 nisi
1212 4532 1465 4603 majorem
1500 4531 1626 4586 mihi
1654 4531 2042 4603 coepiscopatus
2062 4532 2328 4585 sarcinam
2360 4531 2666 4599 imponeret,
2704 4536 2810 4583 etc.
2843 4526 2972 4583 ΙΙωο
3001 4541 3131 4597 ergo
3158 4528 3445 4597 Augustini

167 4624 384 4691 epistola
412 4632 507 4678 aut
542 4626 643 4680 sub
672 4622 833 4678 linem
870 4624 998 4678 anni
1027 4623 1151 4690 595,
1183 4630 1276 4678 aut
1315 4622 1416 4678 sub
1457 4622 1667 4677 initium
1706 4620 2087 4691 subsequentis
2130 4621 2318 4691 procul
2365 4619 2530 4676 dubio
2573 4618 2793 4688 scripta.
2848 4616 2919 4673 Ut
2961 4618 3103 4674 enim
3150 4617 3449 4676 Cbiﬂletius

166 4725 308 4785 parte
337 4716 395 4785 2,
424 4732 544 4787 cap.
581 4715 639 4785 8,
690 4714 895 4770 Paulin.
939 4714 1137 4770 lllustr.
1177 4712 1446 4781 ostendit,
1482 4712 1709 4783 contigit
1749 4711 2018 4768 ordinatio
2059 4709 2344 4779 Augustini
2378 4716 2499 4780 post
2542 4706 2778 4763 medium
2815 4707 3164 4764 Decembrem
3203 4709 3445 4779 ejusdem

164 4811 283 4865 anni
308 4809 433 4866 595.
464 4811 651 4880 Itaque
694 4810 800 4866 boc
845 4824 988 4865 anno
1026 4808 1285 4865 adversus
1324 4820 1567 4879 paganos
1609 4805 1865 4861 Paulinus
1913 4813 2098 4860 noster
2136 4804 2351 4875 scriptis
2377 4801 2671 4873 pugnabat.
2709 4801 2902 4858 Nolam
2939 4800 3029 4856 hic
3065 4817 3125 4857 se
3163 4809 3447 4873 receperat

164 4902 385 4960 cadente
408 4918 498 4959 an.
529 4903 631 4959 Ch.
663 4903 787 4968 594,
818 4902 1001 4973 ibique
1036 4908 1307 4957 maturato
1332 4902 1702 4958 conversionis
1728 4916 1839 4957 sua:
1866 4900 2094 4958 consilio
2122 4899 2617 4971 praastantissimam
2644 4896 2964 4955 Christiana:
2987 4897 3109 4954 vita:
3138 4898 3449 4959 methodum

166 5008 436 5066 aggressus
465 4997 655 5055 fuerat.
686 4996 801 5054 Hoc
824 5012 954 5054 vero
982 4996 1127 5054 idem
1156 4998 1438 5055 consilium
1467 4998 1639 5067 tangit
1661 4997 1822 5067 hujus
1849 4994 2116 5067 poematis
2146 4995 2302 5052 initio
2327 4994 2414 5052 bis
2437 4995 2658 5052 verbis:

897 5135 1128 5208 Risi-usu,
1154 5136 1331 5208 fateor,
1356 5145 1536 5208 sectas,
1561 5135 1817 5208 Antonius,
1837 5146 2030 5197 omnes,
2129 5197 2139 5206 .

897 5196 1355 5260 Plurima’quesivi,
1381 5212 1471 5260 per
1492 5196 1687 5259 singula
1709 5210 1923 5260 quaeque
1945 5197 2164 5260 cucurri,

896 5259 996 5309 Sed
1021 5258 1550 5322 uibil'invenimelius,
1565 5258 1714 5330 quam
1730 5258 1947 5311 credere
1970 5258 2181 5310 Christo.

163 5379 386 5441 Uberius
409 5385 512 5444 hoc
534 5386 815 5457 sequentia
842 5386 1114 5443 evincunt.

893 5521 1011 5585 Haec
1035 5534 1134 5585 ego
1153 5528 1324 5574 cuncta
1347 5523 1496 5583 prius,
1518 5520 1703 5569 clarum
1727 5531 1835 5567 cum
1858 5515 2023 5585 lumen
2043 5516 2268 5580 adeptus,

895 5582 1179 5647 Meque‘diu
1199 5582 1438 5647 incertum
1462 5592 1516 5647 et
1546 5591 1629 5647 tpt
1640 5582 2019 5647 tempestatibus
2042 5587 2204 5630 actum

890 5643 1064 5696 Sancta
1087 5645 1289 5695 salutari
1309 5645 1528 5705 suscepit
1552 5643 1737 5693 Eelesia
1760 5650 1920 5703 portu,

892 5707 1106 5770 Postque
1128 5719 1278 5770 vagos
1298 5704 1472 5756 fluctus
1495 5706 1753 5770 tranquilla
1782 5706 1828 5752 in
1846 5705 1967 5770 sede
1990 5704 2187 5765 locavit,

897 5767 959 5818 lit
982 5765 1095 5817 mihi
1113 5765 1212 5827 iani
1235 5768 1379 5819 liceat
1397 5770 1594 5818 detersa
1619 5765 1751 5817 nube
1776 5765 2026 5815 malorum.

894 5829 1139 5894 Tempore
1162 5834 1397 5893 promisso
1419 5831 1581 5882 lucem
1602 5842 1808 5893 sperare
1832 5840 2079 5876 serenant.
