3996 6356
191 376 294 431 705

1533 572 1701 621 ctant.

1533 572 1699 621 ctant.

332 669 522 725 Omnia
549 671 598 726 si
622 682 853 739 quieras,
896 663 1066 733 magis
1096 671 1152 718 et
1178 638 1403 717 ridenda
1432 567 1699 713 vid[entur.

334 762 561 818 Additur
587 762 677 817 hic
704 757 849 815 aliud
878 775 890 811 :
924 756 1100 812 Vestae
1135 768 1270 823 quas
1295 750 1530 819 virgines
1570 747 1720 801 aiunt

335 852 717 925 Quinquenues
743 850 932 922 epulas
958 847 1112 903 audis
1138 854 1357 916 portare
1383 840 1623 903 draconi,

336 943 437 1010 Qui
465 951 646 998 tamen
684 949 778 995 aut
805 954 915 995 non
958 945 1081 1004 est,
1131 944 1223 990 aut
1271 934 1317 990 si
1366 941 1481 993 est,
1536 929 1782 985 diabolus
1853 1009 1865 1019 ο

1439 1020 1575 1091 [ipse
1603 1024 1706 1082 est.

200 1123 304 1180 115
337 1121 571 1179 Humani
598 1120 814 1189 generis
841 1115 1145 1175 contrarius
1173 1120 1331 1168 antea
1358 1124 1566 1166 suasor.

337 1214 406 1271 Et
434 1220 763 1269 venerantur
790 1225 936 1277 eum,
958 1208 1051 1280 qui
1081 1221 1224 1262 nunc
1250 1205 1305 1259 in
1334 1203 1551 1258 nomine
1582 1197 1785 1254 Christi

340 1307 405 1362 Et
434 1306 638 1369 tremit,
681 1313 740 1360 et
780 1302 1004 1374 pendet,
1044 1313 1249 1370 suaque
1291 1296 1472 1351 omnia
1514 1293 1654 1349 facta
1702 1289 1778 1346 fa-

620 1402 631 1405 '
1526 1386 1712 1459 [letum

336 1486 470 1554 Quae
502 1500 657 1542 mens
684 1492 768 1541 est
796 1484 1099 1546 hominum,
1147 1490 1209 1537 ut
1242 1495 1344 1551 pro
1370 1479 1514 1535 veris
1543 1478 1674 1532 falsa
1703 1475 1786 1531 lo-

1436 1571 1714 1643 [quantur,

342 1668 444 1736 Qui
471 1667 765 1739 linquenda
799 1666 1005 1731 colunt,
1035 1672 1331 1735 contraque
1369 1661 1595 1720 colenda
1622 1661 1789 1728 relins

1549 1756 1717 1812 nunt?

1549 1757 1717 1812 nunt?

202 1852 298 1908 l50
338 1852 457 1911 Jam
484 1861 572 1909 sat
594 1852 700 1909 erit
726 1850 883 1907 nobis
912 1865 1082 1906 vanos
1122 1863 1346 1905 narrare
1374 1757 1615 1904 timtErIes.
1764 1822 1786 1848 ’

340 1943 467 2000 Haec
492 1958 596 2013 ego
621 1951 813 2000 cuncta
842 1942 989 2012 prius
1005 1982 1021 2009 ,
1052 1941 1259 1999 clarum
1284 1956 1409 1996 cum
1447 1939 1630 1995 lumen
1654 1940 1784 1995 ade-

345 2124 703 2197 709-710
727 2122 920 2194 Μθίιιιε
946 2122 1040 2179 diu
1086 2122 1351 2179 incertum
1379 2128 1436 2177 et
1464 2029 1785 2193 mimis-

1258 2214 1510 2288 [statibus
1539 2222 1718 2269 actum

343 2306 544 2362 Sancta
583 2306 804 2362 salutari
831 2306 1071 2377 suscepit
1097 2304 1305 2362 Eclesia
1333 2314 1513 2376 portu,

344 2397 583 2468 Postque
608 2411 774 2466 vagos
802 2396 996 2455 ﬂuctus
1023 2397 1307 2467 tranquilla
1337 2397 1464 2453 sede
1496 2397 1713 2462 locavit,

204 2487 308 2542 155
345 2485 417 2543 Ut
436 2487 566 2541 mihi
581 2486 694 2557 jam
717 2486 895 2552 liceat,
928 2486 1141 2542 detersa
1170 2486 1312 2549 nube
1336 2487 1624 2559 malorum,

346 2575 615 2647 Tempore
635 2577 901 2647 promisso
930 2576 1103 2632 lucem
1132 2591 1350 2646 sperare
1378 2591 1645 2633 serenam.

337 2668 459 2724 Jam
471 2669 621 2739 prior
633 2668 722 2723 illa
730 2668 891 2734 salus,
904 2682 1064 2737 quam
1077 2667 1308 2738 perdidit
1318 2668 1792 2738 immemorAdam,

270 2802 431 2858 Vers.
475 2800 598 2856 “0.
649 2800 897 2856 Stentora
942 2809 1065 2855 tunc
1103 2803 1329 2856 mittunt.
1379 2801 1532 2857 Fimo
1561 2802 1637 2858 dii
1664 2818 1794 2870 gen-

200 2873 337 2928 tium
380 2872 1041 2933 dehonestarisolebant.
1102 2871 1282 2933 Nuper
1334 2872 1581 2927 laudatus
1629 2875 1794 2929 abbas

205 2941 960 3012 BlauchinusOthoboniante
1003 2941 1342 3012 bibliotbeae
1387 2943 1670 3012 pnel'ectus
1699 2960 1796 3012 per

200 3014 268 3068 cl.
311 3013 489 3093 virum
531 3009 632 3093 J01
662 3010 1002 3093 Ciampinum
1038 3008 1273 3093 orphei,
1320 3008 1416 3067 seu
1443 3008 1794 3093 Onouiacriti,

201 3098 419 3139 versum
455 3082 523 3137 de
570 3082 676 3136 ritu
714 3080 876 3137 simili
922 3088 980 3135 ut
1026 3080 1510 3136 animadverterem
1564 3080 1791 3139 monuit.

203 3152 444 3208 Habetur
480 3151 567 3207 ille
616 3152 757 3221 apud
795 3151 1044 3207 Nazianz.
1088 3152 1142 3206 in
1189 3150 1460 3208 Steliteut.
1504 3153 1528 3206 1
1581 3155 1789 3210 advers.

206 3221 402 3279 Julian.

312 3322 407 3387 Ζεῦ
437 3312 680 3387 audiere,
701 3315 908 3387 μέγιστς
933 3314 1079 3377 θεῶν,
1110 3313 1329 3387 saeuius
1350 3313 1542 3387 ξεὸπρῳ.

262 3383 472 3445 Jupiter
486 3382 1017 3445 gloriosissime,deum
1040 3386 1270 3442 maxime,
1285 3382 1511 3433 delibute
1527 3392 1773 3434 stercore.

200 3466 473 3523 Seldenus
502 3465 572 3521 de
599 3466 711 3521 Diis
739 3464 908 3537 Syris,
942 3463 1188 3537 synt._2,
1219 3479 1349 3537 cap:
1382 3464 1435 3529 5,
1477 3465 1620 3520 hunc
1645 3480 1798 3520 eum-

208 3537 336 3593 dem
361 3538 558 3593 recitat
586 3534 821 3598 Versum,
861 3536 957 3590 sed
985 3534 1054 3589 ad
1093 3534 1271 3590 Jovem
1290 3534 1297 3535 7
1316 3535 1643 3590 Stercoreum
1689 3551 1797 3590 non

208 3608 382 3681 magis
402 3608 633 3681 attinere
647 3612 835 3681 censet
855 3605 982 3661 illud
1006 3607 1258 3678 εὓωμένος
1279 3607 1471 3681 κόπρῳ,
1489 3620 1650 3675 quam
1671 3606 1795 3661 Ver-

207 3675 323 3746 gilii
349 3676 420 3733 de
445 3675 580 3733 Jove
606 3678 768 3732 verba
795 3695 808 3729 :

735 3767 1006 3831 Totamque
1029 3768 1187 3817 infusa
1210 3781 1299 3830 per
1323 3776 1459 3817 artus

299 3830 444 3880 lens
466 3830 620 3893 agitat
640 3829 841 3892 molem,
864 3840 916 3881 et
928 3829 1116 3891 magno
1137 3842 1195 3879 se
1212 3829 1430 3892 corpore
1451 3830 1639 3879 miscet.

207 3912 371 3979 Quasi
404 3912 691 3981 utrobique
716 3910 926 3981 Jupiter
948 3910 1158 3966 arcanis
1189 3919 1392 3964 natura:
1426 3910 1696 3981 involutus
1719 3911 1801 3966 di-

207 3992 383 4038 catur.
421 3979 619 4037 Verum
643 3983 717 4037 nil
747 3979 824 4036 rei
854 3980 1044 4035 Latina
1074 3981 1307 4036 carmina
1337 3995 1457 4035 cum
1482 3979 1682 4035 Cinneis
1709 3983 1800 4035 ha-

210 4053 382 4130 bent,
424 4055 697 4130 ειηκότςρος
738 4046 860 4130 ille,
891 4066 998 4130 quo
1038 4050 1800 4130 delibutusrdiciturhlupiter,

210 4121 517 4191 hujusmodi
560 4120 628 4177 ab
674 4122 1034 4191 explicatione
1081 4120 1355 4191 abhorret.
1408 4120 1483 4173 Dii
1532 4120 1802 4175 Stercorei

210 4190 362 4248 linere
400 4200 682 4260 prmterea,
713 4190 896 4260 atque,
944 4199 1004 4244 nt
1043 4190 1237 4244 ibidem
1270 4197 1422 4244 notat
1449 4191 1587 4244 idem
1618 4190 1805 4244 Selde-

212 4277 342 4326 nus,
400 4260 668 4315 Beelzebut
705 4273 862 4315 sonat
901 4261 1153 4315 Dominus
1199 4270 1510 4323 stercoreus,
1562 4268 1617 4313 et
1653 4260 1803 4314 rabbi

213 4332 489 4387 Abraham
519 4332 820 4386 Benltattun
847 4346 1060 4386 versum
1099 4330 1168 4383 53
1209 4345 1331 4399 cap.
1369 4345 1501 4384 xxut
1530 4328 1702 4384 Exodi
1732 4331 1803 4384 ita

212 4402 457 4472 explicat
486 4419 499 4454 :
534 4400 660 4456 Non
690 4403 826 4456 sines
849 4402 993 4472 apud
1009 4399 1332 4472 teghabitnre,
1364 4400 1449 4471 qui
1478 4401 1653 4453 colunt
1684 4404 1806 4454 deos

214 4470 517 4543 peregrinos
536 4472 613 4543 uel
635 4482 934 4543 stercoreos.
966 4470 1079 4543 Sed
1101 4487 1209 4543 (ῑυιξΔ
1223 4470 1426 4543 Adonis
1447 4479 1686 4543 stercora
1711 4486 1806 4543 pa:

218 4539 493 4597 tiebatur?
530 4541 759 4597 Causam
802 4541 1067 4596 invenisse
1121 4540 1249 4594 mihi
1299 4540 1498 4594 videor.
1551 4539 1801 4594 Nonnulli

216 4593 519 4680 magna“
542 4593 757 4666 sine;
776 4593 1097 4666 misisse
1130 4593 1454 4674 statuerunt,
1496 4609 1640 4680 inter
1666 4593 1802 4680 quos
1833 4593 1879 4653 Ι)

211 4678 489 4738 Theocriti
553 4681 884 4736 Scholiastes
935 4682 1007 4735 ita
1056 4680 1265 4735 locutus
1309 4687 1391 4735 est
1430 4697 1441 4733 :
1478 4691 1532 4733 Ὀ
1568 4678 1801 4742 "Adouig,

215 4752 367 4825 ἤγουν
391 4752 418 4807 ὁ
448 4762 597 4814 σῖτος
621 4752 646 4807 ὁ
672 4753 998 4827 σπιςρρμεγος
1027 4752 1078 4827 ἓξ
1094 4760 1259 4827 fagina;
1295 4752 1343 4827 ξν
1376 4760 1438 4822 τῇ
1462 4761 1526 4824 γῇ
1552 4760 1685 4805 nam?
1706 4753 1806 4806 ὑπὸ

217 4821 303 4884 τῆς
350 4829 587 4897 σπορᾶς-,μ
613 4829 718 4897 etc.
755 4821 971 4897 Adonis,
1021 4821 1250 4897 videlicet
1288 4821 1599 4897 [Lumen-tum
1636 4831 1805 4897 satum

218 4908 304 4947 sex
331 4890 540 4946 menses
565 4892 703 4945 humi
750 4891 841 4944 sub
869 4894 1070 4946 satione
1112 4890 1442 4961 degit.’Tam
1480 4890 1618 4961 bene
1647 4891 1808 4957 igitur

219 4961 450 5017 Adonidi
488 4969 745 5031 stercora,
770 4968 1041 5031 aptantur,
1074 4959 1233 5030 quain
1276 4960 1470 5031 tritico.
1504 4959 1638 5026 Quia
1677 4976 1808 5017 vero

219 5032 362 5087 inter
386 5030 686 5087 Vulcanum
706 5030 1035 5100 Venerisque
1063 5031 1295 5085 amasios
1321 5030 1610 5084 inimicitiae
1639 5031 1808 5085 inter-

220 5102 509 5164 cedebant,
552 5102 676 5157 binc
705 5100 906 5156 Adonis
935 5102 1073 5156 male
1109 5101 1343 5162 habitus,
1380 5115 1543 5168 quum
1588 5100 1808 5154 Vulcani

219 5185 370 5227 sacra
399 5173 814 5241 peragebantur.
856 5171 965 5226 Has
991 5185 1092 5240 ego
1126 5171 1406 5241 propiores
1444 5185 1636 5225 causas
1663 5171 1808 5225 arbi-

222 5248 334 5296 tror
374 5240 478 5296 cur
505 5241 641 5297 adeo
670 5241 846 5312 turpia
877 5242 966 5296 ille
1002 5242 1056 5296 in
1094 5240 1475 5296 Vulcanalibus
1505 5241 1685 5296 subire
1713 5255 1808 5296 co-

257 5318 465 5366 eretur.

222 5324 465 5451 “veg-is?
488 5378 602 5436 I43.
640 5378 1000 5451 Quinquennes
1028 5380 1223 5451 epulas.
1270 5378 1506 5451 Lipsium
1532 5378 1653 5432 audi
1684 5394 1804 5449 cap.

228 5450 288 5503 10
316 5450 390 5521 de
412 5449 574 5505 Vesta
597 5460 653 5506 ct
680 5448 885 5505 Vestal.
919 5469 932 5503 :
955 5449 1023 5521 In
1052 5448 1286 5521 ambage,
1309 5448 1384 5505 vel
1404 5448 1536 5521 nube
1554 5458 1649 5513 est,
1674 5448 1810 5518 quod

224 5522 276 5574 in
314 5519 572 5592 Sylvestri
607 5522 749 5573 Actis
789 5520 1091 5592 quibusdam
1142 5519 1368 5592 legitur:
1402 5519 1654 5573 Draconis
1694 5535 1810 5592 eum

226 5607 315 5644 ora
359 5590 630 5654 clausisse,
668 5599 722 5643 et
757 5590 1012 5661 perpelqu
1038 5590 1296 5661 ergastulo
1343 5592 1686 5661 mancipasse,
1724 5591 1809 5661 cui

227 5661 461 5714 kalendis
488 5659 775 5731 singulis‘a
809 5659 1284 5731 mrginibns'l’estw
1310 5659 1630 5731 suppeditari
1655 5659 1809 5712 solita

229 5740 345 5783 sunt
372 5727 643 5801 alimenta.
679 5727 822 5784 Nam
856 5727 966 5801 quis
998 5738 1220 5783 veterum
1259 5727 1625 5801 talebliquid.9
1652 5746 1810 5801 eoque

231 5805 419 5868 sperni,
450 5812 540 5853 aut
569 5799 727 5869 abjici
763 5818 794 5853 α
841 5799 1041 5869 magnis
1086 5801 1209 5853 viris
1248 5810 1305 5852 ut
1347 5799 1484 5869 falsa
1527 5799 1688 5852 video.
1724 5799 1809 5852 Me

234 5880 525 5929 cunctanti.
575 5867 644 5924 an
699 5886 803 5924 non
857 5867 1201 5924 Tertullianus
1253 5867 1355 5924 huc
1393 5868 1687 5939 adspexerit
1742 5870 1809 5921 nd

1537 359 1770 416 POEMA
1812 354 2141 414 ULTIMUII.

194 488 295 544 uo
330 487 578 545 Stercore
608 491 734 541 tunc
779 469 1015 546 mittunt,
1052 481 1223 550 ipsum
1269 492 1368 547 pro
1407 484 1647 531 stercore
1688 473 1770 542 ja-
1803 471 1849 532 Α

3358 352 3460 406 706

2018 467 2168 523 Tunc
2198 483 2325 523 vero
2354 467 2615 522 suadente
2637 468 2801 534 malo,
2833 483 2975 524 nunc
3003 468 3205 538 remige
3224 465 3464 533 Christo,

2022 560 2188 615 Etuta
2215 560 2283 616 tle
2303 560 2545 630 scopulis
2572 576 2787 630 semper
2812 574 3063 614 mansura
3093 567 3355 635 resurget.

1883 653 1983 707 160
2021 652 2223 709 Rector
2244 652 2389 707 enim
2420 662 2602 708 noster
2620 654 2697 708 sic
2714 653 2948 723 undique
2966 658 3157 707 cuncta
3180 650 3464 720 gubernat,

2025 742 2094 798 Ut
2121 742 2286 799 modo
2313 744 2405 812 qui
2435 744 2590 799 nobis
2617 759 2856 799 errorem
2883 744 3080 797 mentis
3101 742 3324 810 ademit,

2025 834 2123 889 Hie
2149 835 2373 890 meliore
2401 835 2486 889 via
2514 834 2750 904 paradisi
2779 835 2961 889 limina
2987 836 3187 905 pandat

2024 926 2194 981 Felix.
2220 925 2411 982 Nostra
2434 925 2565 980 ﬁdes
2589 926 2680 981 uni
2706 936 2962 997 certoque
2988 926 3203 993 dicata;

2026 1014 2174 1070 Unus
2202 1015 2347 1071 enim
2374 1015 2516 1071 Deus
2542 1024 2646 1074 est.
2678 1016 2976 1072 substantia
3005 1018 3171 1073 Filius
3198 1034 3326 1077 una.

1888 1108 1991 1162 165
2030 1108 2175 1163 Unus
2203 1108 2257 1162 in
2285 1117 2512 1178 utroque
2533 1116 2615 1163 est
2641 1124 2776 1163 unus
2802 1110 2971 1177 vigor,
3003 1125 3109 1165 una
3135 1119 3396 1179 potestas.

2032 1199 2271 1268 Namque
2300 1197 2395 1253 Dei
2417 1197 2654 1252 Verbum
2685 1199 2860 1268 patrio
2889 1198 2958 1254 de
2983 1208 3203 1269 pectore
3227 1201 3472 1256 Christus

2029 1288 2279 1353 Emicuit,
2312 1304 2630 1359 semperque
2658 1288 2775 1355 luit,
2811 1291 2903 1359 qui
2945 1307 3051 1346 non
3074 1291 3225 1360 quasi
3257 1300 3432 1354 natus,

2028 1378 2156 1443 Ore,
2192 1380 2287 1434 sed
2326 1394 2604 1448 egressus,
2636 1381 2802 1435 chaos
2842 1380 2971 1436 illud
3013 1380 3172 1437 inane
3209 1382 3467 1447 removit,

2028 1468 2097 1523 Et
2122 1469 2244 1524 tulit
2279 1469 2558 1525 informem
2587 1479 2854 1526 contexta:
2879 1472 3050 1526 noctis
3077 1472 3301 1540 hiatum,

1890 1560 1993 1615 170
2030 1560 2414 1629 Distribuitque
2435 1561 2566 1616 locis
2593 1576 2764 1628 mare,
2795 1570 2984 1627 terras,
3009 1576 3158 1629 aera,
3183 1562 3402 1630 cmlum,
3438 1632 3443 1635 1

2030 1650 2230 1720 Hisque
2257 1650 2404 1704 dedit
2429 1649 2695 1719 geminam
2734 1650 2886 1720 pulsa
2912 1650 3137 1718 caligine
3166 1651 3361 1706 lucem.

2031 1740 2128 1795 Ast
2143 1740 2231 1796 tibi
2258 1749 2450 1796 cuncta
2470 1756 2667 1795 novum
2688 1749 3009 1811 stupuerunt
3028 1755 3247 1810 surgere
3267 1741 3471 1808 Solem,

2031 1829 2273 1897 Quatuor
2299 1830 2413 1884 hmo
2450 1830 2627 1884 hausit
2653 1832 2814 1888 variis
2838 1831 3062 1887 exordia
3090 1832 3267 1887 rebus.

2032 1921 2170 1976 Sunt
2198 1921 2442 1976 homines
2471 1922 2649 1983 terris,
2679 1930 2805 1977 sunt
2830 1920 3009 1976 addita
3038 1920 3214 1977 sidera
3241 1922 3399 1986 etclo,

1892 2012 1995 2067 l75
2032 2012 2171 2067 Aere
2195 2012 2391 2082 pendet
2416 2013 2548 2077 avis,
2576 2011 2777 2081 liquido
2804 2020 2955 2067 natat
2980 2027 3199 2081 :cquore
3223 2012 3401 2082 piscis.

2030 2102 2120 2157 Sic
2148 2102 2414 2156 elementa
2442 2101 2554 2157 suis
2575 2102 2852 2157 decoravit
2876 2103 3084 2171 singula
3111 2104 3318 2169 formis,

2030 2191 2227 2247 Nexuit
2256 2191 2392 2253 lucc,
2421 2190 2630 2246 diversa
2660 2191 2805 2259 licet,
2828 2192 3167 2262 discretaque
3180 2194 3379 2263 juuxit,

2031 2281 2330 2353 Junctaque
2358 2280 2633 2349 discrevit,
2660 2296 2779 2351 qua:
2828 2297 2970 2338 nunc
2993 2281 3160 2338 divisa
3185 2284 3477 2340 cohicrent.

2035 2372 2249 2428 Claudit
2274 2371 2419 2427 enim
2459 2370 2705 2427 Oceanus
2736 2380 2963 2439 terram;
3004 2374 3479 2442 mare'clauditur;

3265 2466 3414 2539 [ipse

1895 2554 1998 2610 180
2035 2554 2151 2610 Axe
2180 2554 2278 2610 sub
2296 2554 2532 2609 aethereo
2552 2554 2760 2610 medius
2788 2556 3127 2612 concluditur
3149 2573 3262 2615 aer.

2038 2645 2153 2702 Hoc
2175 2646 2337 2700 etiam
2365 2644 2580 2712 cmlum,
2613 2645 2758 2715 quod
2780 2662 2878 2702 nos
2897 2649 3126 2705 sublime
3153 2649 3422 2719 videmus,

1900 2782 2077 2867 quam.
2092 2799 2221 2867 cap.”
2240 2779 2294 2845 6,
2328 2781 2465 2867 lusce
2499 2782 2674 2867 .t'erbis
2697 2798 2715 2835 :
2750 2779 2927 2867 Romie
2965 2784 3167 2867 quidem
3195 2802 3310 2867 qua:
3346 2787 3483 2857 ignis

1894 2854 2034 2908 illius
2060 2850 2467 2926 inextinguibilis
2495 2852 2771 2921 imaginem
2797 2850 3040 2926 tractant,
3058 2850 3296 2926 rauspicia
3318 2850 3483 2926 plina:

1895 2940 2003 2977 sua:
2022 2939 2135 2976 cum
2177 2919 2289 2993 ipso
2316 2919 2558 2993 Draco_uc
2581 2919 2818 2976 curantes
2846 2922 2909 2993 de
2937 2919 3231 2993 virginitate
3268 2919 3483 2980 censen-

1898 3003 1997 3046 tur.
2028 2993 2156 3064 limo
2186 2989 2413 3064 Lipsius.
2468 2989 2549 3064 Tu
2575 3006 2726 3057 vero,
2767 2992 2953 3064 sodes,
2985 2989 3192 3049 intuere
3221 3006 3484 3064 quantum

1898 3062 2155 3133 ponderis
2198 3060 2343 3116 hisce
2390 3061 2637 3115 omnibus
2678 3076 2735 3133 a7
2765 3060 2992 3117 Paulino
3043 3060 3284 3133 accedat.
3336 3065 3483 3133 Quo-

1897 3131 2062 3188 inodo
2086 3148 2218 3187 vero
2244 3133 2593 3203 quinqueuucs
2620 3132 2798 3199 epulas
2826 3141 3003 3203 vocet,
3034 3131 3206 3187 fateor
3233 3150 3322 3189 me
3349 3131 3487 3192 non-

1823 3218 1868 3280 ο
1898 3203 2024 3280 dum
2063 3200 2391 3280 percepisse.
2442 3200 2684 3280 llabctur
2712 3201 2926 3270 quidem
2984 3204 3035 3257 in
3083 3205 3268 3259 codice
3298 3214 3485 3261 nostro

1898 3272 2154 3355 scriptum
2175 3272 2537 3355 quinquennis;
2559 3282 2614 3355 at
2634 3288 2809 3341 neque
2828 3281 3080 3355 metrum,
3103 3290 3277 3346 neque
3296 3291 3487 3355 sensus

1899 3344 2039 3400 hanc
2077 3344 2365 3427 lectionem
2408 3344 2719 3412 patiuntur,
2776 3344 3142 3414 scriptumque
3189 3344 3287 3415 pro
3335 3349 3485 3418 quin-

1899 3431 2162 3485 quenueis.

1971 3497 2123 3553 Vers.
2158 3494 2279 3570 H9.
2302 3498 2414 3570 Qui
2439 3497 2735 3570 linquenda.
2758 3495 2961 3551 Similis
2983 3496 3135 3570 locus
3154 3497 3481 3555 Minutiano:

1900 3565 2096 3639 Nonne
2121 3568 2397 3639 ridiculum
2420 3565 2626 3633 est,'rel
2660 3566 2834 3639 lugere
2857 3567 2992 3639 quod
3018 3569 3179 3633 colas,
3203 3569 3282 3623 vsl
3317 3572 3488 3626 colere

1899 3638 2036 3710 quod
2054 3638 2231 3710 lugeas
2245 3638 2269 3691 ξ’

1974 3718 2127 3773 Veis.
2162 3716 2286 3773 151.
2336 3717 2452 3790 Ego
2492 3719 2885 3790 cunctahp‘rius.
2928 3716 3027 3775 Hic
3056 3734 3268 3773 versum
3324 3735 3491 3775 unum

1900 3787 2150 3859 pluresve
2200 3786 2404 3846 deesse'
2454 3803 2614 3845 neruo
2667 3786 3016 3853 dillitebitur;
3066 3790 3267 3859 quippe
3323 3791 3487 3844 verba

1902 3858 2080 3928 priora
2101 3860 2153 3914 in
2177 3860 2382 3915 incerto
2405 3868 2640 3922 manent,
2671 3859 3006 3927 similemque
3026 3858 3239 3913 sensum
3264 3870 3320 3915 ut
3341 3876 3490 3915 com-

1902 3931 2152 3999 pleantur
2179 3930 2494 4001 requirunt_:
2526 3928 2655 3984 Hau:
2675 3938 2982 4001 egocuucta
3008 3930 3150 3999 prius
3171 3929 3489 4001 dubiarum-

1902 3997 2331 4140 mlvebam,iet
2356 3997 2574 4071 probare
2602 3997 2888 4053 nesciebam
2906 4038 2923 4064 ,
2952 3997 3149 4053 clarum
3175 4016 3290 4053 cum
3320 4000 3489 4053 luutcn

2035 4081 2116 4124 tus
2142 4086 2278 4137 sum,
2300 4079 2406 4125 etc.

2035 4081 2116 4124 tus
2142 4086 2278 4137 sum,
2300 4079 2406 4125 etc.

1976 4160 2131 4215 Vers.
2161 4160 2282 4215 155.
2316 4159 2542 4215 Eclesia.
2598 4160 2673 4214 lla
2722 4158 2880 4214 ellert
2923 4160 3050 4215 alibi
3094 4159 3346 4214 Paulinus
3382 4160 3495 4216 hoc

1906 4246 2105 4286 nomen
2129 4233 2285 4286 metri
2315 4232 2506 4299 gratia.
2539 4231 2596 4284 In
2626 4229 2857 4300 Epithal.
2885 4247 2898 4283 :

1968 4322 2163 4385 Grande
2188 4328 2564 4385 sacramentum,
2591 4334 2689 4384 quo
2713 4322 2849 4372 nubit
2871 4319 3061 4385 E_clesia
3084 4320 3301 4385 Christo.

1973 4384 2061 4433 Hic
2080 4395 2164 4433 vos
2192 4389 2360 4432 nectat
2379 4395 2533 4445 amor,
2550 4381 2659 4442 'quo
2676 4385 2869 4445 stringit
2891 4381 3082 4433 Eclesia
3106 4382 3364 4431 Christian.

1906 4464 1963 4520 In
1992 4463 2114 4519 Nat.
2143 4480 2196 4520 rv
2222 4478 2437 4533 quoque
2457 4471 2512 4518 et
2536 4464 2683 4519 alibi.
2713 4463 2793 4519 lta
2833 4463 2993 4518 etiam
3032 4464 3311 4534 usurpavit
3344 4464 3491 4519 Ano-

1907 4552 2101 4607 nymus
2126 4536 2219 4590 lib.
2252 4551 2287 4590 ιι
2317 4544 2501 4607 contra
2552 4534 2874 4590 Mareionem
2906 4536 2969 4589 iis
3000 4535 3343 4599 carminibus,
3374 4550 3493 4604 qum

1907 4605 2239 4662 Tertulliano
2269 4605 2648 4660 adscribuntur
2671 4622 2682 4657 :

2002 4699 2086 4748 SIC
2109 4705 2160 4748 et
2182 4697 2447 4760 apostolico
2469 4698 2686 4746 decurrit
2709 4695 2896 4746 Eclesia
2922 4699 3092 4748 verbo.

1980 4781 2134 4837 Vers.
2162 4779 2281 4834 161.
2311 4780 2380 4834 Ut
2400 4779 2570 4834 modo.
2602 4778 3096 4850 Tempusdesignat
3115 4796 3222 4850 quo
3248 4781 3362 4838 hinc
3375 4782 3496 4837 scri-

1909 4852 2018 4922 ptis
2039 4851 2348 4915 mandabat,
2368 4866 2558 4922 nempe
2579 4848 2775 4904 annum
2793 4848 2927 4922 595;
2952 4848 3010 4905 se
3026 4848 3166 4904 enim
3189 4851 3376 4906 Nolam
3402 4869 3499 4906 nu-

1912 4919 2010 4992 per
2046 4921 2347 4992 contulerat
2390 4919 2672 4992 Paulinus,
2703 4929 2762 4973 ut
2807 4919 3165 4992 ih_i_rcligioso
3196 4922 3390 4992 pioque
3419 4924 3497 4976 vi-

1912 4990 2068 5046 vendi
2107 4991 2350 5045 instituto
2378 4990 2531 5046 daret
2570 5005 2811 5061 operam.
2855 4990 2990 5046 Vide
3029 5008 3147 5061 qua:
3189 4990 3413 5047 disserui
3444 4993 3496 5046 in

1911 5061 2061 5133 prmi.
2094 5062 2160 5115 ad
2192 5062 2293 5116 hoc
2322 5076 2533 5130 poema.

1983 5141 2136 5195 Vers.
2172 5140 2292 5194 176.
2338 5140 2429 5194 Sic
2469 5141 2739 5210 elementa.
2789 5139 2891 5196 Vix
2945 5141 3057 5210 erit
3091 5141 3370 5210 quisquam
3414 5142 3501 5193 cui

1913 5227 2049 5267 nova
2080 5226 2186 5265 non
2217 5210 2461 5264 videatur
2494 5209 2701 5273 Paulini
2732 5212 3017 5268 sententia.
3042 5209 3118 5264 En
3136 5209 3319 5279 aperte
3334 5226 3498 5275 mare,

1913 5290 2099 5344 terras,
2132 5297 2277 5347 aera,
2316 5281 2517 5345 caelum,
2541 5282 2929 5337 elementorum
2961 5281 3174 5335 nomine
3201 5279 3499 5346 distinguit,

1915 5367 2089 5420 neque
2117 5351 2285 5406 hilum
2307 5349 2376 5406 de
2401 5352 2521 5419 igne
2549 5354 2769 5421 cogitat.
2819 5351 2924 5407 Res
2949 5351 3132 5421 pulcra
3162 5359 3217 5404 et
3246 5347 3502 5421 disquisi~

1915 5419 2060 5477 tione
2095 5422 2276 5489 digna.
2314 5421 2570 5477 Consulat
2625 5419 2804 5490 itaque
2850 5419 3021 5476 lector
3056 5419 3498 5490 Dissertatioueiu

1914 5508 2008 5558 xx,
2030 5507 2191 5560 quam
2214 5492 2413 5547 idcirco
2434 5492 2610 5560 posui,
2637 5502 2695 5546 ut
2719 5489 3043 5559 singularem
3065 5489 3379 5546 eruditionis
3399 5489 3501 5543 hn-

1910 5563 1999 5632 jus
2022 5570 2228 5631 partem
2253 5562 2572 5616 elucidataui
2605 5563 2869 5623 lacerent.

1986 5653 2139 5709 Vers.
2171 5652 2292 5707 180.
2326 5651 2529 5706 Medius
2557 5652 2877 5706 concluditur
2904 5670 3014 5706 aer.
3046 5651 3196 5705 Absit
3232 5659 3289 5705 ut
3310 5651 3501 5721 imagi-

1917 5724 2120 5779 nariam
2151 5724 2294 5777 illam
2323 5722 2458 5790 ignis
2477 5722 2776 5790 sphaeram,
2821 5738 2980 5790 quam
3011 5723 3329 5778 Aristoteles
3352 5723 3501 5792 ejus-

1915 5810 2021 5866 que
2048 5801 2344 5866 sectatores
2369 5792 2542 5860 lepide
2562 5793 2967 5866 excogimruut,
2978 5809 3045 5866 ac
3066 5794 3356 5848 etiamnum
3378 5810 3502 5864 pro~

1917 5861 2063 5929 bant,
2096 5862 2347 5918 Paulinus
2391 5870 2573 5917 n05ter
2610 5861 2901 5919 admiserit.
2953 5863 3087 5922 Iliae
3120 5876 3300 5924 aerem
3332 5861 3440 5921 non
3470 5878 3502 5920 ιι
