3996 6356
525 347 630 398 ’ἴοῖ

663 463 772 518 Sex
801 463 919 521 aliis
950 465 1083 520 infra
1113 476 1194 521 est
1216 469 1391 538 spatio
1414 470 1758 537 surgentibus
1783 486 1961 540 :equo,

665 552 898 624 Postque
923 555 1145 611 thronos
1171 567 1400 628 septem,
1433 569 1557 629 post
1586 570 1666 614 tot
1686 563 1926 616 cmlestia
1957 576 2120 630 regna

661 643 855 700 Cetera
887 661 1010 715 pars
1040 648 1235 713 omnis,
1269 663 1388 718 qua:
1414 652 1622 705 cunctis
1650 651 1855 705 eminet
1884 652 2046 717 ultra,

526 731 624 785 18ῑὶ
664 733 794 800 Quae
822 749 985 804 super
1004 736 1238 802 excedit,
1269 753 1390 806 qua:
1413 741 1612 809 passim
1645 741 1816 794 tendit
1846 741 1898 795 in
1928 741 2116 806 altum,

661 825 788 892 Qua:
816 826 932 881 sine
959 826 1062 881 line
1083 836 1251 899 patet,
1275 845 1436 899 quam
1468 847 1567 886 nec
1589 848 1744 886 mens
1765 833 1967 900 colligit
1987 833 2114 896 ulla,

660 915 820 972 Lucis
849 918 1135 974 inaccessa:
1163 920 1354 976 domus
1383 930 1484 984 est.
1512 922 1780 992 sedesque
1809 923 2046 992 potentis

658 1007 856 1064 Sancta
878 1009 994 1075 Dei,
1019 1011 1158 1066 unde
1177 1013 1364 1082 procul
1385 1029 1506 1082 quae
1535 1014 1661 1069 fecit
1680 1015 1892 1068 subdita
1919 1015 2112 1068 cernit.

660 1103 1020 1176 711-712
1052 1104 1244 1160 Omnia
1297 1107 1377 1161 sic
1419 1116 1690 1173 constant,
1726 1107 1856 1162 dum
1897 1109 2117 1178 spiritus

973 1219 976 1224 ·
1620 1197 1821 1270 [omnia
1843 1200 2040 1268 cingit;

520 1283 623 1340 190
659 1284 785 1340 1-1ωο
813 1287 1023 1356 eadem,
1053 1303 1284 1357 quorum
1313 1289 1470 1344 nobis
1499 1291 1817 1345 conceditur
1839 1307 1986 1354 usus,

659 1379 788 1445 Quze
811 1380 965 1450 polus
993 1379 1217 1436 inferior
1245 1395 1437 1450 magna
1467 1382 1844 1452 complectitur
1877 1381 2034 1437 Urbe.

657 1471 864 1525 Cuncta
895 1472 1021 1527 licet
1047 1472 1269 1540 distent,
1294 1489 1400 1527 una
1428 1489 1550 1527 cum
1572 1489 1705 1543 pace
1733 1482 2002 1528 tenentur.

658 1562 898 1632 Denique
954 1579 1154 1618 nomen
1208 1564 1410 1619 habent
1477 1580 1687 1633 unum,
1753 1574 1880 1619 sunt
1930 1567 2108 1621 omnia

1756 1658 2038 1731 [mundus.
2091 1646 2110 1674 ¹

657 1745 811 1802 llunc
832 1747 998 1802 etiam
1029 1746 1199 1804 Graeci
1224 1764 1448 1804 cosmon
1476 1748 1662 1804 dixere
1684 1751 1930 1820 priores;
2063 1739 2104 1785 ‘

517 1835 621 1892 I95
659 1837 792 1892 Hinc
821 1839 893 1892 ita
916 1839 1273 1909 compositum
1300 1839 1632 1908 distinguens
1673 1849 1901 1910 utraque
1931 1841 2109 1911 lingua
2147 1851 2188 1916 Β

656 1929 889 1985 Cosmon
920 1931 987 1984 ab
1016 1939 1230 1997 ornatu,
1263 1930 1521 1983 mundum
1547 1930 1614 1985 de
1648 1931 1851 1987 lumine
1880 1933 2036 1988 dixit.

653 2020 786 2076 Nam
811 2037 918 2091 quo
942 2021 1024 2075 sol
1047 2022 1202 2090 nitet,
1222 2021 1328 2076 hoc
1351 2029 1522 2076 totum
1543 2021 1798 2077 sordebat
1826 2024 1879 2078 in
1899 2025 2106 2092 umbra,

656 2114 724 2169 Et
753 2123 932 2169 manet
954 2115 1283 2185 exemplum,
1314 2117 1563 2186 quotiens
1584 2133 1694 2171 nox
1722 2119 1902 2173 omnia
1924 2119 2108 2187 kedat,

656 2205 724 2260 Et
751 2205 911 2261 docet
932 2222 998 2260 ex
1029 2206 1265 2262 tenebris
1294 2222 1414 2276 quae
1437 2206 1507 2262 sit
1536 2207 1664 2263 data
1707 2210 1878 2278 gratia
1916 2210 2071 2267 lucis.

513 2298 615 2355 200
655 2297 759 2353 Tot
786 2298 926 2352 bona
967 2297 1058 2368 qui
1089 2297 1233 2361 fecit,
1265 2300 1356 2370 qui
1385 2300 1462 2356 sic
1493 2309 1748 2371 operatus
1778 2303 1976 2372 ubique
2005 2312 2105 2370 est,

512 2434 895 2492 commentitiis
938 2434 1039 2488 illis
1096 2432 1356 2501 ﬂammis,
1405 2435 1500 2491 sed
1549 2435 1618 2491 ab
1663 2437 1865 2493 aethere
1902 2439 2108 2495 cmlove

513 2506 826 2562 conclusum
851 2503 1102 2559 allirmat.

585 2575 736 2632 Vers.
782 2573 902 2649 187;.
953 2573 1181 2648 Postque
1215 2577 1445 2649 thronos
1490 2587 1703 2649 septem.
1749 2578 1867 2633 Non
1897 2589 2107 2649 septem

513 2655 742 2719 tantum,
787 2644 881 2719 sed
909 2644 1108 2719 novem
1147 2646 1246 2719 sub
1287 2644 1556 2719 empyreo'
1578 2649 1902 2705 constitutos
1944 2644 2108 2708 fuisse

511 2718 696 2780 caelos,
727 2717 886 2786 vulgo
913 2717 1159 2772 dicimus.
1193 2717 1507 2788 Septem‘ex
1552 2719 1617 2774 iis
1655 2720 1892 2776 errantia
1929 2721 2106 2777 sidera

515 2797 720 2852 tenent,
745 2797 806 2842 ut
832 2787 994 2842 habet
1024 2787 1316 2843 versiculus
1341 2807 1354 2841 :

573 2883 794 2947 Cynthia,
818 2882 1114 2945 Mercurius,
1135 2882 1326 2948 Venus,
1351 2891 1404 2934 et
1423 2884 1525 2944 Sol,
1549 2884 1854 2948 Mars,.love,
1873 2887 2041 2938 Satur.

511 2969 774 3025 Octavum
815 2984 846 3022 a
889 2966 1008 3040 lixis
1042 2967 1307 3040 sideribus
1355 2979 1680 3040 occupatur;
1733 2987 1935 3027 nonum
1978 2987 2104 3028 vero

513 3041 744 3114 primum
775 3039 973 3094 mobile
995 3049 1098 3114 est,
1129 3039 1214 3094 cui
1256 3039 1507 3096 succedit
1527 3056 1859 3114 empyreum.
1896 3043 2104 3098 Nihilo-

513 3110 691 3182 minus
715 3110 1118 3182 septemicmlos
1146 3117 1272 3165 ante
1311 3110 1624 3182 empyreuni
1652 3110 1866 3182 exstare
1905 3114 2102 3169 diserte

515 3179 982 3236 Paulinus'sentit.
1015 3181 1129 3247 Qua
1173 3181 1384 3236 ratione
1404 3179 1657 3250 quieris?
1689 3181 1906 3239 Poetica
1937 3185 2103 3239 facul-

1166 353 1222 406 S.
1265 351 1538 406 PAULINI
1580 353 1829 409 NULANI
1871 353 2178 409 EPISCOPI
2223 353 2564 413 POE'MATA.
2610 357 2852 415 PGEMA
2905 359 3243 419 ULTIMUM.

3709 365 3822 422 708

2369 473 2467 529 llic
2489 475 2631 530 Deus
2659 485 2741 532 est
2768 477 2839 533 de
2865 479 3029 534 corde
3061 479 3174 546 Dei,
3205 479 3292 535 hic
3319 478 3553 551 Spiritus
3580 482 3709 549 orls,

2368 563 2551 620 Sancti
2575 581 2753 622 sermo
2785 566 2984 634 Patris,
3013 577 3284 624 tantarum
3315 570 3516 627 fabrica
3545 588 3747 630 rerum.

2369 655 2480 710 Nec
2508 671 2566 711 se
2589 672 2828 728 paganus
2856 658 3058 728 laudet,
3081 663 3128 716 si
3154 663 3290 717 vitat
3315 663 3478 732 idola,

2365 749 2442 804 Ac
2469 751 2602 806 satis
2633 767 2752 807 esse
2775 761 2930 823 putat
2957 755 3100 824 quod
3121 755 3350 812 Numine
3369 756 3562 812 credat
3584 757 3638 814 in
3660 776 3796 816 uno.

2219 841 2324 895 205
2365 841 2502 909 Quid
2541 845 2683 898 colet
2731 845 2820 900 ille
2863 844 3054 912 Deum,
3103 847 3195 918 qui
3244 847 3484 904 Verbum
3529 866 3639 906 non
3689 851 3822 904 colit

3552 940 3750 1014 (ejus?

2362 1026 2462 1094 Qui
2494 1043 2599 1083 non
2630 1028 2894 1084 Virtutem
2922 1029 3085 1085 simili
3114 1040 3408 1086 veneratur
3433 1031 3687 1088 honore?

2363 1117 2574 1188 Quique
2604 1119 2924 1175 invisibilem
2943 1163 2958 1188 ,
2992 1121 3702 1194 incomprehensibilemque
3734 1122 3820 1178 fa-

3564 1216 3581 1287 [
3601 1224 3749 1270 tetur

2359 1301 2492 1358 Esse
2517 1302 2709 1372 Deum,
2739 1304 2828 1360 hic
2853 1305 3016 1359 etiam
3044 1303 3317 1360 Christum
3343 1305 3388 1361 si
3415 1308 3635 1376 cogitet,
3671 1307 3819 1363 idem

2357 1394 2617 1462 Inveniet,
2636 1397 2891 1466 quoniam
2907 1397 3140 1452 Verbum
3157 1399 3618 1469 comprehendere
3628 1417 3817 1465 nemo,

2213 1486 2320 1541 2l0
2357 1486 2527 1543 Nemo
2555 1487 2738 1542 videre
2757 1496 2955 1557 potest,
2980 1503 3144 1558 opera
3170 1489 3289 1558 ejus
3325 1490 3443 1544 sola
3464 1490 3739 1546 videntur.

2356 1577 2414 1632 In
2435 1576 2595 1633 Patre
2619 1578 2786 1633 Natus
2814 1580 2980 1645 enim,
3023 1579 3077 1634 in
3101 1579 3238 1635 Nato
3268 1580 3430 1636 Pater
3455 1583 3639 1636 omnia
3666 1581 3816 1647 fecit,

2358 1667 2427 1724 Et
2451 1670 2708 1741 quidquid
2733 1671 2931 1726 virtute
2959 1670 3126 1737 dedit,
3157 1672 3362 1742 pietate
3391 1679 3594 1728 tuetur.

2356 1760 2447 1817 Sic
2488 1761 2606 1826 fuit,
2638 1769 2694 1814 et
2732 1762 2942 1817 steterit
2971 1777 3157 1817 versus
3185 1761 3436 1818 Salvator
3464 1765 3517 1818 in
3542 1779 3745 1831 aevum,

2358 1853 2460 1920 Qui
2492 1853 2611 1906 tulit
2638 1868 2872 1917 errores,
2903 1855 2995 1923 qui
3024 1853 3149 1910 fecit
3178 1870 3306 1910 vera
3334 1855 3523 1923 videri,

2211 1945 2318 1999 2l5
2359 1944 2684 2014 Placatoque
2713 1941 2858 1998 Patri
2885 1931 3202 2014 pereuntem
3230 1945 3464 2001 reddidit
3489 1947 3704 2002 orbem.

2354 2039 2462 2094 Nec
2489 2039 2706 2103 mirum,
2739 2038 2784 2092 si
2807 2046 3000 2093 cuncta
3030 2039 3186 2108 regit,
3216 2040 3306 2108 qui
3347 2049 3540 2095 cuncta
3583 2042 3814 2106 creavit,

2353 2130 2456 2196 Qui
2485 2128 2634 2183 dedit
2662 2144 2731 2183 ex
2753 2129 2920 2184 nihilo
2944 2137 3138 2197 totum,
3169 2129 3452 2200 lucemque
3478 2132 3724 2189 tenebris

2354 2221 2614 2287 Praetulit,
2647 2229 2808 2292 atque
2835 2221 2978 2276 diem
3011 2221 3171 2291 jussit
3196 2223 3490 2279 succedere
3514 2225 3706 2291 nocti;

2351 2312 2615 2383 Quodque
2643 2312 2698 2368 in
2737 2327 2903 2368 carne
2931 2312 3050 2379 fuit,
3089 2314 3265 2369 carnis
3311 2322 3531 2384 peccata
3557 2315 3810 2370 remittit.

2211 2449 2745 2523 undancoizougr'ung,
2768 2451 2943 2523 ὥσπερ
2963 2451 3327 2523 αὖτῆςλχῲρᾳς
3352 2447 3484 2506 ἄστυ
3506 2449 3661 2523 κοίνρν
3688 2453 3813 2523 ἆττο·

2209 2519 2516 2602 διᾷειγμένη.
2555 2517 2706 2602 Quod
2727 2517 2924 2602 “autem
2951 2529 3029 2602 est
3061 2517 3383 2602 suis'ﬁnibus
3421 2521 3812 2602 etqeqionibus

2208 2590 2330 2644 urbs
2351 2588 2566 2662 aliqua,
2591 2591 2684 2644 hoc
2715 2588 2988 2662 Romaest
3006 2590 3162 2662 totius
3182 2588 3322 2644 orbis
3349 2588 3648 2661 provinciis,
3680 2609 3811 2662 qua-

2208 2662 2254 2732 si
2292 2660 2571 2732 commune,
2606 2661 2793 2732 totius”
2818 2660 3115 2732 habitabilis
3161 2670 3312 2732 terra:
3353 2660 3627 2732 oppidum.
3673 2660 3810 2717 Hinc

2209 2731 2382 2786 Roma
2412 2731 2707 2802 Claudiano
2745 2730 2941 2802 dicitur
2975 2747 3090 2802 qua:
3127 2731 3299 2802 fundit
3328 2730 3402 2784 ini
3428 2730 3606 2786 omnes
3635 2734 3806 2802 impe-

2206 2804 2361 2856 rium.
2395 2801 2484 2856 Sic
2513 2801 2652 2855 Plin.
2677 2816 2796 2870 cap.
2831 2800 2884 2866 5,
2911 2800 3004 2854 lib.
3036 2800 3196 2866 xxxv,
3231 2801 3456 2856 Romam
3485 2817 3606 2857 esse
3642 2800 3809 2856 unam

2207 2883 2510 2926 cmictarum
2541 2873 2778 2943 gentium
2802 2873 2866 2943 in;
2887 2881 2992 2926 toto
3018 2873 3153 2943 prbe
3183 2875 3406 2942 patriam
3447 2873 3602 2927 dixit.
3642 2873 3806 2929 Plura

2207 2953 2334 3014 pete
2359 2960 2388 2996 a
2419 2941 2721 3014 Bulengero
2750 2941 2817 2995 de
2847 2941 2980 3012 Imp.
3017 2941 3173 2996 Rom.
3201 2943 3291 3014 lib.
3320 2958 3377 3007 ιι,
3401 2958 3520 3014 cap.
3550 2943 3605 2997 5.

2280 3014 2432 3069 Vers.
2469 3012 2590 3067 195.
2626 3011 2764 3066 Hinc
2792 3014 2886 3066 ita.
2923 3011 3199 3068 Arrideret
3228 3011 3382 3066 Hunc
3411 3011 3506 3068 ita.

2278 3085 2433 3139 Vers.
2484 3083 2603 3138 196.
2636 3083 2860 3138 Cosmon
2903 3083 2966 3136 ab
3007 3093 3215 3138 ornatu.
3265 3087 3463 3154 κόσμος
3491 3082 3701 3141 Grtccis
3727 3096 3806 3143 est

2207 3163 2607 3211 ornamentum.
2640 3154 2720 3208 Ab
2741 3154 2842 3209 hac
2869 3154 3260 3224 signilicatione
3289 3154 3498 3219 mundi,
3533 3156 3626 3225 qui
3650 3156 3804 3212 Gne-

513 3225 1420 3321 ἰθῖἕὶῖέἐῦοῐιϋὶεἱὶῖεέῖιῖιῖἀὲῖἕὲἱιῖά
1433 3225 1710 3320 ὣἐίἐέίό
1727 3225 1920 3308 ὄὲῐὲιῐὶ
1937 3225 2099 3320 ἵοὲἵό,
2129 3236 2175 3299 C
2207 3225 3804 3321 Ξῖῖἕδῖεέἒῖξῖίθῖξξπι.ΗΒἮὲηέἶίῗΞῖἳέἒυξτέ-ἳῗῖἓῗξΚὲᾞίηῗῗν

514 3323 762 3376 videlicet
786 3321 837 3376 in
866 3321 1077 3376 sidereo
1107 3322 1265 3383 coelo,
1297 3321 1391 3376 Dei
1419 3325 1614 3377 summi
1640 3323 1970 3378 domiciliqu
1996 3335 2106 3380 sta-

516 3393 702 3448 tuitur.
735 3392 936 3462 Vergil.
972 3393 1064 3447 lib.
1096 3409 1129 3447 x
1160 3391 1379 3447 Aineid.
1407 3411 1422 3448 :

573 3483 939 3548 Conciliumque
958 3483 1279 3548 vocatdivuin
1305 3493 1466 3546 pater,
1497 3491 1644 3548 atque
1671 3486 1924 3536 hominum
1951 3501 2037 3536 rex

573 3546 829 3596 Sideream
851 3547 898 3594 in
921 3546 1110 3595 sedem.

510 3627 700 3684 Sidon.
726 3627 958 3698 Apollin.
986 3628 1036 3681 in
1069 3626 1332 3700 Panegyr.
1355 3629 1494 3683 Aviti
1513 3629 1580 3684 de
1602 3629 1824 3686 deorum
1835 3633 2099 3690 concilio:

633 3717 745 3830 .Ilpsa
768 3719 1097 3792 pavimentum
1116 3728 1228 3768 sunt
1256 3719 1436 3780 sidera,
1458 3719 1556 3781 jam
1583 3721 1735 3772 Pater
1765 3735 1918 3773 aureo

680 3781 947 3830 ranuuillus
966 3794 1083 3830 sese
1105 3782 1230 3830 solzo
1254 3781 1397 3830 locat.

680 3781 947 3841 ranquillus
966 3794 1083 3830 sese
1105 3782 1230 3830 solae
1254 3781 1397 3832 locat.

511 3861 798 3932 Euripides
833 3860 1088 3939 in_I_o_ne:
1122 3863 1232 3924 Διὸς
1266 3864 1752 3939 ποῖῥᾳστρον-ἷδο-ς,
1783 3863 1927 3939 Iouis
1955 3869 2102 3937 pavi-

506 3931 734 4008 mentum
755 3931 1200 4008 _mn_ttisid_ereum_,
1233 3931 1610 4008 appellzgfcui
1650 3935 1785 3989 adde
1818 3931 2096 4008 Chry'sost.

508 4003 716 4076 oratu?
737 4003 803 4076 de
835 4003 925 4076 Dei
955 4001 1100 4069 Nat.,
1133 4001 1396 4073 aliosque.
1427 4003 1551 4076 Ij‘uit
1577 4005 1691 4060 lucc
1715 4001 2103 4076 quoque'vete-

506 4090 625 4129 rum
655 4071 1082 4128 Christianorum
1111 4071 1400 4130 sententia.
1427 4075 1508 4129 De
1541 4071 1782 4130 caelorum
1806 4071 2102 4134 diversitate

506 4144 822 4199 Philastrins
853 4144 1134 4215 Brixianns
1157 4147 1440 4215 episcopus
1462 4148 1827 4214 imaginariam
1852 4149 2097 4204 hznresim

504 4223 748 4288 recenset
777 4231 896 4288 cap.
930 4213 1018 4278 46,
1050 4213 1237 4288 aitque
1261 4235 1275 4268 :
1303 4213 1425 4271 Sive
1449 4213 1692 4288 ergo'sex
1713 4220 1890 4286 caelos,
1917 4237 2100 4275 secun-

503 4287 626 4362 dum
648 4285 837 4362 D_auid,
861 4294 908 4339 et
928 4286 1200 4355 septimm
1222 4287 1318 4362 hoc
1335 4285 1719 4357 ﬁrmamentum
1740 4285 1971 4362 accipere
1985 4294 2099 4362 quis

502 4357 736 4421 voluerit,
767 4373 871 4410 non
899 4367 1068 4419 errat;
1099 4374 1223 4411 nam
1253 4357 1504 4415 Salomon
1527 4369 1628 4413 tres
1657 4359 1813 4414 caelos
1841 4357 2092 4423 dicit,'ita

501 4427 704 4503 caelum,
729 4435 778 4482 et
805 4427 986 4503 caelum
1013 4427 1145 4481 caeli.
1175 4427 1372 4503 Paulus
1395 4446 1536 4500 isque
1563 4432 1828 4503 apostolus
1849 4448 2006 4503 usque
2026 4433 2098 4486 ad

501 4448 704 4491 calum,
729 4448 777 4482 et
805 4448 986 4481 cauum
1013 4448 1145 4481 σωκ.
1175 4448 1372 4482 ramus
1395 4448 1536 4500 irque
1563 4448 1594 4483 a
1633 4448 1828 4484 oswtus
1849 4448 2006 4503 usque
2026 4448 2094 4486 aa

501 4498 709 4572 tertium
755 4498 936 4572 ratium
978 4513 1034 4550 se
1081 4507 1287 4572 raptum
1330 4501 1539 4572 fatetur.
1584 4448 1706 4555 give
1755 4518 1876 4572 ergo
1905 4513 2094 4572 septem

498 4567 615 4640 quis
656 4568 925 4637 acceperit,
974 4579 1030 4621 ut
1070 4566 1269 4635 David,
1319 4566 1423 4625 sive
1469 4579 1608 4636 tres,
1646 4573 1749 4625 sive
1791 4566 2091 4639 duos,'non

495 4643 660 4692 errat.

573 4706 724 4780 V_ers.
746 4706 874 4780 _l88.
911 4707 1058 4762 Unde
1084 4710 1282 4779 procul.
1309 4706 1604 4780 Vergilium
1629 4710 1870 4766 imitatur
1892 4713 1963 4767 ita
1993 4713 2086 4768 lib.

499 4788 536 4836 x
565 4776 781 4833 Eneid.
813 4776 1095 4834 canentem
1123 4820 1135 4832 .

559 4867 925 4934 Conciliumque
953 4869 1265 4934 vocatdivum
1289 4877 1608 4934 pater,atque
1628 4872 1877 4922 hominum
1900 4887 1991 4924 rex

558 4933 813 4981 Sideream
837 4933 884 4980 in
905 4932 1094 4988 sedem.
1121 4941 1278 4982 terras
1304 4932 1436 4984 unde
1467 4932 1650 4985 arduus
1670 4947 1844 4986 omnes

559 4993 830 5057 Castraque
861 4993 1187 5044 Dardanidum
1211 5002 1421 5058 spectat.

495 5077 680 5134 Liceat
699 5092 914 5202 quoque
930 5076 1237 5133 Italicorum
1260 5087 1442 5133 vatum
1465 5078 1763 5151 principem
1787 5079 1874 5137 hic
1900 5079 2086 5136 audire

495 5147 588 5206 lib.
619 5164 636 5204 I
664 5146 710 5202 11
732 5163 812 5203 er.
844 5149 998 5204 liber.
1026 5166 1039 5202 :

513 5163 588 5204 11).
619 5164 636 5204 1
664 5163 812 5203 mer.
844 5163 998 5204 uber.
1026 5166 1039 5202 ε

585 5228 790 5294 Quando
808 5228 919 5294 φιν
939 5229 1036 5278 alto
1056 5228 1216 5294 soglio
1238 5229 1270 5294 ll
1289 5229 1451 5294 Padre
1478 5236 1679 5294 eterno,

584 5291 674 5354 μὴ’
695 5290 725 5338 e
749 5290 876 5354 nella
901 5301 1041 5352 parte
1067 5290 1150 5354 piu
1172 5291 1253 5341 del
1279 5291 1371 5342 cicl
1397 5293 1610 5352 sincera,

581 5352 661 5417 ﬁli
681 5353 817 5415 occh]
844 5355 892 5402 in
913 5354 997 5414 gilt
1021 5352 1175 5417 volse,
1201 5367 1230 5402 e
1255 5355 1303 5417 in
1329 5367 1397 5404 un
1427 5357 1497 5403 sol
1520 5361 1691 5417 ponto,
1711 5362 1764 5407 et
1788 5357 1839 5406 in
1861 5369 1958 5406 una

584 5414 721 5466 Vista
745 5414 868 5465 miro
889 5419 967 5464 ei»
985 5416 1061 5464 clu'
1084 5418 1136 5465 in
1160 5429 1217 5464 se
1249 5415 1279 5464 'l
1303 5417 1480 5464 mendo
1502 5414 1677 5467 aduna.

558 5484 715 5542 Vers.
743 5485 864 5541 191.
887 5485 1254 5556 Complectitur
1275 5485 1428 5541 Urbe.
1455 5486 1684 5542 Romani
1712 5487 1924 5558 imperii
1948 5488 2083 5544 lines

486 5558 707 5628 eosdem
737 5573 801 5613 ac
820 5559 968 5613 orbis
992 5567 1258 5613 terrarum
1281 5567 1458 5628 poeta:
1477 5565 1799 5614 statuerunt.
1827 5558 1994 5615 Rutil.
2027 5561 2078 5614 in

488 5625 672 5685 Itiner.
703 5628 978 5698 eleganter
1000 5647 1014 5682 :

610 5707 838 5772 Dumque
859 5709 1008 5772 offers
1031 5710 1171 5759 victis
1197 5710 1376 5772 proprii
1401 5709 1801 5771 consortiajuris,

678 5768 862 5819 Urbem
881 5771 1062 5832 fecisti,
1085 5773 1170 5834 qui
1189 5768 1328 5834 prius
1346 5772 1480 5820 orbis
1499 5780 1602 5820 erat
1616 5807 1628 5818 .

488 5847 776 5928 Scholiast.
798 5851 867 5928 in
915 5851 1133 5923 Dionys.
1161 5852 1236 5928 Ade
1274 5852 1392 5928 Situ
1429 5854 1548 5909 orb.
1577 5873 1588 5906 :
1629 5851 1792 5928 'o_mp
1834 5853 1899 5928 δὲᾼ
1935 5857 2078 5918 πόλις

491 5927 594 5979 τοῖς
615 5921 772 5981 αὐτῆς
791 5920 965 5998 ὁρίοις,
990 5920 1074 5977 καὶ
1099 5925 1297 5998 χώραις
1323 5926 1454 5988 εστὶ,
1477 5933 1630 5979 toi-:9
1659 5923 1739 5983 ἦόι
1761 5920 1795 5982 ’ἦ
1821 5926 1964 5985 πόλις
1987 5937 2077 5986 τῆς

2208 3298 2333 3367 quia
2380 3296 2569 3352 revera
2602 3304 2686 3350 est
2714 3296 2944 3351 mundus
2974 3305 3196 3350 venusta
3225 3305 3672 3353 ornamentorum
3715 3313 3802 3352 se—

2208 3370 2334 3422 ries.
2365 3368 2468 3421 Alii
2489 3369 2590 3422 ἀπὸ
2615 3370 2830 3436 κόσμου,
2858 3368 2950 3436 qui
2978 3376 3063 3422 est
3090 3367 3240 3434 ordo,
3270 3383 3366 3424 seu
3384 3369 3590 3432 modus,
3624 3370 3804 3424 nomi-

2207 3441 2292 3494 nis
2339 3439 2496 3507 hujus
2531 3437 2912 3508 etymologiam
2938 3437 3229 3508 deducunt,
3259 3453 3424 3508 quum
3452 3439 3694 3494 mundus
3719 3455 3804 3494 re-

2206 3525 2323 3564 rum
2337 3509 2496 3564 simul
2513 3507 2773 3564 nexarum
2794 3517 2956 3578 atque
2983 3507 3348 3562 ordinatarum
3362 3524 3489 3563 vere
3511 3510 3583 3562 sit
3609 3517 3802 3564 status.

2207 3579 2590 3646 Tertullianus,
2624 3580 2834 3635 advers.
2867 3578 3124 3633 Marcion.
3160 3578 3252 3633 lib.
3296 3597 3347 3644 v,
3399 3587 3574 3648 poeta:
3617 3591 3804 3634 nostro

2209 3651 2534 3704 subscribit:
2566 3649 2634 3704 Ut
2661 3667 2804 3720 ergo,
2850 3651 2944 3714 ait,
2970 3649 3167 3721 aliquid
3206 3649 3270 3702 de
3294 3651 3393 3703 isto
3432 3649 3590 3720 hujus
3625 3651 3803 3704 mundi

2204 3721 2418 3792 indigno
2449 3721 2650 3792 loquar,
2673 3718 2751 3774 cui
2781 3730 2829 3774 et
2854 3720 2993 3787 apud
3013 3718 3219 3774 Gra'cos
3235 3718 3524 3774 ornamenti
3547 3729 3598 3774 et
3615 3724 3801 3782 cultus,

2210 3809 2314 3846 non
2344 3793 2572 3847 sordium
2595 3807 2778 3845 nomen
2812 3801 2907 3845 est.

2279 3862 2428 3917 Vers.
2465 3862 2586 3916 196.
2621 3860 2874 3916 Mundam
2910 3862 2972 3915 de
3002 3862 3211 3916 lumine.
3250 3859 3458 3916 Honor.
3491 3859 3798 3928 Augustod.

2203 3932 2298 3986 lib.
2323 3934 2390 3988 de
2415 3933 2579 4002 lmag.
2605 3933 2788 3986 mundi
2818 3947 2937 4002 cap.
2977 3937 2990 3986 I
3025 3949 3039 3996 ;
3071 3930 3258 3986 Isidor.
3287 3933 3376 3985 lib.
3403 3947 3456 3986 IlI
3477 3932 3653 4000 0rig.,
3680 3948 3798 4001 cap.

2203 4002 2293 4070 28,
2325 4013 2377 4058 et
2407 4020 2524 4070 xui,
2555 4018 2673 4072 cap.
2710 4003 2760 4069 1,
2793 4001 3038 4057 mundum
3063 4003 3215 4071 quasi
3245 4001 3567 4072 mouendum,
3597 4005 3720 4072 quia
3747 4003 3798 4055 in

2205 4084 2448 4145 perpetuo
2477 4076 2544 4128 sit
2573 4071 2732 4145 metu,
2765 4073 2968 4145 dictum
2998 4081 3204 4145 putanl.
3238 4071 3343 4126 Sed
3375 4073 3575 4145 rectius
3611 4071 3798 4145 Varro,

2182 4140 2314 4201 ‘Cic'.
2339 4186 2354 4209 ,
2381 4143 2544 4208 Plin.,
2586 4143 2780 4198 Paulus
2832 4143 2950 4211 JC.,
2981 4140 3034 4198 et
3065 4144 3175 4213 alii,
3200 4160 3232 4196 a
3271 4143 3521 4196 munditie
3549 4143 3798 4213 appella-

2202 4223 2313 4296 tum
2339 4217 2544 4296 volunt.
2572 4214 2708 4296 Huic
2731 4215 3070 4296 etymologiae
3108 4212 3362 4268 Paulinus
3400 4211 3650 4275 accedit;
3672 4213 3799 4269 dum

2201 4303 2233 4338 a
2261 4285 2452 4339 lumine
2481 4285 2724 4339 mundum
2753 4285 2855 4340 dici
2887 4286 2981 4340 ait.

2273 4356 2425 4411 Vers.
2450 4355 2572 4410 201.
2606 4355 2709 4411 llic
2732 4355 2870 4410 Deus
2897 4366 2993 4410 est.
3023 4352 3140 4412 I‘loc
3167 4362 3249 4411 est
3269 4354 3506 4408 divinum
3539 4352 3800 4420 Verbum,

2203 4426 2404 4495 Deique
2434 4426 2619 4489 Filius.
2653 4441 2749 4496 per
2776 4442 2957 4496 quem,
2989 4436 3047 4480 ut
3076 4439 3236 4496 supra
3258 4425 3480 4496 cecinit,
3510 4426 3692 4477 omnia
3719 4427 3800 4494 fa-

2199 4507 2280 4550 cla
2308 4494 2444 4560 sunt,
2479 4507 2526 4551 et
2557 4494 2668 4551 sine
2689 4494 2807 4566 ipso
2831 4499 3023 4565 factum
3051 4505 3128 4549 est
3157 4494 3286 4566 nihil
3314 4495 3448 4566 quod
3471 4496 3792 4566 laetamen.

2200 4567 2254 4620 ln
2285 4585 2384 4623 lllS.
2415 4568 2612 4622 dicitur
2640 4585 2652 4620 :
2683 4565 2785 4620 Hic
2823 4567 2948 4626 deus
2984 4567 3048 4620 de
3085 4565 3259 4620 corde.
3299 4565 3534 4635 Apposui
3571 4565 3798 4619 verbum

2121 4622 2170 4680 Ι)
2195 4622 2292 4692 est.
2324 4637 2516 4694 Adhuc
2536 4645 2715 4693 tamen
2753 4622 3018 4692 claudicat
3041 4652 3266 4703 versus;
3309 4622 3524 4707 possem
3557 4635 3797 4690 alterum

2194 4717 2272 4762 est
2297 4709 2530 4778 adjicere
2555 4726 2569 4762 :
2595 4709 2698 4765 llic
2727 4717 2802 4762 est
2833 4707 3067 4776 Spiritus
3095 4708 3220 4762 oris.

2265 4787 2418 4846 Vers.
2445 4787 2568 4844 Q02.
2607 4786 2835 4840 Fabrica
2865 4804 3055 4842 rerum.
3077 4785 3416 4856 Fabricaipro
3437 4786 3645 4856 oﬂicina
3666 4800 3797 4854 pro-

2231 4859 2308 4912 rie
2335 4858 2580 4929 usurpari
2607 4857 3154 4929 docuit_Sipontinus.
3184 4855 3262 4910 lta
3299 4855 3439 4929 forte
3465 4855 3794 4929 Capiendurn

2231 4874 2308 4912 ne
2335 4875 2580 4929 usurpari
2607 4873 2790 4912 docuit
2818 4873 3154 4928 Sipontinus.
3184 4873 3262 4910 ua
3299 4873 3439 4910 torte
3465 4873 3794 4926 capiendum

2189 4873 2279 4986 Βία
2307 4945 2502 4984 nomen
2544 4929 2704 4984 istud.
2761 4927 2878 4982 Mea
2909 4937 3086 4983 tamen
3125 4927 3394 4982 sententia
3433 4934 3526 4980 aut
3553 4941 3716 4981 error
3743 4926 3794 4982 in

2189 5001 2431 5054 codicem
2464 5000 2696 5070 irrepsit,
2729 5008 2820 5053 aut
2847 5016 3036 5055 versus
3063 4999 3260 5067 aliquis
3284 4996 3502 5052 excidit.

2259 5079 2415 5135 Vers.
2440 5079 2564 5137 sas.
2595 5078 2706 5133 Nec
2745 5095 2802 5133 se
2837 5095 3094 5150 paganus.
3137 5077 3212 5150 D_e
3257 5077 3363 5150 hoc
3388 5075 3609 5150 nomine
3634 5075 3790 5150 plura

2187 5157 2314 5220 pete
2339 5167 2369 5204 a
2402 5165 2597 5220 magno
2620 5144 3144 5220 Annaliuni'parente
3167 5147 3408 5220 Daronio
3424 5148 3477 5200 in
3503 5144 3788 5220 Martyrol.

2187 5199 3531 5283 ΞῐᾶίέιίιῖιῗᾮιὶῐιὶξίὶῖξΞιῖῖὶάῖἰιῦἰέὲᾱ.”ξιὲι”ὶειίζγι
3562 5214 3623 5271 c.
3647 5199 3788 5280 'Th.,

2189 5291 2270 5366 t_i_t.
2294 5291 2381 5366 i0,
2398 5292 2465 5347 de
2496 5290 2740 5358 Paganis,
2771 5299 2904 5366 etc.,_
2931 5291 3159 5360 aliisque
3173 5287 3559 5366 scriptoribus.
3588 5284 3790 5366 Secuio

2185 5356 2610 5436 Christiquarto
2653 5377 2850 5436 nomen
2891 5362 2996 5436 hoc
3039 5356 3330 5436 gentilibus
3376 5356 3549 5436 aptari
3598 5356 3786 5436 coepit.

2183 5447 2349 5502 quum
2384 5425 2547 5488 iidem
2581 5433 2632 5488 in
2661 5433 2811 5502 pagis
2853 5425 3103 5500 agrisque
3141 5425 3428 5500 profanam
3451 5426 3628 5482 adhuc
3668 5425 3789 5480 reli-

2182 5503 2400 5571 gionem
2427 5512 2763 5558 exercerent.

2259 5575 2410 5630 Vers.
2445 5574 2568 5628 205.
2603 5573 2662 5628 Si
2692 5575 2836 5628 vitat.
2869 5571 2927 5628 lu
2951 5587 3048 5626 ms.
3083 5570 3363 5640 legebatur
3396 5587 3408 5622 :
3443 5569 3504 5624 Si
3527 5568 3612 5639 qui
3635 5567 3782 5620 idola

2183 5645 2328 5698 citat.
2360 5645 2671 5698 Emendavi.

2259 5715 2408 5770 Vers.
2425 5714 2550 5770 204.
2578 5713 2824 5768 Numine.
2848 5711 2924 5767 Ita
2946 5713 3184 5768 scribere
3207 5711 3408 5782 placuit
3428 5725 3527 5781 pro
3547 5708 3777 5768 nomine.

2183 5785 2635 5855 quemadmodum
2665 5783 2827 5838 habet
2857 5800 2956 5855 ins.

2258 5855 2409 5910 Vers.
2434 5855 2559 5908 215.
2578 5853 2767 5908 Versus
2789 5854 3052 5908 Salvator.
3083 5851 3214 5907 Illud
3239 5867 3412 5906 uersus
3436 5850 3564 5906 mihi
3585 5859 3780 5920 parum

2183 5925 2398 5980 arridet.
2430 5923 2683 5978 Fortasse
2715 5940 2860 5977 rem
2888 5923 3226 5979 scribendum
3257 5932 3358 5977 est.
