3996 6356
200 337 299 390 709
709 339 774 396 IN
800 340 858 396 S.
890 341 1162 398 PAULINI
1192 339 1437 396 NOLANI
1459 336 1759 394 EPISCt)PI
1789 334 2111 391 POEMATA
2144 333 2530 391 VAIIIANTES
2556 329 2946 388 LECTIONES.
3351 330 3453 385 7I0

196 447 295 504 220
330 449 514 506 Cernit
533 452 677 506 enim
705 452 946 523 fragilem
976 456 1158 511 faciles
1205 456 1477 511 incurrere
1511 453 1708 523 lapsus,
1805 460 1852 514 Α
2020 452 2172 519 Quod
2200 461 2561 523 peccatorem,
2591 465 2750 518 quem
2780 449 3023 519 pmnitet,
3060 457 3216 502 antea
3249 449 3455 518 lapsum

331 538 749 612 Corripiensque
813 553 991 601 tamen
1054 545 1266 600 veniam
1328 545 1476 600 dabit
1532 543 1779 598 omnibus
2021 543 2139 598 Non
2168 543 2294 596 facit
2322 543 2374 596 in
2404 557 2627 596 numero
2655 541 2823 594 turba:
2847 540 3116 608 peccantis
3145 540 3359 604 haberi;

1485 635 1674 707 [unam
1691 672 1706 698 ,
2022 635 2229 703 Quippe
2248 633 2377 688 satis
2404 648 2559 702 paena
2581 639 2680 694 est,
2713 646 2832 684 cum
2860 630 2930 682 sit
2957 645 3049 682 sua
3081 629 3232 698 culpa
3255 628 3456 692 dolori;

338 722 605 793 (Remque
625 739 820 780 novam
848 726 1042 790 dicam,
1075 742 1173 782 nec
1210 741 1296 782 me
1326 727 1527 781 dixisse
1554 725 1778 795 pigebit)
1882 725 1985 778 240
2021 724 2350 795 Supplicium
2370 720 2646 792 proprium
2669 719 2828 774 timor
2848 728 2960 784 est;
2989 725 3254 772 tormenta
3277 725 3460 772 reatus

338 815 570 887 Plusque
596 819 713 888 pius
741 833 900 886 quam
925 819 1103 888 justus
1126 820 1247 874 erit.
1279 818 1337 873 Si
1357 819 1591 888 denique
1605 817 1781 887 justus
1897 811 1899 813 ’
2023 817 2157 870 Tum
2189 815 2351 869 veluti
2382 814 2581 884 patitur
2607 811 2694 880 qui
2725 826 2782 865 se
2803 811 3063 864 meruisse
3093 811 3306 863 fatetur.

337 905 470 960 Esse
499 907 646 972 velit,
687 909 864 963 nullus
901 906 1068 978 fugiet
1095 911 1210 964 sine
1239 909 1462 964 crimine
1490 923 1741 978 paruam;
2023 908 2161 975 Quid
2183 908 2387 978 poterit
2412 906 2620 968 melius,
2656 905 2737 958 vel
2768 902 2893 973 quid
2920 901 3243 956 moderatius
3272 901 3425 955 esse?

194 994 301 1049 225
338 995 522 1052 Justus
544 998 686 1051 enim
709 998 847 1052 mala
875 999 1215 1064 condemnat,
1249 1000 1367 1069 pius
1387 1000 1564 1054 omnia
1591 997 1776 1052 donat.
2021 998 2248 1061 Judicat,
2281 996 2517 1066 inquirit,
2554 994 2798 1060 castigat,
2839 993 3028 1062 parcit,
3061 996 3308 1054 honorat,

341 1085 456 1141 Hoc
483 1085 628 1153 facit,
661 1094 719 1141 ut
743 1097 859 1142 rata
887 1089 994 1143 sint
1018 1097 1258 1143 venturae
1287 1104 1510 1144 munera
1540 1088 1679 1153 vitm,
2022 1090 2210 1145 Omnia
2239 1091 2329 1158 qui
2360 1088 2542 1151 vincit,
2574 1102 2673 1142 nec
2702 1087 2768 1140 ab
2800 1086 2910 1154 ipsa
2941 1084 3172 1138 vincitur
3200 1084 3297 1138 ira.

339 1175 698 1248 713-714
724 1176 790 1231 Ει
817 1178 962 1248 quod
1001 1179 1156 1250 culpa
1183 1179 1321 1244 tulit,
1352 1195 1564 1234 rursum
1607 1178 1780 1232 indul-
1882 1183 1986 1236 215
2023 1181 2174 1249 Quod
2199 1180 2265 1235 de
2293 1179 2539 1250 pnesenti
2565 1177 2674 1246 jam
2715 1177 2982 1231 cernimus
3010 1191 3127 1229 esse
3155 1174 3417 1234 futurum;

1271 1270 1467 1342 [gentia
1498 1268 1706 1336 reddat,
2023 1272 2154 1326 Nam
2183 1286 2304 1325 cum
2329 1283 2471 1338 stupe
2508 1268 2689 1321 minax
2719 1267 2989 1321 horrentia
3016 1266 3190 1320 nubila
3220 1266 3387 1332 cogit,

340 1356 473 1424 Quae
496 1359 543 1413 si
571 1375 679 1413 non
708 1359 907 1414 fuerint
933 1359 1075 1430 plebi
1102 1376 1357 1416 concessa
1387 1361 1616 1429 roganti,
2022 1362 2090 1416 Et
2117 1371 2324 1416 terrore
2346 1362 2437 1431 pio
2463 1359 2626 1413 rutilo
2656 1358 2811 1413 nimis
2833 1357 2952 1424 igne
2973 1367 3240 1423 coruscat,

338 1449 491 1504 Tunc
517 1466 687 1520 prope
719 1451 895 1507 nullus
921 1452 1023 1506 erit
1051 1451 1248 1507 delicto
1287 1452 1421 1507 liber
1447 1453 1515 1507 ab
1543 1451 1708 1514 omni,
2027 1454 2290 1509 Tristibus
2317 1460 2370 1508 et
2392 1452 2604 1522 pluviis,
2629 1459 2684 1505 et
2707 1451 2936 1505 nubibus
2965 1449 3174 1504 intonat
3200 1449 3348 1514 atris,

197 1539 307 1595 S30
343 1538 446 1606 Qui
475 1543 646 1612 possit
672 1545 894 1600 meritus
918 1547 1182 1615 promissa
1213 1547 1329 1602 luce
1357 1547 1564 1616 potiri?
2021 1543 2190 1598 Omne
2217 1559 2385 1614 genus
2421 1544 2571 1596 timet
2618 1541 2918 1605 interitum;
2952 1540 3044 1595 sed
3074 1541 3183 1594 vita
3217 1548 3456 1610 potestas

343 1630 588 1702 Tangere
615 1643 742 1691 tunc
769 1636 902 1691 lastis
931 1637 1186 1693 coelorum
1214 1652 1377 1707 regna
1402 1639 1602 1705 licebit,
1883 1635 1986 1691 250
2023 1634 2257 1700 Desinet,
2289 1641 2344 1689 et
2371 1633 2570 1704 pariter
2589 1631 2782 1687 cmlum
2812 1639 3126 1700 mentesque
3153 1639 3387 1698 serenat,

339 1722 492 1778 Tunc
520 1727 720 1794 poterit
742 1742 887 1784 mors
917 1728 1030 1798 ipsa
1060 1730 1215 1796 mori,
1245 1747 1363 1785 cum
1395 1740 1637 1802 tempore
1668 1741 1781 1788 toto
2026 1724 2141 1781 Hoc
2175 1738 2389 1795 quoque
2427 1731 2553 1776 ῐιωο
2589 1736 2808 1792 sperare
2854 1721 3024 1789 iUbCl.
3071 1720 3163 1789 qui
3201 1735 3260 1774 SC
3299 1719 3458 1774 mOdO

340 1811 460 1865 Vita
490 1815 744 1881 perennis
771 1817 892 1881 erit,
920 1818 1044 1886 quia
1071 1828 1200 1875 tunc
1221 1821 1273 1874 in
1296 1821 1423 1876 sede
1443 1821 1602 1878 beata
1811 1831 1857 1890 Β
3174 1809 3387 1882 [ctutcta

342 1900 530 1956 Nullus
558 1906 815 1972 peccandi
841 1907 990 1963 locus
1029 1918 1131 1971 est,
1164 1911 1254 1965 ubi
1283 1913 1426 1966 nulla
1455 1913 1648 1983 cupido
1677 1923 1778 1970 est.
2030 1905 2260 1962 Perdere
2285 1919 2445 1978 posse
2471 1902 2682 1974 probat,
2726 1902 2770 1957 si
2796 1901 3022 1972 perdere
3058 1901 3196 1956 velle
3222 1909 3455 1957 recusat.

195 1989 302 2044 235
339 1989 523 2045 Cloria
553 2001 698 2048 tanta
731 2005 912 2050 manet
950 1999 1151 2067 popqu
1179 2011 1387 2055 servata
1414 2003 1575 2057 fideli.
2025 1998 2114 2052 Sic
2142 1995 2380 2050 iteranda
2409 1993 2551 2048 salus
2579 1999 2803 2046 venluro
2832 1991 3130 2046 ostenditur
3148 2005 3280 2054 (evo,

338 2080 580 2151 Amplius
621 2083 725 2139 hoc
769 2087 972 2151 tribuit,
1005 2090 1177 2158 majus
1221 2089 1370 2146 dedit
1416 2093 1520 2148 hoc
1567 2108 1782 2164 quoque
2025 2089 2342 2158 IEternique
2375 2087 2466 2141 Dei
2496 2086 2668 2156 pietas
2695 2091 2896 2139 interna
2923 2083 3178 2140 manebit.

1450 2181 1674 2254 [munus
1690 2223 1708 2251 ,

267 2302 421 2358 Vers.
451 2303 578 2361 249.
616 2307 736 2362 Vita
772 2319 1016 2379 potestas.
1048 2312 1300 2370 Errorem
1335 2316 1453 2372 aliis
1480 2318 1774 2374 tollendum
1810 2319 2074 2384 relinquo.

271 2438 638 2511 715-71ῧ
669 2440 790 2507 Post
810 2445 1019 2514 egregia
1049 2446 1162 2501 hmc
1190 2447 1246 2502 S.
1291 2447 1496 2504 Paulini
1524 2459 1772 2521 poemata
1800 2449 2058 2519 hymnum
2096 2445 2380 2516 quemdam
2407 2443 2723 2521 subnectere
2751 2437 3054 2508 placuisset,
3078 2450 3238 2505 quem
3267 2435 3335 2489 ab
3361 2450 3458 2488 eo-

197 2529 319 2585 dem
356 2530 699 2588 sanctissimo
728 2543 850 2590 vate
880 2537 932 2590 in
963 2536 1018 2591 S.
1052 2538 1318 2595 Ambrosii
1358 2519 1568 2598 laudem
1598 2542 1952 2612 compositum
2006 2539 2201 2610 gemini
2230 2536 2564 2592 bibliotheca:
2601 2519 2967 2587 A'mbrosiauar
3004 2543 3131 2582 mss.
3163 2527 3461 2594 vetustique

199 2623 416 2679 codices
441 2622 729 2681 affirmant.
761 2627 888 2697 Ejus
916 2630 1126 2685 initium
1153 2640 1235 2689 est
1268 2652 1280 2686 :

1257 2723 1540 2774 Miraculum
1565 2725 1807 2776 laudabile

1251 2784 1441 2849 Canite,
1464 2801 1636 2837 omnes
1659 2788 1841 2849 pepuli,

1247 2847 1383 2903 Quod
1407 2853 1572 2896 uatum
1599 2847 1676 2898 est
1703 2849 1934 2898 Ecclesia

1256 2906 1528 2958 Fluctuauti
1557 2910 1604 2958 in
1623 2911 1808 2958 seculo.

199 2983 293 3039 Ille
312 2997 446 3039 vero
476 2979 614 3038 idem
644 2992 726 3039 est
750 2983 979 3056 hymnus
1005 3001 1112 3056 quo
1139 2987 1428 3044 etiamnum
1460 2991 1810 3046 Ambrosiana
1841 2989 2078 3046 Ecclesia
2110 2987 2293 3052 utitur,
2350 2987 2547 3056 quique
2597 2984 2648 3040 in
2691 2983 2930 3054 ejusdem
2959 2983 3244 3039 Breviariis
3272 2982 3463 3048 legitur

199 3075 402 3131 recenti
433 3078 609 3131 studio
637 3079 903 3148 expolitus
929 3096 993 3136 ac
1021 3090 1368 3138 restauratus.
1402 3083 1574 3150 Quum
1598 3093 1774 3139 tamen
1806 3084 2034 3153 plurima
2073 3081 2246 3136 eidem
2276 3081 2474 3152 hymno
2503 3079 2786 3134 verborum
2815 3077 3088 3132 barbaries
3118 3076 3258 3140 insit,
3290 3075 3464 3129 nulla-

198 3183 302 3238 que
330 3169 492 3223 metri
541 3169 609 3225 sit
638 3170 818 3226 habita
849 3173 1016 3238 ratio,
1061 3174 1398 3244 apertissime
1426 3183 1572 3244 patet
1598 3190 1702 3229 non
1733 3191 1761 3229 a
1798 3174 2004 3228 Paulini
2045 3171 2204 3226 modo
2233 3170 2402 3225 nostri
2439 3168 2582 3240 stylo
2620 3167 2931 3231 abhorrere,
2960 3180 3144 3220 verum
3175 3164 3336 3218 etiam
3368 3164 3464 3217 hu-

198 3259 381 3314 milem
411 3259 571 3329 plane
597 3261 786 3316 fastum
813 3262 1076 3332 sequioris
1101 3263 1201 3318 aevi
1229 3262 1410 3319 fuisse.
1439 3263 1664 3319 Constat
1709 3265 1945 3332 quidem,
1985 3260 2262 3318 Gennadio
2291 3267 2446 3324 teste,
2498 3257 2846 3329 Hymuarium
2873 3270 2903 3310 a
2933 3255 3153 3309 Paulino
3182 3252 3462 3308 elucubra-

201 3361 336 3417 tum,
364 3352 462 3407 sed
491 3353 558 3408 ab
586 3353 901 3409 edacissima
928 3363 1086 3410 aetate
1114 3371 1251 3426 opus
1289 3355 1427 3413 istud
1463 3358 1817 3427 interceptum
1855 3357 1973 3421 fuit,
2021 3354 2242 3424 ejusque
2289 3351 2603 3423 particulam
2645 3349 2959 3420 opusculum
3007 3349 3110 3402 hoc
3164 3363 3271 3402 non
3325 3362 3465 3413 esse,

199 3441 428 3510 quisque
449 3441 690 3495 eruditus
720 3442 865 3496 nullo
896 3443 1113 3511 negotio
1151 3444 1451 3513 dignoscet.
1497 3444 1682 3514 Itaque
1727 3444 2139 3501 Dissertationes
2185 3442 2375 3506 subdo,
2405 3455 2559 3510 quas,
2598 3448 2657 3494 ut
2687 3438 2859 3508 major
2902 3437 3108 3491 Paulini
3148 3438 3468 3492 carminibus

199 3526 286 3584 lux
314 3529 618 3598 affulgeret,
649 3545 749 3602 pro
773 3532 974 3587 viribus
1001 3533 1283 3589 elaborare
1310 3535 1507 3589 studui.
1541 3534 1615 3591 Ex
1655 3537 1732 3592 eis
1777 3545 1956 3591 autem
1995 3534 2237 3605 quaedam
2281 3541 2438 3588 erunt
2480 3532 2606 3585 viris
2647 3529 2968 3585 doctissimis
2998 3528 3282 3598 inscriptat,
3311 3544 3465 3598 quas,

200 3621 346 3675 nullo
372 3621 516 3675 inter
544 3637 640 3677 eos
667 3623 1098 3692 prrestantiorum
1127 3623 1339 3679 delectu
1368 3626 1572 3693 habito,
1613 3625 1711 3680 sed
1752 3625 2044 3680 secundum
2093 3623 2425 3694 propositum
2451 3628 2763 3692 poematum
2799 3618 3042 3674 ordinem
3075 3617 3469 3674 distribuendas

201 3710 406 3765 censui.
469 3708 684 3766 Utinam
733 3713 1035 3782 bujusmodi
1089 3715 1242 3772 labor
1299 3732 1453 3788 (equo
1500 3728 1759 3788 gratoque
1813 3718 1992 3772 animo
2048 3717 2117 3770 ab
2170 3714 2566 3769 humanissimis
2611 3708 2900 3767 lectoribus
2953 3711 3290 3779 excipiatur!
3343 3719 3467 3764 tunc

201 3800 342 3853 enim
397 3811 454 3854 et
501 3801 569 3856 de
633 3812 887 3875 suscepto
951 3807 1176 3862 consilio
1238 3807 1367 3862 mihi
1429 3807 1710 3876 gaudebo,
1761 3809 2077 3875 animusque
2131 3805 2197 3859 ad
2251 3803 2453 3873 majora
2520 3803 2573 3857 in
2637 3812 2909 3872 pOSterum
2969 3799 3306 3871 suscipienda
3371 3816 3467 3870 apo

201 3889 446 3942 belletur.

201 3897 446 3959 pelletur.

203 4045 3386 4099 w

829 4185 944 4266 IN
1002 4189 1089 4267 S.
1177 4182 1656 4266 PAULINI
1704 4183 2145 4267 NOLANI
2219 4179 2407 4265 PO]

1209 4182 1656 4266 ?AULINI
1704 4183 2145 4267 NOLANI
2219 4176 2787 4265 ΡΟΕΜΑΤΑ

1159 4358 1774 4434 VARIANTES
1845 4351 2308 4432 LECTION
2321 4356 2468 4429 ES.

1165 4537 1248 4578 EX
1292 4534 1749 4579 “ANUSCRIPTIS
1797 4536 1876 4578 ΕΤ
1912 4535 2118 4578 ΕΒΙΤΙΒ
2161 4533 2512 4578 οουιοιηυς.

1627 4653 2082 4674 ———-h————

622 4741 689 4796 IN
728 4741 1051 4797 POEMATA
1086 4743 1140 4810 l,
1178 4743 1254 4808 II,
1295 4743 1382 4799 IV.
1967 4749 1988 4779 ⁸
2017 4746 2282 4810 νει-ε.52,
2312 4745 2475 4799 etrori
2513 4743 2644 4814 ipse.
2679 4739 2812 4797 Edd.
2854 4739 3005 4796 Grin.
3057 4751 3113 4798 et
3161 4741 3360 4800 Poelm.
3412 4749 3466 4802 in

275 4834 294 4864 ι
322 4832 419 4918 un.
447 4832 718 4917 10,.quaai
745 4849 863 4918 fere
900 4850 1184 4888 numerum.
1209 4834 1456 4892 Barthius
1503 4836 1788 4906 legendum
1894 4819 2392 4918 ruﬁ-girrgp'qm

205 4881 1184 4971 ms}:',,;.;.;;‘;;,;,,;';,;,,,,;;,;f""
1210 4881 1456 4892 ’“””“’”
1503 4881 1788 4906 ’”⁰”’“’“”’
1894 4956 1926 4971 ᾗ
1967 4881 2162 4971 fvers.
2185 4881 2531 4971 64,'male...._
2561 4886 2774 4971 unci...
2802 4881 2940 4971 Edd.
2964 4881 3152 4947 Gram.
3177 4883 3380 4940 Poelm.
3413 4895 3468 4942 et

274 4947 568 5060 ξῖεέῖζξξ
593 4947 1094 5060 ἧέτῑέζιξᾱξςέξῖιξῖ.
1126 4982 1182 5029 ει
1206 4975 1385 5041 Vinet,
1410 4976 1589 5031 ηενρ..
1893 4956 2170 5060 somn
2197 4947 3016 5060 φξηξςλ,
3045 5025 3058 5060 ε

275 5041 298 5130 ξ
507 5023 1094 5130 aiibL'gii's;B§i_I;
1632 5116 1664 5130 η
1815 5068 1860 5130 C
1896 5027 2168 5130 μέλει-ε.
2204 5023 2300 5092 75,
2328 5023 2582 5096 voluptas.
2615 5023 2777 5079 Iidem
2805 5023 3018 5080 codices
3044 5025 3097 5080 in
3120 5039 3348 5093 ωιτη..
3379 5042 3466 5078 ro-

209 5109 481 5233 das?
515 5099 601 5178 ιδ,
649 5112 812 5184 epulis
855 5099 1087 5168 auudazj
1120 5113 1262 5168 Edit.
1288 5114 1466 5171 Vinet.
1488 5157 1504 5182 ,
1527 5116 1787 5188 epulisque
1815 5099 1860 5130 υ
1893 5099 2087 5152 tantas-

280 5200 484 5304 32:3.
519 5250 603 5316 I8,
631 5251 842 5306 tribuat.
866 5251 1000 5306 Edd.
1025 5251 1212 5308 Schot.
1235 5263 1291 5308 et
1309 5252 1490 5316 Vinet,
1517 5255 1712 5310 tribuit.
1967 5325 1981 5334 _
2012 5323 2056 5334 _'
2180 5320 2247 5334 Μ
2294 5320 2306 5334 ο
2417 5205 2504 5334 ,ΙΝ
2949 5328 2961 5334 ,
3011 5320 3025 5332 ,
3208 5330 3254 5334 __
3303 5281 3310 5288 ‘
3431 5321 3441 5332 .

780 5363 847 5418 IN
885 5363 1117 5420 ΡΟΕΜΑ
1143 5365 1211 5420 ν,
1967 5325 1983 5356 ⁸
2000 5320 2269 5420 yet-5.2%,
2286 5320 2654 5376 imminentnn.
2679 5319 2776 5375 Ed.
2800 5318 2984 5376 Sebot.
3009 5320 3062 5375 in
3083 5330 3313 5389 margg.,
3342 5321 3468 5375 emi-

280 5453 295 5483 ¹
325 5451 382 5506 1η
412 5454 588 5508 titulo.
614 5454 710 5510 Ed.
733 5454 916 5520 Grin.,
946 5457 1122 5513 Pontii
1147 5459 1359 5514 Paulini
1395 5459 1782 5534 Burdigalensu
1895 5402 2168 5518 "€3,325.
2192 5460 2282 5526 58,
2310 5461 2476 5514 vitam
2504 5461 2710 5514 tenebit.
2739 5455 2802 5513 Hi
2826 5458 3048 5530 psalmi,
3077 5455 3314 5528 itemque
3345 5474 3466 5514 car-

212 5516 448 5578 Precatio
476 5525 546 5577 ad
573 5526 968 5578 omnipotentem
999 5528 1184 5578 Deum-
1891 5550 2013 5578 mpn
2060 5533 2127 5578 de
2173 5531 2232 5578 S-
2281 5530 2527 5578 Iohanne
2577 5529 2834 5578 Bantistn.
2876 5545 2943 5578 ex
2991 5529 3221 5578 hvmnis-
3251 5530 3466 5578 oninor.

258 5528 448 5577 recatio
476 5528 546 5577 ad
573 5528 968 5596 omnipotentem
999 5528 1184 5584 Deum.
1557 5528 1574 5534 ⁷
1891 5550 2015 5588 men
2060 5533 2127 5587 de
2173 5531 2232 5587 S.
2281 5530 2527 5585 Johanne
2577 5528 2841 5599 Baptista,
2876 5545 2944 5584 ex
2991 5529 3221 5599 hymnis,
3251 5530 3487 5599 opinor,

263 5591 480 5673 "_V_ers.
502 5593 594 5661 33,
610 5596 964 5673 perdidit._Si_c
991 5599 1076 5652 ed.
1102 5599 1288 5673 anm,
1314 5599 1577 5666 Latinius,
1597 5610 1652 5657 et
1681 5610 1790 5660 tres
1891 5611 2018 5658 sunt
2058 5618 2195 5672 quos
2239 5601 2479 5673 condidit
2514 5601 2806 5673 etiamnum
2854 5599 3017 5673 r_udi_s_
3041 5598 3465 5673 theologicorum

211 5658 335 5760 edd.
361 5662 414 5716 in
440 5658 643 5782 mal-ng'.
678 5665 746 5719 At
764 5667 882 5721 edd.
911 5666 963 5731 4,
996 5669 1244 5738 prodidit.
1277 5658 1286 5664 ’
1565 5658 1576 5666 ⁷
1771 5658 1780 5660 ἡ
1895 5658 2231 5728 arcanorum.
2266 5671 2451 5739 Itaque
2481 5686 2586 5724 non
2622 5669 2814 5722 mirum
2845 5670 2891 5722 si
2932 5669 3177 5724 videatur
3202 5658 3290 5724 hic
3316 5685 3468 5724 error

327 5729 535 5782 Ver-3.5
576 5776 591 5782 -
623 5744 768 5782 mtas-
794 5735 925 5782 Edd-
952 5747 1061 5782 ινρι
1089 5738 1141 5782 in
1175 5752 1395 5782 mal-am,
1431 5741 1572 5782 alim-
1895 5741 2180 5782 einniﬂnnri
2229 5756 2415 5782 pnnlm
2465 5740 2554 5782 nni
2601 5754 2764 5782 nrave
2821 5738 3178 5782 inlolliannlng
3229 5740 3404 5782 Innnm
3447 5740 3466 5782 1

376 5733 768 5811 θηλξξίωεᾳε.
794 5733 1061 5811 Edd.}fes
1089 5738 1142 5792 in
1174 5752 1400 5811 margg.,
1431 5741 1575 5794 olim.
1895 5741 2182 5811 significari
2229 5733 2417 5796 eorum
2443 5740 2555 5811 gqui
2601 5754 2764 5811 prave
2821 5738 3181 5811 intelligentes
3229 5740 3404 5795 locum
3447 5740 3466 5795 I

281 5798 302 5831 ⁸
329 5799 481 5858 Vers.
508 5798 598 5870 ﬂ,
622 5805 834 5861 (ethera.
866 5804 1004 5862 Edd.
1042 5816 1150 5863 tres
1182 5810 1233 5862 in
1255 5798 1482 5878 diris"
1506 5827 1648 5864 aera.
1895 5798 2018 5866 Cor.
2035 5829 2112 5876 ιιι,
2143 5812 2404 5881 putabant
2431 5798 2781 5872 Christianos,
2815 5798 3059 5879 quamvis
3082 5810 3272 5878 malos,
3302 5811 3468 5865 modo
