3996 6356
585 352 680 416 751

1678 352 2015 411 ΛΡΡΕΝΠΙΧ
2050 350 2331 410 OPERUM
2369 352 2426 409 S.
2467 350 2761 409 PAUIJ'NI.

3745 354 3849 415 732

585 472 725 554 aliud
753 482 835 554 est
852 478 1041 554 rerum
1072 469 1150 554 (εξ
1182 471 1398 554 umbras
1444 470 1634 554 sequi,
1682 469 1824 526 aliud
1853 471 2157 554 veritatem.
2185 458 2238 530 λ
2266 467 2429 554 etiam
2458 467 2612 554 fam?
2641 477 2717 554 8..-
2737 463 3312 554 Nonsuperﬂuumnet
3332 468 3569 554 afrnctu
3593 486 3844 554 vacuum,

585 542 751 600 Multo
779 540 1185 599 deformior’il'la
1204 549 1297 611 est
1323 540 1572 611 superbia
1596 584 1611 605 ,
1655 556 1775 611 qua:
1800 543 1900 596 sub
1933 540 2159 611 quibus-

541 656 550 664 .
585 615 704 669 dam
735 613 1049 668 humilitatis
1078 609 1244 681 signis
1279 609 1432 682 latet.
1494 609 1687 669 Nescio
1715 612 1861 666 enim
1887 609 2160 682 quomodo

586 684 822 752 turpiora
852 691 976 737 sunt
1002 682 1151 745 vitia,
1184 698 1307 737 cum
1334 681 1590 752 virtutum
1620 684 1666 715 ⁸⁸
1693 682 1875 752 specie
1895 681 2159 737 celantur.

656 753 743 808 2t.
785 752 925 807 Nulli
953 760 1008 806 te
1035 767 1289 822 umquam
1319 751 1385 807 de
1413 752 1625 821 generis
1653 751 1931 807 nobilitate
1960 763 2164 822 prmpo-

584 840 706 892 nas,
734 838 910 891 neque
944 819 1284 893 obscuriores
1305 824 1348 856 ”
1377 819 1635 893 quasque,
1667 830 1722 878 et
1740 822 2022 893 humiliore
2043 819 2162 875 loco

587 890 761 960 natas,
802 890 857 947 te
882 890 1162 947 inferiores
1183 902 1357 963 putes.
1395 890 1595 948 'Nescit
1620 892 1809 959 religio
1839 899 2018 963 nostra
2046 903 2164 963 per-

585 978 747 1017 sonas
775 963 1021 1033 accipere
1042 1003 1057 1027 ,
1089 959 1201 1019 nec'
1215 962 1550 1018 conditiones
1572 962 1848 1033 hominum
1872 1000 1890 1025 ,
1918 959 2014 1033 sed
2041 959 2161 1013 ani-

584 1049 703 1087 mos
732 1030 944 1103 inspicit
965 1032 1294 1103 singulorum
1320 1050 1334 1099 ;
1366 1049 1579 1088 servum
1607 1042 1662 1088 et
1688 1032 1917 1086 nobilem
1948 1030 2017 1085 de
2045 1044 2164 1084 mo-

586 1103 735 1158 ribus
758 1102 1089 1174 pronuntiat.
1132 1102 1259 1174 Sola
1289 1103 1429 1173 apud
1458 1104 1625 1174 Deum
1647 1103 1870 1157 libertas
1896 1110 1980 1174 est
2002 1115 2161 1174 ,ﬂnon

586 1171 789 1229 servire
831 1173 1085 1244 peccatis.
1136 1171 1368 1244 Somnia
1416 1173 1555 1243 apud
1584 1172 1751 1244 Deum
1781 1180 1862 1244 est
1889 1171 2160 1244 nobilitas,

585 1244 790 1299 clarum
816 1242 934 1298 esse
961 1243 1268 1298 virtutibus.
1311 1242 1609 1313 Quid’apud
1639 1243 1805 1297 Deum
1832 1243 1885 1296 in
1910 1242 2038 1313 viris
2058 1256 2162 1313 nc-

586 1313 744 1368 bilius
774 1313 955 1381 Petro,
984 1314 1075 1381 qui
1101 1314 1335 1383 piscator
1369 1322 1424 1369 et
1444 1311 1650 1384 pauper
1673 1313 1816 1367 fuit?
1845 1312 1973 1384 quid
2004 1312 2057 1384 in
2076 1311 2165 1384 Afe-

588 1385 747 1438 minis
775 1380 1126 1439 beautMaria
1158 1384 1417 1439 illustrius
1439 1380 1464 1449 ,⁷
1503 1380 1623 1453 qua:
1662 1380 1875 1452 sponsa
1894 1382 2031 1436 fabri
2061 1380 2162 1453 de:

585 1455 880 1524 scribitur?
909 1455 1002 1510 sed
1033 1455 1106 1509 illi
1137 1454 1390 1523 piscatori
1419 1460 1473 1508 et
1496 1452 1723 1524 pauperi
1751 1453 1984 1509 cmlestis
2010 1452 2163 1524 regni

587 1540 619 1578 a
660 1522 875 1597 Christo
902 1524 977 1597 (ὁ)
1006 1522 1297 1597 creduntur
1326 1522 1513 1580 claves
1535 1534 1561 1562 ι
1587 1522 1766 1597 {haec
1801 1537 1998 1597 sponsa
2028 1522 2164 1597 (abri

586 1594 783 1649 meruit
808 1591 928 1649 esse
960 1591 1143 1650 mater
1190 1594 1332 1650 illius
1390 1610 1420 1649 a
1469 1609 1579 1662 quo
1625 1594 1753 1663 ipsa:
1798 1591 1978 1649 claves
2024 1591 2163 1647 data:

585 1673 744 1729 sunt;
793 1664 949 1735 elegit
981 1666 1124 1720 enim
1156 1664 1296 1719 Deus
1323 1665 1572 1736 ignobilia
1590 1673 1647 1736 et
1675 1663 2041 1736 contemtibilia
2067 1663 2163 1716 hu-

586 1733 923 1858 {us-mundi”
950 1780 965 1802 ,
1014 1743 1074 1790 ιιι
1102 1733 1362 1804 potentes
1378 1750 1442 1790 ac
1477 1735 1684 1817 nobiles
1711 1733 1778 1787 ad
1806 1733 2161 1816 humilitatem

607 1808 795 1858 acilius
832 1805 1142 1858 adduceret.
1194 1804 1328 1858 Nam
1369 1812 1426 1858 et
1453 1805 1587 1858 altas
1615 1803 1808 1858 frustra
1838 1804 1939 1858 Slbl
1968 1804 2161 1858 altuuts

607 1803 1170 1898 'Iaciliqsuadduceret.‘
1194 1804 1351 1898 NamI
1369 1805 1587 1898 etjatias
1615 1803 1808 1859 frustra
1833 1804 1939 1886 sibi
1968 1803 2162 1885 aliquis
2192 1839 2238 1898 Β

2263 539 2501 608 gentium
2526 537 2786 608 Magister
2813 537 2919 593 hoc
2945 537 3140 608 docet;
3174 539 3284 593 vult
3303 540 3449 595 enim
3474 542 3639 596 etiam
3668 537 3848 600 extra-1

2262 605 2395 662 neos
2411 607 2496 685 _ad_
2517 605 2959 685 ﬂdetnhomines
2967 623 3071 685 per
3098 605 3330 685 fidelium
3349 625 3526 685 opera
3554 611 3844 685 proﬁcere,

2260 686 2321 749 t_1t
2349 677 2663 749 religionem
2675 677 2853 749 ipsam
2884 677 3157 749 religionis
3175 677 3454 749 disciplina
3477 677 3844 742 commendet;

2260 744 2329 822 _Et
2354 744 2956 822 ideo_sicutgluminaria
2984 744 3039 802 in
3063 749 3262 805 mundo
3290 744 3474 806 lucere
3500 767 3602 807 nos
3617 752 3777 822 jubet
3794 752 3845 819 ιι,

2261 816 2318 871 in
2357 816 2536 873 medio
2560 818 2792 889 nationis
2816 833 2993 888 prava:
3016 826 3072 874 et
3110 834 3376 889 perversae
3398 860 3412 873 .
3462 828 3526 876 ut
3551 816 3842 879 incredulas

2260 895 2469 963 mentes
2487 888 2779 963 errantium
2801 903 2866 943 ex
2884 888 3423 963 n_ostrorum_actuum
3456 891 3660 963 lumine
3694 893 3844 963 igno-

2259 958 2450 1034 rantiae
2465 972 2588 1015 sua:
2614 957 2867 1034 ten_ebra_s
2894 957 3299 1034 deprehendant
3321 1002 3338 1029 ,
3384 961 3526 1017 unde
3549 971 3623 1034 et
3649 957 3769 1034 ipse
3796 964 3841 996 ⁸³

2262 1026 2331 1096 ad
2358 1027 2635 1084 Romanos
2662 1028 2775 1082 ait:
2808 1026 3144 1083 Providentes
3164 1026 3450 1096 ὁοηαξηοκ
3478 1032 3646 1088 solum
3669 1026 3844 1088 coram

2261 1095 2396 1164 Deo,
2445 1096 2536 1152 sed
2573 1100 2729 1153 etiam
2768 1114 2944 1154 coram
2972 1099 3263 1154 hominibus
3305 1095 3349 1155 ἰ.
3398 1098 3467 1156 Et
3503 1101 3674 1158 alibi:
3714 1102 3845 1158 Sine

2262 1168 2552 1242 oﬁ‘ensione
2578 1176 2741 1223 estote
2765 1167 3069 1242 Judwis,_et
3093 1170 3348 1242 gentibus,
3378 1180 3429 1225 et
3450 1164 3702 1228 Ecclesia:
3722 1172 3841 1237 Dei,

2418 1255 2514 1321 ego
2532 1240 2817 1321 peremnia
2845 1237 3297 1321 omnibus‘placeo‘,
3322 1257 3425 1321 non
3453 1258 3690 1321 quierant
3708 1243 3845 1314 quod

2262 1309 2388 1363 mihi
2417 1308 2544 1363 utile
2565 1318 2661 1375 est,
2691 1308 2783 1364 sed
2806 1309 2942 1382 quod
2963 1308 3136 1382 multis
3168 1310 3212 1382 Ξ.
3254 1310 3450 1382 Beatus
3465 1308 3561 1366 'est
3595 1313 3691 1382 qui
3721 1308 3843 1367 'tam

2262 1386 2458 1461 sancte.
2476 1386 2694 1461 tamque
2721 1379 2957 1461 graviter
2977 1379 3240 1461 disposuit
3267 1380 3431 1434 vitam
3464 1379 3644 1461 suam,
3690 1392 3753 1437 ut
3776 1383 3845 1461 de

2262 1463 2330 1503 eo
2357 1449 2558 1521 sinistri
2581 1448 2784 1518 aliquid
2816 1465 2883 1504 ne
2919 1448 3292 1521 tingijquidem
3331 1452 3545 1521 possit;
3585 1452 3716 1506 dum
3745 1451 3845 1507 ad-

2263 1534 2449 1590 versus
2477 1520 2898 1590 obtrectatorum
2942 1519 3215 1575 libidinem
3263 1519 3466 1590 pugnat
3502 1522 3682 1577 meriti
3730 1537 3845 1577 ma-

2262 1589 2523 1660 gnitudo,
2575 1603 2674 1645 nec
2724 1588 2927 1659 ﬁngere
2957 1590 3240 1660 quisquam
3265 1588 3434 1660 ausus
3482 1600 3569 1647 est
3610 1590 3761 1660 quod
3814 1608 3845 1647 a

2262 1603 2523 1657 gnuuuo,
2575 1603 2674 1645 nec
2724 1603 2927 1659 ungere
2955 1603 3240 1713 quisquam
3272 1606 3434 1673 ausus
3482 1603 3569 1647 est
3610 1603 3761 1673 quod
3814 1608 3845 1647 a

2262 1658 2410 1731 nullo
2436 1666 2589 1729 putat
2612 1674 2730 1731 esse
2757 1660 2951 1731 creden
2992 1675 3098 1714 um.
3131 1659 3285 1731 Quod
3314 1677 3359 1716 st
3388 1660 3440 1731 td
3466 1675 3680 1731 assequi
3701 1661 3845 1716 duili-

2262 1728 2366 1785 cile
2395 1728 2557 1798 atque
2585 1729 2744 1785 nimis
2784 1729 3021 1785 arduum:
3039 1738 3122 1785 est
3143 1769 3159 1795 ,
3203 1730 3392 1786 saltem
3419 1730 3559 1786 hanc
3582 1728 3845 1786 adhibea-

2266 1814 2385 1853 mns
2411 1800 2534 1854 vita:
2560 1807 2761 1855 nostra:
2785 1800 3134 1868 diligentiam,
3166 1815 3235 1855 ne
3262 1800 3417 1855 make
3438 1811 3650 1856 mentes
3679 1817 3845 1857 occa-

585 1874 655 1945 de
684 1875 962 1930 nobilitate
992 1876 1202 1945 generis
1229 1874 1506 1945 applaudit
1528 1913 1543 1937 ,
1592 1890 1715 1930 cum
1756 1873 1989 1929 universi
2014 1869 2162 1945 paris
2192 1869 2238 1898 υ
2264 1869 2477 1945 sionem
2504 1869 2779 1925 inveniant
2805 1869 3158 1945 detrahendi;
3225 1886 3295 1926 ne
3329 1884 3396 1926 ex
3426 1871 3583 1945 nobis
3605 1869 3845 1945 scintilla

590 1944 810 2015 honoris
838 1953 895 2000 et
927 1944 1167 2013 ejusdem
1217 1944 1358 2014 apud
1387 1944 1555 1999 Deum
1583 1945 1740 2015 pretii
1760 1946 1864 1998 sint
1888 1984 1904 2009 ,
1933 1944 2024 2014 qui
2053 1958 2161 2015 uno

588 2014 785 2071 Christi
810 2015 1069 2085 sanguine
1089 2021 1214 2070 sunt
1235 2013 1460 2069 redemti
1487 2032 1500 2067 :
1527 2013 1625 2069 nec
1644 2017 1870 2085 interest
1912 2013 2017 2083 qua
2039 2013 2160 2085 quis

587 2085 898 2140 conditione
918 2083 1083 2139 natus
1100 2085 1187 2149 sit,
1220 2100 1342 2140 cum
1368 2099 1556 2139 omnes
1576 2085 1629 2139 in
1656 2084 1867 2139 Christo
1887 2083 2167 2154 aequaliter

586 2170 952 2211 renascamur.
1002 2155 1132 2209 Nam
1161 2163 1217 2209 et
1258 2156 1304 2210 si
1357 2155 1725 2209 obliviscimur
1777 2155 1902 2224 quia
1947 2169 2016 2209 ex
2054 2170 2163 2209 uno

588 2239 779 2294 omnes
808 2224 1048 2292 generati
1077 2240 1262 2280 sumus
1283 2267 1297 2290 ,
1327 2226 1519 2279 saltem
1548 2225 1601 2280 id
1624 2240 1837 2294 semper
1855 2225 2164 2280 meminisse

586 2293 874 2365 debemus,
901 2295 1026 2364 quia
1053 2311 1151 2365 per
1177 2310 1341 2349 unum
1369 2311 1555 2350 omnes
1583 2293 1980 2364 regeneramur.

656 2363 748 2419 22.
787 2363 949 2428 Cave,
982 2363 1119 2421 nesi
1142 2365 1389 2434 jejunare
1416 2373 1509 2420 aut
1533 2363 1802 2420 abstinere
1831 2364 2081 2434 carperis,
2107 2372 2163 2420 te

585 2443 744 2505 putes
771 2450 891 2490 esse
914 2434 1024 2504 jam
1054 2444 1293 2491 sanctam
1320 2451 1335 2500 ;
1382 2436 1496 2489 haec
1522 2435 1666 2491 enim
1695 2435 1864 2490 virtus
1892 2435 2167 2504 adjumen-

585 2513 700 2576 tum
721 2514 823 2576 est,
856 2521 965 2560 non
992 2505 1255 2576 perfectior
1280 2506 1618 2576 sanctitatis;
1648 2506 1925 2574 magisque
1955 2506 2005 2558 id
2031 2520 2162 2574 pro-

583 2574 874 2631 videndum
903 2584 984 2631 est
996 2574 1020 2641 ἡ,
1069 2590 1139 2630 ne
1169 2575 1265 2630 tibi
1291 2575 1396 2631 hoc
1419 2614 1434 2638 ,
1482 2576 1627 2644 quod
1654 2576 1797 2630 licita
1825 2584 2139 2631 contemnas

584 2617 1265 2717 éé‘éﬁ'r'iiii'émw'ifuiiﬁu'éﬁi
1291 2617 1632 2717 ἷῇἶοῖιοῖἷιῌ
1654 2617 2163 2714 ἶαῖέιῗῶἕὶἱὶίιῖἶᾶ

583 2731 745 2784 supra
767 2714 1031 2786 justitiam
1056 2714 1279 2770 offertur
1306 2715 1442 2781 Deo,
1474 2731 1580 2770 non
1603 2715 1763 2771 debet
1791 2716 2052 2786 impedire
2075 2718 2164 2784 ju-

584 2785 809 2853 stitiam,
838 2786 934 2842 sed
962 2785 1220 2855 adjuvare
1240 2785 1283 2817 ”
1310 2803 1323 2838 :
1355 2786 1483 2855 quid
1504 2795 1681 2840 autem
1707 2785 1925 2855 prodest
1949 2786 2161 2841 tenuari

583 2856 907 2912 abstinentia
937 2872 1132 2926 corpus
1153 2895 1170 2918 ,
1220 2855 1265 2910 si
1289 2858 1497 2911 animus
1526 2857 1846 2910 intumescat
1868 2857 2162 2926 superbia?

583 2940 746 3008 quam
773 2926 986 3008 laudem
1014 2927 1338 3008 merebimur
1359 2926 1425 3008 de
1445 2926 1652 3008 pallore
1664 2926 1876 2995 jejunii,
1898 2927 2161 3008 siin-vidit!

585 2994 736 3049 lividi
764 2996 975 3051 simus?
1001 2996 1130 3064 quid
1154 2997 1368 3051 virtutis
1395 2994 1558 3051 habet
1601 2994 1783 3052 vinum
1814 3013 1919 3053 non
1948 2996 2154 3061 bibere,

586 3072 644 3119 et
663 3066 741 3120 ira
762 3074 923 3134 atque
943 3065 1069 3120 odio
1099 3066 1395 3120 inebriari?
1433 3065 1604 3133 Tunc,
1635 3067 1873 3135 inquam,
1903 3068 2160 3136 praeclara

585 3142 671 3206 est
689 3135 1009 3191 abstinentia
1026 3176 1041 3198 ,
1072 3144 1197 3191 tunc
1224 3136 1408 3205 pulcra
1437 3145 1598 3206 atque
1624 3135 1915 3206 magniﬁca
1932 3139 2160 3206 castiga-

2301 1939 2524 1995 rocedat
2546 1982 2561 2007 ,
2623 1956 2734 2010 per
2775 1954 2936 2010 quam
2981 1940 3237 2010 adversus
3273 1956 3372 1995 nos
3413 1941 3646 1996 sinistrae
3691 1939 3849 1997 fama:

2302 2020 2479 2064 amma
2508 2008 2808 2066 conﬂeturf
2852 2010 3088 2079 alioquin
3125 2008 3319 2065 frustra
3347 2011 3632 2065 irascimur
3658 2012 3844 2067 obtreb

2264 2080 2561 2153 ctatoribus
2589 2082 2807 2153 nostris,
2837 2080 2885 2135 si
2903 2081 3001 2153 _eis
3027 2080 3102 2151 (g)
3132 2080 3233 2150 ipsi
3260 2080 3595 2153 obtrectandi
3618 2081 3700 2153 (It)
3730 2097 3837 2135 ma.

2265 2151 2454 2204 teriam
2476 2151 2860 2207 ministramus.
2897 2149 2952 2205 Si
2979 2149 3179 2217 autem,
3199 2152 3356 2206 nobis
3378 2149 3665 2219 diligenter
3684 2149 3843 2219 atque

2264 2220 2492 2276 sollicite
2517 2222 2696 2277 omnia
2726 2220 2793 2292 ad
2818 2220 2980 2292 740
3022 2221 3363 2292 honestatem
3382 2222 3838 2292 _providentibus,

2264 2291 2579 2361 cunctisque
2621 2290 2849 2347 actibus‘
2864 2290 3063 2345 nostris
3100 2291 3351 2346 timorem
3378 2290 3475 2361 Dei
3504 2291 3843 2361 praeferean

2263 2360 2385 2427 bus,
2416 2360 2862 2418 illi’nibilominus
2890 2360 3194 2416 insaniunt:
3225 2360 3534 2416 consoletur
3573 2377 3680 2417 nos
3706 2377 3838 2416 con-

2264 2430 2488 2487 scientia
2535 2440 2758 2497 nostra;
2801 2446 2920 2501 qua:
2948 2438 3075 2485 tunc
3116 2431 3350 2487 maxime
3387 2439 3502 2486 tuta
3549 2440 3679 2495 est.
3718 2440 3842 2487 tunc

2264 2501 2467 2570 optime
2495 2517 2683 2557 secura
2711 2509 2813 2569 est,
2839 2517 2962 2556 cum
2992 2516 3060 2556 ne
3083 2502 3421 2557 occasionem
3449 2501 3670 2568 quidem
3701 2502 3843 2557 male

2265 2569 2335 2626 de
2362 2587 2420 2627 se
2444 2573 2710 2627 sentiendi
2737 2571 2914 2628 dedit:
2956 2571 3059 2625 illis
3078 2571 3221 2626 enim
3259 2587 3336 2629 vae
3359 2571 3557 2626 dicitur
3583 2576 3686 2641 per
3716 2587 3838 2641 pro-

2262 2642 2499 2714 phetam,
2530 2643 2619 2714 qui
2639 2643 2814 2714 dicunt
2836 2642 2972 2713 quod
2998 2642 3196 2714 bonurn
3214 2649 3291 2696 est
3314 2641 3525 2707 malum,
3557 2642 3648 2713 qui
3680 2641 3839 2695 lucem

2262 2710 2926 2783 appetlmtt'tenebrasl'et
2966 2711 3101 2783 quod
3162 2711 3315 2783 dulce
3346 2720 3421 2766 est
3479 2710 3719 2783 amarum
3756 2729 3839 2766 vo-

2262 2780 2382 2836 cant
2402 2782 2451 2836 ιι.
2485 2782 2651 2838 Nobis
2667 2797 2795 2851 ergo
2815 2780 3109 2836 Salvatoris
3142 2781 3410 2852 aptabitur
3428 2796 3610 2836 sermo
3635 2800 3649 2834 :
3694 2782 3838 2852 Beati

2248 2854 2387 2907 estis
2435 2870 2550 2907 cum
2596 2849 2749 2908 vobis
2782 2852 3145 2906 maledixerint
3178 2849 3415 2906 homines
3460 2853 3770 2906 mentientes
3795 2849 3832 2903 ι.

2262 2922 2372 2977 Nos
2400 2925 2560 2978 modo
2582 2924 2634 2979 id
2664 2938 2880 2992 agamus
2903 2964 2918 2988 ,
2968 2933 3030 2978 ut
3062 2922 3203 2977 male
3230 2922 3298 2977 de
3324 2922 3481 2977 nobis
3508 2938 3673 2977 nemo
3696 2922 3838 2991 loqui

2262 2994 2465 3063 absque
2493 2994 2773 3048 mendacio
2799 2993 2986 3063 possit.

2332 3009 2465 3115 sque
2493 3009 2773 3048 mendacio
2799 3009 2986 3063 possu.

2334 3063 2368 3116 2
2409 3105 2422 3118 .
2465 3063 2540 3117 Ita
2570 3064 2768 3119 habeto
2794 3061 3205 3134 sollicitudinem
3242 3061 3433 3134 domus
3456 3103 3472 3128 ,
3517 3070 3579 3116 ut
3607 3062 3834 3134 aliquam

2265 3141 2443 3188 tamen
2470 3135 2814 3198 vacationem,
2837 3133 3028 3187 anima:
3070 3133 3293 3204 tribuas.
3332 3130 3576 3204 Eligatur
3604 3130 3722 3187 tibi'
3744 3150 3834 3204 op-

584 3205 663 3262 tio
693 3207 953 3275 corporis,
987 3221 1108 3260 cum
1138 3200 1456 3261 est'animus
1479 3200 1548 3275 (ὁ)
1565 3200 1782 3273 jejunus
1810 3222 1841 3260 a
1868 3207 2025 3262 vitiis.
2054 3200 2157 3262 lin-
2186 3213 2233 3275 ο
2261 3213 2525 3275 portunus
2548 3244 2563 3270 ,
2608 3212 2665 3259 et
2692 3205 3022 3275 aliquantum
3046 3218 3082 3275 _a
3110 3200 3321 3256 familia:
3344 3203 3573 3275 strepitu
3597 3200 3836 3257 remotus

583 3290 675 3329 mo
697 3276 786 3344 qui
809 3275 1158 3345 probabiliter
1186 3291 1250 3330 ac
1286 3276 1521 3330 scienter
1541 3276 1874 3332 abstinentia:
1904 3279 2159 3334 virtutem

583 3352 793 3411 tenent,
812 3344 902 3400 ’eo
930 3344 1172 3413 afﬂigunt
1199 3361 1415 3416 carnem
1444 3361 1616 3407 suam,
1660 3363 1768 3416 quo
1797 3347 1989 3401 anima:
2014 3346 2162 3403 fran-

582 3423 711 3483 gant
729 3416 1034 3485 superbiam
1059 3434 1072 3468 :
1100 3423 1157 3471 ut
1184 3415 1336 3485 quasi
1355 3415 1421 3470 de
1439 3415 1907 3485 quodam’fastigio
1926 3425 2162 3473 contem-

580 3492 670 3556 tus
695 3486 776 3541 sui
804 3494 966 3556 atque
1003 3487 1320 3556 arrogantia:
1364 3485 1691 3541 descendant
1732 3488 1799 3542 ad
1834 3487 2162 3556 implendam

581 3552 791 3628 Domini
818 3552 1173 3628 voluntatem,
1215 3571 1335 3628 qua:
1361 3557 1595 3612 maxime
1624 3558 1676 3611 in
1706 3552 2007 3613 humilitate
2031 3573 2158 3628 per-

581 3624 778 3681 ticitur.
849 3626 1053 3698 Idcirco
1095 3643 1126 3682 a
1174 3624 1338 3682 variis
1385 3628 1551 3698 7397
1592 3628 1835 3684 ciborum
1879 3624 2160 3684 desideriis

581 3704 818 3768 mentem
844 3697 1160 3762 retrahunt,
1210 3706 1269 3768 ut
1296 3697 1467 3751 totam
1506 3697 1623 3768 ejus
1659 3699 1766 3752 vim
1794 3706 2060 3768 occupent
2102 3699 2159 3754 in

580 3765 871 3838 cupiditate
915 3769 1206 3838 virtutum:
1249 3766 1691 3838 jamquerminus
1729 3765 2161 3838 jejunio'rumet

580 3834 916 3909 abstinentia:
943 3836 1181 3892 laborem
1210 3834 1545 3909 caros—entit,
1572 3834 1748 3909 anima
1776 3834 2044 3909 esuriente
2068 3836 2158 3909 ju-

578 3905 802 3977 stitiam.
843 3905 976 3961 Nam
997 3915 1054 3962 et
1081 3923 1179 3963 vas
1206 3907 1486 3963 electionis
1514 3905 1710 3977 Paulus
1734 3919 1779 3974 0,
1807 3908 1883 3977 (d)
1914 3924 2033 3964 cum
2064 3905 2158 3964 ea.

579 3974 741 4060 stigat
768 3992 965 4060 corpus
1001 3992 1157 4059 suum
1179 4015 1194 4041 ,
1239 3984 1294 4032 et
1323 3977 1376 4060 in
1401 3976 1714 4060 servitutem
1743 3974 1962 4047 redigit,
2005 3994 2081 4060 _ne
2112 3981 2155 4012 ει

578 4044 698 4131 aliis
722 4044 1019 4131 pradicans
1047 4046 1158 4131 ipse
1186 4048 1448 4131 reprobus
1476 4044 1937 4131 inveniatur,_non
1968 4049 2038 4104 ob
2058 4065 2158 4131 .so-

578 4113 706 4199 iam,
724 4113 800 4170 ‘nt
823 4117 1042 4199 quidam
1069 4113 1548 4199 imperitiputant,
1577 4118 1680 4174 hoc
1711 4118 1835 4199 facit
1863 4120 2159 4199 “instita-

515 4233 519 4237 .
578 4191 688 4239 tem
711 4224 727 4249 ,
758 4203 866 4242 non
897 4189 1039 4243 enim
1069 4187 1194 4243 huic
1217 4187 1607 4250 tantummodo.
1640 4189 1733 4243 sed
1762 4189 2012 4244 omnibus
2038 4204 2158 4243 om-

577 4255 709 4311 nino
738 4257 1021 4328 virtutibus
1049 4259 1371 4313 abstinentia
1401 4258 1731 4328 opitulatur;
1762 4275 1939 4328 neque
1967 4273 2160 4327 magna

577 4333 670 4398 aut
699 4334 811 4381 tota
836 4327 1080 4398 Apostoli
1111 4328 1280 4397 gloria
1310 4336 1391 4383 est
1436 4326 1545 4383 non
1597 4326 1888 4384 fornicari:
1934 4330 2029 4384 sed
2057 4326 2160 4387 hoc

578 4396 691 4463 agit
762 4405 821 4451 ut
867 4396 1217 4466 castigatione
1264 4399 1507 4467 corporis
1579 4398 1856 4453 erudiatur
1908 4400 2156 4466 animus;

578 4476 890 4539 quantoque
917 4468 990 4539 nil
1013 4484 1079 4522 ex
1109 4468 1481 4539 voluptatibus,
1493 4470 1844 4539 concupiscit,
1869 4476 2019 4525 tanto
2046 4485 2162 4524 ma-

2283 3273 2412 3329 oCus
2435 3313 2449 3337 ,
2483 3274 2537 3329 in
2565 3290 2723 3345 quem
2754 3282 2809 3328 tu
2834 3316 2850 3342 ,
2873 3274 3019 3328 velut
3044 3273 3096 3345 in
3118 3281 3363 3345 portum,
3393 3273 3545 3345 quasi
3577 3288 3647 3326 ex
3676 3275 3837 3345 multa

2261 3339 2600 3415 tempestate
2617 3339 2866 3415 curarum
2907 3352 2961 3398 te
2987 3339 3214 3415 recipias
3238 3384 3254 3408 ,
3301 3351 3373 3415 et
3394 3339 3666 3397 excitatos
3717 3339 3840 3399 foris

2260 3411 2644 3484 cogitationum
2672 3413 2866 3484 ﬂuctus
2894 3413 3088 3484 secreti
3106 3411 3492 3484 tranquillitate
3518 3427 3835 3482 componas.

2261 3475 2492 3539 Tabtum
2522 3485 2594 3540 ibi
2627 3485 2697 3541 sit
2724 3483 2916 3539 divina:
2942 3482 3188 3538 lectionis
3215 3475 3473 3551 studium,
3505 3490 3614 3536 tam
3636 3475 3833 3539 crebra:

2259 3555 2564 3612 orationum
2593 3556 2758 3620 vices,
2806 3562 2916 3608 tam
2946 3553 3098 3607 firma
3128 3561 3185 3607 et
3210 3567 3395 3622 pressa
3422 3553 3490 3607 de
3510 3551 3719 3609 futuris
3746 3569 3836 3608 co-

2258 3626 2447 3695 gitatio
2470 3667 2487 3693 ,
2534 3633 2593 3680 ut
2634 3640 2823 3681 omnes
2847 3624 3039 3694 reliqui
3069 3624 3333 3695 temporis
3351 3624 3742 3695 occupationes
3760 3624 3835 3678 fa-

2258 3693 2362 3751 cile
2386 3696 2489 3751 hac
2509 3696 2790 3752 vacatione
2809 3693 3147 3764 compenses.
3184 3693 3295 3749 Nec
3320 3693 3423 3764 hoc
3441 3693 3567 3748 ideo
3589 3693 3831 3759 dicimus,

2258 3780 2366 3835 quo
2396 3775 2449 3821 te
2476 3766 2868 3835 retrahamusia
2912 3762 3052 3818 tuis:
3105 3764 3268 3835 immo
3305 3762 3356 3835 id
3387 3765 3598 3835 agimus
3619 3805 3636 3829 ,
3680 3771 3739 3819 ut
3764 3764 3833 3835 ibi

2255 3833 2457 3961 ldiscas,
2494 3835 2675 3908 ibique
2716 3834 2989 3890 mediteris
3033 3833 3379 3904 qualem;tuis
3405 3834 3651 3904 praebere
3679 3841 3734 3891 te
3752 3833 3835 3889 de-

2295 3921 2407 3961 eas.

2295 3921 2407 3962 eas.

2329 3975 2418 4031 25.
2455 3976 2737 4033 Familiam
2757 3982 2906 4029 tuam
2928 3974 3000 4028 ita
3022 3988 3148 4045 rege
3176 3982 3231 4029 et
3256 3971 3514 4045 confove,
3555 3982 3620 4045 ut
3648 3982 3830 4045 tema-

2260 4054 2398 4102 trem
2440 4016 2609 4116 magis
2652 4055 2868 4101 tuorum
2908 4016 3382 4115 quamvodominam
3411 4016 3595 4116 _videri
3621 4043 3776 4116 velis,
3799 4058 3830 4097 a

2257 4117 2451 4187 quibus
2488 4114 2817 4187 benignitate
2846 4114 3023 4185 potius
3058 4130 3220 4187 quam
3249 4114 3539 4187 severitate
3565 4114 3722 4187 exige
3748 4129 3830 4168 re-

2260 4183 2572 4242 verentiam.
2614 4183 2921 4241 Fidelins'et
2941 4183 3143 4255 gratius
3168 4198 3380 4255 semper
3401 4183 3720 4255 obsequium
3732 4187 3829 4246 est,

2258 4257 2403 4379 quod
2431 4258 2500 4312 ab
2528 4272 2731 4321 amore,
2755 4259 2927 4325 quam
2955 4254 3099 4336 quod
3127 4270 3159 4309 a
3184 4254 3330 4309 metu
3455 4254 3825 4337 proﬁciscitur.

2304 4327 2535 4379 necinue
2563 4331 2744 4379 auter
2777 4326 2831 4379 in
2860 4332 3110 4379 contuttto
3137 4324 3427 4379 venerabili
3458 4330 3625 4379 atoue
3653 4338 3825 4379 imma-

2304 4327 2535 4397 r.eeipue
2563 4331 2744 4397 auter
2777 4322 2831 4380 in
2860 4322 3124 4397 coniugio
3137 4322 3427 4380 venerabili
3455 4322 3625 4393 atque
3653 4325 3833 4379 imma-

2258 4395 2447 4467 culato
2466 4396 2777 4467 apostolica:
2804 4395 3003 4467 regula:
3031 4395 3166 4450 ordo
3190 4401 3458 4467 teneatur.

2328 4465 2415 4521 26.
2434 4464 2715 4536 Servetur
2740 4465 3000 4536 imprimis
3030 4466 3144 4520 viro
3176 4464 3441 4536 autoritas
3463 4479 3593 4536 sua,
3620 4472 3831 4536 totaque

578 4534 662 4655 ﬁlis
702 4532 881 4617 possit
917 4537 994 4619 .de
1034 4532 1326 4593 virtutibus
1368 4538 1606 4620 cogitare
1631 4555 1646 4604 ;
1670 4532 1767 4594 'ne
1810 4539 2158 4609 perfectionis
2261 4551 2293 4618 ξι
2332 4544 2388 4592 te
2416 4535 2589 4619 discat
2630 4532 2833 4593 domus'
2848 4542 3106 4616 quantum
3136 4535 3213 4589 illi
3251 4534 3482 4589 honoris
3502 4534 3718 4616 debeat.
3754 4532 3830 4587 Tu

634 4612 832 4655 amster
857 4603 884 4643 ά
916 4606 1283 4655 lmnerfectnm
1322 4607 1520 4655 almmd
1548 4624 1599 4655 ιη
1642 4623 1701 4655 se
1746 4609 1996 4655 ostendat
2018 4626 2035 4655 .-
2087 4625 2154 4655 ηερ
2188 4583 2234 4644 D
2262 4607 2411 4655 illum
2439 4606 2715 4655 dominum
2744 4607 3004 4655 obsecuta
3034 4611 3149 4655 tuo-
3195 4614 3252 4655 tu
3285 4619 3537 4655 maunum
3570 4601 3714 4655 tilum
3744 4612 3829 4655 tua

634 4601 833 4679 agister
857 4603 1285 4679 “imperfectum
1322 4601 1521 4677 aliquid
1548 4608 1601 4661 in
1633 4601 1701 4663 se
1746 4601 2035 4676 osiendat;
2084 4625 2154 4665 ne
2188 4601 2234 4644 υ
2262 4606 2425 4679 illum
2435 4606 2715 4679 dominum
2744 4601 3004 4677 obsequio
3034 4611 3167 4679 tuo,‘
3195 4614 3252 4659 tu
3285 4619 3543 4679 magnum
3570 4601 3714 4679 illum
3744 4612 3829 4677 tua

577 4670 777 4750 Christi
819 4670 1056 4750 imitatbr
1085 4687 1122 4750 εν
1158 4687 1310 4750 extra
1352 4670 1675 4750 pricceptum
1719 4670 2026 4750 quidquam'
2062 4688 2155 4734 aut

578 4742 909 4819 voluntatem
931 4745 1127 4801 Christi
1158 4748 1336 4815 faciat,
1352 4742 1496 4802 'neve
1525 4742 1702 4804 ininus
1727 4742 1975 4819 exemplo
1995 4764 2155 4817 quam

577 4814 745 4889 verbo
764 4814 955 4889 doceat
976 4834 1007 4889 _;A
1024 4833 1251 4887 cumque
1272 4814 1391 4889 aliis
1413 4818 1801 4889 pncdicavegit,
1829 4814 1942 4889 ipse
1966 4814 2156 4889 repro-

577 4882 1182 4992 bct'url,m(;:)nattdiatqué
1203 4904 1323 4943 cum
1355 4882 1638 4944 Pliarisrcis
1665 4906 1677 4940 :
1710 4882 1903 4943 Dicunt
1923 4882 2077 4956 enini,
2109 4897 2160 4943 et

578 4969 682 5007 non
711 4963 907 5010 faciunt
943 4963 958 4992 '
972 4997 984 5010 .
2059 4993 2062 4997 ν

803 4956 813 4966 .
943 4956 959 4992 τ
1090 4956 1102 4957 κ

647 4956 1229 5100 gifiitp’b‘stolicivcro
1256 5036 1312 5083 et
1342 5030 1593 5100 prmeepti
1622 5036 1705 5085 est
1731 5036 1786 5084 et
1813 5028 2065 5098 exempli,
2098 5035 2157 5100 ut

580 5094 648 5165 (f)
674 5093 966 5152 habeamus
991 5097 1257 5154 rationem
1281 5093 1387 5155 non
1416 5093 1757 5156 conscientia:
1787 5093 1992 5153 tantum
2012 5139 2027 5165 ,
2060 5096 2156 5153 sed

649 5239 674 5267 ιι
703 5228 891 5284 Matth.
921 5247 1029 5296 xvn,
1064 5229 1150 5285 19.
1226 5230 1252 5270 δ
1283 5230 1305 5285 I
1333 5216 1457 5285 Cor.
1492 5247 1526 5292 ι,
1551 5228 1641 5284 28.
1721 5240 1743 5269 ο
1774 5228 1797 5283 Ι
1827 5227 1953 5285 Cor.
1988 5244 2059 5289 ιχ,
2094 5227 2182 5281 27.

2262 4677 2564 4731 humilitate
2592 4672 2937 4740 demonstra;
2982 4672 3130 4729 tanto
3154 4676 3268 4744 ipsa
3296 4675 3615 4744 honoratior
3642 4672 3829 4737 futura,

2264 4756 2467 4815 quanto
2497 4747 2644 4801 illum
2673 4741 3303 4817 ampliushonoraveris.
3361 4741 3708 4817 Caputteni‘m
3730 4782 3746 4805 ,
3777 4752 3833 4795 ut

2264 4813 2341 4870 ait
2367 4817 2654 4887 Apostolus
2683 4813 2779 4882 “,_
2797 4813 3026 4869 mulieris
3051 4825 3128 4869 est
3146 4816 3222 4869 vir
3240 4824 3277 4851 ω
3306 4831 3318 4867 :
3353 4813 3454 4868 nec
3484 4813 3833 4887 aliutdema-

2267 4887 2349 4955 gis
2378 4882 2642 4967 reliquum
2674 4902 2869 4956 corpus
2897 4893 3141 4967 ornatur,
3150 4896 3332 5008 ﬂuam
3361 4898 3430 4938 ex
3460 4885 3651 4966 capitis
3671 4882 3834 4951 digni-

2267 4965 2386 5008 tate.
2432 4955 2585 5008 Unde
2617 4957 2756 5008 idem
2788 4956 2913 5008 alibi
2936 4955 3102 5008 dicit:
3210 4956 3414 5008 uberes.
3444 4954 3660 5008 subdita:
3678 4961 3832 5007 estote

2258 4965 2386 5011 tate.
2432 4954 2585 5012 Unde
2617 4957 2756 5011 idem
2772 4954 2913 5009 alibi
2936 4955 3102 5009 dicit:
3150 4954 3414 5019 Mulieres,
3444 4954 3660 5008 subdita:
3678 4961 3832 5007 estote

2256 5028 2379 5081 viris
2404 5068 2420 5092 ,
2453 5028 2584 5080 sicut
2611 5035 2807 5096 oportet
2843 5027 2902 5096 in_
2936 5025 3152 5079 Domino
3174 5033 3220 5076 η.
3270 5023 3376 5078 Sed
3420 5035 3476 5077 et
3516 5026 3704 5078 beatus
3732 5019 3831 5096 Pe-

2258 5106 2373 5152 trus
2403 5092 2678 5168 apostolus
2709 5097 2785 5150 ait
2825 5114 2838 5149 :
2871 5094 3124 5150 Similiter
3146 5095 3212 5167 (j)
3237 5104 3409 5149 autem
3446 5096 3687 5148 muiieres
3713 5092 3831 5147 sub-

2259 5227 2290 5272 d.
2316 5227 2447 5298 Vide
2477 5243 2562 5298 ep.
2596 5227 2663 5282 50
2686 5270 2700 5293 ,
2737 5244 2787 5281 n.
2815 5225 2870 5298 5.
2946 5225 3129 5298 (Vide
3152 5241 3244 5298 ep.
3266 5224 3353 5298 45,
3384 5242 3452 5298 n._
3471 5227 3525 5298 3.
3607 5226 3624 5264 τ
3652 5226 3830 5298 Matth.

577 5315 724 5370 nam,
756 5300 808 5355 5.
887 5310 911 5348 8
943 5294 1099 5356 Rom.
1138 5318 1228 5363 xu.
1262 5301 1348 5356 17.
1424 5299 1451 5339 ιι
1478 5300 1669 5370 Philip.
1703 5317 1760 5367 ιι,
1789 5299 1877 5354 15.
1904 5298 1974 5370 ἀί
2011 5298 2161 5354 Rom.

2266 5316 2290 5364 ι,
2320 5297 2404 5351 17.
2483 5294 2548 5353 1⁷1
2571 5300 2697 5354 Cor.
2728 5315 2782 5363 x,
2806 5296 2875 5352 ‘52
2903 5303 2959 5352 et
2985 5297 3074 5352 35.
3149 5295 3175 5333 ¹ι
3198 5297 3321 5351 lsai.
3345 5312 3398 5360 ν,
3428 5296 3516 5363 20,
3547 5313 3653 5354 sec.
3685 5294 3830 5351 LXX.

581 5369 599 5409 ι
631 5371 818 5427 Matth.
846 5388 897 5440 v,
929 5372 1013 5425 11.
1090 5371 1172 5426 ml
1201 5372 1327 5426 Cor.
1352 5388 1422 5437 xl,
1455 5372 1510 5426 5.
1587 5368 1758 5427 n‘Col.
1791 5387 1866 5436 ιιι,
1894 5368 1981 5424 18.

646 5506 723 5575 (al
755 5506 844 5562 Sic
872 5506 1031 5561 iidem
1061 5504 1293 5575 codices.
1313 5503 1402 5575 ,Εὐ
1446 5503 1635 5570 Rosv.,
1667 5501 1919 5559 umbram.

647 5569 722 5644 (ὁ)
754 5576 851 5632 Ms.
878 5576 1048 5631 codex
1072 5569 1331 5642 Julianus,
1364 5574 1645 5629 donantur.

651 5647 722 5712 (c)
750 5646 846 5700 Ms.
871 5646 1001 5711 ποι,
1030 5645 1274 5701 mundus.

647 5717 726 5783 (ἀ)
758 5715 851 5769 Ed.
888 5717 1074 5780 Rosv.,
1106 5716 1247 5769 dum.

673 5784 731 5921 ia}
755 5783 893 5838 Editi
924 5784 1140 5840 codices
1168 5784 1328 5840 Rom.
1363 5793 1417 5839 et
1445 5783 1615 5841 Pone.
1645 5783 1846 5842 addunt
1867 5802 1898 5841 a
1921 5784 2161 5841 Domino.

680 5859 699 5921 ἶ
755 5853 920 5908 Iidem
949 5855 1188 5919 codices,
1222 5872 1474 5909 currmus.

673 5804 698 5835 ρ
756 5790 893 5838 Editi
924 5790 1140 5840 codices
1168 5790 1328 5840 Rom.
1363 5793 1417 5839 et
1447 5790 1474 5838 l‘

651 5790 731 5922 if}
755 5853 920 5908 Iidem
949 5855 1188 5919 codices,
1222 5872 1474 5909 currmus.

2340 5502 2418 5642 (7;
2444 5501 2522 5557 Ila
2552 5517 2650 5556 ms.
2677 5501 2780 5557 Jol.
2812 5510 2868 5558 et
2895 5500 3145 5557 Sacchin.
3163 5499 3345 5582 .Alias,
3373 5500 3523 5571 ipsis.
3572 5571 3584 5584 .

2341 5573 2840 5697 gonhgabg'sgj’pitgs
2865 5573 3036 5628 codex
3073 5570 3314 5628 Joltanus
3348 5586 3470 5625 cum
3501 5571 3655 5627 editis
3678 5569 3827 5623 Rom.

2269 5652 2325 5701 et
2351 5645 2542 5706 Ponc.,
2572 5645 2836 5698 materias.

2344 5712 2407 5784 (i)
2444 5712 2568 5769 Mss.
2620 5711 2726 5766 Jol.
2776 5721 2832 5767 et
2872 5711 3044 5777 Vict,
3093 5710 3364 5780 accipitur.
3405 5709 3542 5766 Edd.
3586 5712 3730 5766 Rom.
3775 5716 3831 5763 et

2271 5782 2461 5853 Pone,
2472 5852 2481 5853 ί
2493 5784 2790 5853 percipitur.

2347 5853 2415 5923 (j)
2448 5851 2538 5907 um
2567 5852 2684 5908 dua:
2713 5867 2872 5909 voces
2891 5893 2907 5919 ,
2936 5866 3055 5919 qua:
3082 5852 3133 5906 in
3163 5851 3412 5906 omnibus
3441 5851 3702 5907 codicibus
3727 5864 3829 5903 no-
