3996 6356
513 295 630 364 ‘m

1599 302 1936 359 APPENDIX
1977 300 2259 358 OPEliUM
2299 305 2356 359 S.
2403 303 2692 362 PAULINI.

3691 316 3793 372 748

527 412 640 492 duo
659 409 984 492 Viennensis
1001 420 1056 467 et
1083 411 1452 492 Cluniacensis
1474 416 1530 492 _in
1560 415 1663 492 hoc
1695 418 2023 492 conveniunt
2051 423 2106 469 ut
2135 419 2179 475 Α
2209 416 2466 492 strictior,
2497 435 2563 492 es
2593 420 2711 474 idea
2735 419 2937 475 autoris
2964 420 3236 491 totiusque
3263 423 3443 492 operis
3465 427 3794 482 meonomia.

528 490 737 552 partem
784 485 1147 554 posteriorem
1177 484 1416 552 epistolae
1473 486 1524 538 in
1565 486 1794 554 vulgatis
1837 485 2109 540 codicibus

530 555 742 608 Alethio
771 553 1058 623 inscripta),
1091 553 1155 607 ad
1189 555 1583 610 Pammachium
1613 572 1642 609 a
1669 553 1900 611 Paulino
1929 556 2109 610 datam

527 639 649 680 esse
701 623 1034 679 conﬁrment.
1080 625 1340 680 Praeterea
1372 627 1631 681 Catenam
1659 626 1710 679 in
1743 642 1932 682 omnes
1964 627 2111 680 l’auli

527 695 786 763 epistolas
814 711 882 748 ex
916 695 1159 748 l'atrilms
1183 695 1384 750 Gnecis
1403 711 1556 763 reque
1586 712 1651 751 ac
1681 695 1903 759 Latinis,
1931 697 2112 751 demto

530 765 845 833 Augustino,
879 767 1111 820 coniecit
1155 765 1345 819 Florus
1393 765 1776 834 Lugdunensis,
1828 768 2114 835 divisitque

530 837 583 888 in
623 836 785 890 libros
817 836 1117 890 duodecim.
1152 835 1354 890 Horum
1402 836 1656 890 librorum
1706 838 2016 892 undecimus
2046 854 2109 892 ex

533 906 739 960 I’aulini
778 905 1022 976 Nolensis
1070 906 1308 976 episcopi
1359 908 1633 975 opusculis
1686 917 1829 961 totus
1879 917 2108 971 constat,

512 976 710 1044 'ibique
737 977 962 1044 insignia
985 975 1240 1029 duo’loca
1263 993 1327 1030 ex
1361 977 1460 1030 hac
1492 977 1770 1031 Aletliiana
1798 986 1922 1030 ante
1953 978 2112 1044 vulgo

527 1047 731 1100 credita
759 1046 986 1117 epistola
1015 1046 1180 1101 refert
1207 1047 1307 1100 sub
1338 1047 1512 1111 titulo,
1538 1063 1601 1100 ex
1625 1047 1838 1116 epistola
1869 1047 1938 1117 ad
1957 1046 2115 1117 Pam-

527 1116 808 1172 machium.
843 1119 995 1172 Prior
1025 1117 1175 1172 locus
1202 1125 1285 1187 est
1330 1117 1380 1171 in
1413 1119 1538 1170 illud
1568 1118 1806 1187 epistola:
1835 1117 1902 1170 ad
1929 1116 2111 1186 Ephe-

528 1187 639 1239 sios
667 1203 785 1256 cap.
817 1205 853 1250 ι,
887 1204 1024 1242 vers.
1060 1187 1145 1248 15,
1196 1186 1262 1239 11
1295 1205 1308 1240 :
1357 1187 1565 1257 Signati
1604 1186 1728 1241 estis
1760 1188 1960 1256 Spiritu
1987 1204 2113 1256 pro-

529 1259 1042 1338 missionisnsancto,
1068 1258 1159 1338 qui
1193 1265 1266 1338 ist
1321 1258 1513 1338 pignus.
1554 1257 1862 1338 hereditatis.
1891 1268 2113 1338 nostris;

532 1329 619 1382 ubi
649 1330 762 1382 haec
790 1328 976 1382 Florus
1005 1345 1017 1380 :
1060 1327 1143 1381 Ea:
1183 1327 1402 1397 epistola
1445 1328 1513 1380 ad
1561 1327 1951 1382 Pammachium
1981 1345 1998 1381 :
2029 1327 2115 1381 Ita

528 1415 621 1467 per
648 1397 909 1452 Christum
937 1398 1046 1452 Deo
1080 1399 1232 1451 vincti
1257 1409 1304 1450 et
1333 1397 1474 1451 insiti
1503 1414 1698 1462 sumus,
1719 1407 1776 1450 ut
1803 1397 1900 1451 Dei
1929 1399 2115 1451 arrha—

531 1467 712 1522 bonem
735 1479 1018 1533 teneamus,
1041 1476 1170 1538 etc.,
1201 1483 1369 1538 usque
1417 1468 1885 1538 adipossessianem
1915 1469 2116 1522 heredi-

532 1541 659 1592 tatis
688 1549 928 1601 arteriae,
960 1554 1046 1608 ep.
1082 1537 1148 1591 15
1181 1579 1195 1601 ,
1229 1536 1376 1608 ιιξ26
1404 1547 1459 1592 et
1479 1537 1567 1592 27.
1611 1538 1736 1594 llaec
1779 1538 2117 1593 habebantur

530 1610 630 1680 sub
659 1610 816 1663 titulo
845 1607 1086 1680 episto‘lzn
1123 1608 1187 1662 ad
1219 1607 1486 1680 Alethium
1516 1609 1567 1662 in
1597 1609 1835 1680 editione
1879 1610 2112 1680 Antuer-

530 1679 704 1748 picnsi
749 1677 1057 1742 anni'lﬁiﬁ,
1090 1693 1208 1749 pag.
1242 1677 1364 1732 500.
1397 1677 1618 1748 Insuper
1648 1678 1854 1749 Florus,
1890 1679 1941 1732 in
1987 1679 2113 1733 illu.l

531 1750 784 1820 Epistula:
811 1750 875 1805 ad
905 1748 1156 1804 Hebers
1196 1763 1315 1820 cap.
1349 1763 1635 1820 xm,vers.
1670 1748 1695 1802 1
1725 1757 1780 1820 et
1807 1749 1842 1802 2
1865 1767 1876 1802 :
1903 1751 2114 1820 Caritas

533 1822 874 1946 {mternitatis
905 1828 1131 1880 maneat.
1161 1829 1211 1872 et
1243 1819 1645 1889 hospitalitatem
1671 1819 1831 1874 nolite
1859 1819 2110 1884 oblivisci,

551 1906 648 1946 nec
698 1891 918 1944 Paulino
944 1888 1148 1944 refert:
1201 1887 1285 1942 Ea:
1326 1890 1545 1946 epistola
1575 1889 1643 1944 ad
1677 1889 2067 1944 Pammachium
2097 1907 2110 1945 .'

551 1906 648 1946 nec
698 1891 918 1944 Paulino
944 1888 1148 1959 refert:
1201 1887 1285 1942 Ea:
1326 1887 1545 1959 epistola
1575 1889 1643 1944 ad
1677 1889 2067 1944 Pammachium
2097 1907 2114 1945 :

538 1961 603 2013 Et
623 1961 736 2015 vide
764 1963 1037 2015 rationem.
1069 1958 1247 2013 Facile
1287 1958 1546 2030 judicabis
1571 1959 1874 2030 parricidali
1901 1961 2119 2015 crimine

535 2032 786 2085 contemni
809 2047 1056 2102 pauperes
1086 2039 1261 2084 nostra
1289 2027 1525 2094 arbitrio,
1556 2027 1682 2102 quos
1711 2030 1871 2102 nullo
1896 2032 2118 2086 ridemus

535 2049 785 2085 contemni
797 2049 1056 2153 Bauperes
1086 2049 1261 2084 nostra
1290 2049 1525 2094 aratmo,
1556 2049 1682 2102 quos
1711 2049 1852 2086 nuuo
1896 2049 2118 2086 amemus

535 2118 569 2154 ιι
610 2102 755 2156 nobis
847 2102 894 2156 ei
940 2117 1093 2171 opere
1123 2102 1390 2171 discretos,
1436 2108 1566 2171 etc,
1601 2115 1768 2171 usque
1811 2101 1876 2171 ad
1904 2103 2118 2170 prwmia

535 2187 746 2242 operum
770 2169 1082 2242 recipiendo.
1133 2187 1218 2240 ep.
1251 2169 1336 2242 15,
1389 2186 1452 2242 ιι.
1484 2169 1554 2224 20
1591 2179 1646 2225 et
1690 2169 1779 2242 21.
1838 2169 1969 2242 [hee
1991 2172 2117 2226 item

538 2240 651 2312 ipsa
700 2256 819 2311 qum
862 2241 1065 2296 Paulini
1120 2241 1360 2311 epistola:
1390 2240 1457 2312 ad
1488 2241 1882 2312 Pammachium
1932 2241 2120 2296 Florus

541 2310 785 2381 imputat,
813 2310 1162 2382 reperiuntur
1181 2312 1231 2364 in
1261 2311 1486 2382 epistola
1535 2310 1601 2364 ad
1630 2310 1898 2366 Alethium
1930 2312 2119 2382 inseri:

539 2379 630 2452 pta
653 2383 704 2437 in
735 2379 922 2453 ειιᾲςῐιι
951 2379 1186 2453 editione
1215 2382 1374 2453 761
1408 2379 1806 2453 Antuerpjensi,
1839 2398 1870 2436 a
1892 2383 2031 2453 linea
2051 2381 2122 2435 25

540 2450 747 2522 pagina:
773 2450 880 2505 295
907 2451 974 2506 ad
1012 2450 1574 2519 lineam’ﬁirpagina‘.
1603 2450 1724 2522 297.
1759 2450 1936 2518 Quare
1975 2452 2121 2509 dubii

540 2521 672 2577 nihil
699 2531 946 2593 superest
963 2523 1102 2593 quin
1144 2523 1282 2577 hanc
1329 2522 1571 2593 epistolae
1597 2521 1809 2593 Alethio
1856 2523 2122 2593 inscripta:

538 2591 894 2664 posteriorem
918 2592 1051 2664 olim
1072 2603 1314 2664 partem,
1327 2591 1402 2664 ad
1430 2592 1714 2664 epistolam
1743 2607 1846 2664 qu_a
1876 2591 2124 2648 Pamfna-

539 2662 718 2718 chium
747 2663 1056 2732 consolatus
1083 2670 1167 2718 est
1193 2662 1464 2726 Paulinus,
1497 2663 1766 2732 pertinere
1791 2662 1982 2718 Florus
2009 2664 2124 2719 exi-

539 2735 854 2788 stimaverit.
880 2731 987 2788 Sed
1011 2740 1067 2788 et
1111 2749 1270 2787 unam
1295 2731 1574 2787 dumtaxat
1605 2734 1809 2786 l'aulini
1855 2733 1924 2788 ad
1970 2733 2124 2788 Pam-

542 2805 809 2861 machium
839 2803 1123 2874 epistolam
1152 2819 1212 2858 se
1239 2817 1534 2874 agnoscere
1562 2804 1694 2874 satis
1723 2805 1959 2858 ostendit
1998 2803 2121 2859 Flo-

543 2891 651 2946 rus,
677 2874 783 2929 duo
809 2871 903 2946 illa
928 2871 1229 2946 fragmenta
1267 2871 1470 2928 referre
1495 2888 1561 2946 se
1582 2873 1775 2946 dicens
1803 2889 1869 2928 ex
1898 2875 2124 2946 epistola

542 2945 608 2999 ad
641 2943 1039 2999 Pammachium
1067 2961 1080 2996 :
1105 2944 1149 2997 si
1181 2943 1361 3012 plures
1381 2945 1698 3009 censuisset,
1729 2945 1846 2998 illas
1869 2943 2010 3000 haud
2035 2946 2128 3000 du-

543 3015 629 3070 bie
658 3030 686 3066 a
711 3029 935 3069 numero
959 3012 1308 3078 discreturus,
1340 3029 1406 3067 eo
1427 3029 1578 3068 more
1592 3029 1700 3081 quo
1731 3013 1967 3069 laudavit
1995 3016 2126 3071 alias

547 3084 752 3138 t'aulini
773 3083 1046 3154 epistolas.
1081 3082 1190 3154 Nec
1209 3099 1338 3137 vero
1361 3084 1496 3154 alius
1517 3083 1816 3152 quisquam,
1843 3085 1985 3154 quod
2015 3090 2127 3154 qui-

2215 485 2271 540 ln
2301 498 2455 561 parte
2484 490 2662 559 priore
2689 493 2789 544 sub
2813 492 3018 545 initium
3041 485 3396 561 proposuerat
3417 491 3674 548 Paulinus
3693 496 3798 549 duo

2219 573 2278 610 se
2307 557 2358 610 in
2389 557 2737 632 Pammachio
2768 557 3101 632 laudaturum
3131 557 3406 632 {primum
3435 565 3553 632 pias
3579 564 3696 630 ejus
3724 565 3798 618 la-

2216 642 2427 697 crymas
2465 630 2522 683 in
2551 628 2736 685 funere
2767 630 2998 686 Paulinae
3025 628 3268 700 conjugis
3288 672 3304 697 ,
3333 628 3452 686 tum
3475 628 3672 688 deinde
3699 636 3799 688 im-

2215 712 2435 820 pvensas.
2455 701 2638 782 egenis
2692 701 3063 773 eleemosynas
3117 718 3214 772 pro
3261 701 3527 757 defuncta:
3577 705 3793 760 solatio.

2275 784 2378 820 am.
2423 777 2592 820 munit
2621 772 2730 820 leo.
2763 772 2829 820 15
2856 813 2871 820 -
2923 789 2976 820 ιι.
3008 771 3042 820 5
3069 779 3123 820 et
3149 771 3207 820 41
3234 811 3248 820 .
3275 782 3332 820 ιιι
3358 774 3710 820 evocationem
3733 778 3793 820 nd

2275 784 2378 828 am,
2423 769 2592 838 inquit
2621 772 2730 840 (ep.
2763 772 2829 824 15
2856 813 2872 837 ,
2923 769 2976 825 ιι.
3008 771 3042 824 5
3069 769 3131 842 ρι’
3149 771 3207 842 4)
3234 811 3249 834 ,
3275 782 3332 824 ut
3358 774 3710 828 evocationem
3733 777 3800 828 ad

2215 836 2382 912 Qeum
2411 836 2604 894 sancta:
2629 836 2823 895 sororis
2851 836 2978 896 meae
3000 881 3015 905 ,
3061 841 3133 894 ita
3156 836 3472 896 devotionem
3497 845 3707 912 pietatis
3746 847 3798 898 in

2216 905 2419 962 Christo
2451 913 2781 981 tutepariter
2817 911 2989 965 audivi
3022 951 3035 964 .
3073 951 3087 965 .
3125 951 3138 965 .
3165 951 3179 965 .
3207 912 3477 981 conjugem
3497 905 3520 964 ’.
3551 955 3566 967 .
3595 953 3609 966 .
3646 953 3660 966 .
3695 931 3796 966 non

2216 993 2427 1032 vacuam
2455 980 2655 1052 ﬂetibus
2679 1021 2695 1044 ,
2739 998 2899 1052 neque
2927 999 3058 1035 vano
3101 980 3404 1052 pomparum
3440 984 3680 1036 inanium
3711 985 3803 1037 ho-

2218 1065 2343 1100 nore
2383 1051 2655 1103 comitatus
2683 1067 2737 1103 es
2758 1051 2915 1112 ;"sed
2952 1052 3192 1106 remediis
3226 1051 3552 1105 salutaribus
3595 1061 3654 1106 et
3679 1056 3800 1106 viris

2217 1117 2473 1192 operibus,
2504 1119 2597 1174 hoc
2625 1131 2700 1172 est
2728 1122 3095 1192 eleemosynis,
3118 1130 3435 1190 prosecutus,
3464 1121 3638 1176 debito
3662 1124 3799 1176 ordi-

2218 1189 2530 1262 neprimum
2554 1207 2680 1262 caro
2712 1194 2878 1260 funeri
2894 1189 3039 1261 jusfa
3061 1189 3385 1262 persolvens,
3435 1193 3534 1262 piis
3557 1193 3802 1261 lacrymis

2216 1266 2265 1332 et
2285 1259 2430 1329 largo
2453 1261 2685 1332 caritatis
2715 1259 2832 1314 rore
2870 1259 3107 1332 perfusus
3133 1301 3147 1326 ,
3199 1259 3491 1330 religiosius
3529 1259 3802 1328 exsequias

2218 1327 2503 1402 honorasti.
2555 1328 2740 1402 Itaque
2775 1327 2922 1384 istius
2964 1327 3175 1400 pietatis
3216 1333 3270 1402 in
3298 1327 3509 1402 iteropus
3544 1327 3676 1402 ιιιιιῤ
3700 1332 3805 1384 ιαιιο

2217 1396 2350 1470 dabo
2377 1441 2391 1464 ,
2438 1408 2563 1470 etc,
2597 1396 2834 1470 Tandem
2875 1396 2980 1454 non
3012 1403 3170 1469 longe
3194 1401 3263 1460 ab
3301 1396 3452 1456 initio
3502 1401 3672 1470 partis
3716 1416 3804 1469 po-

2217 1469 2459 1540 sterioris
2505 1469 2722 1540 Alethio
2773 1471 2990 1524 indike:
3066 1471 3285 1524 Veniam
3327 1472 3465 1526 enim
3508 1469 3670 1540 ’jam,
3731 1472 3805 1522 ait

2219 1537 2397 1609 (epist.
2421 1540 2517 1611 15,
2546 1557 2599 1594 ιι.
2624 1539 2734 1611 11),
2760 1541 2829 1593 ad
2849 1543 3270 1611 medicationem
3290 1557 3500 1611 operum
3515 1537 3744 1611 tuorum,
3759 1550 3805 1592 et

2218 1611 2377 1681 762
2407 1610 2476 1681 ad
2495 1609 2774 1681 piosgactus
2797 1609 2861 1664 de
2889 1612 3234 1681 lacrymarum
3255 1609 3528 1665 sanctitate
3546 1609 3803 1672 transibo;

2217 1679 2378 1749 atque
2407 1679 2533 1734 hinc
2559 1679 2627 1734 ad
2657 1680 2814 1735 tinem
2832 1679 3029 1750 usque,
3061 1681 3387 1736 Pammachii
3414 1681 3728 1748 largitiones
3754 1682 3807 1734 in

2220 1763 2424 1822 egenos
2436 1750 2614 1822 etiam
2637 1749 3063 1819 magniﬁcentius
3087 1767 3250 1820 quam
3280 1751 3395 1822 pias
3414 1751 3565 1822 lacry
3577 1766 3695 1804 mas
3715 1765 3809 1804 ex-

2224 1819 2380 1904 tollit.
2407 1819 2556 1904 Nune
2583 1822 2842 1904 integram
2871 1822 3042 1904 ipsam
3069 1819 3353 1904 epistolam
3380 1820 3446 1874 15
3467 1819 3808 1904 coagmenta-

2223 1898 2356 1962 tam,
2387 1899 2442 1944 et
2469 1892 2537 1946 ad
2567 1892 2817 1961 antiquos
2836 1891 3043 1962 aliquot
3070 1892 3285 1947 codices
3323 1891 3668 1954 recensitam;
3699 1906 3807 1944 uno

2219 1961 2381 2016 ductu
2406 1961 2599 2016 intueri
2624 1964 2858 2030 juverit,
2891 1961 2948 2016 ut
2988 1963 3073 2016 vel
3122 1963 3248 2017 inde
3291 1961 3593 2030 argumenti
3644 1962 3810 2015 totius

2221 2031 2359 2150 {latio
2388 2032 2727 2101 partiumque
2751 2033 2990 2088 omnium
3011 2031 3145 2087 ordo
3166 2039 3222 2086 ct
3244 2031 3510 2087 connexio
3539 2030 3810 2100 planiores

2261 2110 2372 2150 2111..

2261 2110 2372 2154 ιιιιι.

2294 2180 2448 2237 Αιιιιο
2479 2179 2602 2243 598,
2633 2189 2691 2236 ιιι
2717 2181 3006 2252 credimus,
3037 2181 3253 2236 advenit
3277 2182 3419 2252 apud
3445 2183 3728 2252 l‘aulinum
3759 2183 3812 2239 in

2223 2249 2858 2322 diebusrquadragesimae
2911 2251 3229 2318 Cardamas,
3261 2249 3327 2306 et'
3362 2269 3392 2306 a
3443 2251 3709 2322 Delphino
3750 2267 3812 2308 ac

2223 2321 2466 2376 Amando
2496 2323 2700 2377 litteras
2741 2324 2792 2377 ei
2839 2323 3034 2384 attulit.
3067 2337 3186 2390 qua:
3215 2323 3363 2376 illum
3395 2321 3666 2376 faciebant
3695 2338 3813 2377 cer-

2225 2392 2416 2473 tiorem
2456 2391 2523 2474 de
2555 2395 2770 2474 negotio
2796 2393 2974 2474 Basilii
3002 2391 3230 2474 feliciter
3255 2402 3428 2474 gesto,
3463 2394 3550 2474 _de
3573 2407 3688 2474 quo
3716 2407 3810 2446 su-

2225 2462 2406 2532 perius
2439 2463 2646 2546 egimus
2685 2463 2753 2546 ad
2778 2479 2866 2546 ep.
2911 2462 2976 2545 12
2997 2504 3012 2527 ,
3069 2469 3125 2546 et
3159 2472 3418 2546 praeterea
3445 2463 3512 2546 de
3554 2462 3812 2546 diuturno

2225 2548 2289 2587 ac
2310 2533 2456 2600 gravi
2479 2533 2669 2588 morbo
2698 2532 2866 2602 Delph
2891 2533 2971 2595 ni;
3003 2532 3095 2586 sed
3135 2533 3326 2588 eodem
3373 2533 3548 2587 indice
3577 2541 3632 2586 et
3657 2534 3812 2601 :egri-

2226 2601 2468 2683 tudinem
2489 2612 2543 2658 et
2565 2603 2860 2683 sanitatem
2877 2603 3421 2683 cognoviti’a‘ulinus:
3448 2604 3577 2658 Post
3605 2603 3812 2683 Pascha

2226 2670 2436 2743 Domini
2493 2673 2768 2742 respondit
2808 2672 3072 2743 Delphino
3101 2681 3155 2727 et
3179 2671 3448 2743 ,Amando
3488 2689 3585 2743 per
3605 2673 3815 2728 litteras

2228 2741 2295 2795 M
2315 2753 2371 2814 et
2400 2743 2487 2808 15,
2515 2741 2740 2813 quarum
2769 2745 3001 2814 portitor
3021 2742 3118 2796 fuit
3139 2742 3278 2814 idem
3307 2741 3617 2805 Cardainas,
3651 2759 3814 2814 quem

2297 2813 2395 2867 rid
2427 2823 2533 2868 tem
2555 2814 2684 2867 roris
2729 2813 2977 2868 l‘aulinus
3020 2829 3048 2866 a
3073 2813 3162 2867 iud
3203 2828 3263 2867 se
3313 2814 3636 2868 detinuerat.
3682 2813 3816 2868 Vide

2297 2892 2335 2937 t.
2367 2898 2486 2937 can.
2517 2831 2606 2937 52.
2641 2900 2693 2937 ιι.
2725 2884 2779 2937 2.
2804 2894 2858 2937 et
2886 2899 2972 2937 eo.
3006 2831 3089 2937 ib.
3118 2899 3170 2937 ιι.
3208 2883 3230 2936 1
3266 2883 3404 2937 et5.
3436 2892 3490 2937 et
3511 2899 3600 2937 eo.
3637 2880 3730 2937 15.
3757 2899 3811 2937 ιι.

2231 2880 2340 3007 rita.
2517 2880 2606 2947 52,
2641 2900 2693 2938 ιι.
2725 2884 2779 2947 2,
2804 2894 2858 2940 et
2886 2899 2972 2955 ep.
3006 2880 3089 2949 14,
3118 2899 3170 2937 ιι.
3208 2883 3230 2936 1
3266 2883 3404 2949 et5,
3436 2892 3490 2939 et
3511 2899 3600 2953 ep.
3637 2880 3730 2952 15,
3757 2899 3811 2938 ιι.

2269 2995 2496 3023 ,-...τ.

2300 3032 2580 3088 Theridius
2606 3042 2662 3089 et
2692 3034 3104 3090 Posthumianus
3129 3034 3403 3088 Paulinum
3423 3040 3812 3090 convenerant:

2232 3120 2355 3175 cum
2401 3101 2600 3175 Gallias
2624 3115 2956 3174 repeterent,
2995 3121 3091 3175 per
3111 3119 3206 3158 eos
3227 3119 3371 3175 anno
3399 3103 3503 3157 599
3530 3105 3683 3160 dedit
3702 3105 3817 3174 epi-

545 3154 666 3239 delp
691 3153 860 3239 spiam
887 3153 1114 3239 duasrad
1148 3153 1547 3239 Pammachium
1576 3153 2125 3239 epistolas_’aguovit;
2156 3162 2202 3226 C
2233 3153 3215 3231 genu;Sisennas;sicana;
3227 3153 3818 3239 egisseegisse.

545 3225 640 3279 sed
671 3233 724 3278 et
745 3224 862 3294 dine
885 3239 992 3294 non
1021 3231 1201 3287 erunt,
1231 3223 1273 3278 si
1300 3224 1598 3294 probentur
1625 3223 1778 3294 unius
1806 3235 1860 3278 et
1889 3227 2128 3294 ejusdem

545 3302 728 3363 partes
747 3293 882 3348 dnzc.
911 3291 1129 3347 Certum
1159 3302 1240 3348 est
1260 3291 1327 3347 ei
1347 3293 1504 3348 dictis
1530 3294 1605 3347 illi
1631 3293 1872 3362 epistola:
1901 3291 1969 3350 ad
1987 3298 2134 3352 Pam-

547 3365 836 3429 machium,
867 3378 986 3434 quae
1029 3364 1128 3434 sub
1159 3364 1376 3418 nomine
1407 3364 1650 3434 epistola:
1679 3363 1744 3417 ad
1775 3363 2047 3422 Alethium
2078 3368 2130 3423 in

547 3435 776 3503 vulgatis
796 3443 920 3490 ante
951 3433 1281 3504 habebatur,
1311 3433 1520 3502 partem
1549 3435 1785 3504 priorem
1814 3435 2022 3492 deesse.
2068 3437 2130 3494 ld

547 3515 731 3559 notum
755 3515 837 3560 est
858 3505 1122 3575 pnecipue
1139 3519 1206 3558 ex
1223 3503 1569 3558 adnotatione
1587 3503 1900 3575 Vietmensis
1911 3507 2132 3574 codicis,

548 3585 604 3630 et
648 3590 716 3629 ex
757 3573 987 3644 abrupto
1023 3573 1148 3641 ejus
1189 3590 1254 3629 ac
1281 3575 1397 3629 sine
1425 3589 1586 3630 sensu
1631 3574 1804 3629 initio.
1846 3575 1964 3642 Quo
1990 3573 2132 3634 enim

548 3653 798 3715 spectant
827 3646 912 3699 illa
943 3644 1103 3715 verba
1133 3687 1147 3709 ,
1177 3653 1394 3698 mortem
1416 3655 1656 3714 operatur
1681 3684 1696 3707 ,
1748 3646 1847 3700 nisi
1892 3646 1961 3700 ad
1991 3658 2138 3704 ante-

550 3714 794 3770 cedentia
821 3714 1063 3784 qumdam
1087 3715 1282 3782 quibus
1310 3716 1647 3784 compleatur
1687 3718 1995 3772 sententia?
2025 3719 2134 3776 Nec

551 3786 728 3840 minus
758 3794 966 3840 certum
995 3792 1079 3838 est
1106 3784 1261 3838 alteri
1292 3785 1367 3838 illi
1395 3799 1515 3852 qua:
1542 3785 1595 3838 in
1625 3785 1852 3852 vulgatis
1883 3788 2040 3842 titulo
2067 3791 2132 3844 ad

553 3853 956 3927 Pammachium
993 3863 1323 3922 pncnotatur
1385 3855 1586 3927 deesse
1618 3865 1823 3927 partem
1874 3861 2136 3927 posterio-

551 3940 685 3980 rem.
729 3923 894 3979 Nobis
921 3940 1048 3978 vero
1073 3933 1318 3986 constat,
1351 3925 1396 3979 si
1426 3925 1589 3994 priori
1619 3923 1754 3995 parti
1784 3923 2139 3984 connectatur

551 3997 853 4066 posterior,
897 4010 966 4050 ne
997 3995 1448 4066 apicemAquidem
1484 3995 1607 4049 huic
1635 3996 1874 4065 epistola:
1903 4000 1967 4052 ad
1997 4001 2137 4054 inte-

551 4062 802 4133 gritatem
833 4062 1156 4120 defuturum.
1196 4062 1519 4120 Coalescunt
1547 4062 1724 4118 autem
1752 4067 1834 4121 hic
1857 4080 2051 4135 partes,
2085 4079 2140 4124 et

551 4139 651 4191 sibi
680 4145 865 4191 mutuo
895 4135 1296 4206 adstringuntur
1330 4151 1467 4190 nexu
1513 4135 1706 4206 triplici
1736 4155 1748 4190 :
1799 4135 2010 4194 Primus
2058 4149 2140 4194 est

553 4209 703 4263 locus
732 4207 974 4276 Apostoli
1006 4205 1047 4260 ll
1077 4205 1144 4258 ad
1173 4205 1418 4266 Corinth,
1450 4222 1569 4275 cap.
1605 4222 1684 4276 vn;
1703 4248 1718 4270 ,
1751 4225 1802 4261 v.
1831 4208 1895 4260 10
1918 4249 1932 4272 ,
1967 4210 2140 4264 Seculi

553 4287 722 4332 autem
748 4274 958 4331 tristitia
996 4283 1212 4330 mortem
1252 4274 1531 4346 operatur.’
1549 4275 1636 4329 Ait
1667 4274 1914 4346 Paulinus
1952 4279 2005 4333 in
2038 4279 2141 4335 ﬁne

556 4349 782 4416 vulgate
818 4349 882 4402 ad
915 4347 1316 4401 Pammachium
1348 4345 1626 4415 epistolae:
1673 4345 1784 4401 Ista
1825 4359 1994 4402 autem
2017 4389 2031 4414 ,
2086 4360 2142 4404 ut

556 4418 830 4488 Apostolus
858 4419 953 4481 ait,
983 4433 1097 4488 qua:
1118 4417 1397 4488 secundum
1420 4416 1823 4488 /t_o_minem,rhoc
1853 4429 1928 4471 est
1953 4419 2016 4471 de
2055 4421 2140 4474 in-

558 4485 821 4561 ﬁrmitate,
847 4485 1072 4561 carnalis
1094 4487 1426 4561 est_tristi_tia.
1441 4485 1591 4561 _Tum_
1607 4487 1945 4561 initiopartis
1958 4499 2140 4561 poste-

561 4555 718 4612 rioris
747 4560 986 4628 epistol-.e
1015 4572 1133 4628 quae
1175 4558 1239 4628 in
1258 4555 1485 4624 vulgatis
1527 4555 1596 4610 ad
1639 4556 1904 4628 Alethium
1955 4555 2141 4615 inscri-

559 4624 823 4691 bebatur',
875 4624 1133 4695 legimus:
1184 4625 1417 4696 Mortem
1445 4636 1708 4696 operatur.
1755 4624 2036 4696 Jungimus
2085 4639 2143 4685 ut

559 4699 804 4768 Apostoli
834 4693 980 4752 locus
1009 4697 1292 4768 expleatur
1317 4715 1328 4749 :
1390 4693 1502 4750 Ista
1531 4707 1738 4760 autent,
1762 4707 1841 4768 ut
1867 4693 2140 4768 Apostolus

559 4767 633 4822 ait
656 4808 670 4830 ,
721 4785 834 4838 quae
860 4768 1138 4821 secundum
1167 4767 1423 4820 hominem
1449 4807 1462 4828 ,
1512 4767 1605 4820 hoc
1639 4776 1714 4820 est
1735 4767 1798 4820 de
1818 4767 2139 4838 inﬁrmitate,

559 4838 786 4893 carnalis
813 4849 888 4893 est
913 4839 1138 4902 tristitia,
1171 4848 1383 4891 mortem
1408 4847 1680 4906 operatur:
1709 4846 1764 4892 et
1785 4838 2027 4894 confecta
2058 4857 2145 4899 res

559 4919 661 4974 est.
704 4909 853 4964 Alter
884 4924 1054 4963 nexus
1083 4917 1166 4961 est
1195 4907 1246 4961 in
1280 4908 1362 4962 his
1392 4908 1569 4961 verbis
1597 4909 1762 4978 partis
1792 4911 2136 4977 posterioris:

563 4979 715 5046 Quod
753 4981 868 5035 licet
909 4989 1086 5050 autorc
1125 4979 1325 5033 diverso
1352 5019 1368 5041 ,
1427 4986 1726 5050 tamen_uno
1755 4995 1845 5047 per
1873 4988 2140 5050 utrumque

559 5062 853 5106 sanctorum
902 5049 1245 5120 Dei,Spiritu
1293 5059 1341 5103 ct
1385 5049 1531 5103 verbo
1580 5048 1852 5119 Scriptura
1894 5048 2136 5106 concinit.

559 5122 765 5190 Quzeris
793 5123 930 5177 duos
959 5123 1045 5176 hic
1072 5128 1401 5174 memoratos
1429 5135 1611 5190 sacros
1633 5120 1946 5190 scriptores,
1991 5123 2140 5189 prio-

560 5187 634 5248 ris
657 5194 825 5263 partis
855 5192 1012 5246 ﬁnem
1042 5190 1128 5245 adi
1155 5189 1273 5263 ;_ibi
1300 5190 1388 5263 rel
1407 5187 1756 5263 rtPaulinus
1775 5187 2140 5263 exEcclesia-

557 5259 697 5320 stico
727 5280 775 5320 c.
804 5278 1032 5329 xxxvtn,
1063 5278 1114 5316 v.
1149 5259 1242 5332 iii:
1277 5260 1317 5332 ,1
1351 5261 1558 5314 ινίδιίιὶα
1583 5262 1727 5332 enim
1741 5261 1952 5332 festinat
1979 5279 2139 5332 mors,

559 5346 608 5388 et
636 5337 886 5405 cooperiet
915 5330 1485 5405 virtutem._Subjnngit_
1505 5331 1679 5405 locum
1705 5330 1945 5400 Apostoli
1972 5330 2143 5405 :Qua:

560 5401 835 5460 sectmdum
867 5405 1143 5469 hominem,
1172 5402 1264 5455 hoc
1293 5412 1367 5455 est
1389 5402 1451 5454 de
1471 5403 1772 5472 inﬁrmitate
1801 5401 2030 5472 carnalis
2064 5413 2140 5456 est

560 5479 812 5540 tristitia,
855 5484 1071 5529 mortem
1119 5481 1382 5542 operatur.
1443 5471 1532 5526 Sic
1578 5471 2132 5542 (lemumconcludit:

563 5545 712 5610 Quod
737 5549 852 5601 licet
894 5556 1073 5600 autore
1095 5540 1293 5596 direrso
1319 5585 1332 5604 ,
1390 5558 1581 5610 nempe
1609 5540 1734 5594 Jcsu
1763 5541 2000 5610 Siracide
2024 5582 2039 5605 ,
2085 5554 2142 5597 et

561 5609 746 5679 Paulo,
781 5628 948 5670 tamen
976 5633 1077 5670 uno
1101 5625 1477 5684 perimuntque
1504 5609 1798 5684 sanctorum
1823 5609 1916 5663 Dei
1940 5611 2139 5684 Spiritu

561 5696 608 5738 et
636 5688 782 5742 verbo
814 5681 1338 5757 Scripturuconciuit
1425 5682 1569 5736 Mors
1615 5681 1748 5757 enim
1779 5697 1918 5757 vera_
1940 5682 2139 5757 virtutis

562 5757 824 5822 utlopertia
854 5750 947 5817 est,
971 5765 1070 5808 etc.
1120 5754 1225 5806 Sed
1255 5770 1380 5808 ceco
1407 5768 1574 5806 nexus
1605 5751 1814 5813 tertius,
1847 5750 2009 5803 etiam
2040 5755 2134 5807 ad~

2233 3261 2338 3317 que
2366 3243 2602 3299 aﬂinem.
2637 3245 2768 3302 Vide
2787 3261 2873 3316 ep.
2901 3246 2987 3310 16,
3019 3262 3076 3300 ιι.
3101 3245 3153 3309 1,
3184 3254 3242 3300 et
3267 3244 3374 3300 Vit.
3404 3261 3454 3301 c.
3485 3245 3556 3299 55
3577 3253 3637 3301 et
3654 3244 3748 3300 3L.

2309 3335 2560 3409 Paulinus
2583 3345 2698 3393 toto
2722 3338 3003 3409 superiore
3033 3353 3176 3392 anno
3201 3335 3358 3409 5987a
3375 3351 3605 3409 suorum
3628 3352 3820 3408 puero-

2233 3422 2353 3461 rum
2389 3405 2628 3462 discessu
2662 3405 2830 3476 usque
2859 3407 2925 3462 ad
2965 3409 3195 3462 hiemem
3235 3408 3526 3478 Sulpicium
3558 3405 3819 3463 Severum

2234 3485 2664 3548 exspectaverat,
2687 3495 2715 3531 a
2735 3493 2844 3547 quo
2871 3494 2991 3534 cum
3014 3493 3120 3532 non
3144 3479 3438 3548 accepisset
3466 3478 3696 3540 litteras,
3724 3491 3820 3532 nec

2235 3548 2442 3619 reliquo
2473 3547 2618 3619 illius
2646 3552 2773 3619 anni
2825 3558 3094 3619 tempore.
3144 3547 3319 3619 neque
3364 3548 3641 3617 sequentis
3671 3549 3822 3602 initio

2261 3616 2393 3672 Vide
2421 3632 2506 3686 ep.
2541 3618 2627 3682 17,
2663 3636 2716 3674 ιι.
2747 3618 2821 3686 1),
2869 3616 3097 3673 credidit
3137 3616 3258 3672 cum
3303 3616 3584 3673 ideo’non
3611 3619 3822 3672 misisse

2258 3691 2465 3759 itteras,
2493 3688 2638 3757 quod
2661 3689 2775 3759 ipse
2802 3689 3080 3743 adfuturus
3102 3697 3273 3759 esset,
3300 3697 3354 3742 et
3377 3688 3576 3744 idcirco
3601 3688 3824 3759 singulis

2237 3774 2361 3812 eum
2388 3758 2578 3813 diebus
2597 3757 2965 3828 exspectabat.
2983 3760 3169 3828 Itaque
3199 3757 3422 3812 Romam
3453 3774 3597 3812 anno
3619 3757 3729 3812 599
3759 3757 3822 3810 ad

2237 3829 2593 3882 solemnitatis
2617 3831 2926 3899 apostolica:
2972 3832 3113 3885 diem
3139 3830 3519 3883 adventantem
3551 3832 3825 3898 prolectus

2239 3907 2321 3953 est
2345 3899 2570 3953 solemni
2601 3897 3006 3965 consuetudine,
3027 3914 3354 3969 pra‘sumens
3375 3899 3483 3954 illic
3495 3897 3824 3968 amplecten-

2239 3969 2364 4024 dum
2407 3969 2505 4024 sibi
2542 3971 2877 4026 carissimam
2931 3971 3208 4024 Severum.
3249 3969 3330 4023 Ab
3358 3969 3645 4024 Anastasio
3691 3981 3825 4038 papa

2241 4049 2583 4110 peramanter
2609 4057 2674 4095 ac
2703 4040 2996 4095 honorilice
3026 4048 3283 4107 exceptus
3303 4049 3403 4094 est.
3437 4038 3509 4093 At
3528 4035 3717 4094 Severi
3747 4035 3826 4110 sui

2240 4108 2530 4178 consizectu
2561 4109 2658 4165 frui
2684 4127 2789 4164 non
2812 4111 2877 4164 da
2908 4127 2994 4164 um
3020 4119 3121 4164 est.
3154 4111 3336 4178 Itaque
3356 4110 3546 4165 litteris
3567 4124 3692 4179 quae
3715 4108 3828 4175 ejus

2241 4181 2459 4235 nomine
2485 4181 2584 4250 ipsi
2613 4181 2836 4235 reddita:
2866 4190 2990 4234 Sunt
3014 4197 3073 4236 se
3102 4181 3411 4236 coiisolatus
3431 4189 3529 4243 est,
3557 4181 3612 4234 in
3633 4179 3829 4250 quibus

2243 4259 2497 4305 causatus
2541 4251 2902 4304 inﬁrmitatem
2926 4267 3076 4318 suam
3118 4251 3350 4305 Sevi-rus
3398 4251 3470 4304 illi
3494 4265 3647 4318 spem
3691 4264 3828 4317 pra:-

2243 4322 2427 4375 sentia:
2455 4336 2565 4375 sum
2593 4337 2624 4375 a
2646 4322 2880 4375 timebat.
2915 4317 3048 4391 Vide
3078 4337 3164 4391 ep.
3205 4321 3267 4373 17
3288 4359 3301 4379 ,
3337 4337 3389 4375 n.
3439 4321 3458 4372 1
3492 4361 3506 4385 ,
3530 4317 3576 4371 ⁷2
3610 4330 3668 4391 _et
3699 4319 3750 4380 1,
3777 4325 3831 4371 et

2245 4391 2352 4445 Vit.
2385 4407 2433 4445 c.
2461 4391 2549 4444 55.
2588 4391 2694 4445 Has
2723 4393 2928 4447 litteras
2971 4388 3225 4447 Paulinus
3263 4391 3471 4459 accepit
3501 4391 3568 4442 ab
3610 4389 3831 4442 homine

2245 4460 2429 4515 Sabini
2459 4463 2662 4517 Se\ero
2699 4460 2958 4516 afﬁnitate
3000 4463 3292 4529 conjuncti.
3337 4460 3520 4515 Roma:
3558 4475 3656 4528 per
3689 4469 3832 4514 totos

2169 4532 2220 4593 D
2245 4531 2432 4586 decem
2479 4533 2594 4586 dics
2623 4541 2915 4600 occupatus
2940 4534 3236 4586 rescribere
3283 4548 3390 4585 non
3420 4531 3588 4584 valuit
3613 4548 3627 4600 ;
3659 4531 3831 4600 multo

2250 4603 2426 4656 minus
2482 4605 2698 4657 domum
2744 4599 3021 4670 regressus
3059 4603 3148 4656 ubi
3199 4618 3320 4656 eum
3370 4603 3544 4669 gravis
3597 4599 3834 4653 detinuit

2247 4673 2527 4742 (egritudo,
2560 4686 2743 4742 eaque
2770 4673 2990 4726 diutina.
3017 4673 3148 4725 Cum
3200 4673 3514 4727 revaluisset
3542 4685 3641 4740 per
3673 4670 3835 4742 Ama-

2249 4740 2429 4797 cliium
2459 4741 2516 4797 S.
2559 4740 2804 4814 Delphini
2845 4743 3232 4814 subdiaconnm
3265 4741 3835 4814 Severoque__notissi-

2250 4830 2393 4867 mum
2415 4809 2813 4882 scripsitCVide
2841 4829 2925 4883 ep.
2957 4813 3037 4876 l7,
3072 4829 3122 4866 n.
3157 4812 3210 4875 5,
3243 4821 3297 4867 et
3328 4812 3432 4866 Vit.
3457 4809 3506 4866 c.
3538 4809 3630 4864 55.

2321 4904 2435 4959 Hoc
2465 4903 2654 4958 eodem
2684 4919 2827 4958 anno
2844 4915 2899 4958 et
2920 4913 3163 4972 tempore
3180 4903 3506 4959 collocamus
3546 4901 3836 4972 epistolam

2249 4976 2317 5030 18
2347 4976 2412 5030 ad
2441 4975 2750 5029 Victricium
2790 4973 3238 5043 Rotomagensem
3287 4974 3702 5044 episcopum,in
3734 4987 3835 5044 qua

2235 5049 2491 5103 eamdem
2517 5060 2666 5100 suam
2697 5047 3064 5112 argritudinem
3095 5043 3504 5100 commemorat.
3539 5043 3713 5111 llujus
3735 5043 3839 5110 epi-

2245 5119 2396 5174 stola:
2426 5117 2656 5184 portitor
2690 5117 2787 5169 luit
2818 5114 3133 5170 Paschasius
3163 5116 3218 5168 S.
3252 5114 3509 5184 ΔἭρω-ἰώ
3548 5115 3834 5176 diaconus,

2245 5204 2404 5258 quem
2428 5177 2618 5240 ’ίιιιιιιω
2655 5202 2773 5240 cum
2821 5186 3173 5258 comperisth
3214 5177 3467 5238 Piiulinus
3509 5198 3707 5258 _sec_um_
3748 5185 3838 5258 ad-

2246 5252 2398 5313 duxit
2442 5258 2650 5319 Nolam,
2701 5272 2824 5311 cum
2862 5252 3095 5324 quoiam
3139 5254 3553 5322 Rotomagensis
3584 5252 3838 5308 Ecclesia:

2246 5329 2634 5385 catechumeno
2689 5326 2822 5380 Urso
2871 5328 2958 5394 qui
3008 5325 3147 5394 apud
3193 5325 3473 5379 Paulinum
3517 5325 3838 5391 gravissimo

2247 5403 2501 5466 languore
2549 5397 2826 5451 confectus
2877 5405 2988 5459 est;
3021 5398 3202 5464 sicque
3250 5397 3500 5449 detentus
3526 5395 3679 5448 Nola:
3721 5394 3840 5447 Pas.

2245 5471 2480 5526 chasius.
2511 5468 2645 5520 Cum
2692 5478 2869 5520 autem
2923 5466 3090 5520 Ursus
3141 5482 3270 5519 sana
3325 5475 3380 5520 et
3419 5466 3642 5519 robusta
3696 5475 3837 5518 esset

2248 5541 2574 5600 valetudine,
2624 5546 2679 5591 et
2710 5537 3023 5592 Paschasius
3061 5537 3287 5590 reditum
3335 5536 3712 5592 meditaretur.
3747 5551 3839 5604 per

2246 5613 2419 5680 ipsum
2455 5608 2520 5661 18
2541 5608 2824 5680 epistolam
2867 5624 3016 5661 suam
3045 5610 3110 5680 ad
3133 5607 3447 5680 Victricium
3476 5607 3626 5660 dedit
3657 5604 3836 5659 Pauli-

2245 5675 2366 5746 nus,
2400 5681 2448 5733 in
2501 5675 2604 5749 qua
2636 5677 2981 5731 Paschasium
3025 5679 3224 5731 diutius
3266 5675 3413 5749 apud
3455 5691 3520 5749 se
3563 5686 3835 5749 retentum

2243 5760 2484 5812 excusat,
2521 5745 2582 5801 ὐι
2615 5749 2958 5804 illustrissimi
3005 5745 3325 5803 confessoris
3357 5745 3599 5803 Victricii
3648 5747 3834 5803 vitam.
