4006 6350
222 249 311 308 πι

1309 250 1753 312 msssurmo
1792 254 1883 313 tv.
1924 256 2014 314 bu
2054 240 2317 314 ΑωικΑ.

3362 263 3474 320 ’Μ

222 368 370 423 Vides
402 366 493 437 hic
523 365 790 437 Asterium
828 366 1135 437 memorari,
1180 366 1270 434 qui
1293 381 1396 421 una
1418 381 1539 437 cum
1566 377 1787 437 parente
1815 377 1858 432 Α
1890 372 2025 427 duos
2054 373 2303 427 consules
2349 372 2609 426 habemus
2653 373 2706 426 in
2745 371 2917 426 Fastis
2961 387 3104 429 anno
3130 371 3230 429 581
3264 380 3321 428 et
3345 372 3474 428 583.

223 437 408 493 Turcio
456 435 794 505 Aproniano,
843 450 998 489 sacro
1038 435 1373 505 baptismatis
1419 434 1580 505 fonte
1613 436 1785 491 fuerat

218 508 443 561 ablutus.
495 504 677 572 Neque
721 504 771 558 id
818 505 1031 574 quidem
1074 504 1241 560 multo
1269 513 1397 560 ante
1435 504 1634 559 factum
1665 506 1781 572 fuit,

217 575 561 646 quodAsterii
585 582 715 646 tetas
743 589 847 627 non
879 574 1201 646 patiebatur,
1223 584 1279 629 et
1303 577 1587 630 observata
1616 592 1788 645 nuper

217 642 278 699 de
304 644 500 698 Turcio
530 660 636 697 non
658 642 852 703 ferunt,
876 643 963 712 qui
993 644 1187 697 dicitur
1208 655 1347 698 vetus
1374 655 1581 713 senator
1609 642 1784 709 curiit,

215 714 412 769 Christo
428 730 617 784 novus,
650 713 733 784 qui
757 714 870 784 novi
892 722 1034 784 ortus
1055 714 1220 784 gloria
1252 714 1407 781 longe
1437 715 1633 784 clarior
1662 731 1788 768 eva-

215 793 373 839 serat.
421 783 496 837 De
537 783 639 836 hoc
662 781 804 836 item
843 781 1264 839 Asterio’forsan
1295 782 1670 853 intelligendus
1699 785 1790 841 ille

215 868 398 909 versus
422 870 438 904 Ζ

331 943 541 993 Tui-cius
564 957 651 995 ore
673 944 769 1006 pio,
795 944 1006 994 llorente
1027 944 1260 995 Suecrius
1283 957 1404 995 aevo.

212 1023 434 1079 Turcius
462 1034 618 1094 pater
656 1026 888 1094 primum
919 1026 1166 1088 relertur,
1205 1026 1327 1081 dein
1358 1023 1521 1090 illius,
1546 1024 1636 1094 qui
1658 1021 1795 1079 Sue-

213 1096 351 1151 crius
398 1096 561 1148 etiam
611 1096 930 1164 appellatur,
979 1096 1085 1149 nisi
1132 1096 1411 1150 Piuianum
1465 1097 1645 1163 potius
1691 1095 1796 1149 hoc

215 1179 406 1219 nomen
438 1166 712 1232 respiciat.
744 1164 942 1220 Fateor
966 1179 1267 1233 cognomen
1298 1165 1437 1219 istud
1466 1166 1597 1221 satis
1636 1179 1792 1232 pere—

215 1234 419 1303 grinum
450 1233 591 1301 apud
619 1234 889 1288 Romanos
918 1235 1009 1288 illo
1035 1250 1153 1289 {evo
1173 1236 1351 1298 fuisse,
1382 1235 1524 1288 unde
1551 1235 1603 1287 in
1625 1233 1796 1301 suspi-

214 1304 420 1358 cionem
450 1303 724 1372 depravati
751 1313 928 1359 textus
958 1304 1111 1359 facile
1140 1306 1343 1359 trahor.
1375 1303 1628 1359 Fortasse
1651 1304 1793 1373 Sya-

214 1375 346 1442 qrius
390 1373 675 1441 legendum
712 1383 816 1439 est,
866 1373 1010 1440 quod
1056 1375 1258 1428 librarii
1297 1375 1443 1429 nullo
1484 1374 1702 1441 negotio
1740 1372 1794 1425 in

215 1442 452 1498 Suecrias
476 1452 793 1499 convertere
812 1452 1135 1514 potuerunt;
1168 1443 1434 1514 hujusque
1458 1442 1798 1512 cognominis

1893 442 2118 512 Gentem
2148 457 2361 510 quoque
2388 441 2666 512 ﬁyagriam
2697 440 2946 512 Ecclesia:
2973 443 3263 497 thesaurum
3287 447 3478 512 appel-

1896 511 1971 565 lat
2001 509 2356 581 Ennodius’in
2383 509 2696 581 Epiphanio.
2730 510 2998 581 Laudatus
3017 513 3304 567 cardinalis
3323 509 3477 570 Nori-

1894 582 2014 653 sius
2034 583 2085 635 in
2112 579 2437 653 Cagnotaph.
2467 579 2596 653 Pi_s.,
2623 580 2756 635 lliss.
2784 580 2834 653 ᾧ,
2884 582 3086 653 cap._$,
3116 582 3213 653 §l,
3247 582 3478 639 ldacium

1896 651 2079 705 laudat
2107 652 2160 704 in
2182 650 2449 705 Chronico
2478 650 2544 703 ad
2569 666 2764 703 annuat
2789 650 2997 719 imperii
3021 650 3242 706 Honorii
3263 653 3354 718 26,
3379 656 3481 710 hoc

1896 729 1981 773 est
2009 736 2130 774 trra:
2170 729 2368 774 nostra:
2412 719 2536 785 420,
2590 729 2645 774 et
2681 720 2747 772 ad
2790 736 2986 774 annum
3014 721 3080 774 l7
3123 721 3483 780 Valentiniani

1899 787 2309 859 Tertiitnempe
2339 788 2460 852 440,
2508 791 2806 857 iterumque
2846 790 3107 844 [leuatum
3139 789 3484 847 Profuturum

1897 859 2040 930 apud
2062 857 2307 930 Gregor.
2340 859 2541 913 Turon.
2574 860 2665 930 lib.
2700 874 2732 913 ι’
2764 859 2901 914 Hist.
2950 860 3165 930 Frauc.,
3214 862 3304 930 qui
3349 863 3486 918 duos

1897 928 2137 997 Asterius
2167 937 2467 983 memorant
2496 931 2594 983 sub
2622 927 2883 989 Honorio.
2916 929 3138 997 ejusque
3172 927 3485 986 successore

1838 1032 1841 1035 -
1896 996 2294 1068 Valentiniano,
2311 999 2621 1067 magisterio
2640 1000 2918 1066 utriusque
2938 996 3139 1053 militia:
3162 1000 3213 1052 in
3231 999 3483 1068 Hispania

1895 1066 2225 1136 perfunctos.
2279 1066 2429 1122 Alius
2477 1069 2605 1123 item
2654 1068 2899 1123 Asterius
2946 1084 3088 1122 anno
3134 1066 3337 1123 Christi
3381 1070 3485 1124 ΔΗ)

1894 1138 2084 1193 consul
2113 1139 2164 1191 in
2194 1137 2367 1191 Fastis
2389 1138 2599 1204 legitur.
2631 1136 2699 1191 At
2721 1138 2988 1192 neminem
3017 1155 3080 1192 ex
3114 1138 3195 1192 his
3215 1138 3486 1195 Asterium

1898 1216 2141 1262 nostrum
2169 1207 2330 1263 fuisse
2360 1208 2491 1261 ntihi
2521 1208 2768 1262 lubenter
2795 1209 3016 1269 suadeo,
3040 1209 3239 1277 quippe
3268 1224 3298 1261 a
3329 1218 3487 1263 tene-

1897 1278 1992 1342 ris,
2025 1286 2085 1331 ut
2123 1278 2293 1342 aiunt,
2348 1277 2647 1345 unguiculis
2682 1277 2794 1331 Deo
2836 1287 3077 1332 sacratus
3104 1293 3134 1330 a
3174 1280 3490 1345 parentibus

1899 1347 2002 1402 iste
2031 1346 2222 1414 fuerat,
2248 1362 2311 1401 ac
2338 1347 2731 1416 sacerdotalem
2754 1348 3089 1401 nutriebatur
3110 1347 3175 1400 ad
3199 1346 3488 1416 honorent,

1898 1416 2354 1487 quemadmodum
2382 1418 2630 1487 superius
2652 1432 2683 1471 e
2711 1414 2935 1471 Paulino
2959 1417 3263 1472 didicimus.

1198 1675 1967 1763 DISSEHTATIO
2016 1673 2482 1762 TERTIA.

1413 1838 1516 1890 ωε
1553 1838 1780 1890 ΔὟῙΤΔ
1815 1834 1915 1889 ΔΟ
1951 1834 2320 1887 ευκωιιι.

275 1962 447 2048 βρδ
477 1961 655 2048 Turcii
681 1964 975 2047 Aproniani
1002 1965 1201 2037 conjux
1229 1974 1347 2048 erat
1373 1965 1552 2048 Avita1
1574 1965 1800 2048 ejusque
1830 1968 1875 2029 Β
1901 1962 2075 2048 intotis
2107 1978 2404 2048 'morumye-
2440 1964 2587 2048 inter,
2606 1966 2821 2048 easdem
2855 1969 3277 2048 similitudinem,
3305 1985 3491 2048 ‘quam

216 2032 321 2104 liii
354 2032 506 2088 fuére
534 2032 779 2104 Asterius
812 2051 973 2104 supra
1022 2032 1372 2104 memoratus,
1418 2052 1483 2092 ac
1511 2032 1807 2101 Eunomia,

217 2102 293 2159 De
318 2105 412 2158 illa
444 2105 524 2159 sic
552 2106 736 2159 scribit
767 2102 1018 2161 Paulinus
1043 2124 1055 2160 :

278 2203 658 2270 Jungitur‘huic
681 2217 913 2270 germana
932 2204 1074 2267 jugo,
1089 2212 1152 2270 ut
1185 2208 1251 2257 sit
1270 2208 1421 2270 tertia
1444 2208 1675 2270 princeps

337 2267 568 2327 Agminis
586 2266 877 2327 bymuisonis
898 2273 1053 2316 mater
1073 2267 1215 2318 Avita
1237 2269 1416 2318 choris.

218 2352 495 2409 Palladius
524 2355 578 2409 in
609 2353 865 2410 Lausiaca
894 2355 1149 2420 Historia,
1197 2372 1318 2425 cap.
1354 2356 1475 2421 154,
1496 2355 1659 2412 -hanc
1684 2372 1806 2415 mu-

218 2426 411 2480 lierem
441 2425 654 2480 beatam
677 2434 853 2495 vocat,
887 2425 1203 2495 feminisque
1228 2430 1353 2482 vine
1377 2430 1662 2482 sanctitate
1686 2429 1810 2483 illu-

218 2496 426 2550 stribus
453 2506 724 2550 accenset.
750 2494 889 2549 Sttnt
915 2496 1031 2564 ejus
1061 2499 1221 2551 verba
1247 2515 1259 2551 :
1294 2497 1413 2551 Vidi
1434 2499 1589 2551 etiam
1611 2500 1811 2554 beatam

219 2566 431 2637 Auitum
451 2564 563 2619 Deo
591 2564 803 2635 dignam
825 2582 941 2637 cum
966 2566 1078 2636 ejus
1100 2568 1289 2621 marito
1312 2566 1583 2620 Primiano
1616 2568 1818 2637 (legen-

220 2634 349 2707 d_um
394 2643 514 2707 est,
540 2644 621 2707 Aut
650 2634 821 2707 supra
861 2634 1000 2707 dixi,
1039 2640 1365 2706 Aproniano)
1402 2647 1454 2689 et
1492 2634 1671 2691 eorum
1698 2634 1814 2707 ﬁlia

222 2703 494 2778 Eunomia
529 2705 587 2778 in
625 2703 862 2778 omnibus
892 2705 1003 2759 Deo
1021 2703 1161 2778 bene
1208 2706 1496 2776 placentes,
1539 2716 1595 2759 ut
1640 2703 1816 2778 aperte

224 2776 385 2845 facile
414 2775 641 2828 traducti
683 2777 874 2845 fuerint
915 2793 949 2828 a
994 2775 1245 2829 dissoluta
1293 2785 1342 2828 et
1380 2775 1681 2845 voluptaria
1708 2781 1814 2832 vita

219 2844 290 2897 ad
317 2845 597 2899 honestam
623 2854 672 2898 et
686 2844 1033 2898 continentem
1073 2848 1190 2900 vita:
1221 2844 1627 2909 institutionem;
1655 2848 1710 2901 in
1734 2851 1814 2902 his

216 2931 429 3035 qualine
461 2914 608 2983 digni
634 2913 817 2996 habiti,
843 2924 902 2995 ut
926 2916 982 2969 in
1011 2913 1214 2997 Christo
1247 2916 1552 2998 dormirent,
1582 2916 1646 2969 ab
1675 2919 1816 2972 omni

219 3000 307 3035 aut
348 3001 437 3035 em
467 2992 676 3035 peccato
708 2984 876 3035 liberi-
900 2988 1120 3035 perfecte
1143 3001 1197 3035 in
1226 2995 1507 3035 certamine
1542 2986 1813 3035 decertan-

219 2984 437 3051 quidern
460 2992 676 3107 peccato
708 2984 876 3048 liberi,
899 2988 1120 3055 perfecte
1143 2986 1197 3037 in
1226 2990 1507 3038 certamine
1542 2986 1813 3041 decertan-

219 3062 319 3107 tes.
372 3056 430 3106 in
529 3070 598 3107 na
636 3055 883 3107 memoria
910 3055 1068 3107 ritam
1095 3071 1243 3107 suam
1273 3056 1636 3107 relinquentes.
1669 3056 1813 3107 Idem

218 3062 337 3125 tes,
372 3056 430 3125 in
460 3055 598 3107 bona
636 3055 883 3125 memoria
910 3055 1068 3108 ritam
1095 3071 1243 3125 suam
1273 3056 1636 3125 relinquentes.
1669 3056 1815 3112 Idem

224 3120 535 3196 Palladius,
558 3123 865 3196 ‘cap.__ll_8,_
885 3139 1049 3192 quum
1078 3124 1365 3196 aphlelania
1395 3120 1608 3179 seniore
1636 3127 1813 3196 Apro-

222 3194 452 3246 nianum
506 3192 628 3247 lidei
673 3191 989 3246 Christianm
1039 3194 1302 3247 redditum
1358 3196 1655 3259 retulisset,
1687 3191 1818 3253 'btcc

216 3261 381 3315 addit
403 3281 417 3314 :
454 3262 819 3333 Persuasith
843 3263 1094 3325 eumdem,
1131 3273 1186 3315 ut
1213 3266 1495 3318 contineret
1523 3267 1679 3319 etiam
1701 3284 1818 3321 cum

220 3347 321 3384 sua
350 3348 542 3390 uxore.
573 3333 687 3402 ejus
710 3344 880 3386 autem
918 3350 1115 3402 sorore,
1147 3334 1296 3387 Avita
1316 3336 1539 3387 nomine.
1576 3335 1710 3391 Hinc
1730 3338 1813 3391 di-
1843 3338 1887 3397 C

219 3403 454 3463 scimus,
491 3402 698 3455 Avitam
726 3404 954 3456 senioris
996 3401 1237 3456 Melania:
1274 3404 1435 3459 fuisse
1462 3420 1727 3471 sororem,
1753 3422 1817 3462 ac

329 3481 351 3525 t
382 3472 505 3539 ejus
528 3473 729 3526 monita
758 3472 1143 3526 continentiam
1167 3488 1430 3527 servasse.
1460 3474 1565 3529 Nisi
1592 3476 1675 3529 hic
1698 3476 1816 3530 Pal-

275 3541 350 3595 dii
381 3541 538 3613 locus
565 3542 819 3613 obstaret.
848 3558 1108 3612 germana:
1131 3543 1448 3596 vocabulum
1481 3547 1618 3613 apud
1637 3544 1817 3601 Pauli-

222 3626 358 3664 nunt
392 3612 469 3683 ita
498 3612 867 3683 esplicassem,
920 3621 978 3665 ut
1004 3627 1160 3683 soror
1188 3612 1391 3666 Albium
1429 3612 1589 3683 supra
1615 3631 1821 3683 memo—

218 3690 360 3734 take
390 3680 669 3751 diceretur
697 3682 883 3743 Avita;
935 3680 1030 3735 sed
1078 3682 1375 3750 intelligere
1412 3680 1657 3751 cogimur
1699 3680 1822 3741 inde

220 3759 319 3803 aut
348 3750 673 3805 al‘linitatem
703 3766 821 3819 qua:
852 3752 923 3805 illi
961 3767 1082 3805 cum
1105 3751 1294 3805 Albina
1320 3750 1705 3819 intercedebat,
1729 3765 1823 3809 aut

1912 2033 2261 2109 multiplicem
2336 2036 2829 2109 interpretationem
2903 2041 3101 2109 patitur
3172 2033 3492 2099 vocabulum

1913 2102 2084 2158 istud;
2123 2102 2298 2168 Quum
2342 2102 2727 2160 vero'Melania
2772 2102 2953 2164 senior
2997 2126 3140 2164 anno
3165 2110 3361 2166 Christi
3388 2112 3494 2167 597

1913 2172 2139 2228 Romam
2171 2173 2407 2239 redierit,
2456 2176 2664 2230 Avitam
2708 2193 2770 2232 ac
2822 2177 3070 2234 Turcium
3110 2182 3496 2238 continentiam

1912 2241 2195 2321 amplexos
2223 2252 2347 2321 post
2374 2245 2499 2299 illud
2514 2255 2740 2321 _tempus
2762 2248 3030 2321 fatendum
3058 2259 3157 2321 est,
3183 2261 3498 2321 propterea-

1913 2310 2021 2379 que
2049 2310 2367 2368 Eunomiam
2414 2324 2471 2369 et
2498 2310 2764 2370 Asterium
2796 2318 3009 2371 illorum
3050 2310 3339 2376 tilios'an'te
3379 2337 3499 2376 me-

1916 2388 2429 2456 moratumbannum
2470 2385 2522 2456 in
2568 2386 2738 2456 lucem
2780 2388 3060 2456 prodiisse.
3108 2388 3417 2445 Heraclides
3443 2392 3500 2447 in

1916 2448 2171 2505 Paradiso
2194 2451 2381 2507 iisdem
2403 2455 2582 2509 verbis
2602 2471 2666 2510 ac
2690 2448 2957 2512 Palladius
2980 2458 3190 2513 Avitam
3213 2460 3498 2515 describit:

1916 2521 2140 2599 Avitum,
2183 2522 2375 2599 inquit,
2407 2525 2636 2599 aliquam
2666 2524 3019 2599 DeoAdignam
3050 2544 3164 2583 cum
3202 2529 3503 2599 Apreniano
3604 2554 3607 2557 ·

1919 2591 2059 2667 (lege
2100 2592 2424 2667 Aproniano)
2472 2591 2693 2667 quodam
2739 2591 3028 2667 ejus'riro,
3077 2605 3125 2650 et
3164 2591 3278 2667 ﬁlia
3324 2616 3502 2654 eorum

1917 2658 2181 2737 Eunomia
2199 2662 2302 2715 vidi
2339 2658 2468 2718 adeo
2485 2658 2910 2731 "placentes'Deo,
2939 2677 2997 2719 ut
3021 2658 3290 2737 transferri
3313 2670 3381 2723 ad
3401 2685 3505 2723 cae-

1912 2728 2096 2804 lestem
2118 2732 2291 2804 avitam
2331 2742 2452 2804 ante
2480 2728 2804 2804 conspectum
2842 2736 3003 2803 ipsius
3050 2728 3387 2792 mererentur.
3433 2738 3505 2792 Et

1915 2799 2016 2866 ipsi
2044 2800 2181 2853 enim
2190 2801 2308 2879 jam
2337 2803 2517 2856 ultimo
2537 2799 2871 2879 ﬁnenaturai
2897 2821 3033 2879 nunc
3061 2807 3117 2859 in
3147 2806 3352 2879 Christo
3366 2810 3506 2879 quie-

1915 2879 2086 2930 scunt,
2115 2873 2199 2943 qui
2228 2881 2551 2940 peccatorum
2578 2876 2783 2943 quidem
2805 2877 3030 2928 omnium
3051 2877 3265 2930 nexibus
3280 2873 3505 2931 absoluti

1916 2947 2057 3000 sunt,
2091 2939 2380 3016 diuinarum
2404 2950 2575 3016 autem
2591 2939 2765 3016 rerum
2792 2946 3029 3012 peritiam
3068 2948 3509 3016 ratquevnotitiam

1915 3023 2119 3076 semper
2148 3008 2456 3081 Iugum-unt.
2488 3010 2714 3067 Constat
2747 3008 2907 3081 igitur
2945 3029 3012 3068 ex
3048 3008 3204 3069 dictis
3228 3014 3509 3070 Eunomia)

1916 3087 2171 3146 parentes
2197 3077 2448 3135 Turcium
2473 3097 2538 3137 ac
2565 3077 2789 3138 Avitam'
2802 3083 2984 3139 fuisse.
3016 3083 3092 3140 De
3120 3085 3211 3140 illa
3237 3087 3315 3141 sic
3339 3086 3508 3155 loqui.

1918 3154 2008 3200 tur
2031 3145 2326 3201 Paulinus:

1945 3162 2008 3200 ur
2031 3162 2106 3201 1’8
2114 3162 2293 3204 llllllllS
2312 3167 2326 3204 ἶ

1984 3257 2044 3330 lit
2065 3259 2476 3330 simuI_Eunoniia
2502 3266 2701 3314 aeternis
2718 3267 2809 3323 iam
2834 3273 2970 3327 parta
2994 3270 3162 3330 virago

1982 3319 2036 3390 La
2054 3322 2179 3390 cado
2197 3322 2437 3390 th_.,lamis,
2461 3339 2602 3390 quam
2630 3319 2796 3375 matris
2819 3319 2880 3375 ab
2904 3331 3063 3378 ubere
3083 3319 3265 3390 raptam

1983 3380 2182 3432 Fesduo
2206 3384 2427 3445 placitam
2448 3380 2543 3436 sibi
2564 3387 2783 3437 Cbrts'us
2804 3402 2970 3439 amore
2993 3380 3197 3440 dicavit;

1918 3482 2070 3538 illam
2101 3484 2321 3541 inferius
2350 3487 2534 3543 itidem
2564 3499 2847 3546 memorat.
2882 3491 3358 3549 Animadversione
3377 3508 3510 3548 vero

1922 3553 2138 3628 {lignum
2170 3557 2221 3611 in
2250 3558 2437 3626 primis
2462 3568 2545 3615 est
2573 3561 2715 3628 quod
2741 3562 2826 3617 hic
2856 3563 3029 3617 innuit
3058 3561 3332 3628 Paulinus,
3358 3563 3509 3618 vide-

1923 3623 2047 3678 licet
2075 3622 2394 3701 Eunomiam
2423 3643 2487 3683 ac
2507 3622 2778 3685 Asterium
2824 3648 3023 3701 pueros
3060 3634 3128 3687 ab
3166 3622 3387 3687 infantia
3424 3632 3510 3688 di-

1925 3694 2320 3775 t‘atos‘Christo
2341 3736 2357 3763 ,
2405 3714 2564 3775 quem
2593 3694 3284 3775 veterutnChristianorum
3305 3717 3511 3758 morem

1926 3766 1981 3817 in
2011 3766 2152 3819 notis
2180 3766 2566 3836 aliquantulum
2596 3770 2877 3827 illustravi.

253 3864 3504 3908 ___________________________________________

1164 3983 1935 4072 DISSERTATIO
1987 3990 2514 4101 QUARTA.

1644 4146 1746 4198 DE
1781 4150 2083 4202 ALBI'NA.

520 4274 885 4332 Celeberrima
931 4285 1149 4345 quoque
1203 4274 1345 4346 apud
1388 4282 1603 4332 veteres
1642 4275 1829 4336 habita

213 4346 537 4406 est'Albina
568 4356 679 4400 tum
710 4347 997 4418 natalibus,
1025 4355 1143 4418 tum
1167 4348 1451 4418 sanctitate
1473 4346 1669 4418 femina
1692 4364 1829 4418 prte-

211 4432 410 4476 stans.
444 4417 680 4472 Primum
701 4416 975 4471 videamus
1023 4417 1150 4485 quid
1173 4415 1428 4501 Paulinus
1454 4416 1522 4470 de
1543 4417 1631 4472 illa
1656 4415 1820 4475 ferat:
1859 4442 1910 4501 υ

358 4519 529 4568 Prima
550 4517 688 4567 chori
711 4515 884 4566 Albius
906 4521 984 4564 est
1004 4528 1115 4565 cum
1141 4497 1259 4579 pare
1284 4514 1540 4567 Therasia.

211 4611 285 4666 Ει
323 4610 604 4667 inferius:
678 4619 689 4624 ’

587 4717 810 4767 Famnlos
832 4715 1009 4767 Christi
1033 4716 1205 4780 loquor
1231 4719 1411 4780 istos,“
1454 4744 1461 4749 -

355 4782 464 4832 Par
487 4777 677 4829 illustre
705 4782 826 4836 Deo,
856 4788 942 4840 par
961 4777 1121 4827 nobile
1145 4783 1340 4827 nomine
1356 4777 1545 4830 'Cltristl

358 4844 543 4893 Albina
564 4854 675 4890 cum
698 4848 856 4889 matre
881 4842 977 4889 tuis
1008 4841 1151 4889 modo
1175 4841 1350 4889 ﬁnibus
1368 4849 1525 4891 ortos.

213 4948 409 5013 Hujus
436 4944 862 5015 prmclarissima:
890 4943 1107 5015 feminre
1134 4952 1385 5012 parentes
1419 4943 1622 5015 clariss.
1655 4942 1830 4999 cardi-

213 5020 375 5072 nalis
402 5013 602 5070 Norisii
643 5014 857 5082 ingenio
887 5013 1197 5082 innotuere;
1244 5028 1408 5081 quum
1436 5014 1580 5069 enim
1610 5014 1660 5067 in
1684 5014 1830 5069 Actis

212 5084 578 5153 S.,Melani'.e
612 5081 842 5153 jnnioris
888 5082 975 5137 die
1012 5081 1089 5136 δι’
1120 5081 1398 5137 Decembr.
1450 5084 1586 5153 apud
1612 5083 1830 5139 Surium

212 5101 578 5148 3.,Metamm
640 5101 842 5137 lllthl‘lS
888 5101 975 5137 (ne
1013 5101 1077 5136 ot
1120 5101 1398 5137 uecetnnr.
1450 5101 1586 5153 apuu
1613 5101 1830 5139 δυτιιιηι

208 5155 502 5212 exhibitis
532 5101 769 5208 Meianizc
796 5155 948 5217 Ocior,
981 5153 1087 5208 hoc
1127 5162 1209 5207 cst
1242 5154 1554 5215 avunculus,
1589 5153 1832 5207 Volusia-

212 5243 337 5281 nus
372 5224 589 5278 dicatur
627 5242 640 5276 :
674 5223 1144 5290 prrestantissimus
1192 5232 1383 5276 auctor
1429 5223 1551 5276 inde
1585 5222 1831 5277 Albinam

210 5294 432 5350 eduxit
480 5292 619 5346 Rufri
647 5292 854 5347 Ceionii
886 5293 1061 5346 Albini
1093 5294 1275 5358 tiliam,
1318 5292 1407 5359 qui
1453 5292 1591 5345 Rulii
1621 5293 1826 5347 Ceionii

217 5363 525 5418 Volusiani
565 5363 730 5417 frater
772 5363 890 5427 fuit,
941 5363 1169 5431 ideoque
1211 5363 1263 5415 in
1291 5362 1565 5415 Ceioniam
1610 5371 1826 5431 gentem

212 5431 593 5490 referendam
621 5433 760 5487 hanc
808 5430 1392 5489 illustrem’mulierem
1430 5431 1655 5484 censuit.
1704 5430 1830 5485 "L00

213 5507 301 5559 ab
324 5502 433 5556 illo
456 5502 813 5570 eruditissime
834 5500 1203 5556 animadversa
1230 5499 1533 5570 inquodatn
1549 5501 1826 5568 opusculo.

214 5575 310 5631 De
350 5569 518 5626 Ruﬁo
544 5570 837 5625 Volusiano
868 5571 1229 5640 inscriptionis
1268 5569 1621 5636 fragmentum
1661 5570 1833 5623 inedi-

212 5654 359 5698 tum
390 5656 497 5694 non
518 5641 719 5710 pigebit
738 5656 768 5694 e
788 5642 921 5695 meis
937 5640 1287 5695 mss.schedis
1309 5640 1524 5693 libatum
1542 5653 1830 5705 apponere,

216 5710 403 5785 quod
426 5711 590 5767 etiam
624 5710 677 5764 in
699 5711 847 5777 justo
876 5711 1200 5766 incditorum
1227 5723 1554 5765 marmorum
1580 5724 1829 5778 corpore,

1926 4282 2039 4368 per}
2087 4287 2658 4368 favente,_brevi__per
2690 4305 2779 4368 me
2822 4290 3107 4368 referetur.
3146 4292 3339 4351 Exstat
3382 4295 3513 4351 illud

1925 4357 1981 4411 in
2011 4357 2387 4431 Lateraneusis
2413 4357 2643 4418 basilice
2664 4365 2970 4431 pavimento
3002 4364 3216 4419 Romae:

2171 4429 2441 4489 RUFIUS.
2474 4429 2921 4488 VOLUSIANUS.
2945 4433 3009 4488 V.
3026 4433 3086 4487 C.
3103 4433 3163 4487 Χ,
3183 4434 3269 4489 Vl.

2178 4500 2446 4557 RUFIUS.
2471 4502 2748 4557 FESTUS.
2774 4505 2837 4557 V.
2855 4504 2915 4557 C.
2944 4503 3051 4557 XV.
3075 4503 3267 4557 SEI’T.

2172 4571 2553 4627 SEBASMlUS
2978 4572 3277 4654 muniens

2177 4682 2191 4694 .
2271 4683 2285 4697 .
2364 4683 2378 4697 .
2458 4682 2472 4697 .
2551 4680 2566 4696 .
2646 4684 2661 4697 .
2740 4683 2755 4697 .
2836 4684 2849 4697 .
2926 4639 3276 4698 .PONT.M.

2175 4712 2509 4767 BRITTIUS.
2544 4711 2899 4767 PRAESENS.
2933 4713 2993 4766 V.
3021 4713 3082 4767 Ο.
3124 4713 3180 4768 P.
3210 4713 3276 4769 Μ.

2174 4780 2536 4838 EVACRIUS.
2574 4781 2997 4838 PHILOSOPUS
3073 4824 3087 4838 .
3169 4822 3185 4837 .
3258 4823 3272 4836 .

2175 4850 2281 4906 FL.
2314 4850 2625 4909 ATTICUS.
2657 4854 2719 4908 V.
2752 4853 2813 4907 (Σ.
2885 4892 2899 4907 .
2979 4894 2993 4909 .
3073 4894 3087 4908 .
3168 4894 3181 4908 .
3258 4894 3273 4908 .

1935 4936 2163 5013 Melania
2211 4942 2394 5013 senior
2440 4942 2633 4996 femina
2678 4943 3016 5013 perillustris,
3068 4944 3262 4997 marito
3308 4958 3339 4997 e
3382 4945 3517 4998 vn-is

1933 5011 2167 5083 sublato,
2214 5012 2431 5083 unicum
2474 5011 2695 5081 reliqum
2734 5013 2870 5082 proli
2911 5013 3253 5083 superstitem
3291 5014 3423 5066 vidit
3453 5014 3517 5064 li-

1936 5081 2086 5152 lium.
2133 5095 2303 5152 quem
2342 5079 2669 5152 Publicolam
2702 5079 2792 5152 (an
2842 5079 2992 5135 recte
3035 5082 3238 5151 nescio)
3284 5083 3519 5151 appellat

1934 5150 2232 5204 Chillletins
2261 5150 2324 5204 V.
2357 5150 2418 5205 C.
2446 5167 2477 5205 e
2501 5167 2615 5207 soc.
2645 5150 2791 5206 JeSu.
2823 5152 3007 5206 Crevit
3034 5152 3154 5215 iste,
3177 5150 3429 5205 esimiam
3462 5152 3516 5206 in

1940 5220 2081 5275 Urbe
2111 5229 2299 5275 nactus
2328 5221 2799 5290 existimationem,
2842 5222 3141 5290 opibusque
3168 5221 3345 5274 clarus
3375 5223 3516 5274 inter

1934 5290 2138 5360 primos
2165 5290 2353 5344 evasit.
2383 5289 2573 5344 Omnia
2603 5292 2715 5345 hmc
2738 5289 2963 5344 Paulino
2989 5290 3247 5344 debemus
3266 5289 3319 5343 in
3340 5305 3427 5358 ep.
3446 5290 3517 5342 l0

1934 5360 2000 5413 ad
2031 5359 2285 5413 Severmn
2304 5398 2319 5422 ,
2351 5361 2441 5414 ubi
2465 5363 2631 5415 multa
2660 5362 2726 5414 de
2755 5360 2979 5415 Melania
3011 5362 3232 5427 ejusque
3262 5368 3389 5413 nato
3416 5360 3515 5412 ha-

1939 5429 2050 5484 bet.
2084 5429 2328 5482 Albinam
2357 5430 2456 5484 isle
2484 5431 2606 5485 dein
2636 5428 2885 5497 conjugio
2914 5428 3013 5483 sibi
3039 5428 3309 5497 copulavit
3338 5446 3349 5480 :
3375 5429 3520 5485 unde

1934 5500 2097 5553 etiam
2124 5500 2391 5553 :estimare
2430 5500 2585 5555 facile
2632 5514 2915 5567 possumus
2956 5506 3156 5565 quanta
3185 5497 3299 5551 lucc
3324 5498 3518 5551 nobili-

1935 5577 2047 5622 tate
2076 5569 2319 5636 polleret,
2350 5584 2470 5637 qua}
2497 5566 2673 5637 virum
2695 5566 3082 5637 nobilissimum
3123 5576 3180 5620 et
3209 5568 3518 5621 consulibus

1938 5639 2051 5692 avis
2073 5635 2353 5697 illustrem,
2371 5635 2627 5706 maritum
2659 5636 2813 5690 fuerit
2835 5636 3015 5706 nacta.
3040 5635 3198 5690 Hisce
3223 5652 3290 5690 ex
3315 5637 3518 5706 nuptiis

1932 5708 2177 5777 profecta
2207 5716 2289 5761 est
2318 5707 2539 5762 Melania
2566 5704 2765 5776 junior,
2814 5720 2935 5776 qua:
2975 5705 3123 5762 Nola:
3160 5707 3345 5763 itidem
3384 5704 3520 5764 ado-
