4006 6350
591 385 693 455 195

1646 378 1979 434 APPENDIX
2014 377 2295 434 οΡΕιωΜ
2333 378 2689 435 S.PAU|.INI.

3730 377 3835 438 796

591 506 647 554 et
673 497 762 551 alii
803 495 1096 550 Romanam
1139 496 1495 551 eruditionem
1522 494 1735 564 scriptis
1770 495 2056 563 prosecuti.
2101 494 2157 564 Si
2187 505 2233 561 Α
2260 493 2543 563 quemdam
2591 493 2895 562 prmfcctum
2928 493 3054 564 Urbi
3106 509 3247 563 teges
3277 496 3378 548 illas
3425 494 3720 550 clarissime
3764 508 3842 551 to.

592 581 721 634 ergo
740 566 989 634 Paulinus
1008 581 1147 618 anno
1176 566 1278 618 578
1306 565 1490 619 consul
1517 562 1897 634 processisset,
1928 565 2005 616 uti
2034 562 2156 632 opi-

594 633 753 690 natur
780 637 893 703 ipse
928 633 1222 703 Chiflletius
1247 677 1261 697 ,
1310 633 1581 703 quomodo
1608 633 1797 687 eodem
1826 634 1986 703 etiam
2016 648 2159 685 anno

594 705 763 758 mdilis
799 701 995 757 curulis
1028 702 1213 757 fuisset
1235 742 1249 764 ,
1313 701 1561 771 annoque
1607 711 1792 769 postea
1823 701 1927 755 580
1963 709 2161 770 praeter

2261 571 2499 632 quuntur
2520 604 2534 623 ,
2569 578 2673 616 non
2703 574 2984 632 pnetorcm
3018 563 3283 617 Urbanum
3310 582 3323 626 ;
3376 572 3430 616 et
3462 572 3708 617 neutrum
3732 580 3838 619 ex-

2261 633 2461 712 stitisse
2488 631 2766 713 Paulinum
2799 642 3038 713 nostrum
3071 634 3347 713 ipsi_usm_ct
3374 633 3645 713 silentium

2262 703 2391 754 satis
2420 710 2603 770 aperte
2636 702 2852 756 indicat.
2896 702 3029 755 Eum
3071 704 3246 770 potius
3278 703 3549 755 Paulinum
3577 703 3663 755 bis
3690 702 3845 758 inbui

599 772 882 827 Urbanus?
929 772 1022 825 Est
1048 773 1150 826 hoc
1179 768 1536 842 Romanarum
1565 768 2159 842 dignitatum_ordinem
2264 768 2891 842 Legifnisoarbitrortqui
2917 768 3244 842 memoratur
3273 773 3324 825 in
3346 771 3589 842 lnscript.
3619 770 3842 827 Gruter.

595 843 880 897 invertere.
918 841 1115 896 Verum
1139 883 1153 907 ,
1197 843 1272 896 uti
1301 857 1461 912 supra
1491 838 1795 896 dicebamus
1819 877 1834 903 ,
1882 838 2160 893 Paulinum

2262 854 2383 909 pag.
2416 839 2537 904 M5,
2570 857 2633 893 ac
2659 839 2884 894 PlleF.
2920 840 3096 894 UltBl.
3134 850 3490 911 nuncupatur.

635 964 3818 995 mw

1518 1077 2279 1165 DISSERTATIO
2355 1075 3015 1170 UNDECIMA.

1566 1225 1664 1271 DE
1698 1222 2034 1286 ιιειιιρυιε
2069 1219 2361 1268 PAULI!“
2396 1217 2632 1266 BEBUS
2666 1217 2932 1265 688⁸1⁸18.

667 1328 937 1394 Vidimus,
970 1328 1023 1381 ni
1054 1326 1240 1392 fallor,
1272 1325 1551 1381 Paulinum
1577 1329 1884 1394 Campania:
1923 1327 2169 1381 consula-

598 1414 711 1453 rem
736 1416 749 1451 :
780 1414 921 1467 nunc
947 1398 1287 1465 inspiciamus
1311 1398 1437 1466 quid
1461 1399 1533 1452 illi
1557 1406 1679 1467 post
1699 1400 1834 1453 hanc
1855 1397 2170 1465 dignitatem

599 1477 793 1524 actum.
836 1466 971 1520 Sunt
1000 1467 1116 1534 ejus
1146 1468 1308 1519 verba
1336 1485 1348 1518 :

720 1556 849 1615 Ergo
873 1557 953 1602 ubi
979 1556 1053 1602 bis
1076 1563 1216 1602 terno
1234 1555 1426 1601 ditionis
1451 1554 1579 1603 fasce
1604 1555 1792 1604 levatus

718 1617 931 1677 Deposui
959 1616 1085 1663 nulla
1109 1616 1390 1677 maculatam
1414 1619 1546 1664 caede
1572 1618 1779 1664 securim

717 1676 1077 1725 'l‘e’revocanle
1100 1676 1188 1724 soli
1214 1677 1449 1735 quondam
1475 1679 1701 1737 genitalis
1722 1677 1779 1725 ad
1803 1688 1936 1725 oram

722 1738 953 1786 Sollicita:
971 1738 1109 1785 matri
1135 1749 1240 1784 sum
1265 1738 1534 1786 redditus...

598 1817 815 1898 Iv'aseem
839 1817 1048 1871 ditionis
1075 1816 1150 1868 bis
1171 1824 1371 1905 ternum
1400 1830 1499 1884 ego
1530 1818 2163 1905 interpretarernprosex
2198 1845 2245 1905 Β

599 1888 754 1940 annis
773 1927 787 1949 ,
842 1895 934 1939 aut
971 1901 1067 1939 sex
1098 1886 1366 1939 mensibus
1393 1928 1408 1951 ,
1460 1886 1653 1954 quibus
1673 1885 1680 1886 “
1702 1885 1883 1938 forsan
1912 1885 2167 1939 Paulinus

600 1956 941 2025 Campaniam
958 1955 1261 2025 consularis
1283 1971 1501 2025 munere
1529 1956 1933 2025 administravit.
1965 1955 2166 2025 Quam-

601 2026 682 2077 vis
710 2022 849 2078 enim
874 2025 909 2077 l.
942 2023 976 2074 4
998 2024 1063 2077 ad
1094 2024 1262 2089 legem
1285 2022 1386 2078 Jul.
1419 2024 1484 2078 de
1513 2026 1725 2078 Ambitu
1750 2024 1871 2079 cod.
1896 2024 1995 2078 Th.
2032 2024 2169 2078 Con-

599 2094 884 2148 sularitatis
913 2095 1078 2163 fasces
1105 2094 1288 2145 iterare
1314 2094 1469 2146 fuerit
1487 2096 1844 2158 interdictum,
1877 2103 1933 2148 et
1952 2094 2166 2148 biennio

600 2172 806 2215 tantum
832 2204 846 2228 ,
896 2170 985 2215 aut
1005 2177 1268 2216 summum
1312 2164 1561 2231 triennio,
1605 2180 1794 2218 munus
1823 2164 1925 2218 hoc
1950 2163 2169 2217 durasse

599 2232 922 2286 credendum
944 2232 1031 2294 sit,
1057 2239 1292 2284 attamen
1315 2232 1386 2285 nil
1413 2233 1534 2286 inde
1555 2234 1804 2287 adversus
1828 2250 1923 2287 nos
1945 2233 2163 2286 eruitur.

639 2316 764 2354 uum
789 2316 930 2354 anno
959 2308 1163 2353 tantum
1189 2299 1320 2364 416,
1354 2303 1453 2355 sub
1483 2302 1717 2356 Honorio
1746 2318 1809 2355 ac
1842 2302 2167 2364 Theodosio,

599 2370 731 2424 illud
769 2370 1099 2423 emanaverit
1143 2372 1497 2439 rescriptum,
1555 2373 1683 2440 quin
1721 2373 1828 2426 imo
1867 2371 2170 2440 hujusmodi

599 2455 824 2494 munera
865 2440 1045 2494 iterari
1091 2442 1431 2509 consuevisse
1471 2442 1721 2509 (faciente
1752 2448 1929 2494 tamen
1958 2441 2169 2494 veniam

600 2509 865 2577 principe)
910 2508 1097 2562 eadem
1137 2508 1190 2561 in
1240 2510 1355 2577 lege
1385 2508 1673 2564 asseratur.
1724 2511 1920 2564 Verum
1950 2509 2169 2578 quidem

598 2586 683 2633 est
708 2578 1077 2632 consularibus
1103 2579 1265 2632 etiam
1282 2578 1370 2646 jus
1399 2579 1618 2634 fascium
1646 2578 1805 2633 fuisse
1827 2594 2168 2634 concessum:

598 2648 767 2719 quod
790 2662 856 2719 es
898 2648 1108 2719 laudata
1139 2663 1308 2719 nuper
1357 2649 1493 2719 lege,
1522 2649 1939 2719 deprehenditur
1961 2689 1975 2710 ,
2021 2657 2076 2702 et
2103 2662 2171 2701 ex

598 2717 720 2786 aliis
756 2717 960 2784 legibus
1005 2717 1166 2770 docet
1209 2716 1567 2773 Gothofredus
1593 2716 1662 2772 'in
1709 2720 1874 2772 Notit.
1928 2718 2170 2786 dignitat.

600 2783 779 2860 videri
808 2783 1111 2860 propterea
1111 2795 1294 2860 posset
1314 2787 1391 2840 bis
1422 2798 1593 2860 ternos
1616 2792 1780 2860 fasces
1803 2789 1867 2860 iis
1889 2783 2177 2860 concessas

599 2854 977 2927 aduconsulum
1010 2854 1366 2911 differentiam
1390 2897 1405 2923 ,
1436 2854 1627 2927 quibus
1654 2900 1669 2926 ,
1714 2868 1773 2912 ut
1801 2858 1972 2926 inquit
2000 2858 2093 2911 lib.
2124 2872 2176 2910 ιγ

578 2922 767 2979 'Silius
788 2963 805 2989 ,

724 3014 953 3063 Bissenos
970 3012 1073 3062 haec
1096 3016 1245 3077 prima
1263 3016 1395 3065 dedit
1417 3016 1697 3078 przecedere
1719 3019 1889 3066 fasces.

599 3093 1090 3168 SentianlLeguditi,
1122 3097 1266 3168 quod
1285 3099 1459 3168 magis
1487 3114 1675 3152 sanum
1698 3105 1886 3168 putant
1910 3115 1925 3163 ;
1953 3112 2054 3168 ego
2075 3114 2183 3152 non

602 3178 807 3237 moror.
828 3162 880 3237 ΔΕ
908 3162 1197 3237 βδηψδηῖει
1227 3162 1466 3235 ἱεὶιυιῖίιι
1489 3162 1975 3237 (Ξειιιίιιέρνοοεεδίι
1990 3162 2181 3221 Pauli-

754 3233 844 3288 ubi
864 3233 1122 3292 adhuc—iu
1148 3233 1284 3291 vivis
1312 3238 1429 3305 ejus
1467 3244 1641 3292 mater
1667 3233 1875 3305 agebat.
1928 3237 2183 3306 Sequitur

1093 3394 1214 3445 inde
1236 3396 1532 3468 propinquos
1576 3460 1584 3468 _

720 3450 876 3504 Trans
890 3453 1007 3518 juga
1028 3450 1252 3519 Pyrenes
1268 3450 1361 3505 adii
1385 3450 1680 3519 peregrinus
1698 3457 1884 3507 Iberos.

598 3528 645 3586 E
669 3531 853 3607 Galliis
881 3536 933 3590 in
964 3534 1272 3607 Hispaniam
1301 3538 1548 3607 migravit
1574 3536 1851 3601 Paulinus,
1885 3540 2063 3607 ibique
2090 3538 2180 3594 diu

599 3604 908 3674 constitisse
931 3604 1157 3662 videtur.
1200 3604 1513 3674 Saccltinus,
1544 3608 1678 3662 Vita:
1709 3604 2031 3662 Pauliniana:
2058 3623 2178 3663 eruo
2208 3646 2213 3652 -

598 3671 894 3752 ditissimus
921 3676 1185 3752 scriptor,
1215 3676 1418 3752 Natalis
1447 3671 1539 3732 sui
1564 3679 1870 3752 cognitione
1898 3679 2183 3733 destitutus

600 3742 676 3818 illa
705 3742 889 3818 scribit
915 3745 1290 3818 :_Aliquamdiu
1334 3746 1513 3800 Roma:
1540 3742 1703 3818 vixit._
1738 3746 1871 3801 Inde
1897 3765 1989 3818 per
2017 3764 2179 3802 annos

600 3812 764 3886 [etme
792 3812 1080 3886 quindecim
1099 3818 1453 3885 peregrinatus
1470 3827 1545 3869 est
1566 3834 1656 3886 per
1678 3812 1908 3886 Italiam,
1934 3816 2177 3881 Galliam,

598 3877 936 3959 Hispaniam,
959 3877 1375 3959 terra'marique,
1397 3877 1588 3959 partim
1617 3884 1834 3959 publiris
1857 3877 2026 3953 rebus,
2055 3877 2180 3953 par;

598 3950 691 4025 tim
736 3950 861 4018 (nisi
902 3950 1316 4025 conjectura
1345 3950 1502 4025 fallit)
1544 3950 1839 4025 domesticis
1878 3950 2173 4024 occupatus.

596 4015 722 4097 Non
742 4015 1009 4097 annos_15
1038 4015 1404 4097 peregrinatus
1428 4015 1510 4078 est
1539 4024 1812 4097 Paulinus,
1841 4015 2014 4091 quum'
2032 4025 2179 4097 illum

596 4088 654 4140 in
682 4088 973 4162 Campania
1001 4088 1297 4147 consularis
1327 4110 1519 4147 munus
1544 4110 1639 4161 per
1657 4088 2181 4162 aliquot—coercuerit

597 4170 791 4212 annos.
822 4159 1038 4233 peinde
1065 4162 1221 4216 nimis
1264 4159 1621 4231 amplificatur
1665 4159 1764 4217 ista
1795 4165 2177 4233 peregrinatio,

595 4239 718 4293 qua:
747 4229 892 4282 nulla
920 4246 1095 4298 neque
1124 4229 1447 4285 curiositatis
1471 4274 1485 4298 ,
1536 4249 1708 4301 neque
1738 4229 2067 4302 publicarum
2082 4229 2178 4302 ire;

600 4310 721 4374 {um
760 4312 921 4374 causa
950 4310 1197 4374 suscepta
1226 4312 1325 4355 est.
1354 4373 1357 4374 ν
1387 4302 1717 4374 Manifestius
1741 4301 2026 4374 decipitur
2064 4301 2174 4374 Gu-

600 4362 814 4420 lielmus
838 4367 992 4440 Cave
1014 4370 1063 4421 in
1091 4362 1226 4422 llist.
1257 4373 1445 4440 script.
1488 4373 1618 4426 eccl.
1667 4388 1827 4440 qutun
1859 4362 1926 4425 de
1955 4371 2178 4440 Paulino

598 4447 762 4512 agens
791 4438 1406 4512 _consulatus_honorem
1456 4442 1529 4495 illi
1582 4438 1836 4507 obtigisse
1886 4456 2027 4493 anno
2076 4439 2180 4493 575

599 4505 693 4565 ait,
718 4505 1009 4581 subditque
1034 4526 1047 4560 :
1098 4510 1247 4562 Anno
1270 4512 1500 4581 sequenti
1531 4512 1607 4581 ad
1617 4505 1822 4581 exteras
1846 4512 2081 4579 regiones
2103 4514 2179 4564 vi-

2276 1325 2327 1378 in
2376 1323 2489 1381 fin..
2526 1323 2625 1378 sibi
2655 1339 2867 1393 quoque
2894 1339 2956 1377 ea
2980 1323 3031 1377 in
3061 1323 3191 1393 urbe
3213 1332 3397 1377 natum
3450 1331 3609 1393 atque
3650 1338 3681 1378 e
3714 1324 3848 1379 vivis

2275 1394 2539 1447 sublatum
2595 1391 2796 1446 dixerit
2835 1394 3019 1446 filium.
3073 1391 3197 1446 Erat
3250 1403 3428 1447 autem
3451 1392 3705 1446 Therasia
3734 1396 3848 1460 jam

2276 1471 2566 1533 lum_sa_cro
2594 1463 2914 1533 baptismate
2941 1463 3139 1525 abluta,
3176 1471 3233 1516 et
3258 1478 3451 1515 nomen
3476 1460 3849 1533 Christianum

2316 1530 2626 1583 roﬁtebatur
2644 1530 2877 1590 ieienim
2898 1546 2956 1585 se
2977 1547 3137 1584 unum
3160 1533 3383 1587 salutem
3408 1546 3555 1584 suam
3576 1531 3849 1585 distulisse

2322 1600 2529 1653 aulinus
2567 1609 2827 1655 memorat
2851 1643 2865 1667 ,
2914 1601 3197 1667 multisque
3238 1616 3423 1655 revera
3470 1609 3590 1668 post
3633 1600 3793 1656 annis
3820 1617 3849 1654 a

2282 1668 2544 1737 Delphina
2562 1668 2934 1736 Burtlcgalensi
2964 1670 3214 1738 episcopo
3238 1671 3535 1738 baptizatus
3562 1670 3680 1722 fuit.
3708 1669 3848 1723 Poe-
3884 1704 3888 1707 ς

2281 1747 2349 1791 ta:
2380 1739 2824 1807 nostroAfmtrein
2880 1739 3041 1792 fuisse
3104 1741 3486 1807 subwqucutes
3551 1749 3738 1807 Versus
3769 1747 3847 1791 te-

2280 1816 2506 1876 stantur.
2549 1805 2645 1861 llic
2673 1809 2853 1862 nescio
2875 1824 2979 1876 qua
3007 1823 3166 1862 causa
3196 1805 3364 1863 cméus
3391 1808 3585 1861 multas
3617 1806 3845 1861 Paulino

2271 1875 2419 1930 fratri
2457 1877 2638 1931 turbas
2673 1875 2928 1931 excitatas
2956 1877 3188 1945 reliquit.
3233 1878 3347 1930 Non
3375 1877 3441 1930 de
3465 1876 3622 1943 hujus
3649 1877 3845 1945 opibus

2271 1954 2477 1999 tantum
2518 1946 2880 2015 latissimeque
2920 1948 3241 2014 patrimonio
3293 1947 3450 2000 fiscus
3477 1946 3703 2012 agebat,
3751 1947 3844 1999 sed

2272 2015 2544 2069 innocenti
2591 2018 2749 2069 etiam
2796 2017 2960 2084 capiti
3010 2016 3185 2069 feralis
3216 2017 3524 2069 imminebat
3558 2017 3846 2084 sententia.

2269 2085 2325 2137 ὃ.
2361 2084 2551 2138 Felicis
2594 2093 2771 2139 tamen
2812 2083 3169 2152 patrocinium
3212 2086 3435 2153 supplici
3482 2094 3680 2152 praesto
3730 2083 3845 2145 fuit,

2269 2155 2489 2222 ejusque
2518 2170 2620 2222 cpe
2651 2164 2760 2208 tum
2791 2153 2996 2208 Paulini
3016 2156 3179 2221 bona,
3218 2164 3327 2207 tum
3356 2155 3461 2207 vita
3490 2154 3845 2222 improvisum

2269 2239 2489 2293 evasere
2524 2224 2834 2293 periculum.
2892 2222 3050 2277 Juvat
3090 2224 3259 2293 ipsum
3287 2233 3463 2278 vatem
3492 2232 3741 2277 sanctum
3766 2238 3847 2275 au-

2271 2292 2386 2347 dire
2411 2311 2424 2345 ε

2394 2382 2609 2444 Quinque
2633 2382 2905 2430 laborarem
2924 2384 3139 2444 germani
3164 2383 3398 2442 sanguine
3419 2384 3551 2439 caesi,

2392 2442 2451 2504 Et
2473 2446 2880 2498 consanguineum
2906 2442 3102 2504 pareret
3125 2444 3335 2491 fraterna
3360 2444 3592 2503 periclum

2395 2503 2542 2551 Causa
2563 2506 2697 2561 mihi,
2719 2503 3016 2564 censumziue
3036 2519 3194 2551 meum
3211 2504 3308 2561 jam
3331 2512 3489 2551 ret-tor
3515 2505 3723 2558 adisset,

2394 2564 2464 2627 'ljn
2493 2577 2597 2611 mea
2622 2566 2760 2627 colla,
2790 2573 2945 2625 pater,
2975 2566 3154 2627 gladio,
3180 2566 3463 2623 patrimonia
3489 2564 3602 2610 lisw

2401 2624 2594 2684 l-lximis,
2622 2634 2674 2674 et
2695 2625 2884 2676 Christo
2904 2624 3104 2674 Domino
3127 2638 3232 2674 mea
3257 2639 3431 2685 meque
3456 2636 3699 2672 reservas.

2276 2706 2405 2773 Quis
2444 2706 2603 2759 fuerit
2632 2707 2733 2761 istc
2774 2706 2980 2773 Paulini
3018 2706 3179 2759 frater
3204 2748 3219 2772 ,
3269 2704 3503 2773 nondum
3540 2704 3672 2756 mihi
3696 2718 3849 2773 com-

2278 2772 2485 2845 pertum
2504 2786 2613 2839 cst;
2636 2776 2882 2845 eumdem
2904 2772 3081 2829 tamen
3099 2791 3215 2829 esse
3234 2789 3392 2843 quem
3415 2772 3669 2845 Paulinus
3692 2772 3747 2845 in
3763 2787 3842 2840 ep.

2284 2841 2347 2899 19
2377 2847 2439 2897 ad
2474 2845 2714 2913 Delphin.
2741 2844 2953 2911 Burdig.
2978 2861 3062 2913 ep.
3097 2841 3377 2907 memorat,
3410 2841 3565 2896 facile
3594 2841 3843 2913 arbitror.

2280 2915 2484 2969 Nullius
2512 2910 2584 2967 ibi
2609 2914 2825 2982 quidem
2853 2910 3238 2968 cmdis'mentio
3263 2911 3665 2982 oecurril,_quia
3690 2910 3848 2982 totius

2283 3000 2456 3038 scena:
2488 2978 2775 3057 Delphinus
2796 2985 2903 3051 jam
2932 2984 3130 3057 certior
3156 2991 3281 3037 ante
3305 2983 3477 3035 fuerat
3508 2979 3682 3034 factus
3710 2997 3742 3057 ;_

2282 3070 2444 3123 quum
2473 3068 2531 3106 se
2560 3047 2915 3123 contristatam
2937 3053 3269 3123 vehementer,
3300 3059 3708 3123 proptereaque
3723 3047 3847 3100 brevi

2284 3118 2495 3176 usurum
2514 3123 2796 3192 scriptione
2816 3121 3042 3176 fateatur
3065 3118 3333 3182 Paulinus,
3362 3133 3618 3192 magnam
3634 3118 3712 3171 illi
3734 3133 3847 3192 eou-

2208 3209 2252 3269 C
2287 3192 2466 3269 tigisse
2493 3186 2695 3269 doloris
2720 3207 2935 3246 causam
2979 3198 3223 3269 apertum
3253 3198 3361 3269 est,
3549 3188 3655 3269 alia
3685 3202 3718 3269 a
3749 3186 3845 3239 fra-

2286 3263 2380 3314 tris
2405 3261 2549 3314 caule
2588 3262 2678 3314 vix
2715 3269 2929 3329 poterat
2964 3257 3102 3315 esse.
3163 3260 3238 3314 De
3265 3260 3366 3313 hac
3389 3259 3574 3329 eadem
3616 3257 3847 3310 fraterna

2284 3346 2418 3385 nece
2437 3327 2811 3399 epistolam'20
2832 3331 2898 3383 ad
2919 3329 3212 3384 Amandum
3234 3329 3464 3396 scripsit,
3489 3327 3577 3399 ubi
3598 3335 3846 3399 recentem

2284 3396 2527 3469 fraterna:
2572 3399 2871 3454 divulsionis
2919 3401 3148 3454 dolorem
3188 3408 3455 3469 memorat.
3486 3396 3639 3469 Qua:_
3657 3396 3701 3448 si
3732 3409 3845 3469 vera

2281 3464 2424 3529 sunt,
2453 3469 2812 3523 emendandus
2833 3469 3271 3523 anaehrouismus
3293 3467 3359 3521 cl.
3395 3465 3458 3519 V.
3485 3464 3570 3519 Jo.
3604 3464 3846 3533 Baptista:

2286 3538 2336 3591 le
2362 3538 2526 3600 Bruti,
2549 3539 2641 3607 cui
2665 3547 2987 3606 postremam
3017 3553 3237 3607 operum
3256 3536 3313 3592 S.
3338 3535 3542 3607 Paulini
3563 3535 3845 3588 editionem

2282 3608 2570 3669 debemus,
2614 3605 2742 3661 dum
2772 3608 2838 3661 ad
2864 3623 2952 3660 an.
2991 3605 3228 3662 (ΗΚΔΟὸ
3255 3605 3536 3674 epistolam
3566 3612 3844 3670 utramque

2284 3675 2464 3750 refert.
2498 3675 2598 3750 lia:
2625 3676 2886 3750 siquidem
2916 3676 3053 3750 bina:
3102 3675 3341 3750 epistola:
3382 3674 3837 3750 circiter__annum

2284 3746 2387 3799 595
2408 3747 2637 3814 scriptae,
2667 3741 2829 3814 quum
2860 3745 3036 3799 fratris
3055 3741 3254 3800 andem
3279 3743 3500 3797 Paulino
3524 3746 3576 3796 in
3602 3741 3649 3794 ll
3672 3741 3845 3809 spania

2281 3815 2453 3869 adhuc
2481 3817 2659 3884 agenti
2707 3831 2776 3869 ex
2805 3815 2907 3869 hoc
2955 3815 3127 3869 Natali
3155 3814 3412 3868 accidisse
3443 3821 3648 3884 pateat.
3706 3814 3759 3865 ln
3785 3824 3845 3863 ea

2282 3884 2347 3937 ad
2375 3881 2671 3938 Amandum
2700 3884 2925 3953 epistola
2946 3885 3118 3952 inquit
3142 3884 3223 3936 vir
3249 3884 3401 3953 pius;
3436 3881 3543 3934 Ora
3564 3891 3614 3934 et
3646 3899 3738 3950 pro
3756 3896 3844 3953 no-

2281 3954 2380 4018 bis,
2411 3971 2475 4007 ne
2495 3954 2549 4006 in
2569 3948 2790 4023 peccatis
2810 3956 2999 4007 nostris
3020 3948 3318 4007 moriamur.
3348 3948 3544 4023 alam
3566 3948 3726 4023 faciat
3747 3948 3844 4001 Do-

2282 4026 2448 4077 minus
2477 4020 2633 4093 ﬁnem
2663 4034 2913 4089 nostrum,
2945 4031 2997 4075 ut
3033 4024 3254 4093 sciamus
3282 4020 3402 4093 quid
3430 4021 3559 4093 desit
3582 4020 3776 4093 _nobis_,
3801 4024 3845 4070 et

2280 4088 2605 4162 properemus
2626 4088 2905 4162 adimplere
2956 4092 3089 4163 quod
3103 4088 3394 4163 restau'En
3416 4100 3475 4143 ut
3493 4089 3594 4142 sibi
3620 4088 3845 4143 nondum

2280 4161 2555 4231 impletum
2579 4163 2811 4216 insinuat
2832 4161 3075 4215 sanetum
3096 4161 3425 4231 paupertatis
3451 4168 3662 4231 votum,
3690 4170 3847 4231 seque

2281 4216 2624 4307 ab:Hispania
2648 4216 3235 4307 nondum__di_sces§isse.
3266 4228 3516 4307 Ceterum
3538 4216 3845 4307 hujusmodi

2280 4294 2625 4355 infortunium
2654 4302 2726 4354 ita
2764 4300 2973 4354 Paulini
3001 4302 3234 4353 animum
3259 4298 3487 4367 perculit
3512 4337 3529 4364 ,
3578 4306 3639 4350 ut
3669 4294 3846 4367 seculo

2280 4372 2586 4424 renuntiare
2606 4378 2752 4424 certa
2773 4370 3020 4424 statuerit
3040 4366 3327 4433 sententia,
3355 4368 3421 4420 ad
3444 4366 3493 4419 id
3518 4366 3847 4435 potissimum

2282 4440 2367 4508 pia
2417 4441 2727 4508 impellente
2788 4455 2975 4493 uxore.
3045 4437 3279 4508 Consilio
3327 4438 3506 4508 itaque
3561 4441 3847 4508 maturato,

2281 4505 2634 4577 omnibusque
2662 4511 2715 4563 in
2744 4524 3037 4577 pauperum
3064 4506 3353 4577 subsidium
3378 4505 3645 4577 distractis
3666 4544 3685 4577 ε
3733 4516 3847 4554 mas

598 4573 789 4627 rendus
818 4592 872 4649 se
900 4573 1192 4649 accingeris,
1232 4573 1408 4632 omnes
1433 4584 1539 4649 [ese
1572 4580 1861 4632 Occidentis
1891 4573 2177 4648 provincias
2209 4576 2256 4634 D
2282 4580 2482 4632 xitnutn
2514 4573 2635 4631 cum
2671 4573 2806 4633 cmlo
2828 4573 2999 4649 ficdus
3027 4577 3247 4649 feriens,
3294 4574 3549 4649 Paulinus
3593 4574 3846 4649 Nolanam

599 4646 909 4713 peragravit.
929 4645 1094 4719 ﬂisc'e
1121 4645 1619 4719 peregrinationibus
1640 4645 1925 4719 quindecim
1955 4652 2061 4719 fere
2080 4666 2179 4701 an-

599 4717 1028 4786 norant_spatium
1055 4718 1323 4785 impendit.
1371 4717 1660 4786 Siquidem
1688 4719 1855 4771 multo
1901 4717 2070 4772 serius
2108 4732 2177 4771 ex

599 4778 748 4858 italia
778 4778 1030 4858 Paulinus
1057 4778 1242 4858 movit,
1275 4778 1464 4855 neque'
1490 4789 1542 4841 in
1575 4803 1764 4858 omnes
1790 4787 1900 4842 fere
1919 4788 2178 4858 Occiden-

603 4853 670 4902 tis
718 4853 1022 4929 provincias
1066 4855 1278 4929 delatus
1322 4853 1423 4911 est.
1480 4857 1617 4923 Quid
1652 4872 1816 4926 porro
1841 4858 1896 4912 in
1924 4856 2175 4929 Hispania

599 4921 849 4988 gesserit,
880 4921 1039 4978 docet
1065 4924 1179 4993 ipse
1204 4941 1218 4977 :

785 4998 892 5067 illic
913 5012 992 5049 me
1020 5002 1239 5067 thalamis
1262 5003 1465 5051 humana
1492 5002 1604 5063 lege
1620 5003 1780 5067 jugail

786 5060 961 5110 Passus
985 5075 1059 5120 es,
1081 5072 1133 5113 ut
1158 5066 1300 5123 vitam
1323 5060 1707 5115 eomntercnrere
1730 5070 1956 5126 duorum,

781 5130 974 5198 Perque
993 5120 1171 5198 inguini
1187 5137 1348 5185 carnis
1369 5137 1605 5198 duplicata
1626 5137 1753 5184 salus
1776 5120 2041 5187 animarum

782 5192 1158 5243 Dilaiam’uuius
1177 5205 1342 5258 posset
1363 5192 1571 5258 pensare
1592 5200 1814 5247 salutem.

599 5268 1105 5360 Thoresia,'muliler
1128 5278 1401 5360 natalibus
1429 5293 1493 5333 ac
1520 5279 1733 5360 pietate
1767 5285 2050 5360 priestans,
2102 5277 2178 5358 illi

600 5354 741 5417 uxor
763 5346 1001 5417 contigit.
1036 5345 1475 5417 Complutensem
1518 5345 1660 5402 illam
1708 5345 1869 5403 fuisse
1910 5347 2031 5417 inde
2060 5348 2180 5414 quis

599 5412 769 5479 possit
808 5412 1057 5481 haurire,
1085 5412 1229 5486 quod
1260 5416 1514 5473 Paulinus
1534 5457 1548 5484 ,
1581 5419 1633 5472 iu
1666 5417 1861 5487 l’aneg.
1902 5418 1968 5472 de
1996 5412 2176 5482 Celso,

2282 4649 2347 4701 ad
2388 4649 2591 4729 .urbetn
2648 4664 2767 4703 sese
2806 4648 3017 4701 demum
3073 4645 3292 4715 recepit.
3352 4642 3480 4699 [iam
3520 4644 3699 4698 omnia
3737 4641 3847 4709 ipse

2280 4726 2452 4772 canit:

2402 4805 2519 4854 Nam
2544 4819 2640 4862 quo
2663 4806 2857 4854 consilio
2877 4807 3044 4867 rebus,
3070 4806 3313 4864 capitique
3337 4812 3581 4859 meotunc

2401 4868 2619 4914 (Ibrisuts
2640 4880 2782 4926 opem
2808 4867 2991 4923 tulerit,
3014 4867 3189 4915 Felicis
3210 4878 3321 4913 cura
3344 4872 3570 4926 potenter

2404 4928 2650 4984 Atlfoeri',
2676 4930 2841 4977 docuit
2865 4942 3026 4975 rerum
3051 4936 3156 4986 post
3179 4930 3342 4974 exitus
3367 4938 3558 4985 ingens,

2403 4992 2506 5045 Uno
2533 4998 2711 5036 mutata
2734 5004 2839 5036 mea
2866 4999 2940 5036 est
2963 5002 3084 5048 sors,
3114 4998 3165 5035 et
3185 4990 3427 5035 sententia
3453 4987 3578 5039 \iue,

2393 5050 2656 5110 Abjuraute
2683 5050 2776 5099 fide
2798 5051 3045 5110 mundum,
3074 5058 3391 5111 patrumque.
3419 5049 3724 5105 domumque.

2277 5139 2675 5213 Sammarlhani
2712 5141 2799 5213 _in_
2819 5139 2956 5213 Gali.
2984 5139 3185 5213 Qhrist.
3206 5140 3279 5213 _in
3306 5137 3569 5213 Burdigal.
3600 5133 3838 5213 archiep.

2281 5210 2470 5283 ρφεὶιβει
2500 5209 2580 5283 ,ᾳςὶ
2621 5209 2677 5263 S.
2705 5209 2951 5283 Delphini
2984 5210 3156 5283 Vitam
3181 5208 3652 5283 ‘Paulinumanno
3681 5208 3842 5283 etiam

2281 5279 2387 5331 596
2417 5280 2468 5332 in
2498 5278 2752 5347 llispania
2787 5276 3066 5346 degentem
3096 5278 3329 5341 faciunt;
3356 5276 3502 5347 atqui
3531 5276 3591 5328 iis
3613 5276 3843 5340 regioni-

2282 5349 2382 5402 bus
2405 5365 2544 5402 anno
2569 5348 2670 5402 594
2698 5358 2937 5402 sanctum
2971 5349 3138 5403 virum
3167 5350 3482 5404 veledixisse
3515 5352 3615 5399 tam
3634 5350 3841 5396 certum

2284 5428 2364 5472 est
2396 5434 2554 5486 quam
2583 5419 2725 5487 quod
2755 5419 3130 5473 certissimum.
