4006 6350
209 332 299 391 util
983 324 1424 383 DISSERTATIO
1463 325 1570 379 XV.
1616 326 1705 379 AD
1741 323 2159 380 NATAIJ'I‘IUM
2200 323 2289 379 XI.
2328 323 2526 381 VERS.
2567 326 2688 384 32$.

3364 326 3473 386 ευρ

210 445 411 515 circiter
430 441 581 515 βιος
629 442 847 515 Michael
896 440 1178 515 Monachus
1216 457 1320 515 non
1365 443 1513 515 longe
1549 449 1664 515 post
1691 456 1787 492 an-
1819 449 1861 501 Α
2164 426 2396 500 Tradidit,
2424 444 2679 503 ingentem
2704 452 2852 504 pario
2874 441 2968 490 sub
2987 436 3199 493 culmine
3222 440 3379 490 lucem

209 532 323 568 num
354 512 479 576 512,
524 512 783 586 quodam
826 528 935 586 pax_
966 509 1367 586 ζίιτζςδὶᾳληιζδι
1414 510 1520 563 lucc
1551 509 1788 562 aliorum

207 600 420 653 quoque,
451 593 498 634 et
529 578 809 653 probabilis
827 578 1045 649 'opinio.
1078 579 1189 653 Sed
1211 578 1454 653 diversus
1494 594 1523 632 a
1548 588 1644 653 _t_ot
1690 595 1788 632 au-

208 646 414 731 ctorum
446 646 700 722 opinione
730 646 891 704 abire
923 664 1107 718 cogor.
1149 646 1227 702 En
1266 647 1519 704 Paulinus
1547 647 1666 702 Nat.
1700 664 1793 702 xm

210 732 281 775 Ml
318 764 328 773 .
797 795 929 838 tanto
954 789 1146 839 voluisti
1172 787 1380 851 prodere
1403 790 1565 848 signo,

332 850 397 900 Ut
420 854 614 901 tacitam
641 857 691 900 et
715 851 855 898 lixam
877 864 966 912 per
990 857 1059 899 tot
1079 848 1214 898 retro
1234 848 1587 912 seculasedem

329 915 576 973 Corporis,
602 916 748 972 alme,
771 916 840 960 tui
862 908 1023 959 subito
1044 914 1292 960 existente
1313 908 1470 973 favilla

332 970 560 1023 Pulveris
586 976 633 1022 in
655 970 821 1022 nostro
842 977 1026 1022 servari
1052 981 1273 1034 tempore
1295 970 1465 1021 velles.

209 1056 271 1113 ΕΙ.
302 1060 436 1113 infra
466 1078 477 1112 :

329 1153 545 1211 Addidit,
573 1159 626 1201 ut
656 1154 801 1201 tantis
823 1164 1079 1213 numquam
1104 1157 1236 1199 retro
1256 1148 1443 1213 condita
1467 1144 1614 1194 seclis

330 1214 508 1262 Nostro
532 1206 682 1274 opere
709 1206 985 1262 exstinctis
1005 1213 1317 1267 adcrescere,
1344 1207 1423 1255 vel
1443 1206 1667 1274 renovari

328 1267 624 1331 l’orticibus,
651 1275 971 1336 domibusque
992 1287 1106 1322 suas
1131 1275 1436 1334 permitteret
1463 1267 1610 1317 aulas.

206 1357 369 1425 Igitur
397 1374 504 1413 non
544 1360 683 1414 circa
713 1376 911 1413 annum
940 1358 1136 1413 Christi
1181 1356 1286 1410 5l2
1333 1354 1391 1409 8.
1423 1354 1573 1408 Felix
1601 1370 1631 1407 e
1661 1354 1796 1408 vivis

206 1428 459 1482 excessit.
491 1428 771 1494 Quomodo
800 1430 945 1483 enim
982 1435 1279 1483 memorata
1318 1426 1407 1479 hic
1437 1433 1510 1477 tot
1544 1433 1680 1477 retro
1709 1441 1793 1477 se-

206 1497 315 1550 cula
344 1514 465 1551 zevo
488 1498 825 1553 Constantini
855 1505 1058 1567 queunt
1084 1494 1499 1567 accommodari,
1529 1510 1685 1567 aquo
1718 1509 1783 1567 ne

206 1582 369 1620 unum
398 1568 615 1637 quidem
654 1562 895 1622 seculum
929 1568 1164 1622 distabat
1202 1565 1496 1620 Paulinus?
1553 1562 1698 1617 Idem
1741 1565 1792 1617 in

208 1637 368 1690 uatal.
406 1654 458 1691 xi
486 1639 664 1692 aiebat
695 1658 707 1690 :

328 1727 390 1775 Et
417 1730 525 1778 licc'
555 1742 581 1775 a
604 1731 757 1778 veteri
787 1729 985 1777 tnmnlis
1004 1728 1314 1778 absconditus
1332 1739 1454 1785 awo,

324 1792 435 1846 Una
461 1792 675 1839 ium-talis
700 1799 823 1851 erat,
853 1790 1002 1839 lateat
1026 1791 1218 1838 telluris
1245 1796 1439 1850 operto.

204 1870 313 1941 Sed
337 1872 504 1925 alium
529 1888 559 1926 e
583 1872 757 1926 Natali
784 1889 836 1927 Vl
865 1872 1226 1941 producamus
1266 1873 1464 1936 locum,
1494 1868 1795 1941 quem_ani-

204 1940 543 1996 madvertere
572 1938 1050 1996 Bollandus‘etiam
1072 1958 1192 1995 cum
1220 1942 1341 1996 aliis
1368 1948 1597 2010 poterat.
1632 1938 1795 2010 Nola-

204 2025 327 2082 num
359 2025 569 2078 agrum,
599 2012 651 2065 in
676 2028 783 2082 quo
804 2013 1091 2081 sepultura:
1112 2010 1167 2065 8.
1195 2012 1344 2065 Felix
1368 2008 1649 2063 mandatus
1677 2008 1793 2073 fuit,

203 2078 459 2135 describit
485 2088 670 2135 noster
694 2078 846 2135 vates
870 2078 885 2133 Ξ

262 2169 461 2232 Pauper
485 2170 567 2218 ubi
594 2172 797 2232 primum
821 2170 1050 2225 tumulus,
1078 2183 1224 2231 quem
1251 2158 1474 2231 toinpore
1497 2181 1627 2217 saevo

258 2231 502 2291 (Relligio
523 2245 621 2293 quo
636 2235 828 2280 crimen
856 2236 983 2290 erat)
1008 2233 1258 2281 minitante
1285 2234 1482 2291 proiimo

256 2294 526 2341 Struxerat
552 2302 758 2348 atiguste
779 2293 970 2349 gladios
994 2293 1182 2352 trepida
1210 2295 1337 2340 inter
1357 2301 1401 2339 et
1433 2296 1571 2350 ignes

262 2354 421 2402 Plebs
444 2355 655 2412 Domini,
678 2364 730 2402 ut
752 2356 878 2402 seris
899 2357 1093 2415 antiqua
1113 2355 1384 2401 minoribus
1399 2361 1517 2401 aetas

1953 514 2221 556 (laeserat.
2231 540 2241 552 .
2250 539 2263 553 .

1893 589 1949 644 Si
1979 587 2129 642 Felix
2150 603 2252 640 non
2277 585 2427 654 longe
2448 590 2562 654 post
2583 598 2774 654 annum
2801 581 2924 654 3_I2,
2955 600 3052 654 quo
3083 598 3187 652 pax
3224 582 3348 654 data
3378 582 3477 638 Ec-

1893 659 2083 718 clesiae,
2129 657 2281 717 obiit,
2328 652 2772 719 quemadmodum
2829 652 3116 706 Bollandus
3161 652 3470 716 arbitratur,

1894 744 1990 782 cur
2016 727 2090 780 illi
2121 741 2315 796 pauper
2343 722 2561 796 tumulus
2599 729 2901 796 exstructus
2935 721 3148 787 dicitur,
3179 731 3234 796 et
3259 723 3477 796 quidem

1895 791 2130 865 tempore
2156 791 2435 865 ειεύονᾳιιο
2460 792 2870 865 _re_ligio__rrimen
2916 801 3046 865 erat,
3091 800 3147 865 et
3186 792 3335 865 plebs
3372 791 3479 865 lio-

1895 860 2027 920 mini
2054 907 2069 931 ,
2112 860 2358 935 tyrannis
2404 860 2772 935 minitantibus
2822 860 3026 929 trepida
3088 861 3229 935 inter
3273 861 3480 935 gladios

1896 927 2154 1004 ignesque
2174 930 2432 1004 jacebat?_
2470 927 2580 982 Cur
2621 929 2841 1004 hujusce
2880 927 3139 1004 meritoria
3186 930 3389 1004 tumuli
3413 931 3478 984 ab

1897 996 2109 1080 antiqua
2132 996 2284 1080 (etate
2298 1000 2462 1080 "seris
2490 999 2757 1080 nepotibus
2782 999 2975 1080 tradita
2996 999 3324 1080 afﬁrmatur?
3354 996 3480 1055 ιιτο-

1898 1068 2040 1128 lecto
2070 1075 2182 1127 haec
2203 1071 2268 1126 de
2292 1068 2627 1139 Constantini
2658 1069 2987 1139 temporibus
3015 1068 3312 1136 intelligere
3332 1082 3481 1139 proro

1896 1159 1989 1199 sus
2017 1152 2278 1197 vetamur.
2308 1140 2451 1193 Idem
2476 1137 2731 1192 Paulinus
2756 1136 2926 1191 Natali
2956 1154 3006 1192 v1
3038 1154 3053 1193 :

2022 1232 2127 1280 Lnx
2152 1232 2322 1279 eadem
2342 1228 2495 1276 sancti
2521 1229 2701 1277 cineris
2726 1239 2816 1288 per
2839 1226 3005 1277 secula
3028 1235 3191 1277 custos

2023 1294 2242 1353 Martyris
2264 1291 2369 1339 haec
2393 1290 2541 1338 functi
2569 1292 2709 1336 vitam
2744 1290 2931 1351 probat.

1897 1375 1978 1430 En
2006 1393 2097 1444 per
2115 1374 2312 1444 secula,
2340 1388 2446 1444 non
2476 1386 2584 1444 per
2602 1387 2763 1425 unum
2786 1372 3024 1444 secuium
3051 1372 3264 1444 stetisse
3290 1371 3482 1444 Felicis

1896 1439 2201 1516 sepulcrum
2218 1439 2491 1516 discimus.
2516 1439 2680 1516 Igitur
2704 1441 3081 1516 concludamus
3116 1441 3347 1516 Felicem
3375 1442 3482 1498 No-

1900 1510 2077 1570 lanum
2117 1515 2168 1567 in
2216 1511 2482 1581 prioribus
2530 1510 2782 1565 Ecclesiae
2834 1512 3085 1566 :erutnnis
3131 1514 3480 1581 exagitatum,

1900 1586 2045 1653 pacis
2075 1580 2361 1653 subsecuto
2386 1588 2630 1653 tempore
2653 1621 2667 1641 ,
2692 1650 2701 1653 Α
2724 1580 2872 1634 cmlis
2901 1582 3131 1653 animam
3164 1580 3480 1636 reddidisse.

1899 1650 2093 1709 Seculo
2115 1651 2311 1705 Christi
2339 1650 2571 1703 secundo
2593 1650 2770 1717 potius
2798 1665 2957 1718 quam
2992 1652 3149 1705 tertio
3172 1667 3283 1705 rem
3304 1660 3481 1705 actam

1899 1733 1973 1777 tot
2014 1721 2301 1790 seculauab
2348 1734 2414 1790 eo
2442 1733 2609 1790 usque
2647 1720 2711 1790 ad
2742 1718 3019 1790 Paulinum
3049 1720 3226 1790 elapsa
3257 1718 3482 1774 suadere

1827 1807 1867 1863 ῃ
1901 1794 2165 1847 videntur.
2196 1788 2332 1863 llinc
2360 1787 2542 1863 plures
2562 1787 2769 1863 ngelli
2796 1788 2995 1863 inAltal:
3032 1787 3181 1863 sacra
3220 1791 3481 1863 anachro-

1899 1864 2101 1916 nismos
2128 1857 2373 1914 emenda.
2434 1857 2638 1927 Apsf-erit
2666 1858 2809 1912 enim
2853 1857 2911 1912 S.
2943 1857 3228 1913 Maximum
3270 1859 3481 1927 episco-

1897 1948 2022 2000 pum
2054 1931 2338 2000 Nolanum,
2362 1927 2447 2000 cui
2468 1926 2620 2000 Felix
2653 1926 2703 1981 in
2736 1927 2991 2000 martyrio
3021 1930 3199 2000 socius
3225 1926 3481 2000 fuit,rmi-

1898 1997 2136 2055 tescente
2166 1997 2478 2052 Diocletiani
2520 1998 2890 2064 persecutione
2930 2012 2961 2050 e
2989 1998 3123 2050 vivis
3163 1997 3479 2061 decessisse,

1899 2072 1974 2125 uti
2005 2073 2163 2123 etiam
2197 2067 2256 2121 8.
2301 2064 2709 2134 Quintumlsnb
2762 2082 2869 2134 quo
2919 2064 2976 2119 8.
3030 2066 3260 2122 Felicem
3301 2068 3483 2120 itidem

1901 2141 2097 2194 vixisse
2124 2138 2342 2205 scimus)
2374 2150 2519 2205 anno
2534 2132 2751 2205 Christi
2783 2132 2893 2189 3’20
2919 2135 3179 2200 ﬂoruisse,
3212 2136 3483 2205 aliumque

1898 2211 1956 2263 8.
1992 2209 2220 2263 Felicem
2246 2204 2650 2276 primumgNolae
2696 2207 3004 2276 episcopum
3044 2222 3184 2260 anno
3209 2205 3313 2259 259
3340 2221 3482 2259 mar-

1903 2280 2040 2350 tyrio
2068 2273 2388 2350 coronatum
2410 2273 2638 2339 obiisse;
2671 2273 2792 2328 nam
2822 2275 2887 2328 ad
2918 2276 3217 2345 antiquiora
3240 2284 3482 2346 tempora

1904 2346 2161 2403 trahenda
2191 2356 2275 2401 est
2311 2346 2503 2398 borum
2531 2352 2838 2399 sanctorum
2872 2354 3023 2398 mtas.

3397 2480 3481 2498 Ὦ

908 2578 1674 2661 DISSERTATIO
1750 2574 2205 2656 DECIMA
2286 2573 2770 2680 QUINTA.

201 2716 298 2764 ΔΙ)
345 2715 409 2763 8.
449 2716 744 2764 PAULINI
769 2716 1033 2764 NATAL.
1064 2717 1163 2780 ιι,
1212 2717 1420 2764 VERO.
1459 2709 1585 2778 324,
1614 2716 1712 2762 DE
1734 2714 1790 2760 Al

1895 2713 1932 2759 ο
1954 2712 2100 2776 QUO
2137 2711 2234 2758 IS.
2262 2710 2597 2759 ΡΒΟΪΑΒΠ
2639 2710 2735 2759 A0
2760 2710 3102 2759 αειινΑειι
3123 2707 3467 2758 CORPORA

206 2804 210 2808 Δ
1161 2810 1305 2856 PER
1333 2808 1391 2857 8-
1424 2806 1790 2855 AMBROSII‘

1906 2802 2145 2849 ιιύειιε
2188 2801 2533 2849 ιιιινειιτΑ.

265 2916 347 2970 Ad
378 2916 803 2971 eruditissimum
846 2917 1017 2970 virum
1062 2916 1340 2970 Nicolaum
1381 2914 1645 2969 Rnbinum
1674 2928 1789 2966 me-

198 2986 545 3055 tropolitanum
572 2986 980 3041 Mediolanensis
1004 2986 1243 3040 ecclesia:
1268 2985 1595 3040 ordinarium
1622 2998 1790 3038 cano-

198 3056 375 3111 nicum
404 3066 466 3109 et
490 3056 818 3123 theologum.

264 3186 493 3240 Minime
539 3185 762 3245 dubito,
815 3184 1022 3239 Rubine
1065 3184 1147 3238 vir
1187 3182 1627 3254 sapientissime,_
1661 3182 1791 3250 quin

197 3255 485 3310 Paulinum
528 3271 704 3309 meum
732 3270 906 3324 prono
935 3257 1134 3319 animo,
1176 3252 1404 3321 sinuque
1443 3261 1556 3306 toto
1587 3252 1661 3304 sis
1690 3267 1788 3305 ex-

193 3336 477 3394 cepturus,
538 3333 647 3378 tum
690 3324 831 3392 quod
868 3326 1019 3392 quasi
1073 3324 1402 3394 postliminio
1449 3336 1702 3394 reversus
1739 3329 1795 3394 et

195 3392 430 3451 inimica:
460 3395 633 3448 aetatis
657 3394 830 3448 victor
869 3393 920 3446 in
950 3392 1282 3448 eruditorum
1316 3392 1561 3447 manibus
1589 3392 1792 3445 versari

190 3465 299 3534 jam
333 3464 562 3534 poterit,
594 3473 703 3534 tum
743 3464 903 3517 etiam
945 3463 1092 3534 quod
1130 3479 1196 3517 ex
1220 3461 1795 3534 Ambrosianabiblio-

194 3532 376 3599 theca,
406 3549 573 3600 quam
604 3532 701 3586 tibi
743 3532 1175 3601 perenniamore
1213 3533 1516 3595 devinxisti,
1551 3533 1638 3585 ille
1666 3547 1791 3599 pro-

192 3606 374 3658 dierit.
410 3603 493 3656 Eo
522 3611 701 3656 tamen
744 3602 1079 3671 potissimum
1128 3602 1346 3656 nomine
1386 3610 1439 3657 te
1466 3618 1602 3655 mete
1627 3602 1785 3656 felici-

193 3675 290 3728 tati
319 3673 716 3743 gratulaturum
755 3673 1014 3743 arbitror.
1053 3671 1197 3743 quod
1248 3672 1299 3724 in
1338 3671 1577 3743 ejusdem
1620 3672 1791 3726 sancti

192 3740 457 3813 operibus
483 3743 713 3813 aliquam
742 3741 808 3813 de
846 3741 941 3813 88.
986 3740 1231 3813 Protasio
1261 3755 1325 3794 ac
1351 3740 1608 3813 tjervasio
1636 3756 1791 3813 men—

191 3809 401 3868 tionem
445 3812 699 3878 injectam
746 3810 820 3864 sis
862 3811 1311 3879 deprehensurus.
1354 3809 1609 3874 Quamvis
1647 3810 1790 3863 enim

189 3882 516 3938 felicissimo
546 3880 758 3947 ingenio
796 3890 887 3933 tuo
919 3880 1225 3934 universum
1260 3880 1639 3933 ecclesiastica)
1668 3895 1793 3932 eru—

188 3952 419 4006 ditionis
443 3951 661 4019 pelagus
683 3950 1075 4019 complectaris,
1106 3949 1280 4003 adhuc
1310 3950 1374 4019 in,
1393 3964 1570 4003 rerum
1598 3948 1796 4019 Medio-

191 4017 503 4076 lanensiuin
536 4017 835 4086 indaginem
863 4020 1333 4085 cognitionemque
1363 4017 1435 4070 ita
1466 4019 1683 4071 sedulus
1711 4018 1791 4070 in-

187 4092 429 4155 cumbis,
467 4100 523 4143 ut
563 4089 781 4156 reliquis
809 4088 1193 4157 perfunctorie,
1236 4088 1318 4140 his
1348 4102 1476 4157 vero
1522 4096 1575 4140 te
1618 4095 1790 4157 totum

188 4162 412 4217 dicasse
441 4160 692 4213 videaris.
728 4156 1084 4223 Quamobrem
1108 4173 1271 4225 quum
1302 4157 1353 4210 in
1386 4156 1595 4209 Annum
1618 4156 1791 4224 inqui-

188 4247 315 4286 rere
339 4245 456 4299 quo
497 4230 685 4282 horum
704 4236 1011 4299 sanctorum
1027 4241 1255 4299 corpora
1270 4226 1524 4299 divinitus
1542 4226 1792 4299 fueregre-

185 4312 346 4369 perta
359 4296 726 4360 'instituerim,
755 4298 883 4369 nulli
901 4313 1030 4351 sane
1052 4297 1237 4369 melius
1257 4311 1416 4369 quam
1433 4296 1529 4349 tibi
1553 4311 1669 4369 mea
1688 4296 1790 4369 liae

185 4365 255 4425 de
277 4387 343 4424 re
368 4369 640 4424 sententia
662 4369 833 4437 3277
855 4368 1025 4421 fuerat
1045 4365 1340 4420 offerenda.
1366 4365 1576 4419 Annum
1594 4366 1789 4418 Christi

1897 2918 2139 2964 sanctum
2169 2923 2300 2963 vero
2325 2908 2600 2966 doctorem
2639 2926 2726 2965 an.
2769 2908 2869 2965 Ch.
2924 2908 3028 2964 588
3079 2910 3296 2966 salutari
3338 2916 3476 2970 unda

1898 2979 2137 3033 ablutum
2170 2980 2348 3059 posuit
2380 2997 2393 3031 :
2435 2981 2578 3059 quod
2609 2996 2639 3034 a
2682 2981 2833 3059 veris
2865 2981 3099 3059 historia:
3128 2982 3356 3059 calculis
3390 2987 3478 3041 ab-

1810 3052 1855 3113 C
1888 3051 2108 3102 horrere
2137 3048 2365 3117 primum
2390 3050 2625 3103 omnium
2648 3050 2973 3104 ostendetur.
3009 3048 3261 3120 Equidem
3289 3067 3479 3120 graves

1896 3120 2175 3171 sententiae
2195 3134 2304 3189 suae
2335 3128 2760 3189 propugnatores
2790 3120 3095 3181 Barnnium,
3132 3118 3477 3189 Pennottum,

1897 3188 2138 3255 aliosque
2174 3185 2355 3256 plures
2406 3185 2633 3243 adscivit
2682 3189 2761 3242 vir
2807 3189 3180 3253 doctissimus;
3218 3192 3311 3245 sed
3357 3185 3479 3249 inde

1896 3273 2084 3380 garum
2106 3259 2316 3311 roboris
2344 3258 2417 3311 illi
2446 3258 2735 3313 acressisse
2755 3258 2977 3312 dicenda
3005 3260 3274 3313 evincent.
3303 3262 3478 3327 Quum

1939 3328 2223 3380 antismum
2275 3342 2430 3380 suum
2484 3336 2872 3380 commemorat
2911 3326 3238 3380 Augustinus
3281 3331 3370 3380 lib.
3405 3348 3477 3380 ix-

1939 3328 2223 3396 aptismum
2275 3342 2430 3381 suum
2484 3326 3238 3396 commemoratAugustinus
3281 3326 3370 3384 lib.
3405 3348 3478 3396 ix,

1896 3412 2017 3465 cap.
2052 3396 2101 3453 7.
2141 3395 2411 3460 Confess.,
2454 3397 2566 3451 huic
2605 3397 2766 3451 habet
2797 3416 2808 3449 :
2846 3395 3105 3451 Nimirum
3140 3415 3307 3452 annus
3344 3395 3477 3461 erat,

1895 3475 1985 3518 aut
2013 3483 2116 3519 non
2146 3466 2304 3518 multo
2334 3468 2578 3536 amplius,
2608 3483 2722 3520 cum
2766 3465 2973 3531 Iustina
3020 3467 3372 3522 Valentiniani
3393 3488 3479 3524 re»

1895 3537 1974 3604 gis
1994 3536 2138 3609 pueri
2163 3546 2325 3609 mater
2352 3537 2606 3590 hominem
2638 3546 2788 3609 (una:
2808 3538 3131 3609 Ambrosium
3155 3554 3478 3609 persequere-

1896 3614 1980 3657 tur
2003 3606 2212 3658 lueresis
2240 3621 2348 3659 suae
2380 3622 2560 3677 causa,
2585 3615 2711 3668 ctc.,
2747 3605 2887 3677 Tunc
2926 3606 3101 3677 hymni
3122 3615 3171 3659 et
3199 3605 3386 3677 psalmi
3421 3618 3479 3663 ut

1884 3683 2200 3727 canerentur
2227 3675 2503 3728 secundum
2535 3692 2728 3728 morem
2770 3676 3113 3729 Orientalium
3143 3675 3383 3743 partium,
3415 3696 3480 3732 ne

1895 3744 2113 3811 populus
2152 3745 2384 3797 maeroris
2415 3746 2568 3799 tazdio
2614 3746 3013 3806 contabesceret,
3054 3748 3342 3800 institutum
3381 3759 3478 3802 est.

1898 3813 2046 3887 Tunc
2069 3824 2352 3867 memorato
2401 3815 2620 3869 antistiti
2658 3826 2741 3868 tuo
2772 3833 2862 3887 per
2889 3817 3049 3887 visum
3090 3818 3337 3887 aperuisti
3381 3835 3479 3887 quo

1896 3882 2006 3953 loco
2029 3883 2247 3953 laterent
2266 3894 2549 3953 martyrum
2566 3882 2779 3953 corpora
2792 3884 3022 3937 I’rotasii
3035 3894 3083 3936 et
3099 3884 3352 3951 Geruasii,
3370 3882 3476 3942 etc.

1893 3948 2059 4016 Igitur
2079 3954 2146 4003 ab
2177 3948 2484 4006 inventione
2514 3948 2819 4006 sanctorum
2852 3953 2920 4006 ad
2953 3954 3229 4019 Augustini
3270 3948 3475 4022 baptis-

1894 4036 2038 4073 mum
2068 4037 2254 4084 annus,
2275 4030 2364 4072 aut
2384 4038 2485 4075 non
2508 4023 2666 4075 multo
2688 4023 2931 4090 amplius,
2956 4023 3254 4076 efﬂuxerat.
3275 4024 3476 4078 Idcirco

1893 4090 1939 4160 si
1968 4105 2164 4160 annum
2196 4106 2304 4158 quo
2356 4092 2656 4159 baptizatus
2715 4100 2799 4144 est
2846 4090 3171 4157 Augustinus
3217 4094 3481 4160 attingere

1895 4159 2092 4220 licebit,
2133 4161 2184 4212 in
2224 4160 2443 4212 alterius
2482 4161 2838 4227 cognitionem
2888 4161 3191 4214 necessario
3235 4159 3480 4217 devenie-

1894 4244 2030 4299 ntus.
2066 4227 2364 4283 Ludovicus
2389 4230 2457 4282 ab
2495 4230 2729 4299 Angelis,
2772 4230 2863 4282 lib.
2910 4246 2987 4299 in,
3018 4244 3137 4299 cap.
3173 4230 3225 4293 4,
3258 4231 3325 4286 de
3360 4231 3477 4287 Vita

1895 4297 1951 4351 S.
1984 4298 2231 4365 August.,
2265 4314 2332 4351 ex
2360 4314 2428 4352 eo
2447 4298 2593 4367 quod
2613 4300 2665 4352 in
2693 4314 2888 4351 annum
2916 4298 3020 4351 587
3049 4297 3271 4367 magnus
3298 4301 3480 4356 Anna-

1896 4368 2022 4421 liutn
2044 4367 2273 4436 scriptor
2299 4367 2521 4422 Justinte
2551 4370 2604 4421 in
2634 4368 2929 4425 catholicos
2969 4367 3225 4434 furorem,
3258 4381 3478 4426 sancto-

182 4456 300 4511 quo
330 4441 450 4511 haec
477 4426 1127 4511 c'ontigAEETuricellius
1167 4444 1365 4511 noster,
1412 4437 1490 4489 vir
1527 4444 1786 4511 aeternum
1822 4426 1868 4485 Ι)
1893 4452 2119 4511 rtunque
2144 4426 2821 4511 martyruminventionem
2845 4439 3115 4511 conjiciat,
3147 4426 3336 4495 eodem
3358 4442 3478 4511 ipso

184 4506 522 4569 laudandus,
548 4508 599 4560 in
631 4506 766 4561 Diss.
792 4506 1004 4571 Nazar.,
1022 4522 1141 4575 cap.
1176 4506 1262 4565 59,
1290 4506 1448 4559 fuisse
1473 4506 1787 4559 trecentesi-

185 4596 341 4632 mum
375 4577 767 4643 octogesimum
796 4577 1080 4644 septimmn
1110 4584 1192 4630 est
1218 4575 1505 4629 arbitratus
1529 4591 1542 4637 ;
1568 4590 1789 4643 remque

182 4650 277 4702 ille
309 4646 559 4714 diligenti
598 4660 725 4700 cura
755 4646 1039 4715 studioque
1079 4654 1412 4715 pertractans
1440 4659 1788 4714 quaecumque

181 4726 517 4785 argumenta
539 4716 639 4770 sibi
662 4715 891 4785 militare
911 4716 1304 4777 animadvertit,
1331 4715 1536 4783 prolixe
1558 4715 1608 4767 in
1630 4729 1787 4769 suum

184 4783 441 4840 traduxit
488 4786 762 4839 volumen.
810 4783 1007 4839 Verum
1061 4786 1205 4839 enim
1258 4801 1384 4837 vero
1432 4792 1579 4837 tanta
1627 4792 1783 4851 sunt,

177 4873 312 4924 qua:
347 4857 401 4910 in
432 4854 551 4923 ejus
595 4854 915 4909 sententiam
945 4863 1201 4923 pugnant,
1248 4866 1303 4907 ut
1337 4856 1404 4907 ab
1456 4854 1543 4908 illa
1588 4853 1785 4909 discor-

178 4930 325 4980 dare
368 4927 585 4995 penitus
631 4939 813 4995 cogar,
862 4925 1127 4995 simulque
1168 4923 1454 4995 aflirmare,
1499 4941 1603 4978 non
1642 4940 1820 4992 anno.

176 4995 324 5063 387,
360 4993 453 5049 sed
485 4994 613 5056 586,
648 4993 947 5046 Protasinm
975 5010 1038 5048 ac
1065 4993 1376 5063 Gcrvasium
1408 5011 1436 5046 a
1467 5008 1659 5059 magno
1688 5010 1785 5047 an-

174 5061 372 5120 tistite
418 5065 704 5118 Ambrosio
742 5063 902 5117 fuisse
941 5064 1274 5117 adinventos.
1326 5061 1472 5116 Adeo
1518 5064 1783 5117 celebrem

179 5136 481 5190 historiam
514 5132 768 5204 Paulinus
795 5133 1031 5201 ejusdem
1068 5132 1335 5187 Ambrosii
1357 5134 1561 5187 amicus
1583 5143 1637 5187 et
1660 5150 1786 5204 syn-

172 5207 440 5280 clironus
459 5205 539 5259 sic
567 5202 731 5258 refert
764 5220 776 5254 :

707 5294 767 5343 Ut
788 5301 956 5344 sancto
979 5306 1073 5349 non
1094 5293 1206 5341 olim
1229 5295 1446 5341 antistite.
1473 5293 1648 5341 factum

320 5357 560 5406 Novimus
581 5356 853 5415 Ambrosio,
872 5357 955 5416 qui
976 5354 1123 5403 fultus
1143 5369 1349 5403 innuero
1371 5355 1451 5404 tali

320 5419 588 5480 Postquam
616 5420 864 5477 ignoratus
890 5419 1040 5476 prius,
1062 5426 1108 5464 et
1132 5426 1246 5480 tunc
1271 5417 1426 5480 indice
1447 5416 1636 5465 Cliris‘o

318 5477 565 5528 Detectos
587 5480 804 5535 sibimet,
829 5486 1010 5525 mutata
1031 5477 1274 5525 transtulit
1296 5478 1419 5535 aula,

316 5540 806 5602 Reginam'prompta
823 5538 1037 5587 confudit
1054 5538 1162 5586 luce
1186 5539 1428 5586 furentem
1458 5553 1468 5587 :

169 5623 442 5679 Primum
480 5625 660 5693 itaque
700 5620 1067 5693 Puriccllianze
1110 5619 1377 5693 opinionis
1412 5626 1785 5693 argumentum

166 5697 284 5749 fuit
318 5694 391 5748 S.
429 5689 709 5762 Augustini
739 5691 1066 5759 baptismus,
1106 5689 1255 5756 cujus
1287 5697 1535 5762 tempore
1570 5690 1786 5755 cognito

167 5775 421 5833 tempus
471 5758 685 5833 quoque
743 5758 1078 5815 inventorum]
1144 5767 1433 5828 martyrum
1490 5758 1783 5824 eltICCSCll;

1893 4508 2036 4561 anno
2063 4509 2119 4562 S.
2162 4508 2398 4562 doctoris
2438 4508 2758 4577 baptismum
2808 4509 3097 4576 contigisse
3132 4522 3352 4576 censet;
3380 4508 3480 4567 sed

1892 4578 2032 4631 male
2071 4578 2145 4631 illi
2182 4577 2425 4632 subducti
2461 4588 2585 4631 sunt
2632 4578 2852 4641 calculi;
2895 4579 3158 4648 siquidem
3208 4597 3401 4637 annum
3429 4591 3479 4635 et

1889 4648 2133 4716 antplius,
2151 4656 2209 4700 ut
2226 4648 2356 4711 dixi,
2375 4649 2515 4701 inter
2537 4658 2828 4718 martyrum
2850 4649 3280 4713 translationem,
3296 4667 3479 4705 suum-

1889 4730 1995 4783 que
2023 4717 2342 4787 baptismum
2375 4717 2739 4773 intercessisse
2761 4727 2944 4786 aperte
2974 4726 3201 4774 testatur
3223 4722 3478 4787 Angusti-

1890 4800 2009 4855 nus.
2052 4785 2216 4842 Natus
2254 4795 2337 4841 est
2380 4788 2435 4841 S.
2466 4788 2676 4855 doctor,
2709 4785 2956 4842 uti'nunc
2996 4804 3185 4844 omnes
3220 4785 3479 4847 adversus

1887 4854 2175 4925 Duroniam
2218 4856 2438 4925 ejusque
2482 4868 2775 4915 sectatores
2797 4861 3157 4923 consentiunt,
3197 4876 3286 4915 an.
3318 4859 3474 4915 Dom.

1893 4923 2021 4997 .5334,
2044 4925 2114 4979 id.
2136 4923 2395 4981 Novemb.
2430 4927 2519 4980 Ait
2540 4936 2739 4991 autem,
2773 4928 2862 4982 lib.
2897 4945 2943 4981 ix
2977 4945 3094 4997 cap.
3122 4929 3177 4981 Il
3201 4929 3473 4995 Confess.,

1892 4994 2156 5048 Monicam
2184 5006 2462 5066 parentem
2487 4999 2805 5066 suamapud
2835 4998 2981 5052 Ostia
3014 4994 3267 5053 Tiberina
3298 5000 3364 5052 ad
3386 5016 3477 5053 su-

1892 5079 2052 5184 ﬂcros
2074 5065 2315 5118 evolasse
2359 5067 2620 5136 trigesimo
2665 5065 2714 5121 et
2763 5069 2912 5120 tertio
2942 5070 3110 5123 artatis
3149 5085 3274 5123 mea:
3310 5085 3472 5121 anno.

1945 5134 1991 5184 ic
2011 5150 2139 5184 vero
2170 5134 2346 5184 obitus
2374 5134 2566 5184 eodem
2606 5152 2749 5184 anno
2777 5137 2972 5184 accidit.
3019 5152 3126 5184 mm
3152 5138 3472 5184 Anmnstinus

1945 5134 1991 5187 ic
2011 5150 2139 5206 vero
2170 5134 2346 5187 obitus
2374 5134 2566 5188 eodem
2606 5152 2749 5190 anno
2777 5137 2972 5190 accidit
3019 5138 3477 5206 qquugustinus

1896 5204 2215 5272 baptismum
2242 5212 2583 5271 susceperat;
2615 5222 2735 5261 nam
2764 5214 2901 5274 post
2949 5204 3114 5269 illum,
3147 5215 3205 5260 ut
3253 5209 3304 5260 in
3336 5207 3476 5260 Afri-

1896 5288 2011 5327 cam
2044 5274 2450 5338 transmitteret,
2490 5274 2791 5329 Mediolano
2843 5276 3191 5340 valedixerat,
3233 5284 3288 5330 et
3328 5285 3474 5329 recta

1895 5342 1962 5395 ad
2011 5342 2317 5415 Tiberinum
2366 5342 2539 5397 focem
2588 5342 2698 5415 [Γ.
2742 5343 2980 5405 faucem,
3035 5343 3234 5399 Gallice
3271 5361 3474 5402 annou-

1891 5413 2121 5482 cnenn]
2193 5420 2509 5480 perrexerat
2567 5413 2702 5466 mari
2770 5429 2830 5467 se
2890 5415 3290 5469 commissurus.
3360 5416 3474 5471 Ali-

1894 5481 1942 5535 bi
1999 5481 2212 5553 quoqne
2271 5483 2497 5553 repetit,
2567 5497 2625 5537 se
2687 5484 2945 5553 trigesimo
2990 5493 3041 5536 et
3098 5486 3250 5537 tertio
3306 5486 3476 5538 (etatis

1892 5567 2029 5623 anno
2069 5551 2235 5623 sacrjs
2276 5551 2442 5623 undis
2489 5553 2651 5623 fuisse
2704 5551 3029 5623 purgatum;
3064 5553 3311 5623 idemque
3359 5555 3476 5623 ipsa

1894 5619 2133 5675 Romana
2165 5621 2401 5675 Ecclesia
2430 5621 2485 5676 in
2515 5619 2773 5677 Breviarii
2800 5619 3118 5677 lectionibus
3148 5619 3326 5678 tradit.
3354 5619 3475 5677 Tri-

1888 5691 2124 5756 gesimns
2154 5701 2209 5745 et
2248 5692 2436 5745 tertius
2479 5692 2653 5746 :etatis
2698 5708 2871 5747 annus
2915 5691 3211 5759 Augustino
3257 5708 3475 5749 currere

1892 5760 2179 5828 incipiebat
2208 5760 2281 5815 id.
2308 5762 2562 5817 Novemb.
2592 5763 2716 5817 anni
2756 5761 2881 5817 586.
2931 5762 3095 5830 Igitur
3142 5762 3281 5818 intra
3333 5764 3474 5820 liuuc
