4006 6350
542 255 645 314 903

1597 246 1935 305 APPENDIX
1966 245 2254 307 OPERUM
2291 245 2348 302 8.
2389 244 2677 303 PAULN.

3675 243 3791 303 θοι

526 368 670 422 diem
697 372 754 420 et
780 362 902 420 idus
929 362 1196 418 Novemb.
1243 362 1368 416 anni
1406 358 1511 414 587
1559 359 1831 427 sequentis
1860 366 2098 427 statuen-
2126 362 2173 418 Α
2205 357 2362 419 ribus,
2393 366 2445 427 ut
2475 356 2611 410 idem
2656 355 2924 427 Possidius
2944 372 3063 427 cap.
3094 358 3128 411 5
3162 358 3258 412 ait.
3307 357 3366 412 In
3403 357 3581 413 Africa
3625 358 3791 427 igitur

526 436 628 490 dus
646 443 729 490 est
755 432 988 501 ejusdem
1012 433 1320 500 baptismus.
1343 431 1516 495 Quum
1544 426 1723 481 autem
1744 443 1774 481 a
1790 429 1955 501 828
1977 426 2100 501 Pos-

526 505 666 559 sidio
692 505 742 558 in
774 499 1009 571 ejusdem
1035 499 1203 571 sapcti
1235 502 1340 571 vita
1367 501 1676 571 doceamur,
1707 499 2099 571 propinquanti-

528 573 621 635 bus
659 566 834 626 diebus
861 572 1054 625 sanctis
1083 569 1302 624 Pascha:
1326 568 1509 622 salutis
1545 584 1731 637 aquam
1758 566 2100 637 Augustinum

527 643 862 712 percepisse,
893 640 1189 712 manifeste
1232 639 1531 706 colligitur,
1585 635 1690 712 non
1731 635 2102 712 nisi's‘abbato

527 704 716 767 sancto
742 710 867 764 anni
892 708 997 762 587
1023 709 1271 763 eumdem
1292 704 1535 762 sanctum
1562 705 1629 759 ad
1658 719 1869 759 sacrum
1898 704 2101 757 lentem

525 780 872 903 grocessisse.
920 778 1024 833 Sed
1063 786 1118 833 et
1155 776 1301 860 aliud
1328 783 1697 856 argumentum
1742 772 2095 854 proferamus.

570 849 731 902 altem
759 864 959 903 annum
986 863 1152 902 unum
1190 864 1245 901 in
1284 846 1434 900 Italia
1480 852 1603 903 post
1630 843 1948 903 baptismum
1979 843 2095 896 sub-

570 849 736 922 altern
759 864 959 922 annum
986 863 1152 902 unum
1190 848 1245 901 in
1284 843 1434 900 Italia
1480 852 1603 912 post
1630 843 2103 922 baptismummsub—

526 918 665 990 stitit
709 916 1350 990 Augustinus;_namque_
1386 909 1581 983 praiter
1617 909 1819 990 moram
1849 910 1915 964 ad
1936 909 2103 990 Iibe-

525 987 650 1056 rim,
681 980 893 1056 aliaque
920 980 1066 1056 loca,
1091 980 1477 1056 Romaidiu'se
1503 982 1693 1044 tenuit,
1724 981 1829 1056 ubi.
1852 980 2103 1056 se_l_ibr_os

525 1047 903 1123 scripsisse'de
941 1047 1173 1108 Moribus
1224 1052 1636 1123 Manichazorum
1687 1057 1743 1123 et
1796 1049 1859 1102 de
1910 1047 2099 1123 Illorib.

526 1118 675 1179 Eccl.
706 1125 919 1189 cathol.,
945 1123 1178 1192 itemque
1208 1122 1481 1192 Dialogum
1510 1121 1575 1172 de
1603 1120 1811 1192 Animo,
1841 1118 2104 1192 Aet-libros

526 1203 638 1248 tres
660 1193 723 1246 de
751 1185 938 1247 Libero
967 1185 1179 1246 arbitrio
1208 1185 1403 1245 fatetur
1431 1191 1522 1242 lib.
1549 1206 1587 1251 ι,
1616 1204 1734 1256 cap.
1770 1185 1891 1253 7,8,
1910 1187 1963 1252 9,
1999 1186 2104 1240 Re-

527 1270 687 1318 tract.
716 1262 921 1318 Deinde
950 1263 1001 1316 in
1033 1260 1265 1315 Africam
1294 1258 1566 1315 remeavit.
1598 1258 1727 1311 llluc
1747 1271 1905 1324 porro
1926 1271 2099 1324 quan-

526 1332 599 1386 do
628 1331 922 1397 advenerit,
947 1332 1118 1400 ipsﬁum
1148 1331 1429 1385 docentem
1459 1327 1735 1400 audiamus
1755 1326 1848 1379 lib.
1875 1341 1959 1400 u_1,_
1978 1341 2097 1400 cap.

525 1400 614 1466 25,
640 1409 828 1455 contra
848 1394 989 1455 liter'.
1020 1399 1267 1454 Petiliani
1298 1396 1615 1451 Donatistae:
1642 1396 1767 1449 Cum
1788 1411 1881 1465 ego
1902 1394 2103 1466 Medio-

527 1465 706 1524 lanum
743 1480 863 1524 ante
905 1470 1186 1523 Bautonem
1220 1468 1475 1523 consulem
1504 1466 1711 1536 (consul
1734 1466 1818 1536 hic
1846 1465 2105 1536 processit

528 1555 615 1609 an.
645 1539 746 1594 Ch.
778 1539 904 1608 585)
932 1541 1177 1606 venerim,
1215 1540 1360 1609 eique
1386 1534 1584 1590 consuli
1602 1534 1963 1609 _Itul._Januar.
1989 1534 2104 1587 lau-

528 1608 642 1663 dem
667 1611 720 1663 in
749 1605 893 1662 tanto
915 1620 1159 1663 conventu
1186 1605 1556 1677 conspectuque
1591 1605 1852 1677 hominum
1867 1620 1966 1677 pro
1988 1618 2104 1656 mea

529 1686 650 1731 tunc
671 1679 925 1733 rhetorica
945 1680 1266 1749 professione
1292 1673 1631 1749 recitaverim,
1663 1683 1711 1726 et
1737 1690 1801 1726 ea:
1836 1673 1945 1749 illa
1959 1689 2104 1749 pere-

528 1748 821 1825 grinatione
836 1743 956 1825 jam'
978 1743 1340 1825 postnblagipnti
1378 1744 1608 1825 {gramm
1627 1743 2105 1825 mortemnAfLicam

527 1810 868 1887 repetiverirn.
901 1810 1056 1872 An'no
1082 1815 1182 1887 (ἐὴ.
1215 1816 1337 1877 588,
1368 1810 1454 1868 die
1482 1812 1551 1887 28
1580 1814 1738 1883 Aug.,
1771 1813 1904 1887 obiit
1923 1810 2099 1865 Maxia

528 1882 670 1952 mus,
700 1895 757 1941 ut
782 1888 987 1942 ldacius
1014 1888 1067 1941 in
1089 1886 1380 1951 Chronico,
1408 1891 1463 1938 et
1499 1882 1753 1952 Socrates
1773 1882 1866 1935 lib.
1901 1898 1953 1947 v,
1981 1895 2103 1952 cap.

527 1953 598 2007 24
625 1950 783 2010 fidem
811 1956 1027 2022 faciunt,
1059 1964 1115 2010 et
1141 1950 1499 2010 Gothofredus
1523 1953 1577 2022 in
1617 1951 1947 2022 Chronolog.
1979 1950 2103 2003 cod.

530 1966 598 2007 24
625 1966 783 2010 tidem
811 1966 1027 2022 faciunt,
1059 1966 1115 2010 et
1141 1966 1499 2010 Gomorreaus
1523 1969 1575 2006 in
1617 1966 1947 2071 unronorolg.
1979 1966 2103 2003 coo.

530 2023 733 2099 Tbeod.
757 2026 825 2080 ad
852 2026 890 2081 l.
916 2027 949 2078 6
970 2034 1025 2080 et
1051 2025 1082 2078 7
1105 2023 1163 2080 C.
1196 2025 1315 2099 god:
1348 2024 1430 2077 tit.
1456 2022 1519 2075 de
1547 2019 1873 2099 ΙηΙὶιίηαρεςλ
1928 2022 2107 2099 isquo:

529 2092 623 2166 sub
643 2104 871 2166 ⁸ζειν-αντη.
925 2102 1167 2150 testatur.
1199 2092 1403 2149 Eodem
1432 2105 1560 2160 ergo
1586 2088 1728 2145 anno
1771 2088 2107 2166 588_Afric:e

529 2158 766 2244 reddiius
802 2171 891 2244 est
922 2166 1262 2244 Augustinus,
1305 2178 1368 2218 ac
1396 2158 1680 2244 propterea
1715 2175 1856 2244 anuo
2011 2174 2106 2244 so-

528 2234 727 2357 Beriori
750 2229 1064 2315 baptizatus.
1095 2232 1313 2314 Clariss.
1363 2229 1446 2286 vir
1492 2229 1554 2312 Ρἱ
1584 2230 1921 2311 ,Ειιβῑδοῒιίυε
1966 2242 1997 2281 a
2043 2229 2101 2282 S.

581 2302 762 2357 baldo.
801 2320 950 2357 cuius
968 2303 1354 2357 benevolentia:
1397 2300 1800 2357 eruditiomuue
1828 2313 1914 2352 me
1949 2297 2101 2357 plura

581 2302 762 2370 baldo,
801 2297 950 2372 cujus
968 2303 1354 2359 benevolentia:
1395 2300 1914 2372 eruditionique_me
1949 2297 2105 2372 plura

529 2372 726 2426 debere
747 2366 951 2435 fateor,
1008 2374 1060 2427 in
1100 2372 1349 2439 Quodlib.
1394 2370 1581 2438 Regul.
1626 2366 1752 2423 dub.
1800 2367 1852 2439 7,
1907 2383 1960 2420 n.
2016 2366 2104 2430 55,

530 2440 806 2496 Macedum
834 2452 889 2496 et
916 2436 1683 2507 Desnos'solidissimearguit
1707 2436 1854 2507 quod
1898 2452 2106 2507 moram

534 2510 827 2578 Augustino
849 2513 901 2566 in
941 2512 1089 2566 [talia
1119 2519 1240 2578 post
1283 2506 1589 2578 susceptum
1629 2506 1954 2576 baptismum
1981 2506 2107 2559 bre-

531 2580 799 2634 vissimam
828 2590 1084 2635 statuant.
1111 2578 1307 2634 Verum
1347 2578 1585 2644 ejusdem
1631 2578 1949 2631 sententiam
1979 2590 2106 2644 pro-

531 2595 799 2634 vissunam
828 2595 1084 2635 statuant.
1120 2595 1307 2634 verum
1347 2595 1377 2633 e
1403 2595 1585 2632 usuem
1631 2595 1949 2631 sententiam
1979 2595 2106 2644 pro-

531 2649 665 2725 bare
689 2666 920 2719 nequeo,
951 2651 1078 2725 dum
1108 2647 1336 2725 an_._588
1459 2647 1736 2702 doctorem
1774 2645 2109 2725 baptismatis

530 2720 757 2786 gratiam
777 2714 1069 2790 'recepisse
1109 2719 1424 2790 arbitratur,
1459 2732 1602 2772 anno
1630 2731 1760 2790 vero
1789 2714 1901 2790 588
1944 2714 2111 2790 Moni—

531 2783 651 2842 cam
680 2789 797 2856 ejus
825 2783 1049 2844 mat'rem
1088 2803 1119 2842 e
1146 2789 1279 2841 vivis
1311 2788 1594 2848 sublatam,
1625 2801 1689 2840 ac
1715 2784 1837 2839 inde
1875 2785 1929 2838 in
1970 2783 2111 2838 Afri-

531 2872 652 2911 cam
680 2858 783 2912 iter
810 2860 876 2912 ab
906 2860 998 2912 illo
1028 2858 1343 2911 institutum.
1373 2856 1481 2910 Cur
1507 2857 1670 2920 enim,
1697 2863 1755 2909 ut
1787 2869 1982 2907 annum
2015 2869 2112 2907 na-

531 2926 816 2993 vigationis
843 2943 952 2981 suae
994 2927 1321 2995 Augustinus
1360 2927 1695 2994 designaret,
1737 2923 1952 2995 Maximi
1981 2938 2111 2995 nece

532 2991 661 3050 usus
709 2996 890 3065 fuisset
920 2998 1032 3065 jam
1077 2991 1218 3051 anno
1270 2991 1532 3065 superiori
1582 2997 1836 3064 peracta?
1873 2991 1982 3065 Cur
1995 2993 2110 3062 jam

2203 442 2373 481 annos
2401 426 2470 479 45
2497 427 2615 493 plus
2662 426 2834 480 minus
2862 428 2970 495 egit
3018 426 3361 495 Augustinus,
3403 426 3687 495 postquam
3721 432 3794 483 ab

2201 495 2449 565 Italia-sc
2488 496 2611 549 illuc
2641 498 2868 565 recepit;
2893 507 2947 549 et
2968 512 3130 565 quum
3163 512 3304 550 anno
3349 495 3453 549 450
3479 498 3793 552 certissime

2203 564 2414 634 abierit,
2456 565 2658 634 liquido
2697 564 2921 634 apparet
2962 564 3103 619 anno
3149 567 3338 619 saltem
3377 566 3480 619 588
3529 581 3791 634 magnum

2202 633 2477 703 doctorem
2499 633 2566 687 ex
2594 634 2724 688 urbe
2745 633 3025 702 Tagastem
3054 635 3286 689 delatum
3315 652 3327 686 :
3360 652 3390 688 a
3412 650 3519 703 quo
3544 633 3692 689 anno
3723 636 3793 689 ad

2202 701 2306 774 450
2325 704 2370 756 si
2401 712 2681 771 utrumque
2702 701 2984 759 terminum
3010 705 3403 774 complectaris,
3426 701 3593 758 annos
3624 707 3796 774 ferme

2203 770 2273 843 ᾆξ’)
2301 787 2460 843 supra
2503 770 2827 843 memoratos
2855 775 3073 841 colliges
3097 791 3113 843 ς
3136 770 3284 842 quod
3314 774 3532 843 minime
3558 770 3794 843 praesta-

2205 840 2286 894 bis
2317 840 2443 911 siin
2474 856 2615 894 anno
2644 841 2757 911 5897
2784 843 2898 911 ejus
2941 840 3007 896 ad
3045 840 3274 897 Africam
3309 840 3700 911 profectionem
3735 843 3794 895 fi-

2202 921 2315 975 gas.
2345 909 2400 964 Si
2429 911 2590 991 igitur
2616 909 2829 993 an;
2861 912 2964 993 588
2992 912 3223 993 Africam
3247 909 3405 993 petiit
3434 912 3795 993 Augustinus,

2203 994 2345 1033 anno
2376 980 2639 1047 superiori
2677 979 2779 1032 587
2810 981 3111 1051 baptismali
3159 979 3296 1035 unda
3336 981 3511 1034 fuerat
3544 982 3791 1036 ablutus.

2202 1045 2448 1128 geterum
2472 1048 2627 1128 liujus
2652 1051 2891 1128 veritatis
2916 1058 3082 1128 testes
3103 1051 3366 1128 accedunt
3393 1050 3599 1128 clariss:
3631 1053 3790 1128 card.

2203 1115 2443 1188 Nrorisius
2474 1115 2811 1188 inopusculo
2840 1120 3093 1187 quodam,
3143 1119 3438 1173 Ludovicus
3465 1119 3534 1172 ab
3564 1120 3797 1188 Angelis

2204 1185 2293 1258 lib.
2318 1202 2380 1239 «ιιι
2408 1185 2606 1258 de_Vit.
2718 1185 2961 1255 August.,
2985 1204 3103 1257 cap.
3127 1189 3181 1252 4,
3215 1189 3441 1243 llerrera
3471 1189 3525 1241 in
3550 1185 3793 1258 Alpliah.

2202 1254 2449 1323 August.,
2482 1256 2725 1310 Torellus
2755 1267 2882 1311 tom.
2918 1258 2936 1310 Ι
2963 1254 3139 1312 Secul.
3174 1258 3396 1325 August.
3435 1258 3502 1310 ad
3531 1254 3635 1310 an.‘
3657 1258 3793 1321 587,

2202 1332 2259 1378 et
2295 1326 2533 1379 omnium
2562 1342 2703 1379 nunc
2731 1325 2894 1381 ferme
2928 1328 3256 1381 eruditorum
3282 1326 3489 1381 calculo
3512 1330 3794 1382 sententia

2203 1393 2317 1466 inec
2340 1395 2641 1466 roboratur.
2666 1395 2850 1466 itaque
2872 1405 3067 1463 tecum,
3088 1396 3645 1466 Rubine_doc_tissime,
3664 1395 3798 1463 jure

2203 1463 2384 1517 mirari
2406 1463 2517 1531 jam
2543 1465 2685 1518 subit
2720 1463 2815 1519 cur
2843 1466 3222 1534 religiosissimi
3251 1463 3353 1518 PP.
3398 1464 3798 1522 Cistercienses

2204 1531 2258 1586 in
2280 1532 2635 1588 Ambrosiano
2656 1535 2902 1589 cmnnbio
2922 1537 3175 1589 degentes
3195 1552 3281 1589 an.
3307 1533 3460 1589 Dom.
3486 1533 3627 1587 1677
3647 1535 3797 1589 hanc

2280 1550 2635 1588 .umnrosnano
2656 1550 2902 1590 οωηοῡιο
2922 1550 3175 1591 degentes
3195 1552 3281 1589 an.
3309 1550 3460 1589 vom.
3486 1550 3583 1587 ‘lDl
3605 1550 3622 1586 Ι
3648 1550 3797 1591 nanc

2204 1550 2258 1586 in
2280 1550 2635 1588 .umnrosiano
2656 1550 2902 1590 emnomo
2922 1550 3175 1603 degentes
3195 1552 3281 1589 an.
3309 1550 3460 1589 vom.
3486 1550 3583 1587 ‘lDl
3605 1550 3622 1586 ι
3648 1550 3797 1591 nano

2204 1601 2608 1682 inscriptionem
2632 1605 2869 1682 acdiculae
2904 1620 3023 1674 qua:
3051 1605 3106 1659 8.
3140 1605 3419 1674 Augustini
3445 1613 3797 1676 nuncupatur

2207 1671 2260 1726 in
2282 1671 2457 1728 fronte
2481 1673 2611 1743 poni
2639 1675 2894 1728 curarint.

2663 1744 2770 1796 DIV
2780 1743 2865 1797 US
2899 1742 3332 1800 AUGUSTINUS

2720 1814 2810 1866 Al)
2834 1813 3061 1867 LEGEM
3090 1815 3264 1868 FIDE!

2649 1881 2804 1936 PER.
2836 1883 2892 1937 S.
2928 1883 3019 1936 AM
3030 1882 3325 1940 BliUSlUM

2809 1951 3170 2008 EVOCATUS

2640 2019 2752 2077 HIC
2796 2020 2977 2075 UNDA
3014 2022 3340 2080 COELESTI

2812 2091 3060 2146 ABLUIT
3072 2089 3166 2146 UB

2522 2159 2705 2215 ANNO
2741 2159 2976 2215 DOMlNl
3013 2160 3470 2220 CCCLXXXVIII.

2207 2228 2454 2301 Profecto
2496 2244 2636 2297 aegre
2668 2231 2943 2285 ferendum
2973 2241 3055 2286 est
3097 2234 3364 2301 publicum
3391 2234 3799 2291 monimentum

2212 2298 2279 2369 ad
2329 2308 2554 2369 nepotes
2590 2316 2740 2355 seros
2776 2298 3244 2355 transmittendum
3300 2311 3410 2357 tam
3453 2302 3800 2358 confidenter

2208 2366 2369 2443 fuisse
2394 2366 2715 2443 expositum,
2760 2378 2819 2423 ut
2838 2370 2987 2443 nulla
3030 2371 3080 2424 in
3114 2371 3228 2443 ipso
3251 2388 3389 2443 vera:
3423 2374 3799 2443 chronologiaa

2209 2440 2345 2492 ratio
2375 2439 2444 2494 sit
2471 2439 2685 2502 habita;
2708 2440 2959 2509 quodque
2987 2439 3154 2508 magis
3184 2439 3351 2506 dolet,
3376 2443 3588 2497 amicus
3610 2439 3802 2498 noster

2208 2510 2509 2582 communis
2534 2509 2834 2576 bujusmodi
2862 2511 3270 2582 anachronismo
3296 2527 3515 2582 causam
3541 2513 3801 2582 praabue-

2211 2578 2461 2659 pit.‘Nam
2486 2587 2743 2659 quantum
2773 2578 3006 2659 pertinet
3028 2581 3092 2632 ad
3127 2579 3305 2634 locum
3345 2582 3434 2635 ubi
3459 2578 3801 2651 baptismum

2209 2647 2266 2719 8.
2299 2646 2624 2719 Augustinus
2666 2646 2949 2719 receperit,
2996 2662 3186 2718 parcas
3227 2659 3311 2719 tu,
3362 2646 3548 2719 quaiso'
3571 2693 3589 2713 ,
3641 2661 3802 2707 extra

2210 2718 2431 2771 chorqu
2468 2717 2702 2781 saltanti,
2747 2727 2968 2787 parcant
2993 2717 3191 2787 egregii
3221 2717 3429 2782 Patres.
3475 2722 3521 2775 si
3553 2720 3802 2775 Landula-

2211 2787 2371 2861 ph_o,_
2387 2787 2480 2861 qui
2524 2788 2705 2861 seculo
2734 2787 3256 2861 Christiundecimo
3299 2787 3541 2852 florebat,
3590 2793 3802 2861 quique

2211 2856 2311 2910 sub
2342 2855 2478 2910 Datii
2504 2858 2723 2911 nomine
2757 2858 2808 2909 in
2836 2858 3187 2911 Ambrosiana
3214 2873 3315 2913 ms.
3345 2855 3680 2925 asservatur,
3709 2855 3803 2913 "ita

2212 2926 2280 3000 de
2391 2927 2696 3000 Augustino
2707 2928 2979 3000 scribenti
3004 2928 3265 3000 assentiar
3288 2946 3301 2980 :
3326 2925 3392 2981 In
3407 2927 3693 3000 Fontibus,
3709 2933 3805 3000 qui

2216 2995 2277 3047 Β.
2301 2994 2496 3049 Joanni
2522 2995 2906 3059 adscribuntur,
2940 2996 3050 3051 Deo
3071 2998 3375 3065 opitulante,
3413 3014 3445 3051 a
3487 2998 3545 3051 Β.
3583 2994 3806 3053 Ambro-

533 3074 648 3134 post
678 3064 897 3119 Maximi
922 3062 1123 3131 necem,
1153 3066 1298 3133 quod
1333 3062 1472 3134 idem
1501 3062 1658 3117 sonat
1684 3078 1749 3134 ac
1781 3063 1957 3134 statim
1997 3073 2112 3134 post
2140 3062 2181 3121 C
2215 3067 2525 3125 sio,cunctis
2545 3065 2781 3134 ﬁdelibus
2803 3068 3087 3134 astantibus
3103 3062 3164 3119 et
3193 3062 3494 3132 videntibus,
3518 3070 3571 3120 in
3592 3071 3805 3124 nomine

536 3132 762 3187 Maximi
803 3151 992 3197 necem,
1031 3132 1295 3188 dixisSet?
1334 3133 1602 3199 Quantum
1632 3133 1775 3186 enim
1813 3133 2004 3184 attinet
2044 3132 2111 3183 ad

534 3202 591 3257 S.
622 3203 845 3257 Monicaa
874 3214 1122 3267 mortem,
1157 3212 1265 3256 tam
1296 3212 1500 3257 certum
1531 3210 1613 3255 est
1664 3202 1806 3255 illam
1837 3216 1979 3255 anno
2009 3201 2112 3254 587

532 3273 842 3340 contigisse,
870 3282 928 3327 ut
957 3273 1030 3326 nil
1052 3274 1270 3327 certius.
1304 3272 1597 3340 Augustino
1624 3286 1793 3324 annus
1816 3270 2116 3336 trigesimus

534 3342 724 3396 tertius
745 3344 931 3397 eodem
956 3358 1099 3397 anno
1121 3343 1192 3396 id.
1227 3342 1482 3396 Novemb.
1513 3342 1712 3405 exibat,
1735 3349 1790 3393 et
1816 3340 2115 3407 trigesimus

532 3420 757 3534 quartus
784 3412 1146 3469 adveniebat:
1188 3426 1317 3480 ergo
1362 3427 1563 3480 quum,
1597 3419 1657 3463 ut
1706 3409 1950 3471 vidimus,
2002 3410 2116 3477 ipse

585 3483 860 3534 uaustinus
887 3498 945 3534 se
970 3482 1242 3534 trigesimo
1275 3483 1430 3534 tertio
1450 3480 1621 3534 aetatis
1649 3493 1757 3533 sua:
1781 3494 1923 3532 anno
1944 3487 2116 3533 matre

585 3483 860 3548 ugustinus
887 3498 945 3536 se
970 3482 1242 3549 trigesimo
1275 3483 1430 3535 tertio
1450 3480 1621 3534 aetatis
1649 3493 1923 3549 sumianno
1944 3487 2116 3533 matre

533 3551 779 3604 orbatum
804 3548 1110 3615 asserucrit,
1145 3552 1196 3604 in
1230 3552 1344 3620 ipso
1374 3567 1514 3604 anno
1541 3550 1643 3602 587
1670 3548 1728 3603 S.
1755 3548 1975 3620 Monica:
1998 3550 2113 3602 obi-

533 3628 620 3672 tus
648 3620 888 3686 tigendus
914 3622 1080 3674 venit.
1132 3619 1333 3674 Deinde
1371 3636 1476 3673 non
1519 3620 1745 3673 Romam
1785 3619 2031 3687 primum,
2056 3625 2117 3672 ut

534 3704 657 3742 cum
697 3690 1056 3743 eruditissimo
1090 3691 1206 3743 viro
1235 3704 1494 3744 censuere
1538 3688 1818 3753 Baronius,
1849 3688 2111 3749 Torellus,

535 3757 837 3829 Ludovicus
863 3759 930 3811 ab
970 3758 1200 3829 Angelis,
1246 3759 1444 3829 aliique
1484 3758 1682 3829 plures,
1720 3758 1816 3812 sed
1858 3766 2005 3829 recta
2045 3757 2113 3811 ad

534 3825 682 3881 Ostia
712 3827 960 3881 Tiberina
1002 3825 1302 3882 Mediolano
1331 3825 1659 3896 Augustinus
1687 3828 1925 3896 perrexit
1951 3844 1965 3891 ;
1999 3835 2113 3896 ete-

535 3843 682 3881 usua
712 3843 960 3881 'nnerma
1002 3843 1302 3882 mamonauo
1331 3843 1659 3896 Augusunus
1725 3843 1965 3891 errem;
1999 3843 2113 3881 ete-

535 3897 645 3966 nim
676 3897 765 3951 lib.
795 3913 871 3964 lx,
894 3912 1013 3966 cap.
1048 3897 1134 3965 10,
1165 3897 1431 3962 Coufess.,
1456 3899 1500 3952 is
1528 3898 1602 3950 ait
1627 3914 1638 3949 :
1674 3843 1823 3966 Xpud
1844 3895 1995 3966 Ostia
2024 3894 2115 3949 Ti-

534 3965 733 4037 berina.
765 3967 850 4019 ubi
879 3965 1059 4020 renioti
1083 3984 1116 4020 a
1146 3971 1306 4021 turbis
1342 3977 1455 4035 post
1483 3968 1625 4037 longi
1658 3965 1856 4037 itineris
1889 3965 2116 4019 laborem

532 4036 950 4107 instaurabamus
979 4053 1072 4091 nos
1093 4038 1427 4107 navigationi,
1455 4046 1559 4091 etc.
1587 4036 1751 4107 Vides,
1773 4044 1887 4105 post
1907 4036 2116 4107 longum

532 4106 634 4159 iter
661 4105 787 4161 illuc
827 4105 1175 4174 Augustinum
1214 4104 1583 4161 concessisse?
1621 4104 1877 4159 Nimirum
1909 4104 2112 4174 Medio-

532 4174 679 4239 lano,
714 4191 823 4229 non
853 4171 1022 4229 Roma
1052 4183 1308 4241 venerat;
1352 4192 1458 4230 non
1489 4176 1630 4230 enim
1665 4174 1833 4227 Roma
1863 4174 1931 4227 ad
1959 4171 2118 4228 Tibe-

531 4245 608 4315 ris
629 4242 775 4299 Ostia
803 4245 1057 4314 profectis
1084 4246 1226 4315 longi
1245 4247 1442 4300 itineris
1480 4244 1627 4299 labor
1661 4259 1797 4315 opus
1824 4252 1959 4315 erat.
1990 4242 2116 4315 _lll_ic

533 4313 697 4380 igitur
723 4311 840 4384 post
866 4316 1087 4385 quinque
1114 4311 1222 4385 dies
1256 4315 1319 4385 ab
1359 4314 1577 4367 adventu
1611 4311 2110 4385 febribus_dec_ubuit,

529 4394 580 4436 et
600 4381 1088 4470 nouofugritudinis
1125 4384 1209 4465 die
1247 4384 1313 4437 ad
1343 4384 1509 4470 (italos
1545 4381 1871 4470 evolavitLS.
1904 4381 2112 4470 Moni'ca

531 4427 1115 4508 ἷιὶι’.’ἱ’ἑὲ”τῖ”ὄίιῖ”εἶὲἰὲἷη
1125 4427 1208 4507 "id
1243 4427 1313 4506 ἴ
1342 4427 1527 4507 ῐῖἑῖἰῖἑε
1547 4427 1724 4505 Ξὶιῖιὶῖέ
1739 4427 1850 4505 Et?
1860 4427 2112 4505 ὲὲὖέιίἶῑὲῗ
2139 4427 2189 4485 Ι)

531 4520 669 4575 simo
700 4516 758 4575 P.
793 4522 1078 4575 Eustachio
1106 4530 1160 4575 et
1190 4524 1258 4575 ab
1271 4468 1404 4575 iiiis
1437 4521 1791 4575 scriptoribus
1820 4521 1936 4575 eius
1964 4536 2112 4575 mors

1286 4539 1316 4576 8

530 4520 669 4576 simo
700 4516 758 4575 P.
793 4522 1078 4577 Eustachio
1106 4530 1160 4576 et
1190 4524 1258 4577 ab
1286 4516 1404 4591 aliis
1437 4521 1791 4591 scriptoribus
1820 4521 1936 4589 ejus
1964 4536 2112 4575 mors

532 4592 955 4659 protraheretur,
1011 4592 1066 4645 in
1095 4607 1254 4646 causa
1285 4590 1384 4646 fuit
1412 4592 1526 4646 dies
1550 4590 1657 4660 quo
1685 4590 1773 4644 illa
1801 4591 2114 4645 solemniter

529 4660 758 4732 colitur,
777 4675 969 4732 nempe
1003 4671 1225 4732 quartus
1249 4661 1398 4732 Maii;
1428 4677 1592 4732 quum
1621 4661 1762 4714 enim
1789 4676 1857 4714 eo
1885 4660 1971 4714 die
1999 4660 2112 4732 ᾕρεε

530 4730 708 4784 nicam
730 4730 1153 4799 decessisselsibi
1179 4731 1407 4799 quisque
1429 4730 1699 4797 suaderet,
1729 4744 1979 4797 annoque
2006 4730 2108 4784 587

531 4798 710 4853 forsan
751 4800 796 4855 is
821 4799 934 4854 dies
960 4798 1267 4854 Monicaaiu
1311 4798 1442 4855 urbe
1483 4800 1782 4853 Mediolano
1821 4799 2108 4865 ellluxerit,

590 4871 694 4940 29
716 4871 840 4940 hinc
871 4869 938 4940 ad
973 4869 1109 4924 alios
1143 4885 1314 4923 annos
1343 4869 1579 4940 ejusdem
1608 4869 1812 4940 obitum
1831 4870 2105 4940 distulere.

578 4937 689 5007 tqui
705 4939 1157 5008 animadverterat
1177 4939 1343 4993 emin.
1364 4939 1510 4992 card.
1528 4937 1789 5003 Norisius,
1803 4940 1857 4992 in
1875 4938 2109 5008 quodam

524 5009 806 5077 opusculo,
820 5010 961 5063 diem
972 5007 1261 5063 S.Monica2
1272 5008 1463 5062 festum
1480 5009 1546 5061 ad
1558 5007 1786 5077 aliquam
1799 5007 1915 5076 ejus
1935 5017 2109 5062 trans-

528 5077 787 5132 lationem
838 5079 1067 5131 aliamve
1093 5093 1311 5132 causam
1346 5078 1703 5142 referendum,
1751 5086 1806 5133 et
1827 5078 2106 5133 clarissimi

676 5148 821 5202 illum
848 5156 1031 5217 patres
1058 5162 1089 5200 e
1113 5162 1225 5202 soc.
1253 5146 1363 5203 Jes.
1392 5149 1445 5202 in
1470 5148 1590 5202 Aet.
1614 5155 1787 5202 sanet.
1815 5148 1880 5201 ad
1907 5147 2050 5201 diem
2072 5146 2106 5198 4

581 5216 959 5286 aii_monuere,
994 5216 1087 5285 qui
1115 5217 1278 5286 etiam
1313 5232 1343 5271 a
1379 5219 1681 5286 quingentis
1713 5226 1919 5271 tantum
1951 5217 2106 5271 annis

525 5283 585 5339 8.
626 5284 847 5341 Monica:
882 5283 1084 5340 cultum
1126 5286 1180 5341 in
1216 5283 1809 5342 Ecclesiam'invectum
1847 5287 2101 5339 fatentur.

526 5353 876 5424 Augustinum
911 5369 1125 5423 quoque
1158 5371 1300 5411 anno
1338 5356 1441 5410 587
1484 5358 1550 5410 ad
1580 5358 1902 5425 baptismum
1931 5370 2107 5410 acces-

524 5426 658 5495 sisse
680 5441 746 5495 ex
772 5425 1013 5479 Possidio
1041 5441 1158 5495 cap.
1200 5426 1262 5479 5|
1316 5427 1447 5481 Vitae
1481 5426 1660 5494 colligi
1700 5434 1896 5493 potest.
1929 5425 2106 5495 lnquit

523 5493 615 5548 ille
633 5495 700 5549 de
723 5494 779 5549 8.
803 5495 1026 5563 doctore
1059 5511 1072 5546 :
1109 5493 1257 5549 Vixit
1285 5499 1436 5550 annis
1463 5496 1548 5560 76,
1581 5493 1636 5548 in
1663 5494 1907 5547 clericatu
1934 5493 2103 5546 autem

521 5563 602 5635 uel
628 5566 922 5635 episcopatu
950 5565 1103 5617 annis
1123 5566 1283 5635 ferme
1310 5566 1397 5620 40.
1429 5565 1651 5635 Vixerat
1676 5570 1853 5616 autem
1882 5564 1934 5616 in
1963 5564 2104 5635 agris

524 5629 955 5699 Tagastensibus,
987 5629 1274 5701 antequam
1299 5635 1464 5691 sacris
1491 5634 1773 5688 clericatus
1795 5629 2104 5685 muneribus

525 5701 845 5766 initiaretur,
877 5706 1037 5773 ferme
1074 5704 1294 5758 triennio
1326 5705 1570 5758 alienatis
1606 5720 1639 5756 a
1664 5719 1721 5756 se
1742 5704 1877 5755 curis
1900 5703 2099 5755 secula-

2215 3144 2409 3206 sancto:
2430 3144 2479 3187 et
2501 3132 2779 3206 individuw
2795 3132 3062 3189 Trinitatis
3082 3134 3369 3206 baptiaatus
3387 3147 3437 3189 et
3457 3138 3805 3206 conﬁrmatus

2216 3213 2313 3257 est.
2358 3204 2470 3257 Sita
2508 3215 2625 3258 erat
2654 3205 2765 3258 haec
2794 3206 2922 3258 olim
2958 3206 3100 3260 mdes
3140 3204 3195 3259 S.
3226 3203 3447 3260 Joannis
3486 3203 3567 3258 ad
3598 3206 3807 3261 Fontes

2215 3274 2350 3343 inter
2390 3273 2672 3327 Ecclesium
2714 3272 2969 3343 Majorem
3008 3284 3058 3327 et
3096 3274 3157 3328 S.
3194 3274 3414 3339 Theclaz,
3459 3285 3519 3330 ut
3558 3278 3807 3331 ostendit

2219 3341 2533 3397 Puricellius
2559 3344 2637 3397 vir
2665 3341 2889 3397 summa:
2916 3344 3230 3399 eruditionis
3256 3346 3309 3398 in
3338 3345 3548 3399 dissert.
3577 3343 3805 3407 NaZar.,

2215 3427 2333 3481 cap.
2367 3412 2454 3475 59,
2488 3429 2540 3466 n.
2574 3412 2660 3478 21,
2693 3421 2748 3467 et
2770 3416 2826 3482 in
2856 3413 3091 3467 Monum.
3126 3414 3287 3468 Basil.
3321 3415 3527 3477 Ambr.,
3580 3432 3637 3467 n.
3676 3416 3805 3482 500,

2215 3483 2305 3549 qui
2347 3483 2508 3535 etiam
2553 3483 2605 3536 in
2648 3481 2864 3550 pnufata
2906 3482 2962 3537 S.
2996 3485 3274 3551 Augustini
3314 3484 3430 3537 :ede
3467 3481 3806 3551 baptismum

2217 3552 2659 3620 Augustinianum
2683 3554 2971 3620 contigisse
2997 3562 3172 3619 negat.
3198 3550 3388 3607 Petrus
3409 3550 3609 3607 Paulus
3631 3555 3805 3608 Bosca

2218 3622 2837 3693 viridisertissimus,in
2878 3622 3148 3693 Martyrol.
3189 3622 3435 3693 Ambros.
3464 3622 3553 3693 _ad
3590 3623 3744 3693 diem
3771 3624 3806 3677 5

2216 3689 2361 3757 Maii,
2389 3692 2557 3744 veteri
2589 3692 2856 3744 traditioni
2881 3689 3128 3745 standum
3161 3701 3327 3760 putat.
3375 3690 3481 3745 Sed
3507 3691 3803 3760 quidnam,

2216 3775 2369 3833 rogo,
2402 3761 2653 3828 ponderis
2675 3760 2976 3833 bujusmodi
3010 3761 3469 3833 traditioni830
3491 3762 3658 3833 inest,
3684 3779 3805 3833 qua:

2217 3830 2378 3883 nullis
2417 3846 2521 3882 non
2574 3831 2733 3883 modo
2778 3838 3018 3883 veterum
3067 3829 3345 3898 suffragiis
3367 3829 3639 3896 ninnitur,
3704 3829 3805 3887 sed

2216 3914 2403 3952 eorum
2431 3914 2683 3967 expresse
2711 3900 3017 3953 testimonio
3038 3899 3346 3966 jugulatur?
3399 3899 3535 3963 Quin
3568 3910 3627 3953 et
3656 3904 3806 3955 anti-

2216 3969 2395 4035 quitus
2421 3984 2583 4021 unum
2627 3976 2832 4021 tantum
2865 3969 2917 4021 iu
2958 3970 3180 4023 urbibus
3223 3970 3383 4037 fuisse
3419 3970 3806 4037 baptisterium

2218 4038 2329 4107 (qui
2355 4053 2470 4107 mos
2492 4039 2540 4091 in
2569 4037 2884 4106 quibusdam
2912 4040 3201 4092 etiamnum
3229 4036 3405 4105 durat)
3431 4036 3806 4095 eruditissime

2215 4106 2399 4177 docuit
2424 4106 2625 4175 Josepli
2653 4109 2975 4177 vicecomes-
3001 4108 3212 4175 collegii
3240 4107 3487 4162 Ambros.
3516 4112 3804 4177 quondam

2215 4175 2407 4247 doctor
2436 4178 2487 4247 in
2517 4177 2609 4230 lib.
2641 4176 2708 4231 de
2738 4177 3028 4246 Baptismo,
3078 4192 3197 4247 cap.
3242 4177 3296 4243 8,
3340 4186 3395 4231 et
3416 4192 3516 4245 ego
3536 4175 3809 4232 animad~

2216 4246 2354 4327 verti
2400 4246 2467 4327 ab
2515 4246 2780 4327 episcopis
2826 4250 3195 4327 tantummodo
3251 4247 3609 4327 ministratum
3671 4250 3810 4327 _0|il_l.

2221 4313 2387 4385 fuisse
2408 4313 2743 4385 baptismatis
2765 4323 3182 4379 sacramentum,
3213 4325 3271 4370 ut
3309 4325 3596 4385 propterea
3624 4319 3799 4385 pluri-

2217 4384 2316 4437 bus
2343 4384 2611 4453 opusnon
2641 4393 2784 4439 esset
2809 4386 3151 4453 baptisteriis.
3199 4386 3291 4439 sed
3316 4384 3487 4439 unum
3512 4384 3811 4443 dumtaxat

2215 4452 2505 4509 sulliceret.
2525 4454 2639 4509 Hoc
2657 4464 2833 4508 autem
2858 4455 3227 4524 baptisterium
3248 4453 3534 4508 Mediolani
3554 4454 3612 4507 S.
3627 4454 3806 4510 Joan-

2214 4524 2298 4577 nis
2322 4526 2386 4577 ad
2417 4524 2613 4578 Fontes
2640 4525 2878 4578 basilica.
2903 4524 3290 4592 appellabatur.
3337 4539 3447 4592 quo
3491 4526 3722 4580 nomine
3753 4528 3809 4582 in

2214 4594 2332 4647 aliis
2372 4594 2591 4649 urbibus
2616 4595 2776 4647 etiam
2808 4594 3101 4661 baptisterii
3132 4594 3363 4648 basilica:
3389 4593 3809 4661 distingueban-

2213 4672 2318 4717 tur.
2368 4663 2457 4719 Sic
2488 4662 2669 4717 Romze
2707 4665 2960 4731 templum
3004 4663 3061 4716 8.
3091 4661 3314 4717 Joannis
3360 4662 3654 4731 Baptistaz.
3715 4667 3807 4720 cui

2213 4732 2588 4787 Lateranensis
2627 4747 2852 4802 nomen,
2902 4733 3268 4802 baptisterium
3298 4732 3806 4802 complectebatur;

2212 4811 2269 4855 et
2299 4802 2563 4871 Ravenna:
2608 4801 2668 4857 S.
2694 4802 2914 4856 Joannis
2957 4803 3012 4855 in
3050 4800 3222 4855 Fonte
3266 4800 3540 4857 simillimo
3579 4807 3808 4859 muneri

2215 4871 2559 4933 inserviebat,
2596 4880 2656 4925 ut
2683 4872 2888 4925 monuit
2928 4872 2995 4925 cl.
3026 4873 3110 4925 vir
3136 4872 3349 4933 meique
3390 4872 3807 4928 amantissimus

2213 4949 2473 5009 patronus
2500 4941 2734 4995 Joannes
2760 4940 3069 5010 Ciampiuus
3095 4956 3216 5010 cap.
3246 4939 3316 4993 25
3359 4939 3541 4995 Veter.
3570 4940 3805 4997 Monim.

2215 5019 2345 5063 tum.
2364 5010 2406 5064 Ι.
2426 5011 2482 5064 8.
2503 5012 2815 5065 Ambrosius
2830 5012 2881 5063 in
2899 5027 2987 5080 ep.
3004 5010 3071 5063 i5
3090 5010 3157 5063 ad
3174 5010 3536 5080 Mareellinam
3556 5030 3569 5063 :
3590 5010 3806 5066 Dimis-

2215 5082 2306 5146 sis,
2339 5081 2526 5148 inquit,
2568 5078 2947 5150 catechumenis
2971 5080 3257 5150 symbolum
3297 5078 3560 5150 aliquibus
3582 5097 3805 5149 conspe-

2216 5149 2430 5203 tentibus
2474 5153 2529 5204 in
2579 5149 2859 5217 baptisterii
2916 5148 3181 5202 tradebant
3235 5148 3475 5202 basilica.
3538 5148 3808 5205 Profetto

2198 5227 2420 5300 contra.
2457 5221 2622 5300 ipsius
2663 5219 3302 5300 Ambrosiinsontentiam
3360 5219 3441 5300 ire
3494 5219 3804 5300 videretur.

2213 5290 2452 5357 quisquis
2475 5281 2590 5355 ejus
2610 5304 2724 5341 aevo
2755 5289 2905 5357 plura
2933 5281 3213 5342 Mediolani
3249 5288 3561 5356 baptisteria
3587 5281 3805 5342 constié

2217 5367 2407 5412 tueret.
2433 5359 2539 5413 Cur
2558 5359 2699 5411 enim
2721 5358 2936 5410 basilica
2959 5357 3259 5425 Baptisterii
3283 5358 3425 5410 unde
3452 5374 3806 5425 nuncupare-

2211 5435 2317 5493 tur,
2356 5428 2399 5481 si
2425 5444 2531 5481 non
2562 5442 2664 5481 una
2696 5437 2806 5479 tum
2838 5426 3119 5480 Mediolani
3151 5425 3375 5480 fuisset?
3405 5427 3524 5480 Alio
3572 5428 3805 5481 nomine

2210 5497 2578 5564 distinguenda
2606 5497 2887 5550 eratmdes
2928 5496 3031 5559 illa,
3089 5503 3146 5566 ut
3170 5497 3310 5549 inter
3352 5498 3587 5566 reliquas
3615 5496 3805 5564 bapti-

2208 5567 2357 5618 sterii
2413 5567 2656 5619 basilicas
2708 5573 3038 5619 nosceretur.
3105 5564 3279 5635 Unum
3326 5564 3805 5635 ergo'Mediolani

2200 5635 2576 5701 baptisterium
2618 5637 2849 5703 positum
2895 5643 3029 5697 erat,
3082 5634 3221 5702 quod
3263 5635 3426 5688 (erlem
3475 5637 3535 5689 S.
3567 5635 3800 5689 Joannis

2210 5704 2279 5757 ad
2311 5703 2501 5759 Fontes
2540 5706 2775 5758 minores
2814 5705 3183 5773 appellarunt-
3233 5705 3414 5773 ibique
3452 5706 3509 5760 S.
3540 5707 3789 5773 Auguste
