4006 6350
167 329 266 386 309

923 313 1367 376 DISSERTA'I‘IO
1407 309 1540 372 XVI.
1584 316 1673 371 AD
1714 309 2135 370 NA'I‘ALITIUM
2178 309 2262 364 XI.
2307 307 2510 369 VERS.
2547 307 2653 362 40‘2

3342 297 3446 359 8l0

203 463 262 497 ru
307 442 460 497 nobis
503 446 734 494 stantem
760 439 818 492 in
868 437 1100 492 medium
1145 435 1373 491 adduco.
1426 432 1601 503 Inquit
1651 431 1752 487 iste
1781 437 1829 494 Α
1857 429 1977 499 Ipse
1999 426 2546 498 quoqueVigilantius
2569 421 2788 479 omnino
2805 421 3000 502 mentis
3025 436 3216 491 expers
3239 420 3449 487 fuisset,
3537 479 3543 492 ,

169 462 338 568 gatal.
373 529 428 567 ιιι
456 533 468 564 ;
1865 502 1909 556 si
1934 515 2098 568 quum
2130 514 2389 566 nusquam
2428 497 2481 551 id
2510 495 2677 568 moris
2717 503 3114 568 comperisset,
3163 493 3337 546 adhuc
3366 493 3452 547 in—

171 547 185 572 δ

174 515 338 569 Natal.
373 529 428 567 ιιι
456 533 468 564 :

289 603 427 654 Clara
453 609 745 651 coronantur
769 601 939 649 densis
960 601 1127 649 altaria
1148 599 1350 660 lychnis.

290 667 494 715 Lumina
514 667 693 713 ceratis
716 663 974 712 adolentur
993 663 1139 709 odora
1160 661 1368 722 papyris,

289 728 446 777 Nocte
468 728 651 788 dieque
672 729 868 788 micant.
890 727 971 788 Sic
995 738 1110 788 nox,
1133 721 1463 788 Splendorque
1488 721 1590 770 diei

290 789 491 851 Fulget.
520 784 692 849 et'ipsa'
719 788 826 834 dies
843 787 1032 851 ctnlesti
1061 784 1258 851 illustris
1285 785 1472 851 honore

291 846 413 899 Plus
431 851 574 900 micat
599 846 870 898 innumeris
895 848 1051 897 lucem
1081 848 1324 904 geminata
1348 846 1574 893 lucernis.

171 935 312 990 .‘iihil
342 932 538 989 clarius
565 930 823 986 occurrit.
855 929 962 985 Sed
983 939 1041 984 et
1067 928 1189 982 Nat.
1223 944 1276 981 xi
1305 927 1383 982 sic
1405 926 1519 980 ait:

675 1023 762 1072 His
785 1022 1030 1084 si-ypliulis
1053 1023 1239 1072 incerta
1264 1021 1490 1071 relucent

299 1089 523 1148 Lumina,
549 1101 659 1137 cum
687 1087 784 1134 fert
803 1085 926 1134 festa
949 1086 1073 1134 dies.

174 1176 235 1230 Et
292 1172 433 1228 infra
484 1169 729 1243 scyphuli
776 1167 1023 1224 meminit
1076 1165 1146 1221 ad
1194 1165 1509 1222 continuum
1557 1158 1769 1216 luminis

173 1261 327 1300 usum
358 1243 615 1299 destinati
641 1259 654 1294 :

293 1324 593 1376 Continuam
616 1321 826 1382 scyphus
846 1327 920 1368 est
939 1325 1211 1378 argenteus
1228 1323 1371 1379 aptus
1395 1316 1457 1365 sd
1477 1325 1636 1364 usum.

175 1409 260 1477 qui
315 1415 373 1462 et
421 1413 588 1460 noctu
622 1403 834 1477 diuque
882 1401 1136 1477 Incebat,_
1164 1397 1774 1477 quemquejmportnno

176 1464 269 1532 sibi
314 1477 521 1531 lumine
565 1464 852 1528 micantem
903 1470 986 1525 fur
1029 1464 1279 1526 extinxit.
1330 1464 1775 1535 Distinguendum

178 1552 361 1616 itaque
409 1562 535 1600 reor
583 1545 722 1598 inter
773 1559 955 1616 sacras
1001 1541 1347 1616 antiquorum
1399 1538 1648 1616 lucernas
1709 1549 1777 1616 eo

177 1605 337 1690 pac'to
378 1633 488 1688 quo
538 1617 679 1690 inter
726 1613 1029 1690 :_evi_nos_tri
1060 1605 1335 1680 lampades
1372 1624 1436 1690 ac
1465 1608 1664 1688 lumina

1865 492 1909 556 si
1934 492 2098 568 quum
2126 492 2389 566 nusquam
2428 497 2481 551 id
2510 495 2677 568 moris
2717 492 3114 568 comperiisset,
3163 493 3337 546 adhuc
3366 493 3452 547 in—

1866 563 2005 626 ﬂat—is
2031 569 2215 624 buccis
2238 563 2351 622 iure
2375 566 2715 636 protulisset:
2746 563 2988 636 Videmus
3011 563 3458 636 molescereorum

1865 641 1973 696 sole
2001 639 2227 712 fulgente
2264 632 2508 712 accendi:
2537 636 2592 712 ξ.
2624 635 2856 712 Cyrillus
2883 633 3090 712 Hiems:
3117 632 3459 712 Hieronymo

1867 702 2234 782 antiquior‘in
2264 708 2413 779 prmf.
2445 706 2512 762 ad
2537 702 2878 782 Cateeheses.
2928 713 2983 760 et
3005 704 3151 782 alibi,
3290 702 3457 773 G'reg.

1866 774 2116 838 Nazianz.
2154 774 2485 850 Hieronymo
2511 793 2723 850 coaevus
2748 777 2822 850 _in
2851 786 2992 850 orat.
3026 774 3093 850 litt
3139 775 3336 850 aliique
3375 784 3461 850 te:

1868 860 2081 908 stantur
2111 851 2163 904 in
2213 845 2539 920 baptismate
2567 846 2902 903 conficiendo
2932 846 3216 920 luminaria
3248 845 3464 900 incendi

1869 923 2052 979 solita.
2104 921 2268 989 Igitur
2288 917 2515 974 diurnus
2543 933 2824 974 cereorum
2851 932 2980 989 usus
3017 917 3198 989 negari
3222 932 3336 989 non
3357 931 3464 989 po-

1873 1001 2032 1049 terat.
2086 987 2258 1046 causa
2300 991 2480 1059 itaque
2529 1006 2628 1043 cur
2673 988 3088 1059 incenderentur
3117 987 3465 1059 Vigilantiam

1873 1064 1939 1118 ad
1967 1063 2290 1119 calumniam
2317 1058 2599 1116 catholicis
2629 1058 2968 1126 inﬂigendam
2997 1066 3273 1122 moverat;
3320 1058 3467 1112 arbi-

1875 1134 2119 1190 trabatur
2146 1133 2288 1186 enim
2320 1131 2374 1185 id
2401 1147 2431 1184 a
2462 1130 2728 1198 religiosis
2754 1128 2968 1199 populis
2990 1126 3126 1189 fieri,
3149 1128 3303 1198 quasi
3324 1143 3470 1182 mar-

1879 1214 2022 1276 tyres
2041 1203 2218 1276 aliqua
2235 1203 2593 1276 illust_r_atione
2622 1211 2677 1276 et
2707 1201 2906 1276 lumine
2919 1199 3270 1254 crederentur
3284 1211 3465 1276 egere,

1880 1267 1938 1330 ut
1958 1275 2098 1329 beati
2129 1267 2330 1328 essent.
2373 1271 2492 1327 Non
2519 1271 2696 1326 vendo
2735 1270 3101 1339 conjecturam
3133 1285 3327 1332 meam,
3376 1267 3472 1323 sed

1879 1346 2048 1416 ipsam
2079 1343 2350 1466 Vigilantii
2381 1343 2726 1397 calumniam.
2778 1340 2914 1396 Sunt
2963 1339 3201 1407 ejusdem
3233 1339 3472 1394 hairctici

1879 1416 2041 1466 verba
2069 1433 2081 1466 :
2117 1415 2148 1466 λ
2177 1431 2368 1466 aanum
2391 1410 2636 1466 honor'em
2664 1412 2897 1466 praebent
2917 1411 3211 1466 huiusmodi
3241 1410 3472 1464 homines

1879 1410 2041 1470 verba
2069 1433 2081 1468 :
2117 1410 2368 1485 Magnum
2391 1410 2636 1485 hanor'em
2664 1412 2897 1483 praebent
2917 1411 3211 1485 hujusmodi
3235 1410 3474 1485 homines

1881 1485 2192 1540 beatissimis
2212 1480 2553 1556 martyribus,
2575 1480 2700 1554 quos
2726 1489 2910 1554 putant
2931 1480 2992 1535 de
3013 1480 3274 1556 nilissiniis
3302 1496 3478 1556 cerea:

1883 1559 1948 1610 lis
1978 1549 2495 1625 illustrandosfquos
2522 1549 2735 1623 Agnus,
2771 1556 2857 1625 qui
2897 1562 2974 1625 est
3009 1553 3063 1605 in
3094 1552 3260 1625 medio
3303 1549 3485 1625 throni

1883 1644 1998 1680 cum
2033 1626 2174 1680 omni
2203 1621 2404 1696 fulgore
2432 1621 2722 1696 majestatis
2748 1621 2857 1696 sua:
2885 1621 3481 1696 illustrat.__Responde_t

179 1675 489 1767 ἐξίππευίιὲπ·
521 1686 648 1767 Alia,
665 1685 809 1767 enim
842 1683 1042 1764 ιυιιιίξιει
1067 1675 1336 1767 ξιοοῖιιηὲο
1361 1675 1780 1767 ,ιβωιξξινξτ-,ξὲᾕ
1831 1693 1856 1731 δ
1885 1675 2016 1766 sig}.
2034 1675 2587 1767 senatus,"ini;
2604 1675 3382 1767 suainsinuatam
3398 1675 3480 1747 ab

180 1747 376 1814 diurno
402 1756 796 1816 inserviebam;
843 1755 1022 1809 omnia
1066 1761 1245 1806 tamen
1277 1751 1329 1805 in
1360 1747 1547 1818 templi
1577 1747 1780 1803 cultum

182 1831 512 1898 excogitata.
563 1828 692 1898 Qua:
739 1826 947 1898 lampas
988 1823 1173 1898 modo_
1196 1822 1476 1877 dicebatur
1515 1819 1779 1898 relucere,
1813 1820 1862 1882 Β

217 1887 351 1954 uniti
372 1887 748 1954 ferebatwfesta
774 1887 910 1960 dies,
952 1902 1118 1950 noctu
1158 1892 1265 1948 hoc
1291 1905 1512 1946 munere
1537 1887 1778 1944 carebat.

185 1971 321 2026 Audi
355 1971 750 2038 subsequentes
772 1981 962 2021 versus
991 1982 1003 2016 :

680 2057 818 2106 Tunc
842 2070 962 2105 vero
983 2057 1093 2104 sine
1112 2069 1202 2103 usu

313 2123 536 2172 Luminis
560 2120 617 2169 ad
635 2122 854 2182 speciem
879 2125 1066 2167 tantum
1089 2129 1325 2179 suSpensa
1348 2114 1595 2164 manebat.

189 2207 450 2283 Superius
467 2219 608 2283 _ver_o
652 2201 785 2256 alias
812 2200 1174 2283 descripserat
1202 2199 1451 2283 lucernas
1494 2197 1639 2252 nocti
1668 2197 1790 2251 illu-

192 2269 425 2334 stranda:
451 2274 766 2330 destinatas.
799 2272 866 2324 At
893 2269 1071 2326 Ottius
1107 2270 1354 2325 lucernas
1381 2269 1544 2323 hasce
1565 2277 1790 2323 noctur-

195 2368 288 2404 nas
318 2345 627 2403 necessitati
657 2357 811 2397 sacra
843 2342 1152 2396 facientium
1177 2339 1453 2399 adscribit,
1480 2354 1589 2392 non
1615 2338 1793 2394 eccle-

193 2422 284 2474 siae
331 2417 519 2473 cultui.
575 2413 948 2468 Hallucinatur
992 2411 1309 2474 Calvinista,
1357 2408 1793 2479 quandoquidem

195 2505 366 2561 quum
405 2488 541 2561 latro
570 2485 658 2539 hic
687 2483 755 2538 ad
793 2483 940 2561 Inrta‘
963 2483 1210 2545 accessit,
1263 2482 1469 2561 iampas
1517 2479 1610 2561 illa
1636 2479 1795 2534 nullis

198 2551 314 2615 ιῖιιιι
357 2558 528 2612 sacris
565 2553 884 2624 peragendis
927 2553 1104 2607 lumen
1154 2551 1456 2622 prtebebat;
1523 2551 1651 2620 quin
1691 2566 1792 2606 ex-

200 2645 387 2701 presse
417 2628 561 2681 illam
583 2625 776 2701 quavis
797 2631 1017 2701 _nocte,_
1039 2625 1148 2677 imo
1195 2638 1292 2701 per
1333 2629 1527 2701 to_tam_
1553 2629 1791 2701 noctem,

205 2690 380 2756 lucere
403 2690 752 2753 consue'visse
779 2693 1174 2763 dignoscimus;
1197 2690 1294 2747 'ait
1321 2693 1464 2748 enim
1495 2690 1566 2746 de
1591 2691 1796 2762 scypho

214 2774 436 2840 loquens
465 2786 477 2822 :

301 2851 437 2899 nunc
458 2850 736 2910 importuno
757 2845 850 2910 sibi
869 2845 1056 2892 lumine
1083 2843 1247 2910 praedo
1271 2845 1528 2891 micantem

310 2902 842 2968 Protinus-exstinguit,
869 2902 1145 2968 namqueid
1170 2917 1367 2968 quoque
1395 2911 1599 2968 noverat
1622 2902 1754 2953 idem

309 2972 445 3034 S:epe
465 2973 631 3021 solere
657 2967 799 3029 mori,
826 2982 936 3018 cum
956 2967 1378 3034 stuppaperarida
1405 2967 1598 3028 longam

307 3029 546 3083 Conderet
570 3036 620 3082 in
646 3040 838 3080 noctem
859 3037 1112 3079 consumto
1132 3029 1298 3078 lumen
1315 3029 1456 3078 olivo.

215 3118 375 3186 Igitur
403 3118 458 3172 in
487 3118 633 3187 pium
660 3115 938 3187 religionis
962 3128 1236 3187 sacrasque
1255 3111 1608 3187 mdiscultum
1637 3118 1802 3187 noctu

1887 1763 2196 1822 hominibus
2212 1763 2313 1821 hac
2328 1767 2540 1820 ratione
2553 1765 2816 1828 adductis,
2835 1763 2929 1819 sed
2945 1764 3013 1818 ad
3027 1763 3230 1818 lretitias
3241 1763 3481 1832 signum,

1888 1845 1946 1892 ut
1972 1837 2114 1892 infra
2141 1837 2465 1904 evangelicis
2490 1837 2752 1906 exemplis
2777 1834 2998 1905 probat;
3042 1849 3226 1906 neque
3253 1834 3354 1906 sub
3379 1833 3484 1906 hac

1887 1903 2340 1992 prava_npini_one
2385 1903 2926 1992 nociurno'iem'pnre
2975 1905 3152 1992 selere
3178 1903 3485 1992 ‘luminaria

1889 1974 2139 2043 incendi;
2153 1976 2250 2032 sed
2279 1984 2338 2032 ut
2367 1978 2542 2033 noctis
2560 1974 2806 2032 teneme
2828 1976 2935 2031 hoc
2954 1974 3153 2031 solatio
3178 1981 3486 2044 temperen-

1889 2057 1996 2114 tur,
2051 2065 2118 2104 ne
2153 2047 2283 2104 caeci
2328 2063 2452 2104 cum
2475 2046 2764 2116 Vigilantio
2812 2047 2866 2101 in
2911 2047 3151 2102 tenebris
3192 2045 3483 2101 dormiant.

1891 2119 2039 2200 :l‘um_
2065 2119 2410 2200 subsgquitur
2447 2138 2459 2172 :
2498 2133 2562 2172 ac
2590 2119 2642 2200 si.
2665 2119 2758 2200 qui
2800 2117 3168 2200 Iorent_inte._r
3211 2117 3489 2200 seculares

1892 2190 2160 2255 homines,
2189 2185 2522 2258 feminasque
2548 2185 2846 2257 religiosas,
2875 2189 2968 2258 qui
2997 2189 3103 2243 hoc
3125 2188 3369 2242 facerent
3386 2185 3488 2241 sub

1893 2206 2160 2255 nomines,
2189 2206 2413 2244 iemmas
2458 2206 2522 2243 uc
2548 2206 2846 2257 religiosas,
2875 2206 2968 2258 qui
2997 2206 3103 2243 noc
3125 2206 3369 2242 iacerent
3386 2206 3488 2241 suo

1893 2276 1959 2318 ea
2015 2261 2224 2316 ratione
2267 2275 2388 2329 quae
2415 2206 2704 2328 $igilantio
2744 2260 2797 2315 in
2828 2267 3068 2315 mentem
3095 2267 3340 2329 venerat,
3393 2271 3489 2312 eos

1896 2340 2140 2397 excusat,
2190 2339 2247 2386 et
2291 2328 2409 2386 zelo
2438 2329 2533 2385 Dei
2580 2345 2644 2386 ac
2680 2331 2796 2386 sine
2847 2330 3073 2386 crimine
3123 2328 3179 2398 id
3210 2336 3488 2398 peractum

1896 2403 2115 2458 evincit.
2135 2402 2194 2457 Si
2219 2403 2438 2472 faciunt,
2469 2403 2562 2467 ait,
2597 2402 2719 2472 quid
2744 2402 2866 2455 inde
2890 2400 3102 2472 perdis?
3129 2397 3492 2472 Causabaniur

1897 2474 2160 2545 quondam
2183 2467 2233 2526 et
2256 2475 2497 2542 apostoli.
2531 2467 2668 2544 qubd
2693 2467 3238 2595 periret'unguentum,
3272 2469 3364 2524 sed
3383 2467 3492 2523 Do-

1898 2545 2026 2595 mini
2049 2559 2168 2595 noce
2187 2544 2413 2595 correpti
2430 2555 2583 2595 sunt:
2608 2559 2770 2595 neque
2795 2544 2935 2595 enim
2995 2542 3199 2595 'hristus
3226 2538 3492 2595 indiaebat

1898 2538 2026 2598 mini
2049 2559 2168 2598 uoce
2187 2538 2413 2613 correpti
2430 2538 2553 2598 sunt
2565 2559 2583 2607 ;
2608 2538 2770 2616 neque
2795 2544 2935 2597 enim
2963 2538 3493 2616 Christus_indigebat

1899 2624 2182 2686 nnguento,
2227 2629 2320 2668 nec
2339 2610 2601 2685 martyres
2631 2610 2823 2686 lumine
2849 2628 3132 2686 cerebrum.
3187 2610 3265 2665 En
3296 2610 3492 2686 iterum

1900 2680 2175 2754 Vigilantii
2201 2700 2355 2754 mens
2382 2680 2655 2754 expressa.
2690 2683 2958 2740 Credebat
2996 2683 3084 2738 ille
3125 2697 3315 2737 cereos
3364 2680 3494 2754 ideo

1903 2751 2117 2810 incendi
2155 2771 2187 2809 a
2219 2751 2640 2826 fidelibusiquia
2666 2755 2866 2810 lumine
2887 2754 2980 2826 ilio
3002 2762 3267 2826 martyres
3289 2751 3494 2826 indige-

1905 2834 2118 2896 rent,_et
2128 2826 2258 2896 hinc
2286 2825 2431 2879 illum
2457 2823 2813 2896 Hieronymus
2829 2825 3039 2896 prolato
3054 2823 3304 2896 exemplo
3323 2823 3495 2896 incre-

1907 2903 2020 2968 pat.
2037 2894 2095 2950 Si
2110 2895 2374 2961 Christus,
2398 2896 2484 2968 cui
2509 2893 2765 2968 unguenti
2788 2893 2934 2952 nulla
2955 2903 3073 2968 erat
3097 2893 3408 2968 necessitas,
3428 2893 3496 2948 ιθ

1906 2963 2106 3022 ininam
2133 2975 2419 3036 ungentem
2439 2963 2692 3030 laudavit,
2707 2982 2804 3022 cur
2816 2975 2872 3022 et
2884 2981 2984 3021 nos
2995 2963 3358 3036 Christianum
3384 2980 3495 3018 non

1908 3035 2372 3100 commendemus,
2389 3039 2481 3107 qui
2505 3037 2826 3108 martyribus
2854 3037 3055 3091 lumine
3085 3035 3497 3108 haudquaquam

1908 3110 2070 3180 837
2097 3109 2379 3180 egentibus
2394 3105 2583 3180 cereos
2604 3105 2890 3180 accendit?
2914 3108 2983 3161 At
3011 3106 3306 3164 secundum
3332 3105 3499 3180 scien~

214 3178 316 3261 nim
345 3178 524 3242 minus
543 3178 1507 3261 quamin'terdiulampadesadhiberi
1529 3182 1798 3261 solebant.
1833 3197 1880 3261 ς
1913 3178 2058 3261 tiam
2074 3196 2180 3235 non
2211 3178 2434 3261 faciunt.
2475 3178 2644 3261 illud.
2670 3193 2856 3261 yerum
2882 3194 3081 3261 omne;
3111 3188 3303 3261 neque
3357 3179 3500 3261 enim

209 3260 325 3326 Quo
373 3273 507 3313 sane
554 3252 864 3326 expressius
901 3255 1036 3309 nihil
1081 3252 1308 3326 reperiri
1353 3261 1555 3326 potest;
1600 3252 1806 3326 Addam

208 3321 374 3384 etiam
419 3321 669 3382 Venantii
711 3325 1011 3387 Fortunati,
1061 3321 1161 3394 qui
1201 3340 1308 3378 uno
1355 3321 1478 3392 post
1523 3321 1806 3379 Paulinum

207 3400 395 3454 secqu
419 3397 620 3460 ﬂoruit,
651 3396 1038 3451 testimonium.
1066 3394 1330 3449 Describit
1352 3394 1440 3449 ille
1456 3394 1548 3449 lib.
1565 3410 1618 3459 v,
1637 3410 1803 3450 carm.

207 3468 260 3530 5,
291 3470 444 3524 diem
469 3467 661 3522 festum
685 3466 1050 3529 Ascensionis,
1082 3465 1514 3535 populorumque
1541 3465 1609 3519 ad
1640 3465 1808 3522 eccle-

206 3540 346 3594 siam
376 3552 725 3600 concursum,
758 3545 814 3591 et
832 3536 945 3590 ait:

336 3628 570 3690 Undique
593 3633 727 3690 rapta
753 3639 897 3690 manu
923 3625 1002 3674 lux
1029 3638 1177 3690 cerea
1199 3634 1430 3688 provocat
1449 3632 1601 3686 astra,

404 3689 588 3740 Credas
606 3687 661 3739 ut
681 3687 840 3737 stellis
862 3691 936 3736 ire
959 3687 1210 3738 trahendo
1221 3701 1400 3738 comas.

339 3751 558 3800 Lacteus
581 3753 691 3799 hinc
715 3752 839 3800 vesti
861 3751 994 3813 color
1015 3757 1108 3809 est,
1124 3750 1489 3813 hinclampade
1513 3749 1676 3813 fulgor

406 3813 627 3869 Ducitur,
655 3820 707 3861 et
730 3813 862 3862 vario
881 3811 1062 3860 lumine
1088 3812 1212 3874 picta
1231 3811 1353 3860 dies.

337 3875 482 3925 Inter
504 3874 821 3923 candelabros
845 3874 1062 3922 radiabat
1082 3882 1134 3923 et
1159 3875 1261 3934 ipse
1285 3875 1532 3924 sacerdos.

212 3959 374 4013 Nunc
402 3957 567 4012 armis
595 3955 811 4026 Baronii
835 3971 948 4010 rem
979 3968 1155 4026 agam.
1189 3953 1397 4010 Laudat
1421 3955 1510 4011 ille
1529 3956 1816 4026 Epiphanii

213 3968 374 4013 Nunc
402 3973 567 4012 armns
597 3968 811 4010 baronu
835 3971 948 4010 rem
979 3968 1155 4078 algam.
1189 3968 1397 4010 Laudat
1421 3968 1510 4011 ille
1529 3968 1816 4026 Epiphanii

213 4029 509 4109 epistn‘lam
539 4026 608 4080 ad
647 4024 950 4108 iohannem
975 4025 1266 4109 mierosol.
1517 4027 1682 4109 npisc.
1706 4027 1816 4109 :nbi

212 4095 290 4153 ait
315 4118 328 4151 :
364 4095 537 4162 Quum
566 4099 814 4150 venissem
855 4097 911 4149 in
941 4096 1115 4149 villam
1145 4112 1258 4166 qua:
1285 4095 1474 4150 dicitur
1503 4095 1812 4162 Arablatha,

210 4171 564 4238 vidissentque
591 4169 890 4237 praeteriens
919 4165 990 4220 ibi
1019 4165 1284 4238 lucernam
1313 4166 1600 4229 ardentem,
1647 4170 1817 4222 inter-

212 4236 724 4312 rogassemquequis
746 4240 887 4312 locus
904 4245 1068 4312 esset,
1089 4236 1480 4312 didicissemque
1512 4255 1625 4312 esse
1654 4240 1819 4312 ercie-

209 4306 379 4371 sitim,
404 4306 732 4363 ethAccidit
758 4308 814 4360 id
831 4307 1055 4378 quidem,
1084 4315 1143 4360 ut
1169 4307 1245 4378 ait
1261 4306 1541 4378 Baronius,
1566 4308 1814 4374 interdiu,

210 4399 339 4434 nam
379 4387 533 4432 noctu
569 4395 672 4432 non
700 4377 887 4450 mirum
918 4378 1107 4450 multas
1132 4377 1318 4450 vidisse
1340 4377 1524 4450 ubique
1553 4379 1814 4433 lucernas.

208 4452 452 4506 Constat
481 4457 659 4502 autem
705 4463 770 4502 ex
802 4446 1044 4517 pluribus
1085 4448 1321 4516 antiquis
1351 4446 1598 4506 Patribus
1627 4465 1820 4504 cereos

210 4518 482 4576 laudabili
522 4534 623 4572 usu
662 4518 714 4571 in
744 4517 956 4585 templis
977 4517 1221 4588 comburi
1251 4519 1461 4583 solitos,
1511 4519 1816 4588 quodipro-

1911 3259 2222 3306 sanctorum
2263 3250 2508 3305 beatitati
2556 3250 2850 3319 quidquam
2874 3249 3083 3306 confert
3107 3257 3378 3304 terrenum
3425 3248 3502 3301 lu~

1911 3337 2056 3376 men.
2087 3320 2193 3375 Sed
2243 3321 2373 3389 quid
2402 3320 2564 3374 inde?
2593 3319 2752 3374 Fides
2788 3321 3205 3377 accendentibus
3256 3319 3501 3388 prodest.

1913 3390 2518 3463 Quicumque,naitinfra
2549 3392 2796 3463 egregius
2842 3392 3053 3454 doctor,
3085 3389 3371 3463 accendunt
3422 3407 3506 3442 ce—

1914 3479 2047 3528 reos,
2079 3459 2360 3532 secundum
2407 3462 2564 3532 fidem
2591 3459 2742 3515 suam
2766 3462 2952 3516 habent
2975 3459 3505 3532 mercedem,_dicente

1912 3533 2162 3604 Apostolo
2191 3550 2216 3604 Δεῖ
2243 3530 2602 3604 unusquisque
2622 3533 2675 3604 in
2699 3548 2794 3586 suo
2815 3550 2969 3604 sensu
2987 3531 3236 3586 abundat.
3269 3530 3506 3604 Idolola-

1913 3602 2026 3674 iras
2046 3602 2277 3674 appellas
2308 3603 2604 3674 hujusmodi
2627 3603 2894 3658 homines?
2918 3603 3064 3659 Idem
3081 3603 3319 3656 etiamin
3347 3603 3507 3671 epist.

1914 3673 1982 3728 ad
2004 3672 2279 3742 Riparium
2309 3672 2523 3743 dixerat
2556 3692 2568 3726 :
2600 3674 2886 3728 Accensine
2914 3685 3035 3727 ante
3063 3673 3285 3727 tumulos
3306 3682 3508 3743 marty-

1916 3760 2034 3816 rum
2053 3745 2187 3816 cerei
2204 3742 2519 3816 idolglatriaa
2545 3745 2776 3816 insignia
2801 3745 2958 3798 sunt?
2986 3743 3166 3812 Pergit

1917 3815 2045 3883 tius,
2090 3823 2145 3869 et
2175 3814 2291 3869 hinc
2315 3812 2581 3869 Lactantii
2611 3812 2773 3869 verba
2818 3816 2911 3870 lib.
2946 3833 3016 3880 γι,
3049 3831 3169 3883 cap.

3245 3759 3370 3798 orro
3417 3743 3509 3797 0t-

3241 3815 3509 3868 .laudat.

1919 3882 2064 3938 Num
2084 3885 2243 3956 igitur
2272 3885 2456 3956 mentis
2492 3901 2600 3940 sua:
2627 3902 2836 3954 compos
2890 3882 3150 3956 putandus
3177 3895 3272 3948 est,
3305 3887 3390 3956 qui
3418 3901 3514 3937 au-

1918 3957 2050 4009 ctori
2105 3955 2154 4008 et
2196 3955 2367 4008 datori
2396 3955 2605 4009 luminis
2653 3955 2898 4010 candelas
2953 3973 3014 4008 ac
3042 3955 3512 4008 cereorum'lumen

1919 4026 2072 4095 offert
2099 4041 2192 4094 pro
2222 4026 2471 4079 munere?
2493 4027 2676 4094 aitque
2708 4026 2782 4096 ita
2813 4026 3036 4096 papistis
3061 4026 3421 4094 displicuisse,
3454 4033 3516 4078 ut

1919 4096 2060 4150 hanc
2088 4096 2513 4166 propositionem
2556 4098 2697 4152 inter
2722 4095 2986 4151 Lactantii
3020 4110 3234 4150 errores
3263 4109 3515 4166 numera-

1919 4167 2049 4233 rint,
2079 4164 2406 4234 causamque
2434 4166 2710 4233 gentilium
2740 4176 2928 4222 contra
2957 4166 3234 4220 doctorem
3255 4164 3516 4222 Christia-

1919 4253 2048 4293 num
2097 4235 2402 4291 defendant.
2437 4237 2576 4291 Sunt
2621 4237 2856 4293 illustres
2911 4237 3194 4293 calumnia!
3244 4237 3431 4305 ignaro
3459 4237 3517 4290 in

1923 4322 2023 4362 nos
2069 4306 2292 4362 brachio
2321 4307 2555 4362 intortae.
2589 4307 2758 4363 Nemo
2795 4309 2936 4363 inter
2974 4308 3119 4376 ipsos
3151 4307 3518 4362 heterodoxos

1922 4378 2150 4448 habetur
2192 4379 2284 4448 qui
2321 4378 2504 4448 plures
2535 4379 2587 4432 in
2619 4377 2902 4435 Lactantio
2950 4393 3129 4434 naevos
3173 4394 3281 4433 non
3321 4392 3518 4446 agnos-

1923 4456 2032 4505 cat.
2073 4447 2175 4516 Qui
2204 4447 2478 4517 graviores
2499 4449 2682 4520 lapsus
2711 4460 2794 4505 est
2821 4451 2872 4504 in
2903 4464 3136 4512 errores,
3171 4449 3225 4502 in
3248 4449 3517 4520 minorem

1925 4520 2070 4575 hunc
2085 4535 2255 4592 ruere
2279 4521 2472 4588 potuit.
2504 4518 2609 4575 Séd
2632 4535 2809 4592 neque
2832 4536 3056 4576 censura
3080 4521 3167 4592 hic
3196 4521 3388 4592 dignus
3409 4518 3517 4592 La-

210 4593 352 4646 bare
379 4603 773 4659 supervacuum
800 4581 960 4642 foret.
986 4586 1200 4659 Repetit
1222 4597 1401 4643 tamen
1421 4581 1599 4645 0ttius
1629 4581 1824 4644 Hiero.-
1847 4581 1903 4643 D
1927 4590 2182 4656 ctantius,
2239 4581 2298 4644 ui
2350 4605 2564 4646 mecum
2606 4581 2798 4647 omnes
2843 4591 3188 4647 consentient
3242 4581 3518 4656 catholici,

209 4662 375 4734 nynii
406 4658 756 4714 autoritatem
783 4658 1166 4734 ab_Annalium
1209 4669 1433 4734 parente
1461 4661 1593 4715 satis
1621 4660 1821 4734 ibidem

209 4728 588 4802 explicatam,
627 4736 790 4798 atque
818 4728 905 4802 hic
931 4729 1191 4802 integram
1214 4729 1453 4802 victoriae
1481 4747 1632 4801 spem
1661 4731 1821 4802 sistit.

212 4794 415 4873 lnquit
467 4798 526 4855 S.
558 4794 751 4873 doctor
780 4798 988 4873 advers.
1023 4797 1274 4873 Vigilant.
1335 4794 1526 4856 Πειριοὲ
1550 4818 1655 4873 non
1678 4794 1826 4855 clara

208 4869 335 4951 tune
369 4869 720 4951 accendimus,
762 4872 893 4951 sient
915 4871 1113 4951 frustra
1141 4869 1507 4951 calumniaris,_
1535 4871 1626 4951 sed
1645 4880 1700 4924 ut
1723 4888 1823 4951 no-_

209 4944 320 4998 etis
371 4939 608 4996 tenebras
644 4941 740 5012 hoc
772 4939 960 5012 solutio
983 4949 1342 5012 temperemus,
1370 4950 1422 4995 et
1459 4941 1726 5012 vigilemus
1753 4941 1824 4995 ad

210 5017 427 5078 lumen,
451 5027 516 5064 ne
545 5009 671 5064 caci
701 5018 864 5062 tecum
889 5010 1205 5063 dormiamus
1235 5013 1289 5064 in
1310 5009 1551 5066 tenebrii.
1600 5012 1750 5077 Quod
1779 5013 1827 5066 si

210 5084 417 5155 aliqui,
450 5090 659 5155 propter
675 5081 993 5155 imperitiam
1019 5087 1070 5132 et
1089 5080 1472 5155 simplicitatem
1514 5085 1826 5155 secularium

213 5151 524 5216 hominum,
555 5151 633 5204 vel
653 5159 790 5225 certe
817 5151 1181 5225 religiqsarunt
1209 5151 1538 5225 feminarum,
1563 5153 1828 5225 dequibus
1852 5160 1860 5169 '

211 5242 347 5279 vere
401 5237 682 5293 possumus
711 5220 885 5274 dicere
911 5220 930 5274 Ξ
961 5220 1243 5293 Conﬁteor,
1289 5224 1454 5277 zelum
1492 5221 1590 5276 Dei
1618 5220 1827 5288 habent,

212 5296 319 5350 sed
355 5291 771 5368 nensecundum
799 5291 1358 5368 scie‘ntiam.‘_an_pro
1401 5294 1596 5368 honnre
1633 5304 1831 5368 marty-

213 5381 350 5419 rum
389 5365 607 5434 faciunt,
646 5361 769 5432 quid
814 5361 936 5434 inde
981 5362 1196 5431 perdis?
1242 5361 1443 5418 Verum
1471 5363 1559 5434 hic
1586 5361 1830 5434 animad-

211 5431 566 5492 vertendum
609 5431 808 5502 negare
847 5431 1233 5502 Hieronymum
1263 5449 1371 5488 non
1397 5433 1638 5502 potuisse
1683 5433 1832 5487 diur-

215 5521 368 5562 nam
406 5500 1104 5568 cereorum'accensionem,
1134 5518 1300 5572 quum
1328 5503 1382 5558 id
1400 5500 1528 5558 etin
1543 5500 1834 5559 Occidente

215 5587 282 5634 et
314 5574 718 5646 Hierosolymis
746 5573 799 5646 in
828 5590 928 5646 usu
950 5574 1112 5629 fuisse
1131 5588 1303 5646 supra
1335 5573 1672 5646 exploratum
1693 5572 1835 5646 effe-

216 5647 504 5711 cerimus,
537 5643 596 5700 et
621 5645 734 5715 ipse
763 5644 960 5700 ibidem
989 5646 1102 5700 haec
1130 5643 1442 5699 habetzPer
1457 5653 1591 5700 totas
1608 5643 1837 5715 Orientis

218 5717 518 5781 ecclesias,
550 5714 755 5785 quando
787 5715 1054 5785 legendum
1081 5725 1158 5769 est
1181 5715 1522 5786 evangelium,
1546 5714 1839 5786 accendun-

223 5799 323 5843 tur
350 5787 644 5858 (sentinaria
666 5786 781 5858 jam
805 5787 912 5840 sole
934 5787 1194 5848 rutilante,
1227 5785 1330 5858 non
1349 5787 1521 5858 utique
1546 5785 1618 5839 ad
1647 5788 1839 5858 fugan—

225 5860 341 5913 da:
382 5854 645 5921 tenebras,
691 5857 782 5910 sed
810 5858 878 5909 ad
904 5858 1112 5929 signum
1135 5857 1333 5914 latitia
1359 5854 1841 5914 “castrandum.

479 5949 747 6010 Paeon.
801 5949 961 6010 LXI.

1929 4661 2060 4730 quin
2088 4660 2268 4731 potius
2294 4659 2409 4729 ejus
2435 4677 2689 4718 censores
2717 4661 3032 4732 castigandi.
3061 4662 3183 4731 Agit
3205 4661 3294 4716 ille
3318 4663 3370 4715 in
3399 4663 3521 4716 eth-

1930 4732 2106 4798 nicos,
2136 4745 2430 4801 eorumque
2458 4733 2753 4788 aecitatem
2782 4733 2972 4788 validis
2999 4733 3201 4802 excipit
3229 4747 3520 4800 argumen-

1931 4802 2120 4873 tis;_ea
2144 4803 2286 4856 enim
2311 4802 2457 4873 ducti
2488 4803 2600 4858 Deo
2621 4813 2894 4873 tamquam
2926 4804 2980 4857 iu
3015 4803 3246 4872 caligine
3261 4805 3377 4873 rsito
3432 4803 3517 4856 lu-

1931 4871 2272 4942 minibusque
2325 4872 2584 4942 indigenti
2632 4871 2914 4930 cerebrum
2964 4871 3144 4928 lumen
3194 4872 3516 4929 offerebant.

1931 4940 2010 4996 En
2030 4940 2218 5015 aperta
2249 4940 2512 5015 Lactantii
2541 4945 2705 5000 verba
2732 4963 2744 4998 :
2777 4944 3014 4999 Mactant
3054 4946 3213 5015 igitur
3232 4947 3432 5015 apimas
3461 4961 3524 4997 ac

1934 5016 2147 5083 pingues
2170 5012 2364 5088 hostias
2402 5013 2524 5088 _l)eo
2552 5018 2698 5088 quasi
2746 5017 3024 5088 esurienti;
3055 5012 3378 5088 profundunt
3405 5015 3525 5088 vina

1932 5083 2448 5155 tamquamsitienti;
2477 5083 2787 5155 accendunt
2829 5086 3026 5139 lumina
3048 5083 3181 5155 velut
3208 5086 3262 5138 in
3298 5083 3526 5137 tenebris

1931 5152 2135 5226 agenti.
2155 5152 2210 5206 Id
2249 5153 2409 5226 etiam
2441 5153 2559 5226 aliis
2579 5156 2829 5226 inculcat,
2855 5171 2975 5226 quae
2999 5153 3141 5226 apud
3157 5155 3417 5226 _eu_mdem
3443 5156 3524 5208 vi-

1931 5222 2061 5279 dere
2104 5223 2248 5294 licet.
2295 5223 2351 5276 Si
2382 5238 2411 5275 a
2453 5225 2772 5294 quibusdam
2822 5222 3080 5280 e’nostris
3115 5224 3203 5278 hic
3222 5222 3528 5279 Firmianus

1934 5295 2196 5362 carpitur,
2228 5293 2316 5348 hic
2363 5293 2730 5362 ipsi’ccnsura
2759 5311 2818 5350 se
2858 5295 3119 5350 exhibent
3147 5295 3360 5362 dignos,
3388 5295 3530 5349 utin

1937 5361 2056 5418 aliis
2087 5381 2194 5418 non
2221 5361 2405 5433 paucis
2432 5379 2491 5419 se
2532 5365 2826 5420 exhibuere
2873 5365 3182 5420 testimonio
3213 5361 3527 5420 ’Possevini.

1937 5433 2055 5488 Non
2084 5434 2318 5489 difiiteor
2339 5443 2518 5489 tamen
2548 5437 2673 5490 hinc
2701 5436 2858 5490 alicui
2881 5435 3138 5490 hxeretico
3167 5449 3358 5488 ansam
3399 5451 3534 5504 prae-

1938 5505 2056 5586 beri
2095 5520 2279 5586 pnsse‘
2299 5505 2631 5586 catholicum
2675 5521 2953 5586 cereorum
2996 5505 3531 5586 usumﬂimpetendi.

1944 5574 2054 5631 Sed
2071 5574 2370 5630 videautilli
2386 5593 2454 5630 an
2476 5575 2681 5633 eisdem
2705 5578 2757 5631 in
2785 5593 2885 5632 nos
2919 5576 3270 5632 mucronibus
3288 5574 3536 5644 pugnent

1944 5647 2139 5716 quibus
2161 5646 2216 5700 in
2235 5647 2461 5714 gentiles
2482 5647 2755 5704 ferebatur
2779 5647 3112 5704 Lactantius.
3146 5646 3254 5702 Nos
3282 5646 3414 5710 Deo,
3446 5647 3533 5702 iu-

1947 5718 2340 5788 minumnpatri,
2372 5718 2573 5773 lumina
2603 5717 2881 5776 offerimus
2910 5719 3135 5776 honoris
3183 5718 3378 5788 gratia,
3423 5733 3536 5788 non

1949 5794 2011 5842 ut
2040 5787 2113 5860 ab
2127 5786 2243 5856 ejus
2269 5788 2441 5860 oculis
2491 5789 2775 5860 caliginem
2819 5789 3173 5860 depellamus.
3195 5786 3313 5860 Hoc
3336 5789 3390 5844 in
3427 5787 3534 5860 Las

1951 5858 2154 5915 ctantio
2198 5858 2378 5928 potius
2431 5859 2799 5917 excusandum
2845 5858 3007 5931 quam
3059 5859 3414 5930 arguentium,
3440 5859 3537 5930 qui

3061 5950 3142 6012 ‘26
