4006 6350
539 333 644 403 ars

1649 343 1989 401 APPENDIX
2027 341 2307 400 OPERUM
2345 344 2401 400 S.
2446 337 2740 400 PAULlNl.

3707 343 3818 399 8l6

539 479 648 520 non
675 476 875 534 paucos
901 458 1322 534 receptumfuit,
1354 467 1414 514 ut
1441 461 1581 516 intra
1612 461 1755 534 ipsas
1783 461 2117 534 tumularen-
2145 463 2197 523 Α
2223 473 2325 534 ego
2354 475 2461 515 non
2493 468 2600 514 tam
2638 459 2784 534 quod
2814 456 3192 534 haereticorum
3221 455 3544 534 calumniam
3594 469 3817 514 everte-

540 545 626 591 tur
653 530 921 590 basilicas.
953 530 1157 598 Quibus
1185 530 1464 600 hucusque
1493 530 1756 588 enarratis
1785 533 1827 588 si
1849 532 2115 587 calculum

540 615 688 661 tuum
743 619 842 675 pro
885 617 1092 657 summa
1140 616 1246 672 qua
1273 601 1447 672 polles
1485 603 1787 659 eruditione
1825 602 2111 667 addideris,

2221 526 2342 595 riin,
2384 546 2545 600 quam
2600 526 2744 600 quod
2790 529 2885 584 tibi
2927 527 3240 598 placuerint,
3291 526 3422 582 mihi
3468 543 3822 600 summopere

2224 601 2488 685 gaudebo.
2521 600 2674 657 Vale.

1250 831 2027 922 DISSERTATIO
2105 833 2567 917 DECIMA
2645 831 3154 918 OCTAVA.

1498 977 1602 1025 AD
1649 975 1909 1026 SANO'I'I
1958 976 2254 1026 PAULINI
2303 978 2662 1028 NA'I'ALEM
2713 978 2838 1028 ιιι.

539 1088 621 1146 De
655 1089 782 1145 votis
811 1089 1086 1159 votivisque
1111 1085 1524 1159 Christianorum
1549 1081 1889 1159 oblationibus
1919 1085 1972 1138 in
1997 1101 2124 1139 san-

915 1157 1112 1213 ctorum
1148 1157 1526 1211 uenerationem
1565 1157 1736 1227 factis.

609 1262 691 1333 Ad
711 1263 778 1333 cl.
811 1262 986 1333 virum
1015 1259 1072 1333 P.
1095 1258 1454 1333 _Guillelmum
1492 1255 1730 1326 Bonjour
1755 1256 1883 1311 0rd.
1915 1255 2124 1314 Eremi-

539 1330 716 1389 tarum
737 1332 794 1386 S.
829 1330 1130 1400 Augustini.

609 1435 920 1490 Oblationes
947 1448 1082 1503 quas
1109 1430 1267 1503 alicui
1295 1437 1484 1503 sancto
1526 1429 1651 1503 voti
1668 1430 1946 1503 culiusque
1965 1445 2126 1503 causa

539 1505 839 1562 catholicus
868 1499 1095 1573 populus
1122 1501 1266 1556 dicat
1295 1499 1569 1573 irridebat
1585 1500 1710 1573 ollim
1743 1499 1997 1556 Erasmus
2045 1501 2125 1556 vir

539 1577 708 1632 multa
727 1570 1028 1631 eruditione
1041 1573 1305 1642 petulans,
1321 1578 1376 1642 et
1389 1570 1456 1624 de
1475 1570 1736 1642 religione
1751 1586 1939 1642 parum
1961 1587 2129 1640 quan-

539 1648 718 1718 doque
745 1639 1159 1718 bene_meritu_s.
1181 1643 1239 1696 ln
1256 1641 1562 1718 colloquio,
1593 1641 1738 1710 quod
1756 1639 2126 1718 Naufragium

536 1711 871 1783 inscribitur,
897 1715 1040 1769 hunc
1066 1714 1215 1784 pium
1254 1711 1506 1784 Ecclesiae
1536 1725 1742 1766 morem
1770 1711 2002 1782 carpere
2038 1713 2124 1766 in-

537 1789 733 1854 stituit,
766 1785 907 1856 apud
937 1782 1296 1856 subsequutos
1324 1782 1607 1836 haereticos
1646 1796 1753 1856 non
1777 1796 2121 1856 parumugra-

2233 1086 2509 1157 relinquo;
2560 1102 2669 1141 non
2698 1087 2844 1157 enim,
2881 1094 3344 1157 tantamimessem
3371 1085 3505 1142 mihi
3533 1088 3826 1157 proposui.

2232 1155 2453 1228 Factum
2483 1157 2665 1228 igitur,
2697 1173 2802 1212 non
2827 1156 2916 1226 jus
2962 1157 3067 1212 hoc
3090 1155 3211 1214 loco
3249 1155 3568 1228 quaerimus;
3594 1155 3651 1212 et
3685 1175 3833 1215 con-

2234 1227 2409 1283 festim
2429 1226 2653 1297 hujusce
2673 1227 2750 1282 rei
2779 1227 3084 1283 luculentus
3109 1227 3354 1284 adsertor
3376 1226 3630 1284 Paulinus
3658 1243 3828 1286 acce-

2233 1299 2313 1354 dit
2338 1299 2394 1353 in
2420 1297 2543 1354 Nat.
2572 1315 2666 1365 xu,
2699 1297 2774 1353 ita
2804 1298 3034 1368 loquens
3068 1317 3082 1352 :

2324 1389 2546 1452 Yenerat
2567 1389 2661 1452 huc
2681 1391 2875 1452 quidam
2896 1389 3125 1450 placitum
3145 1388 3237 1438 sibi
3261 1388 3460 1440 solvere
3479 1394 3642 1440 votum

2328 1451 2474 1501 Urbis
2492 1451 2733 1502 Abellinas
2752 1454 2816 1502 de
2841 1453 3016 1501 linibus
3039 1452 3225 1500 advena
3250 1452 3426 1501 nostris

2324 1513 2550 1563 Sedibus.
2580 1513 2884 1576 llicyoreum
2907 1514 3070 1576 studio
3090 1522 3293 1563 curante
3319 1519 3538 1573 paratum

2327 1576 2636 1639 l_)ilatumque
2657 1575 2766 1639 diu,
2781 1584 2840 1639 ut
2863 1575 3003 1639 simul
3027 1577 3166 1624 anuis
3185 1582 3333 1637 atque
3355 1577 3521 1638 sagina

2325 1637 2604 1695 Cresceret,
2626 1638 2720 1687 huc
2741 1638 2857 1687 illuc
2882 1638 3207 1699 perduxerat;
3231 1645 3380 1699 atque
3403 1639 3484 1686 ubi
3509 1637 3664 1694 venit,

2330 1700 2518 1761 Pingue
2543 1713 2692 1761 pecus
2713 1702 2810 1750 voti
2831 1699 3022 1761 jugulat
3041 1699 3106 1747 de
3129 1711 3266 1746 more
3287 1706 3568 1748 voventum.

2228 1779 2369 1852 Ecce
2389 1797 2548 1851 quam
2579 1783 2778 1852 apertis
2823 1782 3004 1838 verbis
3047 1782 3326 1852 antiquum
3379 1797 3568 1838 eorum
3607 1797 3830 1838 morem

541 1859 628 1919 tiae
664 1850 861 1913 idcirco
880 1863 1088 1910 nactus.
1115 1850 1314 1924 Verum
1338 1860 1544 1924 tantam
1567 1850 1916 1909 maledicendi
1947 1853 2124 1908 libidi-
2151 1863 2201 1924 Β
2227 1853 2318 1924 qui
2344 1850 2455 1924 Deo
2485 1852 2540 1906 in
2579 1850 2842 1924 honorem
2895 1850 3206 1924 sanctorum
3252 1861 3385 1924 vota
3429 1855 3832 1924 nuncupabant

541 1944 666 1984 nem
687 1927 864 1983 allatis
891 1934 1132 1995 veterum
1169 1923 1391 1995 Patrum
1421 1922 1766 1995 testimoniis,
1797 1940 1862 1978 ac
1887 1939 1995 1978 uno
2024 1939 2122 1995 po-
2152 1921 2190 1924 ”
2227 1921 2318 1978 hic
2344 1922 2544 1978 indicat
2572 1923 2806 1994 scriptor
2823 1931 3026 1979 noster.
3059 1923 3278 1995 Repetit
3305 1923 3476 1980 infra:

542 1999 806 2054 tissimum
835 1997 1004 2052 sancti
1030 1994 1238 2049 Paulini
1265 1993 1485 2049 oraculo
1524 1992 1710 2058 fretus,
1744 2009 1919 2063 neque
1948 1992 2126 2048 brevi-

540 2068 688 2133 tatis,
721 2082 895 2136 neque
918 2066 1196 2121 modestiae
1225 2065 1452 2136 oblitus,
1479 2063 1770 2136 retundere
1797 2065 1979 2136 statui,
2011 2073 2125 2120 tum

543 2148 602 2194 ut
647 2134 936 2201 caluninia,
964 2152 1126 2207 quam
1186 2135 1532 2207 novatoribus
1586 2134 1859 2207 hodiernis
1912 2136 2128 2204 placere

543 2209 723 2274 video,
754 2223 864 2263 uno
886 2205 998 2262 ictu
1021 2205 1378 2267 confodiatur,
1412 2213 1524 2259 tum
1545 2206 1709 2274 etiam
1735 2214 1796 2260 ut
1819 2216 2126 2260 sanctorum

541 2273 718 2336 cultus
745 2287 989 2335 veterum
1018 2277 1240 2332 Patrum
1289 2275 1580 2332 autoritate
1623 2273 1812 2330 fortius
1841 2276 2128 2331 confirme-

541 2359 650 2406 tur.
668 2349 788 2404 Tibi
815 2364 965 2414 vero,
995 2349 1290 2404 clarissime
1320 2345 1580 2414 Bonjour,
1610 2345 1826 2400 brevem
1856 2346 1998 2400 hanc
2019 2346 2128 2400 dis-

543 2421 890 2490 quisitionem
936 2417 1271 2474 oll'erendam
1321 2415 1532 2490 censui,
1566 2423 1625 2490 ut
1670 2417 1810 2487 apud
1856 2416 2129 2490 litterariye

541 2482 707 2564 “3
735 2491 872 2561 τεῖρ’
902 2491 1137 2564 ωηΨῷ
1182 2486 1518 2564 Ρθτδνίβυυπι
1551 2482 1661 2564 ,βίὲί
1705 2482 1914 2557 ἶιυωιιο
1951 2487 2130 2543 studio

544 2555 853 2631 quantaque
881 2559 1044 2614 animi
1065 2555 1412 2631 observantia
1421 2555 1792 2631 eruditionem
1835 2572 2132 2631 prosequar

546 2626 714 2687 tuam.
751 2626 853 2686 Ubi
881 2631 1023 2685 enim
1054 2629 1251 2698 prodiit
1279 2636 1369 2681 tua
1400 2627 1491 2682 illa
1513 2626 1852 2698 Dissertatio,
1873 2643 2034 2696 quam
2063 2628 2132 2683 de

543 2701 765 2772 Josephi
787 2696 1072 2772 castissimi
1098 2701 1196 2772 viri
1217 2699 1364 2754 cultu
1391 2698 1490 2753 sub
1505 2696 1776 2772 Serapidis
1803 2700 2021 2772 nomine
2048 2698 2131 2772 in-

544 2765 784 2836 stituisti,
818 2779 876 2825 et
900 2771 986 2825 cui
1007 2769 1289 2824 Paulinum
1320 2783 1537 2837 quoque
1566 2765 1830 2822 Nolanum
1857 2768 2128 2838 subscrip-

546 2845 681 2899 sisse
710 2841 992 2910 intelliges,
1008 2842 1266 2896 continuo
1287 2839 1338 2910 in
1360 2851 1607 2907 magnam
1623 2839 1698 2892 tui
1721 2839 2130 2910 admirationem

547 2912 622 2969 fui
651 2921 854 2984 raptus.
886 2908 954 2965 Et
1002 2911 1161 2984 plane
1207 2908 1337 2978 quid
1367 2923 1398 2962 a
1445 2917 1500 2963 te
1533 2909 1996 2984 sperandum_non
2025 2916 2130 2984 est,

545 2977 730 3053 quum'
759 2983 827 3037 ad
866 2977 1186 3053 maturiores
1215 2977 1386 3053 annos
1425 2977 2131 3053 pervenerisrsilllorentis-

545 3049 680 3109 sima
699 3061 859 3108 aetate
896 3051 1033 3106 adeo
1073 3049 1714 3120 philologicis’doctrinis
1768 3050 2030 3104 imbutum
2077 3056 2134 3105 te

549 3123 865 3195 prodidisti?
892 3119 1088 3175 Parum
1127 3129 1307 3195 tamen
1337 3120 1442 3195 hoc
1469 3119 1598 3195 tibi_
1618 3119 1798 3195 laudis
1840 3120 2133 3195 fuisset,_ni

547 3190 829 3251 scientiam
857 3200 1005 3246 tuam
1025 3190 1285 3246 modestia
1310 3191 1472 3244 etiam
1493 3205 1557 3245 ac
1583 3191 1916 3245 humanitate
1937 3191 2132 3246 clario-

547 3280 664 3320 rem
685 3262 971 3320 ellecisses.
1014 3259 1084 3316 Et
1110 3261 1201 3316 illa
1241 3258 1458 3332 quidem
1485 3276 1628 3315 nunc
1650 3269 1731 3315 est
1751 3277 1870 3332 qua:
1897 3276 1985 3316 me
2013 3262 2130 3315 lau-

554 3337 712 3391 dibus
738 3334 845 3388 tuis
873 3347 1097 3403 parcere
1143 3332 1315 3402 cogit;
1347 3330 1473 3403 hzee
1508 3345 1639 3403 vero
1665 3330 1789 3400 quai
1811 3332 1947 3403 meis
1985 3333 2134 3389 hisce

549 3401 1094 3461 commentationibus
1139 3403 1379 3457 animum
1408 3401 1764 3472 fiduciamque
1801 3402 1870 3458 ad
1895 3411 1948 3457 te
1977 3417 2134 3457 acce-

549 3477 708 3532 dendi
727 3476 874 3531 fecit.
903 3473 1012 3529 Sed
1026 3473 1139 3542 jam
1165 3473 1440 3543 proposita
1479 3471 1816 3543 impleamus.
1842 3473 2013 3527 Varia:
2033 3488 2132 3527 an-

549 3548 773 3617 tiquitus
819 3544 942 3617 fieri
984 3541 1234 3617 selebant
1261 3541 1585 3617 oblationes.
1615 3541 1748 3617 Alia:
1798 3543 1943 3617 enim
1981 3545 2135 3611 panis

549 3612 725 3682 erant,
749 3633 813 3672 ac
840 3616 1118 3684 vini,‘qu:e
1145 3615 1200 3668 in
1227 3629 1381 3684 usum
1397 3613 1680 3684 {incruenti
1696 3612 1942 3668 sacrificii
1961 3622 2135 3670 trans-

550 3690 876 3749 ferebantur,
907 3693 964 3740 et
978 3683 1044 3740 de
1068 3685 1173 3739 illis
1200 3683 1488 3739 concilium
1527 3683 1915 3738 Matisconense
1942 3700 2135 3738 secun-

549 3760 693 3823 dum,
727 3773 847 3827 cap.
897 3755 951 3827 4,
979 3757 1056 3810 ait
1087 3773 1100 3808 :
1134 3754 1422 3827 PrOpterea
1453 3754 1772 3827 decernimus
1821 3765 1877 3807 ut
1901 3753 2134 3827 omnibus

549 3824 820 3884 dominicis
851 3825 1028 3882 diebus
1048 3827 1234 3882 altaris
1249 3824 1452 3880 ablatio
1471 3825 1536 3878 ab
1557 3824 1793 3878 omnibus
1819 3826 1943 3878 viris
1962 3832 2010 3877 et
2030 3841 2136 3878 mu-

550 3899 755 3955 lieribus
783 3899 1030 3968 offeratur
1062 3906 1166 3952 tam
1185 3897 1339 3968 panis
1361 3911 1514 3968 quant
1537 3896 1658 3950 vini.
1687 3894 1986 3968 Cyprianus
2008 3909 2138 3968 quo-

549 3987 653 4039 que
679 3971 774 4025 lib.
815 3964 891 4024 de
936 3965 1113 4039 Qpere
1139 3973 1195 4039 e_t
1220 3964 1453 4039 Eleem._,
1466 3964 1824 4039 Augustinus,
1875 3981 1972 4020 seu
2000 3965 2137 4039 alius

549 4034 705 4097 autor
731 4055 892 4095 serm.
926 4034 1032 4092 215
1054 4037 1122 4094 de
1151 4035 1364 4108 Temp.,
1395 4034 1598 4108 Eligius
1624 4035 1870 4108 Noviom_.
1894 4043 2052 4108 traci.
2069 4035 2138 4091 de

549 4110 816 4167 Rectitud.
842 4109 1040 4165 cathol.
1059 4104 1305 4164 conversi
1330 4116 1462 4162 tom.
1483 4105 1523 4172 l,
1541 4107 1821 4175 Augustin.
1841 4105 1987 4161 Bona
2005 4104 2134 4161 Rer.

549 4181 752 4251 Liturg.
798 4181 889 4235 lib.
925 4197 941 4234 ι
969 4198 984 4246 ;
1017 4196 1138 4248 cap.
1163 4177 1253 4243 25,
1285 4177 1480 4251 aliique
1511 4192 1619 4232 non
1656 4177 1815 4251 pauci
1835 4176 2138 4251 istiusmodi

549 4246 754 4308 rnorem
779 4246 1293 4306 commemoraruut.
1326 4247 1458 4302 Aliae
1503 4246 1672 4302 erant
1686 4247 1985 4302 oblationes
2030 4246 2137 4301 olei

550 4331 642 4377 aut
669 4336 807 4378 cerae
835 4321 902 4375 ad
932 4317 1351 4388 luminariatde
1378 4318 1571 4386 quibus
1618 4325 1814 4388 praster
1861 4316 2138 4388 laudatum

551 4402 795 4448 autorem
815 4406 978 4444 serm.
1008 4387 1114 4441 215
1134 4389 1202 4442 de
1236 4385 1424 4457 Temp.
1455 4385 1691 4457 loquitur
1714 4403 1910 4443 canon.
1941 4385 1976 4439 4
2001 4402 2137 4457 apo-

553 4463 814 4536 stolorum
832 4462 890 4536 in
915 4461 1030 4536 haec
1047 4459 1210 4514 verba
1230 4476 1248 4536 _:
1279 4465 1352 4518 Μή
1379 4460 1484 4536 ἐξρν
1501 4459 1563 4536 fit
1589 4459 2140 4536 ἔστῳπροσάςγεσθᾳὶτι

553 4535 721 4610 ἕτςρᾳν
749 4534 878 4610 πρὸς
902 4535 960 4586 τὸ
989 4533 1350 4604 θυσιαστήριον
1375 4573 1409 4610 ,.
1430 4529 1473 4610 ἦ·
1490 4528 1659 4584 ἔλαιον
1681 4533 1750 4590 εἰς
1774 4528 1869 4589 his
1896 4528 2134 4610 λυχχίαν,

554 4551 721 4608 rapo»
749 4554 878 4610 προς
902 4553 960 4586 το
989 4551 1350 4604 υνσιαστηρισν
1375 4573 1389 4595 ,
1430 4552 1460 4588 η
1490 4551 1659 4584 emtor
1681 4551 1750 4590 εις
1779 4551 1869 4589 την
1898 4551 2001 4654 mg

554 4607 636 4657 καὶ
681 4606 912 4675 Θυμίαμᾳ
955 4610 1027 4674 τῷ
1082 4608 1241 4675 arripi?»
1269 4600 1538 4675 “(irae/ia;
1584 4608 1900 4675 npoapopaic.
1946 4671 1957 4675 _

554 4681 726 4727 autem
743 4669 857 4729 ἠοή
879 4669 1036 4726 liceat
1061 4669 1302 4724 aliudad
1331 4669 1497 4725 altare
1520 4669 1672 4742 quain
1701 4669 1868 4742 oleum
1886 4671 1957 4742 ad
1983 4670 2137 4724 lumi-

553 4760 703 4806 nare,
727 4751 778 4798 et
804 4746 1068 4798 incensum
1116 4749 1340 4808 tempore
1366 4740 1540 4795 sacra!
1557 4740 1848 4794 oblationis.
1878 4741 2010 4795 Alite
2046 4757 2136 4795 sa-

555 4829 773 4870 crorum
818 4827 1093 4874 vasorum,
1123 4811 1352 4864 vestium
1390 4827 1453 4864 ac
1493 4819 1933 4866 ornamentorum
1989 4810 2141 4865 fuere

554 4884 879 4948 oblationes,
898 4898 1032 4953 quas
1055 4879 1228 4953 Gneci
1259 4884 1554 4953 ἀναθήματα
1584 4889 1886 4953 vocant,_et
1928 4879 2000 4953 de
2026 4880 2140 4953 qui-

556 4957 655 5010 bus
682 4949 935 5009 omniunf
971 4952 1242 5007 uberrime
1273 4949 1584 5006 Anastasius
1614 4951 1892 5015 Biblioth.,
1915 4949 2142 5007 Coccius

557 5037 688 5080 tom.
713 5023 778 5091 ll,
807 5025 900 5080 lib.
923 5038 998 5091 vx,
1025 5032 1127 5077 art.
1164 5019 1250 5091 l5,
1279 5029 1336 5076 et
1365 5019 1688 5091 Raynaudus
1717 5021 1986 5076 lletcrocl.
2011 5019 2137 5091 Spi-

557 5098 646 5150 rit.
676 5087 810 5152 sect.
843 5095 900 5162 2,
921 5087 1121 5166 puncto
1153 5087 1205 5156 5,
1239 5092 1406 5166 verba
1431 5087 1649 5166 faciunt.
1677 5091 1834 5147 Aliud
1861 5087 2138 5166 postremo

556 5160 891 5223 oblationum
922 5160 1112 5234 'genus
1140 5179 1238 5218 nos
1265 5161 1425 5234 docet
1455 5160 1722 5234 Paulinus,
1737 5176 1892 5234 “quae
1938 5162 2139 5216 sanctis

552 5252 626 5292 ex
664 5245 795 5293 voto
823 5246 917 5292 aut
943 5231 1294 5290 veneratione
1321 5231 1700 5288 ollerebantur.
1732 5231 1826 5287 Hac
1854 5239 2034 5287 autem
2070 5246 2139 5286 ex

551 5307 720 5363 rebus
747 5309 1172 5378 quibuscumque
1200 5304 1540 5378 constabant,
1588 5302 1912 5378 ut‘omnium
1956 5301 2141 5378 pietati

557 5394 616 5434 se
665 5372 1106 5434 accommodaret
1143 5382 1329 5443 sancta
1370 5373 1578 5444 religio.
1631 5373 1838 5444 ,Divites
1887 5372 2142 5443 opulenta

551 5449 731 5531 dona;
754 5462 1019 5531 pauperes
1039 5445 1184 5526 quod
1209 5444 1343 5531 sibi,
1357 5443 1604 5531 pusillum
1619 5443 2141 5531 lic'ettsuppetebjat,

551 5511 844 5575 beatorum
863 5511 921 5574 in
949 5511 1267 5586 obsequium
1288 5511 1659 5586 conferebant.
1687 5511 1878 5582 Neque
1900 5511 2012 5568 hare
2039 5512 2139 5568 do-

559 5591 713 5645 naria
733 5597 862 5645 voto
875 5583 1150 5652 carebant;
1175 5594 1233 5640 ut
1247 5585 1390 5640 enim
1405 5583 1630 5653 quisque
1650 5593 1958 5639 sanctorum
1980 5599 2139 5653 opem

561 5661 630 5714 ad
660 5660 962 5730 elfugienda
1005 5657 1243 5729 pericula
1274 5653 1612 5730 implorabat,
1640 5662 1773 5730 voto
1824 5655 1990 5730 etiam
2018 5669 2140 5730 sese

563 5723 904 5798 obstringere
936 5723 1125 5783 sancto
1171 5723 1528 5798 patrocinanti
1574 5724 1799 5798 solebat.
1823 5723 2138 5798 Huiusmodi

563 5795 813 5853 votortun
841 5801 982 5868 (quae
1010 5795 1192 5856 tamen
1217 5797 1392 5868 minus
1418 5797 1634 5868 proprie
1661 5795 1739 5868 sic
1781 5795 2138 5868 appellantur)

565 5883 729 5938 quam
757 5868 826 5922 sit
851 5865 1036 5924 rectus
1062 5883 1213 5934 usus,
1241 5865 1505 5933 theologis
1521 5865 1725 5922 nostris
1747 5865 2134 5922 ostendendum

2159 3244 2207 3309 C

1983 4599 2140 4683 ῐῖενζε
2164 4621 2218 4683 o

2412 2017 2469 2064 lit
2492 2023 2653 2066 votum
2677 2014 2950 2078 complesse
2971 2025 3125 2076 putat.

2226 2097 2393 2172 βω
2419 2097 2552 2154 ltem
2580 2117 2593 2152 :

2356 2191 2408 2254 ln
2424 2193 2602 2254 quibus
2617 2193 2717 2254 heu
2741 2191 2952 2254 demens
2971 2191 3125 2254 oblati
3143 2203 3342 2254 munera
3363 2193 3465 2242 voti

2354 2251 2544 2304 Fraude
2567 2251 2710 2304 fidem
2736 2253 2915 2302 violaus
2935 2253 3156 2304 converti
3176 2258 3224 2303 in
3245 2253 3420 2303 damna
3441 2253 3632 2305 salutis.

2231 2333 2300 2388 Et
2339 2333 2465 2390 alibi
2491 2351 2505 2388 :

2729 2427 2991 2477 ConfeStim
3015 2429 3114 2477 voti
3139 2427 3330 2475 ratione
3350 2424 3509 2474 soluta

2355 2487 2569 2600 lS)elbi:o;
2591 2488 2677 2539 ille
2697 2489 2825 2539 intus
2840 2492 3029 2538 merits
3050 2501 3287 2551 compage
3308 2493 3493 2536 catena

2389 2565 2420 2599 ο
2443 2565 2484 2598 vr
2511 2565 2537 2598 u

2389 2565 2629 2600 οινιιυτ...

2231 2630 2468 2711 Primum
2505 2622 2647 2711 istud
2682 2632 2844 2711 est_S.
2887 2631 3082 2711 [felicis
3120 2629 3835 2711 miraculumhquLAl-Jelli-

2232 2719 2361 2758 num
2387 2703 2617 2758 incolam
2638 2717 2735 2772 pro
2765 2700 3007 2756 fraudata
3028 2703 3138 2772 voti
3161 2712 3315 2772 parte
3343 2698 3632 2770 castig‘aﬁt.
3665 2698 3836 2752 Alte‘

2233 2789 2352 2828 rum
2377 2789 2408 2828 a
2441 2771 2663 2827 Paulino
2691 2773 2907 2843 propria
2939 2772 3054 2840 ejus
3097 2771 3342 2828 facundia
3390 2777 3832 2843 ornamentoque

2232 2844 2519 2898 verborum
2548 2840 2811 2909 relertur,
2826 2842 2917 2897 ubi
2946 2844 3137 2899 iterum
3167 2843 3471 2897 votivarum
3488 2840 3830 2896 oblationem

2233 2913 2287 2969 in
2308 2912 2365 2969 S.
2395 2912 2587 2969 Felicis
2613 2914 2818 2969 cultum
2837 2914 3104 2983 egregiam
3135 2913 3305 2983 injicit
3333 2913 3682 2968 mentionem.
3712 2911 3836 2964 Au-’

2233 2984 2442 3039 diamus
2466 2993 2749 3040 canentem
2782 3002 2794 3038 :

2357 3073 2600 3139 Agricola:
2622 3076 2818 3138 quidam
2838 3075 3103 3139 deuostris
3127 3072 3324 3136 longius
3341 3075 3439 3122 oris

2357 3111 2686 3200 Xﬁh'tZTFZri's"
2692 3111 2868 3186 iii-63:5
2880 3111 3240 3200 VZEE'GanEE’
3247 3111 3620 3196 ἱιῖιῖῗέόἰεηιεε,

2359 3198 2435 3263 De
2453 3213 2613 3263 grege
2635 3202 2856 3263 setigero
2877 3198 3042 3248 multis
3061 3211 3087 3245 a
3106 3198 3304 3246 latibus
3323 3210 3469 3246 unum

2357 3259 2668 3322 Exc‘erpéere
2690 3262 2801 3318 sibi,
2825 3268 2878 3310 et
2896 3267 3111 3312 curatum
3133 3267 3359 3320 tempore
3382 3259 3534 3309 multo

2362 3325 2610 3373 Paverunt
2633 3325 2684 3373 iu
2709 3332 2815 3372 vota
2836 3335 2996 3383 suem,
3006 3327 3079 3383 _et
3097 3334 3296 3383 coepere
3318 3328 3541 3383 paratum

2361 3385 2561 3436 Ducere
2582 3386 2814 3434 sancitam
2831 3381 2990 3434 sancti
3004 3381 3187 3434 Felicis
3206 3381 3266 3432 ad
3286 3381 3460 3431 aulam.

2727 3548 2866 3608 Mens
2885 3558 3029 3607 auxia
3051 3563 3190 3606 nutat
3213 3559 3261 3604 in
3279 3569 3478 3618 anceps,

2357 3620 2478 3672 Nam
2499 3621 2596 3670 voti
2621 3631 2856 3669 revocare
2878 3620 3004 3668 viam
3035 3620 3114 3680 pia
3141 3624 3336 3677 pectora
3357 3619 3549 3679 uolunt,

2361 3682 2548 3731 Rursus
2566 3681 2744 3732 Felicis
2767 3678 3051 3730 veneratum
3076 3678 3239 3727 limina
3264 3679 3413 3742 longe

2363 3744 2441 3794 lre
2461 3745 2614 3806 pudet
2637 3757 2809 3794 vacuos
2827 3743 2993 3792 devoti
3012 3744 3245 3792 muneris.

2237 3839 2476 3896 Steterat
2499 3855 2591 3894 sus
2637 3837 2877 3908 pondere
2902 3837 3104 3908 sagina:
3148 3851 3388 3908 pressus,
3430 3851 3493 3890 ac
3533 3843 3822 3906 propterea

2237 3911 2396 3966 iidem
2426 3906 2674 3978 agricolae
2712 3923 2836 3964 sues
2863 3907 2998 3962 alios
3022 3906 3257 3978 minores
3274 3906 3549 3978 legerunt,
3564 3913 3622 3961 ut
3638 3915 3826 3962 votum

2236 3981 2458 4036 omnino
2476 3977 2874 4050 persolverent.
2897 3978 2984 4032 Ait
3005 3978 3132 4033 hinc
3158 3977 3413 4033 Paulinus
3442 3995 3456 4030 :

2365 4073 2502 4132 Quod
2522 4073 2697 4122 devota
2723 4071 2846 4120 lides
2866 4070 3087 4119 obstricti
3113 4071 3276 4119 debita
3302 4071 3400 4120 voti

2363 4135 2607 4185 Maturare
2633 4146 2809 4195 parans
2830 4133 2910 4182 tali
2936 4133 3124 4180 ratione
3151 4134 3353 4190 putavit,

2363 4195 2592 4246 Pluribus
2613 4193 2667 4245 ut
2689 4194 2890 4243 modicis
2911 4205 3059 4241 unum
3082 4202 3312 4254 pensaret
3331 4193 3568 4252 opimum.

2362 4259 2492 4321 Ergo
2513 4270 2702 4308 sacrum
2725 4257 2822 4306 huc
2847 4267 3034 4305 venere
3055 4255 3231 4311 locum,
3258 4257 3483 4314 votisque
3505 4254 3760 4314 patratis...

2239 4349 2480 4477 'Ijgrtium
2535 4346 2791 4403 Paulinus
2841 4351 3108 4402 memorat
3149 4342 3450 4414 prodigium
3510 4341 3657 4398 hisce
3707 4356 3831 4398 ver-

2239 4437 2284 4477 SI
2325 4435 2406 4476 us.

2239 4435 2406 4477 SlDllS.

2361 4511 2480 4562 Nam
2505 4521 2699 4572 genere
2713 4508 3002 4568 abjunctam,
3029 4518 3178 4567 pecus
3199 4503 3738 4616 armentachuveucam

2365 4575 2567 4616 fluidam
2593 4571 2816 4616 homines
2840 4581 2982 4616 aV-oue
3007 4567 3267 4616 longinqua
3289 4569 3384 4616 huc
3401 4579 3457 4614 se
3496 4581 3526 4616 e
3549 4568 3749 4616 profecti

2365 4567 2567 4634 Quida'm
2593 4567 2827 4634 homines
2840 4581 2982 4631 aV-que
2998 4567 3267 4634 longinqua
3289 4569 3384 4616 huc
3401 4567 3526 4634 sede
3549 4568 3752 4632 profecti

2363 4629 2618 4685 Secreum
2637 4634 2792 4694 primo
2814 4629 3036 4694 laetantis
3057 4633 3119 4678 ab
3145 4630 3299 4678 ubere
3327 4629 3496 4678 matris

2364 4693 2650 4747 Nutrieraut
2676 4693 2853 4742 nostris
2871 4694 3034 4742 votivo
3057 4695 3262 4741 munere
3287 4695 3476 4754 pactam

2363 4759 2681 4820 Pauperibus.

2239 4841 2345 4898 Sed
2368 4848 2424 4896 et
2449 4841 2502 4894 in
2522 4837 2644 4892 Nat.
2671 4851 2767 4893 VIII
2787 4836 2903 4891 haec
2925 4835 3003 4889 ait
3034 4851 3047 4887 :

2365 4933 2508 4984 Omni
2531 4943 2742 4994 namque
2758 4929 2842 4979 die
2860 4936 3016 4978 testes
3035 4939 3226 4994 sumus,_
3243 4924 3462 4994 undique
3480 4925 3670 4974 crebris

2366 4994 2584 5045 Cmtibus
2602 4989 2684 5042 aui
2708 5003 2851 5040 sanos
2874 4991 3118 5052 gratantia
3139 4989 3354 5037 reddere
3382 4997 3491 5052 vola

2369 5057 2464 5106 Aut
2485 5068 2645 5118 aegros
2665 5055 2826 5104 varias
2844 5049 3042 5116 petere,
3066 5057 3119 5101 et
3142 5053 3329 5100 sentire
3351 5049 3588 5098 medelas.

2247 5137 2316 5194 Et
2341 5139 2456 5194 haec
2473 5137 2689 5207 quidem
2718 5149 2844 5204 erga
2871 5143 3114 5207 saucium
3135 5139 3261 5188 vota
3284 5131 3648 5207 oblationibus
3669 5129 3832 5185 etiam

2247 5209 2440 5264 additis
2461 5202 2752 5276 conspicua
2771 5202 2946 5261 erant.
2989 5202 3189 5258 Omnes
3217 5209 3399 5257 autem
3439 5203 3492 5276 in
3540 5216 3833 5272 pauperum

2247 5280 2498 5335 alimenta
2525 5272 2808 5340 cedebant,
2831 5289 3024 5345 nempe
3050 5287 3106 5327 ut
3131 5282 3310 5327 saturo
3339 5272 3587 5345 gauderet
3614 5285 3837 5341 paupere

2247 5359 2485 5421 martyr:
2516 5347 2661 5421 quod
2688 5364 2788 5421 nos
2816 5343 3457 5421 hisceitribusexemplis
3477 5352 3636 5413 poeta
3683 5355 3838 5421 sacer

2247 5413 2482 5485 edocuit,
2509 5413 2600 5488 qui
2629 5418 2791 5473 etiam
2820 5415 3051 5488 dilucide
3091 5414 3240 5469 addit
3280 5421 3404 5468 vota
3442 5413 3556 5467 haec
3585 5413 3836 5477 martyri-

2247 5492 2396 5547 ribus
2417 5486 2738 5559 nuncupata.
2764 5486 3056 5540 Audiamus
3089 5502 3102 5538 :

2734 5578 2833 5628 Sed
2857 5580 2938 5640 qui
2965 5589 3068 5626 mos
3091 5589 3203 5626 esse
3223 5575 3417 5640 videtur

2372 5644 2698 5693 Persolwnda
2723 5643 2817 5703 piis
2839 5637 2988 5702 longe
3010 5651 3096 5688 sua
3114 5647 3223 5689 vota
3246 5637 3490 5686 ferentum

2370 5707 2718 5768 Martyribus...

2248 5791 2361 5844 Alia
2382 5800 2576 5860 prcetcr
2603 5788 2862 5860 lliIBC‘V'O‘lil
2890 5782 3090 5860 sanctis
3118 5781 3674 5860 vovericonsuevere,
3699 5786 3828 5840 quae

2247 5860 2337 5924 huj
2345 5848 2550 5916 usmodi
2565 5855 2923 5915 oblationibus
2937 5852 3210 5910 carebant.
3225 5849 3447 5917 Quidam
3464 5865 3523 5906 se
3541 5848 3825 5904 beatorum
