4006 6350
189 257 280 311 895

1129 247 1572 306 DISSERTATIO
1610 247 1722 303 XX.
1765 247 1856 302 AD
1897 247 2124 302 PUEMA
2166 247 2498 304 ULTIMUM.

3342 249 3446 305 8%

183 373 370 439 liceret.
397 365 548 421 Nunc
569 382 738 439 unum
780 366 1239 439 animadvertisse
1261 364 1756 439 suﬂicia_t,__nempe
1782 369 1835 427 Α
1859 372 1946 418 rat
1975 364 2162 439 eadem
2187 376 2481 439 martyrum
2509 375 2628 421 acta
2664 366 2966 439 seculorum
3006 377 3147 431 saepe
3175 363 3444 439 posterio-

182 438 449 508 Eusebium
481 439 532 490 in
565 438 654 491 lib.
684 437 750 492 de
779 435 999 508 Martyr.
1033 435 1350 508 Palzestinae,
1378 436 1467 503 qui
1499 436 1752 508 librorvm

180 511 299 566 Hist.
331 507 521 582 subjici
548 509 702 582 solet,
748 506 975 582 plurium
1017 508 1270 582 martyria
1313 506 1558 582 diemque
1587 507 1748 560 etiam

179 580 402 646 martyrii
431 575 706 632 inemorize
738 575 1035 632 tradidisse.
1068 575 1132 630 Hi
1157 575 1350 631 'antem
1393 576 1510 631 dies
1537 592 1754 646 prorsus

177 667 282 705 cum
304 639 930 720 Romaniimartyrologii
974 648 1074 720 lide
1103 649 1463 720 consentiunt.
1493 639 1756 720 Coluntur

176 721 250 775 die
279 719 341 771 l7
371 719 507 772 Nov.
538 719 634 774 SS.
668 717 916 785 A‘lphteus
943 727 998 772 et
1019 719 1298 783 Zachzcus;
1331 717 1592 772 Eusebius
1624 733 1754 772 vero

183 793 289 864 lucc
330 790 399 842 de
456 790 562 844 illis
593 791 755 844 habet
781 807 793 864 ς
820 797 936 864 A_iou
985 793 1140 864 μηνὸς
1171 789 1753 864 ὶπττξκαιδεκὰτῃ-(ᾳύτῂ

176 863 301 933 παρὰ
344 865 609 934 Ῥωμαίοις
636 865 666 919 ἡ
698 863 800 933 πρὸ
838 857 1385 934 δικαήξχτιῄκαλανδῶγ
1416 857 1752 934 Δεκῗεῤϐρίων)

174 930 256 992 τάξ
294 930 514 1001 κεφαλὰς
555 930 922 1001 ἀποτέμνονται
954 949 966 983 :
998 930 1062 982 l7
1091 931 1174 984 die
1209 931 1400 1001 mensis
1428 933 1514 1001 qui
1548 930 1756 1001 uocatur

176 985 310 1069 Dius,
348 985 722 1071 Ιιὸσνέδςείιιρὶιὶιί⁸
741 1001 1006 1055 Romanos
1033 1001 1102 1054 ad
1128 1016 1194 1054 xv
1222 1001 1328 1054 kal.
1362 985 1630 1071 De'centbq
1662 1017 1748 1053 ca-

171 1075 261 1143 pile
284 1068 576 1140 privamur.
605 1068 666 1126 'S.
701 1070 950 1140 Procopii
981 1073 1236 1125 memoria
1270 1073 1320 1125 in
1351 1070 1437 1124 die
1465 1068 1499 1123 8
1526 1069 1648 1124 Julii
1671 1085 1759 1143 ca-

171 1146 255 1208 dit,
283 1157 398 1212 quo
428 1143 759 1212 sepulturam
789 1143 847 1195 B.
881 1151 1085 1212 martyr
1125 1151 1209 1195 est
1251 1150 1457 1206 nactus,
1509 1142 1757 1211 apposite

172 1211 408 1268 videlicet
437 1211 505 1267 ad
536 1228 597 1267 ea
623 1229 742 1281 qua:
771 1212 936 1266 tradit
967 1211 1257 1274 Eusebius,
1287 1213 1414 1266 dum
1457 1219 1631 1265 Aeatau
1655 1234 1754 1282 μη-

171 1291 237 1358 νῇς
277 1284 431 1358 ὀγδόῃ
455 1287 558 1358 πρὸ
601 1285 895 1358 ἔπτα-εἱδῶν
916 1285 1153 1358 Ἰουλίωνἱ
1359 1284 1548 1358 mensis
1576 1291 1756 1358 octava

170 1355 256 1417 die,
287 1352 414 1425 (iure
436 1352 512 1408 esi
547 1356 684 1424 apud
715 1353 976 1408 Romanos
998 1369 1069 1408 vn
1097 1354 1171 1406 id.
1203 1352 1352 1425 Julii,
1385 1353 1542 1425 illuni
1555 1353 1758 1425 asserit

171 1442 196 1476 e
220 1422 353 1479 vivis
382 1422 700 1480 excessisse.
743 1426 831 1479 Sic
859 1433 1164 1479 sanctorum
1212 1422 1752 1494 Dioniysii,_:rimolai,

171 1497 368 1566 Agapii,
421 1497 708 1566 Appliiani,
768 1495 1105 1557 Theodosia),
1165 1491 1437 1566 Sylvani,
1473 1491 1754 1566 Hadriani,

171 1562 373 1629 Euboli,
405 1562 742 1634 aliorumque
773 1566 1003 1634 plurium
1035 1562 1362 1619 emortuales
1389 1565 1504 1618 dies
1540 1565 1607 1618 ab
1646 1562 1754 1616 Eu-

170 1636 302 1690 sebio
336 1637 540 1700 traditi,
573 1652 693 1694 cum
722 1636 994 1690 hodiernis
1019 1651 1205 1690 eorum
1230 1635 1378 1689 festis
1405 1634 1753 1699 concordant,

172 1708 235 1759 uti
262 1705 569 1761 Romanum
595 1706 752 1761 docet
780 1707 1240 1778 martyrologium.
1259 1704 1410 1771 Quod
1427 1710 1468 1759 si
1501 1719 1754 1778 germana

171 1777 450 1831 etiamnum
496 1785 772 1831 exstarent
817 1775 1113 1845 martyrum
1160 1785 1301 1841 acta,
1343 1791 1568 1845 eamque
1599 1775 1757 1829 tidem

172 1861 313 1915 quam
345 1846 607 1902 Eusebius
634 1849 868 1919 scriptor
893 1846 1274 1903 celeberrimus
1301 1848 1462 1919 855
1482 1861 1756 1919 mereren-

173 1927 246 1970 tur
270 1959 284 1981 ,
317 1920 507 1988 utique
535 1919 586 1989 i_u
615 1918 1001 1989 martyrologio
1043 1926 1348 1972 sanctorum
1373 1917 1586 1989 natales
1610 1925 1759 1989 recte

173 1990 508 2058 consignatos
538 1987 650 2042 fere
671 1987 886 2059 semper
930 1989 1258 2058 legeremus;
1293 2003 1416 2042 nam
1446 1988 1568 2057 quis
1606 1987 1758 2058 igno-

1857 451 1978 490 rum
2008 434 2167 491 fcetus
2189 434 2292 492 fide
2319 433 2426 492 non
2454 453 2578 492 raro
2608 437 2818 492 inlirma
2858 449 2994 498 esse,
3044 441 3208 502 atque
3247 433 3446 489 idcirco

1853 522 1978 579 cum
2007 509 2408 579 martyrologiis
2437 508 2748 564 certissimis
2789 507 3008 562 minime
3037 505 3449 579 componenda?

1856 575 1927 649 At
1957 575 2243 649 vereor'ne
2273 575 2392 649 plus
2439 594 2594 648 aequo
2633 579 2851 634 auribus
2891 579 2996 633 tuis
3024 617 3040 641 ,
3091 576 3292 632 Marsili
3333 578 3448 634 cla-

1853 648 2095 732 rissinte,_
2119 648 2418 704 molestiam
2449 652 2765 732 creaverim,
2796 665 2959 732 quum
2989 665 3052 704 ea
3082 649 3146 732 ad
3170 658 3230 730 te
3261 657 3449 732 pertu-

1854 717 2009 789 ierim
2066 720 2390 775 documenta
2444 736 2564 789 qua:
2602 722 2698 775 tibi
2745 717 2953 776 eximiae
2990 717 3306 775 eruditionis
3334 719 3450 774 viro

1855 788 1993 842 levia
2016 789 2183 843 videri
2219 788 2474 859 possunt,
2504 800 2631 859 aut,
2651 791 2797 860 quod
2834 807 3099 846 summum
3127 799 3239 858 est,
3269 791 3449 858 ignota

1857 875 1964 912 non
1995 868 2171 914 erunt.
2198 860 2413 916 Scilicet
2437 860 2504 914 ad
2528 862 2633 916 boc
2658 878 2820 915 unum
2847 861 3209 916 doctissimam
3245 863 3296 914 in
3318 861 3450 915 mdi-

1858 928 1962 983 bus
1983 933 2088 984 tuis
2111 931 2443 985 academiam
2471 932 2767 995 instituisti,
2787 940 2844 985 ut
2870 931 3257 986 Ecclesiasticae
3277 930 3453 985 Histo-

1856 1001 1950 1053 ria:
1976 1016 2362 1071 sacrorumque
2389 1017 2657 1057 canonum
2687 1012 2741 1056 et
2778 1002 2976 1055 rituum
3005 1003 3295 1058 secretiora
3326 1002 3450 1056 illu-

1857 1081 2080 1143 strares,
2108 1071 2342 1143 illudque
2370 1088 2507 1142 opus
2531 1071 2664 1143 adeo
2688 1073 2916 1127 feliciter
2942 1075 3318 1143 sapienterque
3345 1088 3373 1126 a
3397 1081 3452 1126 te

1857 1141 2155 1210 praestitum
2185 1140 2304 1204 fuit,
2349 1140 2424 1196 ut'
2457 1151 2510 1196 te
2550 1142 2762 1197 Felsina
2813 1140 3296 1209 nostra—venerari,
3337 1152 3450 1196 tota

1854 1226 1986 1284 {ero
2013 1211 2366 1284 litteratorum
2398 1213 2698 1284 respublica
2738 1214 2989 1268 demirari
3031 1222 3266 1284 nequeat
3300 1214 3449 1268 satis.

1856 1280 1928 1335 Et
1953 1282 2476 1355 utinamialiquando
2491 1280 2660 1338 nobis
2691 1285 2877 1338 liceret
2904 1280 3132 1355 publicis
3145 1285 3283 1355 typis
3303 1298 3453 1340 com.

1859 1302 1928 1335 nt
1954 1302 2157 1335 utinam
2189 1302 2476 1350 anquanuo
2504 1302 2660 1338 nonis
2691 1302 2877 1338 llcel‘el
2940 1302 3124 1338 uouets
3145 1302 3283 1355 typis
3303 1302 3450 1340 coma

1859 1352 2139 1423 mendatas
2169 1353 2364 1407 intueri
2388 1355 2856 1423 prestantissimas
2881 1302 2999 1409 iiias
3025 1353 3450 1421 dissertationes,

1857 1422 2049 1492 quibus
2078 1424 2360 1492 praecipua:
2389 1422 2556 1492 perte
2576 1425 2899 1479 dirimuntur
2927 1425 3303 1480 ecclesiastica:
3323 1425 3454 1480 con-

1860 1495 2162 1564 troversae;
2196 1502 2324 1549 tunc
2345 1494 2489 1548 enim
2521 1511 2627 1548 non
2651 1503 2759 1548 tam
2789 1496 2890 1550 sibi
2920 1495 2988 1550 de
3018 1496 3167 1551 lucro
3193 1511 3292 1550 suo
3319 1511 3453 1564 gau-

1857 1563 2013 1618 deret
2034 1563 2294 1629 Ecclesia,
2324 1579 2486 1632 quam
2508 1565 2602 1618 tibi
2633 1565 2698 1619 de
2727 1574 2876 1620 tanta
2903 1566 3266 1621 doctrinarum
3297 1563 3455 1621 uber-

1857 1641 1971 1706 tate
1985 1635 2365 1706 gratularetur.
2392 1634 2456 1688 Et
2477 1637 2750 1704 quamdiu,
2769 1652 2972 1706 quaeso,
3004 1636 3332 1691 eruditorum
3359 1635 3455 1691 de-

1862 1704 2056 1758 sideria
2088 1721 2236 1758 mora
2259 1715 2348 1758 tua
2382 1706 2582 1774 patiere
2608 1704 2882 1774 torqueri?
2899 1705 3171 1761 Modestiae
3199 1717 3301 1761 tua:
3323 1722 3455 1762 con-

1790 1754 1837 1814 Β
1862 1754 2348 1829 angustae};
2383 1754 2683 1830 ignauia;
2699 1754 2875 1830 ἷῶἱίζ
2899 1754 3170 1845 suam;
3200 1754 3448 1842 ἰῖἆείἷῖ,

1860 1854 2022 1917 atque
2071 1860 2171 1912 ego
2220 1846 2433 1901 interim
2486 1855 2545 1900 ut
2601 1847 2934 1901 humanitate
2979 1863 3084 1917 qua
3126 1847 3269 1902 soles
3312 1848 3454 1903 hanc

1860 1915 2297 1971 dissertationem
2349 1917 2590 1987 excipias
2620 1925 2674 1972 te
2719 1917 2908 1973 sedulo
2946 1915 3137 1987 rogare
3162 1934 3273 1973 non
3309 1918 3456 1974 desi-

1863 2001 2007 2040 nam.

1099 2206 1886 2300 DISSERTATIO
1962 2209 2562 2296 VICESIMA.

1154 2357 1257 2404 ΔΙ)
1295 2356 1350 2405 8.
1392 2353 1687 2403 PAULI!“
1722 2352 1981 2402 νοειιΑ
2019 2349 2497 2420 νρεπιειιυιι.

287 2465 346 2520 8.
383 2462 592 2519 Paulini
621 2465 686 2520 de
711 2465 974 2519 elementis
1002 2465 1256 2518 sententia
1283 2462 1635 2534 perpenditur.

239 2559 317 2614 Ad
352 2558 817 2628 praeclarissimum
862 2557 1342 2628 doetissimumque
1380 2556 1572 2628 virum
1600 2552 1757 2610 Jose-

178 2630 328 2700 phum
353 2625 665 2700 Ferrarium
692 2643 801 2700 em.
831 2627 1120 2683 cardinalis
1151 2625 1394 2700 Eederici
1421 2625 1644 2700 C_accia:,
1674 2640 1760 2679 ar-

184 2697 494 2770 chiepiscopi
526 2699 938 2754 Mediolanensis
967 2698 1273 2768 generalem
1303 2697 1578 2751 vicarium.

249 2789 376 2844 Iale
395 2789 464 2844 de
489 2789 738 2857 Paulino,
770 2789 808 2844 F
813 2791 982 2846 errari
1017 2788 1286 2843 Musarum
1309 2789 1550 2842 omnium
1572 2788 1754 2854 decus,

195 2863 395 2915 meritus
419 2861 541 2914 mihi
573 2862 803 2927 viderer,
839 2862 884 2915 si
928 2861 1253 2927 singularem
1285 2859 1526 2926 ejusdem
1549 2859 1616 2913 de
1643 2859 1755 2914 ele-

189 2932 365 2986 mentis
387 2932 692 3000 opinionem
716 2932 1057 2985 insalutatam
1077 2931 1428 3000 przeterirem,
1445 2945 1618 3000 eoque
1638 2941 1761 2994 gra-

187 3003 349 3056 viusin
363 3002 766 3072 pnesentiarum
779 3004 882 3072 mei
898 3017 984 3056 me
1011 3001 1209 3057 silentii
1238 3001 1546 3070 pmniteret,
1569 3003 1611 3055 si
1630 3008 1761 3054 tem-

181 3087 272 3142 pus
290 3073 507 3126 omnino
528 3071 995 3127 accommodatum
1020 3072 1085 3126 ad
1105 3087 1282 3126 meum
1303 3084 1429 3140 erga
1451 3078 1504 3124 te
1535 3083 1759 3142 tuasque

179 3140 412 3224 rit-tates
441 3143 775 3224 predendum
825 3143 1388 3224 obsequiumpaterer
1437 3148 1544 3195 tam
1601 3140 1757 3197 facile

178 3214 295 3268 mihi
311 3213 474 3268 elabi.
496 3213 756 3268 Nimirum
774 3215 839 3266 ad
863 3215 919 3267 S.
943 3214 1196 3267 antistitis
1211 3213 1460 3280 gloriam,
1477 3227 1760 3280 meamque

177 3286 224 3338 in
242 3285 702 3339 teobservantiam
718 3285 1002 3353 plurimum
1020 3283 1322 3338 conducere
1335 3283 1532 3349 sentio,
1546 3284 1590 3336 si
1614 3284 1760 3338 illum

175 3365 223 3408 et
250 3356 300 3409 in
330 3355 722 3426 philosOpbicis
749 3353 1183 3426 disciplinisenon
1213 3353 1430 3426 ultimas
1456 3355 1640 3426 tulisse
1668 3354 1762 3409 de-

175 3423 468 3481 monstrem
499 3444 510 3477 :
546 3423 601 3478 et
629 3426 775 3489 viro,
801 3423 921 3478 tum
958 3423 1312 3495 philosophia:
1335 3464 1350 3486 ,
1395 3433 1504 3478 tum
1535 3425 1761 3495 aliarum

175 3499 359 3551 artium
387 3512 511 3564 qua:
533 3497 770 3550 animum
787 3494 1029 3551 nostrum
1058 3494 1346 3550 informare
1360 3503 1582 3563 queunt,
1603 3494 1764 3550 laude

209 3568 472 3632 ratstanti,
492 3567 629 3620 hanc
656 3581 872 3635 quoque
912 3565 1115 3619 Paulini
1156 3567 1411 3635 virtutem
1439 3580 1760 3635 proponam.

209 3583 472 3632 mtanu,
492 3583 629 3620 nanc
656 3583 872 3635 quoque
912 3583 1115 3619 raunni
1156 3583 1411 3619 Virtutem
1439 3583 1760 3635 proponam.

175 3583 236 3691 Et
259 3639 518 3707 quidem,
541 3645 600 3690 ut
627 3636 800 3707 aiebat
830 3636 995 3707 Boyle
1025 3635 1237 3707 in_Dub.
1262 3644 1316 3688 et
1337 3633 1600 3707 Paradox.
1630 3637 1763 3707 cby-

176 3704 528 3778 mico-pbys.,
581 3716 722 3776 part.
774 3706 797 3758 1
838 3704 1006 3778 om,
1038 3704 1347 3778 Opinioues
1395 3706 1458 3758 de
1504 3704 1766 3760 elemeniis

176 3779 298 3832 tanti
325 3777 454 3831 sunt
481 3779 614 3829 inter
642 3777 980 3846 physiologia’
1011 3777 1252 3846 dogmata
1280 3777 1552 3847 momenti,
1587 3778 1766 3847 quanti

174 3850 421 3902 elementa
449 3849 562 3915 ipsa
601 3857 720 3900 sunt
768 3850 901 3898 inter
938 3863 1152 3916 corpora
1188 3847 1430 3899 universi.
1469 3846 1578 3900 Cur
1601 3846 1768 3913 igitur

177 3916 481 3980 Paulinum,
511 3931 668 3984 quem
700 3919 752 3970 in
782 3916 1003 3984 reliquis
1051 3925 1307 3984 sequutus
1346 3931 1494 3979 sum,
1530 3933 1668 3969 nunc
1699 3918 1766 3970 (le

174 3989 461 4042 elementis
489 3987 897 4056 proloquentem
930 3988 981 4040 in
1011 3987 1271 4040 concione
1291 3987 1616 4040 destituam?
1639 3986 1764 4039 Pul-

175 4060 497 4113 cberrimam
513 4059 677 4128 856
698 4057 854 4128 plane
882 4058 934 4110 in
957 4065 1230 4128 postremo
1255 4056 1495 4128 ejusdem
1518 4066 1768 4128 poemate

173 4131 530 4196 quxestionetn
558 4126 972 4190 animadvertas,
1006 4126 1269 4194 siquidem
1315 4127 1385 4180 ibi
1417 4142 1523 4180 non
1569 4127 1764 4196 ignem,

173 4195 262 4252 sed
285 4199 490 4255 caalum
529 4196 584 4251 S.
629 4196 822 4251 doctor
869 4197 1010 4250 inter
1039 4199 1304 4250 elementa
1327 4198 1620 4266 componit.
1656 4195 1770 4252 Hoc

176 4271 260 4322 ubi
291 4268 742 4348 pbilosophorum
799 4267 986 4348 vulgus
1034 4267 1410 4348 audierit,_ita
1453 4281 1538 4348 me
1585 4275 1770 4321 ament

175 4337 375 4409 superi,
428 4337 532 4393 sibi
575 4337 664 4409 vi;
700 4352 738 4409 ea
783 4337 1105 4409 risu,ccrte_
1141 4337 1206 4389 ab
1254 4337 1630 4409 admiratione,
1664 4353 1767 4391 non

175 4406 578 4480 temperabunt.
611 4407 862 4480 Vulgaria
886 4408 983 4480 __i|li
1028 4406 1200 4460 solum
1231 4417 1464 4475 quatuor
1504 4407 1768 4462 elementa

175 4476 506 4558 agnoscunt,
527 4485 738 4558 terram
754 4476 1027 4558 ‘videlicet,
1048 4492 1465 4558 aquam,_aerem
1483 4485 1536 4529 et
1561 4480 1764 4558 ignem;
1801 4497 1855 4556 ι)
1878 4476 1896 4550 ᾗ

173 4551 433 4618 quicquitl
490 4547 688 4618 abibis
737 4547 1003 4600 diversum
1022 4549 1328 4618 ﬁoccurrit,
1385 4547 1776 4616 praeoccupatis

171 4617 363 4672 eorum
389 4617 620 4684 ingeniis
647 4627 739 4670 aut
765 4633 980 4671 crucem
1013 4617 1154 4681 ligit,
1195 4625 1286 4668 aut
1329 4626 1590 4671 assertum
1623 4633 1775 4670 mon-

171 4698 284 4742 stro
318 4689 504 4758 potius
544 4701 702 4754 quam
749 4702 876 4758 νει-ο
918 4687 1264 4758 simillimum
1292 4687 1519 4758 videtur.
1577 4685 1776 4752 Quam-

169 4756 369 4812 obrem
407 4772 588 4826 operm
633 4757 864 4826 pretium
899 4757 1023 4810 duxi
1073 4773 1178 4810 non
1218 4756 1428 4826 obviam
1459 4758 1776 4824 cuicumque

171 4827 390 4882 Paulini
423 4825 738 4896 opinionem
766 4826 1052 4892 illustrare,
1077 4842 1145 4880 ne
1171 4827 1301 4880 tanti
1344 4825 1516 4880 Patris
1544 4827 1776 4882 eruditio

170 4900 360 4952 minus
389 4915 421 4952 a
449 4898 767 4965 quibusdam
800 4897 1069 4951 intellecta
1100 4906 1190 4950 aut
1227 4897 1366 4950 male
1413 4898 1636 4962 audiat,
1684 4907 1776 4950 aut

169 4971 342 5022 etiam
377 4968 711 5022 exsibiletur.
746 4965 870 5034 Ejus
896 4968 1056 5020 verba
1085 4968 1260 5035 primo
1291 4969 1628 5022 intueamur:

305 5062 672 5121 Distribuitque
699 5060 818 5107 locis
843 5074 993 5114 mare,
1020 5068 1191 5118 terras,
1217 5072 1349 5118 aera,
1374 5075 1568 5118 autum,

303 5130 536 5179 Quatuor
557 5123 658 5168 lu-c
686 5124 842 5170 hausit
862 5125 1006 5170 variis
1028 5124 1224 5168 exordia
1250 5123 1411 5168 rebus.

301 5186 435 5232 Sunt
458 5185 683 5231 homines
705 5186 876 5243 terris,
901 5191 1014 5231 sunt
1035 5184 1193 5230 addita
1217 5186 1376 5230 sidera
1400 5196 1567 5244 caeno,k

303 5249 446 5296 Aere
477 5247 656 5306 pendet
682 5247 799 5300 avis,
827 5244 1012 5301 liquido
1034 5253 1161 5293 natat
1184 5257 1381 5303 a-quore
1408 5247 1550 5306 piscis
1578 5257 1590 5291 :

303 5309 396 5356 Sic
423 5321 670 5356 genus.er
694 5308 797 5354 suis
815 5307 1062 5355 decoravit
1085 5307 1276 5364 singula
1299 5306 1484 5354 formis.

168 5393 598 5447 Elementorum
645 5390 1050 5460 compaginem,
1094 5389 1362 5457 situmque
1402 5387 1539 5442 infra
1583 5388 1784 5443 descri-

169 5465 250 5517 bit
279 5479 293 5518 :

311 5542 509 5593 Claudit
535 5542 666 5590 enim
692 5539 918 5590 Oceanus
932 5549 1113 5590 terram
1129 5552 1153 5602 ;_
1168 5551 1299 5602 mare
1324 5538 1587 5601 clauditur;
1616 5541 1720 5602 ipse

309 5606 427 5654 Axe
452 5603 542 5652 sub
566 5604 788 5652 aethereo
808 5603 1001 5650 medius
1021 5600 1325 5648 concludimr
1351 5613 1451 5649 aer.

169 5691 310 5748 Haec
340 5685 607 5758 profecto,
651 5693 708 5738 et
744 5700 850 5758 non
880 5684 983 5758 alia
1012 5681 1216 5736 Paulini
1243 5683 1782 5758 sententia._Ctelum

169 5767 221 5822 is
251 5754 383 5816 non
409 5772 539 5813 vero
568 5757 742 5826 ignem
770 5755 911 5810 inter
938 5755 1202 5810 elementa
1233 5763 1497 5810 recenset.
1538 5754 1705 5813 lmmo
1728 5767 1785 5818 et

1867 2456 2238 2538 imaginariam
2270 2456 2414 2538 illam
2436 2457 2574 2526 ignis
2601 2460 2899 2528 sphaeram,
2933 2475 3094 2530 quam
3141 2460 3458 2520 Aristoteles

1867 2543 2041 2601 supra,
2059 2543 2202 2601 aeris
2229 2541 2500 2596 regionem
2548 2539 2888 2585 commentus
2914 2539 3014 2594 est,
3052 2546 3322 2601 quamque
3342 2550 3457 2588 om-

1868 2614 1966 2653 nes
1992 2598 2266 2661 discimus,
2327 2614 2486 2653 nemo
2540 2615 2609 2654 ex
2666 2601 2889 2654 eruditis
2939 2598 3085 2656 nunc
3127 2598 3313 2668 credit,
3356 2605 3459 2660 sibi

1866 2683 2206 2743 nequaquam
2237 2669 2480 2743 arrisisse
2508 2677 2620 2743 tum
2650 2669 2902 2743 Paulinus
2930 2673 3106 2742 palam
3127 2670 3274 2738 facit,
3292 2689 3459 2743 quum

1865 2739 1934 2793 de
1965 2740 2151 2814 i_lla_ne
2178 2739 2404 2814 verbum
2443 2740 2677 2814 quidem.
2718 2739 2823 2814 S_ed
2852 2739 3046 2814 quibus
3085 2739 3325 2798 calculis'
3347 2743 3458 2814 fre-

1865 2819 1952 2886 tus
1975 2811 2028 2886 in
2046 2808 2702 2886 _bujusmodiiopinionem
2735 2808 2990 2886 Paulinus
3017 2816 3320 2886 concessit?
3346 2813 3460 2886 Ego

1867 2879 2096 2954 subinde
2109 2895 2229 2954 pro
2246 2881 2386 2934 virili
2414 2879 2777 2954 investigabo,
2821 2893 2876 2937 et
2916 2885 2971 2938 in
2997 2885 3213 2954 primis,
3242 2886 3369 2940 dum
3391 2879 3460 2941 de

1866 2951 2152 3006 elementis
2179 2951 2626 3021 disceptationem
2658 2953 2909 3020 instituo,
2955 2951 3042 3009 me
3079 2955 3223 3010 nolle
3264 2957 3457 3012 adver-

1865 3037 1959 3075 sus
2006 3021 2234 3075 aliorum
2281 3023 2596 3093 sententias,
2647 3025 2925 3093 multoque
2971 3026 3146 3080 minus
3201 3025 3457 3081 adversus

1787 3114 1833 3179 ρ
1863 3092 2387 3179 ρει-ἰρίιξεξῑξεᾳελλὶῃ.
2411 3107 2634 3179 arenam
2659 3092 3002 3179 'deseentlere
3050 3097 3238 3179 lubens
3262 3093 3458 3165 fateor,

1863 3177 2029 3285 ﬂuuio
2057 3172 2113 3216 et
2139 3163 2419 3217 brevitatis
2446 3165 2517 3218 sit
2541 3166 2672 3218 mihi
2702 3167 2840 3220 ratio
2872 3167 3134 3232 habenda,
3164 3163 3459 3238 eorumque

1903 3242 2115 3285 oamata
2157 3234 2287 3285 satis
2328 3234 2536 3285 erudite
2584 3235 2636 3285 in
2669 3252 2895 3285 examen
2925 3237 3246 3285 adduxerim
3291 3239 3459 3285 diser-

1903 3242 2115 3301 ogmata
2157 3234 2287 3287 satis
2328 3234 2536 3288 erudite
2584 3235 2636 3289 in
2669 3252 2895 3291 examen
2925 3237 3246 3292 adduxerim
3291 3234 3461 3292 diser-

1865 3304 2058 3378 tissimi
2087 3312 2393 3378 temporum
2423 3314 2728 3378 nostrorum
2755 3308 3087 3378 phil050phi1
3097 3324 3160 3362 ac
3183 3309 3322 3363 inter
3343 3309 3462 3364 illos

1866 3375 2206 3498 gotissimum
2276 3375 2547 3429 emineant
2612 3373 2986 3443 Helmontius,
3053 3377 3362 3433 Gassendus
3407 3389 3463 3434 et

1913 3445 2053 3498 ovle.
2086 3445 2283 3498 eximia
2330 3448 2516 3498 procul
2559 3445 2721 3498 dubio
2762 3449 2994 3498 innenia.
3041 3447 3210 3498 Unam
3260 3449 3459 3498 idcirco

1913 3445 2283 3516 oyle,_eximia
2321 3448 2516 3516 procul
2559 3445 2721 3501 dubio
2762 3449 2994 3516 ingenia.
3041 3447 3210 3502 Unam
3259 3449 3459 3504 idcirco

1867 3514 2079 3586 Paulini
2095 3515 2422 3586 sententiam
2453 3514 2872 3586 prosequemur;
2923 3527 2978 3573 et
3022 3519 3200 3582 illam,
3244 3521 3297 3574 ni
3338 3536 3460 3574 mea

1869 3601 1965 3659 me
1996 3585 2130 3659 fallit
2157 3585 2359 3659 Opinio,
2413 3585 2686 3640 sacrarum
2729 3587 3127 3659 Scripturarum
3173 3593 3462 3644 autoritate

1871 3655 1968 3708 niti
1996 3656 2156 3724 plane
2184 3654 2427 3721 aflirmo;
2469 3671 2652 3710 earum
2700 3654 2866 3714 enim'
2885 3661 3195 3714 testimonio
3243 3662 3377 3726 ignis
3408 3663 3461 3714 in

1868 3726 2261 3800 elementorum
2290 3741 2509 3800 eensum
2541 3728 2948 3800 haudquaquam
2989 3729 3233 3785 refertur.
3273 3731 3328 3786 S.
3364 3729 3464 3785 Pe-

1872 3804 1985 3848 trus
2015 3796 2065 3876 in
2097 3794 2268 3876 Epist.
2290 3795 2362 3876 ‘ll,
2391 3813 2512 3867 cap.
2541 3814 2595 3876 in
2623 3816 2638 3876 :_
2665 3794 3033 3876 Expeetantes,
3066 3802 3256 3869 inquit,
3280 3812 3464 3876 etpra-

1868 3875 2111 3941 perantes
2141 3867 2196 3941 in
2232 3867 2505 3920 adventum
2533 3869 2638 3941 diei
2677 3867 2910 3935 Domini,
2940 3888 3030 3940 per
3069 3867 3216 3941 quem
3239 3867 3460 3924 caeli'ar-

1872 3936 2050 4009 d_eutes
2081 3937 2371 4009 soluentur,
2401 3948 2450 3990 et
2495 3939 2743 3992 elementa
2782 3941 2918 4009 ignis
2941 3936 3146 3994 ardore
3182 3941 3460 3994 tabescent.

1871 4004 2119 4080 Ecce__ab
2164 4007 2285 4080 igne
2328 4008 2594 4062 elementa
2635 4004 2915 4080 distinguit
2961 4011 3255 4080 apostolus,
3300 4027 3463 4078 quum

1870 4091 1968 4145 per
1995 4076 2142 4128 illum
2173 4076 2287 4131 hmo
2315 4086 2408 4130 aut
2434 4079 2793 4134 consumenda
2813 4076 2923 4132 iant
2964 4076 3014 4133 in
3059 4081 3248 4136 melius
3292 4076 3463 4134 refor-

1873 4147 2068 4218 manda
2102 4161 2202 4218 nos
2242 4147 2419 4218 docet.
2452 4146 2558 4201 Sed
2585 4157 2641 4201 et
2674 4149 2890 4216 coelum,
2942 4151 3184 4218 urgebis,
3236 4151 3302 4204 ab
3351 4151 3462 4205 ele-

1873 4217 2068 4288 mentis
2105 4216 2233 4270 inibi
2264 4215 2538 4270 diversum
2580 4219 2929 4286 dignoscitur.
2969 4215 3083 4288 Ego
3130 4236 3236 4274 non
3288 4222 3462 4275 video.

1873 4285 2046 4357 supra
2077 4301 2305 4356 namque
2332 4287 2406 4341 ita
2435 4285 2754 4357 loquebatur
2774 4288 2965 4344 Petrus
2992 4285 3272 4344 :deeniet
3297 4303 3466 4346 autem

1877 4356 1987 4432 dies
2011 4356 2223 4410 Domini
2251 4367 2307 4410 ut
2324 4360 2427 4432 fur,
2452 4356 2621 4432 iniquo
2642 4361 2753 4413 caeli
2774 4377 2964 4432 magno
2981 4363 3168 4431 impetu
3193 4364 3463 4427 transient,

1875 4427 2126 4504 elementa
2154 4445 2272 4482 vero
2292 4429 2465 4482 calore
2491 4429 2769 4504 sgit'entur,
2813 4427 2949 4504 teira
2975 4427 3164 4504 autem,
3196 4442 3244 4485 et
3271 4449 3384 4504 quin
3413 4435 3466 4487 in

1935 4515 1995 4550 su
2037 4506 2177 4560 sunt,
2229 4508 2490 4552 exuratur.
2521 4499 2749 4554 Vidistin
2783 4511 2838 4554 et
2868 4502 2952 4555 hic
2981 4503 3048 4556 ab
3079 4499 3466 4558 elementorum

1907 4567 2020 4638 erie
2058 4567 2363 4622 distinctam
2405 4573 2638 4624 terram?
2693 4571 2866 4638 Quum
2919 4588 3046 4627 vero
3097 4573 3222 4628 hinc
3268 4583 3466 4628 terram

1880 4637 2204 4713 elementum
2237 4655 2342 4692 non
2374 4654 2492 4713 esse
2517 4643 2665 4713 argui
2696 4637 2970 4713 nequeat,
2992 4644 3128 4698 idem
3159 4659 3373 4713 quoque
3398 4645 3466 4698 de

1879 4707 2032 4761 caelis
2056 4707 2325 4779 afﬁrmare
2355 4709 2643 4764 absurdum
2675 4707 2926 4767 non—erit.
2946 4712 3078 4768 Caeli
3105 4707 3268 4779 enim,
3287 4707 3470 4769 iernc-

1879 4777 2329 4858 queiviceszqua:
2372 4796 2680 4849 supremum
2702 4782 2883 4851 judicii
2915 4785 3054 4839 diem
3082 4777 3280 4858 instare
3301 4787 3465 4840 doce-

1880 4847 2034 4917 bunt,
2065 4847 2136 4900 ita
2163 4847 2219 4901 S.
2255 4847 2453 4904 Petrus
2496 4847 2778 4917 memorat,
2834 4863 2892 4908 ut
2938 4871 3042 4910 non
3086 4856 3152 4908 ab
3189 4856 3468 4912 elementis

1878 4916 2206 5006 distinguere
2225 4919 2387 5006 ,lsed
2433 4921 2740 5006 singillatim
2766 4916 2770 4917 ί
2795 4923 3040 5006 elarioris
3094 4926 3486 5006 explicationis,

1879 5000 2009 5065 ergo
2063 4987 2391 5065 describere
2465 4987 2728 5046 videatur.
2791 4994 2954 5065 Quid,
2995 4987 3260 5065 quod'et
3331 4997 3466 5049 alios

1878 5055 2194 5112 Christianae
2262 5059 2382 5112 lidei
2462 5071 2757 5117 sectatores
2804 5055 2861 5118 1a
2939 5055 3145 5118 Paulini
3202 5068 3465 5120 sententia

1881 5129 2100 5201 minime
2151 5128 2494 5201 abhorruisse
2538 5142 2872 5201 compertum
2916 5135 3123 5190 habeo?
3160 5134 3466 5192 Gennadius

1880 5195 2224 5273 Massiliensis
2244 5201 2526 5273 presbyter
2567 5202 2618 5255 in
2652 5195 2829 5273 libello
2854 5204 2922 5257 de
2955 5205 3158 5259 Eccles.
3192 5205 3461 5273 Dogmat.,

1880 5281 1998 5334 cap.
2061 5267 2147 5332 69,
2199 5267 2313 5323 inec
2367 5267 2528 5323 habet
2581 5290 2592 5323 :
2649 5271 2938 5337 Elementa,
2992 5278 3151 5396 857
3176 5276 3232 5329 id
3253 5267 3327 5329 εἷα
3359 5267 3462 5332 εωέ

1886 5336 1992 5389 lum
2045 5349 2094 5390 et
2146 5348 2369 5396 terram.
2409 5357 2510 5394 non
2562 5343 2825 5396 credamus
2872 5344 3050 5396 abolen
3093 5362 3234 5396 aper
3274 5348 3459 5396 ignem-

1886 5336 1992 5416 lunt
2027 5349 2094 5416 _et
2146 5348 2369 5416 terram,
2409 5357 2510 5394 non
2562 5336 3234 5416 credamus‘abolimda'per
3274 5348 3460 5416 ignem,

1887 5408 1979 5488 sed
2020 5409 2076 5460 in
2122 5411 2304 5488 melius
2357 5406 2741 5488 commutanda.
2803 5412 3117 5488 Philastrius
3143 5406 3154 5416 ⁷
3184 5406 3464 5486 episcopus

1889 5477 2059 5543 Brix.,
2100 5481 2182 5532 vir
2228 5482 2513 5535 sanctitate
2576 5498 2639 5537 ac
2699 5484 2999 5540 eruditione
3052 5477 3467 5542 inter-veteres

1889 5545 2077 5628 Patres
2112 5559 2338 5628 _notus,
2393 5552 2480 5606 lib.
2532 5553 2599 5606 de
2654 5551 2888 5628 Haeres,
2944 5571 3062 5626 cap.
3119 5555 3221 5622 46,
3270 5558 3462 5613 cmlum

1886 5620 2047 5699 inter_
2076 5620 2339 5699 elementa
2370 5625 2714 5699 numeravit.
2772 5620 3074 5699 scriptura,
3131 5620 3302 5696 inquit
3348 5630 3458 5692 ille.

1885 5692 1940 5766 in
1965 5692 2133 5758 primo
2159 5692 2252 5766 di_e
2286 5694 2475 5766 calum
2499 5703 2549 5766 et
2583 5704 2773 5749 terram
2796 5692 2935 5766 facta
2963 5697 3189 5752 declarat
3203 5692 3321 5754 _duo
3349 5702 3459 5758 haec

1886 5760 2154 5823 elementa,
2196 5761 2678 5834 Eloquentissimus
2701 5760 2918 5842 quoque
2949 5769 3178 5843 scriptor
3206 5769 3464 5834 Theodo-
