4006 6350
560 368 663 421 887

1687 362 2021 417 APPENDIX
2064 357 2352 413 OPERUM
2395 355 2450 407 S.
2495 347 2786 407 PAULINI.
2875 350 2878 352 ⁷

3734 354 3830 410 888

559 477 1106 559 utrumqneecelesim
1129 485 1266 538 latus
1287 486 1316 559 _(
1323 484 1396 537 uti
1428 497 1565 559 nunc
1595 479 2143 559 appellantur-longo
2173 481 2227 536 Α
2251 470 2841 559 βρρᾼιςξὶξιξιξοαξ-Ῡςξξςξ
2852 467 3582 559 ff.§_it_cr§_(ll_l_iuapl_)_e_lla‘tt}ur_
3602 473 3829 559 passing)

557 551 820 623 desumia.
848 555 904 608 ln
926 556 1069 609 hisce
1096 553 1347 609 oratoriis
1375 555 1596 623 privatis
1625 567 1719 607 seu
1751 551 2009 606 cubiculis
2026 551 2142 617 jam

556 622 764 679 Paulini
808 635 1049 694 tempore
1075 622 1436 679 humabantur
1461 624 1832 694 religiosorum
1862 623 2140 694 hominum

554 710 802 765 corpora.
837 692 1149 750 Anastasius
1197 695 1640 751 Bibliothecarius
1689 694 1742 746 in
1785 692 2134 765 Marcellino:

551 763 670 818 Hic?
704 765 928 830 sepultus
956 776 1032 820 est
1056 767 1112 820 in
1150 767 1432 820 caemeterio
1478 766 1770 830 Priscillw,
1801 764 1856 816 in
1905 763 2141 816 cubiculo

553 835 714 890 claro.
745 833 802 889 In
829 835 1016 904 Sergio
1050 855 1062 888 :
1096 835 1198 890 Hic
1221 845 1407 890 tectum
1429 845 1478 889 et
1505 835 1739 888 rubicula
1769 849 1881 904 qua:
1919 833 2141 904 circum-

551 922 748 986 quaque
777 903 1018 986 ejusdem
1069 905 1145 977 (S.
1179 905 1605 986 Petrilbasilirre
1633 914 1825 986 sunt”:
1858 903 2142 956 studiosius

550 975 821 1030 innovavit
860 993 920 1029 ac
968 975 1242 1044 reparavit.
1298 975 1573 1045 Ejusmodi
1618 975 1984 1045 cuniculorum
2027 989 2154 1045 non

549 1046 716 1101 semel
747 1047 871 1102 alibi
901 1043 1144 1101 meminit
1166 1047 1307 1102 idem
1336 1043 1668 1102 Anastasius.
1702 1043 1908 1098 Exinde
1938 1044 1988 1097 in
2011 1043 2143 1098 sub-

549 1117 894 1240 segnentibus
921 1119 1113 1172 seculis
1138 1117 1346 1172 videtur
1374 1132 1619 1171 manasse
1643 1116 1874 1184 pessima
1905 1128 2142 1167 consue-

549 1193 607 1240 tu
647 1203 679 1240 ο
710 1187 1045 1240 indiscussim
1068 1187 1382 1240 inhumandi
1413 1189 1464 1240 in
1493 1185 1734 1240 ecclesiis
1757 1199 2142 1240 quorumcum-

547 1185 679 1241 tudo
710 1187 1045 1243 indiscussim
1068 1187 1382 1242 inhumandi
1413 1189 1464 1241 in
1493 1185 1734 1241 ecclesiis
1757 1199 2143 1252 quorumcum-

547 1271 656 1380 aue
684 1273 933 1326 corpora,
965 1259 1124 1313 modo
1153 1272 1250 1328 pro
1273 1257 1394 1326 jure
1419 1258 1708 1327 sepultura:
1735 1261 1939 1308 certum
1965 1254 2140 1321 quod-

587 1343 674 1380 am
702 1328 956 1380 solverint
983 1329 1240 1380 pretium:
1265 1329 1339 1380 ita
1370 1337 1428 1380 ut
1448 1328 1588 1380 auod
1611 1325 1840 1379 dabatur
1867 1325 1994 1378 olim
2018 1339 2137 1378 mc-

587 1343 674 1380 am
702 1325 956 1383 solverint
983 1325 1240 1398 pretium;
1265 1329 1339 1382 ita
1370 1337 1428 1382 ut
1448 1325 1588 1398 quod
1611 1325 1853 1398 dabatur
1867 1325 1994 1378 olim
2018 1325 2154 1378 me;

544 1397 670 1462 rito,
699 1415 841 1453 nunc
860 1395 1184 1454 concedatur
1203 1413 1354 1465 auro,
1402 1395 1543 1467 quod
1565 1395 1662 1450 SS.
1694 1395 1940 1449 Patribus
1972 1409 2138 1447 unum

545 1475 603 1522 et
631 1468 772 1523 idem
803 1477 884 1524 est
911 1485 976 1525 ac
1004 1471 1047 1524 si
1097 1466 1456 1524 venderentur
1475 1466 1727 1522 Ecclesia:
1773 1472 2132 1518 sacramenta.

577 1599 581 1602 ς
615 1555 736 1612 Not.
774 1557 895 1611 161.
940 1557 1080 1622 Quos
1100 1560 1327 1613 inserere
1355 1559 1434 1611 Itis
1457 1557 1641 1610 litteris
1670 1555 1832 1609 nolui.
1858 1587 1930 1596 ——
1957 1553 2024 1606 Et
2043 1553 2136 1607 alii

543 1642 733 1682 versus
762 1637 973 1683 exstant
1001 1629 1268 1697 hodieque
1296 1630 1350 1682 in
1379 1628 1685 1682 suburbana
1727 1624 1782 1679 S.
1812 1625 2140 1697 Felicisba-

543 1698 714 1764 silica,
741 1714 877 1766 quos
901 1694 1193 1765 exscripsit
1211 1697 1527 1753 Sirmondus
1559 1706 1742 1751 noster
1761 1695 1829 1749 ad
1852 1694 2147 1762 Sidonium

542 1767 640 1824 lib.
675 1765 1010 1838 tv,’epistola
1037 1769 1131 1834 l8,
1163 1770 1338 1823 omnis
1367 1768 1445 1822 rei
1472 1765 2147 1838 antiquariae_snlertissi-a

542 1834 974 1910 musscrutator,
1001 1854 1137 1908 quos
1157 1838 1423 1910 Paulinus;
1442 1854 1546 1892 non
1583 1834 1729 1892 misit
1759 1834 1827 1910 ad
1855 1834 2136 1900 Severum,
2173 1849 2222 1910 Β

544 1908 689 1976 quod
717 1908 831 1978 ejus
859 1907 1099 1965 eccleSiae
1149 1925 1256 1963 non
1285 1908 1646 1977 quadrarent,
1692 1907 1795 1978 qui;
1817 1921 2139 1978 novam_ex-

542 1973 789 2034 struebat
810 1980 1112 2046 ecclesiam,
1147 1979 1235 2034 ubi
1267 1973 1393 2034 ante
1418 1989 1572 2034 vetus
1610 1973 1727 2032 non
1771 1975 1965 2030 fuerat.
1999 1973 2143 2032 Sunt

546 2054 723 2104 autem
752 2049 807 2104 hi
832 2067 1014 2106 versus
1046 2069 1058 2103 :

673 2149 855 2200 Parvus
881 2160 988 2200 erat
1014 2150 1149 2200 locus
1170 2157 1304 2211 ante,
1331 2152 1484 2199 sacris
1507 2157 1745 2210 angustus
1768 2148 1991 2210 agendis,

726 2211 1135 2275 Suppliciliusque
1160 2225 1347 2274 negans
1371 2213 1588 2275 pandere
1616 2223 1759 2275 posse
1784 2222 1956 2258 manus
1977 2223 1989 2257 :

670 2271 810 2336 Nune
835 2271 1010 2335 populo
1031 2271 1248 2336 s'patiosa'
1265 2271 1416 2322 sacris
1437 2271 1824 2333 altaria‘praebet

729 2334 913 2385 omnis
935 2334 1084 2387 medii
1110 2338 1338 2397 martyris
1362 2339 1406 2384 in
1432 2335 1640 2394 gremio.

665 2395 977 2458 Cuncta'Deo
999 2395 1472 2458 renovata'placent,
1501 2405 1644 2445 novat
1663 2397 1826 2458 omnia
1851 2407 2050 2458 semper

727 2457 969 2518 Christus,
995 2467 1048 2510 et
1073 2461 1120 2507 in
1143 2458 1390 2508 cumulum
1415 2457 1613 2506 luminis
1637 2457 1914 2519 ampliﬁcat.

664 2520 745 2571 Sic
771 2529 822 2571 et
845 2523 1011 2571 dilecti
1035 2520 1206 2570 solium
1232 2520 1411 2570 Felicis
1434 2521 1696 2580 honoratis,

728 2582 789 2633 Et
811 2583 1077 2646 Splendore
1099 2583 1240 2632 simul
1267 2582 1466 2644 protulit
1492 2589 1545 2632 et
1567 2583 1741 2644 spatio.

540 2673 873 2732 Rosvnvnus.

606 2745 731 2802 Not.
765 2745 885 2800 162.
929 2745 1143 2800 Duabus
1165 2746 1379 2800 dextera
1400 2743 1626 2816 [tetraque
1657 2745 1946 2816 conchulis.
1966 2778 2036 2789 —-
2066 2744 2137 2802 Ut

535 2815 628 2893 hic
679 2817 926 2893 δίκογχοὲ
957 2817 1041 2872 vel
1085 2815 1591 2893 pqlius_rpixor‘xoc,
1633 2815 1678 2868 Si
1708 2816 1969 2893 majorem
1997 2832 2135 2893 gon-

535 2887 693 2943 cham
736 2885 892 2943 simul
923 2885 1382 2956 comprehenda's,
1421 2885 1564 2942 absis
1608 2886 1793 2956 templi
1834 2901 1866 2939 a
1906 2885 1964 2941 S.
1997 2885 2137 2942 Pau-

534 2957 649 3014 lino
675 2957 945 3030 aediﬁcati,
979 2973 1009 3011 a
1041 2957 1248 3030 fornice
1276 2957 1606 3030 concharum
1651 2957 1835 3030 specie
1855 2995 1869 3019 ,
1888 2958 1992 3030 _ita
2022 2966 2136 3030 τρὶ·-

534 3049 727 3100 κογχον
776 3029 829 3083 in
868 3027 1140 3083 Chronico
1181 3027 1730 3100 Alexandrinoianno
1761 3026 2140 3100 ,59_Theodo—

533 3096 776 3162 sii','cum
805 3100 1061 3153 obteri-.13
1104 3106 1309 3153 motum
1350 3096 1606 3153 solemnis
1647 3097 1908 3153 memoria
1958 3101 2135 3168 agitur

535 3170 874 3245 τῆς-λιτανὶᾳς
901 3173 1046 3245 ἐνῇτῷ
1069 3169 1334 3245 τρικόιγχῷ
1356 3173 1458 3245 ςπρό
1483 3169 1671 3245 ή-ξιδῶν
1694 3170 2002 3245 Naraggara.
2041 3170 2133 3224 Li-

535 3241 801 3293 taniarum
825 3241 877 3293 in
899 3237 1202 3293 triclion'cho
1221 3237 1324 3292 'vitt
1354 3237 1472 3293 idus
1499 3237 1826 3293 Novembris.
1859 3237 1949 3295 Sic
1977 3242 2136 3297 ἑπτά-

533 3310 1301 3384 κργχογᾘῐιῆοιὶηίιιηι,ρεζριςηι
1328 3308 1628 3384 fornicibus
1650 3310 1978 3384 concharum
1990 3319 2133 3384 spe-

534 3377 940 3442 cié'sull'ultum,
971 3380 1025 3434 in
1067 3377 1277 3432 Palatio
1322 3377 1610 3434 Iustiniani
1664 3379 1792 3448 imp.
1820 3381 1965 3448 quod
1989 3377 2132 3435 Hor-

535 3451 724 3522 ntisda:
753 3451 1049 3522 dicebatur,
1082 3449 1161 3522 uti
1179 3448 1356 3522 habet
1403 3449 1628 3522 collatio;
1657 3447 2132 3522 Constantinopoli

534 3518 718 3592 habita
756 3537 878 3576 cum
915 3519 1223 3592 Severianis
1268 3527 1520 3592 tempore
1549 3519 1811 3592 Johannis
1866 3521 1909 3576 11
1956 3518 2129 3592 papae.

536 3589 840 3658 Conchulas
867 3591 918 3646 in
949 3591 1132 3645 absida
1177 3587 1424 3658 agnoscit
1452 3591 1615 3644 etiam
1641 3587 1977 3648 Glossarium
2027 3587 2126 3647 ins.

535 3656 902 3716 Bertinianum
934 3680 946 3714 :
977 3656 1233 3724 Absidas,
1277 3661 1489 3718 latiores
1535 3661 1834 3718 conc/mlas.
1890 3663 2132 3719 Rosvsr-

535 3744 654 3787 DUS.

607 3823 727 3879 Not.
774 3822 897 3878 165.
944 3824 1288 3894 Una_earum
1313 3824 1606 3894 immolanti
1634 3812 2129 3894 hostias'jubilatio-

535 3896 616 3949 nis
647 3903 806 3966 patet.
828 3927 901 3938 -—-
928 3894 1055 3966 Haec
1074 3892 1327 3966 Paulinus
1348 3893 1580 3966 debinis
1593 3894 1815 3966 conchis
1837 3892 2132 3951 minoribus

535 3963 701 4020 verba
731 3965 953 4021 faciens.
985 3963 1087 4019 Ubi
1114 3979 1214 4034 pro
1242 3972 1402 4034 patet,
1422 3963 1707 4031 legendum
1730 3973 1882 4034 parat
1909 3980 2131 4021 censue-

535 4036 669 4102 rim;
699 4036 900 4106 quippe
926 4036 981 4090 in
1001 4035 1111 4106 hac
1139 4036 1343 4106 concha
1376 4035 1576 4106 hostias
1605 4051 1708 4088 non
1731 4035 1966 4089 immolat
1995 4039 2132 4091 anti-

536 4117 658 4171 stes,
687 4105 780 4161 sed
809 4105 862 4160 in
893 4105 1068 4161 media
1099 4112 1154 4159 et
1182 4105 1372 4173 majori
1402 4105 1610 4160 concha
1643 4123 1656 4155 :
1704 4105 1972 4175 prothesis
2001 4121 2130 4162 vero

540 4177 740 4260 hostias
749 4175 1088 4260 jubilationis.
1105 4175 1416 4260 immolanti,
1442 4192 1544 4260 seu
1575 4175 1756 4257 potius
1786 4176 2130 4260 immolatum

537 4245 765 4320 antistiti
793 4255 980 4320 parat,
1007 4246 1090 4301 vel
1118 4255 1420 4320 prteparat._
1438 4245 1576 4300 Cum
1610 4247 1754 4300 enim
1792 4247 1852 4320 _in
1902 4254 2131 4315 utraque

535 4318 746 4373 concha
774 4315 893 4387 qua:
917 4317 985 4372 ad
1015 4331 1230 4387 sacram
1245 4315 1513 4385 liturgiam
1539 4315 1899 4387 peragendam
1933 4331 2130 4382 neces-

536 4389 679 4442 saria
708 4386 849 4454 sunt,
879 4396 1040 4457 atque
1060 4387 1197 4442 adeo
1221 4386 1272 4440 in
1293 4387 1536 4456 prothesi
1567 4386 1744 4441 hostia
1766 4394 1822 4439 et
1845 4386 2046 4454 vinum,
2075 4387 2129 4440 in

537 4457 816 4514 diaconico
835 4456 1013 4512 vestes
1042 4467 1097 4512 et
1125 4457 1268 4524 libri,
1297 4465 1351 4511 et
1377 4472 1506 4511 vasa
1535 4471 1599 4510 ac
1626 4456 1922 4510 ministeria
1952 4458 2129 4511 eccle-

536 4529 751 4584 siastica
805 4539 1076 4598 parentur,
1111 4527 1237 4582 inde
1265 4528 1401 4582 bina:
1442 4527 1714 4598 paratoria
1753 4536 2130 4594 nuncupantur

537 4600 595 4653 in
621 4593 1080 4653 ordine'Romano
1113 4615 1125 4650 :
1160 4598 1384 4652 Calicem
1425 4593 1596 4650 autem
1623 4593 1966 4650 subdiaconus
1987 4599 2127 4650 acci-
2157 4593 2210 4654 D

537 4669 614 4739 pit
635 4684 866 4739 sequens,
888 4678 936 4721 et
957 4670 1048 4722 dat
1087 4669 1345 4736 acolytlio,
1377 4679 1428 4739 et
1470 4668 1563 4739 ille
1601 4675 1803 4720 revocat
1831 4669 1885 4720 in
1915 4678 2127 4736 parato-

537 4737 912 4808 rium,'ncmpe
941 4739 994 4792 in
1024 4739 1305 4808 prothesin,
1339 4737 1429 4792 ubi
1460 4737 1657 4808 calices
1698 4745 1754 4790 et
1781 4745 1959 4791 cetera
1978 4807 1981 4808 ν
2000 4754 2129 4794 vasa

537 4808 606 4879 ad
637 4807 883 4879 sacriﬁcii
897 4806 1051 4879 usum
1071 4809 1488 4879 reponebantur,
1512 4806 1656 4879 quod
1686 4822 1754 4879 εξ
1780 4808 1946 4861 sacris
1974 4807 2128 4863 litur-

577 4877 640 4950 iis
659 4877 875 4950 abunde
894 4878 1109 4947 probari
1133 4875 1332 4950 potest.
1346 4875 1608 4950 Camenis,
1634 4877 1690 4930 in
1715 4875 2126 4950 Constantinop.

590 4948 742 5002 hrist.
777 4947 868 5003 lib.
895 4946 979 5017 in,
1011 4946 1146 5019 pag.
1168 4946 1239 5002 59
1261 4955 1318 5003 et
1336 4947 1425 5001 60.

609 5043 732 5100 Not.
761 5043 882 5098 164.
902 5044 1078 5114 Altera
1099 5052 1213 5114 post
1231 5043 1542 5114 sacri/icium
1569 5043 1749 5112 capaci
1771 5043 1885 5114 sinu
1900 5053 2127 5114 receptat

537 5123 769 5170 orantes.
798 5148 870 5158 ——
890 5113 1117 5170 Peracto
1138 5115 1280 5168 enim
1309 5113 1570 5168 sacriﬁcio
1598 5127 1665 5167 eo
1685 5113 2019 5169 secedebant
2036 5129 2120 5168 sa-

526 5186 788 5246 cerdotes
815 5195 870 5241 et
898 5183 1133 5250 diaconi,
1178 5193 1235 5238 et
1281 5199 1556 5238 sacrorum
1603 5182 1864 5238 iibrorum
1909 5184 2127 5238 lectioni

539 5271 761 5325 operam
789 5257 1006 5311 dabant.
1049 5254 1210 5310 Certe
1253 5254 1306 5308 in
1335 5268 1400 5308 ea
1429 5253 1632 5325 concha
1662 5251 1832 5325 factas
1863 5253 2128 5325 ejusmodi

539 5322 801 5382 lectiones
827 5325 988 5382 docet
1015 5327 1147 5382 satis
1173 5339 1440 5393 superque
1465 5322 1702 5379 Codinus
1731 5323 1822 5378 lib.
1858 5324 1925 5378 de
1947 5322 2125 5386 Ollio,

537 5412 586 5450 c.
623 5394 708 5461 15,
735 5415 789 5451 n.
813 5395 867 5461 4,
889 5396 1016 5452 dum
1042 5397 1118 5451 ait
1138 5397 1516 5466 imperatorem
1538 5395 1591 5448 in
1609 5393 1779 5466 tndem
1799 5394 2127 5466 Sophianam

541 5465 815 5533 secedere,
848 5467 1027 5536 ibique
1047 5465 1227 5535 magni
1261 5465 1442 5520 Basilii
1466 5465 1808 5536 precationes
1836 5480 1866 5518 a
1896 5465 2129 5536 patriar-

539 5538 637 5590 cha
663 5534 955 5606 praelectas‘
966 5534 1223 5593 exaudire
1243 5537 1453 5594 πλησίον
1474 5543 1565 5591 τοῦ
1597 5534 1896 5606 διακονικοῦ,
1921 5535 2026 5606 hoc
2049 5542 2133 5606 est

536 5603 690 5675 juxta
725 5609 1008 5679 concham,
1029 5623 1148 5679 qua}
1178 5607 1450 5679 διᾳκονικὸν
1480 5604 1802 5679 vocabatur;
1835 5619 1959 5658 nam
1987 5603 2131 5679 hand

541 5679 730 5800 Brocui
758 5674 1004 5733 exstabat
1047 5674 1204 5734 sedes
1232 5675 1570 5746 imperatoris
1595 5689 1712 5728 cum
1742 5689 2018 5730 sacrorum
2066 5674 2131 5728 li-

585 5763 765 5800 rorum
797 5749 1084 5800 lectionem
1107 5746 1292 5800 auditu
1311 5745 1631 5800 excipiebat.
1665 5744 2006 5799 Diaconicum
2035 5745 2131 5800 igi-

585 5763 765 5801 rorum
797 5749 1084 5803 lectionem
1107 5746 1292 5801 auditu
1309 5744 1631 5814 excipiebat.
1665 5744 2006 5799 Diaconicum
2035 5745 2132 5812 igi-

547 5827 635 5867 tur
657 5817 993 5898 hmcconcha
1016 5817 1281 5898 appellata
1295 5824 1392 5898 test
1408 5815 1552 5886 quod
1566 5823 1710 5898 esset
1735 5814 2134 5898 quodammodo

547 5885 819 5953 appendix
847 5885 1065 5953 majoris
1090 5885 1363 5942 ’diaconici
1387 5885 1487 5942 seu
1511 5885 1818 5952 secretarii,
1849 5885 1905 5942 in
1942 5899 2050 5954 quo
2078 5893 2135 5940 et

2251 540 2548 620 ministeria
2598 538 3026 620 asservabantur,
3058 554 3126 592 ex
3152 554 3260 620 quo
3288 554 3407 609 qua:
3435 539 3500 593 ad
3530 538 3743 620 sacram
3769 538 3828 596 li;

2253 613 2484 681 turgiam
2513 609 2870 681 peragendam
2891 609 3218 681 _neces_saria
3246 619 3401 664 erant
3426 610 3826 680 promebantur,

2250 691 2307 737 et
2337 677 2390 737 in
2419 677 2558 735 hanc
2584 677 2845 735 concham
2874 677 3272 745 deferebantur,
3298 677 3569 749 quie’inde
3598 677 3830 738 diaconi-

2251 769 2372 808 cum
2395 751 2658 821 appellata
2686 758 2798 814 est;
2823 764 2945 822 nam
2962 750 3014 804 in
3044 765 3108 804 ea
3127 749 3827 822 vestessacrasinduebant,

2250 832 2305 877 et
2346 819 2596 877 sacerdos
2642 835 2792 876 sacra
2841 821 3083 874 facturus
3113 859 3128 884 ,
3163 829 3218 874 et
3275 819 3486 876 diaconi
3543 821 3598 876 ei
3653 819 3827 879 ιιιὶυίςὲ

2251 893 2460 947 traturi.
2487 890 2639 971 Unde
2660 906 2780 970 curn
2803 890 3196 971 scevOphylacii
3218 891 3582 971 appellatione
3611 891 3829 971 donare-

2251 973 2356 1028 tur,
2392 961 2618 1032 perinde
2645 959 2816 1029 majus
2844 959 3202 1032 discenicum,
3231 959 3353 1015 inde
3395 962 3559 1016 etiam
3594 959 3826 1020 diaconi-

2250 1049 2370 1087 cum
2393 1030 2596 1100 minus,
2638 1045 2733 1085 seu
2787 1030 2988 1102 concha
3036 1030 3337 1102 diaconici,
3365 1032 3828 1102 scev0phylacium

2249 1103 2516 1157 interdum
2542 1112 2800 1156 vocatur:
2833 1100 2969 1155 adeo
3001 1108 3059 1155 ut
3083 1115 3202 1169 quze
3230 1102 3282 1156 in
3326 1100 3556 1170 liturgiis
3582 1100 3642 1156 ε.
3677 1102 3829 1159 Marci

2249 1183 2303 1242 et
2324 1173 2378 1227 S.
2409 1171 2614 1237 Jacobi,
2644 1176 2693 1226 ἐν
2722 1171 2985 1241 διακονικῷ
3012 1172 3193 1242 peragi
3219 1187 3408 1242 preces
3444 1181 3648 1227 exacto
3676 1175 3826 1230 sacri-

2251 1241 2370 1319 ﬁcio
2399 1244 2667 1319 dicuntur,
2676 1257 2751 1319 _ea
2791 1242 2844 1296 in
2873 1242 3085 1310 liturgia
3106 1240 3479 1314 Chrysostomi
3507 1246 3557 1298 ἐν
3589 1265 3828 1319 σκενοςνν-

2247 1315 2403 1386 λαζιξῳ
2435 1313 2883 1386 ῦθιὶᾼξοιίὺιιιιιιιιν.

2318 1382 2586 1438 M'etatorii
2611 1383 2839 1452 denique
2856 1383 3270 1453 appellationem
3291 1383 3479 1438 habttit
3500 1382 3700 1439 eadem
3719 1401 3827 1440 con

2250 1455 2374 1519 eha,
2405 1453 2854 1522 quemalmodum
2881 1453 3053 1520 majus
3094 1453 3452 1508 diaconicum.
3486 1453 3604 1508 Sed
3650 1464 3826 1511 etnon

2249 1523 2447 1596 desunt
2474 1525 2564 1594 qui
2592 1530 2762 1596 totum
2816 1523 3062 1596 bematis,
3095 1532 3248 1578 extra
3274 1523 3458 1596 altaris
3505 1523 3634 1596 vela
3683 1533 3825 1596 atque

2248 1594 2386 1648 adeo
2409 1593 2560 1650 extra
2591 1593 2848 1662 majorem
2890 1594 3170 1657 concham,
3223 1593 3454 1662 spatium
3497 1593 3823 1651 diaconicinn

2249 1665 2575 1734 appellatum
2619 1663 2783 1734 91h.
2813 1665 3015 1729 volunt,
3045 1663 3188 1732 quod
3229 1679 3348 1717 cum
3387 1664 3528 1719 intra
3570 1665 3718 1732 vela,
3743 1681 3824 1723 seu

2249 1739 2699 1810 nspansraquara
2719 1734 2785 1810 de
2805 1735 2998 1803 quibus
3020 1749 3147 1810 mox
3173 1747 3412 1810 agemus,
3435 1735 3568 1810 solis
3595 1736 3821 1810 sacerdo-

2251 1804 2393 1861 tibus
2413 1807 2710 1882 consistere
2730 1804 2936 1872 liceret,
2961 1820 3080 1882 qua:
3107 1805 3347 1882 bematis
3363 1820 3488 1874 pars
3511 1805 3647 1882 inde
3698 1810 3818 1882 ἱερα-

2247 1885 2382 1932 τεῖον
2404 1875 2770 1946 propriedicta
2794 1882 2895 1940 est,
2918 1875 3122 1946 reliqua
3138 1875 3378 1929 diaconis
3397 1876 3670 1944 permissa
3681 1875 3817 1943 esset,

2249 1955 2312 2000 ut
2337 1945 2427 2015 qui
2456 1945 2522 2000 ad
2571 1953 2850 2015 utramque
2895 1945 3173 2006 concham,
3227 1945 3506 2015 prothesin
3550 1947 3815 2002 scilicetet

2249 2014 2607 2079 diaConicum,
2640 2031 2738 2084 pro
2760 2014 2923 2070 ofﬁcii
2950 2016 3164 2085 ratione
3187 2014 3502 2085 peragendi,
3535 2017 3599 2070 in
3632 2018 3692 2073 iis
3710 2032 3811 2072 con-

2248 2087 2472 2141 sistendi
2501 2083 2720 2141 necesse
2741 2086 3019 2140 haberent.
3044 2084 3176 2138 Nam
3190 2083 3456 2155 ’Symeon.
3494 2085 3710 2154 Thess,
3735 2086 3801 2142 lib.

2248 2156 2316 2212 de
2345 2157 2588 2228 Templo,
2618 2157 2694 2210 ait
2719 2156 2848 2228 nulli
2877 2156 3042 2228 licere
3069 2155 3120 2209 in
3144 2169 3297 2228 sacro
3326 2157 3640 2228 synthrono
3657 2160 3802 2214 sedere

2247 2226 2604 2298 prteterquam
2632 2226 3018 2288 sacerdotibus,
3049 2240 3112 2279 ac
3138 2241 3206 2281 ne
3235 2226 3366 2298 ipsis
3393 2226 3628 2296 quidem
3662 2229 3792 2282 diaco-

2244 2295 2347 2361 nis,
2379 2295 2573 2366 quibus
2600 2297 2737 2350 alius
2775 2298 3062 2350 attributus
3106 2304 3189 2349 est
3241 2295 3421 2366 locus,
3463 2298 3782 2364 diaconum,

2243 2365 2500 2423 locus’sic
2523 2367 2716 2431 dictus,
2750 2367 2800 2419 in
2822 2371 2930 2434 quo
2960 2365 3242 2421 considere
3264 2365 3468 2421 licitum
3498 2369 3600 2423 sit.
3622 2368 3786 2423 Videtur

2243 2438 2388 2492 enim
2429 2437 2702 2492 διακονικὸν
2731 2437 2991 2509 appellari
3018 2437 3177 2509 etiam
3209 2437 3386 2509 velum
3424 2437 3642 2509 altaris,
3681 2437 3792 2509 quasi

2242 2515 2417 2579 totum
2436 2509 2664 2579 bematis
2692 2508 2925 2579 spatium
2953 2506 3097 2579 quod
3127 2514 3280 2560 extra
3304 2506 3422 2562 vela
3453 2507 3649 2563 altaris
3689 2506 3801 2579 patet

2243 2576 2582 2649 diaconicum
2627 2576 2800 2643 sit,’et
2829 2577 2952 2647 quia
2998 2577 3051 2631 in
3079 2592 3146 2649 eo
3184 2585 3236 2632 et
3264 2579 3569 2634 consistere
3622 2588 3672 2634 et
3691 2576 3802 2649 pro-

2240 2649 2390 2716 gredi
2434 2664 2532 2719 pro
2560 2647 2849 2704 functionis
2876 2662 2986 2702 sua:
3015 2647 3245 2713 ratione,
3289 2663 3398 2719 non
3427 2657 3617 2703 autem
3646 2647 3799 2704 sacra-

2240 2719 2380 2774 rium
2410 2718 2615 2788 ingredi
2637 2719 2740 2774 illis
2760 2719 2974 2783 liceret,
3006 2718 3456 2788 quemadmodum
3489 2719 3803 2774 subdiaconis

2241 2789 2432 2845 eadem
2452 2787 2680 2844 bematis
2708 2789 2880 2859 spatia
2905 2828 2921 2853 ,
2955 2803 3074 2859 cum
3096 2787 3411 2843 subdiaconi
3441 2798 3499 2843 et
3522 2789 3743 2844 lectores
3765 2789 3806 2843 in

2241 2861 2391 2915 solea
2417 2869 2569 2914 extra
2599 2858 2825 2914 bematis
2873 2858 3144 2913 cancellos
3181 2860 3564 2925 consisterent,
3596 2868 3655 2913 ut
3678 2861 3808 2916 docet

2241 2929 2385 2984 idem
2432 2929 2971 3000 Thessalonicensis.
2997 2928 3184 3000 A_tque
3219 2929 3346 3000 inde
3383 2931 3661 3000 colligitur
3706 2930 3807 2999 quid

2239 3008 2444 3055 statuat
2471 3017 2644 3056 canon
2693 2999 2754 3054 21
2787 2999 2978 3070 synodi
3024 2997 3243 3053 Laodic.
3270 2999 3398 3053 dum
3429 2997 3652 3056 ait'non
3680 2997 3807 3054 licere

2238 3071 2570 3126 subdiaconis
2595 3074 2735 3126 intra
2765 3071 2977 3125 bematis
3007 3070 3265 3124 cancellos
3295 3073 3585 3126 consistere
3612 3090 3629 3125 :
3677 3074 3727 3124 οὐ
3748 3071 3808 3126 δεῖ

2243 3144 2715 3218 ῥῖτηρέτριςμχῴραν
2747 3141 2907 3218 -ἔχειν
2955 3143 3004 3194 ἐν
3031 3149 3103 3218 τῷ
3129 3139 3414 3214 διακονικῷ,
3448 3141 3502 3195 id
3533 3143 3669 3218 enim
3699 3142 3808 3218 solis

2162 3224 2209 3286 ρ
2241 3211 2483 3267 diaconis
2505 3211 2721 3286 licebat.
2747 3211 2832 3286 Ita
2847 3227 3019 3286 porro
3049 3211 3191 3265 hunc
3217 3211 3484 3286 cntionem
3515 3213 3808 3286 capiendum

2238 3297 2338 3352 par
2354 3291 2436 3338 est
2457 3285 2697 3348 credere,
2724 3285 2824 3338 etsi
2847 3281 3130 3337 Balsamon
3158 3290 3212 3336 et
3235 3281 3473 3336 Zonaras
3498 3281 3808 3337 diaconicum

2239 3352 2308 3407 de
2335 3369 2558 3422 munere
2579 3354 2794 3409 diaconi
2825 3353 3165 3422 interpretati
3193 3353 3317 3406 sint.
3353 3352 3533 3407 Priori
3561 3368 3677 3406 sane
3699 3359 3808 3406 sen-

2238 3423 2421 3476 tentiae
2441 3421 2584 3478 favet
2604 3424 2836 3478 Isidorus
2866 3421 3150 3487 Mercator,
3176 3421 3265 3491 qui
3295 3423 3579 3479 διακονικὸν
3602 3431 3803 3476 secreta—

2237 3494 2373 3547 rium
2400 3496 2561 3548 vertit
2585 3513 2597 3547 :
2624 3494 2992 3564 Secretarium,
3023 3493 3217 3564 inquit,
3245 3495 3382 3564 quod
3426 3492 3589 3549 Grati
3611 3493 3797 3564 διακονιε

2237 3566 2321 3634 κὸν
2357 3574 2559 3630 vocant,
2619 3580 2736 3634 quae
2760 3563 2979 3634 totidem
3001 3561 3178 3617 verbis
3207 3561 3478 3618 habentur
3504 3565 3554 3618 in
3591 3561 3791 3634 concilio

2236 3633 2558 3698 Arelatensi,
2589 3632 2708 3690 ean.
2757 3633 2845 3698 66,
2871 3635 2944 3688 ita
2973 3641 3032 3687 ut
3077 3648 3174 3703 per
3205 3635 3542 3688 secretarium
3567 3632 3795 3688 concham

2236 3703 2566 3759 intellexerit
2590 3720 2750 3774 quam
2783 3703 2954 3760 Grteci
2985 3703 3272 3775 διακονικὸν
3302 3713 3613 3775 nuncupant
3635 3716 3804 3775 quea

2235 3775 2477 3830 diaconis
2505 3775 2557 3830 in
2587 3773 2651 3830 ea
2675 3774 3098 3828 ministrantibus
3135 3789 3328 3828 nomen
3377 3773 3590 3838 sumsit,
3622 3773 3692 3828 uti
3717 3773 3806 3826 ob-

2234 3845 2590 3901 servavimus.
2618 3845 2752 3899 Nam
2772 3845 2862 3899 vix
2891 3852 2974 3898 est
3001 3843 3178 3899 simile
3206 3860 3336 3899 vero
3365 3846 3698 3900 diaconieum
3719 3857 3807 3912 pro

2235 3915 2436 3970 exedra
2465 3924 2616 3971 extra
2644 3915 2813 3970 tndem
2839 3915 2912 3968 ita
2937 3923 3240 3984 nuncupata
3269 3916 3406 3969 smni
3457 3915 3674 3975 debere,
3700 3929 3811 3984 cum

2235 3995 2294 4040 et
2323 3987 2377 4039 in
2406 4000 2470 4040 ea
2517 3986 2792 4055 quibusvis
2821 3985 3062 4039 ecclesiae
3110 3983 3364 4039 ministris
3395 3985 3695 4040 consistere
3741 3983 3810 4038 fas

2235 4067 2400 4121 esset,
2425 4064 2480 4111 et
2504 4071 2570 4111 ex
2599 4071 2663 4112 ea
2691 4056 2873 4111 clerici
2921 4069 3111 4125 omnes
3134 4055 3198 4107 ad
3241 4056 3412 4110 altare
3443 4055 3813 4125 procederent.

2233 4126 2354 4196 Jam
2377 4141 2507 4181 vero
2533 4127 2678 4196 quod
2720 4126 2785 4187 in
2826 4125 3055 4196 concilio
3087 4124 3388 4181 Arelatensi
3422 4123 3462 4196 ti
3489 4126 3586 4180 sub
3636 4123 3816 4179 Siricio

2235 4195 2367 4265 PP.,
2397 4212 2518 4251 can.
2553 4195 2638 4262 15,
2671 4196 2879 4251 diaconi
2925 4195 3101 4249 sedere
3128 4197 3263 4266 inter
3290 4195 3614 4266 presbyteros
3652 4197 3706 4248 in
3732 4211 3815 4266 see

2234 4269 2456 4322 cretario
2481 4275 2753 4330 vetantur,
2787 4266 2839 4320 id
2876 4265 3088 4320 videtur
3129 4265 3351 4334 intelligi
3392 4264 3486 4320 aut
3521 4264 3588 4319 de
3637 4264 3816 4334 majori

2234 4338 2534 4400 diaconico,
2560 4339 2872 4400 secretario,
2895 4335 2980 4390 vel
3004 4335 3275 4401 vestiario,
3291 4337 3344 4390 in
3364 4351 3473 4405 quo
3494 4336 3816 4400 sacerdotes,

2233 4408 2321 4463 vel
2350 4408 2635 4472 antistites,
2669 4408 2736 4461 de
2765 4406 2924 4461 rebus
2944 4406 3322 4460 ecclesiasticis
3349 4406 3700 4460 deliberaturi
3735 4421 3814 4460 se-

2234 4477 2518 4543 cedebant;
2560 4487 2616 4532 et
2643 4485 2702 4531 ut
2727 4476 2908 4532 verbis
2936 4485 3056 4529 utar
3095 4474 3315 4545 Sulpicii
3344 4474 3560 4537 Severi,
3591 4491 3718 4530 cum
3743 4475 3816 4529 vel

2235 4547 2632 4602 salutationibus
2649 4557 2905 4614 vacantes,
2920 4547 2995 4599 vel
3011 4546 3282 4599 audiendis
3299 4545 3659 4616 negationibas
3672 4545 3818 4615 (forte

2235 4617 2687 4690 negotiationibus)
2712 4619 2943 4690 occupati
2970 4616 3021 4668 in
3054 4633 3119 4671 eo
3135 4615 3517 4690 considebant;
3539 4616 3624 4690 vel
3653 4616 3818 4690 potius

2238 4686 2318 4745 de'
2337 4689 2530 4744 minori
2561 4686 2862 4754 diaeonico,
2893 4686 2946 4740 id
2972 4693 3075 4751 est,
3105 4686 3310 4742 concha
3343 4701 3505 4756 quam
3553 4686 3819 4741 διακονικὸν

2237 4768 2450 4815 vocant.
2493 4759 2553 4812 In
2577 4759 2681 4812 hoc
2727 4759 2868 4811 enim
2911 4755 3211 4821 diaconico,
3253 4757 3468 4826 quando
3521 4756 3819 4812 sacerdotes

2235 4846 2389 4886 sacra
2410 4829 2601 4884 facturi
2623 4828 2676 4882 in
2705 4843 2771 4883 eo
2791 4842 2973 4882 sacras
2991 4836 3166 4882 vestes
3195 4827 3439 4894 induunt,
3463 4835 3555 4881 aut
3574 4827 3679 4880 alia
3711 4841 3820 4896 quae

2237 4900 2306 4954 ad
2331 4914 2537 4954 sacram
2576 4899 2844 4966 liturgiam
2886 4905 3129 4967 spectant
3171 4906 3553 4966 exsequuntur,
3583 4912 3706 4951 cum
3737 4898 3814 4959 iis,

2240 4971 2310 5025 ob
2332 4970 2690 5025 reverentiam
2719 4984 2881 5036 quam
2911 4967 3233 5036 sacerdotali
3264 4967 3565 5023 characteri
3603 4967 3818 5036 debent,

2240 5041 2432 5095 sedere
2459 5035 2833 5110 prohibentur.
2851 5037 3177 5110 (Σιδοιιιωιι
3191 5035 3597 5110 Constantinop.
3622 5035 3815 5110 Christ.

2240 5111 2334 5164 lib.
2368 5127 2441 5176 ιιι,
2461 5107 2587 5179 pag.
2620 5107 2755 5165 60et
2775 5109 2862 5162 61.
2894 5109 3028 5163 Vide
3054 5108 3384 5163 Glossarium
3410 5107 3654 5164 Latinum
3684 5107 3817 5176 ejus-

2237 5180 2381 5246 dem,
2415 5191 2663 5249 tom.rtn,
2690 5192 2812 5249 pag.
2844 5179 2967 5232 770.

2308 5250 2431 5305 Not.
2466 5248 2588 5303 165.
2635 5247 2941 5304 Perlucente
2983 5257 3291 5302 transenna.
3321 5280 3392 5290 —
3419 5247 3738 5303 Transennze
3767 5247 3817 5300 in

2237 5321 2470 5376 basilicis
2519 5319 2722 5374 mentio
2749 5334 2964 5388 quoque
2989 5319 3128 5388 apud
3160 5319 3496 5373 Anastasium
3525 5318 3814 5388 Bibliotlten-r

2239 5392 2440 5446 carium
2471 5392 2524 5445 in
2554 5390 2708 5444 Sixto
2731 5389 2796 5444 111
2829 5407 2840 5442 :
2870 5387 3424 5458 Fecit’Confessionem
3455 5388 3516 5443 B.
3554 5387 3816 5442 Laurentii

2238 5464 2481 5532 martyris
2504 5478 2620 5542 cum
2662 5459 3330 5542 columnisPorphyreticis,
3356 5470 3405 5511 et
3433 5461 3628 5542 ornavit
3670 5468 3815 5510 tran-

2234 5527 2451 5586 sennam
2479 5542 2526 5585 et
2554 5531 2721 5585 altare
2739 5542 2789 5583 et
2816 5527 3186 5600 confessionem
3219 5528 3278 5582 S.
3310 5532 3555 5600 martyris
3585 5527 3816 5600 Lauren-

2238 5605 2294 5674 tii
2321 5603 2383 5674 d_e
2427 5611 2642 5674 argento
2673 5598 2966 5674 purissimo.
3010 5599 3337 5668 Bulengerus
3365 5598 3576 5674 nomen,
3616 5598 3705 5674 lib.
3741 5611 3813 5660 Ill,

2235 5672 2304 5727 de
2332 5669 2509 5742 Temp
2524 5673 2588 5736 is,
2621 5669 2739 5742 cap.
2773 5670 2858 5742 ill,
2890 5687 2988 5741 per
3037 5680 3371 5723 transennam
3411 5669 3654 5742 intelligit
3691 5681 3813 5736 per-

2236 5742 2414 5811 gulam
2462 5740 2613 5797 extra
2655 5740 2909 5812 templum
2948 5749 3272 5812 porrectam,
3314 5740 3701 5812 quantransitur
3728 5749 3816 5812 su-

2205 5817 2208 5820 ’
2237 5806 2511 5884 perposito
2535 5821 2698 5884 tecto.
2731 5806 2843 5878 Est,
2877 5806 3070 5882 inquit,
3088 5810 3262 5884 quasi
3292 5806 3534 5884 quaedam
3552 5806 3816 5884 superior

2239 5874 2530 5940 ambulatio
2578 5883 2720 5942 inter
2759 5874 3066 5954 utramque
3087 5874 3360 5937 basilicam
3408 5874 3703 5952 intcrjecta.
3736 5874 3812 5931 Ita
