4006 6350
543 389 655 444 895

1080 529 1147 586 IN
1184 528 1400 586 EPIST.
1441 527 1599 583 XLII.

618 622 739 678 Not.
771 621 892 677 184.
937 621 1204 677 Florentio
1231 650 1301 660 —
1334 621 1358 688 1
1392 619 1490 675 Hie
1528 618 1826 674 Florentius
1874 617 1973 670 fuit
2020 615 2123 670 Ca-

547 693 824 748 durcensis
852 693 1166 763 episcopus,
1193 701 1250 747 ut
1276 691 1546 763 colligitur
1573 706 1640 745 ex
1683 689 1930 763 omnibus
1960 688 2125 763 titulis

545 764 792 819 codicum
827 757 955 819 mss.
986 757 1052 818 et'
1070 763 1335 818 editorum
1378 757 1468 816 ad
1495 761 1638 816 hanc
1683 759 1986 829 epistolam.
2022 757 2118 813 Ms.

544 833 680 904 Reg.
727 852 739 887 :
786 832 978 904 Incipit
1005 837 1072 888 al
1121 832 1444 904 Florentium
1477 834 1783 904 episcopum
1823 830 2127 904 delcivitate

544 901 967 959 Cadurcensium.
998 904 1096 959 Ms.
1124 904 1274 958 Vien.
1315 921 1326 956 :
1358 903 1440 956 Ad
1468 901 1794 956 Florentium
1831 902 2126 970 episcopum

543 971 939 1029 Cadurcensem.
993 973 1090 1029 Ed.
1126 974 1253 1028 Bad.
1301 982 1358 1027 ut
1399 989 1497 1027 ms.
1541 971 1696 1040 Reg.,
1729 971 1818 1026 sed
1849 969 1991 1038 addit
2016 970 2127 1038 epi-

542 1044 699 1099 stola.
731 1044 893 1100 Grav.
927 1045 1081 1109 item,
1127 1043 1247 1098 Divi
1276 1042 1581 1097 Paulini....
1616 1039 1870 1110 epistola.
1902 1039 2043 1094 sicut
2071 1049 2126 1094 et

542 1113 729 1170 Schol.
779 1112 997 1182 Sancti,
1035 1123 1138 1170 etc.
1187 1114 1244 1168 lu
1293 1114 1538 1168 omnibus
1589 1111 2129 1182 legiturdeucivitate

543 1185 949 1240 Cadurcensium
963 1180 991 1249 ς.
1012 1186 1106 1240 sed
1124 1186 1176 1240 in
1207 1184 1439 1239 editione
1467 1182 1642 1248 Grin.,
1680 1182 1831 1236 Patri
1856 1180 2127 1236 Florentio

543 1252 947 1326 Cadurcensium
972 1258 1231 1326 episcopo,
1261 1255 1537 1308 Paulinus.

615 1325 882 1381 Pamelius
904 1322 1035 1380 tom.
1063 1325 1083 1380 Ι
1115 1322 1341 1394 Liturg.,
1371 1339 1525 1394 pagg.
1560 1323 1683 1391 507,
1712 1323 1892 1378 seculo
1908 1322 1970 1394 V,
1999 1324 2130 1378 citat

544 1396 683 1452 hanc
713 1396 921 1451 Paulini
950 1397 1234 1465 epistolam
1263 1393 1382 1450 eum
1414 1395 1764 1465 inscriptione
1792 1394 1860 1447 ad
1905 1393 2128 1449 Floren-

546 1467 680 1537 tium,
720 1463 1133 1521 Tiburtittensent
1187 1467 1479 1537 episcopum
1503 1507 1516 1531 ,
1568 1463 1690 1537 pro
1716 1463 2124 1537 Cadurcensem;

544 1536 688 1606 quod
714 1538 853 1592 unde
884 1534 1308 1598 habeat.neseio.
1341 1535 1446 1590 Sed
1473 1534 1594 1592 cum
1623 1535 1820 1606 ibidem
1851 1545 2016 1603 ponat
2039 1534 2126 1590 In-

543 1605 850 1678 nocentium
867 1623 1059 1678 papam
1085 1607 1153 1662 ad
1181 1607 1319 1678 hanc
1339 1606 1668 1678 Florentium
1697 1605 2125 1678 Tiburtinensem

542 1677 852 1748 episcopum
871 1675 1158 1746 scripsisse
1184 1677 1466 1746 epistolam
1495 1692 1645 1732 suam
1675 1685 1946 1748 octavam,
1971 1675 2127 1733 facile

542 1745 770 1818 apparet
814 1745 1106 1803 Pamelium
1157 1745 1235 1802 ex,
1269 1763 1335 1801 eo
1368 1748 1638 1814 vulgatam
1687 1745 1894 1818 Paulini
1919 1747 2122 1810 inscri-

542 1816 784 1890 ptionem
833 1827 1103 1890 mutasse;
1151 1833 1285 1890 quo
1329 1817 1545 1890 accedit,
1594 1817 1738 1890 quod
1783 1816 2126 1873 Innocentius

542 1885 706 1944 etiam
737 1889 944 1944 litteras
978 1885 1198 1944 dederit
1223 1888 1291 1942 ad
1331 1885 1642 1942 Victricium
1674 1885 2126 1954 Rotomagensem

543 1961 874 2029 episcopum,
907 1959 1056 2027 cujus
1083 1973 1299 2028 quoque
1325 1959 1567 2012 meminit
1587 1956 1859 2011 Paulinus.
1892 1956 2020 2029 litae
2044 1974 2131 2012 oe-
2156 1967 2163 1973 '

545 2027 691 2084 casio
731 2027 898 2085 fuerit
949 2027 1184 2085 Pamelio
1214 2027 1646 2098 inscriptionem
1690 2027 1951 2082 mutandi.
1994 2028 2130 2084 Ros-

547 2115 768 2156 VEYDUS.

1033 2171 1135 2225 -ΙΝ
1176 2169 1389 2224 EPIST.
1429 2169 1607 2224 XLIII.

617 2264 780 2334 920
809 2261 931 2334 ΙΫοῐο
970 2260 1427 2334 185εῃῦεεεὶιιιξήοΖ
1443 2290 1522 2334 _——
1552 2261 1650 2317 Hic
1687 2263 1775 2318 ille
1802 2272 1885 2318 est
1914 2263 2131 2320 Deside-

547 2331 655 2387 rqu
678 2331 780 2387 cui
812 2332 1043 2388 Severus
1072 2331 1251 2387 Vitam
1302 2331 1364 2386 D.
1411 2331 1623 2388 Martini
1659 2335 1947 2404 inscripsit.
1991 2335 2129 2391 Ros-

548 2419 768 2458 VEYDUS.

549 2507 555 2514 -
618 2473 739 2529 Not.
773 2473 893 2527 186.
930 2472 1146 2528 Dissicit
1187 2475 1383 2542 paleas.
1416 2505 1488 2515 —
1525 2475 1550 2543 τ
1606 2473 1682 2528 Ita
1736 2474 1861 2530 Mss.
1914 2477 2132 2533 codices

550 2544 682 2616 Reg.
710 2553 764 2599 et
787 2544 981 2600 Vienn.
1017 2544 1074 2599 In
1102 2545 1280 2608 editis,
1314 2545 1901 2616 disjicil,.sed.dissicit
1931 2548 2127 2616 paleas,

546 2615 603 2670 id
631 2622 712 2670 est
737 2627 946 2685 separat
978 2617 1157 2684 paleas
1185 2630 1214 2668 a
1242 2616 1443 2685 tritico.
1480 2614 1740 2685 Dissicere
1760 2614 1938 2680 enim,
1964 2635 2131 2674 remo-

547 2703 678 2751 vere,
708 2683 987 2756 separare,
1012 2687 1206 2741 dicitur
1232 2683 1461 2756 Johanni
1505 2685 1572 2740 de
1603 2684 1808 2747 Janua;
1841 2688 2130 2756 aliquando

547 2756 710 2827 etiam
739 2755 1062 2827 dispergere,
1095 2757 1368 2827 dissipare.
1414 2755 1734 2810 Prudentius
1763 2755 2127 2813 Catheinerin.

548 2825 733 2897 hymn.
766 2843 822 2881 ιε
874 2825 1479 2897 ΤιιΕΙινὶδεεᾉέοιηηαηι
1529 2827 1747 2889 dissice,
1781 2836 1836 2882 et
1885 2829 1978 2882 lib.
2032 2828 2132 2884 Pe-

549 2895 773 2968 ri‘steph.
807 2897 859 2951 in
891 2898 1088 2968 hymno
1117 2897 1175 2952 S.
1209 2895 1484 2952 Laurentii
1513 2897 1861 2962 archilevitaa,
1894 2915 1945 2952 v.
1979 2898 2083 2953 209
2115 2919 2128 2954 :

733 2987 848 3038 Cum
874 2988 1089 3037 membra
1119 2988 1316 3036 morbus
1338 2988 1538 3038 dissicit.

555 3063 557 3068 “
621 3069 709 3125 Sic
737 3071 878 3140 enim
909 3071 1102 3140 legitur
1129 3071 1184 3125 in
1215 3073 1587 3127 vetustissimis
1607 3073 1879 3128 codicibus
1900 3091 2050 3140 mss.,
2076 3088 2134 3133 ut

552 3148 779 3195 testatur
798 3139 861 3194 N.
888 3139 1136 3196 Heinsius
1164 3143 1217 3195 in
1246 3144 1407 3197 uotis.
1442 3142 1590 3197 Adde
1638 3141 1916 3198 Paulinum
1957 3145 2128 3202 Petri-

553 3212 788 3265 cordiam
817 3211 870 3264 in
903 3211 992 3265 lib.
1023 3227 1105 3277 ιιι,
1133 3228 1166 3266 v
1195 3222 1249 3266 et
1278 3229 1347 3277 vr,
1379 3213 1446 3267 de
1482 3212 1598 3267 Vita
1625 3211 1682 3266 S.
1714 3212 1923 3268 Martini
1957 3215 2130 3271 Turo-

553 3281 742 3354 nensis
779 3282 1056 3354 episc0pi,
1081 3282 1412 3354 exquirique
1442 3285 1764 3354 pervetustis
1791 3285 2070 3343 codicibus
2099 3305 2129 3343 a
2156 3279 2202 3342 C

554 3350 839 3408 Fraucisco
868 3350 1054 3408 Jureto
1081 3350 1309 3408 collatis.

1069 3446 1134 3500 IN
1173 3445 1387 3501 EPIST.
1431 3445 1610 3502 XLIV.

553 3568 571 3610 -ν
600 3538 744 3610 lNot.
770 3539 890 3593 187.
923 3540 1003 3593 Ad
1023 3557 1253 3594 mensam
1273 3541 1493 3610 potentis
1539 3573 1608 3582 -
1629 3539 1988 3597 Ecclesiastiei
2018 3560 2129 3608 xm,

557 3609 644 3674 12,
666 3610 772 3664 tale
801 3610 928 3680 quid
951 3612 1220 3683 occurrit:
1257 3609 1717 3683 Προσκαλεσαμένου
1761 3635 1819 3667 σε
1857 3615 2127 3680 δυνάστου,

554 3683 847 3756 ὑποχωρῶν
889 3685 1045 3752 γίνου.
1100 3680 1161 3736 Si
1208 3682 1531 3756 advo_c_ave_rit
1567 3680 1612 3735 te
1648 3685 1923 3752 potentior,
1954 3686 2038 3755 fac
2075 3695 2132 3739 ut

555 3741 800 3828 rece'dai;
851 3741 908 3806 et'
956 3767 1092 3828 cap.__
1127 3767 1287 3828 xx_Xl_,
1320 3751 1423 3828 I5:
1461 3754 1574 3828 Ἐπὶ
1614 3741 1870 3828 τῇαπέζης
1909 3741 2132 3828 μεγάλης

556 3825 812 3884 ἔκάθισαςζ
842 3830 909 3894 μὴ
952 3825 1154 3895 ἀνοίξῃς
1196 3824 1275 3876 ἐπ’
1298 3825 1451 3885 αὐτῆς
1477 3824 1708 3895 φάρυγὴὰ
1731 3847 1850 3895 σον.
1883 3826 1962 3877 Ad
1991 3843 2132 3880 men-

556 3910 668 3947 sam
698 3909 946 3967 magnam
967 3894 1172 3967 sedisti,
1205 3909 1308 3947 non
1336 3896 1542 3964 aperias
1570 3894 1723 3964 super
1750 3894 1909 3948 illam-
1927 3899 2128 3967 faucem

557 3973 732 4037 illam;
763 3962 816 4016 et
844 3979 896 4017 v.
928 3962 994 4017 16
1020 3982 1032 4016 :
1065 3962 1148 4037 Οὗν
1169 3967 1247 4018 ἐὰν
1273 3962 1540 4037 ἐπιϐλέψῃ.
1588 3962 1656 4034 μὴ
1694 3967 1903 4037 ixi-siam
1927 3962 2128 4037 χεῖρα.

558 3988 732 4028 urunt;
763 3988 816 4016 Cl.
849 3988 896 4017 ν.
928 3988 1032 4017 Ἰυἶ
1065 3988 1137 4017 υυ
1169 3988 1247 4018 εαν
1273 3988 1540 4037 επιῡλεψῃ,
1588 3988 1656 4034 μη
1694 3988 1903 4037 εκτεινῃς
1944 3989 2034 4036 χει
2075 3992 2128 4022 α.

558 4031 886 4104 Quocumque
914 4036 1198 4104 aspexeris,
1225 4052 1288 4089 ne
1317 4038 1570 4090 extendas
1600 4053 1837 4100 martum;
1869 4046 1922 4090 et
1950 4053 2002 4091 ν.
2027 3988 2128 4091 δῖοτ

555 4111 642 4160 Καὶ
667 4109 708 4160 εἰ
732 4109 982 4177 ἁναμέσον
1007 4107 1251 4162 πλειόνων,
1268 4111 1528 4182 ἐκάθιτας,
1579 4110 1824 4182 πρᾷτερον
1862 4111 2026 4162 αὐτῶν
2060 4116 2128 4181 μή

555 4179 775 4252 ixi-sim;
803 4175 892 4236 τ’ἠν
926 4180 1082 4252 χεῖρά
1111 4199 1222 4232 σου.
1263 4175 1330 4230 Et
1360 4180 1412 4252 si
1453 4175 1788 4252 in_ler_p_lures
1825 4179 2034 4252 sedisti,
2060 4175 2131 4234 ἠε

554 4247 804 4318 extendas
851 4247 1060 4302 manum
1110 4257 1247 4301 tuam
1288 4249 1450 4318 prior.
1486 4247 1565 4301 Ex
1605 4248 1686 4302 his
1732 4247 1956 4302 fortasse
1997 4249 2130 4305 locis

554 4317 838 4372 conﬂatam
885 4319 1206 4373 sententiam
1251 4318 1408 4372 istam
1449 4319 1672 4388 protulit
1711 4318 1882 4372 Antor
1925 4330 2127 4387 noster,

555 4396 814 4458 quantum
844 4389 1136 4458 exindicio
1168 4389 1320 4443 nobis
1352 4389 1606 4442 librorum
1639 4389 1933 4442 constituit.
1962 4389 2089 4444 Duc.

627 4459 749 4531 Not.
775 4458 896 4513 188.
917 4457 1153 4531 lConjux.
1183 4490 1255 4502 --
1283 4459 1380 4514 Hie
1407 4459 1474 4512 de
1506 4459 1636 4531 Aprl
1661 4459 1954 4531 presbyteri
1997 4475 2128 4531 con-

556 4529 677 4599 iuge
724 4530 962 4586 Amanda
1013 4526 1400 4602 presbyterissa
1448 4526 1562 4602 agit
1605 4526 1873 4586 Paulinus.
1908 4527 2131 4600 Presby-

558 4610 699 4662 terte,
723 4599 1119 4671 presbyterissaz,
1144 4599 1298 4654 erant
1325 4599 1761 4670 presbyterorum
1791 4616 2004 4662 uxores,
2037 4599 2132 4654 eo-

1650 382 1995 441 APPENDIX
2035 381 2316 439 OPERUM
2357 381 2415 439 S.
2455 382 2743 441 PAULINI.

2157 507 2204 566 Α
2234 501 2498 578 ςειιιιοζίε.
2522 514 2582 578 et
2597 504 2803 578 Concil.
2836 505 3036 563 Turon.
3061 523 3120 576 ιι,
3144 522 3194 563 c.
3225 508 3314 578 19,
3341 508 3436 564 sed
3454 506 3816 578 periculosam

3711 386 3815 444 896

2232 572 2396 630 fuisse
2411 575 2677 645 interdum
2693 575 2955 645 ejusmodi
2971 572 3431 634 conversationem
3452 572 3619 634 docet
3634 593 3816 634 exem-

2231 645 2377 715 plum
2421 661 2451 699 a
2499 644 2800 702 Flodoardo
2837 649 3054 703 allatum
3095 649 3188 704 lib.
3224 649 3470 706 rﬂistor.
3504 649 3814 714 Remensis,

2233 730 2350 785 cap.
2389 715 2458 768 14
2483 758 2498 784 ,
2540 716 2679 771 unde
2709 718 2761 772 in
2792 720 3019 774 concilio
3051 719 3312 776 Toletano
3347 737 3402 776 ιιι
3425 763 3437 783 ,
3469 737 3517 775 c.
3552 719 3609 786 5,
3648 722 3818 776 satius

2233 801 2354 861 esse
2381 786 2578 842 dicitur
2605 795 2664 861 ut
2692 788 2744 842 in
2776 789 2877 843 alia
2909 790 3072 844 domo
3101 793 3430 861 presbyterte
3455 791 3732 846 habitent.
3766 789 3819 848 In

2233 855 2371 912 hanc
2394 858 2714 914 sententiam
2731 861 3016 914 autorlibri
3029 853 3479 925 desingularitate
3492 861 3818 916 clericorum

2235 926 2376 1000 inter
2406 943 2572 997 opera
2614 927 2672 983 S.
2704 929 2956 1000 Cypriani
2983 950 2996 984 :
3023 930 3150 986 Cum
3176 933 3377 987 rideam
3411 932 3475 986 de
3503 931 3819 986 Christianis

2233 997 2503 1070 plerosque
2520 1001 2735 1054 maritos
2751 997 2956 1070 pariter
2977 1012 3027 1055 et
3045 1019 3232 1057 uxores
3256 1004 3640 1058 continentiam
3665 1003 3817 1057 destit

2232 1077 2415 1123 nantes
2469 1069 2732 1146 domicilia
2756 1069 3047 1146 singularia
3067 1075 3470 1146 magiseligere,
3490 1083 3548 1127 ut
3569 1089 3820 1146 consensu

2233 1139 2575 1215 communium
2631 1139 2860 1195 votorum
2909 1143 3020 1215 sine
3064 1139 3352 1215 irrilatione
3408 1139 3730 1215 pfwsentjre,
3777 1152 3822 1196 et

2233 1210 2580 1280 concordante
2602 1227 2824 1280 secessu,
2873 1213 3078 1267 valeant
3123 1213 3367 1269 obtinere.
3408 1210 3567 1268 'Vide
3612 1210 3819 1280 Grego-

2233 1281 2370 1355 rium
2419 1279 2623 1355 Turon.
2674 1281 2768 1337 lib.
2818 1298 2850 1355 ι
2891 1283 3126 1355 Histor.,
3179 1300 3297 1355 cap.
3341 1284 3430 1338 59.
3485 1283 3544 1338 1η
3591 1279 3820 1339 concilio

2235 1347 2536 1426 Arelatensi
2560 1367 2596 1406 ιι
2620 1393 2634 1416 ,
2663 1367 2782 1422 cap.
2817 1351 2879 1426 5,
2909 1347 3170 1422 ejusmodi
3198 1347 3508 1426 presbytero:
3563 1369 3821 1426 converse

2235 1437 2419 1492 uxores
2451 1422 2739 1487 dicuntur,
2769 1423 2960 1492 quibus
2987 1422 3301 1480 concessum
3327 1422 3444 1480 erat
3474 1425 3526 1480 in
3570 1425 3816 1480 domibus

2235 1491 2553 1563 clericorum
2579 1491 2853 1562 habitare,
2883 1495 3331 1563 quemadmodum
3363 1495 3636 1550 matribus
3654 1537 3669 1560 ,
3695 1496 3817 1550 aviis

2234 1571 2288 1616 et
2315 1562 2588 1616 sororibus
2615 1581 2627 1616 :
2660 1564 2730 1617 ita
2761 1562 2940 1618 tamen
2969 1574 3074 1619 uta
3106 1564 3422 1634 conjugibus
3444 1566 3560 1620 suis
3593 1566 3632 1620 ii
3661 1565 3814 1621 absti-

2232 1640 2476 1706 nerent,
2499 1641 2558 1686 ut
2602 1642 2688 1706 es:
2727 1634 2777 1706 in
2807 1635 3038 1706 concilio
3069 1634 3367 1706 Turonensi
3399 1651 3436 1703 ι,
3468 1651 3597 1706 cap.
3632 1635 3698 1698 2;
3722 1637 3812 1692 Ar-

2231 1705 2510 1768 vernensi,
2538 1719 2587 1758 c.
2624 1703 2717 1769 15;
2750 1704 3120 1760 Aurelianensi
3160 1723 3232 1767 tv,
3259 1722 3307 1761 c.
3342 1705 3440 1772 i7;
3485 1703 3554 1761 et'
3587 1706 3812 1761 Autisio-

2233 1771 2471 1835 dorensi,
2498 1789 2544 1828 c.
2571 1773 2635 1827 21
2657 1792 2670 1839 ;
2694 1774 2788 1829 sed
2811 1785 2863 1829 et
2892 1791 2994 1831 nec
3030 1792 3370 1832 communem
3405 1777 3613 1832 lectum
3638 1785 3692 1830 et
3718 1777 3812 1832 cel-

2232 1843 2338 1896 lam
2370 1843 2649 1910 haberent,
2681 1851 2740 1898 ut
2777 1854 2859 1900 est
2888 1847 2940 1900 in
2969 1847 3154 1902 iisdem
3179 1847 3421 1902 conciliis
3454 1847 3739 1901 Aurelian.
3767 1855 3811 1902 et

2236 1915 2563 1969 Autisiodor.
2597 1914 2730 1970 locis
2758 1916 2954 1983 citatis,
2987 1926 3043 1972 et
3071 1917 3122 1972 in
3146 1917 3347 1972 Turon.
3374 1933 3440 1983 ιι,
3466 1932 3517 1972 c.
3547 1915 3808 1972 19..1υ1)θ-

2234 1984 2430 2038 bantur
2457 1993 2715 2054 prmterea
2745 1987 2926 2042 vivere
2966 1997 3022 2042 ut
3062 2004 3309 2054 sorores,
3343 1990 3396 2043 in
3431 1987 3678 2042 concilio
3720 1988 3804 2041 Ar-

2234 2053 2481 2110 vernens’i
2503 2096 2517 2120 ,
2551 2072 2598 2110 c.
2633 2053 2722 2124 19,
2751 2065 2806 2110 et
2831 2056 3207 2114 Matisconensi
3229 2075 3279 2125 1,
3316 2076 3364 2114 c.
3399 2057 3488 2112 11.
3534 2057 3624 2112 Ita
3652 2067 3799 2112 tamen

2234 2126 2288 2179 in
2316 2125 2504 2198 eadem
2531 2126 2693 2198 domo
2731 2143 2855 2198 cum
2884 2145 3052 2184 uxore
3086 2130 3328 2184 habitare
3357 2129 3566 2184 licebat
3601 2128 3792 2198 presby-

2234 2196 2382 2262 teris,
2415 2196 2704 2252 dummodo
2734 2197 2955 2254 alterius
2982 2199 3163 2254 clerici
3186 2199 3500 2254 testimonio
3523 2196 3783 2262 uteremur,

2233 2283 2342 2392 auo
2383 2283 2571 2322 eorum
2607 2267 2714 2320 vita
2754 2269 2956 2350 clarior
2991 2279 3293 2339 appareret.
3341 2269 3478 2323 Vide
3535 2270 3775 2324 concilium

2283 2338 2582 2392 erundense
2627 2338 2726 2392 sub
2774 2338 3055 2392 Horrmsda
3103 2339 3230 2392 PP..
3267 2357 3316 2392 c.
3352 2341 3415 2392 7:
3460 2339 3774 2392 Braccarrnse

2283 2338 2582 2392 erundense
2627 2338 2726 2392 sub
2774 2338 3055 2394 Hormisda
3103 2339 3230 2405 PP.,
3267 2357 3316 2395 c.
3352 2341 3415 2405 7;
3460 2339 3774 2394 Braccarrnse

2237 2423 2315 2473 ιιι,
2341 2423 2392 2463 c.
2426 2408 2478 2472 1,
2503 2406 2648 2473 1;θι
2671 2409 2869 2464 concil.
2893 2408 3093 2464 Turon.
3127 2427 3192 2474 ιι,
3225 2427 3272 2466 c.
3309 2409 3396 2473 12,
3423 2408 3519 2464 19.
3556 2409 3656 2464 Sed
3671 2409 3780 2462 hunc

2234 2479 2651 2533 cohabitationis
2667 2494 2822 2533 usum
2849 2487 2905 2534 et
2933 2495 3136 2535 morem
3159 2481 3436 2542 exagitant
3454 2478 3517 2533 S.
3536 2480 3788 2548 Gregorius

2235 2548 2616 2612 Nazianzenus,
2648 2548 2705 2602 S.
2738 2548 3151 2620 Chrysostomus
3180 2561 3236 2606 et
3261 2549 3315 2605 S.
3343 2550 3604 2605 Basilius.

2237 2643 2242 2662 α
2266 2691 2272 2692 ί
2307 2620 2626 2692 Deniquelsi
2665 2621 2869 2692 maritis
2897 2623 3225 2692 presbyteris
3253 2623 3361 2692 vita
3390 2621 3665 2692 excedere
3688 2636 3797 2675 cono

2237 2691 2487 2758 tingeret,
2521 2691 2678 2746 alteri
2703 2692 2906 2746 nubere
2930 2691 3263 2747 vetabantur.
3296 2691 3371 2745 lla
3403 2691 3696 2747 concilium
3719 2691 3798 2744 Au-

2241 2762 2542 2832 relianense
2579 2777 2628 2832 ι,
2671 2777 2721 2816 c.
2751 2759 2847 2826 15;
2884 2761 3221 2832 Epaonense.
3259 2779 3307 2818 c.
3338 2762 3406 2826 2;
3461 2762 3798 2830 fragmentum

2236 2833 2449 2902 concilii
2493 2830 2776 2886 Ilerdensis
2811 2830 3032 2888 allatum
3077 2849 3107 2887 a
3149 2832 3307 2888 Surio
3353 2841 3480 2902 post
3530 2833 3799 2902 concilium

2233 2901 2523 2974 Her-dense;
2542 2903 3291 2974 conciliumgzlkomanum
3303 2900 3403 2957 sub
3416 2900 3681 2958 Zacharia
3693 2900 3800 2974 PP.,

2235 2988 2283 3026 c.
2315 2973 2382 3038 5;
2411 2972 2782 3028 Vermeriense
2821 2972 3096 3029 a'nno'752
3120 3017 3134 3041 ,
3165 2991 3213 3029 e.
3256 2973 3290 3027 5
3315 3017 3330 3041 ,
3352 2982 3460 3028 etc.
3496 2974 3674 3041 Atque
3699 2972 3804 3027 inde

2236 3043 2374 3099 forte
2402 3041 2710 3114 presbyteris
2747 3044 2902 3098 dicta:
2929 3045 3249 3114 .generalius
3294 3059 3484 3099 omnes
3529 3045 3698 3098 viduae
3732 3057 3804 3096 se-

2237 3113 2416 3184 niores
2455 3129 2574 3184 quae
2627 3114 2793 3169 sacris
2848 3115 2900 3168 in
2947 3113 3184 3170 Ecclesia
3218 3115 3503 3184 exercitiis
3533 3116 3800 3169 vacabant.

2236 3181 2437 3256 Glossze
2454 3181 2593 3256 mss.
2619 3184 2685 3237 ad
2706 3185 2992 3256 concilium
3021 3184 3338 3256 Laodic.,ic.
3358 3184 3419 3236 11
3441 3203 3453 3236 :
3473 3183 3799 3256 Presbyterc,

2233 3254 2290 3308 id
2312 3264 2390 3308 est
2415 3255 2580 3308 vidua:
2602 3256 2846 3308 seniores.
2884 3254 2979 3308 [ibi
3015 3255 3247 3312 Isidorus
3273 3255 3545 3310 Mercator
3599 3254 3656 3310 et
3688 3254 3803 3309 Fer-

2238 3326 2439 3380 randus
2467 3327 2723 3380 diaconus
2744 3364 2760 3389 ,
2790 3342 2842 3397 c.
2868 3325 2968 3379 221
2999 3344 3011 3379 :
3045 3325 3290 3397 Mulieres
3341 3339 3457 3397 quia
3486 3327 3627 3396 apud
3664 3323 3802 3379 Grie-

2235 3411 2322 3448 cos
2354 3397 2665 3466 presbytero:
2693 3396 3038 3466 appellantur,
3063 3396 3202 3466 apud
3225 3412 3318 3466 nos
3345 3396 3518 3449 autem
3545 3398 3798 3466 triduaise-

2237 3467 2425 3527 niores,
2459 3465 2715 3520 conversa:
2759 3475 2828 3535 et,
2855 3465 3240 3522 matriculariaz.
3265 3465 3443 3535 Atque
3486 3466 3564 3520 ba:
3596 3465 3793 3534 quidem

2235 3535 2546 3608 presbyteros
2570 3551 2663 3608 seu
2693 3534 3096 3608 presbyterium,
3123 3539 3198 3590 uti
3236 3534 3496 3591 vocantur
3534 3538 3582 3590 in
3617 3535 3789 3608 ordine

2239 3603 2498 3670 Romano,
2529 3603 2726 3662 vestitu
2773 3603 2930 3675 longe
2975 3607 3288 3662 modestiori
3317 3622 3480 3675 quam
3517 3617 3693 3660 ceter-.2
3718 3603 3790 3659 Ie-

2235 3679 2393 3732 mime
2421 3679 2726 3741 utebantur,
2759 3686 2820 3731 ut
2846 3677 3003 3731 docet
3031 3678 3170 3732 idem
3199 3675 3492 3744 Gregorius
3518 3676 3585 3731 M.
3605 3676 3794 3737 lib.vu,

2234 3748 2420 3803 indict.
2450 3749 2506 3816 2,
2535 3749 2690 3816 epist.
2727 3747 2776 3800 Ἰ.
2812 3745 2888 3801 De
2927 3763 3110 3802 earum
3150 3748 3462 3801 ministeriis
3509 3748 3622 3802 hzee
3641 3746 3803 3814 attigit

2236 3820 2362 3872 Atto
2393 3819 2746 3874 Vercellensis
2775 3819 3061 3888 episcopus
3089 3818 3244 3888 epist.
3271 3817 3306 3871 8
3339 3836 3351 3870 :
3391 3819 3544 3872 Sicut
3576 3820 3707 3872 enim
3732 3819 3806 3872 lic

2234 3907 2347 3960 qua:
2385 3889 2697 3960 presbyteris
2734 3887 3054 3960 dicebantur,
3085 3887 3444 3958 praedicandi,
3491 3888 3707 3960 jubendi
3739 3889 3809 3942 rei

2234 3958 2480 4014 edocendi
2503 3978 2518 4023 ;
2541 3958 2640 4013 'ita
2682 3975 2809 4012 sane
2858 3959 3092 4014 diacona:
3135 3958 3506 4022 ministrandi,
3545 3961 3623 4013 vel
3650 3958 3808 4028 bapti-

2235 4031 2390 4085 zandi
2421 4032 2636 4101 alliciam
2666 4039 2957 4101 sumserant
2983 4046 3001 4084 :
3030 4031 3166 4101 quod
3195 4045 3332 4101 nunc
3352 4030 3467 4100 jam
3497 4031 3710 4083 minime
3728 4044 3811 4082 e1-

2233 4103 2392 4172 pedit.
2436 4100 2510 4155 De
2539 4100 2939 4172 presbyterissis
2966 4100 3060 4172 vel
3090 4100 3811 4172 presbyterorummxoribns

2234 4169 2399 4238 agunt
2445 4169 2713 4238 pneterea‘
2744 4171 2980 4240 synodus
3021 4169 3269 4224 Trullana
3294 4209 3310 4232 ,
3342 4185 3462 4240 ean.
3493 4169 3565 4223 12
3585 4211 3600 4236 ,
3634 4170 3704 4223 15
3725 4209 3740 4232 ,
3765 4178 3812 4224 et

2234 4241 2345 4296 Leo
2381 4242 2470 4296 VII
2517 4240 2618 4294 PP.
2653 4241 2706 4294 in
2744 4239 2902 4309 epist.
2935 4242 3002 4294 ad
3035 4240 3366 4296 Gerhardum
3411 4239 3812 4296 Lauriacensem

2233 4315 2727 4382 archiepiscopum,
2749 4323 2877 4382 pag.
2913 4311 2996 4365 11.
3024 4311 3278 4382 Cunctos,
3312 4312 3365 4382 in
3395 4310 3639 4382 Glossar.
3678 4311 3807 4372 Lat,

2234 4391 2367 4437 tom.
2399 4378 2486 4450 Ill,
2516 4378 2669 4450 pagg.
2701 4379 2825 4444 408,
2855 4381 2976 4443 409,
3007 4380 3128 4435 410.
3157 4381 3291 4438 Vide
3316 4381 3457 4436 idem
3486 4378 3810 4437 Glossarium

2233 4455 2285 4507 in
2316 4470 2449 4508 voce
2477 4454 2742 4517 Sonones,
2767 4458 2897 4507 tom.
2931 4451 3018 4517 III,
3048 4468 3101 4518 p.
3127 4451 3249 4507 905.
3304 4493 3306 4496 μ

2305 4523 2429 4579 Not.
2464 4523 2585 4576 189.
2631 4521 2695 4575 In
2744 4537 2921 4590 opera.
2944 4523 3109 4577 —Ea
3159 4524 3316 4578 lectio
3357 4523 3552 4578 melior
3578 4537 3740 4590 quam
3765 4523 3813 4575 in

2236 4612 2406 4665 opere.
2441 4593 2710 4665 Exprimit
2734 4593 2874 4646 enim
2907 4602 3108 4648 textum
3139 4592 3279 4647 LXX
3307 4591 3564 4665 Paulinus
3591 4591 3812 4665 Prover-

558 4662 1025 4741 rumlnempvequi
1056 4662 1304 4726 abdicato
1325 4662 1400 4724 ex
1429 4662 1693 4741 consensu
1729 4678 1915 4724 mutuo
1945 4671 2130 4724 matri-

2237 4662 2375 4741 bjpl‘.
2401 4681 2546 4741 xx‘xt,
2565 4663 2628 4715 I7
2650 4682 2665 4741 ξ
2684 4663 2890 4741 ι”Ηρεισε
2917 4670 3034 4741 to);
3058 4663 3526 4741 ﬁpaziovaggbrﬁg
3553 4668 3626 4741 si;
3649 4663 3807 4738 ἔργον.

557 4739 721 4794 monii
754 4739 870 4802 usu,
898 4740 1079 4794 divino
1109 4741 1272 4795 cultui
1301 4757 1359 4794 se
1390 4740 1794 4809 mancipabant,
1825 4741 2133 4796 sacerdotes

557 4809 727 4879 allecti
747 4811 833 4864 vel
857 4811 1112 4879 episc0pi.
1137 4810 1262 4865 Otto
1287 4810 1641 4864 Vercellensis
1669 4811 1952 4879 episcopus
1974 4812 2130 4879 epist.

557 4878 629 4933 8:
665 4878 947 4934 Possumus
994 4878 1188 4952 quoque
1235 4882 1556 4952 presbyteros
1606 4882 1682 4933 vel
1706 4878 1974 4933 rdiamnas
2013 4878 2132 4936 illas

556 4951 870 5019 existimare,
895 4949 1339 5023 qute'presbyteris
1370 4949 1446 5004 uel
1489 4951 1718 5004 diaconis
1762 4961 1879 5003 ante
1921 4952 2133 5006 ordina-

559 5023 746 5076 tionem
775 5021 1014 5093 conjugio
1043 5021 1292 5093 copulata:
1318 5030 1437 5093 sunt
1462 5037 1634 5093 ,dquas
1663 5031 1838 5093 postea
1876 5031 2012 5074 caste
2053 5041 2133 5093 ire.

591 5039 746 5076 :onem
775 5039 1014 5093 conjugw
1043 5039 1292 5090 copulam:
1318 5039 1437 5074 sunt
1462 5063 1476 5088 ,
1509 5039 1634 5143 (Laus
1663 5039 1838 5143 Eos!!!“
1876 5039 2012 5074 caste
2058 5041 2129 5076 re.

591 5107 676 5146 ere
705 5091 904 5156 debent,
929 5100 1032 5146 etc.
1065 5090 1355 5158 Gregorius
1379 5089 1449 5144 M.
1480 5091 1512 5144 li
1557 5130 1568 5142 .
1596 5106 1646 5144 Iv
1708 5091 2021 5160 ialog.,cap.
2043 5092 2129 5145 II:

591 5109 676 5146 ere
705 5109 904 5156 aeoent,
929 5109 1032 5146 etc.
1065 5109 1355 5158 uregorrus
1379 5109 1449 5144 tu.
1480 5109 1568 5144 nn.
1596 5109 1646 5144 Iv
1665 5109 2021 5160 uratog.,cap.
2043 5109 2129 5145 n:

557 5109 676 5216 Illic
705 5163 966 5234 presbyter
995 5162 1205 5234 quidam
1235 5161 1558 5234 commissam
1589 5160 1684 5234 sibi
1714 5177 1827 5213 cum
1857 5178 2044 5231 magno
2079 5164 2140 5215 ti-

556 5232 936 5288 more-Domini
966 5232 1172 5302 regebat
1195 5233 1461 5285 ecclesiam
1485 5249 1500 5285 :
1531 5232 1616 5300 qui
1645 5249 1708 5283 ea:
1737 5241 1962 5302 tempore
1989 5234 2134 5286 ordi-

556 5305 780 5359 nationis
811 5312 1037 5375 acceptre
1063 5302 1418 5372 presbyterum
1461 5319 1606 5375 suam
1643 5313 1697 5354 ut
1743 5318 1970 5355 sororem
2017 5303 2137 5375 dili-

557 5392 701 5446 gens,
725 5375 816 5430 sed
841 5373 990 5448 quasi
1019 5374 1215 5448 hostem
1241 5390 1445 5448 cavens,
1467 5373 1536 5448 a_d
1569 5390 1624 5425 se
1647 5375 1863 5448 prapius
1875 5374 2136 5448 accedere

557 5442 816 5516 nunquam
845 5442 1063 5516 sinebat.
1082 5442 1180 5516 libi
1211 5443 1600 5516 observandum
1623 5442 1886 5508 ejusmodi
1915 5445 2138 5515 presby-

557 5513 698 5570 teras
729 5517 780 5569 in
810 5515 994 5570 eadem
1024 5513 1140 5568 mde
1181 5530 1284 5584 qua
1312 5515 1484 5566 mariti
1520 5513 1681 5566 vitam
1704 5522 1850 5584 caste
1873 5513 2132 5584 exegisse;

557 5587 716 5653 idque
746 5584 996 5640 Ecclesiae
1025 5583 1322 5639 canonibus
1351 5585 1609 5637 sancitum
1646 5583 1808 5637 tradit
1833 5583 1974 5636 idem
1997 5586 2133 5637 Gre-

558 5657 738 5723 {:nrins
761 5655 852 5709 lib.
877 5671 968 5716 vn,
995 5655 1178 5709 indict.
1204 5653 1255 5714 2,
1288 5653 1444 5723 epist.
1479 5653 1565 5716 59,
1590 5653 1678 5706 ubi
1709 5669 1830 5708 cum
1852 5654 2136 5722 episcopos

562 5743 663 5791 una
694 5741 812 5777 eum
844 5726 1154 5779 mulieribus
1195 5724 1439 5783 habitare
1475 5731 1741 5786 vetassct,
1775 5724 1887 5776 lucc
1913 5723 2093 5777 subdit
2120 5743 2132 5778 :

565 5795 677 5848 Iloc
721 5795 1072 5855 tantummodo
1127 5794 1349 5864 adjecto,
1393 5803 1448 5847 ut
1495 5795 1582 5861 hi,
1613 5795 1742 5848 sicut
1770 5793 2020 5850 canonica
2042 5795 2134 5847 de-

566 5867 716 5916 crevit
745 5867 1012 5927 autoritas,
1042 5879 1254 5927 uxores,
1283 5881 1410 5932 quas
1438 5875 1578 5918 caste
1599 5865 1782 5919 debent
1806 5881 1999 5932 regere,
2029 5881 2135 5920 non

563 5933 938 5994 derelinquant.
963 5933 1165 6000 Quibus
1193 5943 1455 5990 consonat
1485 5935 1572 5990 lex
1596 5934 1664 5988 45
1687 5934 1806 5990 cod.
1832 5933 2038 5993 Theod.
2068 5935 2136 5990 de

2242 4735 2497 4789 Firmarit
2520 4734 2731 4788 brachia
2751 4733 2857 4788 'sua
2885 4736 2954 4788 ad
2981 4733 3137 4806 opus;
3167 4733 3225 4789 et
3249 4750 3301 4788 v.
3332 4733 3399 4806 19
3426 4753 3439 4788 :
3470 4739 3604 4796 Τοὺς
3630 4733 3814 4804 «nisi;

2243 4809 2399 4883 αὐτῇς
2423 4810 2617 4883 ἐντείνει
2643 4809 2712 4864 εἰς
2735 4810 2798 4864 τὰ
2827 4805 3173 4883 augpipovra.
3204 4811 3296 4866 τὰς
3326 4805 3379 4861 δὲ
3434 4815 3624 4883 χεῖραί
3663 4809 3814 4883 auiis

2242 4875 2420 4951 ἐρείδει
2462 4881 2531 4938 εἰς
2576 4873 2846 4951 ἄτρακτον.
2890 4873 3114 4951 Cubith
3137 4893 3253 4929 suos
3295 4873 3545 4951 extendit;
3553 4875 3624 4928 ad
3651 4877 3814 4951 utilia,

2241 4945 2425 5001 manus
2455 4956 2623 5000 autem
2650 4963 2772 5000 suas
2779 4948 2971 5071 (prmat
3001 4947 3068 5000 ad
3091 4949 3292 5017 fusum;
3316 4955 3370 5000 et
3395 4961 3445 4998 v.
3478 4945 3545 4998 27
3573 4963 3584 4997 :
3619 4955 3744 5000 Σῐτα
3767 4945 3814 4999 δὲ

2243 5021 2425 5071 ὀκνηοὰ
2449 5020 2532 5070 οὐκ
2565 5017 2740 5071 ἔφαγε.
2820 5015 2928 5071 ibos
2958 5028 3127 5070 autem
3155 5019 3330 5071 niaros
3358 5032 3461 5069 non
3483 5017 3724 5070 comedit.
3765 5014 3814 5068 In

2243 5020 2532 5092 ὀκνηρῴοὺκ
2565 5017 2740 5088 ἔφαγε.
2779 5014 2928 5092 Cibgs
2958 5014 3330 5092 autempigros
3358 5017 3724 5092 noncomedit.
3765 5014 3815 5068 In

2240 5085 2411 5162 quem
2426 5085 2837 5143 loculn'annotat
2859 5087 3023 5162 Flam.
3051 5085 3288 5162 Ngbilius
3309 5085 3569 5162 scholium
3597 5105 3610 5138 :
3640 5086 3817 5162 ’Λρτᾳν

2239 5156 2488 5226 ὅκνηρίας,
2535 5175 2720 5228 panem
2765 5159 3042 5228 socordia:1
3083 5156 3334 5211 Paulinus
3370 5156 3540 5223 dixit,
3567 5156 3716 5212 escas
3743 5158 3815 5228 pi-

2236 5231 2427 5353 tﬁritiw.
2477 5226 2705 5297 Vulgata
2746 5228 2957 5294 Latina,
3009 5226 3210 5282 Panem
3248 5228 3414 5282 otiosa
3444 5244 3546 5281 non
3577 5226 3810 5281 comedit.

2287 5316 2368 5353 cc.

2287 5316 2368 5354 UC.

2310 5371 2432 5424 Not.
2466 5369 2586 5424 190.
2620 5370 3065 5425 Misericordia....
3111 5367 3378 5422 suscitabit
3410 5369 3579 5438 filios,
3619 5377 3728 5424 etc.
3750 5399 3814 5410 ——

2240 5442 2355 5495 Non
2381 5441 2594 5494 aliunde
2622 5441 2869 5511 videntur
2910 5441 3009 5494 ista
3050 5439 3350 5511 depromta,
3393 5440 3490 5511 nisi
3525 5457 3590 5511 es
3623 5440 3814 5511 eodem

2241 5511 2379 5565 libro
2403 5522 2458 5565 et
2476 5582 2483 5583 ί
2501 5512 2677 5583 capite
2725 5509 3135 5583 Proverbiorum
3159 5552 3184 5583 ,_
3215 5509 3357 5578 quod
3387 5509 3555 5564 vidute
3582 5509 3816 5583 liberalis

2240 5593 2295 5635 et
2343 5577 2603 5636 munilicée
2664 5582 2844 5635 laudes
2904 5577 3296 5651 complectitur,
3352 5596 3468 5650 cap.
3515 5595 3660 5644 xxxx,
3707 5577 3811 5632 9.8:

2239 5652 2568 5712 Ἐλεηυοσυνή
2619 5653 2671 5708 δὲ
2711 5654 2863 5712 αὐτῆς
2909 5655 3153 5710 ἀνέστησε
3203 5653 3265 5707 τὰ
3304 5654 3451 5707 τέκνα
3493 5654 3687 5716 αὐτῆς,
3737 5655 3815 5704 καὶ

2240 5724 2573 5792 ἐπλούτησαν.
2619 5722 2958 5793 Eleemosyna
2998 5729 3168 5793 autem
3209 5723 3319 5792 ejus
3366 5721 3628 5793 suscitabit
3677 5721 3814 5790 ﬁlios

2238 5794 2386 5862 ejus,
2436 5801 2482 5846 et
2529 5794 2680 5847 ditari
2719 5791 2874 5859 sunt}
2918 5794 2991 5848 ita
3040 5791 3281 5848 Romana
3324 5791 3519 5856 editio,
3563 5807 3683 5846 cum
3711 5806 3812 5862 qua

2283 5864 2492 5919 aulinus
2513 5864 2800 5927 consentit,
2851 5879 2959 5920 non
2985 5861 3411 5934 Complutensis,
3442 5861 3816 5934 ἀνέστησαντά

2238 5937 2393 5991 τέκνα
2427 5937 2581 5997 αὐτῆς
2604 5975 2620 6000 ,
2666 5935 2759 5991 sed
2809 5951 2929 5991 cum
2970 5932 3192 6004 Vulgata
3225 5934 3435 5998 Latina,
3470 5932 3815 5990 Surrexerunt
