3864 6216
1614 396 1995 457 PREFATEO.
3388 402 3443 455 8‘

258 521 403 583 ibus
428 520 563 601 jam
592 524 805 584 actum
830 523 950 591 est,
982 518 1251 601 scriptas
1281 514 1477 601 fuisse
1505 516 1776 601 quidam
1799 518 2173 601 Opinantur.
2204 513 2507 578 Breviore
2537 517 2761 594 utique
2790 514 3438 601 styloexplanantur.

258 540 403 583 lous
428 540 563 601 Jam
592 540 805 584 aetum
830 540 950 591 ρει,
982 540 1251 596 scriptas
1281 540 1477 577 [UISSB
1505 540 1767 594 quluam
1799 540 2173 594 opinamur.
2205 540 2507 578 DI'CVIUI'B
2539 540 2761 594 uuque
2792 540 2848 577 Sl
2898 540 2960 577 l0
2983 540 3438 596 explanantur.

162 540 425 678 Equia
454 600 949 680 Cbrysostomus
983 599 1294 680 inpriore
1318 595 1588 675 epistola
1625 595 1895 680 Paulum
1920 596 2285 680 apostolum
2321 601 2663 680 sequutus,
2693 599 2803 673 qui
2836 540 3235 680 Christianos
3267 603 3440 674 illos,

165 680 228 740 in
260 674 547 741 Ecclesia
584 674 897 760 tumultus
934 684 997 739 et
1019 674 1279 760 dissidia
1311 680 1665 760 moventes,
1697 674 2113 760 vehementer
2138 675 2605 760 insectabatur,
2633 694 2775 736 cum
2810 677 3164 760 acrimonia
3196 682 3441 760 majore

161 760 475 837 loquitur,
495 760 561 819 in
578 758 859 820 secunda
880 774 1036 819 vero
1067 775 1213 817 cum
1228 754 1532 837 Apostolo
1558 754 1849 837 pacatius
1867 755 2023 832 agit,
2059 772 2177 815 nec
2196 756 2396 833 tropis
2417 762 2546 815 tam
2577 755 3019 833 frequentibus
3044 759 3245 819 utitur
3267 754 3437 821 {non

161 832 385 916 parem
413 842 582 899 certe
611 854 872 916 operam
907 837 971 896 in
998 837 1312 916 ambabus
1345 832 2020 916 adhibuissevidetur.
2262 913 2272 916 _
2308 832 2317 833 ί
2481 914 2489 916 Α
3156 845 3163 852 “

239 918 300 977 2.
342 918 433 978 De
467 912 755 977 Homiliis
796 921 1013 977 autem
1051 915 1117 975 in
1161 913 1508 993 secundam
1544 913 1679 973 haec
1722 912 1914 993 habet
1946 912 2221 993 savilius
2259 913 2323 972 in
2361 914 2529 973 nolis
2570 933 2632 991 p.
2663 914 2779 973 9.27
2813 934 2827 971 :
2865 916 2953 975 De
2985 918 3332 993 posteriore
3365 921 3446 980 ad

157 996 527 1058 Corinthios
555 992 955 1057 subdubitare
976 1014 1066 1053 me
1088 994 1253 1072 cogit
1280 992 1498 1059 dictio,
1523 1009 1705 1071 quam
1728 991 1798 1051 in
1818 991 2115 1072 proxime
2140 995 2491 1072 memoratis
2510 993 2702 1072 paulo
2726 991 3107 1059 accuratior.
3142 998 3215 1057 Si
3243 1008 3443 1060 tamen

161 1077 500 1154 genuinum
525 1084 612 1135 est
639 1075 917 1136 Ethicon
938 1073 1099 1136 illud
1122 1070 1480 1154 vigesimum
1508 1070 1770 1154 sertum,
1800 1070 1969 1154 quod
2003 1072 2165 1154 inter~
2202 1071 2418 1132 doctos
2460 1070 2793 1154 disceptari
2819 1074 2996 1135 video
3018 1120 3034 1146 ,
3067 1076 3251 1138 verba
3281 1090 3445 1139 certe

161 1150 275 1235 illa
298 1156 446 1235 (col.
474 1154 616 1227 582,
636 1155 750 1215 lin.
768 1155 867 1234 30)
894 1175 907 1213 :
930 1154 1093 1215 Nam
1119 1150 1295 1235 etllic
1314 1169 1554 1235 quoque
1578 1150 2066 1235 onstantinun}
2085 1152 2413 1235 Magnum,
2447 1161 2557 1235 etc.
2579 1150 3138 1235 Constantinopoli
3160 1158 3323 1219 clare
3340 1160 3439 1220 in-

160 1229 395 1316 dicant.
414 1235 568 1309 Qua:
588 1240 657 1316 ut
678 1229 1151 1312 intelligantur,
1183 1229 1514 1316 haecenim
1543 1229 2165 1316 obscurius__prolata
2180 1230 2427 1316 jacent,
2460 1232 2581 1316 hoc
2610 1233 2795 1316 modo
2825 1240 2977 1316 sunt
2997 1229 3433 1316 intelligenda.

159 1314 434 1374 Savilius
472 1315 761 1374 Photium
794 1310 1130 1391 sequutus,
1165 1312 1275 1389 qui
1306 1311 1558 1371 dixerat
1585 1326 1694 1369 eas
1717 1310 2047 1394 bomilias,
2075 1312 2624 1394 quasAntiochize
2646 1312 2875 1394 babuit
2910 1310 3433 1394 Chrysostomus,

158 1394 521 1454 accuratius
549 1388 912 1454 elaboratas
944 1410 1083 1454 esse
1118 1388 1479 1472 quameas,
1512 1405 1675 1472 quas
1706 1388 2259 1472 Constantinopoli
2291 1391 2613 1472 emiserat,
2645 1392 2957 1455 Homilias
2989 1388 3059 1455 in
3082 1388 3437 1472 Epistolam

157 1472 235 1533 ad
262 1473 701 1543 Colossenses,
732 1473 794 1532 in
820 1478 1161 1549 utramque
1190 1471 1269 1531 ad
1294 1468 1930 1549 Thessalonicenses1
1950 1473 2012 1527 et
2040 1469 2105 1549 in
2132 1470 2485 1547 Epistolam
2513 1471 2592 1532 ad
2620 1472 2946 1539 Hebraeos,
2974 1468 3187 1535 minus
3217 1477 3436 1538 elabo-

159 1559 330 1613 ratas
357 1597 373 1624 ,
412 1552 971 1629 Constantinopoli
1015 1547 1283 1610 emissas
1329 1566 1471 1629 esse
1509 1547 1670 1606 dixit
1695 1568 1726 1629 ;_
1754 1547 1830 1607 de
1874 1547 2169 1629 Homiliis
2203 1554 2416 1629 autem
2458 1550 2524 1609 in
2564 1552 2909 1613 secundam
2950 1553 3028 1614 ad
3063 1554 3431 1619 Corinthios

158 1632 573 1693 subdubitare
608 1650 676 1692 se
707 1632 797 1691 ait
826 1627 1259 1711 Antiochiaene
1289 1646 1371 1689 an
1395 1627 1953 1711 Constantinopoli
1984 1628 2215 1711 habita:
2242 1628 2686 1711 fueri_nt,_quia
2716 1632 2945 1711 majori
2976 1651 3121 1693 cum
3152 1652 3435 1699 accura-

155 1712 327 1773 tione
353 1712 723 1789 compositae
751 1716 925 1781 sunt,
952 1726 1149 1789 quam
1182 1709 1306 1768 illm
1334 1707 1420 1789 adq
1440 1706 1877 1789 Colossenses,
1902 1712 2020 1767 etc.
2042 1706 2343 1789 Sitamen
2377 1708 2556 1781 illud,
2590 1706 3024 1788 inquit,'quod
3057 1715 3121 1773 in
3152 1714 3431 1780 Homilia

157 1791 463 1870 vigesima
504 1785 687 1852 sexta
723 1790 957 1870 legitur
975 1785 1059 1850 de
1086 1786 1494 1870 Constantini
1529 1786 1859 1870 sepulcro,
1881 1805 2031 1870 vere
2059 1785 2635 1870 Chrysostomigsit,
2667 1785 2795 1866 qua
2826 1785 2901 1870 de
2934 1810 3001 1852 re
3027 1794 3209 1853 multi
3239 1794 3434 1856 dubi—

157 1866 312 1941 tant,
344 1866 904 1948 Constantinopoli
952 1868 1182 1930 habitas
1216 1867 1476 1927 fuerint.
1522 1866 1773 1950 Sic_il_le
1814 1866 1890 1925 de
1922 1867 2075 1950 loco
2110 1867 2221 1926 illo
2246 1866 2524 1950 dubitari
2565 1885 2649 1929 an
2680 1887 2827 1929 vere
2868 1869 3303 1950 Chrysostomi
3349 1877 3433 1936 sit

157 1969 353 2011 necne
403 1951 677 2021 asserit,
725 1945 1176 2025 neminemque
1221 1956 1431 2007 tamen
1486 1964 1571 2006 ex
1620 1945 2062 2007 dubitantibus
2114 1948 2448 2008 nominat:
2490 1966 2698 2025 neque
2748 1950 2880 2013 ulla
2937 1945 3268 2013 dubitandi
3327 1956 3430 2017 vel

155 2029 549 2108 disceptandi
583 2046 780 2093 causa
810 2032 1168 2106 comparet;
1210 2026 1275 2085 in
1305 2026 1604 2087 omnibus
1637 2042 1916 2103 namque
1947 2030 2080 2085 tum
2115 2026 2313 2088 Editis
2358 2031 2495 2087 tum
2542 2028 2995 2107 Manuscriptis
3037 2030 3337 2108 habetur,
3368 2040 3434 2097 et

155 2110 385 2188 optime
417 2109 496 2170 ad
533 2110 767 2170 seriem
796 2109 1090 2188 quadrat.

231 2190 468 2250 Locum
500 2206 656 2250 vero
688 2185 867 2249 illum
893 2187 1168 2266 pessime
1203 2186 1519 2246 intellexit
1544 2185 1843 2258 Savilius,
1881 2204 2026 2245 cum
2058 2186 2311 2264 putavit
2344 2187 2457 2247 illo
2478 2187 2738 2265 probari
2777 2188 2891 2251 bas
2923 2190 3221 2253 homilias
3243 2192 3428 2255 Con-

158 2268 814 2351 stantinopolijuisse
857 2268 1146 2351 habitas,
1182 2283 1336 2351 cum
1378 2267 1957 2351 contraprobetur
2001 2266 2149 2351 illas
2177 2267 2541 2351 Antiochia:
2587 2267 2787 2351 dictas
2826 2268 3043 2351 fuisse.
3078 2271 3173 2331 En
3217 2273 3429 2351 ipsum

155 2348 359 2429 locum
380 2344 680 2429 Homilia:
707 2347 1028 2429 vigesimae
1053 2350 1275 2429 sextae,
1299 2345 1420 2429 col.
1452 2344 1595 2429 582,
1624 2345 1736 2429 lin.
1765 2344 1878 2404 28:
1902 2344 2099 2429 Atgue
2127 2345 2192 2408 id
2217 2364 2347 2429 non
2374 2348 2579 2429 Ronan
2607 2349 2807 2409 solum
2835 2350 2969 2429 ﬁeri
2993 2344 3303 2429 quispia'm
3327 2354 3435 2414 vi-

157 2428 330 2511 derit,
355 2427 675 2511 sedAetiam
704 2424 1252 2511 Constantinopoli
1260 2426 1363 2511 ..Ν
1366 2444 1462 2484 am
1488 2432 1541 2511 et
1572 2424 1672 2511 hic
1700 2443 1938 2511 quoque
1960 2425 2770 2511 Constantinum_Magnum
2787 2424 2958 2509 ﬁlius
2985 2424 3075 2490 ita
3099 2424 3160 2489 se
3193 2432 3433 2511 ingenti

156 2505 378 2568 honore
400 2502 773 2647 ayecturum
801 2502 1207 2570 existimauit.
1244 2504 1299 2563 si
1330 2522 1466 2564 eum
1492 2504 1560 2563 in
1589 2502 1936 2565 Piscatoris
1961 2504 2261 2566 vestibulo
2300 2502 2610 2566 conderet.
2638 2507 2753 2569 His
2786 2502 2993 2584 porro
3013 2502 3431 2584 verbiston

156 2588 351 2647 Roma:
373 2606 442 2646 so
476 2605 602 2647 um.
634 2586 740 2646 sed
776 2586 957 2646 etiam
986 2584 1542 2647 Constantinopoli
1552 2628 1566 2647 .
1598 2589 1819 2647 auerte
1854 2583 2137 2646 declarat
2167 2603 2237 2646 se
2262 2584 2816 2647 Constantinonoli
2843 2592 2996 2647 tunc
3023 2605 3154 2647 non
3180 2588 3379 2647 fuisse
3407 2614 3426 2647 :

156 2588 351 2648 Roma:
373 2583 602 2652 solum,
634 2586 740 2646 sed
776 2586 957 2665 etiam
986 2584 1542 2665 Constantinopoli
1552 2628 1566 2649 ,
1598 2583 2137 2665 apertedeclarat
2167 2603 2245 2665 se
2262 2583 2816 2665 ConstantinOpoli
2843 2592 2996 2665 tunc
3023 2605 3154 2649 non
3180 2588 3379 2653 fuisse
3407 2614 3426 2663 ;

157 2682 469 2744 nusquam
501 2667 675 2725 enim
709 2666 889 2725 illum
920 2664 996 2725 de
1028 2666 1184 2725 urbe
1215 2666 1279 2722 in
1306 2680 1438 2740 qua
1476 2662 1645 2741 degit
1693 2664 1785 2723 sic
1831 2663 2171 2740 loquutum
2213 2662 3025 2742 deprehendasfSavilium
3077 2668 3226 2730 dece
3276 2670 3322 2730 it
3366 2672 3429 2731 id

161 2745 316 2810 quod
349 2746 670 2810 sequitur,
709 2745 869 2807 Nam
900 2753 955 2803 et
992 2744 1127 2810 hic;
1162 2742 1407 2810 putavit
1435 2742 1606 2802 enim
1645 2742 1826 2810 illud,
1859 2742 1952 2802 Et
1979 2742 2100 2810 hic,
2132 2744 2345 2805 locum
2367 2745 2432 2804 in
2461 2762 2592 2810 quo
2628 2751 2783 2807 tunc
2811 2747 3197 2810 praedicabat
3218 2688 3429 2810 8b"-

161 2742 316 2824 quod
349 2746 670 2830 sequitur,
709 2745 872 2830 Nam
900 2753 955 2803 et
992 2744 1127 2811 hic;
1162 2742 1407 2830 putavit
1435 2742 1606 2830 enim
1645 2742 1826 2830 illud,
1859 2742 1961 2830 Et
1979 2742 2100 2811 hic,
2132 2744 2345 2830 locum
2367 2745 2432 2804 in
2461 2762 2592 2822 quo
2628 2751 2788 2830 tunc
2811 2747 3197 2830 przedicapat
3218 2742 3431 2830 Clu-3:-

160 2822 463 2885 Sostomus
494 2824 1058 2886 indicare.Verum
1089 2832 1149 2883 et
1172 2823 1293 2882 hoc
1311 2822 1454 2881 loco
1489 2826 1552 2881 et
1579 2822 1797 2899 paucis
1826 2827 2049 2900 postea
2075 2824 2393 2895 versibus,
2423 2830 2483 2885 et
2508 2822 2864 2886 sexcenties
2887 2826 3039 2887 alibi
3074 2828 3201 2889 Hic
3231 2822 3431 2900 signi-

164 2904 294 2965 ﬁcat
323 2905 537 2965 locum
568 2904 644 2964 de
681 2921 813 2982 quo
839 2903 1158 2980 loquitur,
1182 2919 1323 2982 non
1356 2902 1567 2982 locum
1600 2902 1663 2960 in
1692 2918 1823 2978 quo
1857 2907 2174 2982 versatur.
2199 2903 2421 2980 Itaque
2449 2903 2545 2964 hi8
2572 2906 2959 2982 posteriores
2988 2906 3266 2970 homiliaa
3287 2902 3429 2971 Ᾰη-

158 2983 415 3054 ῑίοοιιὶω,
441 3000 574 3043 non
594 2979 1147 3059 ConstantinOpoli
1180 2981 1410 3040 habitae
1441 2979 1654 3041 fuere:
1683 2997 1827 3058 quae
1853 2980 2003 3041 item
2032 2981 2149 3041 fuit
2173 2979 2675 3059 Tillemontii'Cl.
2699 2984 2777 3044 V.
2812 2986 3152 3048 sententia.

229 3062 285 3120 3.
315 3064 390 3125 Ut
428 3063 495 3122 in
538 3062 865 3144 prioribus
912 3058 1192 3144 homiliis
1238 3059 1687 3144 Marcionistas
1713 3060 2044 3144 exagitat,
2077 3061 2199 3120 col.
2241 3058 2523 3144 1‘55,‘qui
2555 3062 2853 3144 dicebant
2882 3082 3100 3125 rerum
3130 3066 3425 3144 opiﬁcem

162 3140 382 3219 iustum
412 3139 557 3203 esse
581 3187 598 3214 ,
644 3141 752 3203 sed
793 3158 922 3201 non
960 3142 1244 3209 bonum;
1286 3140 1669 3200 Manichaeos
1709 3140 1860 3199 item
1890 3139 2267 3210 insectatur,
2295 3140 2407 3217 qui
2441 3157 2554 3201 ore
2588 3142 2786 3219 impio
2821 3143 2996 3204 hunc
3027 3139 3242 3205 reru'm
3272 3148 3429 3219 opi—

200 3239 328 3282 cem
350 3222 681 3283 diabolum
707 3239 849 3283 esse
876 3220 1404 3300 pronuntiabant.
1430 3219 1774 3300 Haereticos
1802 3220 1992 3300 etiam
2016 3219 2171 3280 istos
2193 3220 2441 3296 aliquot
2460 3219 2527 3279 in
2553 3220 2710 3283 locis
2734 3222 3106 3295 insectatur,
3129 3225 3251 3285 col.
3272 3219 3423 3288 M6:

160 3318 398 3439 necl‘ipn
428 3306 488 3362 et
514 3302 683 3363 alios
709 3301 819 3380 qui
848 3298 1143 3361 dicebant
1170 3298 1479 3359 mundum
1508 3299 1719 3378 ipsum
1748 3315 1888 3360 esse
1915 3298 2129 3373 deum,
2150 3300 2263 3378 qui
2296 3316 2479 3360 error
2505 3300 2698 3362 etiam
2724 3319 2864 3363 aevo
2894 3310 3116 3364 nostro
3145 3304 3431 3370 renova-

162 3385 257 3439 tus
316 3382 422 3439 uit.

162 3385 257 3440 tus
291 3382 422 3441 l'uit.

233 3456 289 3546 le.
319 3461 457 3521 Alia
483 3477 750 3546 quoque
778 3461 1125 3546 observata
1145 3458 1335 3538 digna
1361 3457 1427 3546 in
1450 3458 1626 3546 bis_ce
1654 3458 2117 3546 posterioribus
2149 3458 2428 3546 bomiliis
2442 3464 2831 3546 occurrunt.
2864 3460 3185 3546 Opin_atur
3216 3463 3428 3546 Chry-

166 3544 465 3601 soslomus
505 3537 773 3601 irati-em
808 3540 1027 3610 illum,
1068 3538 1143 3600 de
1184 3537 1314 3616 quo
1342 3537 1493 3599 dicit
1529 3538 1791 3609 Paulus,
1829 3537 2021 3617 Cujus
2053 3538 2187 3598 laus
2212 3547 2298 3599 est
2324 3539 2395 3598 in
2429 3538 2807 3617 Evangelia,
2837 3537 2981 3602 esse
3009 3537 3370 3605 Barnabam
3403 3565 3422 3617 ;

166 3618 476 3698 vulgarior
511 3631 727 3681 tamen
764 3619 1084 3681 sententia
1116 3623 1232 3698 est
1258 3618 1493 3678 Lucam
1519 3636 1677 3698 esse
1713 3618 1795 3698 ab
1823 3617 2176 3698 Evangelio
2222 3617 2394 3695 quod
2444 3617 2777 3697 deberipsit
2831 3620 3223 3682 laudandum
3246 3667 3260 3693 ,
3298 3624 3422 3683 col.

166 3696 456 3769 $23,521:.
492 3698 785 3758 Afﬁrmat
808 3716 1071 3776 quoque
1105 3697 1167 3757 S.
1199 3696 1421 3776 doctor
1462 3696 1900 3757 Alexandrum
1940 3696 2247 3776 Magnum
2275 3715 2312 3760 a
2343 3703 2573 3759 senatu
2610 3700 2899 3761 Romano
2942 3702 3199 3760 tertium
3247 3702 3429 3764 deci-

168 3794 323 3836 mum
343 3778 533 3839 deum
560 3775 1205 3849 declaratuml‘uisse,
1229 3776 1351 3837 col.
1375 3775 1517 3848 581,
1553 3776 1610 3835 id
1634 3776 1805 3854 quod
1833 3775 2130 3854 nuspia’m
2168 3777 2427 3837 memini
2467 3795 2565 3838 me
2599 3778 2835 3854 legere.
2864 3780 3115 3841 Tertius
3141 3780 3425 3842 decimus

168 3797 323 3836 mum
343 3797 533 3839 deum
560 3797 956 3839 declaratum
985 3797 1205 3849 luisse,
1229 3797 1351 3837 (:01.
1375 3797 1517 3848 om,
1553 3797 1610 3835 ια
1634 3797 1805 3854 quoa
1833 3797 2130 3854 nusplam
2168 3797 2427 3837 memmi
2467 3797 2565 3838 me
2599 3797 2657 3839 1e
2705 3797 2835 3840 ere.
2865 3797 3115 3841 Ieruus
3141 3797 3425 3842 decumus

167 3861 364 3995 antliam
380 3858 534 3919 deus
566 3858 774 3919 dictus
802 3856 1016 3929 fuerit,
1039 3856 1193 3935 quia
1221 3855 1553 3917 duodecim
1578 3856 1729 3917 deos
1758 3856 2029 3917 Romani
2055 3856 2497 3931 admittebant,
2529 3857 2628 3918 bis
2658 3797 2909 3921 ﬁuobus
2936 3860 3228 3921 versibus
3256 3878 3429 3922 com-

168 3952 271 3995 nre
317 3954 538 3995 ensos:

168 3952 500 4012 prenensos
521 3957 538 3996 :

505 4019 702 4084 Juno,
750 4017 950 4079 Vesta.
976 4016 1293 4087 Minerva,
1330 4014 1533 4083 Ceres,
1575 4015 1797 4082 Diana,
1830 4016 2059 4082 Venus,
2083 4016 2286 4084 Mars,

505 4095 894 4163 Mercurius,
918 4095 1121 4163 Iovis,
1151 4095 1505 4174 Neptunus,
1541 4094 1870 4162 Vulcanus,
1895 4095 2144 4174 Apollo.

240 4173 442 4255 Ritum
469 4193 669 4253 porro
695 4175 1091 4255 singularem
1114 4180 1176 4234 et
1202 4192 1356 4255 usus
1380 4173 1731 4255 frequentis
1749 4180 2231 4248 commemorat,
2259 4173 2432 4253 quod
2466 4174 2709 4237 scilicet
2736 4176 2806 4251 ii,
2837 4176 2951 4255 qui
2978 4177 3043 4237 in
3070 4176 3424 4240 Eccleslam

175 4250 707 4324 ingrediebantur,
733 4250 1035 4316 Ecclesiae
1062 4254 1376 4315 vestibula
1405 4250 1879 4314 oscularentur.

298 4334 661 4426 omiliarum
691 4334 758 4426 in
800 4334 1075 4426 primam
1115 4333 1466 4426 Epistolam
1509 4332 2105 4426 interpretationem
2148 4333 2466 4425 Latinam,
2506 4334 2680 4413 quod
2720 4352 2852 4398 non
2896 4341 3197 4400 accurata
3234 4341 3427 4411 esset,

177 4424 323 4487 pene
350 4418 546 4475 totam
582 4412 1009 4488 mutavimus;
1050 4413 1116 4473 in
1143 4412 1426 4475 secunda
1451 4416 1670 4474 autem
1696 4412 1901 4475 multa
1922 4414 2347 4475 correximus.
