3864 6216
411 252 475 329 ιι
1151 248 1207 305 3.
1247 246 1525 305 JOANNIS
1558 245 2030 309 Cllfl‘t'SOSTOMl
2070 255 2385 314 ARCHIEP.
2429 262 2963 328 CONSTANTINOP.
3614 286 3675 351 {2

407 370 489 415 tes
534 359 891 426 vocabantur,
937 360 1153 431 quidam
1204 361 1514 420 Corinthius
1556 374 1670 418 erat
1716 364 1815 439 (a).
1863 366 1987 422 lla-c

401 468 563 523 porro
587 469 616 507 a
646 453 799 508 nobis
837 469 946 508 non
970 455 1344 510 ostentationis
1388 470 1547 509 causa
1571 496 1587 521 ,
1619 470 1716 510 nec
1760 456 1826 510 ad
1855 472 1983 511 eru-

400 548 657 602 ditionem
688 546 1046 603 exhibendam
1096 547 1238 601 dicta
1283 556 1446 601 sunt:
1487 548 1613 617 quid
1645 549 1788 602 enim
1832 549 1984 618 juvat

399 639 517 694 haec
542 640 744 695 nosse?
774 639 867 693 sed
899 639 1012 693 haec
1036 638 1103 692 ad
1145 639 1385 709 epistola:
1426 649 1793 708 argumentum
1828 641 1982 696 nobis

396 733 703 789 conferunt.
735 732 891 786 Multa
920 741 1097 786 autem
1140 733 1190 785 in
1220 731 1321 786 hac
1348 732 1479 786 urbe
1517 746 1706 802 passus
1734 742 1816 786 est
1846 733 1983 787 Pau-

396 824 503 889 lus,
531 834 585 879 et
610 824 853 879 Christus
886 824 937 876 in
966 822 1049 877 illa
1078 836 1344 892 apparens
1366 822 1436 888 ei,
1469 822 1603 876 dixit
1635 841 1648 875 :
1680 821 1762 876 Ne
1786 832 1977 889 taceas,

342 986 343 989 η
395 918 486 972 sed
512 918 711 987 loquere
750 933 769 969 :
795 917 915 987 quia
940 914 1131 969 multus
1154 898 1223 970 est
1254 915 1377 968 mihi
1404 915 1622 985 populus
1662 915 1712 969 in
1741 915 1837 968 hac
1859 916 1981 969 civi-

336 1026 347 1082 ;
397 1018 500 1063 tate
528 1009 665 1076 (Act.
698 1007 786 1061 18.
834 1006 888 1061 9.
936 1006 1044 1075 l0).
1078 1005 1146 1059 Et.
1183 1007 1378 1060 mansit
1426 1006 1495 1059 ibi
1535 1005 1671 1060 duos
1697 1020 1887 1059 annos.
1920 1005 1977 1060 In

342 1086 349 1095 ”
395 1102 495 1156 hac
514 1114 725 1171 quoque
744 1098 954 1153 daemon
978 1097 1125 1161 exiit,
1149 1112 1308 1167 quem
1332 1096 1501 1151 Judaei
1528 1095 1836 1164 adjurantes
1858 1110 1978 1164 gra-

393 1195 476 1249 via
504 1194 572 1248 ab
603 1193 695 1246 illo
726 1190 866 1260 passi
896 1199 1019 1245 sunt
1046 1207 1059 1242 :
1086 1191 1137 1244 in
1170 1189 1269 1243 hac
1309 1189 1434 1244 item
1462 1188 1679 1259 quidam
1713 1190 1975 1257 paeniten-

392 1288 464 1341 tia
507 1284 649 1340 ducti
690 1284 854 1338 libros
898 1282 1130 1353 magicos
1171 1281 1606 1345 combusserunt;
1637 1289 1690 1335 et
1717 1280 1828 1334 visa
1852 1290 1977 1335 sunt

389 1379 770 1451 quinquaginta
802 1376 965 1431 millia
996 1396 1009 1430 :
1047 1376 1098 1430 in
1146 1375 1246 1430 hac
1290 1373 1512 1429 demum
1538 1415 1553 1439 ,
1578 1373 1820 1430 Gallione
1852 1391 1976 1444 pro-

389 1470 614 1527 consule
639 1470 690 1523 in
730 1466 980 1521 tribunali
1010 1466 1232 1522 sedente
1252 1506 1268 1531 ,
1301 1465 1497 1520 Paulus
1524 1465 1841 1520 verberatus
1866 1474 1971 1520 est.

388 1562 593 1617 Videns
620 1576 749 1631 ergo
778 1558 1026 1614 diabolus
1067 1558 1335 1613 civitatem
1374 1572 1622 1627 magnam
1653 1565 1707 1611 et
1751 1557 1974 1627 populo-

388 1671 504 1711 sam
536 1656 816 1709 veritatem
841 1651 1153 1720 accepisse;
1187 1650 1365 1715 illam,
1409 1650 1625 1719 inquam
1649 1691 1663 1715 ,
1694 1648 1894 1703 divitiis
1918 1657 1975 1704 et

386 1747 649 1820 sapientia
700 1744 1041 1809 mirabilem,
1089 1742 1417 1811 Grzeciaaqne
1464 1742 1824 1812 pratcipuam;
1884 1755 1972 1797 res

386 1839 528 1894 enim
581 1836 988 1892 Atheniensium
1040 1842 1095 1888 et
1147 1832 1716 1898 Lacedaemoniorum,
1761 1831 1972 1887 sublato

378 1931 493 2001 jam
520 1931 645 1985 olim
675 1930 802 2000 ipsis
826 1927 1071 1998 imperio,
1101 1927 1299 1981 misere
1323 1924 1570 1995 jacebant
1593 1942 1607 1977 :
1631 1924 1818 1980 videns
1843 1925 1970 1980 item

384 2023 696 2081 Corinthios
722 2022 886 2075 alacri
916 2021 1098 2074 animo
1121 2019 1342 2074 verbum
1370 2017 1461 2072 Dei
1493 2017 1811 2087 suscepisse;
1840 2015 1970 2087 quid

383 2114 549 2171 facit?
575 2114 834 2173 Homines
879 2112 1106 2168 dividit:
1138 2112 1340 2167 sciebat
1389 2110 1531 2166 enim
1582 2126 1805 2182 regnum
1847 2126 1969 2166 om-

384 2209 532 2263 nium
565 2206 995 2278 potentissimum
1024 2205 1076 2259 in
1119 2205 1353 2273 seipsum
1401 2202 1629 2258 divisum
1678 2212 1821 2259 stare
1861 2218 1966 2257 non

382 2317 561 2373 posse.
593 2299 941 2356 Occasionem
983 2308 1160 2353 autem
1195 2296 1380 2352 habuit
1421 2297 1486 2350 ad
1520 2296 1741 2352 insidias
1772 2311 1966 2366 paran-

381 2395 498 2457 das,
530 2392 881 2448 habitantium
911 2391 1133 2445 divitias
1150 2400 1310 2460 atque
1338 2389 1675 2458 sapientiam.
1702 2388 1835 2442 Hinc
1860 2388 1968 2443 illis

380 2490 435 2542 iu
467 2486 723 2542 factiones
749 2485 1033 2538 adversum
1067 2498 1126 2538 se
1152 2493 1337 2538 mutuo
1363 2480 1547 2535 divisis
1566 2523 1581 2547 ,
1606 2496 1727 2535 cum
1750 2480 1969 2551 quidam

377 2596 565 2637 eorum
610 2595 669 2634 se
718 2587 909 2648 suapte
954 2576 1179 2630 arbitrio
1230 2575 1589 2644 delegissent,
1642 2573 1965 2627 multitudini

380 2672 730 2743 prtefuerunt;
761 2680 815 2725 et
842 2669 931 2723 alii
961 2669 1175 2737 quidem
1204 2668 1287 2723 his
1306 2710 1321 2734 ,
1349 2667 1439 2721 alii
1470 2667 1570 2720 illis
1597 2682 1717 2722 sese
1741 2666 1965 2721 dedide~

384 2771 509 2818 runt
532 2803 548 2829 ,
581 2762 688 2817 illis
714 2770 772 2815 ut
806 2760 1060 2815 divitibus
1085 2801 1099 2823 ,
1148 2759 1232 2813 his
1275 2767 1334 2813 ut
1364 2758 1694 2827 sapientibus
1722 2758 1811 2827 qui
1845 2758 1964 2827 plus

380 2863 600 2925 possent
624 2853 817 2913 docere
847 2870 859 2905 :
888 2852 1002 2923 qui,
1020 2851 1288 2921 adjunctis
1311 2850 1413 2905 sibi
1441 2851 1567 2915 illis,
1595 2850 1971 2921 gloriabantur

376 2964 437 3004 se
468 2948 617 3018 plura
651 2946 848 3010 dicere,
890 2958 1053 3013 quam
1074 2943 1361 3013 Apostolus
1386 2960 1400 3009 ;
1426 2943 1476 2996 id
1501 2942 1641 3013 quod
1683 2942 1840 2996 etiam
1873 2943 1963 2997 ille

374 3040 717 3096 subindicans
745 3037 992 3093 dicebat:
1025 3035 1147 3089 Non
1174 3034 1316 3105 potui
1340 3035 1475 3089 vobis
1522 3035 1659 3105 loqui
1706 3044 1961 3103 tamquam

374 3133 721 3203 spinitualibus
755 3131 775 3200 (
806 3132 854 3184 1.
883 3129 1002 3184 Cor.
1032 3129 1085 3183 5.
1121 3128 1147 3182 1
1251 3126 1412 3182 Certe
1456 3142 1561 3180 non
1593 3142 1658 3181 ex
1688 3126 1833 3181 Pauli
1864 3142 1960 3197 pe-

376 3225 553 3288 nuria,
577 3222 670 3277 sed
701 3238 766 3277 ex
797 3222 1007 3275 illorum
1039 3219 1345 3273 infirmitate
1376 3217 1573 3272 factum
1600 3226 1723 3284 est,
1754 3226 1813 3271 ut
1852 3233 1959 3272 non

372 3318 539 3371 tnulta
597 3315 841 3369 audirent
886 3326 902 3367 :
952 3321 1007 3365 et
1054 3310 1156 3365 hoc
1204 3308 1399 3363 indicat
1444 3308 1595 3375 illud,
1642 3309 1768 3363 Sine
1818 3309 1960 3362 nobis

371 3409 546 3462 diuites
590 3406 712 3477 {acti
761 3405 878 3457 estis
924 3403 1018 3473 (1.
1051 3402 1168 3456 Cor.
1196 3402 1249 3455 4.
1282 3399 1376 3471 8).
1417 3400 1546 3467 Qua:
1590 3415 1675 3453 res
1705 3414 1811 3454 non
1838 3414 1961 3469 par-

369 3516 458 3566 va,
491 3498 586 3553 sed
612 3498 849 3552 omnium
882 3493 1334 3566 perniciosissima
1373 3501 1488 3547 erat
1510 3534 1525 3558 ,
1553 3490 1694 3565 quod
1720 3492 1956 3547 Ecclesia

368 3590 780 3646 discinderetur.
814 3587 903 3642 Ad
926 3588 1039 3640 lucc
1062 3596 1238 3640 autem
1263 3584 1405 3637 aliud
1433 3584 1610 3639 scelus
1633 3583 1954 3639 admitteba-

369 3692 476 3748 tur,
506 3680 646 3752 quod
677 3678 893 3750 quidam
920 3720 934 3743 ,
964 3677 1052 3747 qui
1079 3691 1197 3730 cum
1227 3690 1455 3730 noverca
1489 3689 1583 3728 sua
1615 3676 1818 3743 coiret,
1852 3689 1952 3730 nec

368 3773 531 3829 modo
545 3787 647 3827 non
664 3771 1045 3840 corriperetur,
1064 3767 1158 3822 sed
1180 3768 1339 3822 etiam
1356 3775 1528 3821 castus
1542 3775 1776 3837 cogeret,
1795 3774 1949 3822 etse-

369 3865 628 3937 quacibus
655 3865 767 3916 suis
796 3861 1047 3917 suaderet
1077 3869 1134 3914 ut
1175 3859 1341 3913 altum
1373 3868 1646 3929 saperent.
1678 3859 1801 3914 ldeo
1829 3860 1904 3913 ait
1929 3876 1946 3914 :

368 3959 436 4015 Et
465 3974 551 4013 vos
593 3959 761 4027 inflati
790 3957 909 4009 estis
931 3996 948 4021 ,
976 3964 1023 4008 et
1067 3970 1168 4007 non
1194 3953 1353 4024 magis
1383 3953 1580 4006 luxistis
1614 3953 1704 4023 (1.
1737 3951 1858 4008 Cor.
1890 3953 1943 4009 5.

363 4053 445 4126 2).
477 4052 557 4108 Ad
590 4052 704 4106 haec
732 4059 908 4105 autem
938 4046 1155 4118 quidam
1177 4061 1243 4100 ex
1274 4046 1338 4099 iis
1362 4045 1452 4115 qui
1481 4045 1823 4115 perfectiores
1851 4047 1948 4101 ha-

365 4147 650 4209 bebantur,
681 4157 802 4198 cum
831 4141 900 4194 ob
931 4138 1215 4209 ingluviem
1242 4152 1305 4192 ea
1340 4152 1459 4208 quae
1485 4137 1641 4191 idolis
1672 4137 1943 4191 immolata

365 4237 580 4294 fuerant
598 4233 965 4305 degustarent,
991 4239 1047 4286 et
1076 4230 1129 4285 in
1159 4228 1372 4299 templis
1396 4228 1796 4297 accumberent,
1826 4245 1946 4285 om-

359 4332 444 4383 nia
471 4328 907 4401 pessumdabant.
942 4327 1046 4381 Alii
1095 4341 1307 4381 rursum
1337 4326 1460 4380 lites
1488 4333 1542 4379 et
1566 4322 1942 4379 contentiones

359 4421 621 4479 habentes
648 4434 748 4490 pro
770 4418 1013 4490 pecuniis
1032 4459 1055 4487 ,
1079 4416 1323 4474 externis
1345 4415 1700 4473 tribunalibus
1729 4413 1938 4484 negotia

427 4682 504 4747 (a)
524 4684 783 4733 Periander
800 4679 1073 4747 corinthios
1090 4680 1282 4747 septem
1307 4674 1401 4723 illis
1628 4673 1941 4747 sapientibus

362 4741 710 4809 annumeratur
733 4757 759 4791 a
781 4741 1085 4809 quibusdam.
1104 4746 1203 4809 Non
1235 4750 1329 4785 una
1349 4741 1529 4799 quippe
1568 4742 1644 4785 est
1668 4741 1713 4784 in
1741 4745 1937 4800 septem

364 4808 659 4875 sapientium
680 4805 969 4856 recensione
985 4805 1245 4851 sententia.

2092 369 2187 449 sua
2230 360 2627 427 permittebant.
2676 365 2824 423 Multi
2873 384 3084 443 quoque
3122 377 3321 433 comati
3370 382 3513 449 apud
3557 384 3671 441 illos

2090 447 2408 515 circuibant,
2438 468 2573 522 quos
2597 456 2757 511 etiam
2803 461 3014 517 tonderi
3060 465 3235 534 jubet.
3274 447 3434 526 Aliud
3461 488 3670 544 quoque

2089 541 2342 598 delictum
2369 556 2483 600 erat
2506 563 2613 602 non
2640 565 2883 619 parvum,
2912 556 3055 625 quod
3088 558 3140 612 iu
3171 563 3416 619 ecclesiis
3446 541 3668 623 seorsim

2087 633 2456 703 comederent,
2491 654 2664 710 neque
2693 644 2878 713 egenis
2904 646 3264 716 impertirent.
3292 653 3347 707 lu
3378 656 3483 711 alia
3510 660 3668 715 etiam

2088 740 2146 820 re
2170 729 2482 797 peccahant,
2513 734 2655 802 quod
2674 736 2740 790 de
2761 737 3171 798 charismatibus
3197 746 3361 801 altum
3391 763 3667 820 saperent,

2086 814 2315 887 indeque
2360 822 2497 878 inter
2542 826 2665 881 illos
2708 830 2980 888 aemulatio
3008 835 3244 892 oriretur
3276 856 3289 892 :
3317 814 3663 911 quod—ipsum-

2083 924 2293 1007 quoque
2323 913 2614 972 Ecclesiam
2654 921 2951 978 scindebat.
2994 924 3426 986 Resurrectionis
3454 949 3666 1007 quoque

2082 998 2323 1097 doctrina
2351 1008 2489 1075 apud
2522 1009 2642 1065 illos
2670 1011 3004 1071 claudicabat
3032 1035 3047 1070 :
3078 1020 3294 1089 quidam
3325 998 3487 1079 enim.
3525 998 3663 1097 apud

2082 1090 2204 1148 illos
2233 1093 2463 1152 futuram
2494 1115 2781 1171 corporum
2822 1112 3275 1168 resurreCtionem
3325 1129 3434 1171 non
3482 1090 3668 1173 admo-

2084 1183 2209 1238 dum
2249 1187 2573 1259 credebant,
2603 1192 2804 1251 Grzecte
2834 1198 3007 1254 adhuc
3037 1204 3276 1259 stultitia:
3301 1207 3491 1263 morbo
3522 1209 3666 1266 labo-

2081 1284 2286 1368 rantes.
2320 1277 2446 1335 Haec
2471 1282 2669 1353 quippe
2692 1288 2867 1343 omnia
2894 1300 3072 1346 ortum
3103 1292 3373 1351 habebant
3400 1314 3466 1351 ex
3494 1298 3660 1368 philo-

2078 1366 2283 1435 50pbiae
2328 1378 2564 1426 externze
2612 1376 2839 1433 stultitia
2890 1397 2906 1433 :
2953 1390 3008 1436 et
3057 1381 3172 1438 ham
3228 1396 3347 1441 erat
3396 1366 3660 1448 malorum

2079 1466 2251 1552 mater
2277 1473 2291 1508 :
2314 1459 2438 1516 hinc
2463 1462 2918 1537 discindebantur,
2938 1473 3078 1543 quod
3095 1474 3267 1545 ipsum
3284 1493 3312 1530 a
3332 1479 3665 1552 philosOphis

2076 1545 2395 1642 didicerant.
2442 1552 2577 1609 Nam
2622 1566 2678 1612 et
2720 1557 2798 1614 illi
2844 1562 2945 1616 sibi
2993 1574 3179 1620 mutuo
3203 1545 3661 1642 adversabantur,

2075 1640 2283 1711 imperii
2304 1652 2357 1699 et
2372 1660 2521 1702 vame
2544 1649 2730 1719 gloria:
2756 1667 2919 1709 causa
2948 1656 3178 1713 aliorum
3205 1675 3421 1732 semper
3442 1640 3667 1721 senten-

2077 1734 2201 1790 tiam
2226 1737 2627 1809 impugnantes,
2655 1753 2711 1799 et
2737 1761 2873 1801 nova
2904 1750 3174 1818 prioribus
3198 1753 3401 1811 addere
3428 1757 3661 1813 studen-

2075 1835 2177 1882 tes.
2207 1827 2295 1885 Sic
2318 1844 2495 1887 autem
2522 1834 2697 1891 allecti
2726 1848 2879 1892 erant
2907 1882 2923 1905 ,
2951 1843 3075 1911 quia
3103 1846 3399 1902 ratiociniis
3418 1864 3512 1904 sua
3544 1867 3663 1920 per-

2073 1917 2373 1976 mittebant.
2405 1923 2483 1978 Illi
2513 1935 2693 1981 autem
2721 1931 3054 1999 scripserunt
3080 1933 3128 1989 ei
3154 1950 3251 2005 per
3278 1917 3655 2007 Fortunatam,

2073 2010 2399 2082 Stephanam
2446 2026 2500 2071 et
2524 2016 2815 2074 Achaicum
2846 2023 3142 2089 mittentes,
3168 2041 3393 2097 quorum
3416 2046 3580 2101 opera
3606 2044 3661 2088 et

2073 2105 2189 2176 ipse
2225 2106 2517 2178 Epistulam
2560 2112 2726 2167 misit.
2773 2114 2842 2168 Et
2880 2115 2983 2171 hoc
3011 2116 3266 2175 indicavit
3296 2122 3348 2176 in
3394 2123 3499 2179 ﬁne
3531 2124 3657 2194 Epi-

2071 2198 2223 2253 stolte
2246 2240 2261 2265 ,
2292 2216 2395 2254 non
2422 2202 2489 2256 de
2518 2204 2765 2260 omnibus
2794 2205 3017 2277 loquens
3042 2249 3057 2273 ,
3076 2210 3184 2265 sed
3214 2212 3283 2267 de
3310 2214 3578 2268 connubio
3604 2226 3660 2271 et

2071 2288 2138 2344 de
2156 2291 2473 2361 virginitate.
2493 2292 2614 2349 Ideo
2634 2295 2845 2352 dicebat
2867 2316 2882 2352 :
2906 2298 2985 2353 De
3001 2300 3179 2370 quibus
3198 2313 3365 2356 autem
3385 2307 3659 2373 scripsistis

2069 2384 2192 2436 mihi
2222 2384 2297 2457 (l.
2324 2384 2441 2440 Cor.
2474 2387 2527 2441 7.
2558 2386 2667 2459 11).
2696 2386 2793 2444 llle
2819 2407 2983 2461 porro
3028 2402 3084 2449 et
3107 2394 3176 2449 de
3203 2396 3397 2465 quibus
3422 2402 3660 2468 scripse-

2068 2486 2212 2543 runt,
2243 2487 2297 2532 et
2323 2478 2392 2534 de
2418 2480 2615 2550 quibus
2648 2499 2753 2537 non
2785 2473 3157 2554 scripserunt,
3186 2489 3468 2558 epistolam
3500 2492 3655 2555 texit,

2068 2582 2189 2624 cum
2222 2570 2401 2623 omnia
2452 2571 2666 2627 illorum
2701 2574 2828 2628 vitia
2857 2575 3185 2633 edidicisset.
3231 2580 3297 2633 Et
3332 2594 3452 2633 cum
3482 2580 3658 2637 literis

2066 2659 2402 2716 Timotheum
2421 2663 2604 2728 mittit,
2625 2678 2823 2733 gnarus
2843 2667 2946 2720 vim
2970 2683 3214 2739 magnam
3234 2670 3505 2724 habituras
3533 2672 3655 2725 lite-

2067 2768 2153 2806 ras
2171 2768 2293 2808 esse
2308 2793 2323 2819 ,
2351 2770 2450 2809 nec
2473 2770 2687 2824 parvam
2714 2759 3081 2814 accessionem
3104 2761 3383 2815 allaturam
3407 2762 3653 2833 discipuli

2066 2847 2429 2914 praesentiam.
2467 2846 2599 2913 Quia
2628 2862 2765 2903 vero
2796 2850 2856 2915 ii,
2888 2852 2977 2920 qui
3006 2851 3305 2907 Ecclesiam
3332 2854 3653 2925 diviserant,

2064 2946 2313 2992 verentes
2342 2953 2408 2992 ne
2439 2938 2754 2994 ambitionis
2782 2955 2942 2995 causa
2989 2940 3041 2997 id
3085 2943 3276 2999 fecisse
3303 2943 3613 3000 viderentur
3632 2988 3652 3014 ,

2066 3030 2321 3099 propositi
2348 3030 2427 3084 sui
2452 3030 2703 3086 obtentus
2729 3036 3187 3104 excogitaverunt,
3217 3037 3357 3107 quod
3390 3039 3649 3094 nimirum

2066 3120 2381 3189 perfectiora
2410 3121 2667 3176 docerent
2690 3133 2744 3177 et
2769 3125 3125 3194 sapientiores
3146 3127 3264 3182 aliis
3288 3139 3496 3194 essent;
3519 3145 3652 3185 con-

2066 3220 2144 3264 tra
2187 3211 2328 3266 hunc
2357 3213 2602 3266 morbum
2648 3214 2821 3283 primo
2861 3216 3087 3286 insurgit
3132 3216 3363 3285 Paulus,
3407 3221 3646 3276 radicem

2064 3304 2331 3359 malorum
2358 3304 2687 3373 deprimens,
2716 3323 2924 3363 necnon
2952 3308 3347 3366 dissensionem
3374 3312 3497 3367 inde
3526 3314 3650 3367 sub-

2062 3408 2277 3451 ortam:
2310 3398 2581 3467 mttltaque
2630 3399 2879 3469 loquendi
2928 3401 3119 3456 fiducia
3167 3403 3353 3457 utitur.
3406 3404 3467 3458 lli
3500 3407 3644 3460 enim

2061 3489 2292 3543 maxime
2315 3490 2553 3542 omnium
2583 3490 2830 3562 discipuli
2867 3493 2949 3547 sui
2976 3503 3167 3556 erant;
3211 3496 3409 3552 idcirco
3438 3499 3512 3551 ait
3544 3497 3647 3553 :Si

2059 3583 2175 3635 aliis
2198 3598 2301 3635 non
2320 3598 2431 3635 sum
2447 3584 2726 3651 apestolus,
2750 3585 2887 3639 vobis
2913 3596 3047 3640 certe
3074 3603 3189 3640 sunt
3211 3603 3230 3641 :
3255 3604 3339 3641 vos
3368 3590 3499 3643 enim
3522 3592 3646 3646 estis

2058 3674 2376 3746 signaculum
2406 3674 2721 3743 apostolatus
2750 3679 2848 3732 mei
2870 3680 2948 3747 (l.
2976 3677 3095 3733 Cor.
3123 3679 3177 3734 9.
3194 3679 3252 3750 τὶ)
3288 3699 3301 3735 :
3330 3690 3380 3735 et
3410 3682 3528 3736 aliis
3554 3683 3644 3737 itt-

2058 3768 2320 3822 ﬁrmiores
2348 3776 2538 3831 erant;
2582 3767 2703 3823 ideo
2742 3771 2872 3826 dicit
2901 3789 2913 3825 :
2945 3771 3067 3826 Non
3098 3775 3229 3827 enim
3271 3784 3324 3827 ut
3352 3776 3642 3843 spirituali-

2055 3864 2146 3919 bus
2186 3865 2420 3935 loquutus
2466 3883 2579 3919 sum
2607 3865 2873 3919 :nondum
2916 3865 3049 3918 enim
3092 3867 3359 3935 poteratis,
3408 3874 3495 3921 sed
3545 3886 3641 3923 nec

2053 3973 2187 4011 nunc
2214 3958 2416 4026 potestis
2448 3960 2466 4028 (
2491 3958 2542 4012 1.
2573 3955 2695 4011 Cor.
2726 3957 2779 4011 3.
2806 3954 2886 4025 2).
2921 3955 3031 4010 Hoc
3055 3966 3235 4012 autem
3262 3957 3412 4025 dicit,
3442 3976 3509 4014 ne
3542 3975 3643 4030 pn-

2054 4058 2226 4104 tarent
2252 4065 2374 4103 eum
2406 4049 2475 4105 ita
2500 4048 2644 4119 loqui
2671 4048 2739 4103 de
2763 4058 3004 4118 tempore
3045 4052 3336 4119 prteterito.
3367 4050 3638 4109 Czelerum

2050 4140 2337 4196 verisimile
2355 4150 2440 4195 est
2464 4155 2567 4195 non
2599 4150 2879 4210 corruptos
2905 4155 3093 4194 omnes
3118 4138 3285 4195 fuisse
3308 4183 3324 4206 ,
3349 4143 3443 4197 sed
3469 4162 3639 4213 quos-

2049 4232 2170 4286 dam
2216 4233 2355 4287 inter
2400 4232 2520 4287 illos
2550 4230 2712 4287 fuisse
2749 4231 3035 4286 admodum
3067 4243 3299 4287 sanctos.
3331 4234 3399 4289 Et
3447 4239 3547 4292 hoc
3579 4240 3637 4293 in

2047 4318 2224 4378 medio
2252 4323 2503 4394 Epistolas:
2533 4323 2852 4394 signiﬁcavit
2895 4324 3081 4378 dicens
3109 4342 3125 4379 :
3152 4324 3282 4378 Mihi
3326 4338 3494 4382 autem
3541 4347 3636 4399 pro

2045 4414 2254 4468 minimo
2280 4423 2352 4468 est
2378 4424 2431 4467 ut
2456 4432 2487 4467 a
2510 4415 2647 4469 vobis
2663 4414 2889 4486 judicer:
2914 4424 2969 4469 et
2987 4414 3246 4483 adjiciens
3274 4432 3287 4469 :
3317 4415 3442 4471 Iltec
3461 4432 3633 4475 autem

2047 4506 2403 4576 transﬁguravi
2425 4506 2477 4559 in
2503 4522 2581 4559 me
2606 4514 2651 4560 et
2672 4505 2857 4577 Apollo
2884 4504 2958 4578 (1.
2976 4504 3094 4560 Cor.
3124 4506 3177 4560 5.
3198 4507 3276 4576 6).
3305 4508 3440 4575 Quia
3470 4511 3633 4580 igitur

2043 4612 2106 4651 ex
2134 4597 2439 4665 arrogantia
2462 4597 2640 4651 omnia
2681 4597 3034 4668 gignebantur
3061 4597 3198 4651 mala
3220 4639 3235 4664 ,
3266 4606 3320 4653 et
3344 4600 3486 4669 quod
3515 4603 3635 4657 exi-

2043 4688 2323 4744 stimarent
2350 4703 2410 4743 se
2440 4688 2566 4757 quid
2591 4688 2819 4757 amplius
2843 4688 3008 4756 seire,
3043 4688 3183 4743 hunc
3224 4690 3466 4747 morbum
3502 4703 3632 4749 ante

2041 4779 2178 4836 alios
2203 4780 2358 4847 tollit,
2381 4788 2437 4836 et
2457 4779 2719 4850 incipiens
2745 4778 2875 4835 dicit
2900 4796 2915 4833 :

382 5040 3620 5066 mw

1793 5152 2135 5218 HOMlLlA
2181 5154 2239 5217 Ι..

349 5319 476 5375 CAP.
508 5320 562 5374 1.
590 5333 643 5373 v.
692 5319 745 5374 1.
794 5317 995 5373 Paulus
1030 5330 1237 5373 uocatus
1279 5324 1537 5389 apostolus
1573 5324 1761 5380 Christi
1802 5326 1928 5383 Iesu

416 5428 508 5483 per
532 5412 835 5465 voluntate»:
866 5410 957 5464 Dei
977 5453 992 5477 ,
1016 5421 1061 5464 et
1089 5411 1361 5467 Sostlteues
1392 5416 1571 5486 frater,
1602 5416 1657 5471 2.
1684 5417 1925 5474 Ecclesiae

412 5503 545 5570 Dei,
573 5520 685 5573 qtae
705 5515 777 5558 est
803 5503 1029 5558 Corinthi
1050 5547 1065 5571 ,
1099 5506 1427 5575 sanctiﬁcatis
1452 5508 1504 5562 in
1530 5507 1732 5564 Christo
1756 5509 1918 5579 Iesu,

409 5597 600 5651 matis
623 5597 809 5651 sanctis
832 5613 946 5650 cum
975 5598 1204 5651 omnibus
1228 5599 1572 5654 invocantibus
1597 5617 1785 5654 nomen
1810 5600 1921 5657 Do-

409 5688 534 5743 uu'ui
558 5685 719 5743 nostri
758 5686 883 5743 Iesu
914 5686 1099 5745 Chriin
1138 5691 1188 5744 in
1228 5693 1366 5747 omni
1392 5691 1503 5747 loco
1526 5702 1574 5747 et
1598 5693 1829 5765 ipsorum
1867 5704 1915 5749 et

2107 5340 2279 5384 nostra
2309 5347 2328 5385 :
2357 5331 2412 5386 5,
2444 5334 2610 5402 gratia
2634 5336 2769 5389 vobis
2795 5347 2844 5390 et
2869 5354 2975 5407 pax
3001 5357 3033 5393 a
3059 5340 3165 5395 Dea
3187 5341 3350 5399 Patre
3367 5354 3548 5401 nostra
3572 5355 3622 5403 et

2105 5420 2325 5477 Domino
2349 5422 2475 5480 Iesu
2501 5423 2723 5480 Christo.

2101 5512 2152 5569 l.
2190 5511 2325 5571 Vide
2368 5516 2639 5584 quomodo
2680 5518 2861 5574 statim
2893 5536 2927 5575 a
2955 5523 3217 5594 principio
3251 5536 3619 5598 arrogantiam

2027 5602 2222 5672 dejecit
2241 5646 2255 5669 ,
2283 5614 2337 5660 et
2364 5605 2511 5661 humi
2537 5610 2726 5665 stravit
2748 5625 2964 5669 omnem
3011 5616 3225 5673 illorum
3252 5620 3613 5676 existimatio.

2026 5710 2093 5753 ne
2108 5711 2185 5761 in,
2214 5706 2460 5755 vocatum
2488 5712 2549 5757 se
2573 5698 2777 5761 dicens.
2808 5702 2994 5777 Neque
3014 5708 3159 5765 enim
3192 5709 3391 5779 iuveni,
3415 5712 3617 5785 inquit,
