3864 6216
423 253 495 307 ιδ
1131 244 1190 300 s.
1231 237 1521 299 JOANNIS
1549 231 2046 296 cnmsosrom
2085 231 2403 290 Αιιιιιιιερ.
2444 187 3004 292 τοκετιιστιιηυρ.
3117 187 3125 192 ⁷
3239 191 3242 194 ⁴
3595 249 3661 298 η

417 367 552 428 Θεὸς
581 363 737 418 τοῦτο
761 363 993 434 ἠθέλησε
1020 361 1082 416 10
1109 359 1282 424 οὕτως
1307 357 1454 430 ὑμᾶς
1505 355 1766 424 σωθῆναι.
1821 351 1986 406 Οὐδὲν

415 451 526 522 γὰρ
569 451 721 520 ἡμεῖς
745 445 1212 520 κατωρθώσαμεν,
1257 441 1394 496 ἀλλὰ
1423 439 1519 522 διά
1543 437 1636 492 τοῦ
1679 435 1986 522 θελήματος

413 515 508 588 τοῦ
537 515 670 586 Θεοῦ
719 531 816 600 τὴν
861 515 1135 598 σωτηρίαν
1175 525 1252 600 [4]
1289 521 1602 596 513909.500.-
1653 519 1748 600 καὶ.
1796 515 1986 586 ἐπειδὴ

414 615 566 686 αὐτῷ
593 597 792 678 ἔδοξεν,
822 597 1154 682 ἐκλήθημεν,
1178 597 1302 662 θούκ
1329 606 1518 677 ἐπειδὴ
1545 603 1685 669 ἄξιοι
1717 597 1881 686 ἦμεν.

485 685 656 754 Πάλιν
697 695 1000 768 μετριάζει,
1038 693 1346 746 συντάττων
1386 687 1564 758 ἐαυτῷ
1598 687 1688 741 τὸν
1731 685 1988 768 ἐλάττονα

413 783 592 853 πολλῷ
609 794 633 821 ι
651 797 665 812 ο
693 767 787 833 καὶ
806 767 916 848 γὰρ
935 777 1066 830 πολὺ
1086 775 1146 828 10
1171 773 1332 844 μέσον
1347 769 1414 843 ἦν
1435 771 1647 825 Παύλου
1669 771 1762 824 καὶ
1781 767 1992 853 Σωσθέ-

414 851 648 930 νουςζΕί
691 863 772 924 δὲ,
801 861 928 916 ἔνθα
963 858 1214 914 τοσοῦτον
1259 853 1327 928 ἦν
1367 857 1428 910 10
1469 857 1664 928 μέσον,
1701 851 1988 916 συνέταξεν

411 948 592 1018 ἐαυτῷ
625 945 714 1000 τὸν
736 941 1180 1012 καταδεέστερον,
1205 939 1256 992 τί
1287 941 1352 992 ἂν
1383 939 1554 1010 ἔχοιεν
1587 939 1761 990 εἰπεῖν
1790 937 1988 1018 ἐκεῖνο-ι

411 1035 460 1086 οἱ
487 1015 613 1093 τοῦς
641 1028 936 1100 ὁμοτίμους
975 1023 1378 1094 ὑπερορῶντες
1421 1021 1500 1090 Τῇ
1535 1020 1855 1088 Ἐκκλησία
1883 1015 1990 1072 τοῦ

412 1112 585 1170 Θεοῦ.
599 1114 672 1166 Οὐ
692 1108 846 1164 τοῦδε
871 1108 966 1162 καὶ
985 1105 1159 1170 τοῦδε,
1175 1105 1309 1160 ἀλλὰ
1329 1107 1434 1160 τοῦ
1457 1105 1624 1160 Θεοῦ.
1646 1102 1728 1172 Τῇ
1749 1101 1904 1168 οὔσῃ
1920 1101 1990 1152 ἐν

411 1195 695 1264 Κορίνθῳ.
731 1193 892 1262 Ὁρᾷς
925 1190 1042 1254 πῶς
1076 1189 1201 1242 καθ’
1233 1189 1470 1258 ἑκάστην
1510 1187 1654 1251 λέξιν
1693 1183 1990 1238 κατέϐαλεν

411 1279 590 1333 αὐτῶν
633 1277 696 1330 10
741 1275 990 1346 φύσημα,
1020 1273 1118 1344 τὴν
1153 1273 1392 1327 διάνοιαν
1423 1271 1617 1335 ἐθίζων
1647 1269 1735 1323 διὰ
1770 1268 1988 1321 πάντων

411 1361 550 1434 πρὸς
593 1359 689 1412 10v
723 1357 988 1429 οὐρανόν;
1044 1355 1372 1428 Ἐκκλησίαν
1408 1355 1462 1408 δὲ
1495 1352 1631 1406 Θεοῦ
1679 1352 1853 1418 καλεῖ,
1881 1351 1988 1404 δει-

411 1446 542 1508 κνὺς
593 1444 676 1498 ὅτι
732 1441 972 1514 ἡνῶσθαι
1025 1438 1194 1510 αὐτὴν
1241 1442 1367 1510 χρή.
1400 1439 1464 1490 El
1511 1437 1617 1509 γὰρ
1643 1435 1778 1490 Θεοῦ
1813 1437 1982 1502 ἐστιν,

411 1527 637 1598 ἥνωται,
675 1525 767 1578 καὶ
801 1524 898 1596 μία
927 1523 1094 1586 ἐστὶν,
1126 1523 1226 1574 οὐκ
1251 1524 1308 1574 ἐν
1354 1520 1603 1592 Κορίνθῳ
1639 1519 1819 1589 μόνον,
1852 1515 1992 1570 ἀλλὰ

411 1613 507 1666 καὶ
545 1613 603 1664 ἐν
633 1611 782 1682 πάσῃ
823 1611 890 1680 τῇ
941 1607 1255 1678 οίκουμένῃ.
1289 1607 1364 1660 Τὸ
1395 1605 1503 1676 γὰρ
1529 1605 1627 1675 τῆς
1663 1601 1988 1673 Ἐκκλησίας

410 1695 581 1762 δνομα
617 1691 677 1743 οὐ
705 1688 1008 1760 χωρισμοῦ,
1037 1687 1174 1742 ἀλλὰ
1206 1688 1455 1752 ἐνώσεώς
1483 1687 1601 1740 ἐστι
1630 1685 1724 1739 καὶ
1753 1702 1986 1756 συμφω-

409 1775 526 1837 νίας
551 1775 744 1844 ὄνομα.
770 1769 1177 1842 Ἡγιασμένοις
1204 1771 1274 1825 ἐν
1302 1769 1540 1838 Χριστῷ
1575 1768 1790 1837 Ἰησοῦ.
1816 1768 1987 1822 Πάλιν

408 1859 503 1915 τοῦ
543 1855 718 1928 Ἰησοῦ
749 1855 808 1910 10
835 1855 1025 1926 ὄνομα,
1055 1853 1292 1925 οὐδαμοῦ
1338 1853 1642 1923 ἀνθρώπων
1675 1853 1878 1921 τίθησι.
1921 1851 1988 1905 Τί

409 1945 464 1998 δέ
495 1944 643 1996 ἐστιν
697 1941 726 1994 0
773 1940 1072 2010 ἁγιασμόςς
1127 1939 1201 1992 T0
1247 1936 1492 2009 λουτρδν,
1543 1939 1572 1990 0
1621 1935 1984 2010 καθαρισμός.

421 2027 856 2096 Ἀναμιμν-ήσκει
882 2025 988 2098 γὰρ
1020 2025 1219 2090 αὐτοὺς
1245 2023 1345 2094 τῆς
1372 2022 1579 2088 οἰκείας
1621 2021 1985 2093 ἀκαθαρσίας,

407 2105 474 2184 ἧς
511 2107 812 2180 ἀπήλλαξε,
852 2109 947 2160 καὶ
986 2107 1164 2160 πείθει
1201 2107 1374 2180 μικρὰ
1403 2110 1621 2176 φρονεῖν
1643 2123 1657 2138 ·
1706 2105 1767 2160 οὐ
1797 2103 1906 2176 γὰρ
1929 2107 1987 2158 ἐν

409 2195 522 2256 τοῖς
568 2191 788 2254 οἰκείοις
821 2191 1265 2262 κατορθώμασιν,
1327 2191 1443 2244 ἀλλ’
1483 2191 1540 2243 ἐν
1581 2193 1648 2262 τῇ
1703 2189 1798 2243 τοῦ
1849 2189 1984 2242 Θεοῦ

409 2274 790 2346 φιλανθρωπία
821 2275 1183 2346 ἡγιάσθησαν.
1215 2273 1473 2342 κλητοῖς
1499 2274 1709 2345 ἁγίοις.
1741 2273 1850 2326 Καὶ
1877 2273 1985 2344 γὰρ

409 2359 566 2415 τοῦτο
601 2358 734 2412 αὐτὸ
763 2358 822 2412 τδ
849 2359 1030 2412 πίστει
1079 2357 1338 2430 σωθῆναι,
1373 2359 1560 2428 φησὶν,
1583 2357 1682 2428 οὐκ
1707 2357 1765 2424 ἐξ
1793 2357 1946 2427 ὐμῶν
1968 2373 1982 2388 ⁸

409 2446 470 2498 οὐ
521 2445 630 2514 γὰρ
668 2441 1004 2513 προσήλθετε
1053 2441 1280 2514 πρῶτοι,
1321 2440 1436 2494 ἀλλ’
1488 2441 1778 2511 ἐκλήθητε.
1821 2441 1985 2493 Ὥστε

409 2528 532 2583 οὐδέ
567 2527 630 2580 10
665 2525 862 2597 μικρὸν
899 2525 1078 2590 τοῦτο,
1115 2524 1380 2595 ὑμέτερον
1410 2524 1550 2578 δλον.
1589 2523 1777 2577 Καίτοι
1812 2525 1859 2576 εί
1891 2524 1986 2576 καὶ

409 2609 764 2682 προσήλθετε,
819 2608 1028 2678 μυρίων
1069 2607 1223 2672 δντες
1278 2607 1570 2662 ὑπεύθυνοι
1615 2605 1830 2675 κακῶν,
1865 2605 1986 2659 οὐδὲ

408 2693 581 2758 οῦτως
609 2693 736 2763 ύμῖν
769 2693 950 2764 χάρις,
979 2692 1116 2746 ἀλλὰ
1149 2691 1227 2764 τῷ
1258 2691 1398 2764 Θεῷ.

478 2780 578 2832 Διά
622 2777 780 2832 τοῦτο
831 2777 928 2832 καὶ
977 2775 1248 2846 Ἐφεσίοις
1301 2777 1528 2850 γράφων
1578 2775 1754 2845 ἐλεγε-
1785 2775 1988 2843 Χάριτί

407 2859 548 2916 ἐστε
577 2859 958 2929 σεσωσμένοι
993 2859 1090 2916 διὰ
1128 2861 1409 2926 πίστεως,
1447 2860 1544 2913 καὶ
1577 2859 1753 2914 τοῦτο
1786 2862 1897 2913 οὐκ
1918 2857 1988 2922 ἐξ

409 2941 591 3014 ὑμῶν.
617 2943 754 2996 Οὐδέ
781 2946 813 3012 ἡ
845 2943 1026 3004 πίστις
1053 2943 1207 3014 ὑμῶν
1235 2943 1530 3016 ὁλόκληρος
1550 2959 1563 2973 °
1596 2944 1656 2996 00
1695 2943 1804 3014 γὰρ
1829 2943 1987 3012 ὑμεῖς

407 3028 764 3082 ἐπιστεύσατε
795 3025 1181 3098 προλαϐόντες,
1230 3025 1368 3081 ἀλλὰ
1417 3023 1709 3096 κληθέντες
1738 3025 1986 3096 ὑπηκού-

408 3129 557 3165 σατε.
585 3111 709 3166 Σὺν
731 3108 878 3164 πᾶσι
909 3109 1027 3176 τοῖς
1057 3109 1552 3178 ἐπικαλουμένοις
1581 3109 1646 3162 τὸ
1673 3109 1859 3178 ὄνομα
1881 3108 1987 3163 τοῦ

408 3195 630 3261 Κυρίου
675 3189 844 3261 ἡμῶν
885 3191 1090 3260 Ἰησοῦ
1136 3191 1417 3260 Χριστοῦ.
1449 3191 1524 3244 Οὐ
1558 3191 1654 3244 τοῦ
1691 3191 1859 3254 δεῖνος
1895 3192 1990 3244 καὶ

407 3277 514 3330 τοῦ.
539 3277 733 3340 δεῖνος,
767 3273 903 3329 ἀλλὰ
939 3274 1010 3328 Τὸ
1051 3273 1238 3344 ὄνομα
1266 3273 1370 3328 τοῦ
1403 3273 1646 3340 Κυρίου.
1677 3274 1780 3327 Ἔν
1809 3272 1990 3326 παντὶ

407 3360 572 3424 τόπῳ
603 3357 804 3412 αὐτῶν
833 3375 898 3412 τε
927 3359 1022 3412 καὶ
1055 3355 1244 3426 ἡμῶν.
1281 3357 1344 3410 El
1379 3357 1488 3428 γὰρ
1518 3357 1609 3410 καὶ
1637 3358 1772 3428 πρὸς
1801 3359 1991 3428 Κοριν-

411 3443 562 3506 θίους
607 3441 675 3496 τὰ
715 3443 1024 3512 γράμματά
1069 3443 1186 3494 ἐστι
1231 3441 1618 3512 γεγραμμένα,
1644 3443 1825 3512 μόνον,
1852 3441 1988 3496 ἀλλὰ

411 3527 508 3580 καὶ
553 3527 771 3580 πάντων
798 3525 904 3578 τῶν
943 3525 1000 3576 ἐν
1039 3523 1190 3598 πάσῃ
1223 3527 1288 3596 τῇ
1324 3527 1396 3596 γῇ
1435 3525 1710 3596 μέμνηται
1757 3525 1988 3590 πιστῶν,

409 3610 621 3673 δεικνὺς
655 3611 738 3662 ὅτι
773 3609 871 3682 τὴν
911 3609 1004 3662 ἐπὶ
1035 3609 1137 3680 τῆς
1171 3609 1492 3680 οίκουμένης
1549 3611 1681 3680 μίαν
1714 3609 1796 3663 δεῖ
1846 3605 1988 3665 εἶναι

423 3689 776 3762 Ἐκκλησίαν,
833 3691 1010 3745 καίτοι
1065 3693 1253 3755 τόποις
1299 3691 1514 3755 πολλοῖς
1547 3693 1986 3764 κεχωρισμένην,

411 3777 509 3831 καὶ
558 3775 738 3846 πολλῷ
787 3775 985 3846 μᾶλλον
1037 3775 1137 3847 τὴν
1184 3777 1242 3828 ἐν
1277 3775 1550 3848 Κορίνθῳ.
1585 3777 1650 3829 Εἰ
1689 3777 1744 3828 δὲ
1773 3780 1801 3830 0
1825 3777 1990 3840 τόπος

411 3857 658 3930 χωρίζει.
693 3859 808 3911 ἀλλ’
837 3859 868 3911 0
919 3857 1122 3930 Κύριος
1161 3858 1356 3922 αὐτοὺς
1384 3860 1646 3912 συνάπτει
1673 3861 1851 3924 κοινὸς
1881 3859 1988 3914 ὤν’

413 3941 496 3994 διδ
529 3944 623 3994 καὶ
653 3941 788 3994 ἑνῶν
815 3943 1012 4005 αὐτοὺς
1045 3943 1294 4012 ἐπήγαγε
1321 3941 1402 4005 10,
1441 3941 1628 4010 Ἡμῶν
1653 3959 1719 3995 τε
1753 3944 1852 3997 καὶ
1883 3945 1992 3998 αὐ-

414 4024 552 4080 τῶν.
591 4025 732 4078 Πολύ
768 4025 824 4078 δὲ
853 4025 1012 4078 τοῦτο
1045 4025 1253 4078 ἐκείνου
1283 4025 1851 4098 κυριώτερον.Ὤσπερ
1883 4027 1992 4098 γὰρ

414 4107 550 4162 οῖ’ἐν
576 4109 656 4162 ἐνὶ
693 4108 844 4179 τόπῳ
871 4108 1042 4172 ὅντες,
1078 4109 1206 4160 ὅταν
1237 4106 1467 4171 πολλοὺς
1493 4107 1688 4177 ἔχωσιν
1717 4111 1990 4174 ἐναντίους

413 4190 700 4256 δεσπότας,
737 4191 1121 4261 διεσπασμένοι
1153 4191 1280 4253 είσί,
1315 4192 1412 4244 καὶ
1456 4191 1606 4244 οὐδὲν
1642 4193 1750 4245 ἀπὸ
1777 4193 1870 4246 τοῦ
1903 4193 1992 4246 τό-

415 4291 518 4328 που
545 4276 624 4338 5E;
654 4275 906 4344 ὁμόνοιαν
938 4273 1296 4344 ὠφελοῦνται,
1324 4273 1555 4346 διάφορα
1583 4276 1692 4329 τῶν
1714 4275 1991 4334 δεσποτῶν

415 4355 831 4422 ἐπιταττόντων,
852 4358 946 4410 καὶ
979 4356 1114 4428 πρὸς
1148 4357 1376 4419 ἐαυτούς
1409 4357 1675 4412 ἑλκόντων
1719 4359 1839 4430 (οῠ
1885 4359 1992 4414 δύ-

411 4444 601 4495 νασθε
633 4439 761 4510 γὰρ,
809 4440 964 4512 φησὶ,
1015 4439 1136 4505 Θεῷ
1163 4439 1478 4494 δουλεύειν
1507 4439 1606 4494 καί
1633 4439 1948 4512 μαμμωνᾷ)
1971 4459 1986 4474 ⁶

413 4521 585 4586 οὕτως
633 4525 682 4575 οί
729 4525 786 4575 ἐν
826 4524 1105 4596 διαφόροις
1141 4523 1328 4586 τόποις
1361 4523 1532 4586 ὄντες,
1565 4523 1660 4577 ἐὰν
1703 4523 1778 4594 μὴ
1806 4525 1993 4594 διαφό-

419 4622 546 4675 ρους
577 4605 738 4676 ἐχωσι
773 4606 1016 4678 κυρίους,
1044 4606 1160 4659 ἀλλ’
1193 4607 1291 4660 ἕνα
1339 4605 1520 4677 μόνον,
1563 4605 1715 4658 οὐδὲν
1749 4607 1856 4660 ἀπὸ
1883 4607 1993 4659 τῶν

415 4688 597 4742 τόπων
626 4691 703 4751 είς
721 4689 974 4758 ὁμόνοιαν
1003 4689 1507 4759 παραδλάπτονται,
1535 4688 1628 4741 τοῦ
1661 4689 1868 4760 Κυρίου
1898 4689 1992 4742 τοῦ

415 4773 532 4836 ἐνὸς
563 4773 924 4836 συνάπτοντος
959 4772 1174 4836 αὐτούς.
1198 4773 1272 4826 Οὐ
1295 4772 1441 4839 λέγω
1471 4771 1672 4832 τοίνυν,
1699 4775 1886 4842 φησιν,
1911 4775 1992 4828 ὅτι

417 4857 552 4928 1:90;
613 4855 934 4928 Κορινθίους
965 4857 1240 4927 Κορίνθιοι
1273 4855 1426 4918 ὄντες
1459 4857 1704 4926 ὁμονοεῖν
1749 4857 1992 4925 ὀφείλετε

419 4941 600 5011 μόνον,
632 4939 770 4992 ἀλλὰ
801 4941 895 4992 καὶ
930 4939 1066 5008 1:90;
1113 4939 1320 5001 πάντας
1349 4939 1475 5003 100;
1515 4940 1574 4992 ἐν
1598 4943 1664 5010 τῇ
1698 4940 1992 5012 οἰκουμένη
2049 4948 2052 4952 ’

415 5023 588 5094 πάσῃ.
621 5021 800 5075 κοινὸν
859 5021 1074 5090 ἔχοντες
1117 5022 1412 5089 Δεσπότην.
1463 5021 1564 5074 Διὰ
1610 5021 1770 5075 τοῦτο
1807 5025 1904 5076 καὶ
1927 5027 1992 5076 ἐκ

412 5105 666 5176 δευτέρου
719 5104 1030 5176 προσέθηκε
1065 5103 1148 5167 10,
1172 5102 1386 5172 Ἦμῶν.
1425 5103 1644 5177 Ἐπειδὴ
1685 5107 1795 5177 γὰρ
1845 5103 1988 5170 εἶπε,

419 5188 492 5243 Τὸ
523 5189 712 5256 ὄνομα
739 5187 846 5242 τοῦ
881 5187 1098 5255 Κυρίου
1135 5185 1306 5254 ἡμῶν
1337 5189 1540 5254 Ἰησοῦ
1571 5191 1847 5258 Χριστοῦ,
1903 5193 1989 5246 ἵνα

417 5271 492 5341 μὴ
511 5269 637 5342 δόξῃ
673 5265 928 5340 χωρίζειν
965 5269 1116 5339 παρὰ
1138 5271 1250 5332 τοῖς
1279 5271 1546 5340 ἀνοήτοις,
1581 5274 1777 5342 ἐπάγει
1803 5273 1986 5340 πάλιν,

413 5355 636 5420 Κυρίου
665 5351 836 5421 ἡμῶν
857 5369 922 5407 τε
947 5353 1044 5406 καί
1069 5353 1286 5408 αὐτῶν.
1317 5355 1425 5406 Καὶ
1451 5354 1537 5407 ἵνα
1557 5352 1640 5427 [5]
1659 5358 1990 5430 σαφέστερον

412 5435 442 5488 δ
478 5435 622 5503 λέγω
652 5438 900 5507 γένηται,
935 5435 1322 5506 ἀναγνώσομαι
1355 5437 1494 5492 κατὰ
1517 5439 1579 5492 10
1607 5439 1784 5511 νόημα
1811 5441 1954 5495 οῶω
1973 5459 1988 5473 ·

413 5517 624 5581 Παῦλος
649 5519 742 5572 καὶ
769 5519 1051 5588 Σωσθένης
1083 5523 1156 5592 τῇ
1186 5520 1480 5592 Ἐκκλησία
1507 5521 1602 5574 τοῦ
1636 5521 1772 5576 Θεοῦ
1797 5527 1863 5595 τῇ
1901 5525 1990 5578 οὐ·

415 5619 484 5672 σῃ
539 5603 598 5653 ἐν
651 5603 920 5674 Κορίνθῳ,
979 5605 1075 5657 xu).
1110 5605 1244 5658 πᾶσι
1281 5608 1396 5667 τοῖς
1439 5606 1892 5677 ἐπικαλουμένοις
1927 5610 1990 5662 10

411 5685 584 5756 ενομα
608 5683 704 5739 τοῦ
725 5687 930 5756 Κυρίου
958 5689 992 5758 ἡ
1002 5685 1117 5756 μῶν
1135 5705 1194 5741 τε
1221 5691 1315 5744 καὶ
1341 5689 1520 5744 αὐτῶν
1551 5693 1606 5743 ἐν
1635 5693 1799 5746 παντὶ
1819 5693 1989 5764 τόπῳ,

479 5863 796 5932 ‘Legebatu:
826 5868 1062 5920 Ἀπολ-λῶ.

2091 349 2198 403 κᾶν
2251 353 2311 404 ἐν
2353 350 2561 423 Ῥώμῃ,
2619 351 2725 406 κᾶν
2770 352 2902 404 ὅπου
2951 350 3150 420 δήποτε
3193 350 3259 406 ἄν
3305 345 3444 408 ὦσι·
3493 355 3664 424 Χάρις
3713 353 3718 358 ’

2090 431 2236 502 ὖμῖν
2267 433 2364 487 καὶ
2390 435 2596 504 είρήνη
2635 435 2754 490 ἀπὸ
2791 435 2940 489 Θεοῦ
2969 426 3201 504 Πατρός
3226 435 3397 504 ἡμῶν
3419 439 3520 492 καί
3547 443 3662 496 Κυ-

2085 517 2223 584 ρίου
2257 517 2451 584 Ἰησοῦ
2477 519 2752 588 Χριστοῦ.
2785 521 2855 572 Ἢ
2880 517 3022 573 οῦτω
3055 519 3240 584 πάλιν,
3275 519 3304 572 0
3337 521 3430 574 καὶ
3467 523 3664 592 μᾶλλον

2089 595 2330 670 ἡγοῦμαι
2361 600 2720 672 ἀληθέστερον
2759 597 2934 656 εἶναι’
2973 601 3188 666 Παῦλος
3235 603 3329 657 καὶ
3381 605 3665 677 Σωσθένης

2089 685 2202 745 τοῖς
2255 687 2313 738 ἐν
2355 687 2605 758 Κορίνθῳ
2655 685 3030 758 ἡγιασμένοις,
3079 685 3296 754 κλητοῖς
3343 687 3522 756 ἁγίοις
3569 693 3663 742 σὺν

2091 769 2224 821 πᾶσι
2246 771 2359 832 τοῖς
2385 769 2830 840 ἐπικαλουμένοις
2859 769 2918 822 τὸ
2951 771 3121 840 ὄνομα
3147 770 3238 824 τοῦ
3273 771 3479 843 Κυρίου
3511 773 3664 844 ἡμῶν

2103 851 2278 922 Ἰησοῦ
2309 853 2546 924 Χριστοῦ
2581 855 2639 906 ἐν
2683 855 2845 907 παντὶ
2873 855 3024 924 τόπῳ
3061 853 3244 906 αὐτῶν
3275 871 3334 907 τε
3359 857 3450 908 καὶ
3485 857 3662 926 ἡμῶν.

2091 925 2374 1002 Τουτέστι,
2409 937 2583 1006 Χάρις
2621 939 2752 1008 ὑμῖν
2799 938 2893 990 καὶ
2937 937 3127 1008 εἰρήνη
3157 937 3286 1008 ὑμῖν
3327 941 3441 1002 τοῖς
3471 925 3530 991 ἐν
3555 943 3664 994 Κο-

2091 1015 2256 1092 ρίνθῳ
2289 1023 2662 1092 ἡγιασμένοις.
2699 1023 2792 1076 καὶ
2833 1022 3052 1092 κλητοῖς
3085 1023 3434 1093 γενομένοις·
3465 1027 3528 1077 οὐ
3565 1025 3664 1096 μό-

2089 1118 2222 1166 νοις,
2273 1104 2410 1156 ἁλλὰ
2459 1103 2596 1174 μετὰ
2625 1105 2842 1160 πάντων
2874 1106 2984 1158 τῶν
3019 1107 3076 1158 ἐν
3098 1107 3260 1159 παντὶ
3283 1105 3434 1178 τόπῳ
3467 1109 3664 1160 ἐπικα-

2088 1182 2180 1236 λου
2189 1184 2366 1253 μένων
2386 1187 2446 1239 10
2470 1187 2640 1255 ὄνομα
2663 1185 2757 1240 τοῦ
2790 1187 2998 1260 Κυρίου
3029 1190 3063 1258 ἡ
3073 1187 3190 1258 μῶν
3227 1187 3402 1260 Ἰησοῦ
3424 1189 3662 1260 Χριστοῦ

2090 1268 2185 1319 καὶ
2233 1269 2435 1322 αὐτῶν.
2489 1267 2554 1323 Et
2598 1269 2656 1324 δέ
2700 1270 2808 1324 ἀπὸ
2837 1271 3055 1342 χάριτος
3091 1271 3126 1342 ή
3177 1272 3394 1342 εἰρήνη,
3422 1271 3476 1324 τί
3523 1273 3666 1342 μέγα

2091 1353 2328 1422 φρονεῖς,
2366 1356 2419 1407 τί
2451 1354 2592 1425 μέγα
2627 1357 2826 1426 φυσᾷς,
2857 1355 3041 1426 χάριτι
3077 1355 3270 1418 σωθείς
3298 1372 3314 1420 ;
3348 1357 3397 1408 εί
3426 1355 3480 1410 δὲ
3511 1357 3664 1429 εἰρη-

2090 1451 2187 1502 νην
2215 1435 2358 1504 ἐχεις
2398 1435 2535 1508 πρὸς
2566 1437 2656 1490 10v
2683 1437 2836 1502 Θεὸν,
2871 1437 2924 1490 τί
2954 1438 3162 1510 ἐτέροις
3193 1438 3422 1490 σεαυτὸν
3445 1439 3667 1510 προσνέ-

2091 1535 2216 1588 μεις
2237 1519 2286 1584 ὶ²;
2303 1519 2460 1572 τοῦτο
2483 1519 2593 1592 γὰρ
2622 1519 3026 1584 διαστασιάζειν
3044 1521 3180 1575 ἐστί.
3204 1521 3269 1574 Τί
3296 1521 3426 1592 γὰρ,
3453 1524 3501 1574 εί
3529 1521 3666 1594 1:90;

2090 1601 2236 1654 τόνδε
2273 1604 2582 1675 είρηνεύετε
2615 1607 2708 1677 καὶ
2761 1607 2900 1677 1:90;
2940 1605 3112 1672 τόνδε,
3164 1605 3255 1659 καὶ
3290 1605 3452 1676 χάριν
3475 1605 3660 1674 ἐχετες

2101 1684 2242 1753 Ἐγὼ
2275 1685 2330 1739 δὲ
2363 1687 2471 1740 ἀπὸ
2518 1687 2612 1742 τοῦ
2664 1675 2819 1742 Θεοῦ
2847 1687 2983 1741 αἰτῶ
3015 1687 3188 1742 ταῦτα
3219 1689 3346 1759 ὑμῖν
3374 1675 3664 1760 ἀμφότερα

2088 1769 2363 1838 γενέσθαι,
2395 1771 2488 1825 καὶ
2515 1773 2610 1825 ἀπ’
2659 1773 2824 1826 αὐτοῦ
2855 1773 2947 1827 καὶ
2983 1771 3118 1844 1:90;
3159 1771 3339 1827 αὐτόν.
3381 1772 3520 1827 Οὔτε
3555 1773 3664 1844 γὰρ

2091 1851 2284 1922 βεϐαία
2313 1855 2462 1924 μένει
2501 1867 2546 1918 ο,
2579 1855 2644 1910 ἃν
2675 1857 2750 1926 μὴ
2779 1857 2880 1926 τῆς
2911 1857 3116 1910 ἄνωθεν
3143 1857 3430 1930 ἀπολαύσῃ
3467 1859 3662 1928 ῥοπῆς)

2088 1933 2237 1994 οὐτε.
2283 1937 2381 1988 ἐὰν
2427 1937 2502 2008 μὴ
2555 1939 2691 2009 πρὸς
2722 1939 2886 1993 αὐτὸν
2932 1938 2988 2014 ᾗ,
3041 1939 3194 1993 ἔσται
3231 1957 3283 1993 τι
3315 1939 3478 1992 πλέον
3509 1941 3661 2010 ὑμῖν.

2089 2019 2256 2072 Οὐδὲν
2281 2021 2389 2092 γὰρ
2415 2021 2606 2090 δφελος
2639 2023 2790 2094 ἡμίν,
2825 2022 2926 2076 κᾶν
2951 2021 3086 2094 1:90;
3109 2023 3319 2087 πάντας
3347 2017 3500 2095 ὦμεν
3523 2025 3668 2096 είρηο

2089 2105 2247 2168 νικοὶ,
2296 2105 2435 2176 πρὸς
2469 2107 2528 2160 δέ
2577 2105 2665 2159 10v
2702 2107 2834 2161 Θεὸν
2881 2107 3430 2177 ἐκπεπολεμωμένοι·
3471 2106 3664 2176 ῶσπερ

2087 2187 2239 2239 οὐδὲν
2271 2187 2465 2258 βλάϐος
2499 2191 2650 2260 ἡμῖν,
2698 2191 2804 2244 xiv
2835 2193 2986 2264 παρὰ
3021 2193 3239 2245 πάντων
3268 2190 3661 2262 πολεμῶμεθα,
3699 2187 3702 2190 ’

2087 2271 2166 2341 τῷ
2201 2272 2256 2324 δὲ
2295 2271 2413 2344 Θεῷ
2451 2273 2854 2346 είρηνεύωμεν·
2891 2277 2984 2332 καὶ
3035 2275 3197 2330 πάλιν
3246 2277 3399 2329 οὐδὲν
3443 2275 3660 2343 ὄφελος,

2088 2355 2192 2410 κᾶν
2233 2357 2382 2426 παρὰ
2431 2359 2597 2410 πᾶσιν
2627 2357 3024 2430 εὐδοκιμῶμεν,
3056 2359 3132 2431 τῷ
3161 2359 3219 2412 δὲ
3267 2358 3457 2429 Κυρίῳ
3493 2375 3662 2429 προσ-

2086 2439 2372 2510 κρούωμεν
2390 2457 2403 2470 ·
2435 2439 2624 2512 ὥσπερ
2651 2441 2826 2507 οὐδεὶς
2860 2443 3128 2506 κίνδυνος,
3156 2442 3258 2496 κᾶν
3285 2442 3486 2504 πάντες
3510 2443 3662 2514 ἡμεῖς

2085 2524 2537 2594 ἀποστρέφωνται
2581 2526 2674 2579 καὶ
2727 2526 2981 2596 μισῶσιν,
3013 2529 3042 2582 0
3073 2527 3128 2581 δὲ
3165 2527 3299 2591 850;
3327 2526 3662 2596 ἀποδέχηται

2085 2608 2182 2662 καὶ
2237 2609 2384 2680 φιλῇ.
2430 2609 2492 2662 Ἦ
2545 2611 2656 2679 γὰρ
2693 2609 2862 2676 ὄντως
2919 2612 3168 2684 χάρις,ὴ
3221 2613 3390 2676 ὅντως
3443 2613 3658 2683 εἰρήνη,

2087 2693 2240 2762 παρὰ
2262 2692 2356 2746 τοῦ
2387 2693 2544 2748 Θεοῦ.
2580 2695 2636 2748 ’0
2665 2694 2764 2766 μὲν
2789 2695 2898 2765 γὰρ
2923 2697 3022 2766 τὴν
3049 2697 3199 2768 παρὰ
3236 2695 3312 2767 τῷ
3341 2695 3463 2767 Θεῷ
3499 2697 3662 2768 χάριν

2087 2773 2247 2846 ἔχων,
2298 2775 2488 2830 οὐδένα
2540 2777 2766 2842 δέδοικε,
2800 2778 2904 2832 κᾶν
2941 2779 3112 2851 μυρία
3143 2779 3326 2851 πάσχῃ
3374 2779 3525 2833 δεινά
3548 2797 3561 2811 '
3597 2781 3660 2834 οὐ

2087 2860 2232 2930 λέγω
2263 2860 2570 2931 ἄνθρωπον,
2611 2861 2728 2916 ἀλλ’
2755 2863 2876 2916 οὐδέ
2904 2863 3065 2917 αὐτὸν
3094 2864 3186 2918 τὸν
3211 2864 3456 2918 διάϐολον
3477 2881 3490 2894 ·
3547 2865 3575 2917 0
3604 2863 3664 2916 ὅτε

2087 2943 2262 3014 τούτῳ
2316 2945 2799 3016 προσκεκρουκὼς,
2853 2947 3062 3010 πάντας
3101 2946 3420 3010 ὑποπτεύει,
3470 2946 3571 3000 κᾶν
3601 2947 3662 2998 ἐν

2087 3025 2358 3098 ἀσφαλείᾳ
2391 3023 2530 3082 εἶναι
2583 3029 2736 3100 δοκῇ.
2773 3031 3040 3083 ’Δστατον
3071 3029 3183 3101 γὰρ
3211 3029 3272 3084 10
3313 3031 3422 3084 τῶν
3446 3030 3662 3100 ἀνθρώ-

2089 3130 2207 3164 πων
2235 3109 2409 3180 γένος,
2442 3113 2536 3165 καὶ
2563 3112 2622 3166 οὐ
2654 3111 2796 3181 φίλοι
2827 3113 2987 3184 μόνον
3018 3114 3112 3166 καί
3144 3113 3260 3167 ἅδε)
3272 3116 3382 3183 φοὶ,
3414 3114 3530 3168 ἀλλ’
3559 3115 3666 3186 ήδη

2089 3196 2184 3248 καὶ
2219 3195 2452 3266 πατέρες
2494 3195 2978 3265 μεταϐαλλόμενοι,
3029 3197 3288 3262 πολλάκις
3317 3197 3426 3251 ἀπὸ
3459 3201 3664 3268 πικρᾶς

2091 3277 2270 3342 αἰτίας
2296 3277 2504 3344 τοῦτον,
2537 3279 2596 3332 0v
2645 3279 2962 3348 ἐγέννησαν,
3002 3279 3061 3334 ὃν
3088 3281 3413 3350 ἐφύτευσαν,
3443 3283 3665 3336 πάντων

2091 3361 2368 3434 πολεμίων
2401 3363 2599 3434 μᾶλλον
2631 3363 2837 3434 ἦλασαν
2860 3380 2872 3392 ·
2906 3365 3000 3418 καὶ
3031 3365 3220 3430 παῖδες
3276 3366 3522 3438 πατέρας
3571 3365 3664 3432 ἐξ-

2092 3443 2304 3500 έϐαλον.
2343 3447 2543 3500 Σκόπει
2577 3447 2656 3500 δέ.

2163 3531 2229 3602 β’.
2265 3527 2388 3600 Εἶχε
2421 3533 2577 3602 χάριν
2604 3533 2632 3584 0
2665 3531 2829 3586 Δαυῒδ
2855 3531 3003 3604 παρὰ
3022 3533 3098 3604 τῷ
3121 3531 3237 3606 Θεῷ
3262 3552 3276 3566 ·
3314 3530 3426 3606 εἶχε
3458 3535 3614 3606 χάριν
3635 3537 3665 3588 0

2104 3613 2424 3684 Ἀϐεσαλὼμ
2470 3616 2618 3687 παρὰ
2667 3619 2779 3681 τοῖς
2826 3616 3166 3687 ἀνθρώποις·
3215 3615 3324 3672 οἷον
3372 3615 3465 3674 οὖν
3511 3619 3666 3681 τέλος

2091 3697 2350 3769 ἑκάτερος
2397 3699 2544 3769 ἔσχε,
2599 3699 2694 3751 καὶ
2742 3699 2827 3764 τίς
2870 3700 3206 3771 ηὐδοκίμησε
3265 3701 3488 3772 μᾶλλον,
3523 3703 3660 3756 ίστε.

2091 3777 2219 3851 Εἶχε
2261 3781 2420 3852 χάριν
2471 3785 2499 3836 0
2547 3783 2798 3854 Ἀϐραὰμ
2831 3784 2978 3855 παρὰ
3033 3786 3109 3854 τῷ
3155 3785 3295 3856 Θεῷ,
3326 3788 3355 3838 0
3381 3785 3438 3838 δέ
3463 3786 3666 3856 Φαραὼ

2092 3865 2246 3936 παρὰ
2271 3869 2382 3929 τοῖς
2413 3865 2756 3934 ἀνθρώποις·
2814 3865 3162 3938 χαριζόμενοι
3213 3873 3322 3940 γάρ
3363 3869 3532 3939 αὐτῷ,
3564 3861 3664 3938 τὴν

2091 3951 2327 4018 γυναῖκα
2354 3949 2446 4002 τοῦ
2476 3947 2690 4002 δικαίου
2727 3950 3068 4022 προῦδωκαν.
3099 3951 3196 4014 Τίς
3227 3947 3317 4004 οὖν
3351 3950 3664 4022 λαμπρότε-

2093 4050 2188 4104 ρος
2217 4033 2406 4102 γέγονε
2430 4033 2522 4086 καλ⁸
2571 4034 2858 4105 μακάριος,
2909 4036 3072 4088 παντί
3125 4053 3225 4088 που
3265 4031 3446 4105 δῆλον.
3471 4037 3582 4088 Καὶ
3609 4037 3666 4090 τί

2093 4115 2236 4184 λέγω
2271 4116 2400 4188 περὶ
2422 4115 2680 4186 δικαίωνς
2714 4113 2872 4188 Εἶχον
2892 4119 3052 4189 χάριν
3071 4121 3120 4172 οί
3155 4119 3482 4190 Ἰσραηλῖται
3510 4119 3662 4190 παρὰ

2093 4201 2170 4271 τῷ
2209 4201 2348 4272 Θεῷ,
2379 4201 2668 4272 ἐμισοῦντο
2699 4202 2755 4255 δέ
2806 4201 2958 4272 παρὰ
2997 4202 3300 4276 ἀνθρώπων
3341 4205 3448 4256 τῶν
3493 4205 3663 4272 Αἰγυ-

2094 4283 2294 4339 πτίων’
2330 4284 2446 4338 ἀλλ’
2480 4287 2630 4358 ὅμως
2655 4287 2763 4340 τῶν
2809 4287 3112 4358 μισούντων
3141 4290 3534 4361 περιεγένοντο.
3565 4289 3662 4341 καὶ

2093 4367 2428 4445 ἐκράτησαν,
2485 4369 2606 4440 μεθ’
2655 4369 2786 4440 ὅσης
2831 4371 3070 4436 ἅπαντες
3115 4371 3228 4425 ἴστε
3279 4374 3662 4445 πριφανείας.

2094 4444 2264 4506 Τοῦτο
2313 4451 2491 4506 τοίνυν
2521 4453 2914 4524 σπουδάζωμεν
2964 4453 3202 4519 ἅπαντες
3223 4471 3236 4485 ·
3283 4444 3380 4508 κᾶν
3410 4455 3592 4519 δοῦλος
3624 4453 3664 4528 ᾖ

2093 4553 2195 4600 τις,
2227 4535 2386 4588 τοῦτο
2413 4536 2675 4606 εὐχέσθω,
2708 4537 2813 4608 1:90
2846 4536 2940 4590 τοῦ
2979 4537 3240 4591 δεσπότου
3269 4539 3417 4609 παρὰ
3441 4539 3520 4608 τῷ
3543 4539 3662 4610 Θεῷ

2094 4620 2256 4690 χάριν
2284 4621 2464 4692 εὐρεῖν
2489 4633 2500 4646 ·
2557 4618 2638 4692 [ο]
2686 4619 2790 4672 κᾶν
2832 4623 2966 4691 γυνή
2996 4637 3081 4684 τις
3124 4617 3180 4694 ᾖ,
3211 4621 3316 4690 1:90
3347 4621 3441 4676 τοῦ
3473 4621 3663 4692 ἀνδρὸς

2095 4703 2247 4774 παρὰ
2279 4703 2374 4756 τοῦ
2409 4702 2664 4774 Σωτῆρος
2689 4701 2822 4756 Θεοῦ
2851 4703 3082 4772 ζητείτω
3115 4705 3274 4774 χάριν
3300 4723 3314 4735 ·
3361 4707 3466 4760 κᾶν
3501 4723 3660 4774 στρα-

2093 4788 2294 4858 τιώτης
2338 4784 2395 4862 ᾖ,
2431 4787 2538 4858 πρὸ
2571 4787 2664 4840 τοῦ
2705 4786 2967 4858 βασιλέως
2996 4787 3089 4841 καὶ
3131 4790 3233 4860 πρὸ
3262 4789 3356 4842 τοῦ
3404 4789 3662 4860 ἄρχοντος

2092 4874 2192 4944 τὴν
2233 4872 2438 4926 ἄνωθεν
2485 4869 2696 4924 εὔνοιαν
2735 4871 2997 4942 ζητείτω·
3049 4873 3191 4927 οὕτω
3237 4877 3348 4944 γὰρ
3393 4875 3488 4927 καὶ
3513 4875 3662 4948 παρὰ

2093 4953 2398 5026 ἀνθρώποις
2429 4954 2730 5026 ἐπέραστος
2759 4953 2878 5027 ἔσῃ.
2930 4954 3054 5019 Πῶς
3089 4955 3134 5008 δ’
3167 4955 3232 5008 ἄν
3270 4974 3354 5019 τις
3382 4955 3534 5028 εῦροι
3566 4959 3662 5026 χά-

2093 5056 2179 5110 ριν
2215 5038 2366 5108 παρὰ
2389 5037 2466 5108 τῷ
2491 5037 2639 5108 Θεῷ;
2673 5037 2798 5101 Πῶς
2822 5037 2879 5090 δὲ
2901 5038 3123 5106 ἐτέρως,
3149 5039 3198 5091 εί
3235 5038 3309 5110 μὴ
3344 5041 3454 5092 ἀπὸ
3479 5057 3660 5092 101:5:-

2093 5121 2466 5193 νοφροσύνης;
2527 5121 2588 5174 '0
2643 5120 2788 5187 Θεὸς
2834 5123 2968 5190 γὰρ,
3022 5122 3208 5191 φησιν,
3255 5123 3660 5190 ὑπερηφάνοις

2091 5203 2536 5264 ἀντιτάσσεται,
2580 5201 2881 5268 ταπεινοῖς
2921 5201 2988 5255 δὲ
3027 5202 3234 5256 δίδωσι
3293 5204 3494 5272 χάριν“
3545 5206 3662 5268 καὶ,

2095 5289 2286 5342 Quoia
2308 5287 2387 5354 τῷ
2413 5286 2532 5352 Θεῷ
2555 5287 2790 5357 πνεῦμα
2819 5287 3345 5356 συντετριμμένον,
3378 5289 3478 5342 καὶ
3507 5307 3662 5342 τετα-

2091 5371 2463 5440 πεινωμένην
2491 5371 2743 5440 καρδίαν
2765 5373 2796 5424 ὁ
2827 5373 2968 5438 Θεὸς
2996 5373 3108 5424 οὐκ
3147 5371 3566 5434 ἐξουδενώσει.
3605 5374 3662 5425 Εἰ

2091 5455 2199 5525 γὰρ
2237 5453 2386 5526 παρὰ
2435 5453 2741 5525 ἀνθρώποις
2791 5453 2932 5508 οὕτω
2983 5453 3230 5508 ποθεινὸν
3277 5454 3340 5507 10
3383 5456 3662 5520 ταπεινὸν,

2092 5537 2272 5607 πολλῷ
2303 5536 2500 5606 μᾶλλον
2524 5537 2676 5608 παρὰ
2699 5535 2839 5607 Θεῷ.
2875 5537 3034 5590 Οῦτω
3063 5539 3158 5591 καὶ
3185 5540 3236 5590 οἱ
3261 5535 3322 5601 ἐξ
3353 5537 3524 5590 ἐθνῶν
3571 5541 3662 5608 χάο

2095 5639 2180 5694 ριν
2215 5620 2392 5690 εὖρον,
2428 5621 2570 5675 οὕτω
2595 5623 2692 5675 καὶ
2725 5624 2774 5675 οἱ
2811 5622 3051 5676 Ἰουδαῖοι
3095 5623 3196 5692 τῆς
3229 5622 3450 5693 χάριτος
3479 5623 3656 5687 ἐξέπε-

2095 5723 2204 5760 σον·
2247 5705 2328 5774 ΤεῙ
2368 5707 2476 5775 γὰρ
2507 5705 2860 5774 δικαιοσύνῃ
2897 5705 3002 5759 τοῦ
3039 5705 3187 5759 Θεοῦ
3213 5707 3336 5773 οὐχ
3365 5705 3658 5776 furatrin-

2153 5813 2182 5853 δ
2211 5813 2490 5878 [agebatur
2529 5813 2828 5876 προσνέμοις.
2935 5816 2956 5843 ⁸⁷
2980 5811 3194 5862 Savilius
3241 5812 3510 5876 legendum
3533 5819 3654 5874 puta

2096 5877 2241 5939 μένοι.
