3864 6324
410 379 478 435 t5
1198 367 1255 424 s.
1294 362 1572 423 tomus
1608 354 2075 425 cuuvsosrom
2118 354 2432 411 ARCHIEP.
2473 354 3009 412 CONSTANTINOP.
3616 358 3680 411 ισ

404 493 529 563 quis
562 489 787 562 gratiam
818 485 1054 543 inveniat
1086 482 1227 555 apud
1260 479 1461 537 Deum?
1502 478 1619 546 Quo
1661 475 1768 529 alio
1806 469 1986 533 modo,

406 601 564 655 quant
588 584 656 639 ab
686 578 1024 638 humilitate?
1053 576 1192 632 Deus
1234 574 1388 638 enim,
1426 570 1621 641 inquit,
1652 563 1877 655 superbis
1907 577 1990 614 re-

405 654 557 743 sistit,
590 674 863 730 humilibus
883 681 1051 726 autem
1076 669 1162 722 dat
1198 665 1415 737 gratiam
1439 660 1621 733 (Prov.
1660 659 1713 713 5.
1756 654 1882 724 '51s);
1913 659 1988 716 et,

407 771 732 841 Sacriﬁcium
784 765 881 820 Deo
896 762 1089 831 spiritus
1111 757 1544 821 contributattts,et,
1559 751 1985 807 Humiliatuntcor

407 862 543 916 Deus
560 836 674 914 tuon
696 855 934 923 despiciet
957 850 1126 922 (Psat.
1152 849 1240 906 50.
1275 848 1387 916 19).
1418 844 1548 900 Nam
1577 843 1621 898 si
1649 841 1786 911 apud
1816 836 1993 892 homi—

407 970 504 1010 nes
524 963 631 1007 tam
653 945 1028 1005 desiderabilis
1053 952 1137 998 est
1158 939 1458 1002 humilitas,
1486 935 1650 989 multo
1672 932 1840 1002 magis
1856 928 1993 999 apud

410 1046 598 1100 Deum.
625 1042 699 1096 Ita
725 1048 779 1094 et
799 1036 1025 1108 gentiles
1046 1032 1270 1104 gratiam
1298 1031 1636 1091 invenerunt,
1662 1025 1732 1079 ita
1757 1020 1995 1078 etJuda-i

409 1136 577 1208 gratia
606 1132 921 1189 exciderunt
950 1146 964 1182 :
1009 1126 1236 1181 Iustitia:
1268 1137 1482 1192 namque
1526 1118 1617 1173 Dei
1649 1133 1750 1171 non
1788 1112 1996 1183 subjecti

413 1230 617 1299 fuerunt
639 1224 814 1296 (Rom.
846 1221 933 1277 10.
960 1218 1040 1291 '5).
1068 1217 1294 1273 Humilis
1320 1212 1586 1285 gratiosus
1607 1219 1660 1265 et
1678 1208 1855 1263 suavis
1880 1220 1997 1299 om-

411 1297 569 1374 nibus
610 1324 712 1384 est,
758 1322 1018 1386 perpetuo
1062 1311 1116 1365 in
1162 1324 1289 1381 pace
1318 1307 1520 1368 vivens,
1570 1302 1873 1369 nullamque
1901 1297 1997 1352 ha-

412 1413 543 1467 bens
566 1408 690 1464 belli
708 1406 1065 1462 occasionem.
1086 1399 1311 1457 Etiamsi
1328 1398 1470 1454 enim
1501 1396 1648 1451 illum
1671 1390 1993 1448 contumelia

411 1514 467 1562 et
494 1501 752 1560 conviciis
781 1499 1001 1564 afficias,
1042 1494 1253 1552 etiamsi
1299 1491 1510 1563 quidvis
1549 1487 1767 1549 dixeris,
1804 1482 1998 1537 tacebit

413 1598 504 1652 ille
531 1605 584 1652 et
612 1594 806 1649 leniter
827 1592 988 1652 feret;
1039 1598 1093 1643 ct
1125 1595 1321 1641 tantam
1364 1581 1598 1639 servabit
1639 1578 1775 1649 apud
1809 1589 1996 1630 omnes

413 1702 620 1758 pacem,
649 1693 898 1755 quantam
937 1697 1002 1736 ne
1046 1680 1226 1735 dicere
1256 1675 1478 1747 quidem
1508 1672 1703 1743 possis,
1729 1668 1997 1736 etiamque

414 1777 551 1849 apud
582 1777 771 1831 Deum.
806 1772 1047 1828 Mandata
1075 1770 1270 1841 quippe
1300 1767 1392 1821 Dei
1422 1780 1489 1819 eo
1520 1762 1760 1825 tendunt,
1790 1771 1843 1813 ut
1874 1774 1994 1812 cum

415 1870 720 1926 hominibus
748 1883 847 1937 pax
876 1865 1169 1919 habeatur:
1209 1872 1263 1916 et
1290 1859 1448 1913 vitam
1489 1864 1724 1911 nostram
1753 1853 1822 1907 ita
1855 1858 1997 1904 recte

416 1963 777 2033 transigimus,
808 1960 854 2014 si
883 1966 1062 2013 mutua
1085 1971 1205 2010 cum
1237 1953 1360 2008 aliis
1383 1966 1512 2022 pace
1542 1949 1796 2004 fruamur.
1831 1944 1995 1998 Deum

414 2056 555 2113 enim
585 2068 743 2109 nemo
771 2050 967 2106 laedere
994 2048 1189 2119 poterit
1213 2064 1226 2100 :
1252 2054 1437 2100 natura
1465 2042 1660 2113 quippe
1702 2039 1787 2093 illa
1817 2035 1990 2106 perui.

415 2148 519 2205 cici
540 2145 769 2201 obnoxia
803 2158 908 2197 non
945 2149 1103 2197 estet
1130 2138 1272 2193 omni
1300 2134 1528 2206 passioni
1560 2130 1823 2202 superior.
1856 2127 1996 2183 Nihil

416 2241 490 2295 ita
520 2236 816 2293 mirabilem
850 2231 1209 2288 Christianum
1240 2226 1412 2283 reddit
1443 2235 1497 2279 ttt
1527 2222 1821 2278 humilitas.
1860 2218 1996 2273 Audi

415 2334 557 2389 enim
586 2329 947 2385 Ahraltamum
972 2326 1237 2380 dicentem
1270 2340 1283 2376 :
1316 2319 1427 2391 Ego
1457 2328 1623 2371 autent
1652 2332 1763 2369 sunt
1798 2322 1930 2367 terra
1953 2321 2000 2365 et

413 2424 541 2479 cinis
574 2419 722 2493 (Gen.
749 2418 837 2475 18.
863 2418 954 2487 27)
980 2432 995 2482 ;
1027 2426 1079 2471 et
1126 2414 1290 2470 Deum
1320 2425 1505 2465 rursus
1529 2409 1595 2462 de
1630 2406 1834 2477 Moyse,
1858 2402 1997 2473 quod

415 2518 577 2573 fuerit
602 2513 840 2570 omnium
878 2510 1154 2566 hominum
1194 2505 1529 2561 mitissimus.
1559 2500 1699 2557 Nihil
1740 2498 1881 2554 enim
1909 2496 2000 2551 illo

418 2609 672 2665 humilius
704 2606 821 2672 fuit,
872 2604 963 2676 qui
1004 2618 1125 2659 cum
1153 2599 1286 2655 tanti
1326 2595 1503 2668 pepuli
1534 2594 1637 2650 dux
1670 2601 1830 2655 esset,
1877 2604 1997 2645 eum

415 2716 597 2772 regem
627 2710 681 2756 et
706 2696 998 2754 exercitum
1037 2693 1405 2765 [Egyptiorum
1429 2686 1666 2742 omnium
1694 2683 1842 2755 quasi
1881 2699 2000 2736 mn-

416 2808 536 2850 scas
564 2793 617 2847 in
643 2806 789 2847 mare
819 2786 1186 2850 demersisset,
1214 2793 1269 2839 et
1301 2792 1442 2837 tanta
1482 2781 1534 2834 in
1566 2778 1819 2850 IEgypto,
1856 2784 1996 2829 tanta

418 2884 473 2938 itt
497 2882 627 2937 mari
649 2881 831 2935 Rubro
850 2889 903 2934 et
926 2879 978 2933 in
1001 2877 1217 2932 deserto
1235 2881 1610 2945 perpetrasset,
1632 2878 2002 2938 tantarumque

418 2990 595 3029 rerum
629 2971 952 3028 testimoniis
999 2968 1264 3023 frueretur
1285 3008 1299 3030 ,
1333 2965 1411 3019 sic
1457 2962 1677 3018 allectus
1707 2969 1823 3015 erat
1849 2958 2001 3029 quasi

417 3082 555 3121 unus
580 3080 644 3120 ex
672 3064 860 3135 plebe;
885 3070 1104 3130 eratque
1129 3073 1315 3113 socero
1342 3070 1506 3127 gener
1537 3052 1806 3115 humilior,
1836 3050 2002 3104 illius-

417 3173 521 3229 que
549 3154 830 3212 consilium
859 3152 1085 3222 accepit.
1116 3149 1230 3205 Non
1276 3149 1499 3203 moleste
1529 3146 1667 3209 tulit,
1692 3159 1795 3197 non
1822 3142 1954 3195 dixit
1987 3163 1999 3197 :

417 3250 556 3320 Quid
589 3250 728 3304 hoc?
757 3256 877 3317 post
918 3255 995 3300 tot
1038 3253 1287 3312 tantaque
1331 3240 1584 3310 prscclare
1624 3245 1768 3307 gesta
1810 3234 2000 3289 venisti

420 3342 579 3398 nobis
613 3339 839 3395 consilia
888 3336 1152 3391 daturus?
1178 3332 1330 3400 Quod
1378 3340 1551 3383 tamen
1586 3327 1737 3382 multi
1783 3326 1999 3390 faciunt,

418 3433 627 3489 etiamsi
650 3432 769 3501 quis
797 3431 1055 3500 optimum
1088 3426 1181 3481 det
1218 3423 1522 3485 consilium,
1559 3435 1799 3490 persona:
1831 3418 2005 3472 humi-

419 3529 626 3583 litatem
656 3523 927 3593 despectui
972 3520 1250 3575 habentes.
1283 3519 1350 3572 At
1381 3531 1484 3571 non
1522 3516 1599 3570 sic
1644 3515 1750 3577 ille,
1791 3512 1881 3568 sed
1911 3529 2005 3583 per

420 3618 771 3675 humilitatem
801 3616 974 3669 omnia
1005 3622 1149 3668 recte
1174 3610 1385 3681 agebat.
1423 3608 1557 3662 llinc
1585 3607 1735 3660 aulas
1761 3605 2005 3673 despexit

420 3710 616 3780 regias,
644 3707 767 3778 quia
795 3722 921 3761 vere
947 3704 1165 3759 humilis
1188 3712 1303 3757 erat
1330 3719 1342 3753 :
1373 3708 1606 3754 mentem
1632 3698 1775 3752 enim
1817 3712 2001 3750 sanam

420 3810 476 3856 et
504 3801 777 3856 excelsam
818 3797 946 3851 facit
988 3795 1278 3849 humilitas.
1306 3793 1528 3861 Quantae
1558 3790 1700 3844 enim
1729 3798 1783 3843 et
1808 3788 2003 3843 mentis

421 3901 477 3947 et
506 3892 668 3946 animi
700 3887 1081 3960 magnitudinis
1128 3886 1286 3941 fuerit
1327 3893 1382 3940 et
1416 3884 1631 3938 domum
1670 3890 1724 3938 et
1764 3896 2001 3936 mensam

422 3985 620 4055 regiam
662 3980 978 4053 despicere?
1010 3980 1181 4049 Reges
1206 3978 1347 4033 enim
1380 3976 1530 4048 quasi
1576 3976 1649 4030 dii
1694 3974 2003 4030 colebantur

422 4078 560 4149 apud
592 4076 892 4148 Egyptios,
945 4087 1007 4129 ac
1041 4072 1237 4127 divitiis
1283 4070 1654 4139 thesaurisque
1694 4067 2005 4125 fruebantur

424 4170 737 4225 innumeris.
772 4170 1021 4221 Attamen
1052 4164 1140 4219 ille.
1170 4163 1253 4217 his
1299 4162 1545 4215 omnibus
1570 4160 1826 4225 dimissis,
1857 4159 2007 4227 abje-

423 4262 630 4332 etisque
672 4258 885 4331 {Egypti
934 4256 1183 4327 sceptris,
1221 4254 1288 4310 ad
1336 4254 1575 4324 captivos
1613 4261 1666 4306 et
1697 4266 2001 4321 Oppressus,

422 4353 514 4424 qui
544 4353 594 4406 in
627 4351 738 4406 luto
762 4358 818 4405 et
843 4350 1098 4404 lateribus
1124 4346 1496 4409 versabantur,
1528 4359 1664 4414 quos
1695 4344 1833 4399 servi
1866 4344 2005 4413 regis

426 4446 714 4501 horrebant
744 4464 757 4501 :
784 4458 904 4497 nam
933 4442 1051 4497 illos
1077 4440 1520 4495 abominabantur
1550 4439 1784 4511 AEgyptii
1810 4438 2002 4512 (Exod.

426 4543 479 4596 1.
514 4542 624 4613 15),
658 4538 828 4609 inquit
860 4553 874 4591 :
921 4534 988 4591 ad
1034 4535 1133 4589 hos
1176 4533 1450 4604 confugit,
1505 4533 1736 4603 illosque
1773 4532 2007 4587 dominis

424 4634 733 4703 praeposuit.
762 4630 910 4686 Unde
932 4628 1107 4702 palam
1129 4637 1229 4694 est,
1258 4628 1397 4682 hunc
1425 4627 1701 4695 humilem,
1732 4628 2006 4682 excelsum

426 4724 929 4793 magnanimumqne
954 4736 1094 4777 esse.
1124 4719 1436 4790 Arrogantia
1458 4720 1600 4772 enim
1622 4734 1688 4773 ex
1715 4720 1805 4773 vili
1826 4727 2009 4775 mente

424 4826 478 4871 et
501 4814 742 4870 illiberali
786 4814 964 4867 animo
1013 4813 1282 4877 nascitur;
1330 4810 1683 4866 mansuetudo
1720 4821 1898 4867 autem
1941 4826 2008 4867 ex

426 4924 619 4979 ntagno
643 4916 697 4963 et
723 4907 935 4962 excelso
955 4906 1155 4959 animo.

497 5003 551 5057 3.
586 5000 634 5055 Η
642 5002 864 5054 untilt'tas
893 4999 1289 5052 commendatur.
1311 5023 1381 5037 —-
1405 4996 1536 5051 Etsi
1567 4995 1762 5067 placet,
1798 5005 2006 5050 utrum-

427 5109 531 5164 que
561 5092 821 5162 exemplis
846 5089 1214 5146 discutiamus.
1248 5089 1343 5144 Dic
1368 5089 1510 5144 enim
1541 5087 1693 5154 mihi,
1722 5087 1811 5157 qui
1838 5087 2009 5142 Abra-

430 5189 587 5241 hamo
614 5186 877 5241 excelsius
906 5183 1037 5238 fuit?
1066 5183 1221 5253 Atqui
1255 5182 1344 5237 ille
1367 5190 1482 5237 erat
1505 5182 1593 5252 qui
1622 5181 1853 5246 dicebat,
1894 5179 2006 5251 Ego

426 5295 540 5333 sum
566 5287 698 5332 terra
723 5286 769 5331 et
796 5276 921 5330 cinis
966 5274 1135 5345 (Gen.
1168 5274 1256 5331 18.
1285 5273 1355 5328 27
1379 5273 1396 5343 )
1430 5289 1445 5328 :
1480 5274 1567 5328 ille
1594 5282 1711 5328 erat
1739 5272 1829 5342 qui
1857 5272 2005 5328 dice-

430 5372 537 5431 bat,
574 5366 655 5422 Ne
675 5369 738 5423 sit
770 5384 939 5439 pugna
984 5367 1114 5420 inter
1138 5381 1216 5419 me
1245 5374 1292 5419 et
1322 5374 1367 5418 te
1394 5362 1544 5434 (Gen.
1578 5365 1667 5419 l5.
1700 5363 1779 5428 8).
1805 5363 2004 5418 Verum

428 5465 516 5519 hic
550 5461 765 5518 humilis
803 5459 1082 5515 manubias
1111 5457 1353 5527 despexit
1382 5455 1625 5511 Persicas
1648 5499 1663 5518 .
1711 5466 1764 5511 et
1812 5455 2006 5510 barba-

434 5558 544 5613 rica
587 5552 908 5623 contempsit
938 5561 1159 5621 tropaea.
1193 5550 1303 5604 lloc
1331 5564 1491 5620 porro
1520 5565 1585 5604 ex
1612 5548 1774 5602 animi
1807 5546 2008 5618 magni-

428 5648 613 5702 tudine
656 5658 708 5701 et
752 5644 1081 5700 sublimitate
1113 5642 1360 5698 faciebat.
1390 5641 1484 5696 lllc
1510 5656 1740 5710 namque
1767 5655 1892 5695 vere
1917 5655 2008 5694 su-

426 5732 605 5789 blimis
634 5740 745 5797 est,
776 5729 866 5801 qui
914 5729 1123 5784 sincere
1162 5735 1246 5782 est
1295 5725 1545 5793 humilis,
1576 5742 1679 5779 non
1722 5722 2001 5790 adulator,

433 5840 540 5880 non
570 5824 657 5896 qui
686 5822 853 5881 ironia
886 5822 1069 5879 utitur.
1103 5817 1261 5876 Aliud
1285 5818 1428 5876 enim
1457 5826 1540 5875 est
1568 5814 2000 5889 magnanimitas.

2097 468 2239 524 aliud
2290 470 2593 539 arrogantia
2622 488 2635 522 :
2664 470 2766 524 hoc
2811 478 2989 524 autem
3039 468 3162 525 hinc
3207 469 3546 525 manifestum
3574 482 3678 526 est.

2097 559 2179 614 Sit
2210 558 2328 629 quis
2363 560 2533 613 ltttutn
2564 574 2686 613 esse
2716 559 2883 614 lutum
2916 569 3107 630 putans
3134 570 3188 616 et
3218 561 3343 616 illud
3372 561 3677 633 despiciat;

2097 652 2233 707 alius
2266 662 2443 707 autem
2476 654 2564 722 (ιυί
2615 652 2785 707 lutum
2833 668 2931 723 pro
2960 668 3093 709 auro
3123 652 3317 709 habeat
3341 696 3355 719 ,
3384 654 3685 710 admiretur

2097 753 2153 798 et
2182 745 2356 816 magni
2388 744 2579 799 faciat:
2607 755 2723 800 nter
2747 746 2943 800 excelsi
2965 746 3127 800 animi
3160 746 3267 801 est?
3291 762 3467 801 annon
3496 748 3560 813 is,
3597 748 3687 815 qui

2100 835 2267 889 lutum
2298 851 2402 891 non
2433 835 2756 892 admiratur?
2790 848 2909 893 uter
2936 853 3066 893 vero
3089 838 3281 908 abjeeti
3325 838 3487 892 animi
3515 848 3571 892 et
3601 840 3683 892 vi-

2100 925 2166 980 lis
2194 927 2303 980 est?
2330 941 2509 983 nonne
2538 928 2628 997 qui
2660 926 2791 983 illud
2817 928 3112 983 admiratur
3131 938 3185 983 et
3211 930 3386 999 magni
3415 928 3576 983 facit?
3605 928 3678 983 Ita

2102 1019 2187 1075 hic
2216 1021 2377 1075 etiam
2402 1030 2589 1092 reputa
2620 1040 2633 1075 :
2661 1037 2781 1076 eum
2813 1037 3027 1091 nempe,
3074 1022 3162 1093 qui
3208 1037 3268 1077 se
3298 1031 3493 1076 terram
3522 1031 3577 1076 et
3602 1023 3685 1076 ci-

2101 1128 2286 1167 nerem
2308 1112 2458 1177 dicit,
2481 1114 2754 1169 excelsum
2779 1129 2919 1181 esse,
2942 1115 3185 1185 quamvis
3208 1115 3309 1170 hoc
3329 1115 3470 1170 dicat
3496 1131 3561 1170 ex
3587 1114 3687 1168 Int-

2102 1203 2362 1269 militate;
2397 1204 2544 1258 illum
2577 1219 2730 1270 vero,
2758 1207 2847 1275 (ιυί
2876 1222 2935 1262 se
2964 1222 3061 1262 nec
3092 1216 3286 1262 terram
3315 1223 3415 1263 nec
3441 1208 3682 1262 cinerem

2100 1311 2222 1351 esse
2252 1306 2422 1365 putat,
2451 1297 2543 1352 sed
2573 1300 2807 1368 seipsnm
2832 1299 2960 1353 colit
2985 1309 3039 1353 et
3059 1300 3225 1354 altum
3251 1300 3318 1355 de
3340 1317 3399 1356 se
3422 1303 3580 1371 sapit,
3607 1303 3685 1356 vi-

2101 1388 2204 1443 lem
2237 1390 2417 1461 utiqne
2446 1406 2586 1455 esse,
2619 1392 2705 1460 qui
2734 1407 2892 1461 parva
2926 1394 3101 1463 magni
3128 1393 3303 1447 faciat.
3328 1392 3481 1450 Unde
3506 1394 3680 1463 palam

2100 1490 2183 1537 est
2225 1498 2288 1537 ex
2333 1498 2522 1554 magna
2565 1484 2730 1537 animi
2772 1485 3099 1541 sublimitate
3140 1487 3501 1556 patriareham
3545 1487 3683 1544 hanc

2100 1574 2345 1629 emisisse
2393 1590 2597 1641 vocem,
2654 1575 2763 1646 Ego
2797 1588 2963 1630 autent
3000 1593 3114 1631 sum
3158 1589 3290 1632 terra
3332 1587 3379 1632 et
3425 1580 3584 1642 cinis;
3617 1596 3679 1635 ex

2100 1668 2297 1722 mentis
2332 1668 2676 1734 sublimitate,
2720 1686 2823 1724 non
2865 1687 2930 1725 cx
2966 1673 3290 1742 arrogantia.
3324 1671 3684 1739 Quemadmou

2100 1758 2225 1813 dum
2254 1760 2396 1815 enim
2428 1761 2479 1813 in
2522 1762 2837 1831 corporibus
2866 1763 3009 1818 aliud
3050 1774 3133 1819 est
3185 1775 3429 1834 vegetum
3460 1775 3513 1821 et
3546 1766 3684 1821 bona

2100 1854 2280 1906 carnis
2310 1851 2621 1909 habitudine
2650 1870 2788 1919 esse,
2820 1855 2961 1909 aliud
3002 1871 3122 1911 esse
3162 1856 3388 1912 humore
3416 1858 3683 1922 inflatum,

2103 1946 2229 2000 licet
2251 1946 2302 2000 in
2336 1955 2564 2016 utroque
2589 1962 2717 2003 caro
2749 1950 3084 2019 promineat;
3117 1959 3169 2004 at
3201 1950 3252 2004 in
3283 1950 3383 2005 hoc
3404 1962 3687 2020 corrupta,

2104 2040 2155 2093 in
2199 2040 2289 2095 illo
2329 2056 2498 2097 sana:
2547 2044 2617 2096 ita
2656 2043 2814 2097 etiam
2853 2043 2994 2097 aliud
3026 2052 3109 2098 cst
3154 2058 3275 2099 esse
3320 2057 3686 2115 arrogantem,

2102 2132 2242 2202 quod
2272 2144 2350 2188 est
2381 2149 2501 2189 esse
2548 2133 2774 2190 humore
2815 2144 3147 2206 turgentem;
3176 2136 3319 2191 aliud
3348 2152 3468 2191 esse
3510 2138 3687 2192 subli-

2103 2239 2264 2286 mem,
2298 2225 2439 2295 quod
2469 2233 2553 2280 est
2576 2234 2820 2295 vegetum
2843 2241 2981 2283 esse.
3016 2226 3084 2282 Et
3112 2242 3326 2296 rursus,
3360 2237 3443 2284 est
3466 2229 3687 2299 quidam

2102 2316 2345 2386 corporis
2385 2327 2584 2371 statura
2632 2333 2919 2388 procerus;
2966 2320 3104 2377 alius
3146 2330 3321 2376 autem
3354 2321 3529 2376 brevis
3576 2330 3691 2376 sta-

2105 2418 2241 2476 tttra,
2268 2412 2504 2481 acceptis
2542 2411 2738 2467 calceis
2782 2413 2839 2467 fit
2866 2414 3063 2469 altior:
3093 2425 3270 2470 utrum
3306 2432 3432 2486 ergo
3462 2418 3689 2472 vocabi-

2102 2517 2222 2556 mus
2252 2518 2532 2572 procerum
2562 2512 2616 2560 et
2652 2521 2922 2577 magnum,
2955 2509 3179 2577 quteso‘!
3202 2524 3379 2564 annon
3410 2525 3552 2574 eum,
3591 2511 3691 2580 qui

2104 2608 2167 2647 ex
2198 2603 2382 2649 natura
2407 2612 2498 2651 sua
2529 2613 2776 2665 procerus
2796 2609 2876 2654 est
2893 2600 2916 2654 ἲ
2936 2598 3025 2655 llle
3052 2602 3192 2654 enim
3214 2601 3447 2656 alienum
3474 2601 3573 2657 hoc
3592 2602 3693 2655 ha-

2105 2683 2216 2750 bet,
2249 2697 2302 2740 et
2323 2704 2483 2757 super
2505 2688 2721 2743 humilia
2743 2691 3058 2755 ascendens,
3084 2694 3160 2747 sic
3186 2709 3438 2763 procerus
3462 2695 3692 2749 effectus

2105 2786 2186 2831 est
2216 2796 2228 2831 :
2260 2779 2308 2832 id
2341 2780 2481 2849 quod
2510 2784 2670 2836 etiam
2710 2785 2856 2838 multi
2886 2786 3128 2841 homines
3159 2787 3376 2851 faciunt,
3410 2790 3497 2860 qui
3524 2807 3692 2859 [wen-

2106 2870 2209 2924 niis
2239 2879 2291 2924 et
2318 2873 2482 2941 gloria
2531 2890 2649 2929 sese
2676 2876 2935 2931 extollunt
2958 2918 2971 2939 ,
3006 2877 3164 2949 idque
3195 2896 3298 2935 non
3327 2890 3408 2936 est
3436 2883 3690 2939 altitudo.

2107 2962 2364 3019 Excelsus
2393 2966 2533 3019 enim
2563 2977 2643 3020 est
2674 2968 2781 3034 ille,
2810 2970 2897 3037 qui
2929 2969 3115 3024 ltorum
3140 2972 3288 3026 nullo
3303 2988 3435 3043 opus
3459 2973 3689 3041 habens,

2105 3054 2197 3108 sed
2224 3056 2400 3110 omnia
2430 3058 2765 3127 despiciens,
2807 3060 2858 3113 itt
2896 3075 2954 3115 se
2989 3063 3406 3132 magnitudinem
3452 3066 3687 3122 obtinet.

2104 3145 2282 3202 Simus
2311 3163 2437 3218 ergo
2479 3148 2745 3211 humiles,
2783 3159 2834 3204 ut
2884 3152 3140 3206 sublimes
3182 3153 3477 3210 efﬁciamur
3518 3178 3530 3213 :
3563 3173 3692 3213 nam

2111 3239 2208 3304 Qui
2250 3256 2302 3293 se
2341 3242 2595 3305 Itutttilt'at,
2636 3242 2940 3297 multabitur
2982 3243 3192 3314 (Matth.
3225 3247 3316 3302 23.
3352 3234 3462 3318 ﬁl,
3494 3250 3688 3318 inquit.

2105 3331 2210 3386 Sed
2240 3348 2344 3386 non
2379 3334 2467 3387 ille
2496 3351 2753 3406 arrogans
2798 3338 2917 3392 talis
2955 3348 3070 3404 est;
3102 3341 3340 3396 omnium
3377 3344 3573 3413 quippe
3606 3355 3694 3401 est

2107 3423 2395 3478 vilissimus
2424 3444 2437 3479 :
2469 3425 2611 3481 bulla
2639 3428 2780 3483 enim
2813 3430 3046 3499 inflatur,
3074 3432 3167 3487 sed
3209 3432 3322 3488 hzec
3353 3434 3553 3490 inflatio
3580 3453 3693 3492 non

2107 3516 2277 3570 solida
2325 3526 2425 3571 est.
2460 3518 2585 3575 Ideo
2623 3520 2924 3591 huiusmodi
2980 3524 3225 3581 homines
3269 3525 3478 3582 inﬂatos
3526 3543 3693 3584 voca-

2109 3624 2245 3663 mns.
2277 3610 2378 3678 Qui
2425 3612 2567 3667 enim
2617 3614 2891 3670 moderate
2942 3617 3123 3682 sentit,
3154 3634 3220 3672 ne
3253 3619 3302 3673 in
3335 3620 3537 3689 magnis
3565 3622 3693 3690 qni-

2107 3702 2228 3757 dem
2258 3706 2422 3758 altum
2446 3707 2601 3774 sapit,
2634 3707 2890 3761 vilitatem
2922 3724 3071 3763 suam
3114 3719 3293 3765 notam
3325 3711 3524 3766 habens
3553 3731 3567 3766 :
3597 3714 3693 3782 qui

2108 3806 2286 3850 autem
2321 3796 2437 3851 vilis
2467 3806 2573 3865 est,
2599 3799 2759 3853 etiam
2794 3802 2844 3853 in
2872 3801 3054 3871 parvis
3084 3818 3331 3874 magnum
3372 3805 3529 3874 sapit.
3560 3805 3695 3861 Adi-

2108 3888 2378 3957 piscamur
2401 3906 2530 3962 ergo
2572 3906 2637 3945 ex
2671 3891 2968 3949 humilitate
2995 3894 3371 3951 sublimitatem
3402 3898 3696 3953 :conside—

2108 3996 2287 4037 remus
2315 3983 2663 4037 humanarum
2692 3999 2871 4039 rerum
2901 3994 3165 4054 natumut,
3191 3997 3247 4043 ut
3268 3988 3561 4045 futurorum
3589 3990 3692 4045 de-

2109 4074 2305 4130 siderio
2333 4075 2698 4131 incendamur.
2716 4076 2828 4133 Non
2860 4079 2965 4133 alio
2984 4080 3177 4151 quippe
3201 4081 3359 4136 modo
3376 4092 3548 4151 potest
3568 4082 3692 4152 quis

2113 4167 2329 4223 humilis
2360 4168 2493 4234 lieri,
2527 4184 2683 4238 quam
2715 4186 2805 4238 per
2833 4170 3131 4228 divinarum
3162 4188 3339 4226 rernnt
3363 4188 3601 4227 amorem
3634 4183 3693 4228 et

2114 4260 2453 4328 prmsentium
2486 4260 2819 4330 despectum.
2862 4261 2929 4317 Ut
2974 4263 3117 4317 enim
3148 4262 3193 4317 si
3225 4264 3343 4334 quis
3372 4279 3590 4334 regnum
3620 4263 3695 4319 sit

2110 4360 2515 4421 assequuturns,
2545 4353 2844 4423 deindeque
2889 4369 2985 4424 pro
3026 4354 3112 4409 illa
3159 4369 3391 4424 purpura
3421 4356 3611 4425 aliquis
3637 4356 3689 4411 ei

2112 4442 2381 4512 vulgarem
2408 4443 2660 4498 exhibeat
2704 4445 2982 4509 honorem,
3017 4446 3163 4501 illum
3201 4447 3351 4501 nihili
3396 4446 3549 4502 faciet
3577 4464 3590 4501 :
3617 4449 3694 4503 ita

2112 4545 2165 4590 et
2191 4549 2288 4589 nos
2320 4537 2600 4605 praesentia
2629 4537 2805 4590 omnia
2834 4536 3214 4602 deridebimns,
3245 4538 3289 4592 si
3332 4538 3589 4593 honorem
3622 4540 3690 4594 il-

2114 4626 2220 4681 lum
2243 4628 2695 4697 concupiscamus.
2722 4626 2836 4682 Non
2860 4628 3050 4683 videtis
3070 4644 3281 4699 pueros,
3307 4645 3424 4685 cum
3448 4630 3696 4686 ludentes

2112 4720 2281 4776 aciem
2311 4729 2547 4775 statuunt
2573 4730 2627 4774 et
2654 4720 2868 4786 milites,
2899 4722 3323 4791 praecedentibus
3347 4723 3686 4791 prtccouibus

2113 4822 2168 4869 et
2192 4813 2489 4881 lictoribus,
2517 4822 2569 4869 et
2614 4828 2744 4883 puer
2769 4812 2976 4869 medius
3004 4814 3169 4869 instar
3195 4814 3345 4869 ducis
3389 4814 3609 4877 incedit,
3639 4825 3695 4869 et

2114 4924 2272 4980 quam
2322 4909 2427 4963 sint
2481 4908 2567 4961 illa
2616 4905 2874 4976 puerilia?
2914 4906 3060 4961 Talia
3090 4918 3213 4962 sunt
3244 4907 3495 4971 ltumana,
3527 4916 3580 4961 et
3608 4906 3693 4961 his

2114 5001 2322 5065 viliora,
2348 5016 2465 5071 quae
2494 4998 2650 5053 hodie
2671 5007 2814 5062 sunt,
2833 5007 2887 5054 et
2906 5012 3024 5053 cras
3046 5013 3150 5052 non
3172 5008 3346 5054 erunt.
3363 4999 3541 5053 Simus
3563 5014 3696 5069 ergo

2114 5093 2198 5151 his
2222 5095 2459 5159 altiores,
2492 5102 2546 5147 et
2583 5107 2686 5146 neu
2731 5092 2902 5147 solum
2936 5090 3049 5146 lliCC
3091 5106 3198 5145 non
3228 5090 3691 5160 concupismnuts,

2114 5188 2208 5243 sed
2235 5188 2393 5243 etiam
2423 5186 2826 5252 erubescamus,
2852 5186 2896 5239 si
2924 5186 3045 5256 quis
3066 5184 3219 5239 nobis
3243 5184 3329 5237 illa
3362 5184 3577 5238 tribuat.
3616 5185 3690 5238 Ita

2114 5280 2257 5336 enim
2291 5280 2479 5332 horum
2518 5277 2743 5347 depulso
2771 5293 2973 5342 amore,
3018 5277 3258 5331 divinum
3305 5275 3454 5330 illum
3491 5291 3685 5332 ροηδε-

2114 5388 2360 5442 quemur,
2393 5379 2445 5423 et
2475 5369 2759 5423 immortali
2789 5368 3028 5423 fruemur
3052 5368 3221 5437 gloria
3246 5383 3260 5420 :
3283 5381 3440 5436 quam
3465 5382 3563 5421 nos
3585 5382 3696 5420 om-

2114 5479 2211 5519 nes
2232 5461 2442 5533 assequi
2462 5462 2731 5533 contiugat
2751 5461 2919 5531 gratia
2936 5468 2990 5515 et
3009 5459 3334 5530 benignitate
3361 5458 3569 5512 Domini
3594 5476 3692 5513 no-

2114 5555 2209 5609 stri
2235 5554 2361 5609 Jesu
2387 5554 2606 5621 Christi,
2626 5555 2836 5624 quicum
2866 5552 3007 5608 Patri
3026 5566 3234 5623 unaque
3257 5549 3479 5622 Spiritui
3503 5562 3693 5606 sancto

2112 5650 2301 5722 gloria,
2322 5649 2628 5720 imperium,
2651 5648 2842 5713 honor,
2864 5660 3011 5703 nunc
3026 5652 3082 5701 et
3100 5660 3333 5717 semper,
3350 5654 3405 5701 et
3425 5644 3481 5700 in
3495 5643 3692 5701 saecula

2114 5741 2451 5799 seculorum.
2484 5742 2678 5800 Amen.
