3864 6216
126 317 200 375 15
1140 374 1143 375 ν
1232 311 1298 371 ΙΝ
1339 308 1558 372 EPIST.
1609 309 1717 367 ΙΑ]

1824 309 1959 368 ἸΟΚ.
2002 312 2239 370 ΗΟΜΙΙ...
2278 315 2300 371 1
3346 321 3415 376 16

120 445 277 487 σαν.
322 430 381 485 '0
428 427 690 494 ταπεινὸς
719 419 897 495 οὗτος,
933 428 1030 484 καὶ
1082 427 1338 499 ἐπίχαρις
1367 427 1581 496 γίνεται
1620 424 1716 478 καὶ

122 516 302 568 πᾶσιν
329 514 481 586 ήδὺς,
512 515 611 569 καὶ
648 514 845 587 εἰρήνῃ
871 513 1172 584 σύντροφος
1202 513 1460 583 διηνεκεῖ,
1499 511 1593 565 καὶ
1626 510 1718 563 οὑ-

118 599 328 668 δεμίαν
358 599 496 668 ἔχων
540 599 796 669 πολέμων
838 598 1114 653 ὑπόθεσιν.
1171 596 1293 652 Κᾶν
1326 597 1435 667 γάρ
1466 595 1714 668 ὑϐρίσῃς,

120 682 239 735 κᾶν
287 681 625 753 λοιδορήσῃς,
678 681 783 735 κᾶν
830 680 1010 734 ὁτιοῦν
1066 681 1247 753 εῖπῃς,
1298 682 1585 748 σιγήσεται
1621 675 1718 731 καὶ

118 766 331 835 πράως
384 766 542 831 οῖσει,
597 766 693 819 καὶ
728 764 998 834 τοσαύτην
1023 764 1135 829 ἕξει
1175 764 1275 835 τὴν
1322 764 1548 835 εἰρήνην
1578 762 1717 832 πρὸς

117 849 367 912 πάντας,
420 849 553 919 ὅσην
588 848 709 901 οὑδὲ
752 848 902 902 ἐστιν
930 849 1124 910 εἰπεῖν,
1157 848 1251 902 καὶ
1286 847 1421 919 πρὸς
1450 848 1541 899 16v
1584 845 1718 899 Θεὸν

114 930 204 985 δέ.
241 932 324 985 Τά
362 932 472 1001 γάρ
500 931 594 984 τοῦ
629 932 765 985 Θεοῦ
799 934 1220 1003 προστάγματα,
1249 931 1387 1001 μετά
1407 928 1717 1001 ἀνθρώπων

116 1016 439 1087 εἰρηνεύειν
476 1018 615 1080 ἐστὶ,
656 1017 752 1069 καὶ
781 1019 809 1071 6
841 1016 955 1086 βίος
986 1018 1132 1079 6116;
1162 1019 1296 1088 ἡμῖν
1339 1016 1483 1070 οὑτω
1514 1031 1717 1087 κατορ-

115 1098 322 1154 θοῦται
350 1104 407 1154 ἐν
436 1104 502 1171 τῇ
539 1102 675 1172 πρὸς
700 1100 966 1171 ἀλλήλους
995 1102 1185 1173 εἰρήνῃ
1206 1117 1220 1131 ’
1263 1102 1323 1154 οὑ
1358 1100 1468 1169 γάρ
1497 1098 1561 1171 δή
1584 1098 1717 1151 Θεόν

113 1201 213 1249 τις
275 1185 532 1257 ἀδικῆσαι
582 1188 908 1255 δυνήσεταιο
960 1184 1268 1257 ἀνώλεθρος
1310 1185 1420 1255 γὰρ
1474 1186 1507 1254 ἡ
1553 1182 1717 1252 φύσις

115 1270 341 1341 ἐκείνη,
390 1273 487 1324 καὶ
547 1271 749 1333 παντὸς
794 1270 1045 1340 ἀνωτέρα
1074 1269 1303 1331 πάθους.
1356 1268 1525 1322 Οὑδέν
1573 1265 1717 1319 οὕτω

114 1352 449 1424 θαυμαστὸν
478 1356 625 1407 ποιεῖ
644 1352 735 1405 16v
761 1352 1105 1421 Χριστιανὸν,
1125 1351 1202 1414 ώς
1220 1348 1713 1421 ταπεινοφροσύνη.

116 1437 405 1491 Ἀκουσον
439 1438 571 1507 γοῦν
602 1436 695 1491 τοῦ
727 1435 978 1507 Ἀϐραάμ
1007 1436 1281 1504 λέγοντοςο
1329 1435 1477 1504 Ἐγὼ
1504 1433 1573 1487 δέ
1598 1435 1715 1501 ειμι

110 1520 202 1589 τῆ
244 1523 348 1575 καὶ
390 1521 649 1588 σποδός·
688 1524 782 1575 καὶ
816 1521 911 1575 τοῦ
946 1520 1085 1574 Θεοῦ
1120 1520 1249 1591 περί
1277 1519 1559 1582 Μωῦσέως
1606 1517 1714 1571 πά.

109 1602 231 1670 λιν,
260 1607 347 1659 ὅτι
370 1607 676 1676 πραότατος
703 1601 771 1677 ἦν
797 1606 1017 1659 πάντων
1044 1604 1369 1676 ἀνθρώπων.
1392 1604 1580 1667 Οὑδείς
1606 1602 1715 1674 γάρ

109 1686 347 1741 ἐκείνου
392 1690 775 1759 ταπεινότερος
806 1701 831 1728 ι
864 1688 1108 1757 γέγονεν,
1153 1688 1212 1753 ὃς
1243 1690 1418 1759 δῆμον
1459 1687 1715 1740 τοσοῦτον

109 1770 301 1839 ἄγων,
341 1773 435 1825 καὶ
489 1771 581 1825 16v
628 1770 853 1840 βασιλέα
902 1772 997 1824 καί
1044 1772 1107 1825 16
1169 1772 1533 1844 στρατόπεδον
1568 1772 1716 1825 ἅπαν

108 1855 239 1907 τῶν
271 1854 590 1924 Αἰγυπτίων
623 1855 879 1927 καθάπερ
924 1855 1090 1925 μυίας
1137 1857 1568 1922 καταποντίσας,
1618 1856 1716 1910 καὶ

112 1938 374 1993 τοσαῦτα
410 1938 509 2008 μὲν
534 1941 592 1992 ἐν
623 1938 908 2009 Αἰγύπτῳ,
939 1938 1181 1993 τοσαῦτα
1208 1939 1265 1992 δὲ
1293 1939 1386 1993 ἐπὶ
1408 1938 1510 2009 τῆς
1554 1939 1714 2009 Ἐρυ-

113 2022 270 2092 θρᾶς
322 2022 598 2092 Θαλάσσης
634 2023 1013 2094 ἐργασάμενος
1042 2024 1137 2075 καί
1190 2024 1284 2076 ἐπὶ
1329 2023 1431 2092 τῆς
1478 2024 1711 2093 ἐρήμου,

108 2106 221 2158 καὶ
254 2104 524 2174 τοσαύτης
556 2105 874 2169 ἀπολαύσας
903 2107 1231 2177 μαρτυρίας,
1258 2107 1333 2170 ώς
1357 2106 1439 2170 είς
1462 2107 1571 2159 τῶν
1594 2106 1717 2159 πολ-

111 2188 235 2242 λῶν
285 2188 386 2255 ῶν,
438 2189 583 2243 οὑτω
610 2190 873 2244 διέκειτο·
911 2192 1007 2244 καὶ
1036 2190 1130 2244 τοῦ
1170 2190 1436 2262 κηδεστοῦ
1464 2190 1715 2261 γαμϐρὸς

109 2272 521 2344 ταπεινότερος
559 2268 651 2344 ἦν,
679 2275 775 2328 καί
801 2273 1011 2344 ἐδέχετο
1036 2274 1135 2345 τὴν
1166 2276 1295 2345 παρ’
1329 2274 1539 2329 ἐκείνου
1581 2273 1715 2342 γνώ-

116 2372 263 2426 μην.
312 2357 427 2411 Καί
466 2358 587 2411 οὑδέ
640 2357 1021 2428 ἐδυσχέραινεν
1051 2359 1173 2413 οὑδέ
1221 2355 1365 2412 εἷπε·
1413 2359 1479 2411 Τί
1520 2357 1712 2423 τοῦτο;

115 2440 273 2511 μετά
311 2440 539 2496 τοιαῦτα
572 2443 669 2496 καὶ
695 2441 932 2495 τοσαῦτα
958 2442 1363 2513 κατορθώματα
1394 2438 1557 2514 ἦλθες
1584 2444 1715 2513 ἡμῖν

114 2524 561 2595 συμϐουλεύωνς
612 2526 751 2597 ὅπερ
781 2526 1155 2597 πάσχουσινοὶ
1197 2526 1403 2591 πολλοὶ,
1442 2527 1546 2580 κάν
1594 2525 1715 2597 ἀρί-

114 2624 266 2679 στην
296 2626 386 2673 τις
416 2610 783 2681 εἰσηγήοηται
812 2608 1061 2680 γνώμην,
1089 2610 1179 2663 διὰ
1201 2611 1262 2663 16
1295 2611 1389 2663 τοῦ
1420 2610 1713 2682 προσώπου

113 2692 385 2746 ταπεινόν
416 2693 904 2764 καταφρονοῦντες.
941 2693 1080 2747 Ἀλλ’
1128 2695 1228 2748 οὑκ
1266 2698 1472 2758 ἐκεῖνος
1517 2694 1711 2759 οὑτως,

114 2775 266 2829 άλλά
298 2776 391 2831 διά
419 2777 925 2849 ταπεινοφροσύνης
963 2778 1140 2833 πάντα
1162 2779 1463 2850 κατώρθου.
1500 2779 1715 2832 Ἐντεῦ-

114 2858 215 2913 θεν
248 2861 481 2914 καὶτῶν
504 2860 803 2932 βασιλικῶν
844 2878 1253 2934 κατεφρόνησεν
1282 2863 1482 2927 αὑλῶν,
1525 2863 1714 2935 ἐπειδὴ

114 2943 390 3007 ταπεινὸς
434 2939 503 3016 ἦν
549 2943 749 3007 όντωςο
806 2945 867 2997 16
914 2945 1024 3018 γάρ
1057 2947 1212 3014 ὑγιὲς
1249 2947 1505 3018 φρόνημα
1529 2948 1625 3001 καὶ
1652 2948 1715 3001 16

117 3026 338 3098 ὑψηλὸν
384 3030 419 3099 ή
472 3027 943 3101 ταπεινοφροσύνῃ
997 3032 1162 3084 ποιεῖ.
1235 3030 1414 3101 Πόσης
1459 3030 1568 3100 γάρ
1613 3032 1714 3084 οἴει

119 3110 619 3183 μεγαλοφροσύνης
651 3108 793 3166 εἶναι
840 3112 936 3166 καὶ
981 3111 1383 3183 μεγαλοψυχίας
1412 3113 1476 3167 16
1511 3114 1604 3167 καὶ
1634 3116 1715 3168 οἰ-

117 3195 256 3258 κίας
295 3196 396 3248 καί
441 3197 724 3270 τραπέζης
764 3196 1040 3269 ὑπεριδεῖν
1067 3196 1389 3268 βασιλικῆςς
1444 3200 1555 3252 Καὶ
1604 3198 1714 3270 γὰρ

113 3278 199 3342 ὡς
241 3278 362 3332 θεοὶ
401 3280 668 3350 τιμῶνται
698 3282 747 3334 οί
797 3280 1038 3350 βασιλεῖς
1085 3282 1217 3354 παρ’
1246 3283 1585 3352 Αἰγυπτίοις,
1620 3285 1716 3337 καὶ

117 3361 373 3417 πλούτου
426 3364 520 3416 καί
559 3360 852 3434 θησαυρῶν
892 3363 1230 3418 ἀπολαύουσι
1284 3366 1515 3437 μυρίων.
1575 3366 1714 3421 Ἀλλ’

116 3446 282 3515 ὅμως
315 3447 496 3500 πάντα
552 3447 714 3515 ἀφεὶς
744 3449 950 3512 ἐκεῖνα,
1000 3450 1093 3502 καὶ
1124 3449 1266 3503 αὑτά
1311 3451 1412 3521 τῆς
1437 3451 1714 3520 Αίγύπτου

119 3530 298 3603 ῥίψας
321 3532 393 3585 τά
425 3531 706 3602 σκῆπτρα,
731 3534 845 3596 τοῖς
866 3532 1235 3603 αἰχμαλώτοις
1261 3535 1356 3589 καὶ
1386 3553 1717 3593 καταπονου-

120 3614 344 3684 μένοις,
369 3617 483 3678 τοῖς
510 3616 569 3667 ἐν
600 3615 678 3685 τῷ
708 3614 863 3686 πηλῷ
889 3617 985 3685 καὶ
1010 3619 1075 3688 τῇ
1112 3616 1361 3689 πλινθείᾳ
1390 3619 1719 3694 δαπανωμέ-

115 3714 267 3761 νοις,
296 3697 393 3762 οὓς
422 3699 473 3751 οἰ
501 3698 678 3751 δοῦλοι
716 3699 881 3752 αὑτοῦ
907 3698 1287 3753 ἐϐδελύττοντο
1321 3702 1717 3771 (ἐϐδελύττοντο

115 3781 240 3852 γὰρ
271 3783 473 3845 αὑτοὺς
493 3786 542 3836 οί
565 3783 878 3853 Αἰγύπτιοι,
901 3784 1081 3854 φησὶ),
1103 3784 1317 3849 τούτοις
1341 3788 1715 3860 προσέδραμε,

114 3866 223 3919 καὶ
255 3866 369 3919 τῶν
389 3867 665 3921 δεσποτῶν
687 3867 884 3930 αὑτοὺς
914 3867 1213 3939 προετίθει.
1241 3869 1404 3923 Ὅθεν
1431 3872 1609 3943 δῆλον,
1636 3875 1718 3928 ὅτι

116 3951 149 4002 6
180 3949 471 4013 ταπεινὸς,
506 3945 660 4013 οὗτός
700 3953 848 4005 ἐστιν
887 3950 1145 4027 ῥὺψηλὸς
1194 3952 1289 4006 καί
1330 3956 1715 4028 μεγαλόφρων.

118 4034 243 4086 Καὶ
274 4033 386 4103 γὰρ
416 4035 449 4104 ὴ
478 4033 705 4087 ἀπόνοια
729 4035 837 4088 ἀπὸ
857 4034 1110 4099 εὐτελοῦς
1130 4034 1336 4105 γίνεται
1356 4038 1596 4105 διανοίας
1624 4043 1721 4096 καὶ

119 4116 403 4185 ἀγεννοῦς
429 4117 628 4189 ψυχῆς,
652 4119 747 4173 καί
773 4120 807 4190 ή
829 4118 907 4191 [7]
936 4120 1211 4175 ἐπιείκεια
1241 4123 1352 4176 6116
1376 4125 1720 4198 μεγαλόφρο-

120 4217 244 4265 νος,
275 4200 390 4254 6116
414 4201 793 4272 μεγαλοψύχου
829 4202 1079 4274 γνώμης.

195 4290 272 4353 γ’.
300 4284 415 4336 Καὶ
444 4285 492 4337 εί
522 4284 904 4354 βούλεσθε,ἐπί
922 4286 1029 4339 τῶν
1048 4287 1461 4357 ὑποδειγμάτων
1483 4292 1721 4365 ἑκάτερα

120 4368 504 4438 ἐξετάζωμεν.
540 4369 676 4422 Εἰπὲ
702 4370 812 4441 γάρ
853 4387 964 4441 μοι,
1009 4371 1061 4424 τί
1088 4370 1181 4424 τοῦ
1218 4372 1469 4445 Ἀϐραάμ
1499 4377 1721 4445 γέγονεν

124 4452 507 4521 ὑψηλότερονς
542 4454 720 4508 καίτοι
744 4472 806 4524 γε
838 4457 1042 4518 ἐκεῖνος
1070 4451 1138 4527 ἦν
1162 4458 1190 4509 6
1228 4455 1420 4525 λέγων’
1467 4462 1607 4530 Ἐγώ
1642 4467 1721 4517 εί-

119 4555 193 4607 μι
226 4536 307 4606 γῆ
345 4536 446 4591 καί
488 4538 756 4604 σποδός·
801 4540 1006 4602 ἐκεῖνος
1034 4534 1102 4610 ἦν
1134 4541 1163 4593 6
1194 4538 1365 4608 λέγων
1385 4558 1397 4570 ο
1434 4544 1532 4612 Μὴ
1565 4545 1722 4601 ἔστω

122 4622 296 4690 μάχη
359 4620 477 4675 ἀνὰ
518 4624 716 4690 μέσον
758 4624 906 4693 ἐμοῦ
930 4666 945 4690 ,
995 4624 1095 4678 καί
1160 4625 1277 4680 ἀνὰ
1336 4627 1534 4695 μέσον
1580 4630 1718 4687 σοῦ.

141 4705 286 4758 Ἀλλ’
319 4698 478 4769 οὗτος
508 4708 537 4760 6
580 4707 723 4761 οὕτω
761 4708 1017 4770 ταπεινὸς
1060 4708 1319 4779 λαφύρων
1348 4716 1722 4785 κατεφρόνησε

130 4789 461 4858 Περσικῶν,
518 4791 612 4843 καὶ
667 4792 945 4863 τροπαίων
1019 4794 1272 4864 ὑπερεῖδε
1347 4795 1718 4868 βαρϐαρικῶν.

130 4873 306 4926 Τοῦτο
345 4875 405 4928 δὲ
447 4873 557 4927 6116
603 4875 803 4945 πολλῆς
843 4876 1296 4949 ὑψηλοφροσύνης
1344 4882 1437 4933 καὶ
1487 4883 1722 4951 μεγαλο-

133 4958 303 5027 φυοῦς
338 4959 577 5023 διανοίας
618 4960 811 5016 ἐποίει.
853 4962 1092 5025 Ἐκεῖνος
1128 4963 1238 5033 γάρ
1283 4965 1430 5019 ἐστιν
1463 4967 1667 5038 ὑψηλὸς
1695 4972 1724 5025 6

132 5043 379 5114 γνησίως
404 5045 679 5108 ταπεινὸς,
705 5047 801 5117 οὑχ
837 5048 866 5099 6
895 5048 1059 5114 κόλαξ
1087 5050 1258 5103 οὑδὲό
1285 5052 1467 5122 εἴρων.
1498 5054 1724 5127 Ἕτερον

133 5128 243 5199 γὰρ
280 5128 763 5200 μεγαλοφροσύνη,
797 5129 893 5183 καὶ
930 5130 1117 5202 ἓτερον
1150 5133 1412 5189 ἀπόνοια’
1440 5139 1533 5190 καί
1568 5138 1725 5194 τοῦτο

133 5211 293 5279 δῆλον
344 5211 577 5265 ἐκεῖθεν.
624 5212 695 5265 Et
743 5230 827 5275 τις
874 5212 984 5284 γάρ
1020 5216 1112 5268 τὸν
1152 5216 1323 5288 πηλὸν
1366 5219 1537 5289 πηλὸν
1576 5224 1726 5294 ήγοῖ-

132 5311 196 5347 το
220 5294 247 5334 ιι
278 5295 375 5348 καὶ
402 5298 758 5367 καταφρονοῖ,
788 5295 973 5369 ἔτερος
992 5297 1051 5352 δέ
1072 5316 1157 5364 τις
1180 5300 1271 5355 τὸν
1308 5304 1477 5371 πηλὸν
1496 5305 1572 5371 ὡς
1593 5324 1726 5378 χρυ·

200 5448 225 5521 ξ
254 5447 546 5521 ιθεθδαίρτ
568 5448 784 5521 οὐδένω.
810 5447 1157 5521 ταπεινότερον,
1185 5458 1234 5501 el
1259 5451 1400 5521 ἱρῇ-α,
1441 5455 1501 5521 16
1523 5456 1732 5521 στρατό-

134 5511 277 5629 ῗεδρν
314 5508 410 5558 τῶν
434 5512 543 5573 Αίγ.
570 5510 811 5558 ἁπάντων.
879 5508 903 5549 Ι*
930 5508 1245 5575 Legébalur:
1276 5517 1336 5564 Εἴ
1367 5508 1435 5572 τις
1455 5518 1543 5582 γὰρ
1574 5508 1725 5579 πηλὸν

170 5588 317 5629 γοιτο.

170 5588 317 5633 γοιτο.

1826 424 1919 478 σδν
1947 426 2216 499 θαυμάζοι
2243 427 2337 484 καὶ
2365 428 2510 501 μέγα
2526 430 2671 501 ἄγοι,
2702 430 2788 497 τίς
2813 431 2927 501 ἄρα
2947 432 3094 487 ἐστὶν
3115 433 3143 485 6
3174 432 3413 507 ὑψηλὸςς

1823 511 1946 581 οὑχί¹
1987 511 2017 564 6
2055 514 2147 565 16v
2194 513 2364 584 πηλὸν
2402 513 2475 587 μὴ
2506 514 2802 587 θαυμάζων
2837 533 2853 580 ;
2888 516 2973 580 τίς
3011 517 3067 570 δὲ
3099 519 3127 571 6
3159 520 3417 584 ταπεινὸς

1823 596 1919 648 καὶ
1952 595 2215 667 εὑτελής;
2258 598 2380 669 οὑχί
2421 600 2450 651 6
2479 598 2774 671 θαυμάζων
2805 600 2973 655 αὑτὸν
2997 642 3011 666 ,
3043 601 3138 654 καὶ
3170 601 3311 672 μέγα
3340 621 3414 657 τι·

1825 678 2051 749 θέμενος
2075 697 2089 744 ;
2116 678 2272 733 Οὑτω
2294 681 2357 752 δὴ
2380 683 2474 735 καὶ
2503 683 2737 736 ἐνταῦθα
2756 683 2995 752 λογίζου,
3024 684 3107 737 ὅτι
3136 686 3164 737 6
3194 684 3293 754 μὲν
3310 688 3417 756 γῆν

1825 760 1919 815 καὶ
1964 762 2157 816 σποδὸν
2188 764 2378 818 ἐαυτὸν
2419 764 2612 834 λέγων,
2651 766 2854 837 ὑψηλὸς
2896 766 2962 820 ἂν
2993 767 3102 837 εῖη,
3144 768 3322 820 καίτοι
3352 784 3416 835 γε

1822 844 1933 899 6116
1961 847 2462 920 ταπεινοφροσύνης
2499 850 2648 919 λέγει
2685 868 2700 882 ο
2735 854 2764 905 6
2808 852 2865 904 δὲ
2897 851 2971 921 μὴ
3009 852 3113 922 γῆν
3151 852 3246 906 καὶ
3282 869 3419 906 σπου

1821 928 1912 982 δὸν
1968 930 2159 984 ἑαυτὸν
2225 932 2483 1002 νομίζων,
2544 933 2678 989 ἀλλά
2719 936 2998 1006 περιέπων
3043 935 3260 1003 ἐαυτὸν,
3320 936 3417 991 καί⁸

1826 1014 2268 1087 μεγαλοφρονῶν,
2331 1012 2486 1081 οὗτος
2528 1019 2628 1089 μὲν
2668 1015 2762 1073 οὖν
2803 1018 2872 1073 ἂν
2914 1018 2999 1090 εἴη
3062 1020 3286 1090 εὐτελής
3346 1022 3417 1072 16

1826 1098 1999 1169 μικρά
2029 1102 2239 1170 μεγάλα
2283 1102 2586 1173 τιθέμενος.
2616 1104 2781 1158 Ὅθεν
2813 1104 2993 1175 δῆλον,
3024 1106 3106 1158 ὅτι
3136 1105 3244 1158 ἀπὸ
3286 1105 3415 1159 πολ-

1824 1181 1916 1235 λοῦ
1939 1182 2175 1248 διανοίας
2208 1184 2375 1254 ὑψους
2412 1186 2713 1255 ἐφθέγγετο
2748 1187 2809 1240 16
2857 1187 3009 1259 ῥῆμα
3044 1189 3219 1241 ἐκεῖνο
3246 1191 3274 1241 6
3310 1206 3415 1241 πα-

1821 1266 2111 1337 τριάρχης,
2149 1268 2289 1335 Ἐγὼ
2310 1267 2378 1321 δέ
2399 1270 2516 1338 ειμι
2547 1269 2623 1337 τῆ
2656 1270 2753 1323 καί
2787 1269 3018 1337 σποδός
3045 1287 3058 1299 ·
3088 1270 3196 1324 6116
3219 1269 3410 1340 ὕψους,

1822 1349 1925 1401 οὑκ
1962 1349 2070 1402 6116
2099 1349 2375 1415 ἀπονοίας.
2417 1351 2684 1421 Καθάπερ
2711 1352 2820 1424 γάρ
2858 1354 2952 1407 ἐπὶ
2982 1354 3250 1424 σωμάτων
3283 1354 3413 1408 ἀλλο

1826 1432 1928 1503 μὲν
1966 1433 2133 1499 ἔστιν,
2166 1433 2495 1487 εὑεκτοῦντα
2536 1438 2630 1489 καὶ
2666 1436 2983 1507 σφριγῶντα
3013 1432 3174 1499 εἶναι,
3203 1436 3331 1491 6110
3354 1435 3412 1489 δέ

1823 1516 2225 1588 φλεγμαίνοντα
2245 1534 2258 1549 ο
2281 1518 2460 1571 καίτοι
2483 1536 2547 1588 γε
2577 1520 2860 1593 ἀμφότερα
2891 1520 3098 1591 ὑψηλῆς
3130 1521 3245 1573 ἐστι
3278 1537 3412 1593 σαρ-

1821 1601 1937 1669 κὸς,
1973 1601 2109 1656 6116
2134 1602 2195 1655 16
2229 1604 2327 1672 μὲν
2367 1603 2793 1674 διεφθαρμένης,
2832 1604 2893 1657 16
2930 1603 2987 1656 δὲ
3016 1602 3203 1673 ὑγιοῦς
3226 1620 3241 1634 ’
3265 1601 3415 1657 οὑτω

1823 1686 1919 1739 καὶ
1955 1684 2190 1740 ἐνταῦθα
2221 1685 2408 1756 ἔτερόν
2434 1688 2581 1739 ἐστιν
2614 1683 2754 1740 εἶναι
2792 1687 3247 1758 ἀπονενοημένον,
3271 1686 3412 1757 ὅπερ

1822 1771 1941 1824 ἐστὶ
1979 1769 2385 1839 φλεγμαίνοντα
2432 1765 2571 1823 εἶναι
2604 1786 2617 1800 ·
2656 1772 2748 1824 καὶ
2787 1771 2974 1841 ἔτερόν
3006 1772 3154 1825 ἐστιν
3182 1769 3411 1839 ὑψηλὸν,

1821 1858 1958 1928 ὅπερ
1980 1857 2129 1911 ἐστὶν
2151 1855 2476 1911 εὑεκτοῦντα
2503 1851 2664 1912 εἶναι.
2698 1857 2808 1910 Καὶ
2838 1857 2999 1912 πάλιν
3022 1857 3140 1910 ἐστί
3157 1874 3242 1921 τις
3266 1856 3409 1927 ὑψη-

1821 1940 1911 2004 16;
1938 1939 2016 2011 τῷ
2053 1940 2237 2011 μέτρῳ
2282 1938 2376 1992 τοῦ
2423 1939 2709 2009 σώματος·
2759 1939 2918 2003 6110;
2974 1940 3032 1993 δέ
3070 1938 3277 2010 βραχὺς
3309 1937 3413 2004 ὢν,

1822 2023 2144 2094 προσλαϐὼν
2195 2023 2439 2094 ἐμϐάδας
2481 2023 2812 2095 ὑψηλότερος
2849 2023 3060 2090 γίνεται
3105 2038 3121 2054 ο
3156 2024 3279 2076 τίνα
3315 2018 3410 2076 οὖν

1822 2107 2125 2177 καλέσομεν
2150 2106 2356 2177 ὑψηλὸν
2387 2107 2481 2160 καὶ
2511 2109 2709 2177 μέγαν,
2749 2106 2871 2160 εἰπέ
2900 2122 3026 2177 μοις
3054 2106 3155 2158 οὑκ
3186 2103 3410 2174 εὔδηλον

1821 2191 1905 2245 ὃτι
1935 2190 2024 2243 τὸν
2069 2190 2281 2244 οἴκοθεν
2318 2190 2378 2243 τὸ
2407 2189 2539 2259 ὑψος
2582 2190 2808 2261 ἔχοντας
2856 2190 3094 2252 Ἐκεῖνος
3114 2188 3223 2259 γὰρ
3253 2188 3410 2241 ἀλλό-

1820 2291 1971 2346 τριον
1996 2273 2110 2343 ἔχει
2139 2272 2320 2336 τοῦτο,
2346 2273 2439 2327 καὶ
2468 2272 2575 2327 τῶν
2607 2271 2878 2325 ταπεινῶν
2914 2271 3130 2336 ἐπιϐάς,
3152 2271 3295 2324 οὑτω
3317 2272 3412 2341 γέ-

1820 2375 1978 2427 γονεν
2017 2357 2221 2427 ὑψηλός
2265 2374 2279 2387 ο
2317 2356 2346 2410 6
2378 2356 2561 2410 πολλοὶ
2610 2358 2883 2426 πάσχουσι
2927 2354 3036 2408 τῶν
3078 2353 3406 2426 ἀνθρώπων,

1823 2444 1918 2497 ἐπὶ
1979 2442 2281 2514 χρημάτων
2329 2443 2425 2496 καὶ
2472 2441 2631 2513 δόξης
2679 2442 2907 2504 έαυτοὺς
2960 2438 3408 2503 ἀναϐιϐάζοντες,

1820 2528 1957 2598 ὅπερ
1987 2527 2088 2580 οὑκ
2120 2526 2265 2579 ἐστιν
2296 2524 2446 2596 ὕψος.
2494 2523 2727 2595 ’Υψηλδς
2757 2522 2867 2595 γάρ
2909 2525 3058 2576 ἐστιν
3100 2523 3129 2575 6
3181 2521 3410 2593 μηδενὸς

1820 2611 2072 2682 δεόμενος
2096 2612 2323 2674 τούτων,
2358 2610 2496 2664 ἀλλά
2524 2608 2884 2681 καταφρονῶν
2912 2608 3188 2671 ἁπάντων,
3212 2606 3308 2661 καὶ
3328 2606 3409 2659 οῖ-

1822 2697 1980 2752 κοθεν
2016 2696 2153 2767 έχων
2205 2696 2267 2749 τὸ
2312 2695 2564 2766 μέγεθος.
2596 2694 2635 2747 Γ
2639 2692 2889 2764 ενώμεθα
2920 2691 3099 2746 τοίνυν
3136 2693 3407 2755 ταπεινοὶ,

1823 2781 1913 2835 ίνα
1963 2779 2249 2850 γενώμεθα
2291 2778 2528 2849 ὑψηλοί·
2581 2778 2645 2832 '0
2679 2777 2788 2848 γάρ
2833 2775 3130 2830 ταπεινῶν
3163 2774 3407 2838 ἑαυτὸν,

1820 2864 2229 2934 ὑψωθήσεται,
2292 2863 2447 2934 φησί.
2517 2862 2657 2915 Ἀλλ’
2721 2861 2819 2931 οὑχ
2876 2862 2905 2914 6
2976 2858 3409 2929 ἀπονενοημένος

1820 2948 2084 3013 τοιοῦτος,
2118 2947 2256 3001 6116
2293 2948 2511 3001 πάντων
2540 2946 2688 3000 ἐστὶν
2722 2944 3098 3016 εὐτελέστερος
3120 2961 3136 2978 ·
3171 2944 3267 2997 καί
3298 2942 3411 3014 γάρ

1820 3036 1855 3105 ή
1887 3030 2170 3104 πομφόλυξ
2198 3029 2511 3099 πεφύσηται
2531 3070 2545 3092 ,
2591 3028 2706 3082 611‘
2736 3030 2838 3082 οὑκ
2868 3028 3013 3081 ἐστιν
3040 3027 3188 3095 ὑγιὲς
3218 3027 3279 3080 16
3308 3028 3406 3096 φύ-

1824 3135 1996 3190 σημα.
2023 3117 2121 3170 Διά
2157 3114 2316 3168 τοῦτο
2346 3112 2443 3166 καὶ
2476 3111 2701 3175 τούτους
2729 3109 3179 3181 πεφυσιωμένους
3214 3109 3409 3163 καλοῦ-

1826 3220 1944 3273 μεν.
1991 3202 2051 3254 '0
2075 3200 2170 3271 μὲν
2191 3198 2300 3269 γὰρ
2331 3196 2732 3268 μετριοφρονῶν
2756 3195 2877 3248 οὑδέ
2904 3195 2995 3247 ἐπί
3018 3196 3129 3257 τοῖς
3154 3194 3410 3265 μεγάλοις

1825 3286 1967 3356 μέγα
1999 3284 2205 3354 φρονεῖ,
2235 3280 2298 3335 τὸ
2336 3279 2591 3333 ταπεινὸν
2626 3276 2781 3341 εἰδὼς
2822 3277 2883 3331 16
2909 3276 3101 3331 ἐαυτοῦ
3132 3293 3147 3308 θ
3171 3280 3200 3331 6
3231 3278 3287 3331 δὲ
3320 3278 3411 3330 εὑ-

1822 3371 1980 3438 τελὴς
2016 3370 2111 3423 καὶ
2145 3367 2238 3421 ἐπὶ
2269 3367 2383 3428 τοῖς
2426 3365 2642 3435 μικροῖς
2683 3362 2827 3434 μέγα
2872 3359 3222 3430 φαντάζεται.
3264 3361 3410 3431 Κτη-

1825 3452 2047 3523 σώμεθα
2090 3451 2269 3505 τοίνυν
2305 3449 2367 3503 16
2404 3448 2491 3501 διὰ
2532 3446 3033 3516 ταπεινοφροσύνης
3082 3443 3215 3514 ὕψος
3239 3460 3253 3474 ·
3284 3444 3408 3495 ἐπι-

1824 3536 2154 3607 σκεψώμεθα
2193 3533 2301 3587 τῶν
2342 3532 2699 3602 ἀνθρωπίνων
2734 3530 2834 3600 τὴν
2864 3529 3045 3599 φύσιν,
3074 3528 3161 3581 ἵνα
3189 3524 3408 3580 ἐκκαῶ-

1827 3638 1926 3693 μεν
1955 3621 2032 3689 τῷ
2065 3618 2216 3689 πόθῳ
2249 3616 2357 3669 τῶν
2390 3614 2717 3686 μελλόντων.
2757 3613 2994 3683 Ἑτέρως
3020 3610 3129 3682 γὰρ
3165 3608 3265 3693 οὑκ
3292 3608 3411 3663 ἔστι

1823 3691 2077 3773 γενέσθαι
2114 3700 2389 3762 ταπεινὸν,
2426 3698 2540 3752 ἀλλ’
2571 3697 2604 3768 ἢ
2638 3695 2728 3749 διά
2759 3693 2851 3748 τοῦ
2874 3693 2983 3746 τῶν
3019 3693 3179 3745 θείων
3209 3691 3413 3762 ἔρωτος

1826 3786 1905 3861 [8]
1942 3787 2037 3841 καὶ
2074 3786 2172 3857 τῆς
2212 3784 2321 3838 τῶν
2360 3782 2644 3855 παρόντων
2694 3778 3015 3857 ὑπεροψίας.
3042 3777 3271 3861 ἐὨσττερΔ
3299 3774 3410 3861 γάρ

1825 3854 1991 3936 εἶ’τις
2031 3854 2305 3941 βασιλείας
2344 3865 2729 3936 ἐπιτυγχάνειν
2764 3854 2948 3934 μέλλοι
2971 3902 2987 3928 ,
3014 3854 3132 3912 εἶτα
3164 3858 3285 3912 ἀντὶ
3307 3858 3412 3928 τῆς

1825 3954 2143 4026 άλουργίδος
2191 3952 2406 4021 ἐκείνης
2451 3948 2727 4017 ἰδιωτικήν
2764 3945 2885 4001 τινά
2918 3961 3000 4007 τις
3037 3943 3186 4026 αὑτῶ
3229 3944 3411 4026 παρατ-

1828 4056 1947 4111 σχοι
1964 4024 2136 4109 τιμὴν
2160 4076 2174 4102 ,
2210 4035 2362 4089 οὐδὲν
2401 4032 2572 4105 αὑτὴν
2606 4027 2746 4085 εἶναι
2783 4030 3051 4101 ἡγήσεται
3075 4041 3090 4055 ⁸
3133 4024 3276 4079 οὕτω
3315 4024 3415 4078 καὶ

1826 4108 1988 4198 ἡμεῖς
2016 4108 2234 4177 πάντων
2262 4115 2746 4187 καταγελασόμεθα
2770 4112 2876 4167 τῶν
2900 4113 3205 4198 παρόντων,
3243 4110 3293 4161 εί
3312 4108 3414 4198 της

1826 4196 1995 4282 τιμῆς
2028 4208 2472 4278 ἐπιθυμήσαιμεν
2520 4202 2753 4273 ἐκείνης.
2783 4200 2895 4270 Οὑχ
2938 4198 3100 4270 ὁρᾶτε
3125 4196 3412 4282 τοὺςῃπαῑο

1825 4276 2104 4360 δαςίὸταν
2141 4276 2427 4353 παίζοντες
2470 4285 2624 4350 τάξιν
2662 4282 2879 4344 ποιῶσι,
2910 4282 3005 4335 καὶ
3051 4276 3413 4351 στρατιώτας,

1828 4379 1926 4433 καὶ
1964 4374 2314 4447 προηγῶνται
2358 4370 2538 4425 αὑτῶν
2578 4369 2819 4440 κήρυκες
2854 4366 2947 4418 καί
2979 4361 3413 4447 ῥαϐδοῦχοιηκαῖ

1831 4463 1995 4536 μέσος
2012 4444 2048 4514 6
2069 4462 2197 4521 παῖς
2225 4460 2282 4511 ἐν
2311 4455 2465 4527 χώρᾳ
2485 4454 2745 4525 ἀρχοντος
2767 4449 2978 4536 βαδίζῃ,
3005 4448 3081 4510 ὡς
3105 4444 3326 4536 παιδικὰ
3344 4445 3415 4498 16

1828 4528 2088 4617 γινόμενα
2118 4562 2131 4609 ;
2165 4540 2405 4595 Τοιαῦτά
2435 4541 2551 4590 ἐστι
2594 4536 2665 4589 16
2698 4534 3036 4617 ἀνθρώπινα,
3084 4530 3180 4617 καί
3207 4528 3412 4617 τούτων

1828 4613 2207 4701 εὐτελέστερα,
2264 4628 2506 4697 σήμερον
2552 4623 2681 4675 ὅντα
2728 4620 2841 4701 καὶ,
2870 4615 3057 4689 αὔριον
3088 4616 3212 4701 ,οὑκ
3260 4613 3412 4701 ὄντα.

1840 4697 2194 4785 ’Υψηλότεροι
2226 4710 2406 4763 τοίνυν
2435 4704 2723 4776 γενώμεθα
2754 4700 2981 4763 τούτων,
3012 4700 3109 4785 καὶ
3140 4699 3214 4785 μὴ
3252 4697 3413 4785 μόνον

1829 4782 2009 4854 αὑτῶν
2041 4798 2116 4867 μὴ
2147 4791 2525 4863 ἐπιθυμῶμεν,
2558 4788 2691 4842 ἀλλὰ
2725 4786 2817 4840 καί
2844 4782 3227 4867 αἰσχυνώμεθα
3253 4783 3305 4836 εί
3326 4798 3412 4867 τις

1830 4885 1962 4956 ἡμῖν
1997 4864 2167 4934 ταῦτα
2202 4876 2495 4948 προτείνοι.
2532 4871 2689 4956 Οὑτω
2731 4870 2858 4956 γάρ
2881 4869 2971 4922 τὸν
2999 4866 3218 4956 τούτων.
3247 4864 3413 4956 ἐκόα-

1829 4948 2011 5031 λόντες
2046 4964 2246 5034 ἔρωτα,
2270 4959 2363 5013 τὸν
2392 4958 2534 5010 θεῖον
2565 4955 2771 5034 ἐκεῖνον
2800 4952 3014 5023 ἕξομεν,
3048 4949 3143 5003 καὶ
3159 4948 3259 5019 τῆς
3276 4949 3412 5034 A606-

1830 5030 1999 5105 νάτου
2023 5030 2181 5114 δόξης
2210 5040 2591 5111 ἀπολαύσομεν
2612 5051 2625 5065 ⁸
2666 5030 2734 5107 ἦς
2771 5035 2981 5103 γένοιτο
3030 5034 3238 5094 πάντας
3263 5032 3413 5114 ἡμᾶς

1830 5113 2147 5203 ἐπιτυχεῖν,
2167 5129 2349 5199 χάριτι
2376 5126 2471 5179 καὶ
2490 5119 2871 5203 φιλανθρωπίᾳ
2902 5115 3230 5203 τοῦΔΚυρίοι)
3256 5113 3415 5203 ήμῶν

1843 5198 2027 5287 Ἰησοῦν
2064 5198 2324 5284 Χριστοῦ,
2373 5207 2490 5282 μεθ’
2536 5200 2597 5261 οὗ
2634 5204 2711 5275 τῷ
2752 5201 2946 5287 Πατρὶ,
2993 5198 3223 5287 άμα-τῷ
3272 5198 3413 5287 ἀγίιρ

1833 5281 2126 5371 Πνέύματι
2151 5294 2295 5361 δόξα,
2340 5292 2561 5367 κράτος,
2600 5287 2756 5358 τιμή,
2794 5284 2887 5340 νῦν
2934 5284 3029 5339 καὶ
3062 5283 3169 5351 ἀεὶ,
3208 5283 3300 5336 καὶ
3332 5281 3414 5346 εἰς

1830 5385 1956 5450 τοὺς
1978 5382 2180 5445 αἰῶνας
2210 5379 2320 5435 τῶν
2351 5374 2583 5432 αἰώνων.
2622 5371 2812 5444 Ἀμήν.
