3864 6216
479 291 545 348 17
1240 287 1299 345 S.
1335 286 2149 352 JOANNISCHRYSOSTOMI
2191 288 2516 350 ARCHIEP.
2557 287 3110 349 CONSTANTINOP.
3672 294 3739 351 18

1963 503 2208 558 ΟΜΙΛΙΑ
2245 501 2322 561 Β’.

475 597 828 668 Εὐχάριστῶ
858 598 938 664 τῷ
964 597 1086 664 Θεῷ
1115 616 1237 668 μου
1270 598 1529 652 πάντοτε
1559 598 1692 666 περὶ
1722 596 1891 666 ὑμῶν
1909 636 1923 660 ,
1951 595 2051 649 ἐπὶ

546 680 622 749 τῇ
649 681 839 750 χάριτι
869 682 974 736 τοῦ
1007 683 1156 737 Θεοῦ
1183 682 1260 752 τῇ
1284 683 1530 752 δοθείσῃ
1556 682 1702 751 ὑμῖν
1727 682 1796 735 ἐν
1823 679 2058 750 Χριστῷ

560 763 754 831 Ἰησοῦ
795 779 811 795 ·
849 764 939 818 ὅτι
980 766 1052 819 ἐν
1086 764 1270 818 παντὶ
1310 765 1749 832 ἐπλουτίσθητε
1778 764 1847 817 ἐν
1873 761 2056 828 αὐτῷ.

543 854 616 903 α.’
651 849 716 901 ’0
745 851 858 913 τοῖς
883 849 1062 913 ἀλλοις
1090 852 1348 921 παραινεῖ
1377 851 1572 912 ποιεῖν,
1593 848 1788 917 λέγων,
1825 847 1930 900 Ἔν
1956 847 2056 899 81'1-

476 933 752 1002 χαριστίᾳ
771 936 842 987 τὰ
873 933 1163 1003 αἰτήματα
1194 933 1362 1003 ὑμῶν
1387 932 1751 1005 γνωριζέσθω
1777 930 1928 1000 πρὸς
1952 929 2059 984 τὸν

478 1016 647 1081 Θεὸν,
681 1016 838 1070 τοῦτο
871 1019 964 1072 καὶ
991 1019 1152 1082 αὐτὸς
1192 1019 1451 1090 ἔπραττε,
1473 1019 1742 1072 διδάσκων
1766 1017 1914 1088 ἡμᾶς
1951 1013 2058 1069 ἀπὸ

475 1100 681 1154 τούτων
704 1102 966 1172 ἄρχεσθαι
993 1104 1101 1156 τῶν
1129 1103 1305 1173 λόγων
1328 1104 1434 1167 ἀεὶ,
1462 1104 1557 1157 καὶ
1582 1103 1687 1174 πρὸ
1717 1102 1935 1156 πάντων
1968 1100 2055 1153 εύ-

475 1187 754 1255 χαριστεῖν
782 1185 860 1256 τῷ
879 1185 1018 1256 Θεῷ.
1049 1187 1215 1240 Ούδέν
1236 1187 1346 1258 γὰρ
1367 1185 1512 1240 οὕτω
1531 1186 1608 1256 τῷ
1629 1184 1748 1256 Θεῷ
1778 1185 1950 1253 φίλον.
1979 1182 2056 1246 ὡς

475 1268 536 1321 τὸ
565 1269 925 1340 εὐχαρίστους
955 1260 1234 1332 manu).
1267 1271 1406 1341 ὑπὲρ
1428 1270 1639 1323 ἑαυτῶν
1667 1269 1764 1322 καὶ
1793 1269 1932 1339 ὑπὲρ
1959 1267 2054 1322 ἄλ-

475 1352 602 1408 λων.
626 1353 718 1406 Διὸ
743 1354 840 1408 καὶ
859 1354 1039 1428 πάσης
1059 1355 1246 1425 σχεδὸν
1274 1354 1594 1424 Ἐπιστολῆς
1618 1352 1776 1406 τοῦτο
1799 1350 2057 1422 προτίθη-

479 1453 563 1490 σιν
585 1455 601 1468 ο
629 1437 863 1492 ἐνταῦθα
887 1438 946 1491 δὲ
977 1439 1071 1492 καὶ
1109 1437 1532 1508 ἀναγκαιότερον
1563 1437 1597 1509 ἢ
1638 1438 1696 1492 ἐν
1723 1439 1842 1500 ταῖς
1865 1434 2054 1498 ἄλλαις

361 1590 370 1595 _
475 1520 608 1573 αὐτὸ
637 1523 887 1592 πράττει.
929 1522 986 1575 Ὀ
1018 1522 1126 1593 7&9
1150 1521 1511 1593 εὐχαριστῶν,
1542 1522 1634 1575 καὶ
1665 1521 1740 1585 ὼς
1773 1516 1832 1574 εὖ
1866 1517 2054 1575 παθὼν

473 1601 805 1674 εὐχαριστεῖ,
840 1603 936 1657 καὶ
983 1605 1076 1657 ἐπὶ
1121 1605 1304 1677 χάριτι
1339 1605 1652 1675 εὐχαριστεῖ
1684 1620 1694 1632 ·
1735 1605 1769 1674 ὴ
1799 1603 1856 1656 δὲ
1894 1602 2055 1672 χάρις

471 1685 572 1739 ούκ
602 1685 790 1756 όφειλὴ
819 1687 940 1740 οὐδὲ
978 1687 1181 1759 ἀμοιϐὴ
1225 1687 1348 1741 οὐδὲ
1388 1688 1654 1751 ἀντίδοσις
1673 1705 1685 1719 δ
1720 1686 1748 1740 ὃ
1778 1683 2052 1756 πανταχοῦ

473 1769 574 1837 μὲν
602 1769 897 1836 ἀναγκαῖον
926 1768 1129 1838 λέγειν,
1161 1771 1341 1841 πολλῷ
1359 1771 1415 1823 δὲ
1441 1770 1602 1823 πλέον
1631 1770 1725 1823 ἐπὶ
1752 1768 2054 1840 Κορινθίων

467 1851 576 1905 τῶν
605 1853 914 1922 κεχηνότων
945 1855 1080 1924 πρὸς
1119 1856 1247 1916 τοὺς
1287 1855 1642 1923 διατεμόντας
1685 1855 1784 1924 τὴν
1820 1854 2052 1926 Ἐκκλη-

470 1937 611 1992 σίαν.
653 1935 736 2002 Τῷ
764 1938 886 2003 Θεῷ
917 1956 1058 2007 μου.
1110 1939 1246 1992 Ἀπὸ
1288 1928 1491 2009 πολλῆς
1520 1942 1619 2010 τῆς
1661 1935 1952 2000 διαθέσεως
1991 1937 2052 1992 τὸ

469 2019 646 2072 κοινὸν
687 2021 924 2096 ἁρπάζει
971 2021 1066 2074 καί
1117 2021 1487 2086 ίδιοποιεῖται,
1535 2022 1566 2075 ὃ
1609 2023 1702 2076 καὶ
1744 2024 2050 2092 προφήταις

467 2102 589 2167 ἔθος
620 2103 707 2157 ἀεὶ
727 2103 907 2174 λέγειν
933 2121 947 2135 ο
994 2105 1046 2158 '0
1080 2104 1243 2171 Θεὸς,
1279 2108 1312 2160 ό
1345 2108 1490 2172 Θεός
1515 2123 1652 2175 μου.
1684 2106 1794 2159 Καὶ
1824 2108 1903 2169 είς
1925 2123 2051 2176 προ-

466 2188 672 2260 τροπὴν
695 2190 892 2253 αύτοὺς
925 2189 1110 2258 ἐνάγει
1129 2201 1156 2230 ι
1183 2187 1276 2243 τοῦ
1307 2190 1401 2243 καὶ
1433 2190 1630 2252 αὐτοὺς
1660 2188 1818 2242 τοῦτο
1849 2189 2045 2256 λέγειν.

476 2273 535 2325 '0
579 2271 689 2344 7&9
733 2270 877 2326 οὕτω
921 2271 1116 2341 λέγων,
1151 2272 1259 2326 ἀπὸ
1288 2273 1505 2326 πάντων
1549 2272 1657 2326 τῶν
1694 2272 2050 2346 ἀνθρωπίνων

465 2358 758 2428 ἀναχωρεῖ,
794 2356 888 2410 καὶ
928 2358 1098 2426 χωρεῖ
1127 2355 1262 2426 πρὸς
1289 2356 1518 2416 ἐκεῖνον,
1561 2355 1616 2409 ὃν
1660 2355 1800 2426 μετὰ
1847 2355 2050 2427 πολλῆς

465 2438 623 2492 καλεῖ
649 2439 752 2510 τῆς
781 2439 1098 2502 διαθέσεως.
1123 2438 1294 2492 Τοῦτο
1309 2437 1690 2510 ..γάρδύναται
1715 2438 1892 2508 λέγειν
1915 2456 2050 2511 γνη-

466 2524 597 2588 σίως
633 2526 661 2578 ὁ
707 2523 815 2577 ἀπὸ
844 2523 952 2577 τῶν
998 2521 1266 2593 βιωτικῶν
1312 2522 1618 2577 ἀναϐαίνων
1661 2522 1750 2577 ἀεὶ
1785 2524 1920 2593 πρὸς
1959 2523 2049 2576 τὸν

465 2608 615 2675 Θεὸν,
644 2609 738 2662 καὶ
761 2608 1016 2663 ἁπάντων
1046 2609 1206 2662 αὐτὸν
1235 2607 1512 2678 προτιθεὶς
1540 2609 1792 2675 πάντοτε,
1827 2609 1922 2661 καὶ
1956 2609 2048 2662 εὑ⁴

462 2691 739 2764 χαριστῶν
758 2691 1043 2763 διηνεκῶς,
1067 2692 1167 2762 οὐχ
1190 2692 1330 2762 ὑπὲρ
1356 2691 1455 2762 τῆς
1487 2691 1587 2763 ἤδη
1617 2692 1864 2762 δοθείσης
1895 2693 2050 2763 χάριο

462 2793 578 2841 τος,
607 2775 722 2829 ἀλλ’
746 2775 802 2828 εί
828 2776 959 2830 ποτέ
995 2793 1047 2829 τι
1075 2775 1171 2829 καὶ
1218 2775 1357 2846 μετά
1401 2775 1575 2829 ταῦτα
1599 2775 1806 2844 ἀγαθὸν
1837 2777 2047 2846 γέγονε,

465 2860 560 2913 καὶ
589 2859 731 2930 ὑπὲρ
748 2859 940 2913 τούτου
963 2860 1065 2930 τὴν
1093 2858 1264 2932 αὐτὴν
1290 2859 1551 2932 ἀναφέρει
1578 2861 1856 2932 εὐφημίαν
1879 2861 2046 2932 αύτῷ.

461 2943 564 2996 Διά
586 2942 744 2996 τοῦτο
769 2943 868 3014 οὐχ
897 2943 1084 3006 ἁπλῶς
1109 2938 1282 3008 εἶπεν,
1314 2944 1665 3016 Εὑχαριστῶ,
1694 2945 1852 3008 ἀλλὰ,
1890 2945 2048 2999 [Idri

464 3041 600 3079 τοτε
625 3025 778 3093 ὑπὲρ
811 3024 998 3094 ὑμῶν,
1046 3026 1318 3080 παιδεύων
1349 3027 1547 3090 αὐτοὺς
1591 3027 1684 3082 καὶ
1728 3029 1817 3082 ἀεὶ
1847 3028 2046 3084 ειδέναι

461 3110 641 3182 χάριν,
675 3110 770 3162 καὶ
819 3109 1009 3180 μηδενὶ
1051 3110 1224 3180 ἑτέρῳ
1250 3108 1350 3182 [9],
1392 3110 1508 3164 ἀλλ’
1541 3110 1574 3182 ἢ
1603 3111 1681 3182 τῷ
1708 3110 1830 3182 Θεῷ
1862 3113 2044 3183 μόνον.

475 3193 608 3248 Ἐπὶ
648 3192 723 3261 τῇ
756 3192 953 3262 χάριτι
995 3194 1102 3248 τοῦ
1132 3194 1303 3248 Θεοῦ.
1357 3196 1522 3266 Ὁρᾷς
1560 3195 1678 3260 πῶς
1710 3198 2048 3269 πανταχόθεν

461 3278 658 3341 αὐτοὺς
687 3277 991 3348 διορθοῦται
1018 3294 1032 3343 ;
1075 3277 1245 3331 Ἔνθα
1269 3277 1378 3351 γὰρ
1407 3280 1568 3351 χάρις
1597 3281 1768 3347 ἐστὶν,
1789 3280 1928 3352 ἔργα
1946 3284 2047 3337 οὐκ

460 3358 609 3412 ἔστιν
635 3375 647 3388 ·
681 3359 811 3414 ἔνθα
838 3359 996 3432 ἔργα,
1028 3360 1211 3414 οὐκέτι
1234 3361 1395 3432 χάρις
1429 3362 1600 3416 ἐστίν.
1625 3363 1698 3416 Εἰ
1736 3363 1917 3418 τοίνυν
1943 3366 2044 3436 χά-

464 3459 566 3514 ρις,
591 3443 646 3496 τί
672 3445 815 3513 μέγα
843 3446 1121 3514 φρονεῖτες
1152 3445 1315 3498 πόθεν
1344 3447 1754 3518 πεφυσιωμένοι
1782 3445 1934 3516 ἐστέ;
1967 3450 2046 3520 Τῇ

458 3529 708 3598 δοθείσῃ
752 3529 919 3599 ὑμῖν.
965 3530 1074 3584 Καὶ
1115 3531 1204 3585 διὰ
1237 3530 1382 3594 τίνος
1411 3530 1603 3604 ἐδόθη;
1645 3529 1755 3604 ἆρα
1786 3535 1855 3588 δι’
1885 3535 2043 3606 ἐμοῦ,

457 3619 492 3689 ἢ
530 3619 596 3673 δι’
632 3620 818 3691 ἐτέρου
866 3620 1200 3683 ἀποστόλους
1247 3621 1533 3692 Οὐδαμῶς,
1574 3621 1709 3676 ἀλλά
1738 3623 1825 3676 διὰ
1871 3624 2045 3696 Ἰησοῦ

459 3702 697 3772 Χριστοῦ
721 3719 736 3732 ⁸
765 3703 824 3757 τὸ
862 3702 993 3774 γὰρ,
1032 3704 1138 3756 Ἐν
1163 3703 1396 3772 Χριστῷ
1431 3705 1656 3771 Ἰησοῦ,
1689 3705 1848 3759 τοῦτό
1872 3707 2043 3762 ἐστιν.

464 3788 604 3858 Ὅρα
633 3785 752 3850 πῶς
783 3785 1053 3858 πολλαχοῦ
1079 3787 1142 3841 τὺ
1166 3829 1181 3852 ,
1222 3788 1311 3855 ἐν,
1347 3788 1468 3842 ἀντὶ
1495 3789 1717 3864 τοῦ,ξδι’
1751 3787 1846 3856 οὗ,
1873 3793 2039 3849 ἐστίν.

457 3871 574 3924 Οὐκ
616 3871 724 3942 ἀρα
773 3871 996 3926 ἔλαττον
1049 3873 1208 3926 τοῦτο
1257 3873 1542 3946 τοῦηδιὰ.
1579 3875 1709 3928 Ὀτι
1756 3875 1826 3928 ἐν
1864 3878 2043 3931 παντὶ

456 3955 920 4023 ἐπλουτίσθητε.
969 3955 1138 4010 Πάλιν
1179 3955 1268 4009 διὰ
1307 3956 1489 4021 τίνος;
1540 3958 1629 4012 Ἐν
1667 3958 1838 4030 αὐτῷ,
1890 3961 2041 4032 φησί.

459 4039 570 4090 Καὶ
597 4038 694 4108 οὐχ
723 4038 911 4102 ἁπλῶς
949 4038 1360 4112 ἐπλουτίσθητε,
1381 4040 1520 4094 ἀλλά
1555 4042 1650 4095 καὶ
1704 4044 1808 4097 Ἐν
1839 4045 2040 4100 παντί.

463 4121 631 4174 Ὅταν
655 4116 748 4175 οὖν
776 4122 871 4176 καὶ
910 4121 1139 4187 πλοῦτος
1168 4118 1225 4197 ᾖ,
1267 4124 1363 4177 καὶ
1389 4123 1524 4178 Θεοῦ
1558 4125 1810 4191 πλοῦτος,
1851 4131 1944 4181 καὶ
1986 4131 2044 4183 ἐν

459 4205 643 4270 παντὶ,
676 4206 770 4258 καὶ
791 4205 880 4259 διά
905 4207 998 4260 τοῦ
1036 4207 1397 4277 Μονογενοῦς,
1433 4209 1688 4282 ἐννόησον
1715 4212 1808 4265 τὸν
1838 4215 2044 4283 ἄφατον

449 4289 753 4362 θησαυρόν.
792 4290 895 4344 Ἐν
917 4292 1097 4344 παντὶ
1121 4293 1281 4362 λόγῳ
1301 4294 1400 4346 καὶ
1423 4293 1591 4363 πάσῃ
1617 4294 1853 4366 γνώσει.
1883 4300 2044 4371 Λόγῳ

456 4375 518 4426 ού
551 4374 628 4444 τῷ
654 4371 871 4440 ἔξωθεν,
900 4374 1036 4428 ἀλλά
1072 4375 1152 4447 τῷ
1180 4375 1274 4429 τοῦ
1314 4376 1480 4431 Θεοῦ.
1511 4379 1666 4432 Ἔστι
1705 4379 1816 4452 γάρ
1843 4381 2044 4450 γνῶσις

457 4459 615 4528 λόγου
652 4459 844 4531 χωρὶς,
879 4461 974 4514 καὶ
1016 4459 1132 4514 ἔστι
1155 4461 1358 4530 γνῶσις
1393 4461 1531 4532 μετά
1569 4462 1753 4532 λόγου.
1790 4467 1899 4520 Καὶ
1933 4467 2042 4539 7&9

458 4543 564 4595 εἰσὶ
595 4543 780 4596 πολλοὶ
803 4544 1006 4612 γνῶσιν
1029 4543 1130 4614 μὲν
1155 4543 1388 4614 ἔχοντες,
1419 4545 1577 4614 λόγον
1597 4546 1652 4600 δὲ
1673 4549 1773 4601 οὐκ
1803 4549 2040 4620 ἔχοντες,

455 4620 570 4678 οἷον
599 4628 649 4679 οἱ
675 4626 898 4690 ἰδιῶται,
923 4629 1018 4682 καὶ
1045 4629 1120 4700 μὴ
1157 4629 1445 4699 δυνάμενοι
1480 4634 1828 4701 παραστῆσαι
1856 4635 2041 4704 σαφῶς

457 4710 600 4784 ἅπερ
645 4711 860 4782 ἔχουσιν
893 4715 950 4766 ἐν
978 4713 1207 4785 διανοίᾳ.
1259 4714 1399 4766 Ἀλλ’
1438 4716 1538 4784 ούχ
1587 4717 1747 4785 ὑμεῖς
1785 4713 2037 4784 τοιοῦτοι,

457 4797 646 4868 φησὶν,
689 4797 826 4851 ἀλλά
855 4799 949 4852 καὶ
975 4799 1161 4869 νοῆσαι
1181 4800 1274 4853 καὶ
1309 4800 1485 4852 εἰπεῖν
1511 4800 1704 4855 ἱκανοί.
1740 4803 1940 4868 Καθὼς
1975 4804 2043 4858 τὸ

452 4881 784 4951 μαρτύριον
825 4880 933 4935 τοῦ
980 4881 1238 4950 Χριστοῦ
1282 4882 1599 4950 ἐϐεϐαιώθη
1633 4884 1700 4937 ἐν
1737 4886 1900 4954 ὑμῖν.
1954 4888 2042 4940 Ἐν

457 4965 607 5033 τάξει
647 4966 885 5020 ἐπαίνων
916 4966 1390 5036 καὶ-εὐχαριστίας
1433 4969 1635 5043 σφόδρα
1686 4970 1867 5023 αὐτῶν
1907 4971 2042 5025 καθ-

455 5050 710 5105 άπτεται.
742 5051 817 5104 Ού
849 5049 958 5121 γὰρ
995 5049 1085 5104 διὰ
1110 5050 1212 5120 τῆς
1251 5049 1450 5116 ἔξωθεν
1474 5052 1812 5122 φιλοσοφίας,
1852 5057 2038 5127 φησὶν,

454 5132 576 5186 ούδέ
602 5132 692 5185 διὰ
724 5134 823 5204 τῆς
858 5133 1056 5198 ἔξωθεν
1084 5133 1444 5200 παιδεύσεως,
1476 5136 1610 5190 ἀλλὰ
1637 5137 1730 5192 διὰ
1752 5139 1851 5209 τῆς
1882 5142 2040 5212 χάρι-

455 5232 548 5278 τος
583 5214 678 5269 τοῦ
715 5215 874 5278 Θεοῦ,
911 5217 1004 5270 καὶ
1037 5216 1386 5280 τοῦλπλούτου
1414 5219 1508 5271 καὶ
1535 5221 1634 5290 τῆς
1659 5221 1917 5290 γνώσεως
1945 5226 2040 5279 καὶ

453 5300 551 5352 τοῦ
584 5299 740 5369 λόγου
772 5301 865 5354 τοῦ
902 5301 1033 5372 παρ’
1058 5301 1222 5354 αὐτοῦ
1244 5301 1488 5368 δοθέντος
1514 5305 1812 5378 ἠδυνήθητε
1847 5311 2038 5380 μαθεῖν

455 5383 663 5453 τᾶιτῆς
707 5386 963 5458 ἀληθείας
1016 5386 1260 5457 δόγματα
1321 5390 1410 5440 καὶ
1458 5387 1817 5465 βεϐαιωθῆναι
1858 5397 1937 5460 είς
1978 5397 2039 5450 τὸ

344 5529 352 5534 _
461 5467 765 5538 μαρτύριον
797 5470 890 5523 τοῦ
924 5470 1156 5541 Κυρίου,
1207 5471 1502 5538 τουτέστιν,
1545 5475 1622 5538 είς
1655 5476 1716 5528 τὸ
1753 5478 2036 5550 κήρυγμα.

460 5552 677 5606 Πολλῶν
711 5555 818 5626 γὰρ
870 5554 1215 5608 ἀπελαύσατε
1261 5557 1524 5626 σημείων,
1568 5560 1778 5613 πολλῶν
1823 5564 2038 5634 θαυμαί⁹

459 5655 586 5703 των,
629 5641 835 5709 ἀφάτου
859 5642 1098 5713 χάριτος,
1127 5640 1265 5696 ὥστε
1289 5641 1544 5706 δέξασθαι
1577 5644 1638 5697 τὸ
1667 5647 1948 5718 κήρυγμα.
1977 5650 2037 5702 EE

457 5722 637 5775 τοίνυν
672 5725 1034 5796 ὲϐεϐαιὼθητε
1069 5726 1156 5779 διὰ
1191 5728 1433 5796 σημείων
1467 5729 1562 5782 καὶ
1599 5731 1820 5803 χάριτος
1843 5776 1857 5798 ,
1894 5735 2038 5798 τίνος

457 5809 644 5863 ἕνεκεν
673 5811 1120 5883 παρασαλεύεσθε
1147 5830 1161 5880 ;
1191 5812 1374 5868 Ταῦτα
1403 5814 1458 5868 δὲ
1480 5816 1614 5886 ὁμοῦ
1645 5817 1738 5872 καὶ
1763 5818 2036 5874 καθαπτο-

521 5961 538 5985 ⁸
563 5963 681 6029 Alii,
708 5968 886 6033 ἀνάγει.

2163 597 2345 667 μένου,
2385 599 2480 650 καὶ
2506 597 3128 669 προκαταλαμϐάνοντος
3159 598 3358 662 αὐτούς
3389 601 3510 653 ἐστι
3536 600 3608 654 τὰ
3648 603 3746 673 ρή-

2159 697 2326 752 ματα.
2361 682 2541 735 Ὥστε
2574 681 2734 750 ὑμᾶς
2753 681 2838 750 μὴ
2872 682 3256 750 ὑστερεῖσθαι
3281 683 3353 736 ὲν
3373 682 3592 752 μηδενὶ
3632 703 3744 756 χα-

2148 765 2417 834 ρίσματι.
2433 764 2594 834 Μέγα
2621 764 2857 820 ἐνταῦθα
2875 764 3118 836 ζητεῖται
3135 782 3148 796 ·
3174 767 3224 820 εί
3247 766 3299 818 οῖ
3323 765 3744 831 πλουτισθέντες

2156 848 2214 899 ἐν
2241 847 2402 901 παντὶ
2441 848 2604 919 λόγῳ,
2635 849 2712 913 ὡς
2749 849 2915 920 μηδὲν
2952 848 3298 919 ὑστερεῖσθαι
3325 850 3384 903 ἐν
3417 849 3610 922 μηδενὶ
3643 868 3744 921 χαο

2159 929 2404 1000 ρίσματι,
2441 930 2560 996 πῶς
2593 927 2740 986 οὗτοι
2775 932 3030 1005 σαρκικοί
3058 933 3216 987 εἰσιν.
3244 933 3304 986 El
3328 933 3438 1003 7&9
3466 932 3624 1003 παρά
3645 933 3741 1003 τὴν

2156 1012 2332 1083 ἀρχὴν
2350 1013 2580 1068 τοιοῦτοι
2605 1011 2766 1087 ἦσαν,
2793 1014 2974 1086 πολλῷ
3001 1015 3200 1085 μᾶλλον
3222 1016 3338 1070 νῦν.
3364 1017 3490 1080 Πῶς
3519 1013 3616 1070 οὖν
3639 1017 3742 1068 αύ-

2154 1096 2282 1158 τοὺς
2321 1098 2617 1167 σαρκικοὺς
2644 1097 2835 1165 καλεῖ;
2874 1101 2956 1153 Οὐ
2985 1097 3097 1168 γὰρ
3126 1098 3443 1167 ἠδυνήθην
3465 1099 3612 1170 ὑμῖν
3635 1103 3742 1154 λαμ·

2156 1178 2365 1247 λῆσαι,
2399 1181 2582 1252 φησὶν,
2629 1182 2710 1248 ὠς
2745 1183 3189 1252 πνευματικοῖς,
3219 1185 3358 1238 ἀλλ’
3400 1183 3483 1250 ὠς
3528 1198 3742 1253 σαρκι-

2155 1261 2308 1329 κοῖς.
2342 1263 2406 1315 Τί
2435 1260 2528 1318 οὖν
2568 1263 2717 1318 ἐστιν
2749 1267 2958 1331 είπεῖν;
2983 1267 3107 1320 Ὅτι
3135 1267 3288 1338 παρά
3308 1265 3408 1338 τὴν
3445 1266 3626 1337 ἀρχὴν
3654 1283 3742 1319 m-

2157 1345 2498 1412 στεύσαντες,
2521 1347 2616 1401 καὶ
2657 1348 2925 1402 παντοίων
2947 1350 2976 1390 1³
2997 1351 3346 1420 ἐπιτυχόντες
3377 1350 3742 1420 χαρισμάτων

2157 1427 2275 1499 (καὶ
2301 1431 2409 1500 7&9
2439 1430 2663 1503 ἐζήλουν
2694 1431 3138 1505 αύτά),ῦστερον
3181 1433 3546 1504 ρᾳθυμότεροι
3578 1435 3740 1502 γεγό-

2156 1529 2310 1566 νασιν
2335 1515 2415 1586 ’ἢ
2466 1518 2516 1568 εί
2557 1515 2632 1587 μὴ
2666 1515 2845 1582 τοῦτο,
2896 1517 2979 1572 ὅτι
3029 1519 3091 1571 ού
3136 1518 3275 1589 πρὸς
3312 1517 3565 1581 ἅπαντας
3609 1517 3739 1572 οὔτε

2153 1595 2324 1649 ταῦτα
2349 1597 2473 1650 οὔτε
2515 1600 2700 1653 ἐκεῖνα
2738 1599 2985 1668 λέγεται⁶
3017 1599 3155 1654 ἀλλά
3184 1600 3252 1653 τὰ
3293 1600 3394 1671 μὲν
3415 1667 3418 1671 ν
3441 1601 3740 1672 πρὸςιτοὺς

2155 1678 2492 1745 ὑπευθύνους
2516 1685 2634 1745 ταῖς
2672 1684 3055 1754 κατηγορίαις,
3100 1683 3171 1738 τὰ
3205 1683 3262 1737 δὲ
3305 1683 3442 1755 πρὸς
3472 1685 3603 1748 τοὺς
3643 1701 3740 1738 κο-

2157 1763 2375 1835 μῶντας
2399 1770 2514 1830 τοῖς
2531 1767 2796 1830 ἐπαίνοις.
2822 1769 2945 1822 Ὅτι
2979 1767 3088 1838 7&9
3113 1763 3259 1838 εἶχον
3282 1767 3362 1822 ἔτι
3391 1766 3738 1839 χαρίσματα,

2159 1850 2411 1918 Ψαλμόν
2437 1868 2529 1917 τις
2555 1850 2703 1919 ἔχει,
2733 1851 2916 1921 φησὶν,
2938 1851 3335 1920 ἀποκάλυψιν
3357 1851 3505 1922 ἔχει,
3532 1851 3738 1921 γλῶσ-

2152 1953 2274 1993 σαν
2295 1941 2440 2008 ἔχει,
2470 1940 2796 2009 ἑρμηνείαν
2815 1939 2974 2009 ἐχειέ
3004 1938 3203 1992 πάντα
3229 1939 3381 2008 πρὸς
3407 1937 3742 2006 οῖκοδομὴν

2151 2024 2408 2091 γινέσθω
2433 2039 2445 2053 ·
2471 2023 2584 2087 καὶ,
2613 2022 2920 2092 Προφῆται
2951 2021 3021 2076 δὲ
3057 2022 3166 2076 δύο
3201 2021 3239 2090 ἢ
3266 2021 3423 2088 τρεῖς
3447 2021 3740 2075 λαλείτω-

2150 2120 2291 2160 σαν.
2330 2108 2485 2160 Ἔστι
2520 2107 2576 2160 δὲ
2619 2109 2712 2162 καὶ
2747 2107 2934 2176 ἕτερόν
2965 2124 3018 2160 τι
3056 2108 3252 2171 εἰπεῖν,
3281 2106 3363 2159 ὅτι
3393 2105 3592 2176 ῶσπερ
3616 2104 3740 2168 ἔθος

2149 2192 2282 2261 ἡμῖν
2309 2191 2488 2258 λέγειν
2507 2192 2568 2244 τὸ
2595 2191 2754 2245 πλέον
2776 2192 2942 2253 ἆπαν,
2977 2189 3119 2244 οὕτω
3147 2191 3241 2243 καὶ
3261 2188 3495 2243 ἐνταῦθα
3519 2189 3736 2261 εἴρηκε.

2150 2275 2307 2329 Μετά
2342 2276 2400 2329 δὲ
2426 2277 2634 2329 τούτων
2667 2271 2824 2347 οἶμαι
2852 2276 2948 2330 καὶ
2973 2275 3036 2329 τὸ
3059 2274 3255 2329 ἑαυτοῦ
3295 2274 3459 2329 αὑτὸν
3494 2274 3740 2328 αἰνίττεσ

2153 2359 2296 2423 σθαι,
2327 2360 2409 2414 ὅτι
2452 2362 2546 2415 καὶ
2588 2361 2749 2425 αὐτὸς
2784 2359 2855 2414 τὰ
2889 2363 3092 2432 σημεῖα
3123 2358 3453 2424 ἐπεδείξατο,
3479 2359 3739 2431 καθάπερ

2149 2443 2242 2496 καὶ
2270 2444 2329 2496 ἐν
2362 2446 2425 2516 τῇ
2459 2443 2684 2516 δευτέρα
2716 2443 2852 2514 πρὸς
2890 2444 3087 2507 αὐτοὺς
3113 2442 3397 2514 Ἐπιστολῇ
3431 2443 3583 2510 λέγει
3605 2460 3622 2475 ο
3661 2444 3740 2498 Τὰ

2144 2525 2352 2596 μέντοι
2399 2527 2618 2596 σημεῖα
2666 2528 2772 2582 τοῦ
2826 2527 3179 2582 ἀποστόλου
3221 2525 3621 2595 κατειργάσθη
3668 2527 3739 2579 ἐν

2147 2609 2292 2678 ὑμῖν
2309 2609 2380 2664 ἐν
2403 2610 2570 2679 πάσῃ
2603 2609 2884 2680 ὑπομονῇ
2905 2625 2922 2642 ν
2961 2610 3055 2668 καὶ
3087 2610 3270 2672 πάλιν,
3308 2608 3373 2663 Τί
3409 2608 3523 2678 γάρ
3561 2609 3740 2664 ἐστιν

2149 2692 2181 2746 ὃ
2221 2694 2519 2762 ήττήθητε
2565 2692 2719 2762 ὑπὲρ
2760 2694 2867 2760 τὰς
2905 2694 3124 2759 λοιπὰς
3176 2693 3586 2760 Ἐκκλησίας;
3639 2693 3735 2757 Ἦ,

2151 2777 2266 2849 [10]
2289 2777 2427 2849 ὅπερ
2451 2777 2606 2849 ἔφην,
2636 2778 2733 2832 καὶ
2756 2778 2865 2832 τῶν
2897 2777 3092 2832 ἑαυτοῦ
3126 2777 3556 2848 ἀναμιμνήσκει,
3583 2777 3617 2849 ἦ
3643 2778 3738 2829 καὶ

2148 2859 2286 2932 πρὸς
2313 2862 2439 2925 τοὺς
2466 2860 2546 2915 έτι
2567 2861 2726 2925 ϐντας
2745 2861 3000 2934 δοκίμους
3018 2860 3189 2915 ταῦτα
3213 2860 3385 2930 λέγει.
3414 2856 3600 2914 Ἦσαν
3627 2862 3736 2932 γὰρ

2147 2945 2333 2998 πολλοὶ
2371 2945 2518 3014 ἅγιοι
2555 2947 2755 3011 ἐκεῖσε,
2789 2945 2986 3010 οἵτινες
3029 2945 3126 2999 καὶ
3159 2944 3354 3012 ἔταξαν
3382 2944 3614 3008 ἑαυτοὺς
3653 2946 3736 3008 είς

2145 3026 2420 3082 διακονίαν
2451 3027 2572 3081 ’τῶν
2613 3029 2814 3097 ἀγίων,
2866 3029 2962 3084 καὶ
3023 3029 3248 3100 ἀπαρχὴ
3311 3027 3570 3097 γεγόνασι
3636 3028 3737 3096 τῆς

2160 3113 2402 3183 Ἀχαΐας,
2446 3111 2698 3183 καθάπερ
2731 3112 2868 3184 πρὸς
2892 3111 2972 3182 τῷ
3009 3112 3154 3165 τέλει
3196 3110 3364 3180 δηλοῖ.
3401 3110 3617 3174 Ἀλλως
3654 3110 3733 3175 δὲ,

2147 3195 2253 3252 κᾶν
2287 3196 2362 3267 μὴ
2403 3195 2610 3267 σφόδρα
2651 3195 2754 3266 τῆς
2798 3195 3061 3266 ἀληθείας
3111 3197 3343 3267 ἔχωνται
3391 3196 3440 3250 οἱ
3495 3193 3734 3258 ἔπαινοι,

2146 3278 2261 3332 ἀλλ’
2294 3281 2440 3349 ὅμως
2465 3279 2824 3349 οἰκονομικῶς
2856 3279 3130 3348 ἐγκεινται
3161 3276 3640 3351 προοδοποιοῦντες
3657 3277 3738 3346 τῷ

2146 3361 2308 3434 λόγῳ.
2362 3362 2422 3418 '0
2475 3363 2573 3434 μὲν
2618 3363 2728 3434 7&9
2776 3364 2841 3416 ἐκ
2896 3362 3198 3434 προοιμίων
3248 3361 3448 3423 εὐθέως
3497 3361 3737 3432 φορτικὰ

2147 3445 2537 3518 φθεγγόμενος,
2574 3445 2862 3499 ἀπέκλεισε
2895 3447 3009 3508 τοῖς
3035 3444 3216 3514 λόγοις
3242 3444 3341 3516 τὴν
3375 3445 3550 3514 ἀκοὴν
3580 3443 3738 3514 παρὰ

2145 3534 2259 3596 τοῖς
2305 3530 2739 3602 ἀσθενεστέροις.
2795 3531 2896 3583 "Av
2940 3547 2999 3584 τε
3049 3530 3158 3601 γὰρ
3203 3530 3457 3601 ὁμότιμοι
3497 3523 3635 3583 ὦσιν
3685 3529 3735 3581 οξ

2145 3616 2454 3680 ἀκούοντες,
2481 3613 2791 3687 ὀργίζονται
2817 3631 2830 3658 ε
2854 3613 2920 3667 ἀν
2938 3630 2999 3666 τε
3022 3613 3228 3686 σφόδρα
3257 3613 3534 3677 ἐλάττους,
3558 3612 3737 3681 λυπη-

2146 3701 2425 3772 θήσονται.
2458 3699 2555 3752 'Iv‘
2594 3693 2689 3752 οὖν
2725 3696 2800 3769 μὴ
2841 3698 3000 3752 τοῦτο
3021 3697 3271 3769 γένηται,
3301 3697 3409 3750 ἀπὸ
3438 3695 3735 3768 ἐγκωμίων

2143 3784 2442 3840 δοκούντων
2485 3779 2625 3838 εἶναι
2661 3784 2892 3837 ποιεῖται
2936 3780 3034 3854 τὴν
3079 3783 3275 3853 ἀρχήν.
3311 3781 3444 3836 Οὐδὲ
3481 3779 3593 3850 γὰρ
3643 3781 3738 3848 ἐγ-

2143 3869 2354 3940 κώμιον
2379 3867 2538 3922 τοῦτο
2576 3863 2643 3938 ἦν
2666 3867 2869 3930 αὐτῶν,
2907 3866 3042 3920 ἀλλὰ
3069 3869 3168 3938 τῆς
3191 3865 3286 3920 τοῦ
3315 3863 3450 3920 Θεοῦ
3471 3866 3697 3936 χάριτος
3715 3881 3732 3898 ο

2143 3958 2205 4010 τὸ
2246 3954 2357 4024 7&9
2407 3951 2826 4025 ἁμαρτημάτων
2873 3951 3143 4022 ἀφεθῆναι
3188 3951 3284 4004 καὶ
3346 3947 3733 4019 δικαιωθῆναι,

2141 4041 2302 4095 τοῦτο
2329 4040 2429 4110 τῆς
2475 4037 2682 4092 ἀνωθεν
2706 4032 2784 4108 ,ἦν
2816 4037 3047 4107 δωρεᾶς.
3082 4036 3182 4090 Διά
3203 4052 3288 4089 τοι
3323 4035 3481 4088 τοῦτο
3516 4034 3615 4086 καὶ
3641 4034 3737 4086 ἐν·

2141 4123 2408 4196 διατρίϐει
2434 4121 2666 4186 τούτοις,
2697 4120 2734 4176 ἃ
2755 4119 2852 4174 τοῦ
2892 4120 3029 4174 Θεοῦ
3050 4119 3289 4173 δείκνυσι
3314 4117 3411 4190 τὴν
3432 4116 3738 4189 φιλανθρω-

2145 4208 2296 4272 πίαν,
2342 4207 2428 4260 ἵνα
2477 4205 2754 4266 ἐπιπλεῖον
2805 4203 2985 4259 αὐτῶν
3039 4203 3322 4275 ἐκκαθάρῃ
3377 4201 3438 4256 τὸ
3490 4202 3732 4272 νόσημα.

2157 4287 2695 4358 Ἀπεκδεχομένους
2748 4286 2864 4354 τὴν
2916 4286 3316 4356 ἀποκάλυψιν
3357 4285 3465 4340 τοῦ
3503 4285 3734 4352 Κυρίου

2143 4373 2315 4445 ἡμῶν
2365 4373 2567 4441 Ἰησοῦ
2591 4372 2872 4442 Χριστοῦ.
2908 4371 2974 4424 Τί
3005 4368 3531 4442 θορυϐεῖσθενφησὶ,
3556 4369 3610 4422 τί
3633 4385 3736 4422 τα-

2147 4457 2433 4530 ράσσεσθε,
2484 4459 2566 4512 ὅτι
2607 4458 2669 4511 ού
2722 4456 2957 4528 πάρεστι
3003 4454 3566 4526 Χρ,ιστός;·Πάρεστι
3629 4454 3735 4524 μὲν

2143 4539 2258 4605 οῦν,
2286 4543 2379 4595 καὶ
2407 4543 2441 4612 ἡ
2461 4541 2658 4613 ¹ἡμέρα
2681 4539 2867 4595 λοιπὸν
2887 4541 2998 4593 -ιπι
3024 4539 3236 4610 θύραις.
3269 4538 3380 4592 Καὶ
3405 4536 3596 4590 σκόπει
3630 4536 3735 4608 τὴν

2147 4624 2358 4696 σοφίαν,
2389 4623 2506 4688 πῶς
2523 4624 2718 4688 αὐτοὺς
2747 4622 3052 4693 ἀπαγαγὼν
3072 4621 3183 4676 τῶν
3201 4621 3578 4693 ἀνθρωπίνων,
3600 4620 3735 4688 £96-

2142 4709 2311 4781 ϐησεν
2331 4709 2651 4779 ἀναμνήσας
2682 4707 2776 4761 τοῦ
2808 4707 3051 4778 βήματος
3082 4705 3179 4760 τοῦ
3219 4703 3474 4776 φοϐεροῦ,
3507 4705 3602 4758 καὶ
3627 4704 3735 4757 δεί-

2141 4795 2261 4862 ξας,
2295 4794 2378 4847 ὅτι
2414 4794 2474 4846 οὑ
2505 4792 2808 4865 προοιμίων
2835 4792 2916 4845 δεῖ
2948 4792 3114 4862 μόνον
3147 4790 3423 4863 χρηστῶν,
3459 4790 3594 4843 ἀλλὰ
3634 4791 3732 4844 καὶ

2141 4878 2349 4941 τέλους.
2391 4879 2483 4930 Δεῖ
2511 4877 2618 4948 7&9
2653 4875 2790 4947 μετά
2820 4876 2931 4929 τῶν
2963 4875 3322 4947 χαρισμάτων
3351 4872 3578 4939 τούτων,
3631 4875 3731 4927 καὶ

2141 4964 2240 5033 τῆς
2267 4962 2432 5032 ἄλλης
2475 4960 2698 5032 ἀρετῆς,
2741 4961 2841 5031 τὴν
2865 4960 3083 5032 ἡμέραν
3114 4959 3429 5030 ἀναμνῆσαι
3456 4958 3679 5029 ἐκείνην
3711 4972 3724 4985 ·

2144 5047 2239 5101 καὶ
2293 5044 2508 5106 πολλῶν
2545 5045 2706 5116 χρεία
2738 5044 2937 5110 πόνων,
2974 5042 3116 5097 ὥστε
3163 5042 3459 5115 δυνηθῆναι
3495 5041 3634 5113 πρὸς
3667 5042 3729 5096 τὸ

2129 5129 2293 5191 ’τέλος
2325 5127 2520 5180 ἐλθεῖν.

2126 5246 2133 5253 -
2213 5213 2278 5284 β’.
2333 5211 2697 5283 Ἀποκάλυψιν
2728 5212 2785 5266 δὲ
2829 5212 2997 5281 λέγει,
3031 5212 3246 5274 δεικνὺς
3278 5211 3369 5266 ιὸτι
3413 5207 3460 5262 εί
3511 5208 3605 5263 καὶ¹
3650 5209 3758 5293 μὴ.

2127 5300 2356 5371 δρᾶται,
2377 5297 2492 5352 ἀλλ’
2517 5296 2654 5359 ἐστι,
2676 5298 2770 5352 καὶ
2787 5297 3020 5368 πάρεστι
3040 5296 3132 5350 καὶ
3153 5295 3270 5360 νῦν,
3288 5295 3383 5349 καὶ
3405 5297 3525 5347 τότε
3547 5295 3726 5364 φανή-

2145 5401 2317 5437 σεται.
2361 5382 2671 5454 Ὑπομονῆς
2699 5378 2792 5435 οὖν
2826 5381 3018 5452 χρεία·
3050 5381 3140 5434 διὰ
3168 5380 3324 5434 τοῦτο
3359 5380 3466 5450 γάρ
3497 5376 3727 5432 ἐλάϐετε

2120 5469 2209 5522 ’τά
2237 5467 2511 5538 θαύματα,
2536 5468 2621 5521 ἵνα
2649 5466 2866 5538 μείνητε
2897 5465 3122 5536 βέϐαιοι.
3160 5467 3262 5532 Ὃς
3284 5463 3381 5518 καί
3402 5462 3725 5528 ,ϐεϐαιώσει

2140 5551 2295 5621 ὑμᾶς
2343 5551 2452 5618 ἕως
2511 5549 2724 5614 τέλους
2776 5548 3217 5618 ἀνεγκλήτους.
3263 5546 3526 5601 Ἐνταῦθα
3575 5547 3728 5601 δοκεῖ

2146 5636 2244 5704 μὲν
2272 5635 2470 5697 αὐτοὺς
2501 5632 2849 5704 θεραπεύειν,
2898 5631 3081 5701 πάσης
3117 5631 3173 5684 δὲ
3210 5629 3502 5692 κολακείας
3539 5631 3722 5696 ἀπήλ-

2139 5720 2333 5773 λακται
2355 5719 2416 5772 τὸ
2439 5718 2754 5788 λεγόμενον.
2795 5715 2915 5770 Καὶ⁴
2932 5715 3042 5787 7&9
3062 5711 3200 5770 οἶδεν
3229 5715 3410 5770 αὐτῶν
3437 5716 3720 5770 καθάπτε-

2142 5804 2284 5869 σθαι,
2315 5803 2390 5867 ὡς
2411 5803 2536 5857 ὅταν
2569 5801 2703 5875 λέγῃ
2722 5817 2734 5831 ·
2776 5801 2875 5868 Ὠς
2897 5800 2984 5872 μὴ
3002 5798 3328 5870 ἐρχομένου
3351 5799 3420 5852 δέ
3435 5818 3548 5870 μου
3568 5800 3724 5870 πρὸς

2203 5976 2231 6017 δ
2260 5976 2542 6041 Legebatur
2568 5977 2773 6041 πάντων,
2821 5981 2874 6026 ει
2925 5987 3058 6039 mox,
3084 5973 3162 6022 καὶ
3197 5971 3285 6038 γὰρ
3308 5971 3578 6033 ἐζηλοῦντο.
