3864 6216
149 268 204 321 17
1241 257 1308 314 IN
1344 255 1561 314 EPIST.
1602 255 1645 311 1.
1686 272 1701 311 Α

1816 253 1970 312 COR.
2014 256 2240 314 llOMlL.
2286 257 2350 313 ll.
2633 276 2637 289 ί
3322 266 3389 324 18

1524 412 1872 477 HOMILIA
1913 416 1995 477 ΙΙ.

144 356 3219 386 Mm

135 583 254 639 Car.
286 580 335 636 1.
370 592 426 632 v.
456 577 510 631 4.
541 573 746 630 Gratias
766 587 862 642 ago
888 573 999 625 Deo
1025 583 1134 623 meo
1162 582 1361 637 semper
1395 580 1489 635 pro
1514 562 1654 617 uobis
1679 597 1697 627 ,

198 672 260 727 de
282 670 443 744 gratia
480 667 595 730 Dei,
623 680 738 735 qua:
781 664 909 719 data
940 670 1011 716 est
1046 660 1183 715 vobis
1212 660 1265 713 in
1306 656 1508 713 Christo
1532 653 1659 709 Jesu
1680 669 1701 707 :

108 826 109 829 η
200 768 252 823 5.
281 764 399 834 quia
426 764 477 815 in
498 760 633 815 omni
665 758 841 812 divites
866 755 991 829 facti
1021 753 1138 809 estis
1158 753 1208 805 in
1229 751 1339 804 illo.

200 859 252 913 1.
292 854 480 909 Gratia:
512 850 621 905 Deo
663 842 1157 920 agenda—Quod
1186 843 1320 897 alios
1355 840 1600 894 hortatur
1644 846 1700 892 ut

136 952 320 1008 faciant
338 962 458 1003 cum
486 944 618 999 dicit
643 961 656 996 :
684 941 750 995 In
777 941 1060 1012 gratiarum
1088 937 1284 990 actione
1325 934 1586 1000 petitiones
1612 947 1698 984 ve-

135 1056 245 1097 stra:
270 1042 578 1093 innotescunt
601 1034 738 1104 apud
758 1031 963 1093 Deum;
995 1029 1097 1083 hoc
1124 1028 1296 1097 ipsum
1329 1026 1417 1078 ille
1448 1022 1696 1086 faciebat,

135 1137 320 1192 docens
347 1145 443 1185 nos
464 1128 532 1182 ab
561 1124 865 1196 bujusmodi
897 1136 1113 1191 semper
1142 1118 1319 1173 verbis
1348 1116 1586 1185 incipere
1604 1154 1620 1178 ,
1645 1123 1700 1168 et

135 1237 247 1282 ante
280 1223 457 1278 omnia
493 1220 603 1274 Deo
631 1217 831 1289 gratias
858 1229 1037 1285 agere.
1068 1211 1214 1267 Nihil
1246 1210 1387 1264 enim
1419 1217 1525 1263 tam
1555 1216 1701 1261 amat

137 1321 287 1383 Deus,
314 1330 472 1386 quam
511 1321 569 1368 ut
596 1319 746 1381 grato
788 1308 971 1363 animo
1000 1306 1201 1371 simus,
1233 1313 1287 1358 et
1322 1317 1419 1372 pro
1458 1300 1612 1355 nobis
1642 1309 1703 1354 et

135 1427 223 1483 pro
249 1410 384 1464 aliis.
413 1406 643 1476 Ideoque
675 1405 727 1457 in
755 1400 900 1457 omni
943 1399 1059 1453 fere
1079 1396 1305 1467 epistola
1332 1394 1434 1459 hoc
1461 1392 1698 1464 praemit-

137 1504 219 1570 tit;
240 1501 323 1556 hic
342 1514 467 1555 vero
488 1497 657 1568 magis
676 1492 982 1570 necessario
1004 1490 1106 1545 hoc
1129 1487 1273 1551 facit,
1298 1501 1454 1556 quam
1482 1485 1533 1538 in
1555 1483 1695 1539 aliis.

135 1598 253 1653 Nam
278 1595 362 1665 qui
399 1591 599 1663 gratias
623 1590 752 1664 agit,
784 1597 840 1642 ut
864 1584 1123 1642 beneﬁcio
1152 1582 1376 1637 allectus
1399 1579 1447 1634 id
1476 1579 1616 1649 agit,
1644 1585 1699 1632 et

136 1688 341 1760 gratiam
366 1685 536 1756 gratia
562 1680 829 1750 rependit.
859 1677 1039 1733 Gratia
1066 1689 1193 1729 vero
1220 1688 1318 1729 nec
1337 1672 1570 1727 debitum
1598 1684 1697 1725 nec

136 1796 327 1838 merces
354 1774 759 1833 uec-retributio
783 1780 883 1826 est.
913 1768 1065 1837 Quod
1099 1767 1293 1837 ubique
1309 1764 1488 1819 dicere
1508 1776 1697 1816 neces.

136 1890 188 1931 se
213 1880 350 1938 erat,
389 1869 623 1927 maxime
652 1878 780 1920 vero
806 1860 1100 1918 Corinthiis
1122 1899 1138 1924 ,
1186 1857 1276 1928 qui
1319 1855 1591 1913 inhiabant
1627 1851 1697 1907 ad

137 1981 238 2027 eos,
267 1961 351 2033 qui
378 1958 695 2016 scindebant
735 1953 1053 2009 Ecclesiam.
1088 1948 1193 2004 Deo
1221 1962 1350 2003 meo.
1385 1947 1465 2000 Ex
1496 1943 1693 2014 ingenti

136 2059 308 2115 aﬁ‘ectu
335 2054 474 2125 quod
509 2064 794 2108 commune
818 2055 937 2103 erat
974 2046 1150 2114 rapit,
1183 2052 1238 2098 et
1282 2042 1384 2098 sibi
1423 2040 1694 2110 prOprium

137 2153 281 2217 facit;
307 2147 446 2220 quod
472 2147 633 2213 etiam
665 2142 939 2214 propheta:
969 2153 1183 2207 semper
1210 2136 1387 2190 dicere
1411 2133 1692 2187 solebant:

137 2244 281 2310 Deus,
310 2241 440 2295 Deus
462 2255 622 2293 meus.
656 2236 1016 2302 llortaturque
1046 2231 1166 2285 illos
1189 2237 1245 2281 ut
1272 2226 1373 2280 hoc
1414 2225 1584 2295 ipsum
1611 2222 1696 2277 di-

136 2346 262 2393 cant.
283 2334 410 2390 Nam
438 2331 530 2403 qui
558 2330 629 2386 ita
657 2327 892 2397 loquitur
912 2365 927 2390 ,
958 2324 1026 2378 ab
1051 2321 1295 2375 humanis
1326 2317 1577 2391 omnibus
1606 2331 1715 2370 re-~

136 2428 292 2494 cedit,
330 2434 382 2480 et
419 2423 489 2478 ad
531 2422 680 2477 illum
712 2418 913 2483 tendit,
947 2430 1105 2486 quem
1132 2428 1251 2481 cum
1297 2410 1490 2464 all'ectu
1531 2407 1697 2461 multo

137 2530 293 2577 vorat.
327 2519 435 2574 lloc
460 2517 606 2572 enim
635 2513 849 2585 proprie
876 2520 930 2566 ct
954 2508 1282 2567 veredicere
1311 2514 1485 2573 potest
1514 2504 1578 2566 is,
1605 2501 1697 2571 qui

138 2630 161 2668 a
182 2609 523 2668 smeularibus
551 2606 714 2663 rebus
750 2603 818 2659 ad
854 2603 1023 2657 Deum
1054 2613 1269 2669 semper
1313 2593 1554 2651 ascendit
1584 2634 1599 2659 ,
1644 2601 1701 2648 et

143 2707 319 2776 ubique
354 2703 504 2757 illum
561 2697 809 2754 omnibus
848 2692 1145 2765 praeponit,
1190 2689 1396 2758 ipsique
1440 2694 1721 2755 perpetuo,

139 2798 315 2869 gratias
339 2795 465 2866 agit,
495 2808 606 2848 non
644 2790 818 2845 solum
854 2786 923 2842 de
954 2784 1122 2857 gratia
1162 2782 1273 2851 jam
1323 2781 1483 2845 data;
1520 2776 1613 2833 sed
1652 2776 1699 2869 si

121 2889 245 2960 quid
268 2895 443 2959 postea
465 2884 597 2940 boni
627 2882 819 2936 factum
847 2878 938 2938 sit,
964 2890 1059 2947 pro
1082 2889 1148 2931 eo
1169 2875 1328 2929 etiam
1357 2870 1569 2925 laudem
1598 2868 1698 2938 ipsi

142 2982 301 3037 refert.
330 2978 453 3033 Ideo
482 2991 596 3031 non
622 2974 795 3030 Solum
822 2970 974 3034 dixit,
1007 2967 1219 3022 Gratias
1244 2979 1364 3034 ago,
1395 2962 1489 3018 sed
1512 2962 1696 3027 etiam,

144 3076 327 3144 Semper
348 3086 439 3141 pro
466 3068 631 3131 vobis,
663 3079 761 3120 nos
793 3061 1077 3117 instituens
1100 3100 1116 3124 ,
1145 3069 1205 3113 ut
1234 3057 1309 3111 illi
1337 3069 1550 3124 semper
1577 3066 1699 3123 gra-

142 3170 227 3224 tias
251 3167 540 3222 habeamus
564 3204 580 3229 ,
611 3158 919 3227 ueminiquc
963 3154 1118 3209 alteri
1143 3194 1159 3215 ,
1192 3151 1285 3206 sed
1336 3150 1442 3204 Deo
1469 3154 1693 3201 tantum.

142 3263 208 3317 De
230 3261 380 3331 gratia
407 3257 528 3312 Dei.
557 3251 745 3310 Viden’
774 3247 1044 3321 quomodo
1072 3245 1192 3299 illos
1216 3243 1415 3312 ubique
1445 3237 1710 3308 corrigat?

144 3352 230 3408 Ubi
254 3351 385 3407 enim
406 3358 489 3403 est
508 3344 706 3415 gratia,
736 3357 842 3396 non
871 3348 996 3394 sunt
1022 3351 1182 3407 opera
1210 3352 1223 3388 :
1249 3333 1337 3387 ubi
1368 3339 1490 3386 sunt
1510 3343 1695 3398 opera,

145 3460 233 3498 non
254 3453 328 3498 est
352 3439 583 3511 amplius
614 3434 807 3508 gratia.
837 3431 895 3487 Si
924 3444 1055 3499 ergo
1082 3426 1253 3497 gratia
1279 3466 1294 3489 ,
1335 3437 1504 3493 quare
1531 3421 1697 3474 altum

142 3533 343 3606 sapitis?
369 3547 463 3587 cur
498 3528 671 3584 inﬂati
698 3525 828 3580 estis
854 3524 877 3578 ?
911 3522 1040 3589 Qut:
1065 3520 1185 3572 data
1222 3526 1296 3572 est
1332 3515 1489 3569 vobis.
1514 3513 1581 3606 lit
1607 3526 1700 3606 per

142 3602 277 3697 quem
299 3625 413 3678 data
439 3621 568 3678 est?
594 3634 663 3673 an
691 3632 787 3688 per
808 3630 914 3679 me,
946 3628 1011 3665 an
1043 3627 1136 3680 per
1162 3610 1324 3664 alium
1356 3602 1699 3675 apostolum?

142 3719 453 3788 Nequaquam
476 3756 495 3780 ,
524 3712 627 3769 sed
656 3725 749 3781 per
774 3708 960 3765 Iesum
992 3705 1265 3760 Christum
1302 3720 1313 3753 :
1348 3698 1653 3754 illudenim
1678 3738 1695 3761 ,

142 3809 199 3864 In
221 3809 402 3865 Christo
426 3805 555 3861 Jesu
580 3846 596 3868 ,
627 3804 727 3856 hoc
754 3799 1038 3871 signiﬁcat.
1089 3796 1221 3849 Vide
1258 3792 1528 3864 quomodo
1556 3804 1700 3859 saepe

143 3900 275 3962 illud,
300 3900 368 3962 in,
400 3913 493 3968 pro
525 3896 639 3959 illo,
668 3910 757 3964 per
780 3907 949 3962 quem,
982 3896 1231 3959 ponatur.
1257 3886 1373 3941 Non
1406 3884 1583 3939 minus
1608 3898 1697 3939 er-

143 4005 199 4059 go
224 3998 297 4044 est
329 4004 480 4058 quam
524 4003 636 4057 per.
696 3983 845 4053 Quod
891 3982 945 4035 in
991 3980 1128 4035 omni
1172 3978 1348 4032 diuites
1395 3975 1519 4045 facti
1560 3976 1695 4030 estis.
1730 4018 1731 4021 η

144 4084 323 4138 Rursus
349 4098 440 4151 per
459 4081 667 4151 quem?
696 4080 750 4134 In
781 4076 921 4148 ipso,
950 4074 1122 4144 inquit
1149 4090 1163 4127 :
1194 4086 1292 4127 nec
1320 4069 1482 4126 modo
1509 4068 1700 4123 divites

145 4174 248 4230 lacti
274 4174 417 4240 estis,
445 4174 541 4230 sed
564 4173 728 4227 etiam
766 4173 822 4226 in
846 4168 1003 4223 omni.
1032 4165 1167 4221 Cum
1194 4178 1321 4234 ergo
1338 4162 1534 4218 divitim
1553 4169 1697 4227 sunt,

146 4275 192 4323 ct
214 4267 299 4323 Dei
325 4266 541 4329 divitiae,
572 4274 629 4319 et
656 4264 709 4317 in
734 4262 902 4329 omni,
935 4268 989 4314 et
1016 4274 1110 4329 per
1138 4256 1503 4326 Unigenitum,
1527 4255 1700 4323 cogita

144 4357 283 4429 quam
321 4357 607 4414 ineﬁ'abilis
639 4356 709 4411 sit
751 4354 1049 4409 thesaurus.
1077 4349 1148 4405 In
1185 4350 1322 4402 omni
1364 4348 1511 4401 uerbo
1559 4357 1606 4400 et
1648 4348 1704 4402 in

148 4450 264 4503 ouuti
287 4449 505 4505 scientia.
532 4446 738 4512 Verbo,
767 4460 875 4499 non
901 4452 1147 4505 externo,
1176 4439 1273 4496 sed
1297 4439 1410 4494 Dei.
1441 4438 1541 4493 Est
1559 4438 1701 4493 enim

149 4542 342 4597 scientia
364 4540 485 4597 sine
506 4539 678 4596 verbo
698 4578 714 4602 ,
745 4547 799 4593 et
825 4544 909 4592 est
939 4534 1163 4591 scientia
1190 4548 1313 4588 cum
1345 4531 1527 4586 verbo.
1568 4529 1708 4586 Sunt

156 4647 353 4702 samque
370 4630 589 4703 plurimi
612 4630 706 4701 qui
733 4628 1012 4685 scientiam
1042 4627 1209 4692 nacti,
1232 4623 1452 4680 verbum
1479 4637 1585 4678 non
1608 4622 1704 4677 ha-

149 4734 275 4788 nent.
296 4734 352 4779 ut
376 4723 579 4789 idiotm,
602 4730 659 4777 et
686 4721 774 4790 qui
804 4735 908 4775 non
936 4725 1160 4790 possunt
1184 4732 1270 4780 ea,
1298 4731 1417 4786 qua
1446 4714 1499 4770 in
1526 4724 1708 4770 mente

152 4815 342 4883 habent,
362 4804 508 4871 clare
527 4808 853 4884 exprimere.
882 4812 953 4866 At
990 4826 1098 4866 non
1134 4824 1231 4865 vos
1258 4809 1393 4864 tales
1416 4808 1580 4874 estis,
1622 4807 1707 4862 in-

152 4908 265 4977 quit,
293 4905 381 4962 sed
410 4915 461 4962 et
491 4903 759 4976 cogitandi
782 4913 836 4959 et
856 4901 1108 4973 loquendi
1139 4900 1445 4955 facultatem
1474 4898 1703 4955 habetis.

151 4996 195 5048 6.
220 4996 353 5051 Sicut
384 4996 729 5050 testimonium
759 4993 949 5048 Christi
988 4992 1343 5061 con/innatum
1381 4998 1452 5044 est
1476 4990 1528 5043 in
1547 4991 1702 5045 vobis.

156 5085 201 5139 In
226 5087 425 5142 laudum
456 5096 512 5143 et
539 5087 834 5157 gratiarum
864 5084 1093 5140 actionis
1120 5082 1311 5138 ordine
1335 5092 1392 5139 et
1415 5082 1577 5137 modo
1596 5083 1710 5137 val-

156 5177 211 5233 dc
232 5179 339 5235 illos
359 5180 545 5250 tangit.
567 5178 687 5233 Non
713 5178 857 5234 enim
884 5192 980 5248 per
999 5185 1273 5231 externam
1297 5174 1707 5245 philosophiam,

108 5275 115 5283 '
157 5270 334 5340 inquit,
370 5286 547 5342 neque
588 5286 683 5341 per
706 5280 986 5326 externam
1025 5267 1419 5333 eruditionem,
1471 5267 1567 5323 sed
1616 5283 1743 5338 per.

158 5364 351 5431 gratiam
381 5365 474 5420 Dei
500 5373 557 5419 et
599 5363 809 5418 divitias
850 5371 906 5418 et
952 5362 1236 5417 scientiam
1281 5369 1337 5415 et
1382 5361 1603 5416 verbum
1643 5360 1712 5415 ab

160 5455 258 5522 ipso
272 5456 442 5511 datum
468 5455 721 5528 potuistis
742 5455 981 5511 veritatis
1006 5454 1255 5526 dogmata
1274 5452 1485 5510 discere
1505 5462 1560 5508 et
1580 5468 1713 5508 con-

164 5549 335 5604 ﬁrmari
364 5550 417 5605 in
455 5550 827 5606 testimonium
858 5548 1068 5605 Domini
1094 5587 1109 5613 ,
1138 5547 1193 5602 id
1227 5553 1333 5613 est,
1368 5546 1423 5600 in
1457 5545 1714 5616 pradica-

165 5640 360 5698 tionem.
387 5643 549 5698 Multa
580 5644 723 5699 enim
752 5643 1015 5699 habuistis
1043 5643 1213 5713 signa,
1244 5640 1410 5696 multa
1436 5640 1707 5706 miracula,

166 5730 455 5794 ineﬁahilem
480 5736 709 5810 gratiam
734 5776 751 5807 ,
778 5740 851 5794 ita
879 5744 936 5794 ut
962 5734 1397 5809 praedicationem
1437 5733 1711 5806 acceperi-

3224 371 3376 381 Μ

1811 568 1880 621 tis
1931 566 1987 623 Si
2011 585 2140 641 ergo
2159 573 2461 630 conﬁrmati
2489 576 2619 631 estis
2648 591 2745 647 per
2772 578 2923 648 signa
2948 587 3003 635 et
3025 581 3271 650 gratiam,
3292 590 3390 636 cur

1808 662 2110 719 vacillans?
2138 664 2454 736 Haec'porro
2497 669 2656 724 simul
2702 680 2826 724 sunt
2869 679 2926 726 et
2968 672 3291 741 increpantis
3335 682 3393 727 et

1811 756 2182 821 prmvenicntis
2206 758 2367 813 dicta.
2402 761 2452 814 7.
2498 759 2581 814 Ita
2618 772 2673 815 ut
2709 763 2837 817 nihil
2864 764 3002 818 vobis
3028 765 3154 818 desit
3181 766 3234 818 in
3274 766 3387 819 ulla

1807 846 1990 913 gratia.
2023 846 2265 917 Magnum
2282 850 2559 921 quidpiam
2586 853 2672 908 hic
2696 856 2951 923 qumritur
2976 872 2988 908 :
3017 856 3060 909 si
3086 857 3173 926 qui
3198 857 3391 911 divites

1808 948 1932 991 sunt
1960 939 2010 992 in
2033 941 2178 994 onmi
2201 942 2385 1008 verbo,
2416 943 2487 998 ita
2518 954 2572 998 ut
2598 945 2725 1000 nihil
2759 947 2898 1001 desit
2926 948 3033 1001 illis
3061 950 3111 1003 in
3136 950 3240 1003 ulla
3263 964 3388 1019 gra-

1808 1028 1901 1093 tia,
1929 1029 1979 1083 hi
2007 1033 2249 1087 carnales
2275 1043 2419 1089 sunt.
2460 1036 2590 1091 Nam
2630 1037 2835 1093 sitales
2862 1038 3076 1094 fuerunt
3106 1041 3158 1094 in
3189 1043 3391 1110 princi-

1807 1121 1919 1190 pio,
1948 1123 2116 1177 multo
2145 1126 2311 1196 magis
2355 1130 2516 1184 nunc.
2546 1128 2828 1195 Quomodo
2851 1147 2979 1202 ergo
3006 1132 3123 1188 illos
3145 1136 3389 1190 carnales

1806 1214 1997 1267 vocat?
2027 1212 2148 1269 Non
2174 1218 2304 1270 enim
2332 1221 2472 1289 potui
2490 1221 2627 1275 vobis
2658 1222 2813 1292 loqui,
2847 1224 3035 1294 inquit,
3068 1237 3121 1279 ut
3147 1227 3389 1296 spiritua-

1806 1304 1971 1371 libus,
2025 1308 2114 1361 sed
2160 1319 2212 1362 ut
2254 1313 2542 1366 carnalibus
2570 1313 2659 1383 (1.
2691 1314 2808 1369 Cor.
2835 1318 2886 1370 5.
2940 1318 3028 1387 1).
3074 1318 3211 1385 Quid
3257 1333 3388 1389 ergo

1806 1396 2088 1453 dicendum
2105 1404 2228 1455 est?
2255 1403 2408 1470 Quod
2437 1420 2557 1460 cum
2598 1407 2664 1462 ab
2709 1409 2858 1462 initio
2896 1409 3247 1466 credidissent
3272 1455 3285 1477 ,
3334 1422 3389 1466 et

1805 1487 2125 1546 charismata
2178 1496 2353 1549 omnia
2392 1499 2703 1568 consequuti
2751 1510 2970 1567 essent;
3000 1502 3277 1558 namzclo
3308 1504 3388 1556 in-

1805 1581 1950 1635 censi
1997 1592 2166 1648 erant,
2202 1587 2611 1655 negligentiores
2655 1600 2840 1660 postea
2872 1594 3157 1648 evaserint.
3190 1595 3295 1648 Aut
3341 1597 3387 1649 si

1806 1670 1909 1727 hoc
1937 1675 2141 1729 nonita
2184 1690 2243 1732 se
2272 1677 2467 1734 habeat
2492 1721 2506 1745 ,
2536 1681 2679 1751 quod
2724 1697 2828 1737 non
2860 1684 3108 1739 omnibus
3158 1686 3270 1740 hanc
3304 1687 3387 1742 vel

1804 1767 1893 1820 illa
1921 1766 2187 1836 dicantur,
2219 1770 2312 1825 sed
2342 1772 2443 1826 alia
2474 1772 2539 1826 iis
2567 1774 2656 1844 qui
2701 1774 2752 1827 in
2781 1777 2935 1845 culpa
2961 1788 3151 1844 erant,
3191 1778 3291 1831 alia
3324 1779 3387 1833 iis

1804 1857 1895 1926 qui
1925 1857 2169 1913 laudibus
2198 1861 2434 1931 insignes
2457 1872 2630 1918 erant.
2662 1864 2793 1919 Nam
2824 1866 2964 1935 quod
2993 1867 3166 1923 adhuc
3194 1868 3390 1923 charis-

1786 1957 1947 2015 mata
1978 1947 2237 2005 haberent
2264 1951 2532 2006 Psalmum
2564 1956 2711 2008 habet
2737 1957 2938 2026 aliquis,
2971 1958 3162 2028 inquit,
3191 1960 3385 2013 revela-

1806 2038 1989 2093 tiouem
2011 2040 2156 2094 habet
2178 2083 2192 2105 ,
2239 2042 2467 2113 linguam
2494 2046 2672 2114 habet,
2705 2046 3165 2116 interpretationem
3194 2051 3337 2104 habet
3368 2068 3387 2105 :

1804 2133 1975 2186 omnia
1994 2133 2062 2185 ad
2086 2135 2470 2203 cedi/irationem
2497 2138 2624 2206 fiant
2646 2156 2665 2204 ;
2691 2148 2764 2201 et,
2792 2138 3066 2209 Prdphetce
3092 2150 3259 2195 autem
3285 2143 3388 2196 duo

1803 2224 1883 2278 vel
1932 2234 2034 2279 tres
2075 2228 2345 2297 loquantur
2375 2227 2535 2299 (Ibid.
2568 2231 2655 2285 14.
2706 2230 2797 2286 26.
2854 2231 2969 2303 29).
3018 2233 3176 2287 Aliud
3227 2235 3386 2304 quid-

1804 2316 1945 2384 piam
1974 2316 2077 2371 dici
2106 2329 2315 2387 potest:
2345 2330 2403 2376 ut
2429 2323 2595 2378 moris
2620 2332 2703 2379 est
2732 2325 2873 2394 apud
2900 2341 2999 2380 nos
3024 2326 3073 2381 id
3095 2328 3236 2397 quod
3265 2329 3385 2398 plus

1805 2416 1889 2460 est
1912 2446 1928 2471 ,
1965 2416 2132 2464 totum
2164 2410 2343 2466 dicere
2368 2453 2383 2477 ,
2416 2413 2487 2466 ita
2520 2414 2681 2468 etiam
2727 2415 2814 2470 hic
2843 2416 2930 2471 ille
2954 2416 3113 2472 dixit.
3155 2418 3235 2473 Ad
3274 2419 3391 2487 btet;

1807 2508 1983 2552 autem
2017 2509 2145 2569 puto
2189 2501 2338 2556 illum
2369 2504 2531 2559 etiam
2559 2522 2679 2576 qum
2706 2523 2801 2562 sua
2822 2517 2958 2563 sunt
3004 2510 3345 2567 subindicare
3368 2554 3385 2579 ,

1807 2600 1863 2643 ut
1890 2599 1945 2645 et
1993 2592 2043 2646 in
2088 2595 2321 2649 secunda
2373 2597 2440 2650 ad
2484 2599 2979 2669 eosdem‘Epistola
3026 2602 3194 2658 dicit:
3227 2604 3391 2675 Signa

1808 2684 2010 2752 quidem
2052 2687 2272 2754 apostoli
2302 2691 2438 2757 facta
2463 2698 2579 2742 sunt
2607 2688 2660 2744 in
2686 2692 2823 2746 vehis
2862 2692 2915 2746 in
2945 2694 3082 2747 omni
3104 2695 3345 2763 patientia
3368 2713 3389 2760 ;

1806 2785 1860 2829 et
1881 2791 2090 2831 rursum
2121 2794 2134 2830 :
2166 2778 2303 2845 Quid
2331 2781 2464 2834 enim
2490 2792 2582 2843 est,
2614 2782 2750 2852 quod
2774 2784 2939 2837 minus
2966 2784 3208 2840 habuistis
3236 2803 3388 2855 quam

1805 2878 2001 2923 creterra
2029 2870 2274 2925 Ecclesia:
2300 2872 2373 2944 (2.
2405 2872 2522 2929 Cor.
2559 2875 2646 2929 l2.
2674 2876 2762 2931 l2.
2796 2887 2841 2930 et
2871 2875 2989 2948 l5)?
3016 2877 3110 2933 Vel
3136 2919 3151 2945 ,
3181 2887 3239 2932 ut
3276 2879 3387 2948 jam

1804 2961 1943 3023 dixi.
1967 2977 2085 3031 qua:
2110 2964 2177 3017 ab
2203 2979 2263 3018 se
2295 2965 2426 3019 tacta
2452 2975 2578 3020 sunt
2598 2978 3018 3033 commemorat;
3048 2970 3127 3025 vel
3162 2969 3273 3024 haec
3299 2970 3385 3037 iis,

1805 3053 1896 3122 qui
1916 3053 2093 3107 adhuc
2116 3054 2320 3123 probati
2343 3065 2517 3122 erant,
2536 3057 2686 3112 dicit.
2716 3059 2879 3114 Erant
2898 3061 3102 3130 quippe
3125 3062 3194 3115 ibi
3216 3064 3389 3116 sancti

1806 3144 1980 3208 multi,
2009 3145 2099 3214 qui
2126 3145 2191 3199 ad
2220 3156 2527 3201 sanctorum
2558 3149 2908 3204 ministerium
2946 3166 3005 3205 se
3029 3151 3344 3207 dediderant
3367 3193 3384 3217 ,

1806 3245 1859 3292 et
1886 3237 2140 3307 primitiae
2182 3237 2400 3292 Achaia:
2450 3238 2575 3294 facti
2608 3251 2770 3307 sunt,
2814 3251 2870 3296 ut
2900 3240 2952 3294 in
2987 3241 3092 3296 ﬁne
3127 3241 3384 3298 declarat.

1805 3327 2055 3397 Alioquin
2078 3343 2206 3383 vero
2231 3329 2442 3384 etiamsi
2465 3330 2649 3385 Iaudes
2677 3347 2783 3385 non
2810 3332 3029 3387 omnino
3050 3332 3237 3389 afﬁnes
3263 3343 3390 3389 sunt

1804 3420 2056 3486 veritati,
2090 3430 2326 3477 attamen
2360 3422 2653 3491 prudenter
2681 3422 3024 3490 adhibentur,
3054 3434 3110 3480 ut
3130 3426 3267 3480 viam
3296 3441 3390 3497 pa-

1804 3522 1925 3568 rent
1954 3514 2021 3567 iis
2039 3528 2159 3583 qua:
2178 3514 2402 3570 dicenda
2428 3524 2571 3569 sunt.
2598 3515 2727 3569 Nam
2751 3516 2840 3586 qui
2862 3517 3042 3571 statim
3069 3533 3096 3570 a
3126 3519 3390 3589 principio

1805 3606 2110 3676 importuna
2136 3607 2393 3677 loquitur,
2425 3608 2813 3663 inﬁrmioribus
2833 3609 3071 3664 auditum
3096 3610 3297 3665 claudit
3320 3612 3387 3666 ad

1806 3709 1997 3754 cmtcra
2030 3701 2190 3755 verba
2222 3718 2236 3754 :
2270 3702 2313 3755 si
2346 3700 2489 3755 enim
2521 3700 2798 3756 auditores
2837 3701 3043 3757 honore
3069 3717 3228 3773 pares
3257 3703 3385 3768 sint,

1806 3792 2152 3857 irascuntur;
2184 3793 2228 3848 si
2259 3792 2547 3847 admodum
2577 3792 2858 3849 inferiores
2878 3834 2893 3859 ,
2925 3793 3112 3849 dolore
3145 3793 3386 3849 allicien-

1769 3901 1779 3911 '
1807 3894 1912 3940 tur.
1932 3885 2017 3943 Ne
2045 3886 2203 3955 igitur
2233 3886 2337 3941 hoc
2361 3887 2589 3952 eveniat,
2607 3887 2673 3941 ab
2705 3888 2769 3941 iis
2796 3902 2913 3958 quae
2933 3888 3175 3942 encomia
3197 3888 3386 3942 viden-

1807 3986 1895 4032 tur
1923 3992 2044 4033 esse
2090 3979 2298 4033 initium
2343 3979 2510 4034 ducit.
2560 3978 2741 4049 Neque
2782 3981 2924 4034 enim
2955 3978 3057 4034 hoc
3085 3981 3384 4034 encomium

1809 4069 2024 4124 illorum
2053 4079 2205 4134 erat,
2234 4070 2330 4125 sed
2357 4070 2543 4140 gratiae
2579 4071 2695 4125 Dei.
2727 4070 2858 4125 Nam
2888 4070 3027 4140 quod
3050 4074 3266 4140 peccata
3305 4087 3394 4127 rc-

1808 4163 1974 4218 missa
2007 4163 2136 4235 ipsis
2161 4172 2364 4227 essent,
2391 4170 2445 4218 et
2472 4161 2616 4232 quod
2634 4162 2910 4231 justitlcati
2940 4172 3143 4226 essent,
3167 4162 3269 4220 hoc
3296 4179 3391 4219 sn-

1811 4256 1958 4324 perni
1984 4255 2112 4310 doni
2134 4263 2269 4311 erat.
2294 4255 2589 4325 Propterea»
2611 4255 2667 4309 in
2693 4256 2757 4310 iis
2782 4257 3115 4321 immoratur,
3148 4272 3267 4326 qum
3296 4257 3390 4312 Dei

1809 4347 2190 4417 benignitatem
2241 4346 2660 4411 ostendunt,ut
2705 4347 2947 4402 morbum
2992 4340 3178 4402 comm
3224 4349 3392 4418 magis

1810 4447 1980 4493 curet.
2014 4437 2436 4508 Exspectantibus
2463 4439 2815 4493 reuelationem
2851 4439 3055 4493 Domini
3084 4440 3241 4493 nostri
3267 4440 3394 4494 .lesst

1812 4528 2018 4585 Christi.
2060 4528 2199 4595 Quid
2232 4528 2659 4594 tumultuamini,
2692 4530 2882 4598 inquit,
2915 4529 3041 4599 quid
3074 4530 3392 4597 turbamini,
3435 4524 3442 4545 '

1812 4620 1954 4691 quod
1986 4636 2090 4674 non
2122 4620 2261 4675 adsit
2284 4619 2569 4675 Christus?
2600 4620 2767 4674 Adest
2788 4621 3032 4689 quidem,
3061 4621 3255 4676 et'dics
3285 4622 3396 4691 jam

1813 4728 1911 4784 pro
1942 4712 2281 4768 loribusest.
2315 4712 2383 4766 Et
2421 4710 2703 4766 considera
2730 4712 3045 4780 sapientiam
3071 4708 3087 4777 ,’
3126 4713 3397 4783 quomodo

1815 4805 1958 4867 illos,
1986 4818 2107 4859 cum
2126 4788 2202 4858 ab
2227 4803 2472 4858 humanis
2501 4801 2842 4869 abduxisset,
2871 4804 3132 4859 exterruit
3159 4814 3397 4859 tremen-

1815 4897 1945 4953 dum
1972 4897 2201 4952 tribunal
2231 4910 2663 4952 commemorans
2683 4938 2696 4961 ,
2730 4906 2783 4950 et
2810 4896 3101 4952 ostendens
3127 4913 3230 4952 non
3256 4899 3397 4953 bona

1818 4998 2023 5045 tantum
2054 4988 2201 5042 initia
2244 4987 2596 5057 requiri,-se'd
2640 4989 2796 5042 linem
2833 5003 3064 5058 quoque.
3110 4989 3240 5043 Nam
3272 5007 3428 5045 ctun~

1818 5080 1902 5136 his
1942 5079 2354 5135 cbarismatibus
2391 5086 2445 5133 et
2479 5079 2600 5133 aliis
2632 5078 2914 5134 virtutibus
2935 5120 2952 5147 ,
2992 5088 3204 5148 Oportet
3234 5081 3396 5135 etiam
3427 5100 3431 5106 λ

1817 5171 1924 5226 diei
1954 5170 2097 5225 illius
2128 5169 2402 5225 reminisci
2431 5186 2445 5222 :
2477 5170 2763 5240 multisque
2806 5170 3076 5226 laboribus
3096 5181 3179 5227 est
3215 5187 3349 5243 opus
3381 5211 3399 5239 ,

1819 5272 1878 5318 ut
1908 5262 2075 5333 possit
2098 5262 2217 5332 quis
2247 5261 2315 5316 ad
2357 5261 2516 5316 ﬁnem
2543 5263 2841 5332 pervenire.

1890 5358 1945 5413 2.
2004 5357 2410 5413 Revelationem
2453 5365 2632 5411 autem
2682 5367 3067 5412 commemorat
3114 5358 3433 5413 ostendcns‘

1821 5452 1990 5517 illam,
2017 5450 2229 5506 etiamsi
2256 5465 2362 5504 non
2388 5448 2654 5513 videatur,
2679 5448 2775 5502 sed
2803 5462 2922 5503 esse
2946 5459 3145 5513 tamen,
3176 5458 3231 5503 et
3258 5465 3397 5503 nunc

1822 5543 2035 5609 adesse,
2063 5552 2119 5598 et
2144 5553 2266 5597 tunc
2294 5540 2658 5611 apparituram
2689 5554 2828 5595 esse.
2859 5540 3117 5595 Patientia
3138 5541 3293 5610 igitur
3319 5548 3400 5594 cst

1824 5654 1959 5710 opus
1987 5656 2003 5693 :
2036 5637 2160 5692 ideo
2198 5636 2340 5691 enim
2386 5634 2642 5689 miracula
2670 5633 2950 5703 accepistis
2982 5676 2996 5698 ,
3030 5643 3086 5687 nt
3116 5632 3251 5686 ﬁrmi
3292 5647 3406 5685 ma-

1823 5732 2013 5791 neatis.
2044 5730 2099 5787 8.
2131 5729 2230 5798 Qui
2260 5738 2307 5784 et
2333 5725 2652 5798 conﬁrmabit
2690 5739 2778 5781 eos
2823 5741 2980 5797 usque
3011 5727 3067 5780 in
3100 5723 3257 5795 ﬁnem
3294 5722 3406 5776 sine
