3864 6216
462 372 687 427 crimine.
746 367 845 427 Hic
891 370 1101 430 videtur
1133 374 1351 444 quidem
1389 374 1514 433 illos
1556 377 1900 446 demulcere;
1948 381 2042 437 sed

460 462 605 531 quod
636 462 835 519 dicitur
858 464 1004 519 omni
1033 464 1337 522 adulatione
1370 477 1544 523 vacat.
1583 468 1736 525 Solet
1758 472 1901 526 enim
1924 472 2045 530 illos

459 564 700 627 tangere.
730 566 789 614 ut
811 573 934 614 cum
963 558 1129 614 dicit:
1162 559 1439 630 Tamquam
1463 579 1562 617 non
1591 572 1827 619 venturus
1854 566 1950 619 sim
1974 567 2045 620 ad
2151 585 2264 627 ram
2291 590 2583 649 vocasset,
2613 599 2927 648 recusantes

452 664 569 715 eos,
588 650 752 720 inﬂati
774 659 890 705 sunt
906 651 1111 719 quidam
1124 667 1143 715 ;
1156 659 1451 718 etrursum,
1467 653 1604 721 Quid
1619 656 1801 710 vultis?
1821 656 1873 710 in
1904 658 2043 728 virga

454 740 654 793 ueniam
670 742 738 793 ad
749 756 835 795 uos
851 780 868 805 ,
899 758 965 794 an
982 741 1034 795 in
1052 743 1261 797 caritate
1275 751 1320 798 et
1338 742 1520 812 spiritu
1547 748 1944 801 mansuetudinis
1957 749 2007 819 (l
2021 788 2035 803 .

454 828 575 883 Cor.
594 832 647 885 4.
677 832 763 886 l8.
781 842 832 886 et
850 832 1051 903 ‘21)?et,
1074 834 1151 886 An
1169 835 1567 904 experimentum
1581 840 1805 906 queritis
1818 841 1928 908 ejus
1952 840 2039 909 qui

454 924 510 976 in
558 941 638 978 me
664 924 891 995 loquitur
918 924 1105 981 Christi
1147 926 1223 997 (2.
1253 926 1372 983 Cor.
1403 929 1491 983 l5.
1524 930 1582 998 5)
1612 931 1635 984 ?
1662 931 1916 987 Latenter
1942 948 2038 987 au-

452 1022 561 1069 tem
590 1013 735 1084 ipsos
754 1025 1006 1071 accusat:
1034 1032 1156 1072 cum
1184 1017 1310 1073 dicit
1338 1021 1504 1084 enim,
1537 1020 1868 1090 Conﬁrmabit
1887 1066 1903 1088 ,
1932 1034 1987 1080 et
2015 1067 2031 1092 ,

450 1102 580 1158 Sine
598 1106 827 1173 crimine,
857 1108 1093 1163 ostendit
1120 1110 1238 1165 illos
1262 1111 1436 1167 adhuc
1459 1112 1738 1182 ﬂuctuare,
1769 1126 1822 1172 et
1852 1119 2034 1173 crimi-

448 1194 500 1248 ni
525 1210 646 1251 esse
672 1196 957 1255 obnoxios.
1000 1199 1079 1255 'l'u
1102 1216 1232 1256 vero
1260 1203 1572 1259 consideres
1591 1207 1773 1272 velim,
1804 1223 2033 1278 quomo-

445 1285 518 1342 do
569 1288 690 1343 illos
736 1305 952 1361 semper
1001 1293 1202 1348 nomini
1246 1295 1447 1350 Christi
1489 1294 1688 1368 alligat,
1737 1308 1791 1353 et
1833 1301 2031 1357 nullius

445 1374 698 1445 hominis,
725 1396 899 1450 neque
918 1384 1169 1452 apostoli,
1194 1401 1366 1456 neque
1387 1389 1650 1459 magistri,
1668 1390 1763 1446 sed
1787 1391 2030 1461 frequen-

441 1476 528 1524 ter
553 1469 730 1526 dilecti
759 1472 899 1527 illius
924 1476 1247 1532 mentionem
1275 1478 1470 1545 faciat,
1496 1482 1647 1551 quasi
1672 1482 1741 1538 ab
1769 1484 2027 1542 ebrietate

441 1560 672 1630 quadam
712 1564 1035 1621 temulentos
1064 1568 1296 1626 educere
1326 1587 1542 1641 parans.
1576 1573 1846 1645 Nusquam
1879 1578 2023 1633 enim

439 1650 495 1705 in
522 1653 622 1707 alia
648 1655 872 1724 epistola
903 1667 1008 1711 tam
1037 1658 1345 1730 frequenter
1372 1680 1566 1719 nomen
1593 1664 1789 1721 Christi
1831 1668 1976 1737 jacet
2007 1689 2021 1726 :

439 1742 529 1799 hic
553 1760 679 1801 vero
710 1748 761 1802 in
786 1750 966 1818 paucis
991 1753 1239 1809 versibus
1266 1772 1409 1826 saepe
1427 1799 1443 1823 ,
1462 1766 1517 1812 et
1542 1759 1643 1815 hoc
1670 1762 1883 1817 nomine
1911 1763 2022 1820 fere
2054 1794 2061 1800 ο

434 1844 603 1891 totum
621 1842 861 1895 contexit
880 1843 1220 1911 proemium.
1244 1844 1532 1903 Considera
1558 1859 1735 1906 autem
1752 1854 2017 1923 superius.

439 1947 461 1982 ι
507 1930 704 1987 Paulus
732 1974 749 1999 ,
781 1944 1000 1989 vocatos
1029 1939 1306 2006 apostolus
1343 1940 1468 1996 Jesu
1503 1940 1746 2009 Christi,
1780 1945 2017 2001 sanctiﬁ-

430 2022 569 2079 catis
612 2024 664 2078 in
707 2024 922 2082 Christo
960 2029 1089 2085 Jesu
1123 2071 1138 2098 ,
1174 2031 1547 2090 invocantibus
1576 2052 1771 2093 nomen
1805 2039 2015 2096 Domini

426 2116 600 2170 nostri
621 2115 750 2172 Jesu
776 2117 974 2176 Christi
1006 2139 1019 2174 :
1057 2124 1226 2191 gratia
1256 2126 1405 2180 vobis
1429 2137 1477 2181 ct
1518 2142 1620 2197 pax
1654 2145 1682 2183 a
1719 2130 1828 2186 Deo
1854 2131 2014 2188 Patre

426 2216 484 2261 et
528 2207 755 2265 Domino
800 2210 927 2267 Jesu
976 2212 1212 2269 Christo.
1261 2214 1473 2272 Gratias
1510 2234 1612 2291 ago
1658 2221 1765 2276 Deo
1797 2239 1918 2278 meo
1945 2224 2013 2281 de

427 2299 600 2369 gratia
633 2342 648 2365 ,
679 2318 798 2371 qua:
848 2303 969 2359 data
1011 2315 1097 2361 est
1122 2308 1275 2363 vobis
1324 2310 1375 2363 in
1423 2309 1639 2367 Christo
1667 2313 1792 2369 Jesn
1825 2334 1840 2371 :
1872 2316 2012 2373 sicut

425 2392 791 2449 testimonium
837 2394 1036 2452 Christi
1079 2399 1450 2456 confirmatum
1494 2411 1577 2458 est
1606 2404 1659 2460 in
1692 2406 1844 2461 vobis
1875 2424 1887 2460 :
1915 2424 2011 2463 ex-

423 2485 791 2553 spectantibus
819 2489 1200 2547 rcvelationem
1235 2494 1443 2550 Domini
1475 2498 1642 2552 nostri
1686 2499 1812 2555 Jesn
1841 2501 1997 2557 Chri-

419 2574 528 2641 sti,
551 2576 640 2645 qui
664 2586 716 2631 et
734 2580 1080 2635 conﬁrmabit
1108 2598 1204 2638 vos
1232 2586 1349 2640 sine
1372 2588 1597 2645 crimine
1625 2590 1676 2644 in
1707 2591 1797 2647 die
1816 2593 2002 2648 Domi-

419 2664 476 2719 ni
505 2667 672 2721 nostri
693 2667 821 2723 Jesu
844 2670 1063 2726 Christi.
1089 2672 1143 2729 9.
1174 2673 1372 2730 Fidelis
1401 2686 1481 2732 est
1516 2680 1655 2734 Deus
1675 2723 1690 2747 ,
1725 2698 1820 2751 per
1839 2699 2000 2752 quem

419 2757 596 2811 vocati
628 2760 763 2813 estis
799 2759 851 2814 in
880 2763 1189 2819 societatem
1219 2765 1337 2821 Filii
1368 2770 1485 2838 ejus
1505 2769 1634 2825 .lesu
1662 2773 1860 2829 Christi
1895 2775 2001 2830 Do-

418 2848 550 2902 mini
582 2851 770 2905 nomri.
806 2852 895 2908 l0.
925 2853 1164 2911 Obsecro
1189 2866 1368 2914 autem
1400 2876 1493 2915 vos
1531 2878 1630 2932 per
1666 2879 1860 2920 nomen
1892 2868 1999 2922 Do-

414 2940 547 2995 mini
568 2944 733 2998 nostri
758 2944 887 3000 Iesu
910 2947 1133 3003 Christi.
1173 2968 1195 3003 ι
1228 2951 1416 3008 Viden’
1438 2954 1789 3025 frequentiam
1819 2961 1998 3015 nomi-

412 3032 747 3097 nisChristi?
778 3036 928 3093 Unde
955 3038 1127 3107 palam
1157 3053 1239 3097 est
1255 3044 1415 3099 etiam
1439 3045 1564 3111 illis,
1590 3048 1679 3118 qui
1706 3049 1995 3108 admodum

412 3125 728 3197 insipientes
766 3138 892 3184 sunt
920 3171 936 3195 ,
967 3131 1141 3201 ipsum
1172 3149 1276 3189 non
1309 3137 1425 3193 sine
1447 3152 1611 3193 causa
1641 3155 1741 3196 nec
1766 3158 1891 3197 casu
1923 3145 1994 3199 ita

410 3216 589 3272 facere
613 3233 629 3283 ;
654 3218 747 3273 sed
778 3218 937 3287 hujus
960 3222 1161 3291 pulchri
1186 3226 1421 3281 nominis
1448 3226 1746 3299 frequentia
1776 3233 1991 3289 illorum

410 3317 675 3363 tumorem
702 3311 971 3379 exhaurit,
1000 3316 1273 3371 etsaniem
1299 3320 1469 3373 morbi
1497 3334 1777 3393 expurgat.
1796 3324 1993 3382 Fidelis

410 3396 548 3453 Deus
580 3440 594 3460 .
632 3416 722 3469 per
750 3418 897 3471 quem
938 3405 1101 3459 uocati
1124 3408 1246 3461 estis
1287 3408 1341 3462 in
1374 3411 1661 3467 societatem
1700 3413 1829 3470 Filii
1854 3418 1986 3488 ejus.

406 3491 568 3562 Papa:
600 3494 613 3547 !
665 3504 915 3565 quantam
949 3497 1035 3553 hic
1077 3514 1190 3554 rem
1218 3499 1389 3557 dicit!
1423 3514 1676 3573 quantam
1707 3507 1830 3563 doni
1870 3526 1990 3564 ma-

401 3584 736 3655 gnitudinem
767 3587 1022 3643 exhibet!
1056 3590 1115 3645 In
1158 3593 1470 3649 societatem
1512 3596 1783 3669 Unigcniti
1809 3603 1987 3657 vocati

402 3678 538 3732 estis
567 3720 582 3742 ,
613 3688 670 3734 et
713 3693 807 3735 vos
837 3680 1142 3741 hominibus
1166 3684 1456 3744 addicitis?
1484 3692 1611 3761 quid
1640 3692 1741 3749 hac
1770 3698 1986 3753 miseria

402 3767 602 3839 pejus?
629 3768 697 3824 Et
725 3773 994 3841 quomodo
1022 3778 1193 3831 vocati
1237 3779 1405 3834 estis?
1434 3782 1536 3837 Per
1565 3784 1799 3842 Patrem.
1848 3789 1984 3858 Quia

399 3862 547 3916 enim
580 3876 675 3931 per
700 3862 850 3917 illum
878 3873 934 3918 et
963 3866 1013 3919 in
1041 3868 1131 3922 illo
1154 3868 1461 3940 frequenter
1484 3874 1696 3933 dicebat
1720 3877 1788 3935 de
1808 3880 1980 3950 Filio,

398 3968 469 4009 ne
486 3964 733 4024 putarent
744 3971 803 4011 se
813 3956 958 4011 illum
975 3968 1036 4013 ut
1049 3959 1309 4017 minorem
1322 3972 1827 4037 commemorare,”
1839 3973 1983 4031 Patri

400 4044 675 4101 adscribit.
693 4045 811 4102 Non
832 4063 929 4117 per
950 4050 1091 4106 hunc
1112 4053 1193 4108 vel
1215 4054 1398 4123 alium,
1429 4058 1618 4128 inquit,
1638 4061 1732 4117 sed
1759 4078 1854 4133 per
1876 4064 1981 4121 Pa.

401 4146 537 4192 trem
566 4136 737 4193 vocati
764 4142 926 4195 estis:
947 4156 1043 4211 per
1066 4141 1237 4213 ipsum
1267 4146 1427 4202 etiam
1456 4148 1646 4208 divites
1676 4152 1798 4211 facti
1825 4159 1976 4213 estis.

396 4228 605 4284 Rursus
628 4229 802 4285 vocati
817 4232 967 4299 estis,
982 4248 1089 4288 non
1110 4236 1207 4306 ipsi
1228 4240 1549 4297 accessistis.
1577 4244 1716 4310 Quid
1734 4262 1859 4303 vero
1873 4249 1976 4305 sibi

393 4321 509 4377 vult
526 4321 675 4388 illud,
692 4320 762 4377 In
788 4325 1072 4381 societatem
1089 4328 1214 4383 Filii
1233 4332 1342 4402 ejus
1362 4334 1540 4390 ?Audi
1561 4335 1708 4392 illum
1731 4338 1832 4396 hoc
1861 4342 1976 4397 cla-

392 4415 505 4469 rius
530 4414 655 4470 alibi
684 4414 949 4472 dicentem
974 4436 988 4473 :
1016 4418 1081 4474 Si
1097 4423 1419 4490 sustinemus,
1439 4438 1486 4481 et
1514 4433 1928 4501 conregnabimus
1955 4453 1976 4491 :

388 4508 433 4559 si
457 4508 832 4574 commorimur,
858 4511 1013 4565 simul
1032 4514 1246 4571 vivemus
1264 4516 1342 4576 (2.
1380 4518 1510 4575 Tim.
1534 4521 1589 4576 2.
1612 4523 1722 4595 l2).
1746 4526 1969 4594 Deinde,

388 4602 511 4669 quia
545 4616 656 4656 rem
688 4618 935 4673 magnam
977 4604 1151 4673 dixit,
1185 4609 1389 4666 addidit
1421 4614 1584 4669 etiam
1625 4619 1969 4676 ratiocinium

388 4700 594 4746 eertum
614 4734 629 4757 ,
653 4693 868 4750 cuinon
899 4697 1070 4766 possit
1111 4702 1403 4759 contradici
1435 4724 1448 4759 :
1484 4723 1605 4762 nam
1631 4710 1743 4777 ait,
1778 4711 1971 4769 Fidelis

389 4777 567 4845 Deus;
590 4781 640 4835 id
673 4793 757 4838 est
776 4824 791 4848 ,
824 4800 1005 4842 verus.
1037 4787 1093 4844 Si
1124 4805 1281 4846 verus
1305 4834 1320 4857 ,
1347 4809 1467 4863 quae
1495 4802 1739 4865 promisit
1766 4802 1964 4860 faciet:

382 5053 499 5123 eius
524 5054 641 5111 sine
665 5057 978 5125 pmnitentia
1016 5070 1179 5129 sunt,
1211 5080 1419 5123 necnon
1448 5070 1542 5126 Dei
1571 5076 1803 5132 vocatio.
1834 5077 1962 5136 Haec

382 5155 561 5202 autem
609 5164 749 5203 nunc
780 5151 926 5221 prius
955 5153 1146 5211 ordine
1191 5160 1350 5228 ponit
1393 5162 1444 5217 in
1490 5179 1740 5224 sermone
1767 5212 1782 5237 ,
1810 5182 1865 5226 ut
1896 5190 1962 5230 ne

378 5247 503 5308 post
556 5239 927 5298 vehementem
975 5248 1373 5306 accusationem
1421 5254 1472 5309 in
1526 5257 1959 5329 desperationem

375 5330 593 5386 cadant.
624 5332 755 5400 Quae
782 5336 926 5392 enim
948 5352 980 5392 a
1003 5338 1114 5394 Deo
1144 5352 1269 5397 sunt
1298 5348 1558 5415 promissa
1575 5357 1797 5411 omnino
1818 5373 1960 5414 com-

375 5425 687 5496 parebunt,
735 5428 838 5484 nisi
892 5446 992 5487 nos
1033 5432 1320 5493 admodum
1369 5440 1600 5501 effrenes
1646 5446 1908 5508 fuerimus
1936 5470 1957 5510 :

366 5516 822 5585 quemadmodum
843 5519 1011 5576 Judaei
1030 5528 1204 5583 vocati
1226 5529 1514 5589 noluerunt
1533 5535 1667 5593 bona
1684 5542 1951 5612 accipere.

441 5605 552 5661 Deo
569 5611 765 5664 voeanti
790 5611 1442 5684 obtemperandum.——Hoc
1462 5642 1588 5684 vero
1602 5629 1714 5700 jam
1730 5648 1837 5690 non
1859 5652 1952 5694 vo-

372 5698 546 5757 cantis
572 5708 710 5771 erat,
738 5702 833 5761 sed
858 5703 1054 5778 ingrati
1093 5709 1305 5785 illorum
1341 5717 1527 5797 animi.
1562 5698 1681 5800 Ipse
1712 5742 1945 5801 namque

1204 256 1264 315 8.
1302 257 1579 317 JOANNIS
1612 261 1997 322 CHRYSOSTO

2116 267 2433 331 ARClllEP.
2472 275 3001 346 οοΝετΑΝτιΝορ.

3684 307 3752 363 ιο

2157 384 2289 442 dare
2331 388 2590 462 volebat;
2625 398 2702 454 illi
2749 416 2880 459 vero
2920 406 3170 468 nolentes
3214 414 3459 493 accipere
3488 461 3505 488 ,
3533 422 3749 493 seipsos

2153 476 2449 547 ejecerunt.
2481 486 2613 544 Nam
2658 493 2867 552 etiamsi
2896 499 2965 555 ad
3006 517 3119 558 rem
3147 476 3470 568 laboriosam
3490 476 3555 570 'et
3580 476 3748 588 aspe-

2965 597 3120 653 venia
3150 598 3295 671 digni
3322 619 3430 661 non
3460 606 3735 679 fuissent,

2148 667 2243 722 sed
2272 673 2571 739 potuissent
2610 681 2799 738 saltem
2844 684 2947 741 hoc
2994 667 3290 751 obtendere
3320 715 3335 750 :
3367 699 3414 754 si
3444 711 3631 760 autem
3676 706 3741 762 ad

2148 762 2517 830 purgationem
2540 810 2554 834 ,
2585 771 2650 826 ad
2672 773 2937 841 justitiam
2970 821 2986 845 ,
3018 783 3083 838 ad
3116 789 3592 850 sanctiﬁcationem
3627 839 3644 861 ,
3676 800 3741 855 ad

2132 853 2593 927 redemptionem,
2612 868 2872 935 gratiam,
2903 871 3103 930 donum
3135 888 3189 933 et
3216 895 3513 953 praparata
3544 888 3693 945 bona
3722 935 3737 959 ,

2144 957 2263 1012 qua:
2284 949 2472 1005 oculus
2503 968 2610 1009 non
2644 957 2795 1027 vidit,
2828 977 2929 1017 nec
2957 968 3103 1023 auris
3131 972 3365 1039 audivit,
3395 988 3451 1032 et
3476 979 3623 1035 Deus
3650 994 3738 1039 est

2142 1036 2234 1103 qui
2272 1050 2472 1107 vocat,
2506 1054 2562 1100 et
2614 1064 2711 1118 per
2749 1053 2986 1123 seipsum
3030 1073 3228 1129 vocat;
3256 1082 3357 1136 qua
3389 1073 3543 1127 venia
3583 1074 3738 1147 digni

2141 1124 2339 1185 fuerint
2375 1134 2466 1203 qui
2507 1153 2613 1193 non
2672 1150 3101 1208 accurrunt?Ne
3130 1158 3251 1225 quis
3275 1124 3416 1231 .ergo
3453 1164 3507 1219 in
3559 1124 3735 1225 Deum

2137 1221 2345 1292 culpam
2377 1227 2593 1286 referat.
2627 1233 2741 1290 Non
2768 1240 2910 1295 enim
2942 1259 3008 1298 ex
3052 1221 3275 1306 vocante
3330 1221 3388 1309 fit
3428 1258 3572 1327 quod
3617 1276 3732 1317 non

2136 1314 2402 1378 credatur.
2435 1321 2526 1375 sed
2558 1338 2623 1379 ex
2649 1327 2715 1381 iis
2735 1331 2823 1399 qui
2856 1335 3119 1391 resiliunt.
3150 1340 3255 1395 Sed
3282 1314 3607 1419 Oportebat,
3648 1353 3735 1408 in-

2133 1405 2302 1472 quies,
2334 1409 2416 1463 vel
2442 1411 2639 1470 invitos
2671 1417 2940 1480 inducere.
2972 1429 3312 1497 Apageznon
3338 1436 3479 1493 enim
3500 1442 3611 1497 vim
3644 1442 3732 1501 vel

2131 1498 2504 1556 necessitatem
2534 1505 2711 1562 infert.
2739 1510 2869 1579 Quis
2895 1517 3036 1573 enim
3064 1521 3130 1575 ad
3155 1522 3386 1582 honores
3412 1539 3467 1585 et
3489 1547 3730 1593 coronas

2129 1596 2183 1641 et
2210 1592 2449 1649 convivia
2476 1606 2533 1652 et
2560 1601 2903 1663 celebritates
2931 1626 3131 1670 vocans
3157 1656 3172 1681 ,
3208 1618 3403 1677 invitos
3431 1636 3484 1680 et
3504 1628 3726 1689 vinctos

2130 1682 2293 1738 trahit
2318 1686 2343 1739 ?
2371 1686 2541 1745 Nemo
2558 1703 2705 1751 certe
2731 1718 2744 1752 :
2770 1698 2871 1756 hoc
2896 1704 3037 1759 enim
3060 1721 3203 1764 esset
3232 1713 3478 1783 injuriam
3512 1719 3721 1780 facere.

2125 1771 2208 1826 Ad
2254 1776 2555 1847 gehennam
2602 1787 2796 1846 invitos
2844 1795 3007 1852 mittit
3037 1814 3052 1864 ;
3079 1800 3145 1855 ad
3189 1771 3411 1875 regnum
3465 1809 3723 1871 lubentes

2124 1877 2278 1921 vocat
2305 1888 2317 1923 :
2350 1870 2417 1926 ad
2441 1874 2615 1945 ignem
2649 1879 2843 1951 ligatos
2869 1885 3036 1957 ducit,
3067 1893 3230 1950 etiam
3252 1870 3523 1968 eiulantes
3555 1921 3570 1971 ;
3618 1909 3720 1963 sed

2123 1955 2401 2018 innumera
2429 1965 2568 2023 bona
2598 1987 2702 2027 non
2745 1975 2842 2030 sic.
2875 1978 3006 2036 Nam
3040 1982 3143 2041 hoc
3173 1988 3285 2058 ipsa
3325 2009 3541 2066 quoque
3570 1999 3717 2056 bona

2120 2050 2306 2108 odiosa
2341 2057 2552 2128 reddat,
2577 2063 2679 2119 nisi
2708 2067 2826 2122 talis
2844 2071 2913 2125 sit
2944 2072 3155 2133 illorum
3188 2050 3409 2155 natura,
3440 2050 3498 2145 ὁι
3524 2091 3595 2147 ad
3623 2094 3719 2150 illa

2119 2156 2313 2215 Sponte
2342 2164 2657 2211 accurratur
2684 2200 2700 2225 ,
2731 2171 2786 2215 et
2814 2166 3037 2234 gratiam
3064 2170 3292 2230 habeant
3320 2181 3636 2241 maximam.

2188 2239 2241 2294 5.
2273 2240 2337 2296 Et
2366 2244 2455 2313 qui
2478 2246 2560 2314 lit,
2582 2249 2809 2322 inquies,
2832 2259 2972 2327 quod
3002 2278 3107 2318 non
3125 2281 3312 2326 omnes
3339 2272 3450 2343 ipsa
3480 2239 3714 2349 eligant?

2115 2330 2197 2385 0b
2241 2338 2509 2406 propriam
2542 2342 2927 2406 infirmitatem.
2963 2354 3025 2409 Et
3054 2374 3151 2413 cur
3180 2330 3390 2421 illorum
3420 2330 3713 2429 inﬁrmita-

2114 2430 2219 2478 tcm
2248 2442 2352 2483 non
2381 2429 2648 2490 abscindit
2676 2437 2790 2494 ?Et
2809 2457 2916 2513 quo
2943 2458 3098 2515 pacto
3125 2493 3141 2518 ,
3167 2453 3255 2509 dic
3276 2458 3405 2513 mihi
3437 2502 3454 2527 ,
3483 2467 3709 2521 exscin-

2110 2511 2240 2571 dere
2266 2532 2401 2587 opus
2424 2526 2541 2578 est?
2567 2541 2748 2586 annon
2786 2511 3087 2595 creaturam
3129 2546 3368 2623 condidit
3406 2552 3701 2615 docentem

2109 2604 2226 2675 ejus
2250 2608 2633 2681 benignitatem
2664 2662 2678 2685 ,
2707 2631 2763 2677 et
2785 2630 3124 2693 potentiam?
3155 2616 3277 2693 nam
3307 2640 3461 2709 Cwli,
3491 2647 3700 2720 inquit,

2107 2711 2347 2755 enarrant
2382 2704 2601 2775 gloriam
2631 2710 2723 2765 Dei
2748 2712 2920 2786 (Psal.
2953 2721 3040 2776 18.
3068 2723 3148 2795 2).
3183 2729 3373 2786 Annon
3400 2704 3701 2807 prophetas

2106 2790 2251 2845 misit
2280 2792 2304 2846 ?
2331 2808 2506 2852 annon
2540 2805 2748 2859 vocavit
2775 2817 2829 2861 et
2855 2807 3181 2871 honoravit?
3217 2835 3393 2879 annon
3431 2829 3697 2890 miracula

2104 2877 2229 2936 fecit
2255 2883 2279 2936 ?
2305 2900 2483 2942 annon
2519 2891 2690 2963 legem
2723 2896 2872 2954 dedit
2903 2910 2958 2956 et
2986 2907 3244 2976 scriptam
3271 2924 3323 2968 et
3342 2922 3641 2978 naturalem
3670 2926 3698 2980 2

2100 2987 2277 3028 annon
2299 2977 2488 3034 Filium
2510 2996 2662 3039 suum
2685 2989 2827 3045 misit
2845 2992 2868 3045 ?
2884 3008 3060 3051 annon
3084 3001 3243 3057 etiam
3263 3011 3538 3075 apostolos
3555 3014 3580 3067 ?
3596 3030 3699 3071 an-

2100 3077 2207 3117 non
2240 3067 2389 3137 signa
2421 3070 2587 3128 fecit?
2616 3092 2795 3135 annon
2835 3085 3137 3153 gehennam
3164 3099 3525 3159 comminatus
3557 3117 3640 3163 est
3668 3109 3695 3162 ‘.'

2099 3170 2277 3213 nonne
2294 3176 2514 3232 regnum
2547 3173 2791 3238 promisit
2812 3176 2836 3229 ?
2863 3194 3040 3237 nonne
3064 3187 3304 3255 quotidie
3326 3194 3497 3249 solem
3529 3212 3691 3257 suum

2096 3248 2226 3302 criri
2260 3249 2423 3308 facit?
2453 3271 2631 3315 nonne
2674 3279 2795 3334 qua:
2844 3248 3097 3343 prieeepii
3120 3277 3189 3331 ita
3224 3279 3397 3338 facilia
3422 3297 3553 3342 sunt
3578 3331 3595 3355 ,
3624 3302 3688 3347 ut

2096 3338 2248 3395 multi
2287 3343 2338 3397 vi
2388 3345 2741 3422 philosophia:
2785 3373 2897 3415 sua:
2938 3338 3054 3433 ejus
3086 3371 3333 3427 mandata
3372 3338 3675 3446 superent!

2098 3425 2236 3493 Quid
2260 3436 2521 3503 oportebat
2541 3445 2712 3512 facere
2739 3448 2915 3516 vincte,
2949 3425 2996 3507 et
3022 3473 3122 3511 non
3144 3463 3245 3529 feci
3270 3463 3288 3532 (
3311 3425 3530 3525 Isai.r5.
3563 3473 3597 3527 4
3617 3475 3637 3546 )
3661 3471 3689 3524 ?

2098 3521 2156 3546 Dn
2190 3539 2281 3546 Α---
2315 3544 2394 3546 _,_,
2446 3530 2470 3546 ιι
2531 3535 2562 3546 ,4
2670 3539 2719 3546 .-
2798 3542 2810 3546 -

2093 3521 2160 3576 Et
2184 3539 2283 3580 cur
2313 3544 2418 3584 non
2442 3530 2569 3589 fecit
2596 3539 2776 3608 nobis,
2796 3542 3317 3614 inquies,scientiam
3348 3569 3403 3615 et
3424 3521 3686 3623 virtutelm

2093 3618 2416 3674 naturalem?
2432 3623 2561 3691 Quis
2590 3626 2707 3683 hinc
2728 3631 2885 3689 dicit?
2907 3636 3201 3699 Griecusne
3222 3662 3288 3701 an
3314 3648 3688 3719 Christianus?

2089 3704 2265 3761 Ambo
2288 3711 2504 3779 quidem
2537 3757 2553 3783 ,
2586 3719 2678 3773 sed
2709 3736 2814 3777 non
2846 3727 3034 3784 eadem
3060 3731 3128 3787 de
3146 3748 3307 3792 causa
3336 3757 3349 3792 :

2089 3804 2173 3852 ter
2195 3798 2265 3855 de
2292 3803 2514 3860 scientia
2538 3849 2553 3872 ,
2585 3810 2723 3866 alter
2743 3814 2811 3870 de
2832 3818 2938 3872 vita
2966 3825 3266 3882 contendit.
3294 3830 3536 3891 Primum
3571 3840 3679 3910 igi-

2080 4440 2228 4508 tiam,
2252 4444 2347 4501 sed
2374 4446 2542 4516 ipsam
2567 4456 2833 4513 actionem
2856 4460 2985 4518 dare
3004 4471 3260 4535 oportuit.
3288 4474 3354 4528 Et
3380 4477 3666 4547 cujusnam

2078 4533 2152 4587 rei
2180 4538 2484 4595 mercedem
2502 4556 2820 4615 accepturus
2846 4567 2988 4621 eras,
3018 4558 3062 4611 si
3096 4567 3262 4616 totum
3288 4580 3355 4620 ex
3386 4568 3495 4624 Deo
3524 4571 3665 4630 fuis-

2077 4626 2197 4678 set?
2228 4626 2321 4683 Dic
2350 4631 2494 4687 enim
2528 4636 2703 4722 mihi,
2746 4650 2873 4699 tene
2900 4656 2956 4701 et
2981 4646 3226 4708 Grazcum
3268 4672 3553 4725 peccantes
3580 4669 3661 4722 si-

2076 4715 2276 4772 militer
2324 4723 2476 4791 punit
2525 4716 2711 4784 Deus?
2740 4733 2956 4794 Minime
2988 4757 3003 4793 :
3034 4740 3199 4801 habes
3241 4715 3385 4805 enim
3439 4755 3661 4816 interim

2073 4820 2191 4861 eam
2235 4826 2354 4879 qua:
2390 4830 2458 4870 ex
2508 4819 2729 4878 scientia
2777 4840 2957 4885 manat
2999 4832 3269 4893 fiduciam.
3299 4841 3436 4909 Quid
3476 4863 3609 4919 ergo
3639 4892 3658 4919 ,

2072 4900 2115 4952 si
2142 4902 2259 4971 quis
2289 4921 2431 4963 nunc
2455 4910 2658 4969 diceret
2690 4917 2806 4987 tibi,
2834 4930 2889 4977 et
2915 4933 2967 4979 te
2993 4937 3045 4982 et
3075 4929 3320 4988 Griecum
3355 4953 3451 5006 pro
3477 4900 3657 5000 δεξιτηεῖ

2071 4994 2143 5049 tia
2170 4996 2355 5053 eadem
2384 5016 2813 5075 consequuturos
2839 5029 2979 5084 esse,
3000 5033 3182 5078 annon
3207 5026 3257 5080 id
3286 5043 3429 5099 :egrc
3453 5032 3658 5091 ferres?

2068 5085 2319 5157 Arbitror
2355 5108 2488 5151 sane
2518 5114 2533 5150 :
2565 5098 2777 5157 diceres
2822 5108 2964 5162 enim
3000 5151 3016 5177 ,
3047 5125 3167 5168 cum
3209 5117 3428 5178 Graecus
3473 5139 3539 5180 ex
3590 5142 3655 5185 se

2067 5190 2248 5246 posset
2273 5184 2551 5243 scientiam
2578 5190 2837 5263 invenire,
2862 5201 3049 5256 noluit.
3072 5202 3127 5260 Si
3149 5222 3278 5276 ergo
3306 5212 3393 5268 ille
3420 5216 3651 5288 diceret,

2064 5276 2345 5343 oportebat
2377 5278 2545 5336 Deum
2577 5287 2734 5343 nobis
2760 5290 3038 5350 scientiam
3061 5302 3378 5359 naturaliter
3408 5306 3595 5367 indere
3629 5356 3648 5380 ,

2064 5378 2244 5420 annon
2277 5367 2551 5439 irrideres,
2580 5375 2898 5452 dieeresque
2923 5385 2974 5439 ei
2996 5427 3011 5453 ,
3039 5386 3149 5443 Cur
3173 5406 3277 5448 non
3304 5400 3597 5466 quiesiviSti
3621 5406 3649 5460 ἲ

2062 5470 2159 5511 cur
2201 5475 2307 5514 non
2338 5477 2562 5523 conatus
2585 5484 2645 5525 es
2672 5482 2728 5528 ut
2754 5489 2857 5545 ego
2887 5477 2911 5533 ?
2935 5493 2998 5535 ac
3023 5495 3148 5538 cum
3188 5488 3354 5544 multa
3380 5501 3553 5549 stares
3574 5497 3647 5550 ti-

2060 5547 2212 5606 ducia
2244 5594 2257 5617 ,
2292 5555 2607 5632 dieeresque
2635 5574 2889 5625 extrema:
2938 5588 3060 5631 esse
3100 5576 3421 5650 insipientia:
3470 5587 3645 5648 Deum

2059 5641 2307 5702 incusare
2334 5688 2350 5715 ,
2380 5653 2523 5720 quod
2554 5666 2759 5715 natura:
2785 5662 3062 5723 scientiam
3090 5685 3198 5726 non
3222 5673 3490 5733 indideiit.
3526 5682 3641 5741 lloc

2061 5745 2241 5797 autem
2270 5738 2500 5815 diceres,
2529 5747 2653 5819 quia
2680 5750 2788 5831 illa,
2820 5770 2939 5827 qua:
2963 5759 3031 5818 ad
3058 5761 3339 5839 scientiam
3361 5782 3637 5850 spectant,
