3864 6216
132 198 208 256 19
1212 192 1281 250 ΙΝ
1318 193 1540 251 ΕΡῘΒΤ.
1583 194 1601 251 1
1645 194 1732 250 AD

1839 196 1931 253 )R.
1961 197 2197 259 HOMIL;
2238 200 2305 257 ΙΙ.
3321 207 3395 265 20

130 312 318 387 ὑμᾶς.
348 311 774 381 ἐφυσιώθησάν
809 326 962 377 τινες
984 326 998 341 ·
1031 310 1125 365 καὶ
1157 310 1343 372 πάλιν,
1384 311 1447 364 Τι’
1477 310 1681 365 θέλετε
1701 353 1715 374 ,

124 401 212 453 γὲν
230 398 428 468 ῥάϐδῳ
455 396 610 450 ἔλθω
643 396 794 464 πρὸς
816 388 993 462 ὑμᾶς,
1024 394 1062 463 ἢ
1100 394 1172 447 ἐν
1198 395 1401 465 ἀγάπῃ
1427 394 1723 463 πνεύματί

134 500 207 538 τε
251 483 621 550 πραότητος;
667 479 781 540 καὶ,
814 481 885 533 El
932 478 1190 545 δοκιμὴν
1236 478 1464 547 ζητεῖτε
1514 477 1621 532 τοῦ
1652 478 1722 531 ὲν

120 565 270 635 τέμοι
318 563 656 628 λαλοῦντος
687 563 979 630 Χριστοῦ;
1021 563 1403 625 Λανθανόντως
1457 562 1513 615 δὲ
1543 560 1721 614 αὑτῶν

134 649 237 702 καὶ
267 648 563 717 κατηγορεῖ
583 662 597 676 ο
623 644 702 716 τῷ
744 646 852 716 γὰρ
879 646 1079 710 εἰπεῖν,
1126 645 1465 709 Βεϐαιώσει,
1497 644 1592 698 καὶ
1622 644 1721 713 τῷ,

150 730 615 800 Ἁνετιιλήτους,
660 728 901 782 δείκνυσι
932 729 1027 781 καὶ
1067 728 1456 798 σαλευομένους
1489 726 1589 789 ἔτι,
1630 726 1725 780 καὶ

134 814 489 884 ἐγκλήματος
512 810 843 873 ὑπευθύνους
870 810 1050 874 ὄντας.
1081 812 1152 864 Σὺ
1177 810 1233 863 δέ
1267 810 1457 863 σκόπει
1487 809 1603 871 πῶς
1630 808 1723 861 αὑ-

132 901 271 961 τοὺς
292 898 368 968 τῷ
395 899 620 967 ὀνόματι
656 895 744 948 ἀεὶ
772 894 869 948 τοῦ
912 895 1149 966 Χριστοῦ
1178 894 1462 967 προσηλοῖ.
1491 894 1602 946 Καὶ
1628 892 1725 944 ἀν-

130 982 363 1053 θρώπου
389 982 487 1051 μὲν
508 981 739 1045 οὐδενὸς,
760 979 885 1033 οὑτε
913 979 1213 1033 ἀποστόλου
1233 977 1359 1032 οὔτε
1379 976 1722 1038 διδασκάλου,

140 1067 387 1138 συνεχῶς
421 1066 478 1119 δὲ
507 1064 674 1119 αὑτοῦ
705 1064 799 1118 τοῦ
832 1064 1170 1135 ποθουμένου
1212 1064 1503 1134 μέμνηται,
1555 1062 1727 1117 καθά-

135 1168 253 1222 περ
272 1150 382 1205 ἀπὸ
412 1148 580 1220 μέθης
603 1147 749 1211 τινὸς
778 1148 904 1212 τοὺς
930 1146 1386 1218 καρηϐαροῦντας
1411 1148 1726 1213 ἀνενεγκεῖν

139 1232 601 1306 παρασκευάζων.
619 1230 867 1301 Οὑδαμοῦ
879 1230 988 1302 γὰρ
1014 1232 1071 1283 ἐν
1096 1228 1561 1302 ἐτέρᾳἘπιστολῇ
1584 1226 1727 1281 οὑτω

140 1318 391 1388 συνεχῶς
443 1319 618 1369 κεῖται
678 1314 738 1367 τὸ
792 1314 962 1384 ὄνομα
1014 1313 1110 1367 τοῦ
1160 1312 1436 1385 Χριστοῦο
1493 1310 1726 1364 ἐνταῦθα

132 1402 337 1473 μέντοι
379 1404 436 1455 ἐν
475 1401 674 1469 ὀλίγοις
723 1400 924 1469 στίχοις
958 1397 1238 1463 πολλάκις,
1274 1398 1369 1450 καὶ
1404 1396 1493 1448 διά
1536 1393 1726 1448 τούτου

138 1486 339 1556 σχεδὸν
363 1484 424 1538 τὸ
453 1486 562 1538 πᾶν
601 1484 815 1553 ὑφαίνει
844 1481 1148 1551 προοίμιον.
1179 1480 1380 1533 Σκόπει
1408 1478 1463 1531 δὲ
1497 1476 1722 1531 ἄνωθεν·

131 1569 412 1634 Παῦλος.
481 1570 709 1634 κλητὸς
769 1565 1114 1630 ἀπόστολος
1180 1562 1384 1631 Ἰησοῦ
1446 1558 1723 1629 Χριστοῦ,

134 1650 541 1720 ἡγιασμένοις
580 1651 651 1702 ἐν
692 1646 925 1716 Χριστῷ
969 1645 1198 1713 Ἰησοῦ,
1236 1646 1360 1710 τοῖς
1401 1645 1725 1697 ἐπικαλου-

132 1735 355 1805 μένοις
391 1734 453 1788 τὸ
484 1734 671 1802 ὄνομα
707 1732 813 1786 τοῦ
858 1731 1087 1805 Κυρίου
1129 1728 1298 1799 ἡμῶν
1339 1727 1545 1795 Ἰησοῦ
1590 1728 1725 1793 Χρι-

132 1818 303 1872 στοῦ
327 1830 341 1844 '
384 1815 556 1886 χάρις
597 1814 741 1884 ὑμῖν
769 1813 868 1867 καὶ
898 1813 1109 1881 εἰρήνη
1157 1812 1277 1868 ἀπὸ
1320 1810 1469 1865 Θεοῦ
1499 1808 1729 1876 Πατρός

128 1901 247 1956 καὶ
278 1902 501 1968 Κυρίου
542 1897 745 1966 Ἰησοῦ
772 1898 1055 1965 Χριστοῦ.
1092 1894 1443 1965 Εὐχάριστῶ
1475 1894 1555 1960 τῷ
1606 1890 1728 1957 Θεῷ

130 2003 265 2056 μου
294 1985 395 2038 ἐπὶ
446 1983 520 2052 τῇ
570 1982 766 2053 χάριτι
813 1981 888 2050 τῇ
917 1982 1164 2051 δοθείσῃ
1209 1980 1353 2050 ὑμῖν
1388 1981 1457 2032 ἐν
1498 1975 1728 2047 Χριστῷ

153 2070 406 2138 Ἰησοῦ·
462 2067 657 2134 καθὼς
705 2066 772 2121 τὸ
799 2065 914 2139 [il]
952 2067 1278 2135 μαρτύριον
1318 2064 1425 2118 τοῦ
1470 2060 1726 2130 Χριστοῦ

132 2152 467 2219 ἐϐεϐαιώθη
504 2152 573 2206 ἐν
603 2150 777 2220 ὑμῖν
805 2148 1329 2217 ἀπεκδεχομένους
1355 2146 1470 2213 τὴν
1501 2142 1729 2200 ἀποκά-

140 2240 348 2306 λυψιν
378 2236 485 2291 τοῦ
516 2236 736 2303 Κυρίου
769 2232 936 2304 ἡμῶν
977 2231 1174 2299 Ἰησοῦ
1204 2223 1462 2298 Χριστὸῦ
1483 2246 1498 2262 ο
1536 2228 1604 2295 ὃς
1631 2226 1729 2279 καὶ

128 2319 468 2387 ,ϐεϐαιώσει
519 2315 676 2387 ὑμᾶς
719 2316 1131 2385 ἀνεγκλήτους
1178 2315 1248 2368 ἐν
1281 2312 1357 2381 τῇ
1395 2311 1583 2380 ἡμέρᾳ
1623 2309 1732 2363 τοῦ

139 2406 376 2473 Κυρίου
409 2400 573 2472 ἡμῶν
613 2400 809 2469 Ἰησοῦ
835 2398 1112 2468 Χριστοῦ.
1147 2398 1368 2463 Πιστὸς
1405 2400 1435 2451 ό
1466 2394 1630 2460 Θεὸς,
1656 2393 1731 2446 δι’

134 2485 219 2544 οὗ
256 2487 556 2554 ἐκλήθητε
577 2487 663 2551 είς
685 2478 1004 2538 κοινωνίαν
1023 2480 1131 2535 τοῦ
1155 2480 1292 2535 Υίοῦ
1316 2478 1501 2533 αὐτοῦ
1536 2478 1732 2543 Ἰησοῦ

137 2569 413 2638 Χριστοῦ
454 2566 560 2622 τοῦ
601 2566 825 2635 Κυρίου
877 2564 1078 2634 ἡμῶν·
1114 2560 1441 2632 παρακαλῶ
1465 2560 1535 2613 δὲ
1579 2559 1734 2629 ὑμᾶς

132 2653 247 2710 διὰ
276 2652 389 2708 τοῦ
417 2653 703 2721 ὀνόματος
742 2649 851 2704 τοῦ
898 2648 1121 2716 Κυρίου
1150 2645 1322 2716 ἡμῶν
1366 2644 1570 2713 Ἰησοῦ
1605 2646 1735 2712 Χρι-

134 2737 327 2793 στοῦ.
387 2737 549 2808 Ὁρᾷς
574 2735 675 2805 τὴν
724 2731 1007 2802 συνέχειαν
1045 2730 1138 2784 τοῦ
1183 2731 1445 2800 ὀνόματος
1476 2727 1572 2781 τοῦ
1599 2728 1734 2798 Χρι-

132 2821 318 2888 στοῦ;
353 2820 515 2875 Ὅθεν
551 2818 709 2889 δῆλον
739 2815 833 2871 καὶ
858 2818 968 2879 τοῖς
1005 2814 1209 2885 σφόδρα
1229 2815 1493 2884 ἀνοήτοις,
1524 2812 1605 2865 ὅτι
1635 2811 1735 2865 οὑκ

130 2906 275 2977 είκῆ
304 2904 427 2959 οὑδὲ
459 2901 647 2964 ἁπλῶς
674 2899 833 2953 τοῦτο
854 2900 1016 2960 ποιεῖ,
1042 2897 1178 2950 ἀλλὰ
1209 2900 1275 2967 τῇ
1308 2894 1607 2966 πυκνότητι
1636 2894 1736 2963 τῆς

134 2989 329 3060 καλῆς
388 2986 595 3057 ταύτης
651 2981 1018 3055 προσηγορίας
1068 2982 1170 3051 τὴν
1218 2979 1527 3050 φλεγμονὴν
1558 2977 1736 3060 αὑτῶν

130 3059 472 3138 ἀπαντλῶν,
498 3070 593 3123 καὶ
618 3070 718 3138 τὴν
741 3066 1008 3138 σηπεδόνα
1035 3065 1128 3118 τοῦ
1151 3064 1457 3133 νοσήματος
1480 3059 1738 3114 ἐκκαθαί-

136 3177 286 3231 ρων.
341 3156 566 3220 Πιστὸς
600 3156 633 3209 ό
666 3152 832 3218 Θεὸς,
876 3150 950 3204 δι’
988 3144 1060 3205 οὗ
1090 3147 1385 3214 ἐκλήθητε
1413 3149 1500 3231 εὶς
1528 3162 1735 3231 κοινωέ

135 3223 294 3297 νέαν
322 3240 430 3294 τοῦ
455 3237 589 3293 Υίοῦ
620 3235 828 3290 αὐτοῦ.
861 3232 1057 3296 Βαϐαῖ,
1092 3232 1259 3284 πόσον
1289 3229 1523 3283 ἐνταῦθα
1553 3223 1733 3283 εἶπενί

138 3328 323 3381 πόσον
375 3321 605 3394 μέγεθος
636 3320 847 3392 δωρεᾶς
877 3316 1168 3388 ἐνέφηνενί
1201 3315 1297 3378 El;
1332 3314 1617 3368 κοινωνίαν
1641 3312 1736 3366 τοῦ

138 3407 500 3477 Μονογενοῦς
525 3403 814 3475 ἐκλήθητε,
849 3401 945 3455 καὶ
972 3398 1278 3470 ἀνθρώποις
1316 3397 1539 3461 ἑαυτοὺς
1573 3411 1741 3466 προσ-

137 3495 394 3564 νέμετες
429 3490 484 3543 τί
522 3488 726 3557 ταύτης
756 3486 854 3554 τῆς
887 3483 1202 3551 ἀθλιότητος
1225 3484 1444 3553 χεῖρον;
1481 3481 1593 3564 Καὶ
1624 3479 1741 3564 πῶς

139 3562 463 3646 unum;
516 3571 617 3625 Διά
655 3568 747 3623 τοῦ
775 3568 1009 3637 Πατρός.
1064 3564 1281 3635 Ἐπειδὴ
1330 3565 1441 3633 γὰρ
1477 3563 1545 3616 δι’
1576 3562 1739 3615 αὑτοῦ

139 3662 250 3715 καὶ
286 3660 347 3712 ἐν
384 3657 534 3726 αὑτῷ
582 3652 819 3724 συνεχῶς
853 3652 1007 3720 ἐλεγε
1043 3649 1173 3722 περὶ
1200 3649 1295 3702 τοῦ
1333 3647 1488 3713 Υἱοῦ,
1529 3649 1618 3701 ἵνα
1665 3648 1741 3718 μὴ

137 3742 483 3813 νομίσωσιν,
510 3740 592 3793 ὅτι
627 3738 701 3801 ὡς
745 3736 1027 3797 ἐλάττονος
1069 3731 1234 3788 αὑτοῦ
1276 3731 1419 3787 οῦτω
1450 3734 1739 3803 μέμνηται,

139 3825 524 3898 προσένειμεν
557 3821 690 3876 αὑτὸ
726 3818 804 3889 τῷ
853 3816 1046 3888 Πατρί.
1084 3816 1158 3869 Οὐ
1190 3818 1296 3887 γάρ
1331 3816 1421 3869 διὰ
1466 3814 1621 3868 τοῦδε
1649 3814 1744 3867 καὶ

136 3910 347 3973 τοῦδε,
379 3906 567 3978 φησιν,
596 3902 734 3959 ἀλλὰ
759 3902 846 3955 διὰ.
874 3899 971 3954 τοῦ
1002 3899 1215 3971 Πατρὸς
1244 3898 1532 3971 ἐκλήθητε,
1555 3899 1623 3952 δι’
1642 3900 1743 3952 αὑ-

137 3993 247 4048 τοῦ
299 3992 402 4045 καὶ
441 3986 855 4056 ἐπλουτίσθητε.
892 3984 1061 4038 Πάλιν
1095 3983 1381 4055 ἐκλήθητε,
1436 3983 1538 4037 οὑκ
1589 3981 1743 4037 αὑτοὶ

139 4073 523 4148 προσήλθετε.
569 4070 634 4124 Τί
676 4069 733 4123 δέ
766 4070 933 4134 ἐστιν,
960 4069 1066 4133 Είς
1103 4068 1422 4121 κοινωνίαν
1459 4066 1564 4121 τοῦ
1608 4065 1743 4120 Υίοῦ

137 4158 385 4221 αὐτοῦς
415 4158 682 4209 Ἄκουσον
712 4151 875 4206 αὑτοῦ
905 4150 1063 4204 τοῦτο
1091 4151 1222 4204 αὑτὸ
1261 4150 1593 4221 σαφέστερον
1630 4150 1745 4203 ἐτέ-

143 4244 295 4317 ρωθι
320 4243 597 4310 λέγοντος·
620 4241 687 4294 El
714 4237 1111 4307 ὑπομένομεν,
1137 4235 1235 4289 καὶ
1261 4236 1746 4317 συμϐασιλεύσο-

133 4315 298 4401 μεν·
329 4330 387 4381 εὶ
416 4321 1029 4392 συναποθνήσκομεν,
1072 4320 1169 4374 καί
1199 4319 1565 4390 συζήσομεν.
1589 4315 1741 4382 Εἶτα,

140 4410 352 4481 ἐπειδὴ
409 4410 553 4480 μέγα
585 4408 794 4479 εἴρηκε,
835 4403 1142 4477 προσέθηκε
1182 4404 1277 4456 καὶ
1308 4402 1566 4473 λογισμὸν
1606 4402 1745 4473 πλη-

144 4493 430 4566 ροφορίαν
471 4492 664 4562 ἔχοντα
692 4488 1109 4561 ἀναντίρρητονο
1141 4484 1363 4552 Πιστὸς
1388 4486 1517 4557 γάρ,
1558 4488 1743 4558 φησὶν,

142 4582 181 4633 ὁ
216 4579 411 4642 Θεός*
442 4574 717 4628 τουτέστιν
769 4572 995 4644 ἀληθής.
1028 4571 1090 4624 Et
1146 4569 1203 4622 δὲ
1241 4569 1466 4642 ἀληθὴς,
1501 4570 1537 4625 ἃ,
1570 4574 1745 4642 gmw-

142 4662 386 4732 γείλατο
414 4660 509 4714 καὶ
535 4659 781 4729 ποιήσει·
812 4654 1178 4726 ἐπηγγείλατο
1205 4653 1262 4707 δὲ
1288 4654 1573 4717 κοινωνοὺς
1599 4655 1745 4727 ἡμᾶς

142 4749 418 4819 ποιήσειν
462 4742 557 4796 τοῦ
610 4739 929 4813 μονογενοῦς
963 4738 1088 4792 Υἱοῦ
1111 4752 1127 4768 ⁸
1178 4739 1272 4792 ἐπὶ
1317 4736 1476 4790 τοῦτο
1514 4738 1622 4808 γάρ
1654 4739 1747 4792 καὶ

143 4832 460 4886 ἐκάλεσεν·
507 4824 894 4896 ἀμεταμέλητα
934 4822 1041 4893 γὰρ
1084 4820 1154 4874 τὰ
1206 4822 1522 4893 χαρίσματα
1558 4820 1745 4886 αὑτοῦ,

144 4917 251 4971 καὶ
282 4918 317 4987 ή
369 4913 565 4982 κλῆσις
597 4908 689 4962 τοῦ
739 4906 895 4961 Θεοῦ.
939 4905 1124 4960 Ταῦτα
1149 4905 1205 4959 δὲ
1247 4908 1627 4976 προοικονομεῖ
1653 4905 1746 4959 νῦν

143 5004 214 5055 ἐν
247 5000 331 5069 τῷ
377 4997 547 5066 λόγῳ,
589 4992 729 5047 ὥστε
774 4992 848 5064 μή
886 4992 1021 5062 μετά
1049 4991 1107 5044 τὸ
1142 4990 1369 5062 σφοδρὸν
1413 4989 1522 5043 τῶν
1552 4990 1748 5061 ἐγκλη-

150 5085 357 5155 μάτων
388 5082 471 5143 είς
511 5078 818 5144 ἀπόγνωσιν
847 5076 1046 5139 αὐτοὺς
1073 5077 1351 5146 ἐμπεσεῖν.
1385 5074 1610 5136 Πάντως
1639 5074 1749 5147 γὰρ

144 5172 225 5222 τὰ
259 5165 423 5237 παρά
452 5162 547 5216 τοῦ
588 5161 722 5214 Θεοῦ
751 5160 961 5230 ἕψεται,
1000 5158 1067 5212 ἂν
1105 5158 1178 5230 μὴ
1216 5159 1421 5230 σφόδρα
1460 5161 1621 5229 ἡμεῖς
1644 5161 1749 5230 ἁφ-

143 5254 513 5325 ηνιάσωμενο
582 5246 832 5315 καθάπερ
891 5244 941 5298 οἱ
988 5244 1228 5299 Ἰουδαῖοι
1282 5242 1605 5315 καλούμενοι
1649 5244 1749 5298 οὑκ

147 5335 355 5408 ἤθελον
382 5330 644 5396 δέξασθαι
668 5328 739 5381 τὰ
771 5328 970 5396 ἀγαθά.

228 5441 408 5496 Τοῦτο
433 5439 490 5491 δὲ
512 5437 697 5493 οὑκέτι
722 5435 816 5489 τοῦ
838 5434 1125 5498 καλοῦντος
1142 5430 1230 5509 ἦν,
1253 5434 1388 5489 ἀλλὰ
1408 5435 1505 5507 τῆς
1526 5436 1748 5489 ἐκείνων

148 5524 583 5596 ἀγνωμοσύνης.
612 5521 781 5580 Αὑτὸς
810 5521 907 5589 μὲν
928 5518 1034 5590 γὰρ
1057 5506 1305 5573 ἐϐούλετο
1323 5520 1526 5583 δοῦναι,
1551 5523 1749 5574 ἐκεῖνοι

144 5613 238 5676 δὲ,
255 5611 333 5683 μὴ
355 5608 685 5680 θελήσαντες
699 5605 901 5669 λαϐεῖν,
924 5605 1149 5668 ἑαυτοὺς
1164 5604 1437 5670 ἐξέϐαλον.
1450 5605 1513 5657 Εί
1530 5604 1748 5676 μὲνγὰρ

149 5699 245 5757 εἰς
269 5693 530 5747 ἐπίπονον
556 5691 653 5743 καὶ
680 5688 975 5758 ἐπίμοχθον
996 5688 1176 5743 ἐκάλει
1207 5690 1459 5760 πρᾶγμα,
1490 5689 1587 5741 οὑκ
1608 5684 1748 5761 ἦσαν

150 5780 265 5851 μὲν
292 5777 418 5831 οὑδὲ
436 5774 583 5828 οὕτω
614 5766 944 5850 συγγνώμης
965 5773 1103 5839 ἄξιοι
1132 5771 1577 5845 παραιτούμενοι,
1608 5772 1747 5843 πλὴν

138 5863 274 5923 ἀλλ’
306 5858 453 5935 εῖχον
484 5860 623 5919 αὑτὸ
643 5858 801 5915 τοῦτο
819 5859 995 5930 λέγειν
1015 5874 1029 5891 ο
1054 5859 1118 5916 Εἰ
1139 5859 1195 5913 δὲ
1228 5857 1327 5921 ἐπὶ,
1340 5857 1623 5930 καθαρμὸν
1651 5856 1744 5913 καὶ

1821 312 2169 388 δικαιοσύνην
2194 315 2289 371 καὶ
2316 314 2588 387 άγιασμὸν
2615 320 2709 371 καὶ
2727 314 3102 390 ἀπολύτρωσιν
3124 318 3217 374 καὶ
3234 321 3395 394 χάριν

1824 398 1960 450 καὶα
2014 398 2242 470 δωρεὰν,
2298 401 2391 454 καὶ
2433 400 2501 454 τά
2552 400 3045 471 παρεσκευασμένα
3093 401 3295 469 ἀγαθά,
3359 403 3398 458 ἃ

1823 480 2101 552 ὀφθαλμὸς
2148 483 2246 537 οὑκ
2280 478 2409 550 εἶδε,
2456 484 2550 539 καὶ
2576 480 2667 547 οὖς
2695 486 2795 538 οὑκ
2823 485 3043 555 ἤκουσε,
3091 486 3185 538 καὶ
3213 486 3344 550 Θεὸς
3368 486 3399 540 ὁ

1825 564 2029 625 καλῶν,
2062 565 2155 619 καὶ
2186 566 2251 619 δι’
2276 567 2470 620 ἐαυτοῦ
2498 566 2699 631 καλῶν,
2731 567 2889 630 ποίας
2922 566 2988 620 ἂν
3020 562 3128 620 εἷεν
3150 568 3398 635 συγγνώ-

1827 664 1933 716 μης
1959 646 2096 713 ἄξιοι
2130 649 2179 702 οί
2215 650 2288 720 μὴ
2322 650 2781 721 προστρέχοντες;
2815 648 2906 720 Μὴ
2935 650 3115 704 τοίνυν
3141 651 3233 704 τὸν
3267 651 3401 705 Θεὸν

1824 730 2092 784 αἰτιάσθω
2129 749 2232 796 τις.
2267 734 2341 786 Οὑ
2375 734 2483 803 γάρ
2510 734 2661 804 παρὰ
2688 733 2778 785 τὸν
2807 732 3071 787 καλοῦντα
3100 733 3308 801 γίνεται
3340 733 3401 787 τὸ

1827 811 1901 883 μὴ
1941 814 2249 878 πιστεῦσαι,
2282 816 2417 869 ἀλλὰ
2445 817 2594 887 παρὰ
2636 816 2767 879 τοὺς
2807 815 3221 886 ἀποπηδῶντας.
3261 814 3401 868 Ἀλλ’

1824 896 1953 957 ἔδει,
1980 898 2133 967 φησὶ,
2170 898 2264 952 καὶ
2302 898 2535 961 ἄκοντας
2573 899 2879 965 ἐναγαγείν.
2913 898 3161 966 “Ἀπαγε’
3199 899 3259 950 οὑ
3293 897 3402 969 γάρ

1827 977 2074 1049 βιάζεται
2120 981 2240 1035 οὑδέ
2291 981 2608 1052 ἀναγκάζει.
2670 983 2767 1047 Τίς
2824 982 2932 1051 γάρ
2980 983 3070 1035 ἐπὶ
3097 981 3261 1052 τιμὰς
3309 982 3403 1034 καὶ

1826 1064 2125 1134 στεφάνους
2150 1065 2244 1117 καὶ
2277 1066 2510 1136 εὐωχίας
2536 1065 2630 1119 καὶ
2654 1066 2988 1137 πανηγύρεις
3016 1065 3214 1129 καλῶν,
3243 1066 3404 1119 ἄκον-

1825 1164 1924 1212 τας
1965 1148 2061 1201 καὶ
2089 1147 2406 1219 δεδεμένους
2452 1151 2630 1216 ἐλκεις
2668 1153 2780 1204 Οὑκ
2813 1152 2956 1203 ἔστιν
2995 1150 3197 1214 οὐδείς⁸
3244 1148 3404 1202 τοῦτο

1826 1231 1937 1303 γὰρ
1971 1231 2282 1303 ὑϐρίζοντός
2327 1236 2495 1288 ἐστιν.
2536 1235 2630 1298 Εἰς
2664 1235 2888 1303 γέενναν
2916 1233 3146 1295 ἄκοντας
3176 1232 3400 1302 πέμπει,

1827 1317 1908 1379 είς
1928 1316 1983 1368 δέ
2014 1314 2128 1388 [12]
2166 1316 2441 1387 βασιλείαν
2473 1318 2698 1380 ἐκόντας
2729 1316 2882 1370 καλεῖ
2901 1333 2915 1344 ο
2941 1318 3020 1379 εὶς
3043 1316 3104 1368 τὸ
3132 1313 3241 1385 πῦρ
3261 1314 3403 1367 δεδε·
3445 1311 3451 1317 ’

1831 1399 2025 1469 μένους
2061 1398 2184 1467 άγει
2218 1400 2311 1454 καὶ
2333 1401 2687 1471 οἰμώζοντας,
2724 1404 2802 1464 είς
2833 1401 2890 1453 δὲ
2919 1400 2984 1452 τά
3023 1399 3189 1470 μυρία
3223 1397 3405 1465 ἀγαθά

1827 1481 1924 1551 οὑχ
1956 1481 2159 1546 οὑτως·
2190 1484 2312 1537 ἐπεὶ
2339 1484 2496 1539 τοῦτο
2520 1487 2612 1540 καὶ
2642 1486 2780 1538 αὑτὰ
2802 1482 3072 1537 διαϐάλλει
3103 1483 3172 1535 τά
3201 1480 3403 1550 ἀγαθά,

1830 1565 1879 1616 εἱ
1908 1564 1981 1634 μὴ
2023 1566 2247 1636 τοιαύτη
2280 1568 2459 1621 αὑτῶν
2491 1570 2637 1621 ἐστιν
2674 1570 2705 1639 ἡ
2734 1566 2914 1638 φύσις,
2952 1566 3026 1631 ῶς
3057 1565 3153 1619 καὶ
3184 1565 3408 1627 ἐκόντας

1832 1648 2218 1718 προσδραμεῖν,
2254 1650 2347 1703 καὶ
2376 1652 2536 1723 χάριν
2561 1652 2769 1713 είδότας
2796 1650 3017 1721 πολλήν.

1900 1736 1968 1798 γ’.
1990 1732 2098 1784 Καὶ
2120 1731 2283 1785 πόθεν
2302 1734 2363 1787 οὑ
2376 1737 2577 1798 πάντες
2593 1734 2731 1788 αὑτὰ
2746 1732 3048 1806 αἱροῦνται,
3068 1730 3229 1803 φησί;
3247 1728 3409 1801 Παρά

1830 1811 1928 1883 τήν
1970 1813 2178 1868 οἰκείαν
2210 1815 2512 1871 ἀσθένειαν.
2557 1817 2667 1870 Καὶ
2697 1817 2838 1879 τίνος
2883 1816 3069 1869 ἐνεκεν
3104 1813 3282 1867 αὑτῶν
3307 1813 3410 1867 οὑκ

1832 1897 2090 1952 ἐκκόπτει
2121 1900 2219 1970 τὴν
2244 1900 2563 1968 άσθένειαν;
2590 1900 2701 1956 Καὶ
2730 1900 2867 1965 πῶς,
2897 1899 3017 1953 εἰπέ
3043 1916 3154 1970 μοι,
3181 1899 3274 1951 καὶ
3303 1898 3409 1951 τίνι

1831 1981 2019 2053 τρόπῳ
2057 1982 2286 2053 ἐκκόψαι
2335 1985 2538 2056 ἐχρῆν;
2574 1983 2695 2055 οὐχὶ
2723 1983 2900 2037 κτίσιν
2943 1982 3238 2053 εἰργάσατο
3265 1980 3410 2033 διδά-

1834 2082 2072 2120 σκουσαν
2101 2068 2264 2121 αὑτοῦ
2307 2068 2403 2140 τήν
2440 2066 2847 2139 φιλανθρωπίαν
2879 2066 2973 2120 καὶ
3002 2066 3101 2136 τὴν
3144 2065 3408 2135 δύναμιν;

1836 2152 1901 2202 Ol
1952 2151 2194 2218 οὐρανοὶ
2250 2150 2377 2222 γάρ,
2419 2152 2573 2222 φησὶ,
2618 2150 2961 2221 διηγοῦνται
3007 2148 3195 2213 δόξαν
3237 2146 3407 2202 Θεοῦ.

1833 2231 1966 2302 Οὑχὶ
1996 2233 2091 2287 καὶ
2128 2235 2414 2305 προφήτας
2447 2234 2711 2305 έπεμψεν;
2760 2234 2881 2303 οὑχ).
2924 2233 3020 2287 καὶ
3056 2232 3282 2285 ἐκάλεσε
3316 2230 3411 2284 καὶ

1833 2317 2125 2388 ἐτίμησεν;
2165 2317 2284 2389 οὑχὶ
2319 2317 2872 2391 ἐθαυματούργησεν;
2911 2318 2971 2371 οὑ
3026 2317 3190 2387 νόμον
3241 2316 3411 2369 ἐδωκε

1833 2401 1930 2453 καὶ
1964 2402 2209 2470 γραπτὸν
2238 2402 2333 2457 καὶ
2377 2402 2639 2471 φυσικόν;
2669 2403 2730 2455 οὑ
2762 2401 2853 2455 τὸν
2884 2401 3011 2455 Υίὸν
3055 2398 3410 2462 άπέστειλεν;

1833 2485 1933 2539 οὑκ
1961 2486 2291 2551 ἀποστόλους
2321 2486 2599 2557 έπεμψενς
2630 2486 2690 2540 οὑ
2743 2488 2946 2558 σημεῖα
2988 2486 3312 2555 εἰργάσατο;
3348 2482 3411 2536 οὑ

1833 2570 2058 2638 γέενναν
2104 2572 2434 2642 ήπείλησεν;
2487 2572 2547 2624 οὑ
2600 2571 2876 2641 βασιλείαν
2900 2569 3299 2641 ἐπηγγείλατο;
3349 2568 3411 2622 οὑ

1834 2655 1956 2708 καθ’
2010 2656 2247 2728 ἑκάστην
2286 2656 2501 2727 ἡμέραν
2541 2654 2821 2708 ἀνατέλλει
2880 2654 2972 2708 τὸν
3013 2653 3162 2724 ἥλιον
3209 2650 3411 2717 αὐτοῦς

1834 2740 1952 2809 οὐχὶ
2005 2738 2147 2810 άπερ
2196 2738 2482 2803 ἐπέταξεν,
2536 2737 2708 2801 οὕτως
2747 2736 2946 2790 εὑκολα
2995 2738 3090 2790 καὶ
3129 2735 3307 2808 ῥᾴδια,
3337 2734 3413 2799 ὡς

1836 2822 2065 2886 πολλοὺς
2093 2822 2442 2894 ὑπερϐαίνειν
2471 2820 2635 2875 αὑτοῦ
2668 2822 2734 2874 τὰ
2763 2821 3164 2893 προστάγματα
3211 2821 3277 2890 τῇ
3315 2835 3413 2871 πε-

1841 2906 2051 2978 ριουσίᾳ
2083 2908 2181 2978 τῆς
2211 2906 2559 2977 φιλοσοφίας
2597 2906 2657 2959 Τί
2687 2905 2809 2959 ἔδει
2848 2904 3097 2973 ποιῆσαι
3122 2903 3203 2970 τῷ
3226 2904 3414 2973 ἀμπε-

1837 2989 2006 3051 λῶνι,
2048 2990 2147 3043 καὶ
2201 2992 2312 3044 οὐκ
2358 2989 2654 3055 ἐποίησα;
2682 2989 2792 3041 Καὶ
2838 2986 2926 3040 διὰ
2959 2988 3012 3039 τί
3048 2988 3123 3059 μὴ
3162 2986 3414 3057 ἐποίησεν

1836 3076 1968 3145 ἡμῖν
1990 3074 2224 3145 φυσικὴν
2249 3075 2348 3144 τὴν
2369 3074 2588 3140 γνῶσιν,
2624 3073 2775 3142 φησι,
2805 3071 2898 3123 καὶ
2922 3071 3022 3138 τὴν
3055 3070 3292 3141 ἀρετήν;
3320 3069 3415 3132 Τίς

1837 3158 2013 3211 ταῦτά
2050 3173 2249 3226 φησιν;
2284 3158 2312 3210 6
2336 3156 2536 3227 Ἕλλην
2566 3156 2599 3226 ἢ
2630 3158 2658 3209 6
2688 3153 3041 3225 Χριστιανὸς;
3093 3153 3414 3222 Ἀμφότεροι

1843 3242 1963 3312 μὲν,
1996 3240 2110 3293 ἀλλ’
2137 3241 2235 3311 οὑχ
2272 3240 2412 3310 ὑπὲρ
2437 3239 2545 3292 τῶν
2572 3238 2751 3291 αὑτῶν
2771 3253 2784 3267 ⁸
2816 3235 2930 3290 ἀλλ’
2964 3237 2993 3290 6
3027 3235 3125 3306 μὲν
3155 3235 3295 3305 ὑπὲρ
3317 3234 3415 3305 τῆς

1840 3323 2113 3394 γνώσεως,
2163 3324 2191 3376 6
2240 3322 2297 3376 δὲ
2332 3324 2472 3395 ὑπὲρ
2522 3320 2617 3375 τοῦ
2682 3320 2796 3390 βίου
2855 3319 3167 3391 φιλονεικεῖ.
3210 3317 3419 3372 Οὐκοῦν

1840 3408 2059 3480 πρῶτον
2117 3406 2255 3479 πρὸς
2299 3406 2391 3459 τὸν
2441 3405 2709 3476 ἡμέτερον
2757 3402 3023 3475 ἐροῦμεν·
3067 3402 3128 3454 οὑ
3160 3400 3421 3454 τοσοῦτον

1840 3492 1950 3564 γάρ
1978 3490 2066 3562 μοί
2090 3492 2237 3544 ἐστιν
2256 3489 2365 3542 τῶν
2387 3488 2491 3553 ἔξω
2510 3487 2690 3557 λόγος,
2714 3487 2838 3540 ὅσον
2859 3486 2967 3539 τῶν
2983 3484 3199 3538 οἰκείων
3221 3483 3418 3554 μελῶν.

1842 3576 1907 3628 Τί
1952 3572 2046 3628 οῦν
2089 3591 2254 3645 φησιν
2291 3575 2318 3626 6
2351 3572 2710 3644 Χριστιανός;
2744 3570 2923 3642 Λὺτὴν
2954 3570 3062 3624 ἔδει
3089 3569 3187 3640 τὴν
3219 3568 3423 3638 γνῶσιν

1842 3661 1971 3731 ήμῖν
2002 3657 2234 3712 ἐνθεῖναι
2263 3657 2361 3726 τῆς
2391 3655 2610 3725 ἀρετῆς.
2658 3653 2912 3724 Ἐνέθηκε
2944 3653 3042 3724 μὲν
3073 3648 3163 3706 οῦν
3183 3668 3197 3683 ’
3233 3653 3281 3704 εἰ
3312 3651 3422 3723 γάρ

1846 3743 1921 3816 μὴ
1964 3742 2220 3814 ἐνέθηκε,
2254 3740 2419 3794 πόθεν
2454 3739 2674 3810 ᾔδειμεν
2721 3737 2790 3791 τά
2823 3737 3072 3809 πρακτέα
3119 3736 3215 3791 καὶ
3241 3735 3310 3790 τὰ
3345 3735 3422 3808 μὴ

1844 3826 2124 3899 πρακτὲα;
2160 3824 2321 3878 πόθεν
2365 3825 2414 3877 οί
2464 3824 2620 3893 νόμοι
2656 3821 2845 3876 καὶτὰ
2873 3819 3226 3891 δικαστήριας
3281 3816 3422 3871 Ἀλλ’

1842 3911 1904 3964 οὑ
1951 3912 2049 3982 τὴν
2106 3909 2326 3979 γνῶσιν,
2377 3907 2515 3961 ἀλλὰ
2544 3905 2645 3978 τὴν
2687 3904 2884 3976 πρᾶξιν
2916 3904 3108 3975 αὑτήν.
3142 3902 3252 3957 Καὶ
3280 3902 3423 3967 τίνος
3480 3918 3485 3923 ’

1844 3994 2067 4065 ἔμελλες
2116 3992 2413 4065 λαμϐάνειν
2461 3990 2553 4044 τὸν
2609 3989 2818 4060 μισθὸν,
2861 3990 2909 4042 εί
2954 3988 3014 4041 τὸ
3048 3988 3156 4042 πᾶν
3200 3986 3423 4056 ἔμελλεν

1846 4078 2063 4131 ἐσεσθαι
2089 4076 2182 4130 τοῦ
2206 4076 2342 4129 Θεοῦ
2366 4091 2380 4141 ;
2411 4075 2545 4128 Εἰπὲ
2568 4073 2677 4143 γάρ
2703 4090 2813 4143 μοι,
2847 4073 2907 4125 σὲ
2939 4071 3031 4124 καὶ
3060 4070 3152 4124 τὸν
3186 4069 3425 4141 ’Ἕλληνα

1847 4164 2258 4234 ἁμαρτάνοντας
2307 4160 2507 4230 ὁμοίως
2553 4160 2582 4213 6
2626 4158 2758 4221 Θεὸς
2806 4156 3058 4221 κολάζει;
3115 4154 3419 4226 Οὐδαμῶςσ

1847 4247 1991 4318 ἔχεις
2014 4247 2123 4316 γάρ
2151 4245 2288 4308 τέως
2316 4245 2414 4314 τήν
2445 4243 2553 4297 ἀπὸ
2577 4244 2676 4309 τῆς
2702 4239 2953 4310 γνώσεως
2986 4237 3318 4311 παρρησίαν.
3356 4235 3423 4290 Τί

1847 4328 1957 4397 οὖν,
1990 4331 2043 4384 εί
2062 4347 2146 4393 τις
2175 4328 2283 4400 ἄρα
2317 4324 2437 4381 εἷπε
2478 4326 2593 4389 νῦν,
2622 4327 2703 4380 ὅτι
2750 4323 2891 4394 ὑπὲρ
2920 4323 3019 4393 τῆς
3046 4320 3300 4392 γνώσεως
3332 4321 3426 4373 καὶ

1850 4416 1914 4469 σὺ
1946 4415 2039 4468 καὶ
2065 4416 2093 4468 6
2123 4413 2320 4484 Ἕλλην
2348 4410 2455 4464 τῶν
2482 4408 2660 4465 αὑτῶν
2686 4406 3074 4477 ἀξιωθήσεσθε,
3100 4400 3209 4477 ἆρα
3237 4405 3335 4458 οὑκ
3356 4404 3424 4457 ἂν

1848 4499 2242 4570 ἐδυσχέρανας;
2284 4496 2497 4564 Ἔγωγε
2530 4487 2683 4563 οἶμαι
2704 4507 2717 4521 ·
2739 4487 2889 4553 εἶπες
2921 4489 3031 4559 γὰρ
3060 4488 3147 4553 ἂν,
3181 4488 3261 4541 ὅτι
3283 4487 3422 4558 έχων

1848 4584 2029 4655 εὑρεῖν
2074 4579 2283 4635 οἴκοθεν
2315 4580 2344 4632 6
2371 4576 2569 4646 Ἕλλην
2612 4574 2708 4645 τὴν
2750 4571 2972 4655 γνῶσιν,
3013 4571 3114 4655 οὑκ
3137 4570 3419 4655 ἠθέλησεν.

1852 4653 1949 4721 Ἂν
1980 4660 2071 4720 οῦν
2097 4664 2190 4719 καὶ
2211 4665 2416 4725 ἐκεῖνος
2438 4661 2595 4732 λέγῃ,
2625 4659 2708 4712 ὅτι
2735 4656 2882 4709 Ἔδει
2909 4654 3000 4709 τὸν
3030 4653 3161 4707 Θεὸν
3191 4653 3423 4708 ἐνθεῖναι

1847 4754 1945 4823 τὴν
1993 4750 2194 4820 γνῶσιν
2239 4749 2368 4820 ήμῖν
2417 4742 2683 4814 φυσικῶς,
2732 4740 2854 4810 οὑχὶ
2904 4738 3274 4823 καταγελάσῃ,
3316 4740 3427 4823 καὶ.

1848 4821 1985 4909 πρὸς
2030 4832 2190 4889 αὑτὸν
2229 4833 2392 4903 ἐρεῖς,
2424 4829 2522 4882 Διὰ
2554 4826 2606 4881 τί
2656 4822 2876 4909 γὰρμὴ
2913 4823 3212 4909 ἐζήτησαςς
3253 4821 3341 4909 διά
3357 4822 3423 4909 τί

1852 4905 1926 4993 μή
1973 4918 2334 4979 ἐσπούδασας,
2387 4911 2638 4981 καθάπερ
2695 4907 2840 4977 ἐγώ;
2896 4908 2990 4993 καλ.
3052 4906 3201 4993 μετά
3219 4905 3424 4993 πολλῆς

1852 4990 2024 5076 στήσῃ
2049 5003 2149 5073 τῆς
2171 4998 2504 5072 παρρησίας,
2548 4994 2643 5049 καὶ
2671 4995 2837 5065 ἐρεῖς,
2862 4990 3154 5076 ὃτιᾼάνοίας
3188 4990 3424 5076 ἐσχάτης

1848 5084 1916 5160 ἦν
1938 5072 2284 5156 ⁷τὸέγκαλεῖν
2317 5081 2394 5152 τῷ
2421 5079 2559 5148 Θεῷ,
2588 5080 2670 5132 ὃτι
2702 5076 2775 5148 μὴ
2799 5078 2864 5147 τῇ
2900 5074 3059 5144 φύσει
3088 5074 3188 5160 τὴν
3219 5072 3422 5160 γνῶσιν

1851 5156 2108 5241 ἐ-νέθηκε;
2149 5167 2329 5221 Ταῦτα
2356 5165 2413 5219 δὲ
2447 5166 2612 5236 ἐρεῖς,
2642 5160 2825 5229 ἐπειδή
2862 5177 2943 5212 σοι
2966 5156 3325 5241 κατώρθωται
3354 5156 3424 5209 τὰ

1849 5258 1949 5327 τῆς
1988 5239 2267 5324 γνώσεως·
2302 5251 2442 5304 οὑτω
2483 5246 2673 5302 καὶτὰ
2697 5243 2790 5298 τοῦ
2820 5241 2934 5314 βίου
2981 5244 3028 5294 εἰ
3072 5239 3420 5311 κατῶρθωτο,

1850 5323 1950 5395 οὑκ
1980 5323 2045 5394 ἂν
2065 5339 2237 5393 ταῦτα
2263 5337 2553 5406 ἐζήτησας,
2574 5330 2688 5385 ἀλλ’
2712 5327 2897 5398 ἐπειδὴ
2927 5325 3263 5395 ἀποκάμνεις
3286 5323 3424 5395 πρὸς

1850 5426 1948 5498 τήν
1984 5423 2204 5495 ἀρετὴν,
2235 5422 2321 5475 διὰ
2351 5419 2508 5472 τοῦτο
2547 5417 2672 5479 τοὺς
2718 5414 2978 5485 ἀνοήτους
3031 5408 3251 5472 τούτους
3285 5424 3421 5471 προ-

1851 5492 2033 5580 ϐάλλῃ⁷
2054 5492 2263 5575 λόγους.
2308 5504 2430 5567 Πῶς
2478 5504 2535 5556 δέ
2582 5502 2677 5554 καὶ
2728 5499 2895 5570 ἐχρῆν
2934 5496 3157 5567 ποιῆσαι
3206 5492 3427 5562 ἀνάγκη

1848 5593 2094 5663 γίνεσθαι
2127 5590 2321 5653 καλόν;
2359 5586 2566 5642 Οὐκοῦν
2596 5584 2818 5655 ἔμελλεν
2845 5584 2975 5654 ἡμῖν
3016 5580 3084 5634 τά
3123 5580 3289 5663 άλογα
3338 5595 3427 5647 φι-

1848 5662 2109 5733 λονεικεῖν
2138 5675 2238 5745 τῆς
2276 5674 2496 5745 ἀρετῆς,
2530 5672 2624 5725 ac:
2655 5668 2809 5741 ἡμῶν
2848 5664 2962 5740 [15]
3012 5662 3424 5736 σωφρονέστερα

1909 5861 1927 5886 ⁸
1952 5861 2093 5915 Alius
2120 5857 2255 5913 addit
2280 5856 2361 5906 καὶ
2393 5851 2653 5904 υἱοθεσίαν.
