3864 6216
473 270 538 326 ει
1059 293 1062 295 λ
1256 260 1316 344 8.
1347 257 1638 317 JOANNIS
1674 257 2168 319 CHBYSOSTOMI
2207 259 2526 317 ARCHIEP.
2570 255 3124 319 CONSTAINTINOP.
3683 265 3735 320 22

470 387 589 442 ἔνια
631 382 779 439 ὄντα.
839 378 978 436 Ἀλλ’
1031 377 1353 451 ἐϐουλόμην,
1407 377 1596 448 φησὶν,
1651 373 1792 432 εἶναι
1846 379 2066 451 ἀνάγκη

469 469 657 534 καλὸς,
706 467 802 522 1:61
841 465 1059 520 πάντων
1108 462 1531 532 ἀποστερεῖσθαι
1578 461 1690 516 τῶν
1751 463 1982 534 μισθῶν,
2030 462 2064 530 ἢ

473 552 796 626 προαιρέσει
819 549 1042 619 φαῦλος,
1072 549 1166 602 καὶ
1195 546 1522 612 κολάζεσθαι
1561 547 1654 602 καὶ
1677 547 2062 618 τιμωρεῖσθαι.

485 639 628 694 Ἀλλ’
655 637 756 692 061:
778 635 924 688 ἐστιν
951 633 1166 703 ἀνάγκη
1200 631 1330 684 ποτέ
1359 631 1521 684 καλὸν
1550 627 1711 686 εἶναι.
1744 632 1806 684 Εἰ
1843 631 1942 700 μὲν
1971 626 2066 684 οὖν

475 724 687 793 ἀγνοεῖς
715 720 777 774 τὸ
818 718 1115 790 πρακτέον,
1146 715 1338 781 δεῖξον,
1383 717 1478 770 καὶ
1509 715 1631 769 τότε
1658 714 1890 787 ἐροῦμεν
1926 715 2066 785 ὅπερ

357 859 362 866 .
474 809 654 862 εἰπεῖν
677 805 792 858 δεῖ·
824 805 872 856 εί
895 803 951 856 δέ
981 797 1126 865 οἶδας
1160 800 1403 872 πονηράν
1438 799 1537 871 τὴν
1566 800 1855 868 ἀσέλγειαν
1873 796 2062 863 οὖσαν,

473 889 623 954 ’τίνος
668 889 855 942 ἐνεκεν
884 887 946 940 06
998 884 1220 954 φεύγεις
1263 884 1324 936 τὸ
1360 883 1628 954 nov-1,9611;
1673 883 1747 937 O6
1796 883 2066 953 δύναμαι,

472 973 663 1045 φησίν.
707 971 847 1024 Ἀλλ’
868 969 1043 1040 ἐτεροι
1069 970 1116 1022 οί
1145 966 1213 1020 16
1243 964 1414 1037 μείζω
1452 967 1899 1039 κατορθώσαντες
1937 984 2072 1021 κατ-

475 1055 812 1131 ηγορήσουσί
833 1072 948 1116 σου,
978 1054 1073 1107 καὶ
1101 1051 1514 1123 ἐπιστομίσουσί
1543 1069 1603 1104 σε
1649 1053 1714 1105 ἐκ
1748 1050 2070 1122 περιουσίας

480 1125 701 1210 πολλῆς.
737 1139 808 1192 Σὺ
828 1137 942 1209 μὲν
965 1135 1074 1206 γάρ
1122 1136 1252 1198 ἴσως
1295 1135 1388 1188 καὶ
1417 1134 1558 1204 μετά
1583 1133 1844 1202 γυναικὸς
1894 1133 1970 1186 ὢν
2001 1125 2068 1186 οὐ

481 1227 799 1297 σωφρονεῖς,
837 1223 996 1286 ἀλλος
1047 1221 1104 1276 δὲ
1152 1221 1248 1274 1:61
1274 1219 1446 1290 χωρὶς
1497 1219 1759 1288 γυναικὸς
1812 1219 2071 1289 ἀκέραιον

479 1310 726 1380 διατηρεῖ
751 1305 848 1378 τὴν
883 1304 1125 1374 ἁγνείαν.
1156 1303 1290 1356 Τίνα
1317 1297 1409 1356 οῦν
1441 1301 1584 1372 ἔχεις
1612 1301 1912 1369 ἀπολογίαν
1931 1313 1980 1366 α,
2010 1300 2072 1354 τὸ

485 1393 684 1462 μέτρον
726 1391 786 1445 06
817 1390 1124 1460 φυλάττων,
1159 1386 1348 1458 ἐτέρου
1381 1386 1520 1457 ὑπὲρ
1543 1386 1611 1439 τά
1639 1385 1940 1457 σκάμματα
1963 1401 2073 1456 πηρ

481 1476 713 1541 δῶντος;
759 1474 898 1526 Ἀλλ’
923 1474 1024 1526 061:
1053 1471 1169 1542 είμὶ
1198 1468 1460 1531 τοιοῦτος,
1501 1469 1657 1538 φησὶ,
1688 1468 1782 1521 τοῦ
1823 1466 2074 1537 σώματος

481 1560 582 1628 τὴν
610 1557 823 1628 φύσινῆ
866 1555 964 1627 τὴν
1007 1553 1346 1625 προαίρεσιν.
1389 1551 1606 1621 Ἐπειδὴ
1641 1551 1715 1623 μὴ
1741 1549 1938 1614 θέλεις,
1973 1550 2074 1603 061:

483 1641 670 1711 ἐπειδὴ
717 1639 790 1711 μὴ
819 1639 1074 1692 δύνασαι·
1107 1640 1200 1690 καὶ
1221 1635 1329 1708 γάρ
1357 1634 1609 1704 δείκνυμι
1638 1635 1847 1697 πάντας
1879 1635 2073 1702 ἐπιτη-

479 1723 640 1786 δείως
673 1724 809 1794 πρὸς
838 1721 1038 1793 ἀρετὴν
1071 1719 1318 1791 ἔχοντας.
1373 1719 1438 1772 Ὅ
1481 1721 1591 1788 γάρ
1631 1717 1708 1789 μὴ
1741 1715 1965 1770 δύναταί
1993 1731 2076 1778 τις

479 1808 721 1878 ποιῆσαι,
759 1805 881 1860 ούδέ
922 1804 1170 1875 ἀνάγκης
1211 1803 1568 1873 ἐπικειμένης
1595 1801 1885 1872 δυνήσεται
1919 1799 2076 1870 ποιῆ-

479 1907 596 1944 σαισ
633 1891 680 1943 εἰ
707 1890 764 1943 δὲ
802 1890 1049 1956 ἀνάγκης
1078 1886 1437 1958 ἐπικειμένης
1467 1885 1690 1938 δύναται
1717 1887 1746 1937 6
1785 1882 1860 1956 μὴ
1881 1882 2073 1945 ποιῶν,

480 1974 633 2046 παρά
671 1971 988 2045 προαίρεσιν
1022 1973 1080 2024 ού
1117 1972 1279 2026 ποιεῖ.
1317 1964 1441 2022 Οἷόν
1464 1986 1516 2021 τι
1539 1967 1714 2036 λέγω·
1742 1966 2075 2035 Ἀναπτῆναι

481 2059 578 2112 1:61
620 2058 757 2129 πρὸς
794 2057 886 2112 τὸν
932 2056 1159 2127 οὐρανὸν
1203 2053 1438 2127 ἀρθῆναι
1471 2052 1634 2123 σῶμα
1685 2051 1900 2127 ἔχοντα,
1934 2050 2073 2120 βαρὺ

485 2142 705 2206 πάντως
737 2142 833 2195 1:61
881 2139 1164 2195 ἀδύνατον.
1193 2138 1258 2192 Τί
1279 2133 1392 2204 οὖν,
1424 2139 1471 2190 εί
1501 2135 1754 2207 βασιλεὺς
1799 2134 2074 2200 ἐπιτάξειε

482 2225 642 2280 τοῦτο
673 2225 917 2294 ποιῆσαι,
940 2225 1030 2277 1:61
1059 2222 1288 2278 θάνατον
1308 2221 1576 2293 ἠπείλησε
1603 2219 1798 2289 λέγων,
1819 2219 1902 2272 ὃτι
1934 2217 2074 2280 Τοὺς

486 2308 564 2381 μὴ
593 2309 929 2379 πετομένους
957 2307 1280 2379 ἀνθρώπους
1311 2304 1714 2377 ἀποτέμνεσθαι
1741 2301 1952 2356 κελεύω
1980 2303 2076 2358 καὶ

483 2393 827 2466 καίεσθαι,ῆ
876 2391 1004 2448 ἄλλο
1043 2410 1096 2445 τι
1135 2391 1366 2463 πάσχειν
1399 2390 1662 2452 τοιοῦτον,
1720 2389 1827 2460 ἆρα
1877 2388 1942 2443 ἀν
1991 2405 2077 2451 τις

483 2478 826 2549 ὑπήκουσεν;
865 2476 1159 2546 Οὐδαμῶς·
1209 2473 1271 2530 06
1305 2474 1521 2545 δέχεται
1548 2473 1658 2545 769
1690 2474 1725 2545 ἡ
1763 2472 1944 2542 φύσις.
1978 2471 2076 2524 Ἂν

482 2560 540 2615 δὲ
592 2562 684 2615 ἐπί
734 2559 1090 2633 σωφροσύνης
1137 2559 1198 2612 16
1239 2557 1371 2613 αὐτὸ
1413 2558 1572 2613 τοῦτο
1598 2558 1847 2628 γένηται,
1875 2558 1972 2610 καὶ
2007 2553 2075 2626 θῇ

489 2643 869 2714 διατάγματα,
920 2641 1060 2696 ὥστε
1118 2641 1208 2696 16v
1272 2640 1664 2711 ἀσελγαίνοντα
1721 2636 2072 2704 κολάζεσθαι,

482 2727 756 2789 καίεσθαι,
816 2725 1200 2797 μαστίζεσθαι,
1238 2724 1411 2797 μυρία
1460 2725 1693 2794 πάσχειν
1741 2720 1911 2786 δεινά,
1967 2715 2078 2792 ἆρα

481 2811 585 2864 061:
626 2810 692 2864 ἀν
732 2809 1070 2880 ἐπείσθησαν
1103 2809 1290 2862 πολλοὶ
1341 2807 1420 2878 τῷ
1468 2807 1885 2881 προστάγματι;
1917 2803 2074 2874 Οὐχὶ,

485 2893 652 2964 φησί’
699 2892 794 2946 καὶ
842 2892 950 2963 769
1000 2895 1180 2946 κεῖται
1230 2892 1326 2946 1:61
1355 2891 1448 2945 νῦν
1473 2891 1640 2962 νόμος
1663 2892 1691 2944 6
1724 2887 1966 2942 κελεύων
1999 2886 2076 2957 μὴ

487 2977 784 3050 μοιχεύειν,
814 2978 909 3031 καὶ
929 2977 989 3030 o6
1014 2977 1219 3040 πάντες
1241 2973 1539 3030 πείθονται.
1578 2975 1692 3028 Ούκ
1715 2971 1904 3044 ἐπειδὴ
1927 2973 1954 3024 ὀ
1983 2969 2078 3039 φό-

485 3061 580 3125 ϐος
607 3059 927 3131 ἠσθένησεν,
957 3059 1073 3112 ἀλλ’
1103 3057 1290 3130 ἐπειδὴ
1333 3058 1594 3129 λήσεσθαι
1630 3054 2002 3130 προσδοκῶσιν
2029 3052 2076 3105 οί

485 3144 706 3200 πολλοί·
745 3143 820 3207 ῶς
845 3144 894 3196 εί
929 3145 1112 3215 παρῆν
1147 3144 1332 3206 αὐτοῖς
1365 3141 1709 3211 ἀσελγαίνειν
1743 3136 2078 3212 μέλλουσινό

484 3227 785 3299 νομοθέτης
823 3227 921 3280 καὶ
949 3229 978 3280 6
1022 3225 1281 3291 δικάζων,
1317 3225 1534 3296 ἴσχυσεν
1567 3223 1634 3278 ἀν
1662 3225 1690 3276 6
1715 3223 1878 3292 φόϐος
1910 3220 2077 3273 ἐκϐα-

485 3312 598 3366 λεῖν
627 3309 724 3380 τὴν
754 3308 1071 3380 ἐπιθυμίαν.
1109 3308 1262 3362 Ἐπεὶ
1297 3307 1400 3362 κάν
1428 3307 1690 3361 ἐλάττονα
1721 3305 1924 3374 ταύτης
1962 3303 2080 3357 ἐτέ-

489 3411 591 3468 ραν
626 3394 872 3464 ἀνάγκην
916 3393 1203 3460 ἐπαγάγω,
1249 3394 1343 3448 καὶ
1388 3390 1567 3443 λαϐὼν
1621 3389 1783 3448 αὐτὸν
1826 3387 1936 3442 61:6
1981 3388 2079 3458 τῆς

490 3477 775 3550 ἐρωμένης
827 3476 1086 3544 γυναικὸς
1124 3475 1400 3544 ἀπαγάγω
1443 3477 1537 3529 καὶ
1580 3475 1749 3548 δήσας
1783 3471 2078 3548 καθείρξω,

487 3561 773 3632 δυνήσεται
807 3559 1071 3628 ἐνεγκεῖν,
1099 3560 1194 3612 1:61
1225 3559 1389 3629 μηδὲν
1422 3558 1616 3611 παθεῖν
1652 3557 1836 3631 ἀηδές.

559 3648 652 3717 Μὴ
682 3646 862 3700 τοίνυν
888 3645 1158 3716 λέγωμεν,
1185 3643 1268 3698 ὅτι
1298 3646 1325 3697 6
1350 3645 1498 3698 δεῖνα
1531 3643 1693 3712 φύσει
1719 3641 1904 3706 καλὸς,
1931 3642 2026 3695 1:61
2051 3640 2080 3693 6

487 3730 638 3783 δεῖνα
681 3729 839 3798 φύσει
882 3729 1071 3792 κακός.
1113 3729 1174 3782 Et
1207 3728 1316 3798 γάρ
1360 3728 1519 3796 φύσει
1549 3725 1776 3795 ἀγαθὸς,
1822 3725 2080 3778 οὐδέποτε

488 3813 776 3881 δυνήσεται
810 3811 1064 3880 γενέσθαι
1098 3812 1268 3874 κακός
1288 3828 1301 3841 ·
1349 3811 1443 3864 καὶ
1474 3813 1522 3863 εἰ
1553 3811 1715 3877 φύσει
1748 3811 1915 3872 κακὸς
1937 3847 1952 3870 ,
1980 3808 2081 3860 061:

419 3963 422 3966 .
490 3897 557 3952 ἀν
595 3914 722 3950 ποτε
752 3897 961 3965 γένοιτο
1002 3895 1228 3964 ἀγαθός.
1255 3895 1369 3948 Νῦν
1399 3894 1454 3948 δὲ
1483 3894 1704 3967 ὁρῶμεν
1741 3892 2081 3964 ὀξυρρόπους

490 3979 591 4044 τὰς
620 3979 941 4050 μεταϐολάς,
977 3980 1072 4032 καὶ
1094 3978 1201 4032 61:6
1230 3977 1434 4032 τούτων
1463 3981 1542 4040 εἰς
1574 3979 1779 4049 θάτερα
1812 3974 2081 4046 μεταϐάλ-

491 4063 704 4128 λοντας,
737 4063 830 4117 καὶ
868 4062 962 4116 ἀπ’
1000 4063 1224 4119 ἐκείνων
1263 4063 1344 4126 είς
1373 4051 1559 4116 ’ταῦτα
1615 4060 2077 4134 μεταπίπτοντας.

493 4146 607 4200 Καὶ
651 4146 822 4199 ταῦτα
851 4147 952 4202 οὐκ
991 4148 1048 4198 ἐν
1088 4149 1209 4209 ταῖς
1244 4145 1488 4216 Γραφαῖς
1535 4145 1684 4212 ἔστιν
1718 4145 1847 4198 ἰδεῖν
1898 4143 2080 4214 μόνον,

493 4223 605 4284 οἷον
639 4231 721 4285 δτι
757 4230 989 4285 τελῶναι
1021 4231 1310 4301 γεγόνασιν
1341 4228 1660 4294 ἀπόστολοι,
1703 4228 1798 4282 1:61
1833 4223 2082 4296 μαθηταὶ

559 4365 576 4388 ⁸
594 4366 690 4416 Alii
713 4368 816 4416 τίνα
853 4369 966 4425 ἔξεις
986 4367 1069 4416 οὖν
1106 4367 1230 4416 ἀπολ

2171 381 2448 451 προδόται,
2481 379 2576 434 1:61
2599 380 2797 451 πόρναι
2827 382 3085 448 γυναῖκες
3115 375 3413 448 σώφρονες,
3445 375 3542 430 καὶ
3563 375 3736 451 λῃσταὶ

2167 464 2568 533 εὐδοκίμησαν,
2601 464 2698 517 1:61
2736 463 2905 533 μάγοι
2940 460 3380 533 προσεκύνησαν,
3413 459 3511 513 καὶ
3538 460 3735 528 ἀσεϐεῖς

2170 550 2248 611 εἰς
2282 547 2564 601 εὐσέϐειαν
2595 546 2926 617 μετέϐαλον.
2968 545 3062 598 ἐπί
3089 562 3148 598 τε
3187 545 3288 613 τῆς
3329 545 3542 616 Καινῆς
3581 546 3668 599 ἐπί
3691 566 3736 601 τε

2167 631 2270 698 τῆς
2297 631 2542 694 Παλαιᾶς
2561 647 2575 660 ο
2618 629 2754 683 ἀλλά
2784 629 2882 684 καὶ
2914 629 3036 696 καθ’
3078 627 3317 698 ἑκάστην
3343 627 3562 698 ἡμέραν
3591 631 3738 684 πολλὰ

2169 717 2397 772 τοιαῦτα
2437 714 2802 785 συμϐαίνοντα
2839 714 2942 768 ῐδοι
2985 731 3071 776 τις
3111 713 3199 768 ἀν.
3235 713 3298 766 Et
3337 712 3395 765 δέ
3431 712 3640 780 φυσικά
3667 709 3736 785 ἦν,
3811 737 3813 785 ι

2169 799 2270 854 οὐκ
2299 799 2364 852 ἂν
2391 798 2713 869 μετέπεσον.
2737 797 2848 852 Καὶ
2875 797 2986 866 γὰρ
3012 795 3173 865 φύσει
3205 795 3440 864 παθητοὶ
3461 795 3636 858 ὀντες,
3658 799 3736 851 061:

2170 885 2236 940 ἀν
2264 900 2396 938 ποτε
2427 882 2535 936 ἀπὸ
2556 882 2793 952 σπουδῆς
2819 881 3114 966 γενοίμεθα
3134 879 3388 966 ἀπαθεῖς.
3408 880 3489 966 -Τὸ
3515 881 3633 966 γὰρ
3654 880 3749 966 φά..

2173 986 2256 1024 σει
2293 987 2346 1023 τι
2389 967 2471 1034 δν,
2519 969 2623 1023 061:
2662 966 2729 1022 ἂν
2767 967 2979 1038 ἐκπέσῃ
3020 965 3117 1019 τοῦ
3159 964 3302 1018 κατά
3349 964 3530 1033 φύσιν.
3571 964 3738 1028 066:1;

2171 1051 2304 1120 γοῦν
2349 1051 2459 1110 ἀπὸ
2503 1050 2598 1105 τοῦ
2637 1049 2921 1104 καθεύδειν
2953 1050 3048 1103 ἐπί
3077 1049 3138 1101 16
3183 1048 3260 1118 μὴ
3302 1047 3590 1101 καθεύδειν
3633 1065 3738 1117 μετ.

2173 1137 2370 1190 έπεσεν
2398 1136 2449 1198 ιι,
2485 1135 2660 1198 οὐδεὶς
2684 1133 2794 1188 ἀπὸ
2819 1132 2916 1187 τοῦ
2958 1131 3074 1206 [14]
3105 1132 3423 1204 φθείρεσθαι
3463 1133 3558 1184 ἐπὶ
3588 1133 3647 1185 16
3679 1134 3737 1203 μὴ

2173 1218 2517 1292 φθείρεσθαι,
2557 1218 2733 1281 οὐδεὶς
2771 1217 2880 1271 ἀπὸ
2914 1217 3008 1270 τοῦ
3055 1219 3246 1288 πεινῇν
3278 1217 3373 1268 ἐπὶ
3401 1217 3458 1269 16
3489 1215 3737 1285 μηδέποτε

2173 1303 2330 1361 τοῦτο
2345 1305 2594 1374 πάσχειν.
2615 1303 2715 1356 Διά
2731 1302 2889 1355 τοῦτο
2910 1301 3031 1354 ούδέ
3049 1301 3371 1370 ἐγκλήματα
3392 1299 3568 1352 ταῦτά
3590 1299 3737 1362 ἐστιν,

2173 1388 2294 1442 ούδέ
2327 1387 2660 1456 ὀνειδίζομεν
2698 1386 2926 1447 ἐαυτοὺς
2964 1384 3058 1436 ἐπὶ
3099 1383 3331 1447 τούτοις.
3370 1382 3504 1435 υύδέ
3549 1382 3738 1451 μέλλων

2173 1474 2258 1538 τίς
2286 1490 2394 1527 τινι
2427 1473 2683 1541 ἐγκαλεῖν.
2709 1465 2884 1524 εἶπεν⁸
2917 1463 2989 1522 Ὃ
3017 1468 3225 1539 φθαρτέ
3253 1469 3347 1520 καὶ
3376 1465 3612 1537 παθητέο
3641 1466 3739 1519 ἀλλ’

2176 1557 2210 1629 ἦ
2246 1555 2492 1627 μοιχείαν
2529 1554 2562 1625 ἦ
2600 1553 2860 1624 πορνείαν
2899 1553 2932 1623 ή
2971 1569 3024 1605 τι
3059 1551 3170 1604 τῶν
3201 1549 3458 1604 τοιούτων
3488 1549 3578 1602 ἀεὶ
3623 1565 3739 1618 προ-

2177 1641 2418 1713 φέρομεν
2443 1641 2556 1702 τοῖς
2585 1637 2939 1699 ὑπευθύνοις,
2978 1636 3072 1688 καὶ
3097 1635 3381 1697 δικασταῖς
3409 1633 3740 1704 προσάγομεν

2175 1727 2287 1788 τοῖς
2317 1719 2610 1791 ἐγκαλοῦσι
2638 1721 2734 1773 1:61
2764 1719 3074 1784 κολάζουσι,
3110 1718 3212 1772 1:61
3235 1719 3330 1772 ἐπὶ
3357 1721 3469 1780 τοῖς
3498 1716 3740 1778 ἐναντίοις

2174 1807 2429 1878 τιμῶσιν.
2467 1806 2638 1858 Ὅταν
2669 1800 2764 1858 οὖν
2797 1803 2895 1857 καὶ
2925 1803 2983 1870 ἐξ
3010 1796 3087 1857 ὧν
3117 1801 3254 1873 πρὸς
3284 1799 3548 1872 ἀλλήλους
3575 1798 3739 1878 ποιοῦσι

2179 1877 2299 1964 μεν,
2334 1892 2426 1945 καὶ
2458 1890 2516 1956 ἐξ
2542 1882 2618 1943 ὧν
2645 1889 2994 1959 δικαζόμενοι
3024 1887 3334 1958 πάσχομεν,
3363 1887 3459 1940 καὶ
3487 1885 3551 1950 ἐξ
3575 1877 3649 1938 ὦν
3674 1883 3742 1937 νό-

2179 1992 2314 2046 μους
2337 1973 2682 2045 ἐγράψαμεν,
2715 1972 2810 2026 καὶ
2837 1972 2896 2038 ἐξ
2918 1965 2994 2025 ὧν
3016 1971 3229 2025 ἑαυτῶν
3253 1967 3739 2038 καταγινώσκομεν,

2176 2059 2280 2114 κᾶν
2322 2059 2510 2130 μηδεὶς
2545 2060 2574 2112 6
2602 2057 2925 2130 κατηγορῶν
2956 2052 3013 2130 ᾖ,
3040 2055 3136 2110 καὶ
3176 2055 3236 2124 ἐξ
3273 2049 3349 2109 ὧν
3390 2053 3742 2126 ῥᾳθυμοῦντες

2159 2145 2280 2216 εμέν
2299 2144 2538 2215 χείρους,
2567 2141 2895 2212 φοϐούμενοι
2918 2140 2975 2194 δὲ
3013 2141 3254 2211 βελτίους
3275 2138 3558 2210 γινόμεθα,
3587 2139 3672 2190 καὶ
3697 2137 3741 2202 ἐξ

2178 2222 2254 2282 ὧν
2297 2227 2491 2290 ἄλλους
2524 2224 2758 2298 ,ὁρῶμεν
2809 2223 3213 2296 κατορθοῦντας
3259 2223 3357 2278 καὶ
3407 2223 3550 2295 πρὸς
3598 2221 3741 2290 ἀκρον

2177 2312 2497 2382 φιλοσοφίας
2546 2310 2949 2381 ἀφικομένους.
2999 2308 3222 2380 εῦδηλον
3261 2312 3342 2363 ὃτι
3388 2307 3486 2363 1:61
3518 2306 3604 2376 ἐφ’
3633 2308 3741 2376 ἡμῖν

2177 2401 2352 2452 κεῖται
2407 2396 2472 2449 16
2521 2393 2858 2466 κατορθοῦν·
2910 2393 2963 2446 τί
3024 2392 3204 2464 μάτην
3239 2391 3478 2463 ψυχραῖς
3540 2390 3741 2450 ἑαυτοὺς

2177 2479 2479 2550 ἀπατῶμεν
2509 2481 2560 2532 01
2589 2478 2772 2532 πολλοὶ
2816 2475 3122 2549 προφάσεσι
3169 2477 3262 2528 1:61
3294 2473 3617 2542 ἀπολογίαις
3639 2511 3653 2532 ,
3683 2472 3742 2540 μὴ

2181 2566 2340 2636 μόνον
2383 2561 2718 2634 συγγνώμην
2760 2561 2821 2614 06
2860 2558 3191 2630 φερούσαις,
3234 2557 3371 2612 ἀλλά
3408 2558 3500 2610 καὶ
3547 2555 3742 2610 κόλασιν

2176 2649 2472 2719 ἀφόρητον,
2502 2646 2621 2699 δέον
2646 2645 2747 2716 τὴν
2772 2643 2988 2716 ἡμέραν
3017 2643 3236 2714 ἐκείνην
3263 2641 3363 2713 τὴν
3394 2639 3636 2712 φοϐερὰν
3658 2637 3744 2708 πρὸ

2174 2731 2284 2785 τῶν
2335 2729 2632 2800 ὀφθαλμῶν
2677 2728 2898 2799 ἔχοντας
2955 2726 3162 2798 ἀρετῆς
3207 2723 3622 2795 ἐπιμελεῖσθαι,
3667 2720 3745 2774 1:61

2181 2815 2357 2888 μικρά
2390 2814 2726 2876 πονέσαντας
2750 2853 2766 2877 ,
2814 2811 2941 2875 τοὺς
2971 2811 3284 2882 ἀκηράτους
3336 2807 3522 2863 λαϐεῖν
3574 2805 3747 2872 στεφά-

2179 2916 2337 2965 νουςς
2384 2897 2552 2951 Οὐδὲν
2583 2897 2694 2968 γὰρ
2727 2895 2886 2967 ήμῶν
2931 2895 3106 2950 ταῦτα
3152 2895 3524 2965 προστήσεται
3567 2891 3636 2944 16
3662 2892 3742 2959 ρή-

2183 2997 2350 3054 ματα·
2377 2980 2491 3034 ἀλλ’
2514 2983 2563 3034 οἱ
2589 2979 2864 3033 σύνδουλοι
2884 2979 2980 3032 καὶ
3004 2977 3074 3031 16
3092 2977 3315 3031 ἐναντία
3341 2972 3745 3044 κατωρθωκότες

2178 3064 2574 3136 κατακρινοῦσι
2592 3065 2718 3128 τοὺς
2743 3061 3213 3134 διαμαρτάνοντας
3238 3061 3473 3122 πάντας,
3499 3057 3590 3110 16v
3616 3055 3743 3125 ὠμὸν

2177 3156 2207 3207 6
2243 3152 2518 3222 ἐλεήμων,
2547 3149 2638 3202 τὸν
2687 3139 2924 3219 πονηρὸν
2959 3149 2987 3200 6
3024 3144 3290 3216 χρηστὸς,
3335 3143 3429 3196 τὸν
3483 3141 3684 3211 θρασὺν
3724 3142 3746 3191 ὀ

2179 3234 2450 3305 ἐπιεικὴς,
2475 3227 2869 3302 τὸνβάσκανον
2900 3232 2928 3284 6
2972 3229 3274 3300 φιλόφρων,
3309 3227 3403 3280 16v
3437 3224 3746 3291 κενόδοξονό

2181 3320 2494 3389 φιλόσοφος,
2527 3316 2620 3369 τὸν
2655 3314 2900 3387 ῥᾴθυμον
2945 3313 2974 3366 6
3008 3312 3320 3375 σπουδαῖος,
3349 3311 3442 3364 τὸν
3467 3309 3747 3363 ἀκόλαστον

2179 3406 2210 3457 6
2254 3402 2508 3473 σώφρων.
2567 3398 2757 3461 Οὕτως
2809 3399 2945 3452 οῐσει
2992 3397 3093 3468 τὴν
3130 3395 3310 3466 κρίσιν
3356 3396 3493 3464 ¹ἡμῖν
3537 3395 3567 3447 ὁ
3603 3392 3746 3455 036;,

2181 3484 2423 3557 ἐκάτερά
2445 3501 2504 3537 τε
2535 3483 2725 3554 στήσει
2768 3480 2836 3534 16
2870 3480 3131 3550 τάγματα
3155 3521 3169 3545 ,
3195 3479 3322 3542 τοὺς
3359 3480 3458 3550 μὲν
3489 3475 3746 3536 ἐπαινῶν,

2179 3571 2308 3634 τοὺς
2331 3568 2388 3624 δέ
2411 3567 2677 3632 κολάζων.
2723 3563 2882 3617 Ἀλλά
2921 3563 2996 3634 μὴ
3034 3563 3244 3632 γένοιτό
3274 3580 3397 3615 τινα
3429 3562 3538 3614 τῶν
3574 3559 3748 3630 παρόν-

2180 3673 2290 3709 των
2333 3650 2590 3722 γενέσθαι
2639 3649 2751 3702 τῶν
2802 3648 3185 3718 κολαζομένων
3241 3647 3337 3700 καὶ⁵
3378 3644 3746 3716 ήτιμωμιένων,

2180 3737 2320 3793 ἀλλά
2342 3735 2454 3789 τῶν
2478 3731 2929 3803 στεφανουμένων
2951 3729 3174 3784 καὶτῶν
3194 3731 3294 3800 τῆς
3321 3728 3470 3792 θείας
3493 3727 3748 3797 βασιλείας

2184 3820 2674 3891 ἐπιτυγχανόντωνο
2710 3810 2779 3887 ἧς
2807 3815 3018 3884 γένοιτο
3046 3815 3260 3878 πάντας
3293 3814 3441 3884 ἡμᾶς
3470 3813 3746 3882 ἐπιτυχεῖν,

2181 3907 2368 3978 χάριτι
2415 3903 2510 3958 καὶ
2563 3898 2949 3978 φιλανθρωπίᾳ
2994 3897 3090 3951 τοῦ
3133 3897 3338 3969 Κυρίου
3374 3895 3542 3968 ’ήμῶν
3575 3892 3748 3965 -Ίησοῦ

2182 3976 2444 4061 Χριστοῦ,
2479 3985 2596 4056 μεθ’
2629 3976 2691 4038 06
2722 3983 2802 4054 τῷ
2831 3981 3029 4053 H6191,
3056 3983 3172 4051 ἅμα
3197 3979 3274 4050 τῷ
3301 3980 3441 4050 ἁγίῳ
3466 3979 3746 4048 Πνεῦματι,

2181 4071 2333 4136 δόξα,
2368 4069 2591 4140 κράτος,
2619 4066 2771 4137 τιμὴ,
2801 4065 2898 4120 νῦν
2926 4065 3022 4118 καὶ
3057 4063 3166 4131 ἀεὶ,
3189 4065 3282 4118 καὶ
3312 4062 3546 4126 είςρτοὺς
3574 4061 3750 4121 αἰῶνας

2183 4157 2295 4210 τῶν
2333 4152 2566 4208 αἰώνων.
2616 4152 2790 4222 Ἀμήν

2242 4287 2272 4327 δ
2297 4286 2485 4367 Regius
2507 4287 2638 4367 ll1eile
2660 4285 2756 4367 ὀιπό
2777 4282 2864 4367 τοῦ
2887 4282 3127 4332 καθεύδειν
3151 4283 3217 4338 εἰς
3235 4281 3294 4367 16
3403 4279 3644 4367 καθεύδειν
3661 4293 3749 4340 μετ·

2181 4344 2446 4403 ἑπεσεν.Ἰιι
2469 4349 2617 4399 editis
2643 4345 2892 4397 sententia
2939 4359 3108 4394 manca
3131 4352 3241 4393 erat
3270 4344 3331 4392 δι’
3356 4344 3720 4405 ὀμοιοτέλευτον.

1998 4647 2245 4705 OMIAIA
2280 4645 2358 4700 I".

503 4799 833 4886 Παρακαὶὶῶ
863 4799 930 4853 δὲ
964 4800 1152 4880 ὑμεῖς,
1189 4797 1466 4880 ἀδελφοί,
1504 4797 1602 4852 διὰ
1635 4795 1754 4878 ~106
1787 4793 2080 4916 διαδήματος

570 4892 677 4916 την
717 4873 933 4916 lnmt'rm
964 4873 1131 4916 ᾖιιων
1169 4870 1372 4916 Ἰησου
1409 4871 1684 4916 Xnm'tov.
1711 4866 1812 4916 ἵνα
1839 4881 1873 4916 τ
1931 4861 2080 4916 αὐτὸ

570 4861 677 4928 ἰοῦ
714 4873 933 4939 Κυρίου
964 4861 1131 4938 ἠὶιῶὗο
1169 4861 1372 4935 Ἰησοῦ
1386 4867 1684 4939 ῌΧριστοῦ.
1711 4866 1812 4919 ἵνα
1839 4861 1905 4939 1'6
1931 4861 2080 4917 αὐτὸ

570 4935 1066 5013 ,ιέγητέπάντὲᾳ
1117 4941 1217 5013 καί
1241 4940 1325 5013 μὴ
1571 4937 1713 5013 ὑμῖν
1740 4936 2082 5013 σχίσματαἰ

570 5007 676 5096 ἦξε
697 5007 766 5094 δὲ
793 5007 1254 5096 κατηρτισμένοι
1279 5011 1348 5064 ἐν
1372 5007 1451 5076 τῷ
1473 5007 1635 5075 αὐτῷ
1662 5009 1760 5063 νοτ
1783 5007 1881 5061 καὶ
1908 5007 1980 5060 ἐν
2007 5007 2081 5072 τῇ

570 5083 726 5153 αὐτῇ
762 5083 986 5154 γνώμη.

574 5245 620 5295 α’
635 5279 648 5292 .
686 5238 864 5307 Ὅπερ
884 5237 970 5289 ἀεὶ
997 5235 1204 5304 ἔλεγον,
1221 5237 1302 5290 ὃτι
1327 5236 1427 5308 ήρέ
1435 5254 1510 5307 μα
1528 5237 1621 5291 καὶ
1635 5236 1774 5291 κατά
1797 5234 1992 5307 μικρὸν
2013 5233 2092 5288 δεῖ

501 5323 602 5387 16;
641 5321 959 5391 ἐπιπλήξεις
1001 5319 1309 5384 ποιεῖσθαι,
1344 5321 1502 5374 τοῦτο
1549 5322 1642 5374 καὶ
1684 5322 1712 5374 ὁ
1746 5319 1959 5383 Παῦλος
2000 5320 2086 5374 ἐν-

502 5405 682 5459 ταῦθα
701 5405 864 5458 ποιεῖ.
898 5402 1125 5458 Μέλλων
1145 5402 1254 5474 769
1285 5403 1365 5467 είς
1393 5406 1626 5476 πρᾶγμα,
1649 5403 1930 5476 ἐμϐαίνειν
1960 5403 2091 5456 πολ-

503 5489 614 5543 λῶν
643 5489 904 5543 κινδύνων
937 5487 1128 5557 γέμον,
1155 5488 1248 5541 καὶ
1271 5488 1374 5558 τὴν
1417 5489 1744 5561 Ἐκκλησίαν
1779 5490 1844 5542 ἐκ
1872 5488 2088 5560 βάθρων

507 5573 690 5628 ἱκανὸν
712 5570 770 5625 ὃν
797 5570 1130 5636 ἀνασπάσαι,
1159 5571 1589 5645 προσηνέστερον
1613 5573 1690 5644 τῷ
1715 5572 1859 5644 λόγῳ
1886 5571 2090 5642 κέχρη-

506 5674 620 5714 ται.
648 5655 788 5726 Φησὶ
813 5654 923 5727 769
950 5654 1290 5727 παρακαλεῖν
1318 5657 1534 5720 αὐτοὺς,
1560 5657 1898 5728 παρακαλεῖν
1923 5656 1979 5709 δὲ
2003 5653 2092 5710 6:6

505 5738 602 5794 106
643 5735 902 5812 Χριστοῦ,
946 5737 1022 5803 ὡς
1065 5739 1188 5793 ούὸἐ
1232 5739 1393 5804 6616;
1440 5741 1625 5812 ἀρκῶν
1679 5742 1838 5812 μόνος
1887 5739 2092 5811 ταύτην

508 5823 698 5878 θέσθαι
728 5821 828 5895 τήν
855 5821 1172 5895 ἱκετηρίαν,
1207 5823 1300 5877 1:61
1321 5827 1528 5880 πεῖσαι.
1557 5823 1623 5877 Τί
1653 5825 1711 5878 δέ
1741 5828 1879 5888 ἐστι,
1905 5827 2095 5896 Παρα-

507 5907 660 5964 καλῶ
697 5906 785 5963 διὰ
811 5904 906 5962 τοῦ
938 5906 1212 5981 Χριστοῦ;
1241 5909 1346 5964 Τὸν
1377 5909 1613 5982 Χριστὸν
1643 5908 1908 5982 λαμϐάνω
1947 5909 2092 5993 ,σύμ-

2187 4801 2379 4860 μαχον,
2403 4781 2499 4834 καὶ
2523 4775 2716 4852 βοηθὸν
2738 4772 3049 4860 [15166106
3076 4772 3136 4826 16
3163 4771 3415 4860 ὄνομα-τὸ
3442 4771 3750 4860 ἠδικημένον

2184 4855 2296 4925 καί
2337 4864 2705 4938 ὑϐρισμένον·
2765 4858 2972 4930 σφόδρα
3025 4855 3428 4928 ἐντρεπτικῶς,
3491 4855 3634 4910 ὥστε
3691 4857 3750 4928 μὴ

2187 4947 2699 5019 ἀπαναισχυντῆσαι
2740 4943 2971 5006 αὐτούς’
3023 4941 3248 5010 ἰταμοὺς
3298 4941 3408 5010 γὰρ
3450 4942 3484 5011 ἡ
3533 4942 3751 5014 ἁμαρτία

2189 5027 2351 5092 ποιεῖ.
2385 5034 2484 5086 Διά
2511 5030 2667 5083 τοῦτο
2695 5029 2759 5082 ἂν
2783 5027 2922 5098 μένι
2950 5025 3154 5088 εὐθέως
3181 5024 3427 5095 σφοδρῶς
3448 5026 3752 5096 ἐπιπλήξῃς,

2191 5119 2376 5191 ἀπηνῆ
2410 5116 2505 5170 καὶ
2550 5113 2909 5182 ἀναίσχυντον
2954 5108 3226 5180 εἰργάσω·
3267 5106 3331 5162 ἂν
3377 5107 3434 5160 δέ
3474 5109 3753 5179 ἐντρέψῃς,

2187 5200 2552 5271 κατέκαμψας
2571 5198 2661 5251 τὸν
2689 5195 2913 5266 αὐχένα,
2946 5192 3297 5256 κατέσπασας
3319 5193 3418 5263 τὴν
3440 5195 3752 5265 παρρησίαν,

2186 5289 2337 5342 κάτω
2372 5284 2548 5338 νεύειν
2581 5281 2866 5349 ἐποίησας.
2924 5279 3102 5349 Ὅπερ
3145 5276 3238 5328 καὶ
3280 5276 3308 5328 6
3357 5275 3572 5340 Παῦλος
3610 5294 3755 5332 κατα-

2188 5367 2494 5430 σκευάζων.
2549 5363 2865 5436 παρακαλεῖ
2901 5360 3036 5426 τέως
3088 5359 3176 5412 6:6
3225 5357 3320 5411 106
3363 5359 3630 5430 ὀνόματος
3679 5357 3755 5413 τοῦ

2187 5452 2449 5525 Χριστοῦ.
2496 5450 2608 5504 Καὶ
2639 5449 2692 5501 τί
2733 5447 2864 5514 ποτέ
2914 5446 3062 5498 ἐστιν
3109 5443 3152 5525 ὃ*
3171 5442 3513 5514 παρακαλεῖς
3552 5443 3672 5497 Ἵνα
3703 5442 3756 5494 τὸ

2187 5521 2336 5590 αὐτὸ
2363 5533 2581 5604 λέγητε
2610 5530 2856 5596 πάντες,
2881 5527 2981 5582 καὶ
3004 5527 3092 5600 μὴ
3112 5521 3154 5598 ᾖ
3181 5527 3250 5578 ἐν
3279 5525 3422 5595 ὑμῖν
3446 5527 3753 5596 σχίσματα.

2192 5619 2301 5676 Τοῦ
2333 5619 2636 5690 σχίσματος
2667 5617 2702 5687 ή
2741 5615 2983 5686 ἔμφασις
3015 5611 3112 5666 1:61
3149 5610 3283 5664 6616
3314 5609 3414 5682 τῆς
3443 5609 3756 5683 κατηγορίας

2252 5916 2286 5989 ,⁸
2308 5913 2596 5980 chebalur
2617 5914 2683 5978 μή

3821 2656 3823 2792 1
