3864 6308
172 328 221 383 21
1186 327 1253 383 IN
1292 329 1509 385 EPIST.
1553 331 1572 386 Ι
1638 332 1727 387 ΑΙ)
1766 334 1923 391 (ἶΟῐὶ.
1968 335 2198 393 ΙΙΟΜΙΙι.
2242 339 2328 395 lll.

171 458 216 494 Ill
240 449 287 493 te
315 448 464 494 recte
493 453 554 494 se
585 437 807 494 habent.
842 440 933 495 Sic
961 440 1121 496 etiam
1149 442 1192 496 si
1222 458 1307 509 ea,
1336 460 1455 514 quae
1485 446 1550 499 ad
1584 447 1743 501 vitam

170 533 439 603 pertinent,
464 545 616 589 recte
646 550 705 588 se
735 536 999 590 haberent
1027 577 1042 602 ,
1072 550 1176 590 non
1208 537 1367 591 talem
1392 540 1741 608 (ιιιτυειίυηριη

169 640 425 688 moveres;
464 640 651 681 verum
682 624 808 696 quia
833 626 977 680 circa
1009 627 1265 683 virtutem
1288 643 1473 685 socors
1501 641 1555 685 et
1586 631 1741 702 igna-

168 731 248 773 vus
278 734 335 773 es
366 760 383 784 ,
417 719 541 773 ideo
567 719 791 774 insanos
824 720 987 775 hosce
1018 721 1231 791 profers
1258 737 1562 780 sermones.
1594 726 1741 793 Quo-

165 809 305 863 ttiodo
341 820 525 864 autem
574 812 821 880 oportuit
869 827 933 866 ex
981 814 1304 870 necessitate
1348 816 1467 871 ﬁeri
1514 817 1739 873 bonum?

162 900 287 970 Ergo
317 899 554 956 laturum
584 912 705 957 erat
737 945 753 968 ,
788 913 847 958 ιιι
874 904 1026 959 bruta
1066 905 1320 961 animalia
1353 907 1635 965 nobiscum
1670 910 1738 966 de

162 992 336 1046 virtute
380 988 663 1049 certarent
695 1010 820 1049 cum
853 996 1099 1066 quaedam
1125 1012 1314 1052 eorum
1347 999 1503 1053 nobis
1535 1008 1737 1070 tempe-

162 1083 377 1136 rantiora
410 1083 546 1138 sint.
598 1084 705 1140 Sed
736 1086 952 1141 mallem
988 1129 1003 1155 ,
1032 1087 1242 1158 inquies
1273 1132 1287 1154 ,
1318 1104 1382 1144 ex
1413 1091 1736 1147 necessitate

162 1175 309 1229 bonus
333 1190 477 1242 esse,
494 1186 548 1229 et
578 1177 729 1230 omni
759 1179 1007 1234 mercede
1035 1180 1253 1249 priVari,
1276 1197 1434 1251 quam
1465 1199 1531 1237 ex
1562 1183 1731 1238 libero

159 1269 358 1323 arbitrio
390 1271 588 1336 tnalus,
624 1270 802 1341 puniri
833 1282 886 1326 et
916 1272 1177 1342 supplicio
1208 1274 1370 1328 affici.
1397 1274 1502 1329 Sed
1529 1286 1734 1330 nonest

163 1377 386 1429 umquam
414 1364 719 1417 necessitas
744 1378 868 1419 esse
896 1363 1111 1420 bonum.
1134 1366 1190 1421 Si
1210 1381 1339 1438 ergo
1368 1368 1584 1440 ignoras
1604 1370 1732 1441 quid

159 1456 396 1527 agendum
417 1456 510 1522 sit,
537 1458 767 1513 ostende
792 1501 805 1521 ,
839 1468 895 1513 et
923 1468 1049 1514 tunc
1074 1460 1316 1517 dicemus
1343 1462 1396 1517 id
1425 1464 1566 1533 quod
1596 1479 1731 1534 opus

154 1556 224 1601 est
248 1548 422 1602 dicere
454 1566 467 1601 :
502 1548 550 1601 si
577 1565 709 1603 vero
738 1549 1016 1605 libidinem
1050 1552 1245 1607 malam
1271 1568 1394 1609 esse
1425 1556 1567 1610 nosti
1589 1596 1604 1619 ,
1635 1571 1730 1611 cur

158 1645 325 1697 malum
348 1659 461 1699 rem
495 1660 604 1699 non
637 1645 820 1715 fugis?
848 1647 964 1701 Non
989 1663 1229 1718 possum,
1264 1650 1494 1721 inquies.
1529 1650 1727 1707 Verum

154 1736 251 1801 alii,
272 1737 358 1805 qui
390 1737 600 1804 majora
624 1749 774 1793 recte
799 1750 1105 1808 gesserunt,
1139 1750 1192 1797 te
1219 1742 1569 1811 accusabunt,
1606 1743 1728 1798 tibi-

154 1844 241 1896 que
266 1829 313 1881 vi
346 1845 539 1898 magna
570 1846 634 1886 os
660 1831 959 1888 obstruent.
1009 1834 1088 1888 Tu
1126 1835 1271 1890 enim
1304 1836 1531 1893 fortasse
1562 1840 1725 1893 etiam

152 1936 254 1975 cum
283 1937 446 1978 uxore
493 1930 585 1979 tua
636 1940 743 1980 non
797 1937 946 1981 caste
975 1927 1122 1999 agis;
1154 1929 1291 1985 alius
1341 1946 1472 1987 vero
1525 1933 1727 2004 absque

154 2028 296 2067 uxore
325 2015 596 2087 integram
623 2028 807 2073 servat
834 2021 1160 2076 castitatem.
1194 2022 1365 2089 Quam
1401 2039 1530 2094 ergo
1561 2025 1725 2082 habes

151 2106 522 2175 defensionem,
554 2111 649 2181 qui
677 2113 897 2168 modum
926 2130 1034 2169 non
1063 2129 1269 2184 serves,
1295 2117 1421 2172 dum
1441 2119 1578 2174 alius
1606 2119 1721 2189 ipsa

152 2210 277 2268 septa
308 2200 586 2256 transilit?
612 2205 683 2257 At
706 2220 813 2259 non
837 2221 1041 2276 parem,
1070 2207 1303 2279 inquies,
1336 2209 1509 2265 habeo
1538 2226 1725 2283 corpo-

151 2291 212 2345 ris
237 2302 495 2356 natumm,
517 2311 625 2350 non
654 2313 752 2367 par
772 2298 1099 2369 pr0p0situm
1124 2302 1432 2359 voluntatis.
1456 2304 1588 2371 Quia
1612 2322 1719 2361 non

150 2383 233 2447 vis,
261 2400 357 2440 non
388 2387 514 2456 quia
550 2403 657 2442 non
685 2392 1110 2459 potes:ostendo
1136 2408 1366 2465 namque
1393 2411 1582 2452 omnes
1599 2412 1720 2453 esse

148 2478 202 2530 ad
225 2478 463 2534 virtutem
500 2480 749 2537 idoneos.
791 2482 925 2539 Nam
963 2485 1105 2555 quod
1135 2502 1243 2540 non
1272 2498 1448 2557 potest
1479 2490 1601 2560 quis
1632 2491 1713 2543 l'a-

148 2585 271 2637 cere,
302 2586 474 2641 neque
497 2572 737 2629 instante
764 2577 1085 2632 necessitate
1108 2580 1302 2647 poterit
1329 2598 1343 2634 :
1376 2582 1517 2653 quod
1548 2583 1594 2638 si
1626 2583 1713 2638 in-

148 2671 298 2715 stante
321 2664 645 2720 necessitate
677 2667 869 2735 possit,
897 2668 987 2737 qui
1018 2684 1123 2723 non
1150 2669 1295 2738 facit,
1324 2687 1392 2728 ex
1438 2671 1718 2742 proposito

152 2755 412 2809 voluntatis
441 2773 551 2810 non
579 2757 725 2812 facit.
759 2760 1003 2831 Exempli
1032 2776 1214 2831 causa,
1238 2763 1424 2820 volare
1449 2773 1505 2821 et
1523 2765 1587 2819 ad
1611 2781 1717 2821 cte-

150 2844 239 2898 lum
265 2845 386 2901 ferri
426 2849 580 2918 gravi
610 2864 842 2920 corpore
870 2854 1180 2921 prreditum,
1208 2856 1429 2910 omnino
1473 2857 1590 2912 fieri
1622 2872 1717 2913 ne-

150 2938 258 3005 quit.
284 2938 417 3005 Quid
445 2954 613 3011 ergo,
648 2941 696 2996 si
742 2958 836 2997 rex
882 2943 1103 3013 jusserit
1135 2945 1236 3003 hoc
1264 2946 1459 3016 facere,
1489 2958 1544 3004 et
1570 2965 1713 3004 mor-

150 3039 236 3083 tem
252 3032 608 3089 comminetnr
627 3036 814 3090 dicens
839 3055 854 3092 :
884 3037 1138 3095 llomines
1165 3056 1271 3097 non
1296 3043 1534 3099 volantes
1549 3045 1713 3115 jnbeo

149 3121 325 3176 concidi
352 3124 439 3178 vel
469 3125 553 3179 uri
587 3166 602 3190 ,
655 3128 737 3181 vel
770 3128 893 3197 quid
923 3129 1101 3186 simile
1121 3131 1234 3203 pati
1260 3150 1274 3189 :
1305 3150 1432 3189 num
1460 3136 1578 3206 quis
1605 3137 1710 3208 ipsi

149 3215 363 3272 obediet?
382 3218 737 3289 Nequaquam
765 3263 779 3275 .
815 3221 915 3278 hoc
941 3225 1080 3279 enim
1110 3236 1294 3282 natura
1326 3227 1471 3285 ferre
1501 3234 1707 3303 nequit.

150 3304 223 3360 Sin
249 3318 414 3363 autem
446 3311 515 3365 de
537 3313 790 3368 castitate
814 3313 1047 3386 iilipsum
1077 3325 1299 3385 statuat,
1329 3319 1585 3393 justaque
1614 3338 1710 3393 po-

153 3408 261 3462 nat,
306 3413 359 3455 ut
386 3403 713 3459 libidinosus
744 3406 994 3474 puniatur
1020 3448 1035 3473 ,
1072 3418 1260 3465 uratur
1286 3453 1301 3478 ,
1331 3412 1629 3485 ﬂagelletur
1655 3425 1712 3472 et

152 3493 272 3549 mille
296 3503 560 3551 tormenta
596 3498 850 3567 patiatur,
876 3514 1055 3556 annon
1079 3504 1231 3559 tnulti
1254 3505 1435 3561 edicto
1462 3512 1707 3577 pareant?

149 3583 263 3653 Non,
288 3589 534 3660 inquies:
565 3605 690 3645 nam
723 3591 807 3647 lex
830 3603 1077 3665 est,qua:
1105 3596 1259 3666 jubet
1284 3616 1389 3655 non
1419 3605 1700 3672 mtechari,

152 3692 295 3748 uetpie
313 3695 500 3737 omnes
518 3683 911 3753 obsequuntur.
936 3686 1049 3740 Non
1073 3689 1211 3758 quod
1236 3689 1483 3748 infirmus
1503 3704 1558 3750 et
1575 3695 1706 3752 levis

149 3772 205 3824 sit
229 3776 409 3840 timor,
449 3775 548 3831 sed
595 3776 721 3847 quia
751 3778 903 3832 multi
951 3794 1011 3835 se
1063 3781 1233 3837 latere
1280 3800 1438 3852 posse
1462 3798 1701 3856 Sperent.

148 3862 277 3931 Quod
304 3867 345 3921 si
373 3867 650 3938 legislator
669 3877 722 3924 et
746 3869 915 3939 judex
941 3870 1193 3928 adessent
1211 3874 1487 3931 libidinem
1516 3878 1706 3949 imple-

150 3957 299 4023 turis,
340 3968 523 4027 posset
565 3967 693 4016 tunc
721 3971 895 4017 metus
944 3963 1221 4020 libidinem
1266 3982 1473 4024 arcere.
1502 3969 1632 4025 Nam
1659 3973 1704 4028 si

148 4048 283 4101 alium
304 4052 566 4108 minorem
589 4056 965 4111 nece3sitatem
992 4058 1253 4115 induxcro
1280 4101 1299 4126 ,
1321 4070 1377 4117 et
1420 4063 1490 4119 ab
1525 4076 1701 4122 amata

149 4141 344 4197 muliere
368 4144 695 4199 abstractum
723 4146 1019 4212 abduxero,
1052 4160 1107 4205 et
1133 4151 1368 4207 vinctum
1402 4155 1695 4227 incluscro,

150 4236 315 4299 poterit
336 4235 473 4291 ferre
496 4279 513 4303 ,
540 4248 593 4291 et
616 4238 751 4292 nihil
781 4255 942 4310 grave
971 4242 1100 4312 pati.

205 4323 358 4381 Nemo
397 4340 582 4383 natura
621 4332 783 4386 bonus
821 4334 896 4388 vel
924 4346 1106 4389 natura
1131 4339 1316 4393 malas.
1341 4370 1413 4383 —-
1448 4342 1526 4399 Ne
1576 4360 1706 4417 ergo

148 4416 387 4485 dicamus,
419 4422 782 4479 huncnatura
833 4426 1028 4481 bomnn
1050 4470 1067 4495 ,
1098 4430 1244 4485 illum
1277 4444 1468 4490 natura
1499 4416 1698 4494 malum

149 4524 267 4564 esse.
316 4512 442 4567 Nam
474 4516 518 4569 si
569 4526 760 4570 natura
805 4516 978 4574 bonus
1021 4522 1129 4590 sit,
1179 4541 1466 4596 numquam
1501 4534 1701 4600 poterit

151 4601 299 4655 malus
338 4604 484 4671 fieri;
517 4616 573 4659 et
618 4607 663 4661 si
708 4616 898 4663 natura
950 4612 1117 4667 malus
1142 4654 1157 4680 ,
1207 4632 1494 4688 numquam
1526 4621 1699 4677 bonus

151 4694 250 4747 erit.
274 4695 413 4751 Nunc
445 4707 623 4753 autem
656 4699 899 4757 videmus
927 4704 1132 4762 celeres
1156 4710 1515 4780 mutationes,
1547 4724 1601 4769 et
1630 4719 1697 4772 ab

3377 360 3448 414 εἰ

1857 451 1939 506 his
1965 453 2015 506 in
2039 453 2139 507 alia
2169 458 2360 511 tnntari
2388 500 2401 523 ,
2436 470 2489 513 et
2521 459 2588 514 ab
2630 463 2732 518 illis
2760 466 2811 519 in
2841 467 2944 521 alia
2972 470 3187 527 cadere.
3226 475 3296 546 Et
3320 480 3435 535 hate

1854 558 1958 597 non
2013 546 2063 598 in
2094 545 2381 618 Scripturis
2415 559 2615 606 tantum
2652 555 2830 612 videre
2874 570 2955 615 est
2986 580 2999 617 :
3050 569 3279 636 exempli
3310 586 3439 626 cau-

1852 649 1949 702 sa,
1997 639 2137 708 quod
2184 640 2448 711 publicani
2496 644 2616 700 facti
2664 650 2769 703 sint
2814 654 3083 725 apostoli,
3112 668 3166 713 et
3193 658 3441 735 discipuli

1848 731 2145 798 proditores
2181 775 2194 796 ,
2260 745 2316 790 et
2384 742 2696 796 meretrices
2771 755 2935 802 caste
3006 752 3307 822 mulieres,
3382 770 3439 815 et

1850 822 2086 881 latrones
2134 830 2387 896 pratclare
2441 847 2699 904 agentes,
2732 847 2787 894 et
2830 841 2970 913 magi
3018 845 3341 919 adorantes,
3383 864 3439 908 et

1848 915 1995 986 impii
2043 920 2093 974 in
2124 923 2372 991 pietatem
2420 932 2702 998 conversi,
2739 933 2896 1005 idque
2943 947 3047 994 tam
3106 944 3157 997 in
3210 945 3432 1017 Veteri,

1845 1023 2002 1077 quam
2057 1012 2107 1065 in
2162 1014 2311 1071 Novo
2353 1017 2699 1079 Testamento
2744 1028 2903 1083 :imo
2951 1036 3189 1103 quotidie
3239 1012 3433 1099 similia

1843 1101 2088 1157 accidere
2139 1105 2403 1163 videmus.
2452 1112 2505 1167 Si
2558 1130 2686 1171 vero
2740 1101 2998 1177 naturalia
3044 1126 3158 1182 lnec
3206 1144 3429 1200 essent,

1843 1207 1948 1278 non
1980 1204 2331 1255 mutarentur.
2378 1203 2508 1259 Nam
2540 1223 2661 1263 cum
2690 1213 2857 1269 simus
2888 1228 3073 1279 natura
3118 1225 3426 1296 passibilcs,

1843 1286 1987 1341 nullo
2037 1305 2290 1361 tnnquam
2341 1298 2521 1354 studio
2583 1303 2945 1373 impassibiles
2994 1315 3215 1372 erimus.
3275 1321 3427 1386 Quod

1840 1379 1982 1433 enim
2029 1392 2215 1439 natura
2263 1388 2367 1444 tale
2410 1401 2492 1446 est
2516 1434 2533 1456 ,
2565 1412 2851 1469 numquam
2880 1406 3088 1462 excidet
3115 1427 3143 1464 a
3178 1418 3431 1471 naturali-

1840 1467 1957 1524 bus.
2006 1471 2191 1529 Nullus
2216 1493 2245 1532 a
2275 1477 2594 1540 dormiendo
2634 1488 2927 1561 abstinuit,
2963 1500 3140 1556 nullus
3178 1520 3206 1556 a
3234 1520 3423 1562 corru—

1839 1564 2019 1631 ptione
2049 1568 2114 1623 ad
2161 1571 2612 1646 incorruptionem
2644 1587 2868 1643 transire
2919 1596 3119 1661 potuit,
3155 1601 3329 1656 nullus
3355 1606 3425 1656 ah

1837 1660 2013 1715 esurio
2039 1661 2291 1721 liberatus
2317 1678 2420 1735 est,
2443 1672 2511 1726 ita
2540 1683 2597 1728 ut
2619 1691 2722 1732 non
2748 1680 2884 1735 ultra
2911 1689 3130 1743 esuriat.
3158 1690 3284 1749 ldeo
3309 1694 3425 1752 haec

1837 1740 1941 1807 non
1974 1755 2025 1809 in
2068 1759 2270 1815 crimen
2304 1772 2620 1836 vertuntur,
2653 1787 2825 1842 neque
2856 1779 3011 1833 nobis
3039 1798 3098 1837 ea
3129 1790 3419 1855 exprobra-

1835 1860 1972 1901 mns.
2021 1846 2206 1920 Neque
2234 1853 2466 1925 aliquem
2493 1873 2845 1921 accusaturus
2871 1872 3134 1942 quiSpiam
3164 1846 3301 1933 dixit
3330 1900 3344 1934 :
3373 1882 3420 1936 Ο

1834 1934 2043 2007 impure
2063 1981 2080 2006 ,
2110 1951 2160 1996 et
2194 1945 2531 2012 passionibus
2560 1953 2825 2023 obnoitie;
2856 1961 2949 2015 sed
2977 1972 3069 2017 aut
3095 1967 3417 2028 adulterium

1831 2039 1922 2084 aut
1946 2040 2186 2102 stuprum
2211 2048 2301 2090 aut
2329 2039 2454 2108 quid
2482 2043 2657 2101 simile
2678 2064 2891 2120 semper
2914 2054 3162 2112 obnoxiis
3188 2061 3419 2132 proferi-

1830 2135 1985 2187 mus,
2033 2134 2083 2179 et
2138 2126 2206 2181 ad
2251 2130 2463 2198 judices
2493 2136 2811 2197 adducimus
2840 2146 2927 2215 qui
2980 2150 3333 2213 criminentur
3362 2167 3417 2213 et

1828 2214 2071 2283 puniant,
2108 2227 2162 2273 et
2190 2235 2285 2288 pro
2306 2229 2588 2283 contrariis
2616 2231 2820 2290 honore
2845 2238 3098 2297 afficiant.
3130 2244 3263 2302 Cum
3286 2265 3414 2322 ergo

1833 2317 1941 2360 tum
1972 2324 2034 2362 ex
2060 2310 2123 2364 iis
2154 2326 2272 2382 quae
2303 2316 2440 2371 inter
2465 2337 2563 2375 nos
2590 2336 2774 2380 nmtuo
2806 2328 3028 2388 facimus
3049 2375 3066 2399 ,
3100 2345 3210 2392 ttttn
3254 2358 3318 2395 ex
3350 2344 3413 2398 iis

1825 2414 1945 2468 qua:
1976 2402 2027 2456 in
2062 2401 2266 2472 judicio
2298 2410 2529 2476 patimur
2550 2454 2566 2479 ,
2596 2425 2654 2470 et
2677 2418 2728 2472 in
2758 2419 2962 2492 legibus
2991 2426 3408 2501 descripsinms,

1827 2498 1937 2545 tnm
1963 2506 2029 2547 ex
2063 2494 2125 2549 iis
2152 2496 2220 2555 de
2245 2499 2436 2569 quibus
2464 2520 2561 2559 nos
2592 2507 2736 2576 ipsos
2764 2509 3102 2584 damnamus,
3136 2494 3259 2578 licet
3296 2505 3411 2582 nul-

1824 2583 1906 2638 lus
1930 2597 2185 2654 accuset;
2228 2606 2294 2645 ex
2317 2609 2383 2648 eo
2403 2597 2543 2664 quod
2572 2600 2730 2656 etiam
2755 2619 2851 2674 per
2872 2606 3132 2678 ignaviam
3176 2616 3408 2687 pejores,

1823 2692 1919 2747 per
1962 2680 2205 2738 timorem
2237 2687 2485 2744 meliores
2515 2692 2816 2752 efficiamur
2838 2739 2854 2768 ,
2885 2700 3211 2777 demmnque
3242 2726 3311 2765 ex
3342 2728 3409 2768 co

1820 2772 1961 2840 quod
2009 2773 2144 2829 alios
2194 2776 2467 2835 videamus
2514 2786 2772 2853 praeclare
2824 2805 3043 2864 agentes
3071 2799 3136 2853 ad
3167 2802 3408 2870 philoso-
3448 2849 3465 2867 .

1820 2862 1960 2932 phi:e
1997 2867 2207 2923 culmen
2252 2872 2464 2929 venisse
2489 2917 2504 2941 ,
2538 2879 2711 2943 palam
2755 2883 2823 2938 sit
2866 2902 3030 2956 penes
3076 2908 3173 2947 nos
3201 2911 3321 2953 esse
3352 2909 3409 2955 ut

1820 2965 1964 3011 recte
1993 2973 2246 3028 agamus;
2277 2978 2374 3019 cur
2415 2983 2515 3022 nos
2546 2970 2741 3028 frustra
2785 2976 2990 3047 [rigidis
3016 2984 3323 3044 obtentibns
3352 3003 3407 3048 et

1817 3051 2249 3107 excusationibus
2276 3055 2573 3127 decipimus
2593 3103 2607 3124 ,
2640 3080 2759 3134 qua:
2788 3083 2893 3122 non
2937 3073 3099 3128 modo
3129 3078 3285 3134 nobis
3315 3098 3406 3136 ve-

1817 3141 1958 3196 niam
1988 3158 2092 3198 non
2117 3148 2404 3203 concilient
2429 3190 2445 3215 ,
2488 3153 2581 3208 sed
2625 3158 2802 3225 potius
2834 3160 3172 3223 intolerabile
3199 3174 3404 3244 suppli-

1816 3233 1996 3299 cium;
2022 3250 2142 3290 cnrn
2175 3249 2449 3308 Oporteret
2473 3244 2615 3300 diem
2642 3248 2787 3303 illum
2819 3255 3112 3312 terribilem
3146 3276 3252 3330 pm:
3283 3233 3404 3321 ticu-

1816 3327 1882 3382 lis
1922 3328 2199 3395 habentes,
2228 3333 2441 3391 virtutis
2479 3353 2661 3395 curam
2689 3357 2876 3413 gerere
2902 3356 2955 3402 et
2984 3361 3105 3419 post
3131 3355 3401 3415 modicum

1814 3419 2049 3477 laborem
2079 3424 2506 3497 incorruptibiles
2531 3447 2759 3492 coronas
2788 3442 3074 3512 accipere?
3094 3446 3232 3503 Nihil
3256 3456 3400 3509 enim

1815 3514 1969 3570 nobis
1987 3519 2276 3586 proderunt
2293 3520 2407 3577 haec
2426 3525 2583 3580 verba
2603 3529 2726 3593 ;sed
2742 3538 3006 3603 conservi,
3027 3540 3115 3608 qui
3132 3546 3398 3600 contraria

1813 3614 1959 3664 recte
2006 3622 2261 3680 egerunt,
2313 3626 2623 3684 peccatores
2651 3635 2840 3679 omnes
2865 3626 3228 3698 damnabunt,
3272 3651 3400 3692 cru-

1812 3700 1985 3757 delem
2012 3705 2341 3775 misericors,
2376 3712 2572 3767 malum
2600 3714 2790 3783 bonus,
2817 3722 3072 3779 audacem
3102 3730 3396 3801 modestus,

1814 3792 2050 3849 invidum
2082 3797 2408 3869 benevolus,
2441 3821 2590 3860 vana:
2636 3808 2822 3878 gloria:
2859 3816 3112 3885 cupidum
3160 3820 3398 3888 philoso-

1813 3885 1951 3955 phus
1973 3928 1989 3955 ,
2021 3903 2239 3960 segnem
2267 3895 2539 3953 studiosus
2562 3941 2578 3965 ,
2614 3900 2871 3959 lascivum
2899 3921 3097 3965 castus.
3131 3911 3220 3968 Sic
3246 3916 3400 3972 nobis

1805 3977 2065 4044 judicium
2098 3981 2241 4040 Dens
2270 3985 2429 4053 feret,
2460 4000 2744 4063 utrumque
2771 4006 2971 4054 statuet
2994 4004 3262 4071 ordinem,
3299 4007 3397 4065 hos

1812 4070 2034 4129 laudans
2058 4114 2074 4140 ,
2104 4075 2224 4132 illos
2250 4080 2499 4149 puniens.
2537 4084 2729 4141 Verum
2761 4088 2936 4158 absit,
2965 4103 3023 4148 ut
3052 4070 3395 4165 praesentium

1808 4164 2072 4234 quispiam
2123 4184 2192 4223 ex
2242 4186 2468 4228 numero
2521 4190 2707 4233 eorum
2739 4180 2810 4235 sit
2860 4178 2948 4253 qui
3005 4164 3292 4256 punientur
3342 4204 3398 4249 et

1810 4256 2101 4324 ignominia
2126 4260 2462 4332 afﬁcientur;
2492 4270 2586 4324 sed
2616 4272 2725 4328 sint
2754 4277 2930 4347 potius
2958 4295 3023 4334 ex
3054 4299 3280 4341 numero
3304 4303 3397 4343 eo-

1808 4364 1925 4404 rum
1968 4354 2058 4421 qui
2086 4365 2446 4424 coronantur,
2475 4371 2531 4416 et
2573 4362 2811 4422 divinum
2839 4384 3062 4440 regnum
3106 4376 3348 4436 obtinent
3377 4400 3391 4447 ;

1807 4443 1947 4512 quod
1989 4460 2087 4500 nos
2112 4462 2303 4503 omnes
2325 4454 2536 4524 assequi
2585 4459 2905 4535 contingat.
2956 4468 3125 4537 gratia
3153 4479 3209 4523 et
3237 4472 3394 4527 heni-

1806 4537 2008 4606 gnitate
2057 4539 2263 4597 Domini
2314 4547 2483 4601 nostri
2532 4547 2659 4604 Jesu
2706 4553 2936 4625 (Lhristi,
2987 4561 3201 4628 quicum
3247 4564 3390 4622 Patri

1807 4645 2016 4700 unaque
2040 4632 2257 4703 Spiritui
2272 4647 2462 4694 sancto
2485 4641 2673 4712 gloria,
2698 4646 3003 4719 imperium,
3029 4652 3222 4725 honor,
3250 4675 3391 4715 nunc

1807 4732 1862 4778 et
1881 4739 2123 4796 semper,
2155 4739 2209 4785 et
2240 4731 2291 4786 in
2317 4736 2515 4790 saecula
2541 4741 2882 4799 surculorum.
2911 4748 3105 4806 Amen.

157 4811 3315 4891 ρ-ῄ-Ἁ-κ-η

1604 4900 1951 4967 HOMILIA
1996 4909 2081 4973 Ill
2092 4955 2105 4969 .

145 5018 256 5077 Cu.
285 5027 328 5080 i.
362 5042 411 5082 v.
447 5030 531 5085 10.
568 5030 788 5087 Obsecro
815 5043 979 5089 autem
1009 5053 1113 5103 vos,
1149 5042 1351 5108 fratres,
1386 5060 1475 5113 per
1514 5064 1693 5103 nomen

206 5116 391 5174 Domini
418 5125 578 5177 nostri
609 5125 733 5179 Jesu
764 5125 986 5192 Christi,
1016 5141 1072 5183 ut
1100 5131 1233 5185 idem
1264 5134 1444 5190 dicatis
1472 5154 1643 5193 omnes
1670 5182 1686 5206 ,

205 5220 244 5263 et
282 5230 371 5268 non
396 5218 491 5270 sint
532 5218 585 5272 in
630 5219 768 5274 vobis
794 5222 1101 5289 schismata;
1128 5227 1237 5281 sitis
1273 5239 1441 5284 autent
1484 5234 1692 5304 perfecti

203 5305 246 5357 in
273 5310 429 5363 eadem
452 5323 615 5366 mente
640 5323 688 5367 et
716 5315 767 5367 in
793 5315 966 5370 eadem
1004 5321 1268 5374 sententia.

208 5395 253 5448 l.
284 5396 655 5472 lucrepationes
677 5407 863 5459 sensim
891 5417 934 5461 et
964 5410 1220 5482 moderate
1246 5414 1357 5482 ﬁeri
1382 5426 1598 5485 oportet.
1618 5450 1688 5460 ——

150 5480 273 5549 ΟΜ]
302 5506 497 5561 semper
522 5495 766 5551 dicebam
796 5539 810 5561 ,
839 5480 1036 5554 sensim
1066 5511 1135 5556 et.
1149 5506 1400 5573 paulatim
1435 5510 1684 5581 increpa-

152 5580 295 5636 ttoucs
332 5584 435 5640 ﬁeri
482 5599 751 5659 oportere,
798 5592 977 5647 hocet
1024 5595 1215 5651 Paulus
1247 5599 1330 5655 hic
1360 5600 1502 5658 facit.
1551 5604 1683 5659 Rem

154 5674 265 5725 enim
290 5692 514 5749 magnam
546 5683 888 5753 ingressurus
930 5689 1113 5745 multis
1140 5692 1351 5762 plenam
1382 5698 1635 5766 periculis
1661 5742 1677 5766 ,

154 5770 319 5833 aqua:
344 5783 509 5839 posset
553 5774 844 5832 Ecclesiam
876 5778 1110 5838 funditus
1154 5796 1433 5859 evertere,
1468 5790 1679 5849 mitiore

425 5892 689 5955 i’nnoc.
731 5898 847 5961 Gn.
897 5904 1056 5966 L.\'l.

1801 5054 1969 5109 tttitur
2011 5072 2282 5116 sermone.
2314 5063 2403 5118 Ait
2430 5065 2571 5121 enim
2603 5084 2661 5126 se
2710 5072 2996 5133 obsecrare
3025 5078 3173 5148 illos;
3220 5085 3381 5141 obse-

1798 5158 1952 5201 crare
1979 5157 2155 5202 antem
2184 5166 2282 5221 per
2311 5151 2581 5214 Christum
2604 5203 2617 5229 ,
2647 5164 2795 5233 quasi
2824 5166 2937 5237 ipse
2968 5172 3115 5228 solus
3143 5190 3247 5232 non
3270 5180 3382 5234 suf-

1798 5238 1978 5295 ficeret
2003 5242 2067 5295 ad
2089 5244 2244 5300 talem
2271 5251 2733 5324 supplicationem,
2758 5269 2811 5313 et
2835 5261 2901 5315 ad
2928 5267 3375 5332 persuadendum.

1796 5329 1930 5397 Quid
1979 5342 2063 5389 est
2107 5346 2283 5393 autem
2306 5383 2321 5408 ,
2354 5342 2589 5400 Obsecro
2621 5364 2715 5418 per
2743 5329 3052 5411 Christum?
3098 5360 3377 5421 Christum

1795 5426 2023 5483 adhibeo
2064 5433 2303 5500 socium,
2336 5438 2470 5493 etin
2520 5443 2773 5499 auxilium
2802 5447 2917 5518 ejus
2961 5468 3154 5511 nomen
3186 5457 3376 5529 injuria

1794 5527 1848 5571 et
1891 5524 2210 5579 contumelia
2242 5528 2511 5586 affectum.
2563 5535 2867 5596 Admodum
2916 5550 3188 5618 apposite,
3223 5524 3278 5607 tit
3309 5573 3376 5612 ne

1796 5610 1869 5665 illi
1929 5614 2267 5684 impudenter
2317 5630 2944 5702 agerentz-imptnlentcs
2987 5643 3129 5697 enim
3181 5662 3373 5717 pecca-

1795 5710 1902 5757 tum
1955 5705 2095 5763 facit.
2134 5710 2259 5767 ldeo
2283 5714 2327 5770 si
2356 5718 2532 5773 statim
2566 5722 2779 5791 quidem
2814 5729 3161 5792 vehementer
3181 5705 3372 5797 .iucre-

1790 5799 2018 5868 paveris,
2068 5802 2326 5863 immitem
2370 5817 2423 5866 ct
2469 5812 2830 5885 impudentem
2880 5822 3086 5883 efficis:
3120 5831 3164 5886 si
3195 5831 3367 5889 incre-

2961 5921 2997 5981 2
