3864 6376
409 389 480 454 93
862 352 881 371 κ
1134 386 1189 444 S.
1228 382 1504 441 JOANNIS
1522 379 1991 438 CllllYSOSTOMl
2032 380 2345 437 ARCHIEP.
2385 382 2912 439 CONSTANTINOP.
3621 387 3688 445 ῃ

415 514 642 586 paveris,
674 511 936 568 cervicem
984 507 1213 574 ﬂexisti,
1248 504 1495 575 loquendi
1543 503 1838 556 libertatem
1868 500 1988 553 abs—

413 607 656 672 traxisti,
688 614 746 660 ut
770 604 1017 659 deorsum
1048 599 1307 669 aspiceret
1336 597 1527 652 fecisti.
1567 594 1719 662 Quod
1761 591 1997 645 efﬁciens

414 701 609 755 Paulus
632 699 847 755 interim
878 697 1124 751 obsecrat
1155 709 1250 763 per
1279 706 1473 746 nomen
1502 688 1723 743 Christi.
1752 686 1820 741 Et
1845 683 1997 753 quid-

415 800 539 849 nam
566 790 855 849 obsecrat?
889 789 957 844 Ut
997 786 1131 841 idem
1161 785 1341 839 dicatis
1373 799 1545 837 omnes
1564 821 1580 848 ,
1613 790 1659 835 et
1687 796 1788 833 non
1816 779 1915 832 sint
1945 778 1999 831 in

414 885 552 942 vobis
590 885 883 941 schismata.
931 877 1249 937 Schismatis
1276 874 1578 947 emphatica
1608 873 1687 929 vis
1718 872 1998 942 ipsumque

413 976 768 1034 accusationis
798 991 992 1032 nomen
1023 972 1154 1028 satis
1181 979 1369 1037 erant,
1404 979 1458 1025 ut
1498 968 1620 1024 illos
1649 967 1845 1022 acriter
1874 978 1997 1035 per-

414 1071 755 1141 stringerent.
784 1068 898 1124 Non
930 1067 1071 1122 enim
1104 1066 1316 1119 fuerunt
1346 1061 1527 1117 multa:
1550 1069 1729 1131 partes
1750 1060 1992 1128 integrae,

416 1163 509 1218 Sed
524 1161 697 1219 'etiam
725 1176 826 1216 una
857 1160 1111 1230 perierat.
1140 1156 1273 1212 Nam
1297 1156 1339 1210 si
1368 1154 1625 1209 Ecclesia:
1645 1158 1829 1208 essent
1858 1151 1995 1204 inte-

415 1271 556 1327 gra),
591 1252 743 1308 multi
769 1262 950 1309 essent
972 1259 1145 1306 cretus
1171 1266 1184 1303 :
1217 1248 1262 1301 si
1292 1257 1469 1301 autem
1497 1243 1802 1307 schismata,
1834 1255 1997 1295 unum

416 1346 679 1417 periisset.
711 1345 843 1403 Nam
874 1344 1015 1415 quod
1044 1343 1309 1413 integrum
1339 1348 1455 1406 est,
1485 1353 1607 1395 eum
1640 1338 1690 1391 in
1723 1336 1886 1390 multa
1918 1333 1999 1388 di-

416 1439 650 1504 viditnr,
679 1451 785 1493 non
832 1434 994 1490 modo
1044 1448 1149 1488 non
1198 1432 1365 1487 multa
1411 1429 1676 1495 efﬁcitur,
1721 1426 1815 1482 sed
1857 1424 2000 1494 quod

417 1546 581 1585 unum
610 1538 723 1585 erat
754 1527 914 1598 perit.
944 1522 1088 1582 Talis
1118 1533 1200 1578 est
1223 1523 1571 1578 schismatum
1604 1528 1811 1575 natura.
1849 1516 2001 1571 Dein-

418 1624 486 1679 de
508 1622 631 1693 quia
660 1619 947 1676 admodum
979 1616 1365 1687 perstrinxerat
1401 1612 1706 1668 schismatis
1736 1609 1951 1665 nomine
1980 1648 1997 1673 ,

415 1728 603 1769 rursus
630 1712 761 1767 lenit
803 1720 857 1766 et
888 1709 1092 1779 mitigat
1122 1706 1205 1763 his
1234 1705 1411 1762 verbis
1441 1723 1454 1759 :
1485 1703 1611 1760 Sitis
1642 1712 1810 1757 autem
1834 1700 2001 1771 perfe-

414 1808 483 1860 cti
508 1807 563 1860 in
608 1804 782 1859 eadem
808 1811 972 1857 mente
1016 1809 1064 1854 et
1106 1800 1160 1852 in
1190 1797 1364 1852 eadem
1391 1795 1657 1850 sententia.
1688 1792 1821 1861 Qttia
1852 1792 1996 1847 enim

413 1899 655 1965 dixerat,
691 1895 758 1952 Ut
786 1895 919 1949 idem
945 1892 1128 1947 dicatis
1150 1907 1169 1955 ;
1189 1889 1265 1945 Ne
1296 1888 1516 1960 putetis,
1545 1887 1737 1958 inquit,
1765 1901 1851 1941 me
1878 1900 2001 1941 con-

419 1991 657 2047 eordiam
709 1988 909 2043 dixisse
953 1987 1007 2041 in
1039 1983 1218 2040 verbis
1260 1982 1434 2038 solum
1463 1981 1660 2036 sitam:
1704 1993 1823 2035 eam
1852 1977 1999 2034 enim

415 2098 535 2153 qua:
562 2082 613 2136 in
643 2088 823 2135 mente
853 2085 935 2134 est
964 2074 1305 2132 concordiam
1334 2070 1570 2144 requiro.
1599 2070 1706 2128 Sed
1734 2070 1854 2142 quia
1886 2069 1999 2125 fieri

418 2182 627 2245 potest,
662 2183 721 2229 ut
747 2173 977 2243 idipsum
1008 2177 1190 2225 mente
1218 2168 1400 2223 dicant
1429 2207 1444 2233 ,
1487 2166 1581 2221 sed
1613 2181 1718 2219 non
1759 2164 1812 2219 in
1839 2163 2000 2219 rebus

423 2268 674 2325 omnibus
695 2310 711 2335 ,
744 2267 866 2323 ideo
894 2263 1021 2320 illud
1052 2263 1210 2319 etiam
1241 2259 1463 2325 addidit,
1490 2258 1618 2315 Sitis
1643 2268 1809 2346 autem
1831 2259 2002 2329 perfe-

418 2366 504 2419 (li.
536 2364 636 2432 Qui
662 2363 805 2418 enim
835 2362 887 2416 in
917 2361 1096 2431 aliquo
1115 2359 1334 2429 junctus
1363 2367 1478 2421 est,
1506 2355 1559 2411 in
1603 2355 1781 2427 aliquo
1822 2364 2001 2409 autem

421 2456 679 2522 dissidet,
721 2471 828 2510 non
877 2453 1061 2524 utique
1111 2448 1381 2523 perfectus
1410 2459 1527 2518 est,
1570 2464 1744 2519 neque
1793 2450 1845 2502 in
1893 2455 2003 2503 toto

420 2548 710 2604 consentit.
757 2545 902 2602 Fieri
951 2554 1126 2600 autem
1166 2551 1383 2614 potest,
1424 2550 1482 2596 ut
1523 2541 1643 2611 quis
1682 2539 2003 2611 cogitatione

423 2640 748 2707 concordet,
790 2652 968 2709 neque
1008 2645 1185 2691 tamen
1231 2633 1495 2690 sententia
1534 2651 1547 2687 :
1598 2642 1655 2689 ut
1697 2648 1819 2688 cum
1859 2648 2005 2688 eam-

423 2737 547 2791 dem
600 2734 859 2790 habentes
896 2730 1092 2795 ﬁdem,
1144 2730 1365 2784 caritate
1408 2727 1579 2799 juncti
1640 2741 1747 2781 non
1796 2741 2001 2781 sumus.

422 2828 513 2885 Sic
572 2827 715 2882 enim
768 2823 1060 2881 secundum
1115 2821 1347 2893 cogitata
1391 2820 1564 2891 junCIi
1625 2833 1811 2874 sumus
1866 2818 2004 2884 (ea-

424 2922 547 2975 dem
593 2918 791 2990 quippe
835 2914 1156 2987 cogitantus)
1186 2958 1198 2981 ,
1230 2912 1495 2969 sententia
1528 2927 1655 2967 vero
1682 2926 1788 2966 non
1831 2910 1960 2966 item
1989 2927 2003 2965 :

424 3013 565 3086 quod
596 3012 757 3069 etiam
786 3021 913 3066 tunc
942 3010 1137 3064 factum
1169 3018 1251 3063 est
1272 3049 1287 3075 ,
1316 3021 1437 3062 eum
1471 3004 1557 3060 hic
1591 3003 1805 3076 quidem
1832 3002 2001 3070 illum,

427 3106 518 3162 ille
561 3105 724 3161 alium
755 3104 1001 3173 eligeret.
1052 3100 1175 3156 ldeo
1222 3099 1296 3154 ait
1338 3108 1394 3154 et
1434 3109 1616 3153 mente
1643 3106 1698 3152 et
1742 3094 2006 3152 sententia

420 3197 570 3269 jungi
600 3196 816 3251 debere.
845 3192 1029 3261 Neque
1073 3190 1215 3246 enim
1243 3188 1385 3259 quod
1413 3189 1467 3242 in
1496 3188 1602 3242 ﬁde
1649 3187 1971 3241 dissiderent
1989 3227 2005 3251 ,

427 3288 720 3342 schismata
773 3292 965 3348 erant;
1015 3280 1109 3336 scd
1152 3278 1298 3349 quod
1327 3276 1593 3333 sententia
1622 3276 2007 3332 dirimerentur

429 3378 721 3436 secundum
746 3377 1033 3431 humanam
1062 3371 1487 3428 contentionem.
1510 3369 1617 3425 Sed
1642 3369 1892 3439 quoniam
1920 3369 1965 3423 is
1989 3410 2006 3437 ,

429 3473 520 3543 qui
548 3477 863 3533 accusatur,
895 3466 1069 3521 donec
1111 3472 1276 3518 testes
1302 3476 1409 3516 non
1449 3460 2010 3529 habet,impudenter

428 3566 572 3634 agit;
606 3560 725 3617 vide
754 3558 1023 3631 quomodo
1052 3572 1158 3611 non
1188 3554 1490 3612 concedens
1517 3562 1573 3608 ut
1601 3562 1817 3624 negent,
1847 3560 2010 3608 testes

432 3656 676 3710 adducat.
727 3653 814 3709 ll.
857 3650 1221 3722 'Siguiﬁcatum
1259 3646 1393 3701 enim
1446 3654 1517 3700 est
1562 3645 1688 3699 mihi
1729 3644 1792 3698 de
1829 3644 2007 3710 vobis,

432 3751 614 3820 fratres
639 3788 653 3812 ,
687 3746 750 3800 ab
792 3745 854 3798 iis
878 3742 963 3809 qui
989 3752 1105 3798 sunt
1135 3740 1336 3795 Chloes.
1368 3737 1553 3807 Neque
1588 3737 1770 3791 statim
1799 3735 1900 3791 hoc
1930 3734 2012 3790 di-

434 3849 607 3904 xerat,
637 3838 730 3893 sed
756 3838 926 3907 primo
948 3834 1346 3890 accusationem
1370 3839 1642 3903 posuerat,
1674 3829 1815 3899 quod
1838 3830 2009 3900 ipsum

435 3930 858 4003 signiﬁcantibus
884 3927 1180 3984 credidisse
1208 3926 1431 3997 probat:
1462 3922 1565 3977 nisi
1593 3922 1737 3979 enim
1760 3922 1861 3977 hoc
1890 3920 2014 3976 luis

434 4037 547 4093 set,
576 4040 681 4079 non
712 4029 1053 4079 accusasset:
1084 4036 1189 4075 non
1234 4028 1436 4074 temere
1466 4017 1608 4073 enim
1654 4016 1850 4071 Paulus
1892 4030 2014 4070 crc-

436 4118 679 4174 didisset.
726 4114 909 4185 Neque
949 4112 1126 4168 statim
1170 4110 1298 4165 dixit
1330 4110 1431 4165 sibi
1470 4106 1826 4178 signiﬁcatum
1857 4120 2011 4171 esse,

433 4223 505 4265 ne
535 4208 805 4262 videretur
830 4203 983 4275 quasi
1002 4202 1080 4258 ab
1108 4200 1212 4257 illis
1236 4200 1486 4256 inductus
1511 4212 1806 4254 accusare:
1841 4212 2015 4267 neque

438 4301 602 4357 tacuit
628 4314 811 4355 eorum
846 4311 1064 4363 nomen,
1094 4310 1161 4350 ne
1186 4292 1460 4349 videretur
1485 4307 1551 4348 ex
1585 4306 1644 4346 se
1672 4290 1788 4346 solo
1814 4288 2012 4344 dicere.

440 4393 645 4450 Rursus
694 4390 818 4446 illos
846 4389 1039 4444 fratres
1082 4385 1341 4443 nominat.
1376 4385 1525 4440 Licet
1568 4384 1709 4439 enim
1742 4390 2016 4453 peccatum

439 4486 777 4542 manifestum
824 4490 998 4548 esset,
1032 4478 1161 4535 nihil
1193 4476 1519 4548 impediebat
1565 4476 1851 4546 quominus
1898 4473 2019 4526 illos

439 4579 612 4633 adhuc
644 4576 837 4632 fratres
864 4580 1102 4628 vocaret.
1128 4568 1417 4626 Considera
1449 4577 1627 4623 autem
1658 4565 2017 4638 prudentiam,

441 4667 713 4740 quomodo
742 4682 847 4723 non
875 4674 1176 4736 separatam
1199 4676 1485 4733 personam
1525 4658 1780 4730 posuerit,
1807 4657 1899 4711 sed
1926 4657 2023 4712 do-

441 4775 587 4817 mum
618 4768 803 4825 totam,
836 4773 904 4812 ne
929 4756 1030 4826 ipsi
1058 4757 1376 4826 impeterent
1400 4768 1523 4807 eum
1555 4750 1645 4822 qui
1675 4750 1728 4805 id
1758 4750 2015 4805 dixisset:

441 4855 513 4907 ita
543 4851 686 4907 enim
717 4860 771 4904 et
799 4849 948 4903 illum
986 4848 1149 4911 texit,
1182 4854 1238 4901 et
1273 4842 1668 4899 accusationem
1714 4843 1832 4897 sine
1878 4851 2023 4897 metu

441 4943 671 5013 aperuit.
696 4941 812 4997 Non
853 4939 984 4995 vidit
1022 4938 1166 4994 enim
1210 4938 1382 4993 solum
1409 4937 1551 5008 quod
1581 4936 1708 5001 illis,
1730 4936 1825 4991 sed
1858 4935 2021 4991 etiam

442 5035 583 5109 quod
610 5034 693 5089 his
721 5031 1015 5103 expediret.
1047 5031 1171 5086 ldeo
1194 5045 1299 5085 non
1329 5029 1498 5093 dixit,
1522 5028 1891 5101 Signiﬁcatum
1924 5029 2025 5084 mi-

446 5128 502 5184 hi
530 5135 613 5182 est
640 5142 667 5179 a
697 5122 1050 5195 quibusdam;
1082 5121 1176 5178 sed
1205 5122 1366 5177 etiam
1404 5121 1621 5176 domum
1652 5120 1907 5177 indicavit
1927 5163 1942 5188 ,
1970 5130 2027 5176 ut

448 5239 514 5277 ne
535 5221 805 5276 videretur
824 5216 1179 5274 comminisci.
1199 5216 1333 5283 Quid
1356 5216 1709 5288 signiﬁcatum
1729 5227 1811 5272 est
1829 5218 1851 5272 ?
1876 5218 2025 5286 Quod

448 5313 788 5369 contentiones
817 5311 914 5365 sint
945 5311 998 5363 in
1027 5308 1182 5363 vobis.
1216 5308 1438 5376 Quando
1467 5308 1588 5365 illos
1616 5309 1861 5380 increpat
1883 5352 1896 5375 ,
1941 5310 2025 5365 di-

452 5407 561 5461 cit:
593 5401 674 5457 Ne
693 5403 791 5457 sint
818 5402 869 5455 in
897 5400 1033 5455 vobis
1058 5401 1360 5467 schismata;
1385 5416 1505 5456 cum
1537 5411 1713 5457 autem
1743 5419 1863 5472 qua:
1888 5402 2025 5455 alio-

454 5514 572 5554 rum
603 5505 728 5552 sunt
753 5496 1067 5559 annuntiat,
1097 5494 1278 5549 mitius
1304 5494 1458 5550 eﬁ'ert
1484 5494 1569 5550 his
1609 5496 1824 5551 verbis:
1851 5496 2031 5565 Signi-

455 5593 663 5663 ﬁcatum
698 5590 829 5643 enim
859 5597 928 5642 est
951 5588 1096 5653 mihi,
1124 5587 1258 5658 quod
1284 5589 1619 5642 contentiones
1644 5598 1758 5642 sunt
1781 5589 1832 5642 in
1859 5588 2033 5653 vobis;

457 5694 516 5739 ut
545 5699 613 5739 ne
636 5698 731 5738 eos
754 5682 842 5754 qui
868 5680 1145 5749 dixerant,
1177 5696 1281 5735 una
1313 5681 1618 5752 impeteret.
1644 5682 1844 5738 Deinde
1864 5698 2034 5751 genus

456 5774 816 5833 contentionis
844 5775 973 5830 dicit
998 5793 1011 5831 :
1045 5774 1130 5830 l2.
1165 5773 1312 5840 Quod
1349 5776 1687 5845 unusquisque
1713 5784 1925 5829 vestrum
1955 5778 2037 5831 di-

457 5871 526 5927 cit
550 5912 566 5939 ,
616 5866 729 5943 Ego
758 5869 957 5940 quidem
987 5884 1101 5924 sum
1132 5865 1287 5922 Pauli
1316 5907 1332 5933 ,
1364 5882 1455 5938 ego
1484 5875 1651 5922 autem
1680 5866 1865 5937 Apollo
1893 5908 1907 5933 ,
1940 5885 2032 5939 ego

2110 515 2225 554 vero
2246 498 2449 570 Cen/ue.
2478 502 2859 560 Contentiones
2879 504 3020 560 enim
3043 504 3163 561 dico
3182 549 3195 572 ,
3230 508 3397 578 inquit
3422 551 3436 573 ,
3462 524 3565 562 non
3594 524 3687 564 eas

2104 606 2223 661 ιιιιειι
2252 591 2319 646 de
2371 593 2530 647 rebus
2586 596 2808 665 privatis
2837 605 3001 663 sunt,
3055 600 3149 653 sed
3180 600 3477 668 graviores.
3533 603 3683 668 Quod

2104 685 2443 754 unusquisque
2470 696 2688 741 vestrum
2717 690 2858 745 dicit.
2891 690 3007 745 Non
3035 693 3175 746 enim
3210 702 3413 762 partem
3434 737 3449 759 ,
3480 695 3576 750 sed
3609 706 3687 749 to-

2107 783 2213 830 tam
2265 777 2558 833 Ecclesiam
2606 782 2879 851 corruptio
2906 782 3240 839 devastabat.
3274 785 3436 856 Atqui
3478 801 3578 842 nec
3619 787 3687 842 de

2104 868 2314 938 seipso.
2353 885 2453 926 nec
2491 871 2557 927 de
2596 872 2790 941 Petro,
2817 891 2915 930 nec
2945 876 3013 932 de
3043 878 3235 947 Apollo
3274 879 3558 945 dicebant;
3592 883 3689 937 sed

2104 961 2377 1026 ostendit,
2426 964 2566 1033 quod
2615 966 2659 1020 si
2702 965 2788 1022 his
2826 967 3157 1024 innitendum
3200 986 3306 1025 non
3349 981 3467 1039 est,
3512 973 3683 1028 multo

2105 1053 2283 1108 minus
2308 1054 2451 1109 aliis.
2483 1055 2635 1123 Quod
2677 1070 2854 1114 autem
2893 1077 2997 1114 non
3040 1062 3106 1116 de
3138 1062 3220 1117 his
3239 1062 3516 1129 dicerent,
3550 1064 3689 1119 infra

2104 1144 2237 1200 dicit
2261 1164 2272 1199 :
2308 1145 2435 1201 Ilaec
2461 1158 2627 1203 autem
2653 1153 3015 1223 transﬁguraoi
3040 1154 3093 1207 in
3135 1172 3214 1209 me
3240 1166 3287 1209 et
3313 1156 3521 1226 Apollo,
3553 1169 3611 1212 ut
3636 1159 3690 1211 in

2104 1240 2247 1293 nobis
2291 1239 2500 1295 discatis
2541 1259 2641 1297 non
2686 1260 2843 1314 supra
2880 1246 2939 1299 id
2965 1248 3103 1317 quod
3132 1250 3374 1317 scriptum
3411 1260 3482 1305 est
3512 1267 3692 1322 sapere

2109 1334 2183 1403 (l.
2217 1332 2337 1390 Cor.
2369 1336 2425 1389 4.
2455 1335 2534 1407 2).
2565 1337 2719 1403 Quod
2756 1340 2800 1393 si
2830 1339 2980 1394 Pauli
3007 1383 3022 1408 ,
3051 1342 3242 1411 Apollo
3276 1353 3327 1397 et
3354 1341 3552 1414 Cepha:
3579 1358 3689 1400 non

2104 1427 2385 1498 oportebat
2412 1429 2514 1484 sibi
2538 1431 2753 1487 nomina
2782 1430 3119 1498 adscribere,
3147 1436 3318 1489 multo
3345 1436 3522 1491 minus
3547 1437 3687 1493 alio-

2104 1536 2245 1575 rum.
2275 1519 2330 1577 Si
2360 1520 2639 1578 doctorem
2669 1533 2722 1578 et
2751 1525 2981 1593 primurn
3009 1527 3374 1595 apostolorum
3394 1570 3409 1592 ,
3442 1528 3530 1597 qui
3561 1539 3681 1584 tan-

2106 1623 2217 1668 tum
2256 1615 2558 1670 instituerat
2587 1618 2841 1686 populum
2864 1659 2879 1685 ,
2910 1634 3015 1673 non
3048 1619 3327 1690 oportebat
3357 1621 3453 1674 sibi
3478 1621 3691 1675 adscri-

2104 1705 2253 1771 bere,
2278 1707 2445 1761 multo
2467 1707 2645 1763 minus
2663 1723 2755 1763 eos
2775 1709 2865 1779 qui
2887 1709 3018 1764 nihil
3043 1720 3217 1765 erant.
3242 1709 3371 1765 Cum
3394 1710 3691 1783 hyperbole

2105 1797 2283 1868 itaque
2313 1799 2433 1855 illos
2478 1814 2506 1853 a
2549 1799 2737 1855 morbo
2766 1800 3034 1857 abducere
3062 1802 3284 1856 studens
3331 1803 3444 1857 lta'c
3472 1806 3692 1859 nomina

2106 1892 2276 1961 punit.
2321 1892 2569 1964 Alioquin
2606 1909 2733 1948 vero
2780 1895 2941 1949 etiam
2973 1897 3148 1951 minus
3179 1898 3456 1952 molestam
3487 1900 3693 1953 oratio-

2104 1999 2227 2039 nem
2258 1983 2473 2053 reddit,
2506 2000 2610 2041 non
2652 1987 2966 2043 nominatim
2994 2004 3281 2044 recensens
3308 2006 3401 2044 eos
3424 1991 3512 2061 qui
3541 1992 3694 2045 scin-

2105 2076 2303 2133 debant
2330 2079 2624 2135 Ecclesiatn
2650 2121 2665 2145 ,
2694 2080 2789 2136 sed
2820 2083 2970 2151 quasi
3014 2082 3177 2137 larvis
3201 2083 3514 2152 quibusdam
3554 2098 3697 2154 apo-

2106 2172 2363 2227 stolorum
2387 2173 2690 2228 nominibus
2712 2174 2858 2245 ipsos
2882 2174 3141 2245 obtegens
3168 2195 3181 2229 :
3212 2175 3323 2246 Ego
3349 2176 3553 2246 quidem
3574 2193 3698 2231 sum

2109 2263 2265 2319 Pauli
2288 2306 2303 2329 ,
2335 2282 2425 2336 ego
2455 2276 2623 2320 autem
2652 2266 2838 2337 Apollo
2860 2308 2874 2332 ,
2906 2283 2998 2339 ego
3026 2283 3141 2322 vero
3165 2266 3366 2339 Cephw.

2176 2359 2232 2413 2.
2268 2357 2465 2414 Paulus
2491 2376 2592 2413 non
2621 2362 2825 2432 praefert
2851 2377 2904 2414 se
2934 2360 3108 2417 Petro.
3130 2390 3201 2403 —
3230 2361 3344 2416 Non
3382 2363 3679 2431 pmrferens

2109 2466 2168 2507 se
2198 2450 2377 2518 Petro,
2408 2452 2587 2522 posuit
2632 2452 2779 2506 illum
2843 2452 3125 2519 ultimum;
3157 2454 3262 2506 imo
3304 2468 3432 2508 vero
3472 2454 3697 2509 Petrum
3794 2490 3797 2491 ν

2110 2542 2213 2598 sibi
2240 2542 2394 2598 valde
2422 2558 2758 2613 praeponens,
2790 2557 2887 2612 per
2936 2543 3407 2612 ampliﬁcationem
3438 2545 3697 2614 loquutus

2110 2644 2213 2701 est,
2244 2650 2313 2690 ne
2355 2644 2628 2704 putaretur
2671 2637 2773 2691 hoc
2804 2651 2903 2706 per
2950 2636 3209 2691 invidiam
3261 2638 3455 2705 facrre,
3497 2648 3553 2694 et
3582 2656 3701 2709 prze

2111 2728 2279 2783 livore
2301 2728 2432 2797 ipsis
2476 2727 2735 2784 honorem
2768 2727 3000 2783 auferre.
3032 2727 3158 2783 Ideo
3187 2730 3422 2800 seipsum
3455 2733 3691 2801 primum

2110 2822 2308 2892 posuit.
2340 2820 2474 2876 Nam
2499 2821 2588 2892 qui
2619 2836 2676 2876 se
2717 2822 2944 2891 primum
2978 2825 3249 2891 reprobat,
3280 2840 3385 2878 non
3415 2825 3555 2895 quod
3585 2825 3698 2879 ho-

2111 2930 2301 2970 norem
2351 2924 2495 2969 amet
2533 2914 2636 2970 hoc
2662 2913 2807 2979 facit,
2840 2914 2935 2970 sed
2965 2915 3107 2985 quod
3157 2917 3314 2971 talem
3346 2917 3568 2987 gloriam
3599 2919 3703 2974 ad-

2112 3006 2329 3063 modum
2357 3005 2636 3077 despiciat.
2662 3005 2854 3061 Totum
2882 3022 3012 3077 ergo
3044 3008 3296 3079 impetum
3326 3010 3527 3078 primus
3557 3013 3703 3067 exci-

2113 3097 2210 3168 pit,
2242 3105 2471 3166 tuncque
2497 3096 2647 3167 ponit
2666 3097 2877 3166 Apollo,
2904 3107 3088 3167 postea
3116 3098 3379 3170 Cepham.
3412 3100 3527 3156 Non
3564 3118 3703 3174 ergo

2112 3203 2234 3243 sese
2259 3189 2524 3244 extollens
2554 3188 2605 3243 id
2630 3186 2787 3255 fecit;
2819 3189 2910 3243 sed
2931 3189 2983 3243 in
3014 3190 3099 3258 iis,
3126 3207 3245 3261 quce
3271 3192 3383 3247 ﬁeri
3408 3210 3511 3248 non
3532 3209 3702 3264 opor-

2114 3280 2261 3335 tebat
2282 3320 2296 3344 ,
2331 3295 2427 3350 per
2453 3280 2722 3351 propriam
2756 3296 3039 3351 personam
3091 3284 3265 3354 primo
3302 3286 3701 3343 correctionem

2114 3370 2258 3427 facit.
2290 3372 2395 3427 Sed
2421 3371 2563 3443 quod
2589 3372 2624 3427 ii
2646 3373 2883 3443 quidem,
2914 3375 3001 3445 qui
3031 3373 3152 3430 huic
3179 3377 3262 3431 vel
3287 3376 3376 3431 alii
3413 3391 3471 3432 se
3492 3377 3706 3434 adscri-

2116 3466 2327 3533 berent,
2358 3476 2663 3536 peccarent,
2694 3467 2871 3536 palam
2909 3476 2991 3521 est
3021 3484 3036 3521 :
3067 3483 3131 3521 ac
3158 3477 3306 3523 recte
3338 3469 3456 3523 illos
3476 3471 3706 3541 corrigit

2114 3558 2297 3612 dicens
2332 3557 2486 3613 :Non
2516 3558 2651 3614 bene
2694 3557 2866 3613 facitis
2903 3557 3178 3624 dicentes,
3222 3559 3332 3632 Ego
3359 3562 3561 3629 quidem
3587 3579 3704 3616 sum

2116 3651 2293 3716 Pauli,
2317 3668 2408 3721 ego
2440 3663 2608 3705 autem
2638 3652 2843 3720 Apollo,
2871 3668 2960 3721 ego
2988 3668 3101 3705 vero
3146 3650 3347 3722 Cephte.
3382 3652 3489 3708 Cur
3512 3665 3704 3711 autem

2114 3744 2338 3810 addidit,
2373 3744 2482 3816 Ego
2503 3761 2618 3800 vero
2641 3743 2869 3800 Christi?
2888 3745 3019 3800 Nam
3050 3746 3094 3801 si
3126 3745 3159 3800 ii
3185 3748 3273 3817 qui
3303 3763 3362 3802 se
3386 3746 3704 3805 hominibus

2119 3837 2521 3906 adscripserunt
2548 3852 2861 3906 peccavere,
2900 3852 3005 3891 non
3039 3847 3190 3893 certe
3223 3838 3255 3891 ii
3285 3840 3453 3908 quise
3476 3837 3701 3897 Christo

2120 3928 2460 3982 addieebant.
2486 3927 2593 3982 Sed
2644 3942 2749 3982 non
2779 3942 2871 3983 eos
2895 3928 2995 3982 hac
3022 3928 3090 3982 de
3121 3945 3189 3983 re.
3210 3929 3513 3996 accusabat,
3553 3934 3704 4001 quod

2119 4033 2178 4072 se
2200 4017 2411 4072 Christo
2438 4016 2829 4084 adscriberent,
2855 4018 2950 4072 sed
2977 4020 3149 4073 solum
3182 4020 3322 4090 quod
3353 4036 3455 4075 non
3483 4038 3702 4077 omnes.

2120 4107 2257 4161 Puto
2279 4118 2457 4161 autem
2491 4108 2663 4175 ipsum
2695 4106 2797 4162 hoc
2826 4124 2888 4162 ex
2918 4124 2978 4163 se
3001 4109 3284 4178 adjecissc,
3317 4119 3374 4164 ut
3398 4113 3709 4181 graviorem

2124 4199 2323 4253 faceret
2362 4199 2796 4265 accusationem,
2855 4210 2910 4256 et
2960 4201 3269 4257 ostenderet
3293 4200 3564 4258 Christum
3610 4207 3710 4261 uni

2123 4289 2307 4343 datum
2339 4303 2461 4344 esse
2491 4289 2649 4360 parti,
2698 4290 2907 4344 etiamsi
2950 4290 3025 4344 illi
3059 4291 3159 4346 hoc
3197 4307 3301 4346 non
3329 4294 3407 4350 sic
3440 4294 3708 4350 facerent.

2124 4383 2277 4450 Quod
2301 4385 2444 4439 enim
2494 4386 2595 4439 hoe
2625 4383 3065 4449 subindicaverit,
3096 4400 3192 4456 per
3218 4402 3278 4442 ea
3311 4402 3429 4457 quac
3458 4402 3709 4456 sequun-

2129 4487 2212 4531 tur
2237 4476 2471 4532 ostendit
2493 4476 2677 4532 dicens
2711 4495 2724 4533 :
2754 4477 2839 4532 l5.
2874 4476 3082 4532 Divisus
3102 4488 3175 4533 est
3205 4478 3436 4535 Christus
3460 4480 3487 4533 ?
3514 4480 3568 4534 ld
3598 4494 3710 4547 est,

2124 4568 2395 4623 Christum
2419 4568 2753 4636 concidistis,
2773 4579 2827 4624 et
2849 4584 3042 4640 corpus
3068 4570 3185 4641 ejus
3216 4572 3495 4628 divisistis.
3540 4572 3715 4632 Vides

2128 4662 2283 4729 iram,
2316 4661 2467 4716 vides
2488 4660 2934 4732 increpationent,
2959 4662 3106 4718 vides
3135 4678 3438 4719 sermonem
3464 4664 3717 4735 indigna-

2129 4755 2274 4811 tlone
2302 4755 2555 4826 plenum?
2576 4755 2708 4809 Cum
2735 4757 2879 4809 enim
2907 4772 3013 4810 non
3044 4756 3354 4827 probatione
3382 4768 3584 4824 utatur,
3610 4761 3714 4815 sed

2130 4850 2423 4921 interroget
2463 4858 2668 4903 tantum
2691 4888 2704 4910 ,
2740 4846 2843 4903 hoc
2871 4847 2996 4904 facit
3022 4853 3173 4920 quasi
3204 4850 3508 4905 absurditas
3535 4850 3628 4906 illa
3657 4853 3716 4908 in

2130 4942 2377 4997 confesso
2408 4941 2497 4995 sit.
2527 4940 2754 5006 Quidam
2778 4955 2907 4996 vero
2933 4940 3077 4995 aliud
3100 4941 3442 4998 subindicare
3471 4952 3665 5012 putant
3695 4986 3713 5010 ,

2129 5049 2250 5089 cum
2290 5036 2396 5089 ait:
2424 5031 2630 5087 Divisus
2669 5042 2740 5087 est
2768 5030 3001 5087 Christus
3024 5049 3043 5097 ;
3066 5048 3257 5103 nempe
3279 5034 3544 5104 dispertiit
3572 5036 3721 5105 apud

2133 5126 2374 5182 homines
2401 5135 2454 5180 et
2481 5125 2659 5180 divisit
2692 5124 3011 5190 Eeclesiam,
3039 5135 3094 5181 et
3116 5136 3321 5195 partem
3350 5125 3564 5197 quidem
3598 5127 3724 5196 ipse

2133 5221 2295 5290 cepit,
2319 5218 2584 5290 aliamque
2610 5219 2714 5273 illis
2741 5217 2906 5273 dedit.
2942 5216 3144 5274 Deinde
3164 5216 3547 5274 absurditatem
3567 5219 3722 5276 illam

2136 5312 2273 5367 tollit
2294 5311 2516 5367 dicens:
2559 5311 2822 5382 Numquid
2854 5309 3052 5366 Paulus
3093 5312 3369 5380 cruciﬁxus
3390 5322 3460 5367 est
3491 5329 3584 5380 pro
3614 5329 3718 5368 vo-

2136 5407 2231 5471 bis,
2259 5415 2347 5460 aut
2373 5408 2425 5460 in
2456 5407 2656 5461 nomine
2684 5405 2840 5459 Pauli
2870 5404 3111 5476 baptizati
3132 5406 3293 5460 estis?
3324 5406 3452 5461 Vide
3479 5416 3728 5463 mentem

2137 5499 2334 5555 Christi
2365 5512 2633 5554 amantem
2657 5540 2670 5562 ,
2702 5497 2975 5568 quomodo
3030 5500 3083 5552 in
3130 5513 3324 5553 nomen
3374 5512 3530 5553 suum
3564 5498 3727 5554 dein—

2138 5609 2267 5664 ceps
2301 5603 2469 5649 totum
2509 5593 2739 5649 adducat
2765 5633 2779 5658 ,
2803 5591 3031 5648 ubertim
3061 5591 3351 5648 ostendens
3376 5590 3519 5646 hunc
3544 5591 3728 5648 bono-

2142 5674 2256 5741 rem
2278 5686 2476 5742 nemini
2495 5692 2825 5755 competere.
2851 5686 2927 5739 Ac
2951 5698 3021 5738 ne
3051 5682 3291 5739 videatur
3316 5683 3514 5738 invidia
3542 5694 3731 5739 motus

2145 5777 2259 5832 ιιωο
2309 5777 2529 5844 dicere,
2568 5776 2692 5831 ideo
2739 5790 2798 5830 se
2851 5775 3156 5847 frequenter
3206 5775 3588 5832 circumversat
3622 5792 3636 5829 :
3673 5787 3733 5833 et

2148 5870 2487 5943 prudentiam
2515 5870 2818 5928 considera.
2844 5869 2963 5929 Non
2990 5870 3132 5929 enim
3159 5870 3315 5943 dixit,
3348 5869 3485 5929 Num
3518 5870 3729 5928 Paulus
