3864 6216
169 316 250 370 23
714 342 717 345 ι
821 277 827 285 ’
1254 314 1317 369 IN
1362 317 1579 375 msr.
1622 319 1640 374 ι
1680 318 1751 372 Al

1857 319 1967 376 OR.
2013 322 2245 382 HOMIL.
2299 328 2387 383 ΙΙΙ.
3384 334 3453 389 ει

162 432 235 486 τὸ
256 433 430 502 ὃνομα
459 432 619 485 ἰκανά
650 433 855 503 σφόδρα
889 434 1108 487 αὑτῶνι
1147 432 1515 502 καθάψασθαι.
1549 435 1623 487 Ού
1656 435 1763 503 γὰρ

164 516 349 570 πολλά
394 517 619 585 γέγονεν
658 518 931 588 ὁλόκληρα.
965 520 1134 591 μέρη,
1172 518 1310 573 ἀλλά
1350 520 1443 571 καὶ
1474 519 1535 573 rb
1563 519 1620 572 ἓν
1657 521 1765 573 ἀπ-

162 599 363 655 ώλετο.
412 603 474 655 Εἰ
524 602 627 672 μὲν
658 601 767 673 7&9
803 602 1120 675 Ἐκκλησίαι
1148 598 1290 675 ἦσαν
1339 603 1660 676 ὁλόκληροι,
1694 600 1763 674 ἦν

158 685 346 739 ⁴πτολλά
398 686 467 741 τά
516 689 857 759 συστήματα·
907 689 955 742 εἰ
1000 689 1057 742 δέ
1111 689 1411 760 σχίσματα,
1458 689 1554 743 καὶ
1599 689 1661 742 τὸ
1705 686 1764 741 ἓν

158 769 462 842 διεφθάρη.
488 771 561 824 Tb
586 773 656 840 γά
665 790 694 843 ρ
718 772 911 843 ὁλόκλη
920 790 1033 844 ρον,
1053 773 1181 827 ὅταν
1202 775 1281 838 εἰς
1299 772 1473 826 πολλά
1494 772 1760 843 διαιρεθῇ,

159 853 230 905 ού
269 855 433 923 μόνον
478 854 649 908 πολλά
687 856 747 909 οὐ
790 856 1026 924 γίνεται,
1055 856 1193 910 ἀλλά
1222 857 1318 909 καὶ
1346 854 1407 909 rb
1436 855 1493 908 ἓν
1526 855 1764 909 ἀπῦλλυ-

159 954 282 992 ται.
314 936 550 1010 Τοιαύτη
586 940 696 992 τῶν
738 940 1054 1011 σχισμάτων
1096 942 1128 1011 ἡ
1168 940 1350 1010 φύσις.
1386 936 1540 1006 Εἶτα,
1577 937 1763 1012 ἐπειδὴ

162 1022 382 1093 σφόδρα
397 1023 680 1095 καθήψατο
695 1026 760 1094 τῇ
782 1024 1123 1094 προσηγορίᾳ
1143 1024 1237 1077 τοῦ
1263 1025 1583 1095 σχίσματος,
1600 1022 1763 1077 πάλιν

158 1106 376 1161 λεαίνει
406 1109 495 1161 καὶ
529 1109 760 1178 πραΰνει
790 1108 966 1175 λέγων
988 1124 1001 1138 ·
1034 1104 1172 1162 Ἦτε
1195 1108 1264 1161 δὲ
1298 1106 1762 1177 κατηρτισμένοι

157 1190 237 1246 ἐν
273 1191 357 1256 τῷ
399 1190 559 1257 αὐτῷ
584 1192 681 1245 νοῒ
713 1191 811 1244 καὶ
848 1192 918 1244 ἐν
956 1191 1031 1261 τῇ
1062 1190 1217 1260 αὐτῇ
1260 1192 1485 1262 γνώμῃ.
1541 1192 1759 1262 Ἐπειδὴ

160 1275 279 1345 γὰρ
300 1270 477 1341 εἶπεν,
497 1276 621 1329 Ἵνα
645 1275 710 1329 τὸ
727 1276 876 1329 αὐτό
896 1275 1135 1344 λέγητε,
1157 1276 1247 1343 Μὴ
1267 1276 1548 1346 νομίσητε,
1572 1278 1758 1347 φησιν,

158 1358 250 1409 ὅτι
285 1357 453 1428 μέχρι
476 1359 737 1430 ῥημάτων
764 1354 917 1411 εἷπον
943 1352 1084 1411 εἶναι
1108 1357 1204 1429 τὴν
1229 1358 1504 1429 ὁμόνοιαν
1529 1359 1629 1429 τὴν
1654 1359 1762 1428 7&9

162 1442 279 1494 ἀπὸ
321 1442 565 1507 διανοίας
616 1443 937 1513 συμφωνίαν
972 1442 1237 1513 ἐπιζητῶ*
1272 1441 1389 1496 ἀλλ’
1425 1442 1615 1507 ἐπειδὴ
1646 1442 1760 1495 ἐστι

159 1526 265 1578 καὶ
305 1525 489 1595 λέγειν
522 1526 630 1580 ἀπὸ
655 1526 897 1588 διανοίας
921 1526 982 1579 rb
1005 1524 1157 1592 αὐτὸ,
1183 1529 1244 1578 οὐ
1275 1526 1382 1597 μὴν
1410 1528 1467 1580 ἐν
1496 1527 1630 1580 πᾶσι
1650 1528 1762 1591 τοῖς

160 1612 488 1682 πράγμασι,
521 1610 609 1665 διά
634 1610 791 1665 τοῦτο
820 1613 916 1665 καὶ
945 1609 1105 1665 τοῦτο
1135 1612 1465 1681 προσέθηκε,
1500 1612 1582 1678 rb,
1616 1606 1762 1666 Ἦτε

157 1694 234 1747 δὲ
270 1699 751 1765 κατηρτισμένοι.
791 1695 851 1749 '0
881 1696 992 1766 7&9
1023 1694 1298 1765 ἡνωμένος
1324 1695 1381 1747 ἐν
1408 1713 1533 1759 τινι,
1563 1695 1619 1748 ἓν
1649 1713 1759 1748 τινι

153 1779 218 1831 δὲ
269 1779 529 1849 διχονοῶν
555 1781 603 1844 δ,
636 1780 821 1834 οὐκέτι
852 1782 1237 1851 κατήρτισται,
1270 1780 1391 1833 οὐδὲ
1422 1782 1759 1853 ἀπήρτισται

156 1867 244 1926 είς
276 1863 682 1936 ὁμοφροσύνην.
723 1865 878 1917 Ἔστι
918 1864 975 1918 δὲ
1042 1865 1139 1919 καὶ
1186 1867 1301 1928 τοῖς
1338 1867 1572 1935 νοήμασι
1621 1884 1761 1937 συμσ

157 1949 457 2017 φωνοῦντα
477 1990 491 2011 ,
526 1949 753 2020 μηδέπω
785 1950 876 2003 καὶ
922 1952 985 2020 τῇ
1023 1950 1215 2021 γνώμῃ
1247 1954 1557 2022 συμφωνεῖν
1578 1968 1591 1981 ·
1623 1946 1755 2012 οἷον.

154 2033 295 2085 ὅταν
327 2033 427 2103 τὴν
453 2034 622 2104 αὐτὴν
650 2033 832 2086 πίστιν
858 2033 1075 2104 ἔχοντες
1095 2074 1110 2097 ,
1140 2034 1215 2106 μὴ
1238 2028 1388 2105 ὦμεν
1422 2036 1758 2107 συνημμένοι

158 2116 309 2171 κατά
347 2118 449 2189 τὴν
487 2119 729 2189 ἀγάπην.
767 2117 923 2171 Οῦτω
952 2118 1061 2189 7&9
1101 2119 1245 2172 κατὰ
1273 2122 1371 2189 μὲν
1402 2120 1470 2173 τὰ
1511 2122 1758 2191 νοήματα

156 2201 427 2271 ἠνιώμεθα
461 2202 561 2273 (τά
591 2202 699 2272 7&9
722 2202 860 2255 αύτά
888 2201 1117 2272 νοοῦμεν
1149 2204 1191 2272 ),
1222 2204 1362 2257 κατά
1398 2203 1454 2258 δὲ
1486 2203 1584 2276 τὴν
1616 2204 1758 2274 γνώ-

158 2303 277 2356 μην
310 2286 532 2340 οὐκέτι’
577 2288 715 2357 ὅπερ
741 2282 841 2345 οὖν
863 2286 955 2339 καὶ
990 2286 1111 2339 τότε
1140 2288 1379 2356 ἐγένετο,
1406 2287 1499 2342 τοῦ
1532 2288 1634 2359 μὲν
1666 2288 1759 2343 τὸν

153 2370 337 2434 δεῖνα,
368 2370 463 2425 τοῦ
500 2371 557 2424 δὲ
585 2371 675 2424 τὸν
704 2370 851 2425 δεῖνα
880 2370 1227 2441 αἱρουμένου.
1256 2373 1354 2426 Διά
1382 2372 1539 2426 τοῦτό
1570 2390 1755 2443 φησιν,

154 2455 245 2508 ὅτι
286 2457 387 2508 καί⁵
413 2455 490 2524 τῷ
518 2454 600 2507 νοῖ
642 2456 734 2509 καὶ
767 2457 832 2526 τῇ
875 2452 1065 2527 γνώμῃ
1109 2454 1189 2507 δεῖ
1234 2459 1570 2526 συμφωνεῖν.
1623 2457 1758 2511 Οὐδὲ

154 2540 271 2611 γὰρ
303 2540 418 2593 ἀπὸ
448 2539 543 2593 τοῦ
568 2539 843 2593 διεστάναι
874 2538 1017 2592 κατά
1041 2538 1140 2611 τὴν
1172 2539 1355 2594 πίστιν
1377 2541 1447 2595 τά
1482 2542 1758 2612 σχίσματα

151 2625 412 2693 ἐγένετο,
444 2624 581 2677 ἀλλά
625 2624 732 2677 ἀπὸ
757 2623 851 2677 τοῦ
888 2625 987 2695 τὴν
1021 2625 1247 2695 γνώμην
1277 2624 1568 2697 διῃρῆσθαι
1615 2629 1758 2681 κατά

154 2707 519 2779 ἀνθρωπίνην
560 2707 914 2776 φιλονεικίαν.
960 2707 1100 2760 Ἀλλ’
1132 2709 1321 2779 ἐπειδὴ
1357 2711 1385 2763 ὁ
1412 2710 1757 2782 ἐγκαλούμε-

153 2810 275 2858 νος,
304 2794 416 2855 ἐως
460 2792 526 2846 ἂν
561 2792 636 2863 μὴ
669 2791 767 2865 ἔχῃ
807 2792 933 2855 τοὺς
968 2792 1274 2864 μάρτυρας,
1309 2794 1755 2865 ἀπαναισχυντεῖ,

154 2878 262 2948 ὅρα
294 2876 419 2939 πῶς
451 2876 525 2948 μὴ
561 2874 861 2946 συγχωρῶν
889 2876 970 2939 εἰς
1012 2876 1242 2948 ἄρνησιν
1268 2876 1509 2943 ἐξελθεῖν
1547 2880 1758 2951 μάρτυ-

157 2977 263 3031 ρας
321 2961 674 3031 παρήγαγεν.
735 2959 1039 3027 Ἐδηλὼθη
1086 2962 1197 3029 γάρ
1238 2978 1341 3030 μοι
1385 2963 1519 3029 περί
1566 2960 1754 3030 ὑμῶν,

154 3043 421 3113 ἀδελφοί
459 3061 601 3111 μου,
642 3042 761 3098 ὑπὸ
810 3042 925 3096 τῶν
957 3043 1179 3111 Χλόης.
1230 3044 1343 3097 Καὶ
1390 3044 1514 3097 οὔτε
1554 3045 1756 3110 εὐθέως

156 3126 321 3180 τοῦτο
369 3122 551 3192 εἶπεν,
600 3127 736 3181 ἀλλά
790 3127 1058 3198 πρότερον
1088 3126 1149 3180 rb
1188 3126 1441 3198 ἔγκλημα
1487 3128 1753 3195 τέθεικεν,

154 3213 301 3282 ὅπερ
336 3211 769 3274 πεπιστευκότος
811 3207 879 3282 ἦν
922 3214 1037 3275 τοῖς
1082 3210 1412 3283 δηλώσασιν·
1447 3215 1495 3267 εἰ
1537 3213 1647 3285 7&9
1680 3214 1755 3286 μὴ

154 3296 321 3350 τοῦτο
352 3292 443 3367 ἦν,
495 3296 607 3350 οὐδ’
655 3296 721 3350 ἂν
770 3296 1111 3350 ἐνεκάλεσενο
1160 3297 1221 3350 ού
1256 3298 1364 3369 γὰρ
1400 3297 1465 3353 ἂν
1507 3298 1696 3363 ἀπλῶς
1728 3301 1757 3354 ὁ

158 3381 383 3444 Παῦλος
410 3381 748 3434 ἐπίστευσεν.
795 3379 934 3435 θῦτε
965 3378 1058 3435 οὖν
1091 3380 1293 3446 εὐθέως
1325 3377 1480 3435 εἶπεν
1513 3382 1596 3436 ὅτι
1628 3382 1755 3455 ἐδη-

156 3465 331 3535 λώθη.
378 3465 466 3518 ἵνα
516 3465 591 3536 μὴ
637 3464 763 3536 δόξῃ
791 3464 866 3528 ὡς
908 3464 969 3529 ἐξ
1019 3464 1246 3519 ἐκείνων
1293 3466 1580 3535 ἐγκαλεῖν,
1630 3466 1754 3521 οὔτε

155 3549 577 3620 ἀπεσιώπησεν,
622 3549 709 3601 ἵνα
750 3549 824 3619 μὴ
855 3549 983 3620 δόξῃ
1015 3549 1076 3613 ἐξ
1118 3548 1314 3603 ἑαυτοῦ
1354 3552 1513 3620 μόνον
1551 3551 1751 3620 λέγειν.

156 3634 271 3687 Καὶ
304 3633 473 3687 πάλιν
502 3632 766 3701 ἀδελφοὺς
792 3633 989 3696 αὐτοὺς
1020 3632 1293 3704 ὀνομάζει.
1319 3634 1438 3688 Κάν
1464 3635 1573 3707 γὰρ
1665 3636 1754 3706 δῆ-

154 3719 248 3772 λον
274 3718 338 3771 rb
361 3717 585 3788 ἀμάρτη
596 3734 693 3787 μα,
718 3716 871 3770 οὐδὲν
902 3715 1101 3770 κωλύει
1127 3717 1392 3787 ἀδελφοὺς
1425 3718 1608 3773 καλεῖν
1648 3719 1749 3775 ἐτι.

154 3804 365 3856 Σκόπει
400 3801 458 3854 δέ
494 3800 595 3871 τὴν
626 3800 840 3853 σύνεσιν
860 3839 876 3863 ,
908 3799 1024 3864 πῶς
1058 3804 1117 3855 ού
1153 3802 1560 3873 κεχωρισμένον
1589 3803 1752 3874 ἔθηκε

150 3888 218 3941 rb
250 3886 567 3957 πρόσωπον,
598 3884 711 3938 ἀλλ’
740 3884 1033 3956 ὀλόκληρον
1065 3884 1275 3949 οἰκίαν,
1306 3886 1446 3940 ὥστε
1483 3887 1558 3959 μὴ
1585 3888 1752 3941 ἐκποο

153 3972 411 4043 λεμῶσαι
454 3969 653 4031 αὐτοὺς
684 3969 821 4038 πρὸς
858 3969 951 4022 τὸν
981 3970 1274 4040 εἰρηκότα·
1317 3969 1462 4024 οὕτω
1502 3971 1612 4043 γὰρ
1656 3972 1752 4026 καὶ

150 4053 535 4127 περιέστειλεν
557 4051 665 4124 [I6]
695 4054 922 4118 ἐκεῖνον,
951 4054 1045 4107 καὶ
1077 4052 1176 4122 τὴν
1216 4054 1555 4126 κατηγορίαν
1581 4056 1752 4121 ἀδεῶς

150 4137 517 4207 ἐξεκάλυψεν.
545 4136 618 4190 Ού
650 4136 756 4208 γὰρ
783 4135 843 4189 rb
874 4135 1100 4189 ἐκείνων
1132 4132 1241 4191 εἶδε
1269 4138 1452 4209 μόνον,
1486 4139 1622 4193 ἀλλά
1657 4139 1751 4194 καὶ

148 4224 215 4277 rb
240 4223 457 4276 τούτων
485 4219 785 4290 συμφέρον.
814 4220 912 4273 Διά
940 4218 1099 4273 τοῦτο
1121 4221 1221 4273 οὐκ
1249 4217 1403 4275 εἶπεν
1425 4237 1438 4252 ο
1474 4221 1748 4293 Ἐδηλώθη

154 4325 253 4379 μοι
461 4322 646 4369 τινων,
670 4303 806 4357 ἀλλά
836 4304 930 4357 καὶ
949 4304 1049 4374 τὴν
1074 4304 1252 4358 οἰκίαν
1276 4305 1445 4376 δήλην
1469 4305 1745 4377 ἐποίησεν,

152 4391 301 4446 ῶστε
334 4389 413 4461 μὴ
442 4388 761 4461 νομίζεσθαι
783 4387 1060 4442 πλάττειν.
1089 4388 1153 4442 Τί
1179 4388 1449 4460 ἐδηλώθης
1480 4390 1609 4445 Ὅτι
1635 4390 1749 4459 ἔρι-

150 4474 261 4541 δες
280 4475 356 4528 ἐν
384 4473 526 4543 ὑμῖν
550 4475 727 4527 εἰσιν.
760 4473 890 4524 Ὅτε
924 4471 1025 4541 μὲν
1051 4466 1143 4525 οὖν
1169 4471 1354 4535 αὐτοῖς
1379 4474 1632 4544 ἐπιτιμᾷ,
1655 4472 1747 4526 λέ-

151 4574 267 4628 γει⁸
304 4558 444 4613 Ἵνα
468 4556 547 4625 μὴ
569 4558 640 4610 ἐν
663 4555 803 4624 ὑμῖν
827 4555 1136 4624 σχίσματα
1158 4549 1217 4626 ﬁ'
1251 4556 1340 4608 ὅτε
1367 4555 1424 4609 δὲ
1453 4555 1521 4609 τά
1547 4558 1747 4628 ἐτέρων

153 4640 516 4709 ἀπαγγέλλει,
543 4640 841 4710 πραότερον
861 4639 1195 4708 ἀπαγγέλλει
1216 4639 1412 4707 λέγων,
1447 4639 1743 4709 Ἐὃηλώθη

153 4724 267 4794 γάρ
287 4742 412 4794 μοι,
438 4723 527 4777 ὅτι
552 4723 744 4791 ἔριδες
768 4724 837 4775 ἐν
861 4722 1001 4791 ὑμῖν
1013 4724 1191 4787 εἰσιν,
1218 4722 1460 4794 ὧστε’μὴ
1482 4725 1744 4795 συγκροῧ-

154 4825 250 4862 σαι
284 4810 413 4870 τοὺς
458 4806 769 4878 εἰρηκότας.
811 4801 945 4858 Εἶτα
991 4804 1140 4874 λέγει
1182 4805 1275 4859 καὶ
1319 4808 1415 4877 τῆς
1463 4807 1637 4879 ἔριδος
1684 4810 1744 4862 rb

153 4889 318 4956 εἶδος.
350 4892 470 4944 Ὅτι
508 4890 767 4956 ἕκαστος
818 4888 986 4957 ὑμῶν
1033 4889 1197 4958 λέγει
1224 4906 1236 4918 ⁸
1278 4889 1425 4959 Ἐγὼ
1469 4890 1588 4960 μὲν
1626 4893 1739 4961 ειμί

155 4978 428 5039 Παύλου,
454 4974 570 5043 ἐγὼ
599 4972 667 5026 δὲ
708 4971 995 5035 Ἀπολλὼ,
1030 4972 1145 5042 ἐγὼ
1171 4972 1239 5026 δέ
1277 4973 1469 5044 Κηφᾶ.
1524 4975 1743 5044 Ἔριδας

152 5060 267 5131 7&9
292 5060 357 5112 ού
393 5059 557 5130 φημὶ,
597 5057 750 5127 φησί,
782 5057 880 5121 τὰς
905 5057 1033 5127 περί
1057 5057 1342 5110 ἰδιωτικῶν
1373 5060 1741 5130 πραγμάτων,

154 5142 294 5195 ἀλλά
325 5142 424 5206 τὰς
456 5141 858 5213 χαλεπωτέρας.
894 5141 1026 5195 Ὅτι
1060 5140 1318 5209 ἕκαστος
1356 5142 1525 5211 ὑμῶν
1557 5142 1740 5212 λέγει.

156 5227 233 5279 Ού
269 5226 382 5299 7&9
416 5227 612 5299 μέρος,
643 5224 777 5279 ἀλλά
800 5225 863 5278 rb
896 5226 1004 5278 πᾶν
1034 5225 1331 5295 ἐπενέμετο
1373 5229 1473 5298 τῆς
1514 5228 1744 5298 Ἐκκλη-

157 5309 281 5373 σίας
305 5313 340 5381 ἡ
371 5311 563 5383 φθορά.
589 5309 784 5364 Καίτοι
811 5327 875 5378 γε
907 5309 1029 5388 οὐδὲ
1055 5311 1183 5381 περί
1212 5310 1429 5375 ἐαυτοῦ,
1458 5312 1580 5365 ούδέ
1614 5314 1743 5384 περὶ

161 5395 394 5465 Πέτρου,
421 5395 541 5448 ούδέ
572 5395 702 5466 περὶ
741 5394 986 5448 ’Δπολλὼ
1017 5394 1223 5463 ἔλεγον·
1266 5394 1401 5449 ἀλλὰ
1445 5396 1738 5460 δείκνυσιν,

155 5479 240 5532 ὅτι
282 5481 332 5532 εἰ
368 5478 580 5543 τούτοις
620 5478 992 5549 ἐπερείδεσθαι
1031 5480 1092 5532 ού
1138 5478 1264 5551 χρὴ.
1307 5478 1487 5549 πολλῷ
1539 5480 1741 5550 μᾶλλον

160 5560 390 5632 ἑτέροις.
429 5562 552 5615 Ὀτι
591 5561 701 5632 7&9
733 5559 858 5615 οὔτε
897 5563 1028 5633 περὶ
1062 5562 1242 5616 αὐτῶν
1282 5561 1500 5631 ἔλεγον,
1534 5562 1741 5633 προῖὼν

160 5662 332 5715 φησι·
368 5644 560 5700 Ταῦτα
596 5645 665 5699 δὲ
697 5645 1188 5716 μετεσχημάτισα
1214 5647 1301 5713 εις
1343 5645 1605 5717 ἐμαυτὸν
1639 5649 1739 5703 καί

200 5819 247 5897 ,ξ
256 5819 454 5897 ξίθεὲᾐ
484 5824 717 5897 59.99614,-
729 5823 890 5897 ἰκανὸν
912 5824 993 5872 καί
1015 5822 1134 5872 αὐτὸ
1155 5823 1221 5881 είς
1260 5824 1544 5897 κατηγορίας
1568 5826 1733 5897 ὄνομαο

161 5882 411 5982 μᾶλλονδὲ
425 5882 563 5948 ἀρκεῖ
580 5885 723 5956 ἠστοῦ
757 5886 1331 5998 σχίσματοςπροσηέοιρία
1356 5882 1538 5964 σφόδρα
1558 5882 1731 5941 αὐτῶν.

213 5948 448 5998 At)!va
510 5948 694 5998 Romus
748 5949 887 5998 cod..
932 5954 1138 5998 ooume.
1272 5950 1328 5998 ιιί
1374 5950 1604 5998 suum.
1644 5957 1731 5998 mi-

167 5954 448 6007 υΔιχονοῶν
510 5954 694 6011 Regius
748 5954 887 6008 cod.,
932 5954 1138 6011 optime.

159 6017 253 6053 nus
287 6016 417 6059 recte

1272 5950 1328 5998 ili
1374 5950 1577 6012 διαχέων
1590 5988 1604 6014 ,
1644 5957 1735 6005 mi-

1887 438 2184 507 Άπολλὼ,
2218 444 2319 499 ἵνα
2356 446 2425 498 ἐν
2454 446 2599 516 ἡμῖν
2624 446 2849 516 μάθητε
2896 445 2959 500 τ’ἐι
2994 446 3075 515 μὴ
3108 447 3255 516 ὑπὲρ
3286 451 3317 503 ὃ
3358 454 3456 518 γέ-

1874 540 2147 591 πῬαπται,
2174 529 2439 597 φρονεῖν.
2471 531 2534 584 Εἰ
2563 531 2671 604 7&9
2702 531 2917 585 Παύλου
2950 532 3043 585 καὶ
3086 531 3329 586 Ἀπολλὼ
3360 538 3455 590 καὶ

1872 610 2041 680 Κηφᾶ
2087 613 2187 667 οὐκ
2226 614 2396 686 ἐχρῆν
2433 616 2791 688 ἐπιφημίζειν
2829 617 3042 679 ἑαυτοῖς
3083 615 3152 670 τὰ
3191 617 3452 689 ὀνόματα,

1869 696 2051 767 πολλῷ
2083 700 2286 771 μᾶλλον
2312 702 2536 774 ἐτέρων.
2573 704 2635 756 El
2673 690 2763 755 τὸν
2799 701 3151 766 διδάσκαλον,
3178 703 3271 756 καὶ
3302 704 3453 776 πρῶ.

1865 797 1958 834 τον
1981 782 2088 836 τῶν
2112 785 2447 852 ἀποστόλων,
2466 789 2559 841 καὶ
2580 786 2834 840 τοσοῦτον
2850 785 3239 857 κατηχήσαντα
3258 786 3450 858 δῆμον,

1866 864 1965 917 ούκ
2010 867 2178 939 ἐχρῆν
2216 870 2647 940 ἐπιγράφεσθαι,
2677 871 2858 943 πολλῷ
2907 870 3107 941 μᾶλλον
3139 871 3267 933 τοὺς
3299 870 3453 925 οὐδὲν

1864 948 2044 1013 ὄντας.
2064 950 2198 1005 Μεθ’
2218 952 2523 1026 ὑπερϐολῆς
2549 956 2749 1017 τοίνυν,
2770 958 3077 1024 ἀπαγαγεῖν
3098 955 3323 1018 αὐτοὺςθ
3354 956 3451 1009 τοῦ

1865 1035 2172 1103 νοσήματος
2199 1037 2466 1103 σπεύδων,
2494 1039 2668 1093 ταῦτα
2686 1039 2870 1111 τίθησι
2897 1038 2967 1092 τὰ
2991 1038 3249 1109 ὀνόματα⁶
3275 1038 3452 1103 ἄλλως

1863 1117 1919 1169 δὲ
1943 1120 2037 1172 καὶ
2058 1120 2526 1195 ἀνεπαχθέστερον
2556 1126 2705 1177 ποιεῖ
2724 1124 2816 1177 τὸν
2845 1123 3023 1192 λόγον,
3055 1124 3154 1176 οὑκ
3184 1123 3451 1194 ὀνομαστί

1868 1203 2217 1275 μεμνημένος
2247 1206 2355 1260 τῶν
2389 1207 2789 1279 διατεμνόντων
2819 1208 2917 1281 τὴν
2957 1207 3302 1278 Ἐκκλησίαν,
3333 1207 3450 1260 ἀλλ’

1863 1285 2053 1359 ὥσπερ
2080 1290 2190 1342 τισὶ
2225 1291 2537 1362 προσώποις
2569 1289 2594 1329 ἀ
2620 1295 2741 1355 ταῖς
2776 1293 2885 1346 τῶν
2924 1292 3237 1345 ἀποστόλων
3277 1307 3448 1362 προσ-

1862 1371 2114 1442 ηγορίαις
2152 1375 2413 1446 κρύπτων
2442 1376 2672 1440 αὐτούς’
2704 1376 2852 1447 Ἐγὼ
2884 1377 3002 1446 μὲν
3036 1376 3151 1446 εἰμὶ
3178 1375 3445 1440 Παύλου,

1861 1455 1976 1523 ἐγὼ
2013 1456 2077 1509 δὲ
2124 1459 2408 1527 Ἀπολλὼ,
2444 1461 2560 1532 ἐγὼ
2588 1461 2656 1515 δὲ
2684 1460 2877 1531 Κηφᾶ.

1934 1536 2000 1608 β’.
2030 1540 2103 1593 Οὐ
2132 1543 2417 1614 προτιμῶν
2443 1544 2633 1599 ἐαυτὸν
2665 1545 2757 1598 τοῦ
2799 1545 3010 1615 Πέτρου
3042 1542 3284 1597 τέθεικεν
3314 1542 3463 1613 ἐσχα-

1860 1639 1953 1676 τον
1983 1624 2206 1686 ἐκεῖνον.
2232 1626 2369 1680 ἀλλά
2390 1631 2484 1682 καὶ
2516 1629 2721 1700 σφόδρα
2750 1628 2840 1682 τὸν
2862 1631 3065 1700 Πέτρον
3091 1626 3284 1681 ἑαυτοῦ
3309 1643 3448 1697 προ-

1862 1706 2050 1772 τιθείς.
2070 1709 2227 1763 Κατὰ
2246 1710 2356 1783 7&9
2383 1711 2610 1783 αὔξησιν
2639 1716 2921 1785 προήγαγε
2951 1713 3042 1766 τὸν
3062 1711 3236 1779 λόγον,
3255 1710 3343 1764 ἵνα
3370 1710 3446 1781 μὴ

1862 1792 2092 1864 νομισθῇ
2120 1794 2302 1865 φθόνῳ
2346 1795 2502 1849 τοῦτο
2552 1801 2727 1850 ποιεῖν
2768 1798 2863 1851 καὶ
2909 1796 3259 1866 ἀφαιρεῖσθαι
3296 1794 3443 1848 ἐκεί-

1862 1894 1986 1941 νους
2009 1886 2032 1916 θ
2054 1878 2152 1951 τὴν
2171 1880 2339 1951 τιμὴν
2360 1879 2448 1934 διὰ
2473 1879 2795 1949 βασκανίαν.
2821 1880 2919 1934 Διά
2944 1881 3101 1933 τοῦτο
3129 1880 3223 1933 καὶ
3252 1878 3447 1932 ἐαυτὸν

1860 1962 2074 2016 τέθεικε
2110 1964 2350 2036 πρῶτον.
2391 1968 2451 2018 '0
2480 1966 2590 2035 7&9
2627 1966 2845 2038 πρῶτον
2877 1965 3071 2018 ἐαυτὸν
3109 1963 3446 2034 ἁποδοκιμάο

1861 2044 1989 2110 ζων,
2023 2047 2124 2101 ούκ
2155 2048 2263 2102 ἀπὸ
2307 2049 2401 2102 τοῦ
2452 2051 2619 2121 τιμῆς
2646 2052 2778 2122 ἐρᾷν
2809 2049 2968 2103 τοῦτο
2996 2051 3160 2113 ποιεῖ,
3191 2049 3304 2103 ἀλλ’
3337 2047 3450 2102 ἀπὸ

1858 2132 1953 2185 τοῦ
1999 2133 2207 2204 σφόδρα
2259 2139 2625 2207 καταφρονεῖν
2677 2137 2775 2207 τῆς
2820 2134 3080 2206 τοιαύτης
3119 2134 3296 2204 δόξης.
3332 2133 3449 2204 Τὴν
3482 2160 3501 2167 π

1858 2213 2039 2269 τοίνυν
2067 2216 2283 2271 ἅπασαν
2307 2218 2614 2291 προσϐολὴν
2636 2219 2798 2282 αὐτὸς
2825 2219 3060 2290 δέχεται,
3090 2219 3186 2272 καὶ
3220 2219 3339 2271 τότε
3364 2218 3449 2270 τί-

1862 2299 1987 2373 θησι
2036 2303 2128 2357 τὸν
2155 2304 2419 2371 Ἀπολλὼ,
2472 2306 2568 2359 καὶ
2616 2306 2738 2359 τότε
2785 2306 2877 2359 τὸν
2904 2306 3120 2376 Κηφᾶν.
3154 2305 3230 2359 Ού
3264 2305 3448 2359 τοίνυν

1860 2387 2104 2460 ἐπαίρων
2128 2389 2317 2445 ἐαυτὸν
2340 2390 2499 2445 τοῦτο
2520 2391 2797 2462 ἐποίησεν,
2830 2390 2943 2445 ἀλλ’
2972 2392 3030 2443 ἐν
3050 2384 3130 2454 οἷς
3154 2390 3254 2444 οὐκ
3274 2390 3445 2460 ἐχρῆν

1860 2471 2126 2540 γίνεσθαι,
2160 2473 2247 2527 διά
2268 2474 2363 2528 τοῦ
2392 2476 2596 2529 οἰκείου
2631 2475 2929 2549 προσώπου
2959 2475 3178 2547 πρῶτον
3207 2477 3448 2529 ποιεῖται

1860 2558 1959 2630 τὴν
1987 2558 2291 2631 διόρθωσιν.
2328 2560 2470 2614 Ἀλλ’
2494 2563 2576 2615 ὅτι
2607 2563 2707 2634 μὲν
2740 2564 2790 2616 οἰ
2824 2562 2902 2633 τῷ
2933 2561 3063 2615 δεῖνι
3087 2559 3183 2615 καὶ
3210 2560 3289 2630 τῷ
3310 2560 3445 2614 δεῖνι

1862 2645 2261 2716 προσνέμοντες
2294 2647 2523 2711 ἑαυτοὺς
2556 2648 2890 2720 ἡμάρτανον,
2921 2647 3078 2719 δῆλον
3106 2664 3120 2679 ·
3147 2647 3243 2700 καὶ
3263 2644 3445 2708 καλῶς
3513 2671 3517 2675 ~

1858 2730 2176 2785 ἐνεκάλεσεν
2218 2732 2407 2791 εἰπὼν,
2440 2732 2521 2785 ὅτι
2576 2733 2651 2786 Οὐ
2698 2732 2878 2797 καλῶς
2926 2734 3129 2786 ποιεῖτε
3168 2730 3444 2797 λέγοντες,

1872 2814 2011 2884 Ἐγὼ
2035 2817 2153 2885 μὲν
2184 2816 2301 2887 εἰμὶ
2349 2819 2615 2882 Παύλου,
2643 2816 2758 2888 ἐγὼ
2805 2818 2872 2871 δὲ
2909 2816 3194 2880 Ἀπολλὼ,
3233 2813 3349 2885 ἐγὼ
3377 2812 3447 2867 δὲ

1858 2900 2063 2969 Κηφᾶο
2098 2900 2241 2962 τίνος
2279 2901 2335 2954 δὲ
2363 2903 2550 2957 ἓνεκεν
2599 2903 2961 2975 προσέθηκεν,
2999 2900 3140 2972 Ἐγὼ
3196 2900 3266 2953 δὲ
3311 2901 3445 2966 Χρι-

1857 2984 2050 3046 στοῦ;
2099 2984 2161 3038 Εἰ
2196 2986 2305 3055 γὰρ
2330 2988 2379 3039 οἰ
2423 2986 2735 3057 ἀνθρώποις
2782 2988 3187 3058 προσνέμοντες
3216 2983 3445 3046 ἑαυτοὺς

1857 3070 2194 3143 ἡμάρτανον,
2218 3072 2279 3123 οὐ
2303 3072 2474 3141 δήπου
2511 3073 2606 3124 καὶ
2625 3072 2674 3123 οἰ
2695 3070 2773 3141 τῷ
2803 3070 3023 3142 Χριστῷ
3054 3070 3280 3131 ἑαυτοὺς
3313 3068 3443 3120 ἀνα-

1855 3156 2115 3220 τιθέντες.
2148 3156 2289 3209 Ἀλλ’
2317 3157 2379 3209 ού
2414 3155 2573 3209 τοῦτο
2626 3156 2890 3222 ἐνεκάλει,
2937 3156 3019 3209 ὅτι
3070 3153 3161 3208 τὸν
3206 3151 3443 3224 Χριστὸν

1857 3242 2074 3305 ἑαυτοῖς
2107 3241 2471 3313 ἐπεφήμιζον,
2518 3240 2633 3295 ἀλλ’
2660 3241 2744 3294 ὅτι
2778 3242 2853 3312 μὴ
2888 3243 3087 3303 πάντες
3132 3238 3314 3309 μόνον.
3350 3232 3442 3289 Οἷ-

1859 3327 2039 3399 μαιδέ
2069 3326 2234 3379 αὑτὸν
2268 3328 2363 3380 καὶ
2417 3324 2652 3390 οἴκοθεν,
2673 3326 2807 3378 αὐτὸ
2837 3323 3284 3397 προστεθεικέναι
3313 3320 3435 3390 βου-

1856 3413 2084 3484 λόμενον
2121 3410 2420 3483 βαρύτερον
2453 3410 2514 3464 rb
2563 3409 2817 3481 ἔγκλημα
2849 3410 3095 3479 ποιῆσαι,
3145 3406 3239 3460 καὶ
3269 3403 3441 3470 δεῖξαι

1854 3499 1999 3554 οὕτω
2026 3500 2119 3553 καὶ
2154 3498 2244 3552 τὸν
2274 3498 2391 3570 [17]
2441 3498 2676 3571 Χριστὸν
2707 3498 2784 3561 εἰς
2819 3496 2985 3568 μέρος
3024 3493 3249 3547 δοθέντα
3275 3490 3355 3552 ἐν,
3390 3490 3440 3544 εί

1855 3588 1948 3640 καὶ
1979 3586 2053 3657 μὴ
2086 3586 2259 3650 οὕτως
2294 3585 2513 3638 ἐποίουν
2538 3583 2699 3637 τοῦτο
2744 3583 2962 3635 ἐκεῖνοι.
2992 3580 3115 3633 Ὅτι
3143 3577 3253 3648 7&9
3282 3575 3440 3629 τοῦτο

1854 3672 2095 3743 ᾐνίξατο,
2127 3669 2214 3724 διά
2248 3669 2356 3723 τῶν
2389 3668 2517 3738 ἐξῆς
2551 3666 2819 3738 ἐδήλωσεν
2849 3664 3046 3719 εἰπών·
3077 3660 3438 3731 Μεμέρισται

1854 3759 1888 3811 ό
1917 3756 2208 3824 Χριστός;
2241 3756 2306 3808 Ὃ
2339 3754 2395 3808 65
2427 3754 2599 3822 λέγει,
2631 3749 2874 3804 τοιοῦτόν
2904 3751 3053 3803 ἐστι·
3090 3747 3437 3818 Κατετέμετε

1852 3843 1944 3896 τὸν
1977 3843 2214 3913 Χριστὸν
2255 3840 2350 3895 καὶ
2377 3839 2599 3893 διείλετε
2631 3835 2796 3892 αὑτοῦ
2830 3836 2892 3889 rb
2926 3834 3106 3903 σῶμα.
3148 3833 3313 3902 Ὁρᾷς
3342 3830 3437 3884 θυ-

1856 3928 1977 4000 μὸν,
2007 3928 2140 4000 ὁρᾷς
2174 3924 2487 3995 ἐπίπληξιν,
2515 3925 2646 3995 ὁρᾷς
2675 3922 2831 3991 λόγον
2853 3920 3092 3991 γέμοντα
3124 3915 3437 3987 ἀγανακτή-

1855 4029 2027 4078 σεως;
2056 4012 2227 4066 Ὅταν
2265 4010 2374 4082 7&9
2407 4010 2482 4081 μὴ
2528 4006 2934 4078 κατασκευάζῃ,
2982 4004 3097 4058 ἀλλ’
3127 4004 3309 4074 ἐρωτᾷ
3336 4002 3436 4072 μό-

1853 4118 1964 4165 νον,
1989 4100 2065 4163 ώς
2095 4097 2519 4169 ὼμολογημένου
2550 4094 2643 4148 τοῦ
2673 4093 2874 4148 ἀτόπου
2899 4090 3058 4144 τοῦτο
3088 4090 3251 4143 ποιεῖ.
3279 4088 3436 4148 Τινὲς

1850 4185 1907 4238 δέ
1931 4186 2024 4238 καὶ
2040 4185 2225 4254 ἕτερον
2246 4181 2406 4235 αὐτόν
2432 4197 2596 4249 φασιν
2625 4175 2958 4231 αἰνίττεσθαι
2979 4174 3068 4228 διὰ
3092 4173 3186 4227 τοῦ
3208 4173 3388 4241 λέγειν
3416 4186 3429 4200 °

1849 4270 2213 4339 Μεμέρισται
2250 4271 2283 4320 ό
2324 4266 2579 4335 Χριστός
2601 4280 2615 4296 ο
2665 4258 2797 4327 οἷον,
2826 4261 3135 4331 διενείματο
3168 4259 3305 4330 πρὸς
3339 4258 3434 4310 ἀνα

1851 4359 2104 4432 θρώπους
2131 4358 2224 4411 καλ⁸
2257 4355 2551 4427 ἐμερίσατο
2575 4352 2673 4423 τὴν
2710 4348 3063 4421 Ἐκκλησίαν,
3098 4346 3192 4401 καὶ
3234 4347 3432 4432 μοῖραν

1848 4424 1947 4517 τὴν
1982 4445 2079 4515 μὲν
2110 4442 2270 4506 αὐτὸς
2293 4424 2488 4504 ἔλαϐε,
2522 4438 2621 4509 τὴν
2653 4435 2709 4489 δὲ
2759 4433 2988 4497 ἐκείνοις
3039 4424 3431 4517 ἔδωκενηεῑτα

1851 4513 2145 4600 ἐργάζεται
2183 4525 2371 4578 λοιπὸν
2405 4525 2504 4594 τὴν
2540 4523 2822 4593 ἀναίρεσιν
2844 4517 2938 4571 τοῦ
2966 4516 3193 4579 ἀτόπου,
3229 4513 3425 4600 λέγων·

1849 4596 1946 4680 ἃῘὴ
1976 4611 2217 4676 Παῦλος
2242 4607 2588 4677 ἐσταυρώοη
2614 4609 2767 4674 ὑπὲρ
2792 4601 2977 4672 ὑμῶν,
3008 4600 3047 4669 ἢ
3080 4601 3167 4665 είς
3192 4598 3259 4651 τὸ
3293 4596 3429 4649 ὄνο-

1844 4716 1929 4769 μα
1959 4698 2204 4753 Παύλου
2233 4695 2628 4760 ἐϐαπτίσθητε
2652 4708 2670 4756 ;
2698 4691 2844 4761 Ὅρα
2888 4686 3244 4758 φιλόχριστον
3286 4680 3428 4751 γνώ-

1851 4800 1978 4855 μην,
2016 4781 2135 4845 πῶς
2166 4780 2258 4832 ἐπὶ
2282 4778 2375 4831 τοῦ
2407 4776 2608 4831 οἰκείου
2652 4774 2839 4829 λοιπὸν
2870 4772 3133 4843 ὀνόματος
3162 4770 3426 4855 προσάγει

1846 4851 2060 4928 τὸνπὶν,
2094 4866 2158 4918 ἐκ
2193 4863 2511 4936 περιουσίας
2550 4860 2788 4923 δεικνὺς,
2819 4860 2902 4913 ὅτι
2931 4856 2992 4910 ού
3030 4854 3314 4936 προσήκει,
3336 4851 3428 4904 ού-

1843 4951 1955 5004 δενὶ
1990 4948 2127 5019 αῦτη
2158 4950 2191 5019 ἡ
2232 4934 2386 5017 τιμή.
2428 4948 2539 4999 Καὶ
2567 4946 2652 4999 ἵνα
2689 4943 2764 5015 μὴ
2966 4939 3144 5011 φθόνῳ
3169 4934 3426 5006 κινούμε-

1844 5052 1931 5099 νος
1960 5032 2131 5087 ταῦτα
2178 5032 2379 5100 λέγειν,
2433 5030 2523 5084 διά
2570 5030 2728 5084 τοῦτο
2774 5026 3014 5097 συνεχῶς
3044 5024 3235 5079 ἑαυτὸν
3265 5038 3424 5093 περι-

1843 5119 2098 5190 στρέφειο
2135 5118 2231 5170 καὶ
2279 5117 2472 5169 σκόπει
2502 5116 2601 5184 τὴν
2635 5114 2871 5168 σύνεσιν.
2915 5112 2989 5165 Ού
3023 5110 3130 5182 7&9
3157 5106 3297 5174 εἰπε,
3329 5108 3422 5177 Μὴ

1844 5201 2057 5264 Παῦλος
2102 5199 2193 5253 τὸν
2240 5200 2443 5269 κόσμον
2472 5198 2731 5270 ἐποίησε;
2787 5198 2861 5268 μὴ
2896 5194 3105 5257 Παῦλος
3145 5194 3287 5263 ὑμᾶς
3315 5191 3424 5246 ἀπὸ

1842 5284 1938 5339 τοῦ
1965 5284 2041 5355 μὴ
2069 5284 2220 5347 ὄντος
2244 5285 2323 5348 εἰς
2357 5281 2418 5335 τὸ
2448 5279 2588 5335 εἶναι
2626 5282 2978 5352 παρήγαγεν;
3014 5277 3127 5331 ἀλλ’
3154 5276 3189 5329 ἀ
3218 5272 3286 5347 ἦν
3311 5274 3425 5328 τῶν

1842 5368 2048 5422 πιστῶν
2108 5367 2363 5440 ἐξαίρετα
2418 5367 2578 5437 μόνον
2634 5367 2730 5418 καὶ
2805 5362 3006 5433 πολλῆς
3071 5359 3422 5431 κηδεμονίας,

1840 5451 2012 5506 ταῦτα
2040 5451 2244 5523 τίθησι,
2275 5452 2368 5505 rbv
2400 5450 2632 5519 σταυρὸν
2659 5450 2755 5503 καὶ
2791 5448 2853 5501 rb
2890 5447 3191 5518 βάπτισμα,
3234 5444 3419 5497 καὶτὰ

1840 5538 1904 5590 ἐκ
1931 5535 2137 5590 τούτων
2171 5536 2370 5605 ἀγαθά.
2420 5536 2679 5589 Δείκνυσι
2729 5532 2827 5603 μὲν
2876 5532 2984 5603 7&9
3016 5530 3109 5583 τοῦ
3146 5526 3282 5581 Θεοῦ
3320 5526 3419 5597 τὴν

1841 5620 2255 5693 φιλανθρωπίαν
2298 5620 2456 5691 καὶὴ
2499 5618 2593 5672 τοῦ
2632 5616 2838 5688 κόσμου
2866 5614 3216 5688 δημιουργία,
3260 5608 3417 5683 μάλι-

1904 5894 1928 5924 ε
1953 5890 2243 5955 Legebamu-
2264 5888 2540 5955 ἀπαγαγών.
2590 5889 2636 5955 _d
2661 5889 2948 5955 Suspicatu:
2983 5883 3196 5955 Savilius
3234 5882 3411 5955 lygle

1834 5955 1950 6005 dum
1971 5944 2305 6016 πρῐσωπείοις.
2331 5944 2571 6014 Ξὸᾶρυιο
2590 5944 2904 6001 Ιοριιιιιίκιηθ
2928 5949 3109 5999 habere
3197 5958 3220 5984 σ
3250 5944 3412 6003 [ρεαδ

1842 6019 1987 6068 batur
2012 6016 2207 6065 ἐκείνου.
