3864 6216
439 362 515 416 ἳίἱ
1007 398 1022 412 .
1123 357 1181 414 S.
1227 350 1510 412 JOANNIS
1541 341 2032 404 CIIIRYSOSTOMI
2072 337 2392 394 ARCIIIEP.
2433 331 2983 392 CONSTANTINOP.
3665 333 3728 388 ει

440 492 545 530 στα
591 473 650 527 δὲ
685 474 720 544 ὴ
770 473 858 526 διὰ
897 472 992 528 τοῦ
1027 471 1262 542 σταυροῦ
1317 469 1752 540 συγκατάϐασις.
1791 465 1900 520 Καὶ
1930 461 2031 516 οὐκ
2136 455 2294 544 τοῦτο
2336 457 2558 544 ἤρχετο.
2593 451 2916 544 ρύ-τοὺτοις
2949 451 3221 544 δξιμόνον,
3275 451 3412 544 ἀλλὰ
3466 451 3562 544 καλ
3623 455 3726 544 1-03}

438 554 586 624 εἷπε,
637 557 732 628 Μὴ
775 555 985 620 Παῦλος
1015 555 1291 610 ἀπέθανεν
1322 556 1462 626 ὐπέρ
1502 553 1686 626 ὐμῶν;
1745 549 1902 610 ἀλλὰ,
1931 545 2028 614 Μὴ

437 641 683 707 Παῦλος
707 639 1089 708 ἑσταυρώθη;
1144 641 1238 692 καὶ
1277 639 1336 692 τὸ
1388 635 1528 702 εἶδος
1559 637 1653 692 τοῦ
1685 635 1917 689 θανάτου
1945 649 2026 684 τι-

439 726 587 790 θείς·
639 726 678 794 ἡ
729 727 812 791 εἰς
851 727 914 778 τὸ
945 727 1132 796 ὄνομα
1167 725 1412 779 Παύλου
1445 722 1880 786 ἑϐαπτι’σ11ητε;
1919 717 2028 769 Καὶ

436 811 540 864 οὐκ
587 803 730 874 εἷπε,
787 808 880 880 Μὴ
917 808 1129 872 Παῦλος
1181 808 1476 862 ἐϐάπτισεν
1524 807 1702 876 ὑμᾶς
1763 801 2026 857 ἐϐάπτισε

437 893 550 965 γὰρ
603 892 830 956 πολλούς
851 910 863 922 ·
915 891 1031 946 ἀλλ’
1062 893 1122 946 οὐ
1156 893 1218 946 τὸ
1247 891 1580 964 ζητούμενον
1613 889 1772 942 τοῦτο
1798 882 1888 958 ἦν,
1922 883 2028 938 ὐπὸ

436 977 580 1041 τίνος
611 975 1038 1047 ἐϐαπτίσθησαν,
1071 975 1210 1030 ἀλλὰ
1237 977 1296 1030 τὺ
1329 979 1408 1039 εἰς
1432 975 1580 1038 τίνος
1608 973 1779 1043 ὄνομα
1803 967 2026 1023 ἐϐαπτί-

439 1061 672 1134 σθησαν.
707 1059 927 1131 Ἐπειδὴ
943 1060 1053 1132 γὰρ
1073 1059 1343 1114 καὶτοῦτο
1365 1061 1536 1114 αἴτιον
1555 1057 1770 1126 ἐγένετο
1793 1051 2026 1125 σχισμά-

434 1164 568 1210 των,
596 1145 658 1199 τὺ
685 1145 794 1200 ἀπὸ
817 1144 926 1198 τῶν
973 1145 1356 1215 βαπτισάντων
1383 1143 1691 1205 καλεῖσθαι,
1734 1141 1830 1194 καὶ
1863 1143 2024 1194 τοῦτο

435 1227 746 1301 διορθοῦται
799 1229 996 1298 λέγων,
1028 1229 1123 1298 Μὴ
1159 1233 1246 1296 είς
1275 1227 1344 1282 τὸ
1375 1223 1564 1296 ὄνομα
1617 1226 1864 1280 Παύλου
1890 1223 2024 1274 ἑϐιι-

435 1315 764 1382 πτίσθητε;
797 1314 908 1376 Καὶ
937 1314 1010 1385 μὴ
1041 1315 1148 1386 γὰρ
1182 1313 1366 1386 εἴπῃς,
1391 1312 1548 1384 φησι,
1579 1311 1676 1372 Τίς
1705 1307 2020 1370 ἐϐάπτισεν,

435 1399 586 1466 ἀλλ’,
617 1401 713 1464 El;
741 1400 802 1453 τὸ
823 1400 968 1464 τίνος
997 1399 1198 1470 δνομα;
1233 1399 1306 1452 Οὐ
1340 1398 1448 1468 γὰρ
1477 1399 1505 1450 ὀ
1535 1394 1828 1465 βαπτίσας,
1849 1391 1966 1446 ἀλλ’
1995 1394 2024 1444 6

434 1481 776 1554 καλούμενος
819 1484 900 1547 είς
953 1483 1018 1536 τὸ
1069 1482 1356 1552 βάπτισμα
1405 1479 1678 1552 ζητεῖται·
1715 1473 1870 1542 οὗτος
1913 1476 2023 1546 γὰρ

433 1567 630 1638 ἀφίησι
665 1566 734 1620 τὰ
761 1567 1160 1638 ἁμαρτήματα.
1189 1567 1296 1620 Καὶ
1321 1566 1450 1638 ἄχρι
1475 1563 1668 1618 τούτου
1700 1564 1904 1634 στήσας
1930 1561 2044 1624 τὸν,

431 1650 614 1720 λόγον,
641 1652 825 1704 οὐκέτι
871 1655 983 1715 τοῖς
1025 1650 1152 1722 ἑξῆς
1179 1650 1555 1722 ἐπεξέρχεται.
1608 1648 1684 1702 Οὐ
1715 1647 1824 1718 γὰρ
1849 1645 2021 1715 λέγει,
2083 1701 2090 1708 ,

431 1736 526 1808 Μὴ
561 1735 775 1800 Παῦλος
805 1737 934 1806 ὑμῖν
981 1735 1350 1806 ἐπηγγείλατο
1390 1735 1458 1788 τὰ
1495 1734 1757 1802 μέλλοντα
1804 1731 2020 1800 ἀγαθάς

434 1820 512 1893 μὴ
541 1819 758 1884 Παῦλος
808 1821 938 1890 ὑμῖν
991 1820 1260 1890 ὑπέσχετο
1301 1819 1582 1888 βασιλείαν
1631 1815 1918 1888 οὐρανῶν;
1955 1815 2020 1868 Τί

428 1905 630 1976 δήποτε
671 1901 766 1960 οὖν
807 1905 932 1975 οὐχὶ
971 1907 1069 1958 καὶ
1096 1905 1272 1958 ταῦτα
1310 1903 1708 1975 προστίθησιν;
1758 1902 1884 1954 Ὀτι
1918 1901 2020 1954 οὐκ

430 1988 580 2044 ἐστιν
607 1991 721 2044 ἴσον
746 1989 1024 2060 βασιλείαν
1059 1988 1515 2058 ἐπαγγείλασθαι,
1552 1987 1651 2042 καὶ
1689 1985 2014 2057 σταυρωθῆ-

431 2093 540 2130 ναι.
567 2077 780 2130 Ἐκεῖνο
815 2075 912 2148 μὲν
959 2076 1070 2147 γὰρ
1101 2073 1224 2128 οὔτε
1257 2075 1504 2130 κίνδυνον
1555 2069 1724 2146 εἶχεν,
1777 2072 1903 2127 οὐτε
1935 2073 2018 2124 αί-

432 2159 634 2232 σχὺνην
664 2159 850 2232 ἔφερε·
885 2159 1046 2214 τοῦτο
1075 2157 1133 2212 δὲ
1163 2157 1382 2214 ἅπαντα
1406 2157 1602 2213 ταῦτα·
1639 2157 1814 2220 ἄλλως
1837 2155 1894 2210 δὲ
1924 2155 2019 2210 καὶ

430 2245 616 2300 ἐκεῖνα
646 2245 754 2298 ἀπὸ
798 2244 1005 2298 τούτων
1045 2243 1466 2308 κατασκευάζει.
1521 2241 1708 2296 Είπὼν
1752 2242 1884 2314 γὰρ,
1920 2244 2020 2308 Ὅς

427 2347 498 2398 γε
525 2329 632 2384 τοῦ
680 2329 836 2384 ἰδίου
877 2329 1014 2384 Υίοῡ
1049 2331 1162 2384 οὐκ
1207 2328 1519 2398 ἐρείσατο,
1571 2329 1850 2399 ἐπήγαγε,
1884 2326 2019 2394 Πῶς

427 2411 564 2482 οὐχί
609 2413 710 2468 καί
771 2412 895 2468 σὺν
939 2411 1100 2478 αὐτῷ
1157 2411 1228 2465 τὰ
1265 2411 1464 2466 πάντα
1497 2412 1646 2482 ἡμῖν
1675 2411 2017 2481 χαρίσεται;

426 2497 524 2550 καὶ
565 2496 748 2562 πάλιν,
773 2499 844 2552 Εἰ
867 2495 978 2566 γὰρ
1003 2497 1206 2572 ἐχθροὶ
1241 2496 1412 2564 ὄντες
1439 2495 1906 2566 κατηλλάγημεν
1937 2494 2018 2562 τῷ

427 2577 550 2645 Θεῷ
607 2579 706 2636 διὰ
756 2580 866 2634 τοῦ
921 2581 1185 2652 θανάτου
1229 2581 1337 2636 τοῦ
1387 2580 1526 2636 Υίοῦ
1569 2577 2018 2646 αὑτοῦ,πο.λλῷ

420 2664 664 2733 μᾶλλον
691 2666 1176 2734 καταλλαγέντες
1206 2666 1626 2736 σωθησόμεθα.
1659 2665 1865 2718 Τούτου
1898 2663 2014 2718 ἐνε-

423 2751 528 2802 κεν
571 2749 671 2802 οὐκ
704 2749 989 2818 ἐπήγαγεν
1023 2751 1229 2806 ἐκεῖνα·
1273 2751 1369 2804 καὶ
1420 2751 1502 2804 ὅτι
1547 2751 1618 2804 τά
1660 2751 1759 2822 μὲν
1800 2749 2015 2804 οὐδέπω

423 2828 717 2904 εἷχον,τῶν
745 2834 804 2888 δὲ
830 2833 930 2906 ήδη
959 2838 1154 2906 πεῖραν
1178 2833 1493 2906 εἰλήφεσαν,
1527 2835 1621 2890 καὶ
1644 2835 1713 2890 τὰ
1740 2835 1839 2906 μὲν
1863 2831 1931 2908 ἦν
1957 2837 2013 2888 ἐν

419 2917 806 2987 ἐπαγγελίαις,
843 2919 914 2973 τά
961 2919 1020 2973 δὲ
1073 2920 1176 2992 ἥδη
1230 2919 1516 2992 γεγένητο.
1542 2919 1896 2990 Εὐχαριστῶ
1931 2917 2013 2986 τῷ

425 3000 570 3066 Θεῷ,
600 3003 694 3058 ὅτι
721 2993 944 3058 οὐδένα
979 3004 1148 3074 ὑμῶν
1188 3003 1502 3066 ἐϐάπτισα,
1535 3005 1588 3059 εὶ
1618 3003 1705 3076 μὴ
1736 3005 2012 3074 Κρίσπον

421 3088 518 3142 καί
551 3087 756 3143 Κάτον.
795 3087 912 3161 [Ιόι
942 3089 1006 3142 Τί
1042 3088 1188 3162 μέγα
1217 3092 1465 3160 φρονεῖτε
1496 3089 1589 3144 ἐπὶ
1616 3089 1696 3160 τῷ
1726 3090 2009 3161 βαπτίσαι,

419 3172 556 3224 ὅπου
590 3189 654 3240 γε
684 3172 796 3240 ἐγὼ
823 3174 918 3225 καὶ
943 3173 1277 3244 εὐχαριστῶ,
1306 3173 1390 3226 ὅτι
1425 3173 1528 3226 οὐκ
1557 3175 1791 3244 ἐποίησα
1819 3173 2008 3238 τοῦτο;

421 3255 612 3310 Ταῦτα
665 3245 722 3310 δὲ
783 3257 978 3326 λέγων,
1021 3257 1278 3330 καθαιρεῖ
1308 3257 1368 3310 τὸ
1417 3258 1513 3310 ἐπὶ
1546 3257 1724 3330 τούτῳ
1782 3255 2012 3330 φύσημα

417 3341 806 3412 οἰκονομικῶς,
839 3343 960 3412 οὐχ).
985 3341 1084 3414 τὴν
1115 3341 1347 3412 δύναμιν
1370 3341 1465 3396 τοῦ
1495 3341 1896 3413 βαπτίσματος,
1936 3341 2014 3414 μὴ

422 3426 660 3494 γένοιτο,
685 3425 826 3480 ἀλλὰ
852 3426 950 3499 τὴν
971 3427 1234 3480 ἀπόνοιαν
1261 3425 1372 3480 τῶν
1401 3425 1546 3498 μέγα
1576 3425 1672 3478 ἐπὶ
1698 3425 1777 3498 τῷ
1813 3425 2012 3498 βαπτί-

423 3527 514 3566 σαι
549 3510 918 3582 φρονούντων,
945 3509 1167 3582 πρῶτον
1207 3509 1308 3582 μὲν
1337 3509 1417 3582 τῷ
1468 3509 1770 3577 δεικνύναι,
1801 3512 1882 3566 ὅτι
1911 3513 2011 3566 οὐκ

422 3595 604 3650 αὐτῶν
641 3598 757 3650 ἐστι
805 3596 866 3650 τὸ
926 3596 1124 3670 δῶρον,
1151 3595 1408 3666 δεύτερον
1452 3595 1510 3650 δὲ
1560 3595 1640 3668 τῷ
1665 3598 2011 3672 εὐχαριστεῖν

420 3679 498 3750 τῷ
529 3679 652 3752 Θεῷ
681 3680 772 3734 διὰ
793 3680 970 3735 τοῦτο.
1003 3681 1164 3750 Μέγα
1191 3679 1292 3753 μὲν
1315 3681 1424 3753 γὰρ
1452 3679 1512 3734 τὸ
1544 3680 1848 3754 βάπτισμα,
1873 3683 2010 3740 ἀλλὰ

424 3764 566 3835 μέγα
593 3763 726 3818 αὐτὸ
747 3765 846 3836 οὐχ
869 3766 898 3820 6
933 3763 1212 3836 βαπτίζων
1243 3765 1407 3832 ποιεῖ,
1445 3764 1562 3820 ἀλλ’
1591 3767 1622 3818 6
1667 3765 2009 3838 καλούμενος

419 3852 500 3914 είς
522 3849 584 3903 τὸ
611 3849 897 3922 βάπτισμα
914 3865 927 3878 ·
980 3849 1106 3904 ἐπεὶ
1135 3849 1196 3903 τὸ
1221 3849 1484 3920 βαπτίσαι
1514 3849 1668 3904 οὐδέν
1695 3853 1846 3906 ἐστιν
1881 3854 2008 3906 ὅσον

419 3935 501 3998 είς
527 3931 870 4006 ἀνθρώπινον
905 3933 1086 4000 πόνον,
1124 3933 1262 3990 ἀλλὰ
1292 3935 1472 4008 πολλῷ
1519 3935 1740 3990 ἐλαττον
1780 3933 1874 3990 τοῦ
1913 3937 2006 3990 εὐ-

419 4017 838 4089 αγγελίσασθαι.
871 4017 1033 4086 Μέγα
1062 4017 1162 4089 μὲν
1205 4019 1315 4090 γάρ
1348 4019 1487 4084 ἐστι,
1537 4020 1699 4074 πάλιν
1743 4021 1910 4094 φημὶ,
1946 4021 2008 4074 16

422 4103 730 4174 βάπτισμα,
774 4103 870 4157 καὶ
923 4103 1054 4158 ἄνευ
1095 4101 1474 4174 βαπτίσματος
1521 4105 1806 4176 ἀμήχανον
1848 4105 2006 4176 βασι-

420 4188 570 4252 λείας
629 4189 948 4258 ἐπιτυχεῖν·
1006 4185 1146 4241 άλλά
1197 4187 1420 4242 δύναται
1472 4189 1604 4243 αὐτὸ
1643 4189 1735 4242 καὶ
1769 4189 1909 4262 ἀνὴρ
1943 4191 2005 4244 οὐ

421 4273 630 4345 σφόδρα
663 4276 908 4342 γενναῖος
939 4273 1187 4346 ποιῆσαι,
1216 4273 1276 4328 τὸ
1303 4273 1360 4326 δέ
1388 4273 1846 4344 εὐαγγελίσασθαι
1873 4276 2004 4329 πο).-

417 4359 512 4414 λοῦ
535 4361 708 4416 δεῖται
745 4361 935 4418 πόνου.

487 4443 557 4514 γ’.
587 4446 754 4514 Λέγει
780 4444 836 4498 δὲ
869 4444 970 4498 καὶ
989 4443 1086 4516 τὴν
1119 4443 1322 4510 αίτίαν,
1347 4443 1418 4498 δι’
1443 4445 1508 4517 ἢν
1538 4446 1886 4518 εὐχαριστεῖ,
1914 4448 2003 4502 ὅτε

415 4530 606 4584 οὐδένα
650 4529 938 4586 ἐϐάπτισε.
969 4529 1065 4594 Τίς
1097 4525 1191 4584 οὖν
1229 4531 1380 4586 ἐστιν
1423 4529 1605 4602 αὖτη;
1637 4529 1762 4584 ἰνα
1793 4531 1878 4601 μή
1915 4551 2006 4600 τις

416 4617 579 4684 smn,
619 4615 775 4686 φησι,
824 4615 914 4672 ὅτι
948 4618 1035 4682 είς
1069 4614 1136 4670 τὸ
1168 4615 1317 4686 ἐμὸν
1349 4615 1542 4683 ὄνομα
1581 4615 2000 4684 ἐϐαπτίσθητε.

418 4701 486 4754 Τί
520 4698 646 4766 δαίς
679 4701 808 4772 περὶ⁵
833 4701 941 4771 γάρ
970 4701 1196 4754 ἐκείνων
1216 4701 1376 4755 τοῦτο
1401 4699 1587 4768 ἔλεγον
1613 4711 1639 4740 ο
1664 4718 1678 4764 ;
1716 4699 2002 4772 Οὐδαμῶς·

335 4831 342 4838 .
417 4785 554 4839 ἀλλὰ
579 4783 813 4850 δέδοικα,
838 4785 992 4856 φησὶ,
1013 4785 1090 4857 μὴ
1117 4785 1212 4839 καὶ
1243 4787 1323 4848 είς
1352 4783 1513 4837 τοῦτο
1557 4783 1736 4854 προϐῇ
1759 4783 1822 4836 τὸ
1846 4787 2005 4858 νόση-

421 4887 518 4941 μα.
538 4869 604 4924 Εἰ
628 4869 728 4940 γὰρ
745 4867 980 4924 εὐτελῶν
993 4867 1298 4942 ἀνθρώπων
1313 4869 1409 4924 καὶ
1421 4867 1636 4932 οὐδενὸς
1655 4867 1824 4933 ἀξίων
1844 4869 2004 4939 λόγου

420 4950 815 5025 βαπτιζόντων,
861 4951 1074 5024 αἵρεσις
1095 4951 1340 5022 γέγονεν,
1365 4953 1413 5007 εί
1445 4951 1556 5022 ἐγὼ
1585 4955 1613 5006 6
1637 4953 2006 5022 καταγγείλας

415 5039 479 5092 τὸ
512 5037 796 5110 βάπτισμα
825 5035 1056 5100 πολλοὺς
1087 5035 1383 5100 ἐϐάπτισα,
1417 5039 1563 5102 εἰκὸς
1591 5033 1660 5110 ἦν
1696 5037 2002 5100 συστάντας

419 5121 498 5194 μὴ
532 5122 691 5192 μόνον
723 5119 816 5174 ἐπὶ
843 5119 924 5192 τῷ
947 5119 1173 5190 ὀνόματί
1209 5138 1310 5192 μου
1333 5121 1636 5184 καλεῖσθαι,
1668 5121 1803 5176 ἀλλά
1828 5124 1921 5177 καὶ
1944 5125 2005 5178 τὸ

419 5207 704 5278 βάπτισμα
733 5206 856 5276 ἐμοὶ
883 5203 1260 5276 ἐπιφημίζειν.
1289 5205 1352 5257 Εί
1379 5205 1486 5278 γὰρ
1519 5207 1625 5259 ἀπὸ
1648 5207 1756 5260 τῶν
1783 5207 2003 5263 ἐλαττό-

417 5309 524 5356 νων
553 5289 808 5346 τοσοῦτον
835 5289 1054 5358 ἐγένετο
1081 5287 1251 5344 κακὸν
1273 5333 1286 5354 ,
1321 5289 1453 5354 ἴσως
1482 5289 1547 5345 ἂν
1583 5291 1675 5346 καί¹
1710 5291 1793 5346 ἔτι
1822 5293 2003 5366 πολλῷ

418 5374 799 5447 χαλεπώτερον
832 5375 942 5428 ἀπὸ
981 5373 1091 5428 τῶν
1127 5373 1390 5440 μειζόνων
1425 5375 1660 5448 προύϐη.
1705 5379 2002 5450 Ἐντρέψας

415 5459 598 5514 τοίνυν
637 5461 763 5522 τοὺς
804 5457 1239 5530 διεφθαρμένους
1293 5457 1486 5530 ταύτῃ,
1523 5461 1618 5514 καὶ
1665 5463 1999 5532 προσειπὼν,

431 5543 761 5602 Ἐϐἁπτισα
791 5543 860 5596 δὲ
891 5543 992 5598 καὶ
1035 5541 1140 5598 τὸν
1175 5543 1452 5613 Στεφανᾶ
1480 5539 1671 5606 οἷκον,
1707 5546 1870 5600 πάλιν
1903 5549 2002 5604 αὐ-

416 5629 526 5682 τῶν
551 5627 816 5700 ὐποσύρει
845 5625 934 5680 τὸν
967 5625 1135 5696 τῦφον
1166 5625 1360 5696 λέγων·
1392 5630 1621 5683 Λοιπὸν
1649 5633 1760 5685 οὐκ
1789 5627 1922 5688 οἶδα
1950 5635 2006 5687 εἴ

417 5729 554 5767 τινα
579 5713 774 5767 ἄλλον
801 5707 1112 5766 ἐϐάπτισα·
1157 5709 1436 5764 Ἐντεῦθεν
1465 5714 1574 5785 γὰρ
1599 5715 1893 5782 δείκνυσιν,
1923 5719 2002 5773 ὅτι

419 5798 542 5852 οὐδέ
572 5797 1035 5870 περισπούδαστον
1063 5793 1130 5868 ἦν
1153 5797 1302 5868 αὐτῴ
1331 5798 1432 5866 τῆς
1466 5799 1574 5852 ἀπὸ
1609 5801 1804 5854 τούτου
1837 5807 2002 5876 τιμῆς

421 5883 718 5938 ἀπολαύειν
751 5883 902 5955 παρά
941 5881 1048 5936 τῶν
1081 5881 1311 5947 πολλῶν,
1348 5881 1468 5936 οὐδὲ
1509 5883 1669 5956 δόξης
1697 5885 1884 5942 ἓνεκεν
1915 5891 2004 5944 ἐπὶ

475 6059 502 6090 ⁸
524 6057 606 6108 Sic
627 6057 751 6122 Reg.
781 6056 910 6109 Edili
938 6057 1120 6120 ἔλεγεν.
1144 6057 1299 6111 Paulo
1322 6069 1438 6110 ante
1465 6059 1640 6112 deerat
1661 6061 1705 6110 τί
1725 6063 1821 6114 δαί.

2139 540 2266 612 ἑξῆς
2299 539 2509 608 σφόδρα
2547 537 2730 590 αὐτῶν
2759 535 3118 590 καταστέλλει
3153 535 3254 606 τὴν
3285 536 3624 606 φλεγμονὴν,
3649 535 3730 590 λέ-

2134 639 2277 690 γων·
2323 625 2406 676 Οὺ
2455 624 2566 691 γὰρ
2615 619 2946 675 ἀπέστειλὲ
2983 637 3064 688 με
3107 621 3364 688 Χριστὸς
3394 619 3726 686 βαπτίζειν,

2133 707 2294 762 ἀλλὰ
2325 710 2433 761 sim
2443 705 2914 777 γγε.1ίζεσθαι.ἰ“δ
2939 707 3046 775 γάρ
3065 705 3472 776 ἐπιπονώτερον
3493 706 3590 758 καὶ
3611 705 3728 758 πολ-

2133 791 2225 844 λοῦ
2251 791 2504 860 δεόμενον
2535 789 2736 861 μόχθου
2774 789 2869 842 καὶ
2901 787 3081 858 ψυχῆς
3107 788 3348 860 σιδηρᾶς,
3373 790 3468 842 καὶ
3493 788 3524 841 δ
3555 789 3726 843 πάντα

2136 877 2344 946 συνεῖχε
2367 915 2381 936 ,
2403 873 2562 927 τοῦτο
2583 870 2670 944 ἦν.
2695 873 2787 926 Διὸ
2817 875 2914 926 καὶ
2951 872 3162 936 Παῦλος
3191 873 3324 926 αὐτὸ
3345 873 3722 943 ἐνεχειρίζετο.

2133 958 2246 1010 Καὶ
2276 957 2421 1022 τίνος
2461 958 2648 1012 ἕνεκεν
2686 955 2760 1028 μὴ
2793 956 3124 1020 ἀποσταλεὶς
3160 955 3462 1026 βαπτίζειν,
3501 955 3725 1010 ἐϐάπτιι

2133 1039 2262 1108 ζεν;
2290 1042 2364 1094 Οὐ
2401 1041 2716 1112 μαχόμενος
2745 1040 2824 1111 τῷ
2845 1041 3252 1104 ἀποστείλαντι,
3274 1040 3390 1094 ἀλλ’
3417 1043 3482 1094 ἐκ
3507 1057 3724 1112 1159:00-

2134 1125 2256 1190 σίας
2285 1125 2444 1180 τοῦτο
2465 1127 2658 1180 ποιῶν.
2689 1128 2763 1180 υύ
2794 1126 2904 1197 γὰρ
2927 1124 3102 1189 εἶπεν,
3125 1127 3208 1179 ὅτι
3247 1126 3584 1198 Ἐκωλύθην,
3615 1127 3722 1180 ἀλλ’

2129 1212 2212 1265 ὅτι
2243 1212 2355 1264 Οὐκ
2389 1211 2704 1282 ἀπεστάλην
2733 1211 2826 1264 ἐπί
2849 1209 3045 1282 τούτῳ,
3082 1210 3196 1268 ἀλλ’
3219 1213 3310 1264 ἐπὶ
3325 1211 3407 1282 τῷ
3427 1213 3720 1278 ἀναγκαιο-

2129 1295 2296 1366 τάτῳ.
2343 1295 2416 1348 T6
2464 1297 2563 1367 μὲν
2625 1296 2733 1367 γὰρ
2793 1295 3247 1366 εὐαγγελίζεσθαι
3305 1297 3423 1360 ἐνός
3477 1313 3587 1350 που
3637 1299 3722 1350 καὶ

2129 1378 2414 1451 δευτέρου,
2455 1380 2518 1434 τὸ
2564 1379 2620 1434 δὲ
2657 1378 2944 1450 βαπτίζειν
2979 1379 3178 1444 παντὸς
3235 1381 3302 1434 ἂν
3345 1381 3431 1450 εἴη
3485 1379 3584 1432 τοῦ
3631 1382 3722 1450 τὴν

2133 1462 2434 1534 ἱερωσύνην
2469 1463 2705 1534 ἔχοντος.
2745 1463 3070 1534 ’Ἄνθρωπον
3106 1463 3206 1534 μὲν
3233 1462 3344 1534 γὰρ
3377 1464 3722 1533 κατηχούμε-

2131 1563 2220 1598 νον
2277 1545 2544 1609 λαϐόντας
2591 1547 2686 1600 καὶ
2743 1546 3106 1617 πεπεισμένον
3166 1544 3465 1616 βαπτίσαι,
3526 1547 3720 1610 παντὸς

2129 1629 2442 1684 οὑτινοσοῦν
2475 1632 2646 1685 ἐστιν·
2684 1633 2718 1702 ἡ
2763 1630 2872 1703 γὰρ
2907 1629 3230 1702 προαίρεσις
3271 1629 3366 1682 τοῦ
3407 1631 3720 1702 προσιόντος

2129 1712 2316 1767 λοιπὸν
2350 1712 2648 1786 ἐργάζεται
2682 1713 2741 1768 τὸ
2768 1717 2899 1780 πᾶν,
2929 1715 3076 1781 καὶὴ
3105 1713 3200 1767 τοῦ
3229 1713 3366 1767 Θεοῦ
3387 1718 3572 1784 χάρις·
3597 1717 3720 1768 ὃταν

2107 1797 2183 1850 οδέ
2212 1797 2474 1862 ἀπίστους
2497 1798 2596 1874 δέῃ
2621 1799 2951 1870 κατηχῆσαι,
2977 1797 3176 1852 πολλοῦ
3201 1799 3282 1852 δεῖ
3307 1799 3496 1860 πόνου,
3523 1799 3720 1869 πολλῆς

2127 1881 2232 1954 τῆς
2260 1883 2474 1953 σοφίας·
2499 1883 2622 1936 τότε
2649 1882 2706 1936 δέ
2737 1881 2832 1936 καὶ
2855 1883 2920 1936 16
2945 1881 3280 1936 κινδυνεύειν
3303 1883 3538 1955 προσῆν.
3581 1884 3721 1938 Ἐκεῖ

2131 1965 2232 2037 μὲν
2261 1965 2371 2038 γὰρ
2401 1966 2462 2020 τὺ
2503 1967 2612 2020 πᾶν
2645 1965 2861 2036 γέγονε,
2895 1967 2991 2020 καὶ
3033 1967 3330 2022 πέπεισται
3359 1971 3387 2022 6
3423 1983 3718 2038 μυσταγω-

2127 2050 2341 2118 γεῖσθαι
2365 2049 2598 2121 μέλλων,
2629 2050 2726 2103 καὶ
2745 2051 2902 2104 οὐδὲν
2930 2053 3095 2122 μέγα,
3121 2051 3418 2105 πεισθέντα
3436 2051 3714 2122 βαπτίσαι·

2128 2133 2362 2187 ἐνταῦθα
2387 2135 2444 2188 δέ
2475 2134 2642 2196 πολὺς
2675 2137 2703 2188 ό
2728 2135 2892 2198 πόνος
2919 2135 3062 2190 ὥστε
3093 2138 3424 2204 μεταπεῖσαι
3465 2136 3718 2208 προαίρε-

2127 2235 2232 2284 σιν,
2260 2218 2356 2273 καὶ¹
2397 2219 2716 2290 μεταθεῖναι
2741 2217 2992 2292 γνώμην,
3025 2220 3120 2272 καὶ
3145 2219 3558 2290 ἀναμοχλεῦσαι
3589 2220 3716 2274 πλά·

2125 2319 2246 2376 νην,
2283 2303 2376 2358 καὶ
2419 2303 2830 2373 καταφυτεῦσαι
2859 2303 2960 2376 τὴν
3009 2303 3289 2375 ἀλήθειαν.
3327 2305 3442 2377 [19]
3483 2305 3629 2358 Ἀλλ’
3657 2305 3714 2359 οὐ

2122 2385 2272 2455 λέγει
2297 2387 2468 2441 ταῦτα
2497 2387 2692 2452 οὕτως,
2722 2387 2848 2442 οὐδὲ
2875 2388 3277 2453 κατασκευάζει
3301 2387 3394 2442 καί
3419 2405 3612 2462 φησιν,
3641 2389 3718 2442 δτι

2122 2473 2313 2528 οὐδένα
2344 2475 2510 2528 πόνον
2540 2473 2654 2544 ἔχει
2682 2473 2744 2527 τὸ
2775 2473 3058 2546 βαπτίσαι,
3095 2474 3233 2528 ἀλλὰ
3265 2473 3328 2527 τὺ
3363 2474 3716 2543 εὐαγγελίσα-

2125 2557 2270 2612 σθαι·
2309 2553 2418 2612 οἶδε
2449 2557 2558 2628 γὰρ
2589 2559 2678 2613 ἀεὶ
2720 2556 3060 2629 μετριάζειν·
3089 2557 3204 2611 ἀλλ’
3245 2559 3306 2610 ἐν
3337 2560 3404 2629 τῇ
3435 2558 3716 2628 συγκρίσει

2122 2643 2222 2714 τῆς
2253 2643 2458 2709 ἔξωθεν
2494 2643 2690 2711 σοφίας
2729 2641 2934 2714 σφόδρα
2964 2643 3342 2706 ἀποτείνεται,
3375 2641 3506 2696 ἔνθα
3549 2659 3716 2696 κατα-

2123 2727 2486 2800 φορικωτέρῳ
2539 2727 2776 2800 ἠδύνατο
2821 2726 3136 2800 χρήσασθαι
3183 2727 3349 2798 λόγῳ.
3405 2728 3482 2782 οὐ
3535 2729 3714 2782 τοίνυν

2121 2810 2537 2884 ἐναντιούμενος
2565 2811 2644 2884 τῷ
2692 2811 2966 2884 πέμποντι
3005 2811 3324 2876 ἐϐάπτιζεν·
3369 2811 3488 2866 ἀλλ’
3531 2811 3714 2882 ὥσπερ

2120 2894 2214 2948 ἐπὶ
2237 2894 2346 2948 τῶν
2370 2893 2577 2966 χηρῶν,
2604 2895 2870 2949 εἰπόντων
2894 2895 3004 2948 τῶν
3031 2897 3373 2962 ἀποστόλων,
3401 2897 3529 2951 οὐκ
3549 2897 3715 2952 ἐστιν

2119 2979 2384 3048 ἀρεστὸν
2414 2981 2862 3046 καταλιπόντας
2883 2977 3044 3050 ἡμᾶς
3069 2979 3179 3034 τόν
3207 2982 3398 3052 λόγον
3422 2981 3536 3036 τοῦ
3571 2982 3712 3038 Θεοῦ

2119 3061 2424 3116 διακονεῖν
2455 3061 2788 3131 τραπέζαις,
2823 3065 3206 3137 διηκονήσατο,
3237 3067 3338 3120 οὐκ
3365 3066 3712 3138 ἐναντιούμε-

2119 3163 2209 3210 νος
2237 3146 2491 3211 ἐκείνοις,
2523 3147 2639 3200 ἀλλ’
2667 3149 2732 3201 ἐκ
2759 3149 3081 3221 περιουσίας
3112 3149 3282 3204 ποιῶν
3303 3165 3315 3178 ·
3345 3150 3494 3205 οὕτω
3517 3151 3618 3204 καὶ
3635 3151 3712 3203 ἐν-

2119 3230 2318 3284 ταῦθα.
2379 3233 2535 3286 Ἐπεὶ
2575 3233 2671 3286 καὶ
2713 3231 2809 3286 νῦν
2855 3235 2970 3298 τοῖς
3021 3234 3124 3304 μὲν
3171 3233 3564 3306 ἀφελεστέροις
3609 3236 3712 3290 τῶν

2121 3316 2512 3388 πρεσϐυτέρων
2550 3316 2711 3371 τοῦτο
2737 3317 3121 3391 ἐγχειρίζομεν
3145 3359 3160 3382 ,
3187 3319 3278 3372 τὸν
3313 3319 3372 3374 δὲ
3399 3319 3709 3374 διδασκαλι-

2119 3401 2215 3455 κὸν
2243 3401 2405 3468 λόγον
2443 3403 2557 3466 τοῖς
2601 3403 2962 3475 σοφωτέροις·
2993 3403 3112 3457 ἐκεῖ
3143 3404 3255 3476 γάρ
3291 3405 3442 3458 ἐστιν
3479 3407 3510 3458 6
3557 3405 3710 3468 πόνος

2119 3485 2213 3538 καὶ
2247 3486 2274 3538 ό
2317 3483 2502 3555 ἱδρώς.
2549 3485 2642 3538 Διδ
2678 3487 2776 3540 καὶ
2810 3485 2974 3552 αὐτός
3015 3503 3204 3557 φησιν·
3243 3490 3308 3541 οι
3339 3487 3550 3554 καλῶς
3575 3503 3708 3559 προσ

2116 3569 2372 3633 εστὼτες
2387 3570 2778 3639 πρεσϐύτεροι
2807 3569 3036 3640 διπλῆς
3055 3569 3236 3642 τιμῆς
3257 3571 3708 3640 ἀξιούσθωσαν,

2111 3651 2382 3722 μάλιστα
2413 3657 2469 3707 οὶ
2507 3652 2839 3722 κοπιῶντες
2879 3655 2954 3709 ἐν
2979 3657 3140 3726 λόγῳ
3185 3657 3286 3710 καί
3318 3655 3706 3726 διδασκαλΙςι.

2119 3738 2292 3791 Ὠσπε
2303 3753 2336 3808 ρ
2359 3737 2472 3809 γὰρ
2503 3737 2562 3790 τὸ
2595 3738 2695 3810 μὲν
2723 3737 2935 3804 διδάξαι
2966 3739 3094 3802 τούς
3125 3739 3480 3804 παλαίοντας,
3517 3741 3708 3814 ἀνδρός

2117 3821 2235 3875 ἐστι
2264 3823 2511 3890 γενναίου
2546 3823 2641 3876 κα)⁸
2673 3821 3024 3896 παιδοτρίϐου
3053 3825 3242 3895 σοφοῦ,
3270 3825 3331 3879 τὸ
3357 3826 3416 3880 δὲ
3439 3827 3708 3882 ἐπιθεῖναι

2115 3907 2207 3961 τὸν
2244 3907 2510 3978 στέφανον
2551 3907 2631 3978 τῷ
2663 3909 2953 3979 νικήσαντι
3001 3909 3098 3962 καὶ
3136 3907 3232 3962 τοῦ
3284 3909 3360 3982 μὴ
3405 3910 3708 3982 δυναμένου

2115 3985 2369 4047 παλαίειν
2411 3993 2551 4054 ἐστὶ,
2593 3993 2772 4047 καίτοι
2819 4009 2880 4062 γε
2935 3995 2964 4047 6
3018 3993 3282 4063 στέφανος
3327 3993 3708 4068 λαμπρότερον

2115 4077 2260 4130 ποιεῖ
2290 4077 2380 4130 τὸν
2409 4077 2732 4146 νικήσαντα·
2757 4077 2904 4132 οὕτω
2929 4076 3024 4131 καὶ
3055 4077 3150 4131 ἐπὶ
3175 4077 3270 4132 τοῦ
3303 4077 3704 4152 βαπτίσματος·

2115 4161 2378 4216 ἀδύνατον
2420 4159 2520 4232 μὲν
2564 4165 2674 4232 γὰρ
2709 4159 2882 4234 χωρὶς
2915 4159 3083 4214 αὐτοῦ
3129 4161 3412 4231 σωθῆναι,
3457 4163 3614 4217 οὐδὲν
3651 4165 3704 4218 δὲ

2117 4245 2262 4318 μέγα
2281 4248 2309 4299 6
2335 4243 2617 4316 βαπτίζων
2644 4245 2810 4309 ποιεῖ,
2834 4243 3155 4316 προαίρεσιν
3177 4249 3706 4321 παρεσκευασμένην

2111 4329 2312 4385 λαϐὼν.
2345 4331 2467 4384 Οὐκ
2506 4328 2577 4382 ἐν
2624 4329 2815 4398 σοφίᾳ
2863 4331 3076 4398 λόγου,
3127 4329 3230 4384 ἵνα
3260 4329 3348 4402 μὴ
3399 4331 3638 4402 κενωθῇ
3675 4335 3706 4387 ό

2113 4412 2377 4483 σταυρὸς
2413 4413 2521 4467 τοῦ
2563 4413 2844 4479 Χριστοῦ.
2904 4411 3166 4467 Καθελὼν
3215 4413 3277 4468 16
3329 4415 3565 4488 φύσημα
3605 4417 3706 4471 τῶν

2112 4499 2201 4552 διὰ
2231 4498 2291 4551 τὸ
2319 4495 2602 4568 βαπτίζειν
2623 4495 2766 4567 μέγα
2786 4497 3150 4568 φρονούντων,
3179 4499 3505 4570 μεθίσταται
3525 4501 3706 4556 λοιπον

2115 4580 2254 4654 πρὸς
2299 4581 2426 4645 τούς
2469 4581 2561 4634 ἐπὶ
2602 4581 2764 4653 σοφίᾳ
2809 4584 2874 4654 τῇ
2923 4581 3124 4649 ἔξωθεν
3163 4585 3582 4655 κομπάζοντας,
3617 4587 3704 4640 καὶ

2113 4667 2234 4719 κατ’
2281 4665 2462 4719 αὐτῶν
2513 4663 2797 4729 όπλίζεται
2832 4665 3214 4738 σφοδρότερον.
3257 4669 3404 4740 Πρὸς
3451 4670 3560 4740 μὲν
3601 4673 3704 4742 γὰρ

2112 4751 2238 4814 τούς
2275 4749 2369 4803 ἐπὶ
2397 4749 2477 4819 τῷ
2511 4749 2796 4820 βαπτίζειν
2834 4750 3288 4823 πεφυσιωμένους
3327 4751 3554 4823 ἔλεγεν,
3591 4757 3702 4810 Εὐ·-

2113 4833 2396 4905 χιιριστῶ,
2433 4835 2520 4888 ὅτι
2561 4833 2784 4890 οὐδένα
2826 4833 3152 4903 ἐϐάπτισα,
3191 4839 3284 4892 καὶ
3325 4839 3409 4894 ὅτι
3457 4841 3564 4894 οὐκ
3597 4843 3698 4896 ἀπ-

2113 4918 2320 4973 έστειλὲ
2367 4935 2433 4990 με
2473 4919 2502 4970 ὁ
2539 4919 2775 4990 Χριστὸς
2815 4917 3136 4989 βαπτίζειν·
3173 4922 3266 4976 καὶ
3299 4923 3426 4978 οὐτε
3457 4925 3700 4997 σφοδρῶς

2112 5003 2235 5058 οὔτε
2268 5001 2791 5068 κατασκευαστικῶς
2813 5003 3078 5076 κέχρηται
3111 5005 3190 5076 τῷ
3221 5006 3386 5078 λόγῳ,
3413 5007 3534 5062 ἀλλ’
3563 5011 3699 5064 αίνι-

2113 5089 2346 5159 ξάμενος
2383 5087 2452 5140 δι’
2485 5086 2682 5156 ὀλίγων
2708 5086 2850 5160 άπερ
2887 5087 3158 5154 ἐϐούλετο,
3191 5091 3554 5163 παρέδραμεν
3575 5109 3592 5126 α
3623 5095 3700 5147 ἐν·

2113 5171 2288 5227 ταῦθα
2321 5171 2378 5226 δὲ
2413 5173 2480 5225 ἐκ
2507 5171 2816 5243 προοιμίων
2849 5171 3098 5243 χαλεπὴν
3131 5173 3316 5227 δίδωσι
3351 5177 3456 5246 τὴν
3487 5177 3702 5249 πληγήν

2111 5257 2305 5328 λέγων·
2331 5257 2464 5312 Ἵνα
2489 5255 2574 5327 μὴ
2603 5255 2832 5324 κενωθῇ
2858 5259 2890 5310 o'
2911 5257 3174 5324 σταυρὸς
3193 5257 3300 5312 τοῦ
3325 5259 3612 5327 Χριστοῦ.
3643 5261 3700 5316 Τί

2111 5341 2292 5398 τοίνυν
2321 5341 2466 5409 μέγα
2494 5341 2732 5410 φρονεῖς,
2769 5339 2853 5410 ἐφ’
2881 5335 2924 5409 ᾧ
2956 5339 3397 5410 ἐγκαλύπτεσθαι
3427 5344 3456 5384 ιι
3477 5343 3622 5412 -ἕδεις
3647 5347 3700 5400 Εἰ

2113 5426 2222 5500 γὰρ
2248 5425 2478 5496 πολεμεῖ
2491 5423 2566 5496 τῷ
2590 5425 2811 5497 σταυρῷ
2833 5425 2926 5478 καὶ
2953 5425 3190 5496 μάχεται
3207 5429 3320 5490 τοῖς
3343 5427 3698 5497 Εὐαγγελίοις

2113 5513 2146 5580 ἡ
2185 5510 2348 5580 σοφία
2377 5507 2540 5580 αὐτη,
2570 5509 2670 5562 οὐκ
2700 5509 2888 5579 αὐχεῖν
2922 5509 3009 5560 ἐπ’
3045 5510 3204 5581 αὐτῇ,
3233 5510 3368 5564 ἀλλὰ
3399 5514 3492 5565 καὶ
3529 5530 3697 5570 κατα·

2112 5593 2334 5648 δύεσθαι
2367 5593 2466 5648 δεῖ.
2495 5591 2667 5646 Τοῦτο
2703 5593 2813 5666 γὰρ
2847 5593 3018 5647 αἴτιον
3052 5593 3146 5646 τοῦ
3185 5595 3261 5666 μὴ
3289 5595 3544 5664 γενέσθαι
3575 5599 3698 5662 τοὺς

2114 5679 2446 5742 ἀποστόλους
2479 5681 2677 5749 σοφοὺς
2699 5719 2712 5742 ,
2747 5679 2848 5732 οὐκ
2882 5679 3139 5750 ἀσθενείᾳ.
3182 5679 3277 5732 τοῦ
3321 5681 3694 5753 χαρίσματος,

2113 5764 2228 5818 ἀλλ’
2260 5765 2346 5818 ἵνα
2376 5765 2450 5834 μὴ
2475 5763 2646 5835 βλαϐᾗ
2669 5762 2732 5816 τὸ
2757 5767 3040 5836 κήρυγμα.
3073 5763 3188 5817 Οὐκ
3207 5764 3315 5834 ἄρα
3338 5767 3538 5819 ἐκεῖνοι
3559 5762 3697 5840 ἦσαν

2114 5849 2164 5903 οἱ
2197 5849 2556 5912 συνιστῶντες
2581 5849 2671 5901 τὸν
2697 5847 2878 5918 λόγον,
2905 5847 3041 5904 ἀλλὰ
3068 5847 3162 5902 καὶ
3184 5847 3578 5924 λυμαινόμενοι
3599 5869 3614 5884 ·
3651 5853 3694 5906 οξ

2181 6065 2210 6106 ὶι
2231 6065 2312 6116 Sic
2331 6065 2453 6127 Reg.
2479 6063 2610 6115 Εᾱὶίὶ
2649 6076 2767 6116 vero
2789 6065 3132 6130 καλύπτεσθαι,
3168 6067 3316 6118 male.
