3864 6216
154 302 214 359 «χε
1197 285 1260 340 IN
1301 285 1517 341 EPIST.
1552 283 1567 337 I
1634 283 1723 338 AD
1763 281 1917 336 COR.
1964 281 2190 338 IIOMIL.
2234 285 2321 340 Ill.
3342 293 3417 351 26

168 411 406 472 mundum
446 403 722 479 condidit?
754 417 878 458 num
932 400 1127 457 Paulus
1154 415 1247 454 vos
1299 415 1366 455 ex
1394 396 1565 453 nihilo
1597 411 1720 466 pro-

160 505 336 564 duxit?
363 502 455 558 scd
487 517 607 569 qum
646 499 698 553 in
728 496 973 553 fidelibus
998 502 1150 550 erant
1177 494 1393 558 exunia,
1439 501 1492 547 et
1518 505 1723 560 magnae

156 595 511 671 providentiae,
539 608 601 647 ea
625 590 792 662 ponit,
818 603 1033 645 crucem
1065 597 1119 642 et
1141 587 1488 656 baptismum,
1508 594 1562 639 et
1578 582 1723 638 bona

156 689 271 747 inde
297 696 465 758 parta.
497 684 629 740 Nam
669 683 760 738 Dei
793 696 917 752 erga
946 679 1194 734 homines
1218 692 1457 732 antorem
1483 674 1723 731 ostendit

154 780 326 839 mundi
354 778 575 843 creatio,
605 775 840 831 maxime
877 789 1007 828 vero
1034 772 1124 827 illa
1157 784 1493 839 percrucem
1523 767 1723 823 demis-

155 877 248 932 sio.
272 875 336 941 Et
362 889 463 927 non
485 871 641 939 dixit,
663 868 797 924 Num
822 864 1020 923 Paulus
1042 875 1285 921 mortuus
1309 873 1389 920 est
1415 878 1515 935 pro
1531 860 1723 915 vobis?

154 966 262 1032 sed,
293 962 343 1021 N
349 980 432 1017 um
458 960 655 1016 Paulus
675 959 948 1027 cruciﬁxus
968 966 1040 1013 est
1061 958 1087 1013 ἲ
1112 955 1309 1013 mortis
1326 968 1539 1025 quoque
1556 967 1724 1024 genus

152 1059 418 1115 indicans?
443 1065 489 1109 et
517 1056 568 1108 in
593 1054 793 1108 nomine
808 1052 967 1106 Pauli
986 1050 1231 1122 baptizati
1250 1049 1410 1105 estis?
1430 1047 1539 1103 Nec
1560 1045 1715 1113 dixit,

151 1154 278 1211 Num
294 1151 488 1207 Paulus
511 1163 606 1204 vos
633 1146 956 1219 baptizavit?
974 1146 1174 1200 multos
1198 1143 1341 1199 enim
1366 1142 1455 1197 ille
1483 1140 1724 1211 baptiza-

154 1245 225 1301 vit
252 1262 265 1298 :
288 1258 471 1299 verum
495 1241 547 1296 id
566 1256 671 1295 non
699 1239 1057 1310 quaerebatur,
1085 1251 1115 1292 a
1137 1250 1243 1307 quo
1259 1249 1451 1304 nempe
1472 1232 1723 1304 baptizati

151 1339 387 1401 fuissent,
411 1335 504 1391 sed
537 1333 591 1388 in
635 1332 788 1403 cujus
831 1331 1049 1386 nomine
1075 1326 1332 1400 baptizati
1357 1334 1559 1382 essent.
1587 1324 1723 1393 Quia

151 1430 283 1486 enim
311 1427 412 1483 hoc
455 1424 804 1481 schismatunt
852 1437 1014 1478 causa
1052 1422 1247 1484 fuerat,
1278 1417 1421 1489 quod
1462 1433 1528 1473 ex
1549 1416 1723 1486 bapti-

150 1522 387 1579 zantibus
412 1533 608 1574 nomen
626 1518 956 1586 acciperent,
981 1513 1083 1569 hoc
1098 1513 1257 1567 etiam
1276 1510 1494 1581 corrigit
1515 1508 1722 1575 dicens,

149 1618 221 1671 An
248 1616 301 1668 in
350 1612 552 1666 nomine
597 1608 752 1663 Pauli
780 1607 1019 1679 baptizati
1075 1605 1193 1660 estis
1220 1604 1245 1657 .9
1274 1603 1340 1657 Et
1392 1617 1460 1657 ne
1488 1600 1721 1665 dixeris,

152 1708 335 1779 inquit,
365 1704 497 1773 Quis
542 1701 875 1773 baptizavit,
917 1698 1039 1766 sed,
1074 1697 1129 1752 In
1160 1697 1312 1767 cujus
1335 1696 1571 1750 nomine.
1604 1692 1723 1748 Non

154 1804 289 1859 enim
334 1798 594 1870 quaeritur
625 1797 746 1867 quis
773 1793 1026 1865 baptizet,
1057 1792 1151 1847 sed
1179 1792 1297 1862 quis
1319 1790 1371 1845 in
1405 1790 1725 1859 baptismate

148 1903 360 1949 vocetur
390 1909 405 1947 :
437 1891 523 1946 hic
551 1891 694 1945 enim
738 1896 954 1958 peccata
980 1884 1220 1942 dimittit.
1272 1882 1368 1940 ilic
1390 1883 1612 1955 gradum
1648 1882 1723 1938 si-

147 1989 251 2053 stit,
278 2000 381 2041 nec
407 2000 526 2056 qua:
553 1992 852 2055 sequuntur
879 1980 1242 2053 persequitur.
1264 1978 1380 2033 Non
1404 1977 1548 2034 enim
1567 1976 1718 2045 dicit,

148 2078 273 2134 Num
302 2076 501 2132 Paulus
519 2075 669 2130 vobis
694 2072 872 2128 futura
905 2072 1041 2127 bona
1060 2070 1354 2143 promisit?
1375 2085 1500 2124 num
1525 2069 1721 2125 Paulus

146 2172 293 2226 vobis
322 2169 571 2239 promisit
604 2182 826 2239 regnum
854 2167 1109 2221 czelorum
1131 2166 1155 2219 ?
1179 2166 1285 2220 Cur
1305 2180 1434 2236 ergo
1465 2164 1581 2220 haec
1609 2180 1719 2220 non

147 2261 360 2333 adjicit?
382 2260 517 2328 Quia
566 2274 674 2314 non
703 2274 800 2330 par
834 2273 929 2314 res
955 2266 1039 2313 est
1064 2271 1286 2328 regnum
1322 2256 1636 2329 promittere
1668 2266 1723 2313 et

146 2354 395 2425 crucifigi.
425 2352 560 2409 Illud
582 2353 726 2409 enim
747 2366 849 2408 nec
870 2350 1161 2423 periculum
1182 2350 1434 2418 habebat,
1467 2365 1565 2405 nec
1595 2349 1726 2405 affe-

146 2448 291 2505 rebat
313 2445 667 2519 ignominiam
693 2464 706 2500 :
737 2444 841 2501 hoc
875 2459 1005 2500 vero
1046 2442 1162 2499 haec
1214 2442 1416 2498 omnia.
1470 2440 1720 2512 Alioquin

144 2549 315 2595 autem
364 2537 437 2593 ab
466 2537 551 2593 his
582 2537 671 2591 illa
715 2535 928 2607 probat.
960 2535 1097 2590 Cum
1129 2534 1352 2589 dixisset
1399 2533 1543 2589 enim
1568 2574 1585 2598 ,
1621 2533 1724 2600 Qui

144 2632 344 2703 proprio
375 2628 519 2684 Filio
549 2644 644 2683 sue
678 2644 778 2681 non
817 2628 1057 2697 pepercit,
1086 2626 1291 2696 adjicit,
1327 2624 1592 2693 Quomodo
1620 2640 1721 2679 non

144 2723 288 2778 etiam
312 2736 436 2775 cum
462 2720 555 2775 illo
595 2720 767 2773 omnia
793 2718 936 2772 nobis
959 2716 1165 2772 donabit
1195 2718 1368 2786 (Rom.
1394 2718 1447 2773 8.
1481 2716 1617 2788 δεμ
1668 2726 1723 2772 et

144 2828 369 2875 rursum,
400 2811 465 2867 Si
492 2812 626 2865 enim
654 2810 848 2864 inimici
870 2826 984 2863 cum
1013 2824 1251 2873 essemus,
1281 2807 1593 2861 reconciliati
1629 2823 1719 2860 su-

143 2923 247 2960 atus
272 2905 379 2959 Deo
412 2922 503 2975 per
531 2914 740 2957 mortem
765 2900 890 2957 Filii
918 2903 1047 2972 ejus,
1086 2900 1243 2954 multo
1284 2901 1443 2970 magis
1488 2899 1719 2952 reconci-

146 2995 249 3050 liati
283 2996 595 3050 salvabimar
645 2993 781 3066 (Id.
829 2994 881 3048 5.
941 2992 1069 3063 10).
1121 2990 1246 3047 Ideo
1293 3006 1398 3045 non
1451 2990 1537 3044 illa
1592 2989 1721 3045 sub-

147 3087 335 3157 juuxit,
368 3095 430 3142 et
455 3086 595 3158 quod
623 3087 709 3141 illa
731 3084 945 3157 quidem
970 3084 1207 3139 nondum
1231 3083 1510 3148 haberent,
1531 3082 1719 3137 hormn

144 3190 311 3236 autem
350 3181 465 3251 jam
498 3180 882 3250 experientiam
923 3178 1291 3248 accepissent;
1349 3188 1403 3231 et
1446 3175 1584 3247 quod
1628 3175 1717 3231 illa

144 3273 351 3343 quidem
385 3272 441 3327 in
474 3271 922 3343 promissionibus
949 3313 964 3339 ,
994 3270 1110 3327 haec
1159 3285 1289 3326 vero
1313 3269 1423 3339 jam
1473 3270 1609 3323 facta
1634 3283 1721 3323 es-

145 3372 273 3419 seut.
304 3365 392 3420 14.
428 3363 639 3419 Gratias
664 3380 761 3436 ago
787 3363 893 3418 Deo
914 3379 1024 3419 meo
1047 3405 1061 3430 ,
1088 3364 1207 3435 quia
1233 3362 1480 3416 neminem
1506 3370 1722 3416 vestrum

146 3459 411 3527 baptizari,
454 3459 552 3511 nisi
571 3455 812 3526 Crispum
832 3466 880 3511 et
908 3455 1115 3511 Gaium.
1160 3455 1272 3510 Cur
1300 3455 1466 3509 altum
1493 3454 1683 3523 sapitis
1702 3495 1716 3517 ,

146 3549 277 3618 quod
309 3548 629 3618 baptizetis,
680 3549 894 3619 quando
922 3563 1023 3619 ego
1051 3547 1252 3619 gratias
1293 3562 1412 3616 ago,
1453 3544 1594 3617 quod
1622 3544 1725 3599 hoc

147 3657 245 3695 non
274 3640 538 3697 fecerim?
565 3641 695 3696 Cum
720 3640 834 3696 haec
848 3651 1023 3695 autem
1051 3639 1200 3703 dicit,
1224 3638 1435 3693 illorum
1458 3645 1722 3692 tumorem

144 3734 431 3803 prudenter
461 3734 635 3795 tollit:
666 3747 770 3788 non
793 3732 899 3786 vim
932 3731 1289 3802 baptismatis,
1317 3729 1477 3793 absit,
1508 3727 1603 3784 sed
1625 3743 1719 3782 ar-

144 3825 441 3895 rogantiam
474 3840 684 3886 eorum,
717 3823 807 3895 qui
835 3822 902 3878 de
928 3821 1054 3878 dato
1083 3821 1403 3892 baptismate
1428 3818 1726 3891 gloriaban-

152 3927 267 3983 tur;
295 3918 479 3987 primo
501 3916 795 3971 ostendens
817 3931 924 3970 non
948 3914 1186 3984 ipsorum
1220 3928 1341 3968 esse
1362 3912 1560 3967 donum
1587 3927 1602 3977 ;
1635 3926 1723 3967 se-

140 4011 313 4065 cundo
334 4009 544 4081 gratias
574 4023 738 4079 agens
767 4008 879 4062 Deo
908 4022 970 4062 ea
1001 4005 1070 4061 de
1098 4020 1279 4060 causa.
1310 4004 1443 4059 Nam
1474 4018 1723 4073 magnum

140 4101 353 4171 quidem
383 4111 473 4157 est
497 4100 781 4171 baptisma,
805 4099 899 4155 sed
929 4114 1035 4154 non
1058 4098 1206 4154 illum
1246 4114 1495 4169 maguum
1526 4098 1650 4152 facit
1682 4096 1726 4152 is
1776 4119 1780 4123 ’

146 4194 230 4262 qui
257 4195 520 4266 baptizat,
543 4194 639 4251 sed
664 4195 753 4265 qui
781 4194 836 4248 itt
864 4193 1184 4264 baptismate
1213 4192 1513 4247 invocatur.
1542 4192 1724 4263 Bapti-
1792 4192 1793 4195 “

146 4304 261 4344 lare
289 4289 439 4343 enim
472 4287 605 4343 nihil
637 4298 739 4354 est,
767 4286 909 4358 quod
939 4286 1005 4341 ad
1037 4285 1330 4339 humanum
1361 4284 1553 4340 attinet
1578 4284 1728 4339 labo-

146 4398 252 4436 rem
283 4399 297 4448 ;
325 4382 426 4439 sed
457 4383 625 4437 multo
649 4382 825 4437 minus
845 4389 950 4447 est,
977 4395 1137 4451 quam
1164 4380 1552 4450 evangelizare.
1595 4379 1725 4435 Nam

148 4491 331 4546 magna
354 4476 577 4547 quidem
612 4491 700 4532 res
731 4485 814 4531 est
840 4474 1124 4545 baptisma,
1167 4475 1355 4528 iterum
1383 4473 1522 4536 dico,
1546 4473 1730 4528 etsine
1762 4462 1765 4465 λ

148 4568 469 4639 baptismate
495 4583 603 4623 non
632 4582 916 4637 possumus
941 4583 1162 4638 regnum
1193 4566 1446 4636 consequi
1478 4583 1490 4618 :
1519 4566 1611 4621 sed
1635 4582 1730 4637 po-

150 4670 247 4715 test
271 4660 375 4715 hoc
397 4660 583 4715 facere
606 4658 688 4714 vir
709 4674 814 4713 non
842 4658 1128 4713 admodum
1148 4658 1463 4728 praeclarus;
1495 4672 1729 4728 cvange-

151 4751 310 4805 lizare
338 4760 525 4806 autem
557 4751 710 4805 mttlti
739 4749 941 4806 laboris
966 4759 1068 4804 est.

216 4844 267 4897 5.
293 4843 533 4898 Causam
565 4857 694 4897 vero
744 4840 874 4896 dicit
902 4855 998 4896 cur
1034 4840 1230 4912 gratias
1261 4849 1400 4911 agat,
1433 4840 1572 4910 quod
1619 4840 1729 4894 nul-

151 4932 253 4987 lum
276 4934 646 5004 baptizaverit.
670 4933 924 5001 Quaenam
952 4932 1039 4987 illa
1070 4932 1189 4988 est?
1213 4933 1299 4988 l5.
1329 4931 1413 4986 Ne
1439 4932 1548 5002 quis
1573 4931 1726 4997 dicat,

151 5025 335 5095 inquit,
357 5024 501 5096 quod
517 5025 570 5079 in
590 5025 792 5079 nomine
818 5040 927 5078 meo
954 5024 1195 5094 baptisati
1224 5025 1361 5078 estis.
1393 5023 1528 5092 Quid
1559 5026 1731 5078 vero?

156 5115 219 5171 de
240 5116 422 5171 illisue
460 5116 563 5171 hoc
591 5115 878 5171 dicebant?
905 5115 1123 5170 Minime
1157 5132 1171 5167 :
1197 5116 1292 5170 sed
1326 5116 1508 5182 timeo,
1537 5115 1730 5185 inquit,

154 5224 217 5264 ne
243 5225 310 5264 eo
339 5209 570 5265 morbus
597 5209 869 5265 deveniat.
902 5208 1033 5263 Nam
1064 5209 1107 5263 si
1147 5223 1266 5262 cum
1299 5209 1429 5262 viles
1454 5218 1507 5263 et
1534 5208 1743 5263 nullius

158 5301 304 5369 pretii
333 5301 587 5356 homines
612 5301 947 5371 baptizarent
966 5342 981 5367 ,
1008 5300 1234 5355 haeresis
1262 5308 1383 5355 nata
1409 5312 1526 5367 est;
1560 5303 1600 5356 si
1628 5317 1728 5372 ego

157 5392 240 5460 qui
270 5384 600 5461 baptismum
627 5392 943 5447 annuntiavi
970 5391 1170 5448 multos
1202 5391 1557 5461 baptizassem
1585 5435 1600 5461 ,
1631 5408 1732 5448 ve-

156 5483 373 5539 risimile
395 5493 517 5539 erat
536 5500 630 5540 eos
654 5486 744 5555 qui
769 5493 1154 5550 convenerant,
1185 5499 1297 5539 non
1330 5485 1490 5539 modo
1516 5487 1732 5541 nomine

158 5590 268 5629 meo
293 5576 574 5631 vocandus
598 5578 732 5643 fore,
762 5576 857 5632 sed
886 5576 1046 5631 etiam
1075 5575 1337 5646 baptisma
1361 5575 1490 5631 mihi
1531 5575 1732 5631 adscri-

160 5676 340 5735 pturos
383 5668 573 5725 fuisse.
617 5669 674 5725 Si
702 5669 845 5723 enim
875 5684 908 5725 a
951 5668 1187 5724 minimis
1213 5676 1416 5723 tantum
1438 5676 1613 5723 ortum
1644 5678 1725 5724 est

163 5762 373 5830 ntalem,
403 5762 545 5819 forte
571 5764 726 5834 longe
750 5763 963 5837 gravius
995 5779 1023 5819 a
1053 5763 1346 5836 majoribus
1372 5767 1729 5835 provenisset.

1835 393 1968 449 Cum
2016 397 2174 468 igitur
2210 415 2303 453 cos
2330 399 2417 470 qui
2451 401 2688 471 corrupti
2726 412 2881 459 erant
2928 406 3029 460 hoc
3056 410 3214 463 modo
3238 409 3399 465 iocre;

1830 496 2046 555 passet,
2069 505 2131 544 ae
2156 488 2398 558 dixisset,
2434 492 2518 548 l6.
2563 492 2831 564 Baptizavi
2856 503 3026 553 autem
3052 508 3098 553 et
3129 500 3414 571 Stephants

1829 577 2069 646 domum;
2115 581 2327 639 illorum
2370 582 2564 639 fastum
2615 602 2803 643 rursus
2852 588 3148 660 deprimit,
3201 593 3409 659 dicens,

1829 668 2074 725 Cwlerum
2101 672 2270 728 nescio
2312 690 2378 729 an
2405 676 2623 748 aliquem
2653 679 2813 733 alium
2844 680 3225 753 baptizaverim.
3275 685 3412 740 Hinc

1829 767 1970 821 enim
2000 767 2236 823 ostendit
2264 783 2371 824 non
2400 786 2546 826 cura:
2573 772 2646 828 illi
2679 772 2843 830 fuisse
2866 775 2966 831 hoc
2994 775 3099 830 frui
3123 776 3261 847 apud
3292 778 3414 832 vul-

1827 873 1925 930 gus
1956 857 2194 927 honore,
2248 876 2350 915 nec
2379 862 2569 932 glorias
2599 879 2758 920 causa
2808 865 2875 922 ad
2904 866 3006 923 hoc
3034 868 3268 925 venisse.
3295 868 3413 926 Non

1829 949 1915 1006 his
1946 960 2150 1007 tantum
2173 995 2188 1021 ,
2222 954 2317 1010 sed
2346 956 2578 1012 etiamin
2609 961 3188 1030 sequentibusillorum
3220 963 3414 1019 fastum

1828 1042 2125 1116 deprimit,
2173 1047 2393 1105 dicens:
2428 1052 2513 1106 l7.
2549 1050 2671 1107 Non
2722 1055 2855 1107 enim
2902 1054 3038 1110 misit
3082 1072 3161 1110 me
3183 1055 3415 1112 Christus

1830 1137 2110 1208 baptizare,
2144 1139 2236 1195 sed
2280 1143 2653 1215 euangelizare.
2682 1144 2817 1201 Nam
2862 1146 2965 1203 hoc
2994 1157 3049 1203 et
3092 1148 3416 1205 laboriosius

1829 1237 1945 1284 erat
1963 1270 1981 1298 ,
2008 1231 2204 1287 sudore
2230 1233 2399 1289 multo
2425 1250 2561 1305 opus
2603 1236 2832 1293 habebat
2880 1237 3164 1311 ferreoque
3191 1241 3374 1294 animo
3398 1283 3413 1304 ,

1829 1321 2116 1393 omniaque
2164 1325 2514 1381 continebat:
2561 1327 2786 1398 ideoque
2857 1329 3021 1385 Paulo
3066 1331 3411 1386 commissum

1830 1408 1948 1465 fuit.
1978 1411 2046 1467 Et
2075 1429 2171 1469 cur
2199 1415 2264 1471 ad
2296 1415 2669 1487 baptizandum
2699 1434 2804 1474 non
2834 1420 3050 1488 missus,
3075 1423 3416 1492 baptizabat?

1829 1503 1945 1560 Non
1986 1522 2227 1577 pugnans
2253 1508 2518 1566 adversus
2563 1528 2682 1566 cum
2714 1514 2805 1584 qui
2836 1529 2895 1569 se
2926 1516 3180 1580 miserat,
3225 1516 3318 1571 sed
3349 1532 3416 1572 ex

1829 1598 2121 1655 abundanti
2151 1600 2255 1657 hoc
2282 1602 2531 1660 faciebat.
2564 1605 2679 1660 Non
2715 1607 2857 1661 enim
2902 1608 3054 1675 dixit,
3088 1609 3413 1680 prohibitum

1831 1692 1963 1747 mihi
1997 1693 2118 1759 fuit,
2149 1694 2267 1759 sed,
2300 1695 2416 1751 Non
2450 1714 2566 1752 sum
2593 1698 2790 1755 missus
2816 1700 2881 1755 ad
2914 1701 3037 1766 hoc,
3066 1702 3162 1757 sed
3200 1702 3265 1757 ad
3299 1719 3415 1758 rem

1830 1784 2069 1840 maxime
2100 1788 2483 1841 necessariam.
2540 1789 2672 1844 Nam
2722 1792 3095 1862 evangelizare
3124 1793 3282 1849 unius
3324 1804 3417 1849 aut

1829 1876 2057 1933 duorum
2094 1888 2242 1946 erat;
2274 1879 2548 1951 baptizare
2596 1892 2776 1939 autem
2834 1885 3121 1956 cujuslibet
3148 1897 3231 1942 est
3260 1930 3275 1952 ,
3317 1888 3411 1957 qui

1832 1968 2089 2039 praaditus
2129 1970 2201 2026 sit
2227 1972 2552 2029 sacerdotio.
2583 1973 2865 2045 llominem
2896 1992 3127 2049 namque
3156 1979 3416 2033 catechu-

1833 2076 2048 2118 menum
2081 2072 2135 2118 et
2174 2078 2489 2134 persuasum
2539 2064 2813 2138 baptizare
2852 2068 3140 2139 cujuslibet
3160 2078 3285 2126 est:
3320 2085 3413 2126 vo-

1829 2153 2006 2210 luntas
2040 2154 2185 2211 enim
2238 2156 2546 2215 accedentis
2567 2159 2823 2232 deinceps
2865 2171 3033 2217 totum
3059 2162 3259 2230 efficit,
3287 2179 3410 2220 cum

1830 2245 1926 2303 Dei
1959 2249 2148 2318 gratia.
2176 2249 2307 2304 Cum
2330 2259 2509 2305 autem
2530 2251 2774 2308 inﬁdeles
2812 2262 2938 2309 sunt
2966 2254 3033 2309 ad
3059 2254 3215 2311 ﬁdem
3259 2256 3417 2312 insti-

1829 2339 2034 2405 tuendi,
2059 2340 2230 2396 multo
2251 2356 2385 2411 opus
2414 2351 2498 2398 est
2516 2342 2720 2409 labore,
2750 2345 2914 2400 multa
2946 2346 3211 2419 sapientia
3249 2366 3262 2404 :
3293 2359 3420 2405 tunc

1829 2442 2007 2487 autem
2031 2433 2194 2488 etiam
2217 2434 2555 2491 subeundum
2582 2444 2698 2493 erat
2720 2437 3039 2507 periculum.
3066 2439 3122 2494 In
3145 2440 3443 2511 baptizan-

1829 2522 1899 2579 do
1926 2524 2069 2579 enim
2093 2534 2260 2581 totum
2292 2524 2487 2581 factum
2519 2535 2622 2595 est,
2652 2537 2708 2584 et
2740 2544 3027 2599 persuasus
3064 2533 3213 2587 estis
3239 2532 3327 2604 qui
3364 2532 3417 2588 in

1834 2618 2146 2689 mysterium
2198 2616 2280 2675 est
2334 2620 2733 2690 admittendus;
2778 2622 3016 2694 nihilque
3046 2640 3293 2696 magnum
3332 2637 3420 2682 est

1831 2727 2143 2783 persuasum
2177 2712 2485 2783 baptizare:
2518 2714 2605 2770 hic
2656 2729 2784 2770 vero
2815 2716 3011 2771 multus
3036 2716 3205 2785 labor,
3237 2729 3295 2774 ut
3318 2733 3418 2773 vo-

1831 2804 2007 2861 luntas
2044 2817 2092 2862 et
2126 2807 2458 2877 propositum
2495 2818 2761 2877 mutetur,
2795 2826 2946 2866 error
2974 2814 3331 2882 convellatur,
3363 2826 3432 2872 et.

1827 2898 2031 2954 veritas
2061 2899 2350 2956 inseratur.
2398 2900 2598 2957 Verum
2631 2902 2747 2958 haec
2774 2903 2863 2958 ille
2894 2920 3006 2959 non
3034 2905 3103 2960 ita
3133 2906 3284 2971 dicit,
3321 2923 3417 2964 ne-

1834 3005 1937 3060 que
1963 2991 2276 3061 probatione
2299 2992 2480 3059 utitur,
2513 3008 2614 3048 nec
2634 2992 2780 3059 dicit,
2812 2995 3013 3050 nullum
3031 3011 3151 3053 esse
3176 2997 3414 3054 laborem

1830 3081 2121 3153 baptizare,
2154 3082 2248 3138 sed
2275 3084 2647 3154 evangelizare
2676 3100 2833 3141 secus
2863 3104 2876 3141 :
2912 3088 3013 3142 scit
3038 3090 3181 3144 enim
3203 3104 3419 3160 semper

1829 3174 2045 3229 modum
2074 3174 2516 3238 tenere:sed.in
2568 3178 2970 3246 comparatione
3021 3194 3142 3235 cum
3193 3189 3416 3236 externa

1828 3267 2090 3338 sapientia
2125 3266 2278 3323 valde
2316 3266 2613 3333 contendit,
2656 3269 2746 3324 ubi
2772 3269 3177 3328 vehementiore
3202 3273 3281 3327 uti
3320 3289 3417 3345 po-

1830 3363 1930 3417 tuit
1959 3363 2225 3417 oratione.
2253 3361 2369 3416 Non
2417 3375 2548 3433 ergo
2573 3372 2757 3417 contra
2791 3363 3000 3433 jussum
3028 3366 3291 3422 mittentis
3316 3367 3415 3422 ba-

1829 3453 2066 3524 ptizabat
2094 3469 2108 3517 ;
2138 3452 2233 3508 sed
2261 3454 2400 3509 sicut
2425 3468 2546 3507 cum
2576 3453 2644 3509 de
2669 3453 2845 3508 viduis
2870 3454 3134 3512 dixissent
3162 3460 3413 3527 apostoli,

1830 3545 1952 3601 Non
1973 3546 2176 3617 expedit
2225 3546 2367 3601 nobis
2393 3546 2570 3601 relicto
2608 3547 2757 3601 verba
2786 3546 2885 3602 Dei
2911 3549 3199 3604 ministrare
3221 3555 3413 3607 mensis

1829 3640 1967 3711 (Act.
1992 3640 2047 3696 6.
2074 3639 2158 3712 2),
2190 3639 2281 3696 ille
2322 3639 2649 3696 ministravit
2692 3655 2798 3696 non
2830 3641 2936 3696 illis
2965 3658 3288 3714 repugnans,
3317 3645 3422 3701 sed

1828 3749 1892 3789 ex
1946 3732 2270 3789 abundantia
2320 3732 2547 3789 fervoris
2576 3732 2631 3788 id
2682 3732 2809 3790 fecit
2830 3751 2845 3788 :
2869 3735 2936 3789 ita
2964 3745 3016 3791 et
3048 3735 3135 3793 hic
3161 3753 3402 3810 quoque.

1832 3825 1984 3882 Nunc
2005 3826 2148 3881 enim
2180 3825 2602 3897 simplicioribus
2630 3826 2960 3898 presbyteris
2988 3826 3090 3884 hoc
3120 3830 3414 3886 committi-

1830 3936 1971 3989 mus,
2004 3929 2058 3977 et
2083 3920 2344 3976 doctrina:
2376 3922 2600 3977 verbum
2627 3922 3047 3993 sapientioribus
3078 3940 3091 3978 :
3124 3924 3237 3979 illic
3264 3924 3408 3979 enim

1830 4012 1981 4068 labor
2019 4021 2074 4067 et
2106 4010 2270 4067 sudor
2296 4020 2397 4067 est.
2429 4011 2767 4084 QuaprOpter
2791 4014 2979 4084 etipse
3014 4015 3089 4069 ait
3121 4032 3134 4070 :
3160 4014 3257 4082 Qui
3287 4024 3419 4070 recte

1832 4114 2058 4175 praesunt
2096 4105 2397 4177 presbyteri,
2424 4104 2619 4176 duplici
2645 4106 2834 4161 honore
2862 4108 3168 4178 dignentur;
3196 4108 3416 4162 maxime

1832 4206 2000 4251 autem
2030 4198 2115 4267 qui
2145 4196 2376 4257 laborant
2406 4198 2460 4250 in
2507 4197 2653 4252 verba
2682 4208 2729 4253 et
2776 4199 3041 4273 doctrina(
3072 4201 3122 4257 Ι.
3173 4199 3306 4255 Tim.
3355 4202 3410 4255 5.

1833 4289 1944 4359 l7).
1976 4287 2438 4356 Quemadmodum
2494 4290 2635 4344 enim
2668 4290 2864 4347 docere
2891 4307 2985 4348 eos
3010 4334 3026 4358 ,
3078 4292 3170 4362 qui
3214 4291 3415 4348 ludicra

1832 4383 2129 4437 certamina
2161 4381 2382 4446 adeunt,
2403 4383 2501 4436 viri
2531 4384 2738 4439 strenui
2763 4394 2845 4441 est
2865 4397 2920 4441 et
2948 4386 3206 4456 sapientis
3232 4386 3414 4457 paedo-

1837 4473 1986 4527 tribae
2010 4489 2024 4539 ;
2057 4487 2311 4527 coronam
2339 4481 2517 4529 autem
2548 4475 2739 4530 victori
2768 4476 3076 4548 imponere,
3105 4478 3222 4549 ejus
3247 4479 3417 4534 etiam

1836 4576 1918 4621 est
1940 4566 2029 4637 qui
2061 4576 2268 4622 certare
2321 4568 2539 4637 nequit,
2574 4567 2677 4623 etsi
2709 4583 2907 4624 corona
2936 4570 3194 4627 victorem
3232 4570 3414 4626 reddit

1836 4658 2257 4732 splendidiorem
2285 4678 2299 4714 :
2333 4660 2411 4714 sic
2453 4659 2523 4716 de
2574 4659 2840 4731 baptismo
2871 4660 3158 4719 dicendum
3186 4682 3200 4718 :
3233 4663 3429 4721 nullus.

1836 4752 1980 4806 enim
2010 4758 2188 4821 potest
2217 4750 2335 4807 sine
2359 4751 2452 4809 illo
2494 4752 2721 4807 salutem
2748 4754 3003 4825 consequi
3028 4771 3045 4823 ;
3076 4753 3211 4811 nihil
3237 4764 3429 4812 tamen.

1838 4857 2088 4915 magnum
2115 4843 2241 4899 facit
2261 4843 2306 4899 is
2335 4843 2426 4914 qui
2454 4845 2710 4914 baptizat,
2744 4860 2866 4901 cum
2899 4847 3187 4905 voluntatis
3209 4864 3408 4920 propo-

1839 4934 1997 4990 situm
2030 4943 2269 5005 paratum
2301 4935 2524 4990 invenit.
2551 4934 2671 4990 Non
2700 4937 2751 4991 in
2774 4937 3021 5009 sapieutia
3041 4939 3195 5008 verbi,
3228 4951 3283 4995 ut
3316 4959 3419 4996 non

1840 5037 2107 5083 evacuatur
2134 5042 2261 5082 crux
2288 5026 2495 5082 Christi.
2527 5028 2659 5083 Cum
2690 5028 3056 5101 depressisset
3087 5033 3297 5089 illorum
3329 5044 3416 5090 tu-

1842 5119 2170 5190 morem,qui
2197 5118 2337 5189 quod
2362 5120 2697 5190 baptizarent
2721 5124 2885 5178 altum
2904 5125 3212 5194 sapiebant;
3237 5135 3384 5182 trans
3401 5158 3419 5167 -

1843 5211 1882 5265 it
1924 5219 2107 5281 postea
2148 5210 2214 5265 ad
2241 5211 2391 5277 illos,
2443 5214 2533 5282 qui
2563 5213 2629 5269 de
2672 5223 2889 5271 externa
2934 5217 3193 5287 sapientia
3222 5220 3423 5290 gloria-

1844 5303 2057 5369 bantur,
2088 5314 2142 5359 et
2168 5304 2429 5360 adversus
2454 5306 2574 5361 illos
2606 5306 2980 5365 vehementius
3012 5321 3271 5367 armatur.
3306 5314 3420 5369 Ad-
3480 5304 3483 5305 ν

1845 5411 2032 5452 versus
2058 5396 2179 5452 illos
2208 5398 2375 5462 enim,
2409 5399 2502 5469 qui
2530 5399 2672 5470 quod
2716 5401 3052 5471 baptizarent
3080 5404 3422 5475 inflabantur.

1847 5489 2079 5557 dicebat,
2110 5489 2314 5545 Gratias
2343 5507 2458 5563 ago,
2504 5492 2652 5564 quod
2682 5496 2881 5548 nullum
2925 5496 3315 5566 baptizaverim,
3370 5508 3425 5555 et

1847 5581 1985 5652 quod
2011 5580 2251 5639 Christus
2276 5598 2363 5639 me
2386 5583 2451 5639 ad
2498 5583 2869 5656 baptizandum
2913 5605 3015 5644 non
3055 5590 3289 5656 miserit;
3321 5608 3420 5649 nec

1847 5672 2255 5730 vehementibus
2284 5690 2410 5731 usus
2439 5686 2521 5731 est
2548 5680 2899 5748 argumentis,
2932 5680 3033 5737 sed
3061 5698 3179 5753 quae
3213 5680 3427 5739 volebat

1854 5769 2032 5837 paucis
2060 5769 2420 5838 subindicaus,
2452 5773 2814 5842 praetercurrit
2843 5792 2853 5827 :
2886 5774 2971 5830 hic
3010 5784 3186 5831 autem
3216 5792 3239 5830 a
3273 5776 3421 5847 prius
