3864 6216
437 382 503 437 εῃ
1199 367 1258 423 S.
1297 363 1572 423 JOANNlS
1609 354 2075 419 CllRYSOSTOMI
2116 353 2434 410 ARCIIIEP.
2474 350 3006 410 CONSTANTINOP.
3661 345 3727 401 ‘23

443 499 587 567 cipio
608 507 833 566 gravem
865 487 1057 560 inﬂigit
1087 486 1294 558 plagam
1321 482 1529 547 dicens,
1554 488 1608 533 ut
1634 493 1735 532 non
1760 481 2025 532 evacuatur

441 607 571 644 crux
595 585 804 644 Christi.
830 582 938 640 Cur
963 594 1092 651 ergo
1116 579 1281 633 altum
1309 575 1457 646 sapis
1481 572 1549 629 de
1579 572 1667 640 iis,
1695 570 1766 625 ob
1792 582 1911 639 quae
1932 580 2032 638 pu-

443 682 576 736 dore
605 676 839 735 suﬁ‘undi
868 671 1187 745 oporteret?
1211 669 1266 725 Si
1301 668 1443 725 enim
1475 667 1591 721 tunc
1616 661 1880 733 sapientia
1907 673 2030 715 cum

443 790 605 830 cruce
639 780 835 843 pugnat
896 778 951 824 et
982 780 1104 822 cum
1135 761 1443 833 Evangeliis
1462 766 1762 822 concertat,
1786 769 1891 811 non
1917 752 2032 823 glo-

449 866 574 923 riari
614 865 682 919 de
714 863 822 929 illa,
872 859 969 917 sed
998 857 1203 929 pudore
1246 852 1392 909 afﬁci
1433 858 1667 923 oportet.
1720 848 1847 904 Hauc
1889 844 2034 901 enim

450 974 608 1017 causa
638 956 753 1019 fuit,
786 969 885 1010 cur
907 950 1132 1021 apostoli
1161 963 1267 1002 non
1295 945 1565 1015 sapientes
1592 941 1705 997 sive
1734 934 2037 1008 philosophi

454 1052 670 1115 fuerint,
703 1063 808 1104 non
850 1062 914 1103 ex
946 1042 1287 1100 charismatis
1316 1036 1705 1099 imbecillitate,
1736 1032 1830 1089 sed
1865 1039 1924 1086 ut
1970 1044 2038 1085 ne

454 1140 761 1215 praedicatio
816 1138 1122 1194 laederetur.
1153 1133 1269 1189 Non
1302 1145 1432 1202 ergo
1482 1128 1555 1184 illi
1580 1125 1809 1183 verbum
1850 1121 2041 1179 contir-

456 1237 694 1301 ntabant,
727 1232 820 1288 sed
850 1227 1239 1285 labefactabant
1263 1242 1277 1291 ;
1305 1234 1360 1278 at
1385 1222 1564 1278 idiotze
1595 1233 1720 1274 vere
1748 1215 2039 1272 conﬁrma-

456 1334 605 1386 bant.
634 1327 748 1383 Hoc
777 1323 1015 1380 retundit
1047 1322 1262 1386 fastum,
1292 1318 1394 1373 hoc
1416 1327 1679 1371 tumorem
1709 1309 2037 1382 comprimit,

458 1424 561 1478 hoc
596 1419 840 1475 modeste
870 1432 1028 1489 agere
1057 1412 1270 1469 suadet.
1321 1411 1392 1465 At
1444 1408 1489 1463 si
1538 1422 1643 1462 non
1678 1406 1729 1459 in
1775 1402 2040 1474 sapientia

457 1514 630 1580 vorbi,
656 1512 887 1584 inquies,
921 1524 1018 1564 cur
1046 1505 1242 1575 Apollo
1271 1503 1442 1557 virum
1489 1500 1705 1555 doctum
1734 1493 2043 1553 miserunt?

458 1606 577 1663 Non
604 1604 654 1659 vi
682 1601 938 1658 orationis
964 1596 1314 1662 confidentes,
1347 1593 1443 1649 sed
1465 1591 1587 1663 quia
1615 1601 1805 1662 potens
1835 1596 1951 1643 erat
1989 1586 2042 1641 in

459 1698 772 1770 Scripturis,
804 1704 860 1750 ct
883 1691 1189 1750 confutabat
1222 1687 1461 1746 Judaaos.
1490 1685 1740 1756 Alioquin
1788 1693 1963 1737 autem
1992 1679 2045 1735 id

461 1792 601 1863 quod
650 1788 990 1861 quaerebatur
1019 1793 1135 1840 erat
1162 1824 1178 1851 ,
1219 1792 1276 1837 ut
1320 1780 1410 1851 qui
1462 1780 1661 1849 primas
1715 1774 1965 1830 tenebant
1993 1780 2048 1827 et

460 1884 683 1941 verbum
714 1895 896 1938 serere
924 1886 1224 1947 cmperunt,
1255 1890 1360 1929 non
1387 1879 1569 1927 essent
1588 1868 1752 1924 docti.
1774 1866 1837 1921 lli
1859 1878 2048 1934 magna

466 1977 663 2030 virtute
692 1987 829 2045 opus
857 1969 1146 2033 habebant,
1168 1973 1278 2020 uta
1311 1962 1571 2036 principio
1594 1973 1833 2015 errorem
1864 1953 2051 2025 depel-

468 2070 662 2133 lerent,
695 2076 749 2121 et
790 2074 915 2120 tunc
965 2062 1021 2117 in
1048 2061 1168 2132 ipso
1217 2060 1462 2129 ingressu
1504 2067 1697 2125 magna
1739 2047 2052 2106 fortitudine

467 2176 601 2230 opus
630 2169 765 2215 erat.

544 2256 595 2312 4.
642 2252 740 2321 Qui
786 2266 914 2322 ergo
956 2248 1178 2306 eruditis
1212 2246 1280 2302 ab
1310 2245 1461 2301 initio
1488 2258 1623 2313 Opus
1648 2257 1755 2298 non
1789 2239 1973 2294 habuit
1997 2243 2057 2291 ut

472 2362 709 2410 errorem
740 2344 1070 2414 depelleret,
1102 2342 1146 2397 si
1186 2349 1368 2412 postea
1398 2335 1637 2395 eruditos
1662 2333 1915 2399 admisit,
1947 2345 2054 2387 non

473 2439 623 2509 quasi
673 2438 778 2495 illis
816 2435 1061 2506 indigens
1101 2436 1201 2489 hoc
1238 2433 1381 2497 fecit,
1410 2428 1506 2486 sed
1534 2426 1684 2498 quasi
1714 2440 1821 2481 non
1849 2423 2058 2479 discer-

477 2546 632 2590 nens.
678 2530 828 2587 Sieut
853 2528 997 2587 enim
1026 2524 1356 2597 sapientibus
1398 2518 1703 2592 hujusmodi
1735 2532 1841 2573 non
1868 2514 2060 2587 egebat

477 2628 542 2679 ad
576 2624 628 2679 id
653 2622 797 2694 quod
825 2620 1035 2677 volebat
1076 2616 1459 2690 perﬁciendum
1489 2632 1505 2669 :
1547 2613 1620 2667 ita
1648 2612 1692 2666 si
1725 2618 1909 2681 postea
1939 2608 2060 2664 illos

480 2718 761 2781 inveniret,
780 2730 884 2770 non
912 2712 1208 2784 rejiciebat.
1236 2710 1319 2767 Tu
1342 2723 1475 2765 vero
1500 2706 1629 2762 mihi
1654 2703 1787 2761 illud
1811 2702 2059 2769 ostende,

478 2827 545 2865 an
575 2810 764 2866 Petrus
792 2817 847 2863 et
869 2806 1062 2863 Paulus
1090 2802 1284 2859 eruditi
1314 2808 1516 2857 essent.
1539 2798 1644 2855 Sed
1674 2812 1780 2852 non
1812 2794 2013 2866 poteris
2045 2810 2059 2847 :

480 2913 635 2963 erant
662 2903 804 2958 enim
836 2901 1012 2956 idiota:
1038 2908 1093 2955 et
1122 2895 1378 2953 illiterati.
1420 2888 1879 2961 Quemadmodum
1905 2887 2066 2957 igitur

481 2997 729 3055 Christus
757 2992 970 3065 quando
998 2989 1290 3061 discipulos
1316 2986 1461 3042 misit
1487 2985 1538 3040 in
1569 2983 1787 3046 orbem,
1816 2994 1936 3035 cum
1963 2992 2063 3049 po—

481 3091 703 3147 tentiam
735 3104 885 3144 suam
918 3087 1146 3158 primum
1178 3084 1229 3139 in
1262 3079 1540 3141 Palaestina
1568 3076 1893 3133 ostendisset
1922 3072 2064 3136 illis,

483 3192 539 3237 et
576 3181 801 3235 dixisset
833 3198 845 3233 2
879 3177 1096 3245 Quando
1136 3175 1250 3230 misi
1286 3190 1371 3228 vos
1403 3172 1512 3226 sine
1540 3184 1776 3224 crumena
1801 3175 1847 3222 et
1874 3180 1995 3236 pera
2021 3170 2070 3217 et

485 3275 687 3339 calceis,
720 3272 964 3343 numquid
998 3269 1134 3325 vobis
1175 3266 1370 3338 aliquid
1416 3264 1576 3334 defuit
1605 3261 1774 3334 (Luc.
1801 3259 1891 3314 22.
1922 3258 2072 3328 35)?

489 3378 615 3423 tunc
647 3363 886 3434 permisit
912 3372 967 3417 ut
993 3361 1245 3430 deinceps
1272 3367 1329 3414 et
1358 3371 1538 3428 peram
1566 3363 1621 3410 et
1646 3368 1955 3409 crumenam
1979 3351 2075 3409 ha-

493 3458 685 3512 berent
715 3469 728 3507 :
763 3462 832 3510 ita
864 3452 949 3507 hic
978 3465 1191 3522 quoque
1218 3447 1366 3505 fecit.
1406 3446 1539 3502 Nam
1567 3443 1620 3500 id
1640 3486 1657 3513 ,
1688 3442 1832 3514 quod
1860 3458 2070 3514 quaere-

498 3549 674 3613 batur,
704 3554 820 3601 erat
857 3553 915 3599 nt
955 3542 1146 3599 Christi
1180 3539 1413 3611 potentia
1442 3535 1852 3593 ostenderetur:
1884 3549 1990 3587 non
2020 3541 2077 3587 ut

500 3648 717 3714 propter
746 3645 1019 3696 externam
1044 3632 1357 3705 sapientiam
1384 3646 1415 3686 a
1446 3629 1550 3684 fide
1579 3628 1900 3699 ejicerentur
1924 3626 1959 3680 ii
1986 3624 2076 3696 qui

493 3729 828 3787 accederent.
876 3726 1006 3781 Cum
1051 3738 1179 3796 ergo
1220 3721 1391 3782 Graeci
1433 3719 1724 3789 discipulos
1752 3715 2079 3773 accusabunt

496 3835 554 3881 ut
584 3825 793 3889 idiotas,
825 3836 943 3887 nos,
976 3819 1095 3890 plus
1122 3832 1279 3889 quam
1307 3816 1405 3883 illi,
1436 3826 1749 3870 accusemus
1776 3811 1939 3881 ipsos.
1969 3809 2078 3864 Nec

497 3915 616 3986 quis
647 3914 787 3969 dicat
814 3912 1035 3967 Paulum
1067 3909 1382 3980 sapientem,
1411 3904 1465 3963 id
1494 3914 1597 3972 est,
1628 3902 1844 3960 doctum
1876 3900 2076 3964 fuisse;

498 4005 593 4061 sed
625 4020 737 4069 eos,
770 4004 858 4075 qui
887 4001 1026 4072 apud
1053 4000 1173 4057 illos
1198 3999 1269 4057 ob
1294 3995 1607 4068 sapientiam
1635 4002 1691 4050 et
1717 3993 2078 4065 eloquentiam

501 4096 743 4157 celebres
769 4105 913 4161 sunt,
942 4092 1264 4148 extollentes
1284 4131 1300 4157 ,
1331 4089 1453 4143 illos
1478 4100 1668 4143 omnes
1692 4086 1783 4157 qui
1810 4083 1949 4154 apud
1981 4098 2081 4138 nos

505 4190 675 4251 fuere,
706 4186 869 4241 rudes
896 4184 1059 4239 fuisse
1083 4182 1341 4236 dicamus.
1372 4178 1487 4234 Non
1514 4192 1702 4249 parum
1732 4177 1872 4231 enim
1901 4174 1953 4229 in
1986 4174 2085 4228 hac

505 4294 717 4351 qttoque
763 4285 913 4347 parte
950 4275 1069 4330 illos
1094 4272 1407 4345 dejiciemus
1437 4287 1449 4323 :
1484 4270 1561 4324 sic
1588 4268 1785 4343 quippe
1810 4264 2086 4339 splendida

506 4375 612 4431 crit
638 4372 880 4431 victoria.

582 4464 870 4534 Disputatio
897 4460 1033 4517 circa
1054 4457 1277 4513 Paulum
1297 4464 1340 4511 et
1369 4453 1657 4513 Platonem.
1676 4482 1744 4492 -—
1769 4451 1892 4507 llaec
1911 4458 2090 4509 autem

508 4557 638 4619 dixi,
680 4556 801 4627 quia
848 4552 1211 4612 Christianum
1256 4548 1558 4621 quempiam
1599 4545 1885 4616 aliquando
1914 4543 2092 4599 audivi

510 4659 697 4705 contra
726 4648 969 4703 Graecum
998 4644 1223 4701 ridicule
1247 4643 1604 4712 disputantem
1637 4659 1650 4694 :
1680 4637 1839 4693 ambo
1865 4650 2097 4709 namque

517 4744 570 4796 iu
609 4741 967 4811 disputatione
998 4752 1109 4793 rem
1140 4751 1293 4793 suam
1325 4732 1671 4789 confutabant
1698 4739 1754 4789 et
1782 4729 2096 4800 pessumda-

517 4837 663 4891 bant.
706 4832 841 4887 Nam
872 4846 991 4901 qua:
1017 4828 1379 4884 Christianum
1410 4824 1590 4880 dicere
1617 4822 1978 4893 oportuisset,
2010 4821 2097 4876 illa

516 4926 728 4982 dicebat
747 4925 999 4987 Gra2cus;
1034 4931 1228 4990 etquae
1248 4918 1491 4975 Grmcum
1514 4915 1695 4971 dicere
1717 4930 1811 4985 par
1830 4922 1964 4981 erat,
1987 4913 2101 4969 haec

518 5016 854 5075 Christianus
882 5010 1203 5084 opponebat.
1232 5009 1362 5064 Nam
1386 5024 1507 5063 cum
1529 5007 1595 5063 de
1619 5006 1786 5064 Paulo
1813 5017 1867 5061 et
1892 5006 1958 5062 de
1985 5006 2103 5067 Pla-

522 5123 647 5167 tone
673 5108 898 5183 qurestio
928 5089 1103 5170 esset,
1134 5101 1351 5159 Graecus
1377 5101 1466 5156 ille
1495 5100 1781 5157 ostendere
1808 5099 2103 5156 conabatur

527 5205 747 5261 Paulum
778 5201 1051 5257 indoctum
1080 5207 1134 5254 et
1161 5196 1348 5257 rudem
1377 5196 1538 5252 fuisse
1565 5213 1577 5250 :
1618 5194 1952 5251 Christianus
1976 5209 2105 5251 vero

525 5314 597 5361 ex
623 5296 962 5367 simplicitate
993 5292 1218 5364 probare
1242 5288 1618 5353 contendebat,
1652 5288 1873 5347 Platone
1898 5288 2106 5347 doctio-

528 5408 643 5448 rem
665 5399 724 5447 et
746 5389 1079 5445 disertiorem
1111 5383 1277 5441 fuisse
1305 5383 1547 5441 Paulum.
1594 5381 1666 5437 Ita
1703 5396 1864 5453 porro
1890 5381 2109 5438 Grmcus

528 5485 700 5539 victor
728 5482 931 5544 fuisset,
962 5480 1006 5533 si
1039 5478 1153 5532 haec
1177 5476 1392 5531 vicisset
1414 5472 1722 5545 propositio.
1755 5472 1884 5527 Nam
1910 5472 1956 5527 si
1989 5471 2112 5531 Pla-

529 5588 654 5633 tone
679 5574 887 5631 doctior
913 5583 967 5628 et
992 5572 1325 5642 eloquentior
1349 5569 1444 5623 fuit
1473 5568 1667 5623 Paulus
1690 5609 1706 5635 ,
1736 5566 1909 5634 multi,
1935 5573 1994 5620 ut
2017 5579 2111 5620 ve-

529 5668 754 5725 risimile
779 5674 882 5734 est,
907 5671 1198 5735 opponent,
1227 5661 1376 5716 illum
1402 5674 1505 5715 non
1531 5659 1723 5730 gratia,
1742 5657 1837 5714 sed
1856 5656 2115 5728 eloquen-r

532 5765 605 5818 tia
650 5774 947 5831 superasse.
992 5757 1174 5829 Itaque
1215 5756 1292 5810 sic
1339 5755 1559 5824 loquens
1605 5752 1968 5819 Christianus,
2015 5765 2115 5823 pro

537 5852 726 5913 Graeco
768 5853 938 5909 stabat
984 5870 998 5907 ;
1045 5848 1185 5922 quod
1233 5858 1409 5904 autem
1454 5846 1671 5903 Grmcus
1722 5844 1968 5914 dicebat,
2017 5860 2116 5917 pro

2140 467 2441 527 Christiano
2469 468 2713 526 faciebat.
2758 468 2890 523 Nam
2917 468 2960 523 si
2981 508 2995 532 ,
3028 475 3086 523 ut
3109 465 3349 523 dicebam
3372 506 3389 534 ,
3424 464 3731 521 ineruditus

2137 570 2254 618 erat
2305 561 2540 627 Paulus,
2572 570 2627 615 et
2677 570 2854 615 tamen
2904 560 3183 615 Platonem
3232 558 3393 623 vicit,
3442 554 3729 628 splendida

2139 653 2237 710 fuit
2262 653 2484 710 victoria
2515 671 2529 708 :
2561 653 2807 709 indoctus
2832 653 3028 724 quippe
3055 652 3145 707 ille
3167 693 3183 719 ,
3211 666 3401 707 omnes
3429 650 3729 720 discipulos

2139 748 2255 818 ejus
2308 747 2548 815 adortus,
2597 762 2878 818 persuasos
2926 762 3107 803 secum
3158 745 3400 802 abduxit.
3436 744 3598 803 Unde
3643 758 3732 815 pa-

2140 840 2245 896 lam
2297 848 2381 896 est
2431 854 2536 895 non
2585 839 2639 895 in
2697 838 2957 910 sapientia
3003 837 3233 893 humana
3288 837 3732 908 praedicationem

2142 932 2487 1003 prmvaluisse
2507 971 2524 998 ,
2554 931 2646 987 sed
2670 947 2765 1001 per
2789 930 2883 986 Dei
2900 928 3148 1001 gratiam.
3175 929 3251 985 Ne
3278 928 3437 999 igitur
3463 928 3517 983 in
3538 928 3731 983 eadem

2144 1027 2465 1091 incidamus,
2496 1041 2630 1082 neve
2660 1024 3000 1092 irrideamur,
3032 1038 3153 1078 cum
3184 1032 3369 1078 contra
3401 1022 3629 1079 Gnaeos
3660 1022 3734 1075 sic

2146 1122 2497 1193 disputamus,
2523 1122 2796 1192 apostolos
2823 1131 3089 1189 tamquam
3113 1119 3357 1175 indoctos
3384 1130 3733 1173 accusemus:

2150 1216 2272 1272 talis
2300 1215 2443 1271 enim
2472 1212 2744 1269 accusatio
2771 1212 3075 1269 encomium
3108 1220 3209 1267 est.
3254 1211 3321 1265 Et
3346 1225 3466 1266 cum
3495 1208 3739 1263 dixerant

2148 1308 2248 1371 illi.
2288 1316 2525 1379 agrestes
2570 1306 2733 1361 fuisse
2777 1306 3087 1375 apostolos,
3131 1318 3227 1359 nos
3265 1302 3526 1358 addamus
3569 1302 3736 1357 etiam

2150 1400 2315 1456 fuisse
2344 1400 2612 1466 indoctos,
2645 1399 2948 1464 illiteratos,
2976 1414 3234 1470 pauperes
3256 1440 3271 1464 ,
3299 1398 3434 1453 viles
3464 1406 3519 1453 et
3543 1396 3739 1451 obscu-

2149 1509 2260 1551 ros.
2288 1494 2404 1549 Non
2433 1502 2559 1548 sunt
2581 1492 2696 1548 [nec
2725 1492 3007 1547 maledicta
3038 1492 3293 1561 apostolis
3322 1491 3467 1546 illata
3489 1532 3506 1556 ,
3542 1490 3645 1545 sed
3676 1490 3738 1543 ad

2150 1588 2361 1643 illorum
2403 1586 2627 1658 gloriam
2669 1586 2830 1653 cedit,
2870 1585 3010 1657 quod
3060 1587 3192 1641 tales
3232 1602 3353 1641 cum
3394 1594 3597 1647 essent.
3631 1594 3740 1639 toto

2150 1679 2282 1736 orbe
2336 1688 2595 1735 terrarum
2646 1678 2844 1734 fuerint
2885 1678 3161 1735 clariores.
3216 1678 3281 1734 lli
3321 1678 3463 1734 enim
3512 1678 3738 1743 idiotas,

2151 1776 2410 1841 agrestes,
2444 1769 2666 1833 indocti,
2698 1770 2972 1839 sapientes
2998 1770 3141 1837 illos,
3166 1779 3432 1841 potentes,
3457 1778 3737 1840 tyrannos,

2153 1861 2243 1931 qui
2269 1861 2491 1925 divitiis,
2519 1861 2688 1933 gloria
2716 1870 2772 1918 et
2795 1861 3031 1917 externis
3056 1862 3266 1917 caeteris
3294 1861 3455 1917 rebus
3481 1861 3740 1917 frueban-

2156 1961 2243 2008 tur
2264 1962 2317 2007 et
2339 1952 2726 2024 gloriabantur,
2749 1954 2901 2024 quasi
2922 1970 3021 2009 nec
3043 1953 3142 2009 viri
3164 1964 3344 2011 essent
3368 1954 3739 2023 proﬂigarunt.

2156 2043 2309 2099 Unde
2348 2043 2524 2115 palam
2561 2054 2643 2099 est
2679 2058 2924 2115 magnam
2963 2060 3083 2100 esse
3124 2045 3302 2101 crucis
3343 2045 3664 2115 potentiam,
3694 2057 3745 2099 et

2158 2138 2273 2191 tneo
2308 2151 2417 2191 non
2457 2135 2687 2191 humana
2716 2136 2768 2191 vi
2814 2136 2951 2192 facta
2991 2151 3129 2191 esse.
3171 2135 3288 2192 Non
3317 2136 3461 2191 enim
3494 2136 3743 2190 humanae

2157 2235 2363 2283 natura:
2400 2238 2524 2282 sunt
2562 2227 2674 2291 illa,
2715 2226 2809 2283 sed
2848 2242 3009 2297 supra
3053 2238 3298 2282 naturam
3347 2236 3553 2296 patrata
3597 2237 3741 2281 sunt.

2158 2321 2292 2377 Cum
2316 2330 2492 2377 autem
2515 2336 2673 2391 supra
2697 2330 2937 2376 naturam
2960 2330 3013 2375 et
3033 2320 3318 2378 admodum
3340 2322 3478 2376 ultra
3500 2331 3745 2376 naturam

2160 2412 2404 2485 quaadam
2451 2414 2754 2471 efﬁciuntur
2780 2429 2901 2469 cum
2932 2413 3129 2469 decoro
3164 2423 3219 2469 et
3259 2414 3526 2480 utilitate;
3573 2415 3746 2485 palam

2163 2512 2248 2563 est
2273 2504 2360 2561 illa
2385 2521 2449 2561 ex
2476 2505 2656 2561 divina
2699 2506 2927 2577 quadam
2958 2506 3153 2561 virtute
3180 2516 3234 2562 et
3267 2507 3582 2576 Operatione
3613 2507 3747 2563 facta

2164 2613 2303 2656 esse.
2332 2598 2714 2654 Animadverte
2741 2610 2915 2653 autem
2945 2615 2957 2653 :
2991 2599 3242 2669 piscator,
3272 2599 3630 2655 tentoriorum
3662 2616 3749 2656 ar-

2166 2692 2318 2758 tifex,
2344 2692 2678 2762 publicanus,
2702 2691 2999 2762 imperitus,
3031 2692 3336 2758 illiteratus,
3366 2708 3433 2749 ex
3465 2694 3749 2749 Palaestina

2167 2784 2389 2856 regione
2417 2783 2704 2855 longinqua
2726 2784 3021 2848 venientes,
3043 2783 3399 2854 philosophis,
3422 2786 3750 2850 oratoribus,

2167 2874 2382 2932 dicendi
2431 2875 2637 2945 peritis,
2682 2890 2749 2931 ex
2794 2876 2961 2947 patria
3001 2875 3239 2947 expulsis
3286 2875 3561 2945 omnibus,
3606 2876 3754 2933 brevi

2171 2967 2429 3037 temporis
2454 2967 2628 3038 spatio
2655 2968 2776 3022 illos
2800 2968 3066 3035 vicerunt,
3099 2983 3219 3023 cum
3250 2967 3507 3038 periculis
3537 2970 3752 3033 multis,

2173 3060 2384 3132 populis
2403 3069 2457 3116 et
2477 3060 2691 3130 regibus
2711 3060 2857 3132 ipsos
2878 3062 3330 3133 oppugnantibus,
3350 3061 3465 3132 ipsa
3489 3073 3755 3135 pugnante

2173 3162 2360 3208 natura
2384 3170 2401 3219 ;
2445 3152 2700 3224 temporis
2725 3153 3059 3225 antiquitate,
3088 3153 3383 3210 obsistente
3409 3154 3573 3210 etiam
3602 3155 3757 3224 longa

2174 3243 2581 3312 consuetudine,
2621 3246 2843 3301 armatis
2888 3245 3240 3313 daamonibus,
3281 3245 3497 3301 diabolo
3546 3247 3599 3301 in
3634 3247 3759 3301 'acie

2176 3348 2350 3395 stante
2378 3346 2432 3394 et
2459 3338 2637 3394 omnia
2667 3346 2936 3405 movente,
2968 3354 3139 3409 reges,
3171 3338 3460 3409 principes,
3490 3338 3722 3409 populos
3741 3379 3756 3404 ,

2175 3441 2383 3503 gentes,
2410 3431 2570 3487 urbes
2592 3470 2608 3497 ,
2640 3430 2895 3486 barbaros
2919 3470 2935 3498 ,
2966 3431 3203 3500 Graacos,
3233 3431 3601 3501 phiIOSOpbos,
3635 3446 3760 3485 ora-

2181 3535 2345 3589 tores,
2376 3523 2662 3594 sophistas,
2687 3524 3000 3594 scriptores,
3030 3523 3198 3594 leges,
3225 3523 3527 3588 tribunalia,
3558 3524 3763 3593 suppli-

2179 3618 2259 3674 cia
2288 3616 2457 3680 varia,
2501 3624 2704 3672 mortes
2748 3616 3053 3671 innumeras
3097 3624 3152 3671 et
3196 3615 3457 3670 diversas.
3510 3619 3761 3670 Attamen

2182 3711 2297 3767 hrec
2325 3710 2503 3765 omnia
2533 3710 2601 3765 ita
2632 3709 2845 3781 repulsa
2872 3718 2998 3765 sunt
3017 3717 3073 3765 et
3096 3717 3397 3774 cesserunt,
3427 3708 3763 3778 loquentibus

2183 3801 2535 3872 piscatoribus
2558 3843 2575 3869 ,
2609 3801 2829 3871 perinde
2852 3810 2910 3856 ut
2938 3801 3109 3855 tenuis
3138 3801 3326 3871 pulvis,
3355 3802 3446 3871 qui
3475 3801 3764 3856 vehemen-

2186 3895 2318 3951 tium
2345 3904 2624 3950 ventorum
2648 3895 2903 3966 impetum
2934 3894 3075 3950 ferre
3102 3896 3302 3965 nequit.
3335 3896 3614 3950 Discamus
3636 3913 3766 3967 ergo

2184 3990 2263 4044 sic
2285 4003 2406 4044 cum
2437 3986 2641 4044 Graecis
2664 3988 2955 4057 disputare,
2990 3997 3048 4041 ut
3072 4003 3139 4043 ne
3164 3988 3333 4043 simus
3364 3997 3635 4059 tamquam
3675 3992 3763 4043 be-

2188 4083 2305 4138 stiae
2346 4090 2402 4136 et
2438 4090 2667 4153 pecora;
2699 4082 2795 4139 sed
2822 4082 2990 4153 parati
3016 4097 3230 4154 semper
3256 4082 3323 4137 ad
3353 4098 3505 4154 Spem
3529 4095 3767 4140 nostram

2191 4172 2463 4229 tuendam.
2496 4174 2562 4228 Et
2591 4173 2803 4228 interim
2835 4174 2937 4229 hoc
2959 4184 3117 4244 caput
3138 4174 3476 4241 meditemur,
3497 4176 3643 4245 quod
3672 4193 3769 4229 non

2191 4281 2412 4336 parvum
2437 4274 2540 4327 est,
2569 4265 2783 4336 illisque
2807 4265 3048 4321 dicamus
3078 4282 3091 4318 :
3125 4264 3401 4321 Undenam
3434 4265 3637 4321 infirmi
3666 4266 3769 4321 for-

2194 4366 2275 4417 tes
2300 4358 2418 4413 illos
2443 4359 2704 4425 vicerunt,
2735 4357 3014 4414 duodecim
3045 4358 3349 4414 universum
3375 4359 3607 4415 orbem?
3638 4361 3773 4429 iique

2196 4465 2303 4507 non
2345 4450 2533 4505 iisdem
2565 4459 2773 4505 utentes
2798 4451 2985 4517 armis,
3015 4450 3111 4509 sed
3153 4450 3279 4509 nudi
3322 4460 3509 4507 contra
3541 4462 3774 4507 armatos

2197 4543 2526 4614 pugnantes?

2269 4638 2323 4694 5.
2374 4637 2731 4705 Apostolorum
2773 4638 2981 4692 uictoria
3024 4637 3306 4703 mirabilis;
3349 4637 3584 4708 exemplo
3626 4638 3776 4707 magis

2200 4747 2352 4802 quant
2382 4730 2705 4800 philosophia
2730 4730 3131 4800 prwdicandum.
3155 4760 3227 4772 --
3248 4730 3343 4785 Dic
3370 4731 3539 4795 enim,
3565 4730 3613 4784 si
3644 4730 3773 4785 duo-

2201 4822 2372 4878 decim
2396 4824 2493 4879 viri
2521 4824 2597 4878 rei
2630 4822 2872 4878 militaris
2893 4822 3125 4893 imperiti
3157 4823 3208 4879 in
3238 4831 3499 4877 armatam
3528 4831 3778 4892 pugnate.

2204 4932 2320 4971 rum
2344 4915 2805 4972 innumerabilium
2828 4916 2997 4971 aciem
3021 4916 3399 4986 irrumpentes,
3423 4930 3531 4970 non
3555 4914 3779 4970 inermes

2208 5020 2432 5077 tantum,
2461 5009 2554 5066 sed
2583 5010 2742 5065 etiam
2772 5025 2996 5079 corpore
3021 5009 3239 5076 inﬁrmi,
3263 5009 3331 5066 ab
3358 5009 3462 5063 illis
3490 5009 3626 5063 nihil
3654 5012 3779 5062 male

2210 5111 2542 5173 paterentur,
2568 5118 2739 5173 neque
2766 5101 3242 5160 innumerabilibus
3268 5102 3389 5157 telis
3421 5102 3653 5172 impetiti
3673 5117 3782 5156 saw

2209 5193 2518 5260 ciarentur;
2559 5192 2818 5249 habentes
2846 5202 3022 5249 autem
3052 5193 3155 5251 tela
3181 5192 3341 5250 inﬁxa
3371 5192 3586 5261 corpori
3620 5191 3781 5252 nudo,

2211 5302 2400 5343 omnes
2428 5287 2874 5359 prosternerent,
2906 5303 3012 5344 non
3039 5288 3201 5341 armis
3226 5295 3435 5341 utentes
3460 5326 3476 5352 ,
3508 5286 3606 5340 sed
3640 5300 3783 5339 manu

2216 5379 2499 5445 ferientes;
2531 5378 2727 5434 deinde
2750 5378 2887 5435 alios
2916 5378 3244 5445 occiderent,
3274 5377 3407 5432 alios
3433 5377 3682 5446 captivos
3707 5376 3787 5427 ab—

2217 5470 2494 5536 ducerent,
2522 5471 2681 5527 nullis
2707 5471 2942 5540 acceptis
2969 5470 3279 5525 vulneribus
3308 5486 3321 5523 :
3351 5484 3418 5523 an
3448 5469 3572 5539 quis
3599 5469 3789 5523 diceret

2219 5579 2333 5619 rem
2365 5563 2525 5620 talem
2550 5573 2751 5635 gestam
2774 5563 3058 5619 humanam
3081 5563 3239 5619 esse?
3265 5561 3421 5632 Atqui
3448 5562 3788 5631 apostolicum

2223 5665 2483 5727 tropaeum
2506 5658 2661 5728 longe
2692 5656 2784 5712 illo
2808 5655 3105 5711 mirabilius
3134 5662 3235 5710 est.
3268 5654 3449 5723 Longe
3471 5656 3617 5707 enim
3647 5653 3789 5707 mira-

2224 5748 2380 5804 bilius
2399 5756 2662 5819 estquam
2691 5746 2888 5802 nudum
2916 5760 3025 5802 non
3052 5746 3341 5811 vulnerari,
3364 5744 3505 5815 quod
3530 5744 3793 5813 imperitus

2228 5854 2284 5902 et
2317 5843 2593 5900 illiteratus
2624 5851 2782 5913 atque
2821 5841 3052 5913 piscatu
3095 5847 3290 5899 tantam
3334 5846 3555 5910 superet
3596 5834 3793 5895 dicendi
