3864 6216
69 355 134 404 2:!
1118 336 1182 396 IN
1225 337 1441 395 EPIST.
1480 336 1502 392 1
1564 336 1649 392 AD

1753 335 1854 393 )B;
1889 334 2122 394 l-IUMIL.
2164 333 2254 392 IV.
2547 365 2550 368 -
2621 360 2624 363 ·
3273 346 3347 405 30

69 475 190 530 vim,
207 480 270 520 ac
290 477 459 533 neque
483 476 512 515 a
539 459 823 531 paucitate,
846 471 1020 528 neque
1046 471 1076 510 a
1110 463 1439 527 paupertate,
1469 466 1644 523 neque

68 577 96 614 a
121 555 386 632 periculis,
415 569 590 623 neque
612 567 642 606 a
671 550 864 622 prtevia
883 548 1287 613 consuetudine,
1313 560 1412 600 nec
1438 560 1466 597 a
1493 557 1646 598 seve-

68 653 218 706 ritate
245 662 422 703 rerum
458 660 588 716 quas
621 642 999 714 prmcipiebant
1021 682 1035 705 ,
1070 655 1240 708 neque
1263 655 1294 694 a
1317 635 1644 709 quotidianis

66 741 342 803 mortibus,
370 753 544 808 neque
572 736 641 791 ab
663 750 848 792 eorum
875 735 963 803 qui
993 733 1199 802 decepti
1229 731 1441 786 fuerant
1460 730 1642 784 multi-

68 836 244 893 tudine
268 875 284 899 ,
326 848 497 901 neque
521 831 591 886 ab
615 845 802 886 eorum
829 829 916 898 qui
937 827 1262 895 deceperant
1286 823 1604 878 auctoritate
1626 864 1642 889 ,

67 927 464 997 impedirentur.
495 924 586 980 Sic
614 938 744 993 ergo
770 921 893 976 illos
927 927 1324 989 prosternamus
1361 928 1416 972 et
1454 925 1643 971 contra

69 1021 207 1091 ipsos
236 1033 530 1088 pugnemus
556 1034 571 1070 :
613 1031 676 1070 ac
705 1016 811 1070 vita
842 1013 1010 1084 prius,
1051 1026 1210 1082 quam
1239 1024 1511 1074 sermone,
1547 1010 1646 1062 im-

58 1122 305 1183 petamus
329 1111 468 1164 illos.
498 1109 611 1164 Hoc
635 1107 776 1163 enim
804 1121 1053 1176 magnum
1081 1113 1352 1160 certamen
1375 1113 1456 1158 est
1481 1144 1496 1170 ,
1531 1102 1646 1158 haec

65 1203 392 1258 ratiocinatio
429 1210 532 1266 est,
572 1201 656 1255 cui
685 1198 978 1254 contradici
1023 1186 1146 1251 non
1171 1196 1362 1267 possit,
1390 1211 1510 1262 qua:
1550 1209 1648 1263 per

65 1312 220 1366 opera
252 1293 511 1364 procedit.
548 1293 767 1348 Etiamsi
797 1293 940 1346 enim
970 1291 1246 1345 innumera
1272 1289 1450 1344 verbis
1471 1287 1648 1357 philo-

65 1389 384 1457 sophentur,
411 1389 454 1439 si
485 1401 588 1438 non
613 1383 889 1438 tneliorem
918 1398 1079 1452 quam
1108 1382 1181 1436 illi
1201 1381 1363 1435 vitam
1389 1379 1645 1435 exhibea-

67 1495 198 1540 mns,
233 1478 436 1531 nullum
466 1484 546 1532 est
577 1476 805 1530 lucrum.
835 1474 950 1529 Non
977 1474 1118 1528 enim
1147 1473 1302 1528 dictis
1327 1473 1641 1538 attendunt,

65 1570 154 1624 sed
184 1569 320 1623 facta
351 1578 531 1622 nostra
558 1568 888 1630 examinant,
916 1575 969 1620 et
992 1565 1177 1620 dicunt
1206 1583 1218 1620 :
1243 1565 1322 1620 'l‘n
1354 1565 1503 1636 prior
1527 1581 1647 1618 ver-

67 1663 144 1718 his
187 1661 293 1716 tuis
331 1660 664 1730 obtempera,
708 1666 762 1713 et
806 1669 932 1712 tunc
971 1658 1104 1712 alios
1143 1655 1392 1712 admone.
1419 1655 1571 1724 Quod
1599 1657 1644 1710 si

63 1769 178 1808 cunt
207 1752 340 1806 dicis
363 1752 640 1805 innumera
661 1763 780 1805 esse
801 1749 940 1804 bona
971 1749 1022 1804 itt
1053 1748 1230 1804 futuro
1250 1749 1470 1817 saeculo,
1495 1749 1645 1819 quasi

65 1847 150 1900 illa
175 1859 283 1898 non
311 1843 438 1908 sint,
473 1840 826 1912 pmsentibus
855 1839 1098 1896 addictus
1126 1839 1380 1902 videaris,
1411 1839 1645 1894 credibi-

65 1940 190 1993 liora
215 1934 348 1990 mihi
369 1945 495 1990 sunt
521 1933 655 1989 facta
681 1947 842 2002 quam
867 1931 1007 1987 dicta
1039 1941 1145 1986 tua.
1174 1932 1304 1986 Cant
1325 1931 1466 1986 enim
1490 1930 1646 1986 video

66 2041 115 2085 te
142 2028 314 2084 aliena
344 2025 664 2096 rapientem,
710 2023 779 2080 de
823 2023 888 2079 iis
928 2024 1019 2094 qui
1062 2023 1296 2078 defuncti
1339 2032 1464 2078 sunt
1507 2023 1645 2078 ultra
1689 2049 1692 2052 -

65 2119 273 2174 modum
326 2119 634 2190 lugentem,
686 2115 896 2187 aliaque
943 2116 1105 2170 multa
1150 2130 1313 2187 prave
1358 2123 1644 2186 agentem,

64 2211 327 2284 quomodo
371 2211 466 2266 tibi
505 2209 720 2266 credam
764 2207 963 2264 dicenti
1008 2208 1456 2263 resurrectionem
1487 2208 1646 2264 esse?

66 2305 277 2362 Etiamsi
325 2304 472 2360 enim
523 2301 640 2358 hate
679 2317 786 2357 non
837 2302 1038 2368 dicant,
1068 2302 1181 2356 haec
1222 2303 1457 2372 cogitant
1495 2311 1550 2356 ct
1591 2303 1643 2356 itt

66 2412 236 2459 mente
282 2407 519 2454 versant.
553 2397 620 2453 Et
660 2397 762 2452 hoc
790 2395 1030 2466 impedit,
1077 2396 1362 2466 quominus
1401 2395 1646 2452 inﬁdeles

64 2492 340 2548 Christiani
373 2493 524 2547 ﬁant.
575 2489 891 2546 lnducamus
920 2504 1049 2560 ergo
1077 2489 1195 2544 illos
1225 2504 1322 2560 per
1350 2493 1509 2544 vitam
1543 2505 1644 2546 no-

67 2597 241 2639 stram.
274 2581 431 2639 Multi
460 2591 515 2638 et
544 2581 776 2636 illiterati
805 2581 918 2635 viri'
942 2580 1381 2651 philosophorum
1408 2589 1644 2637 mentem

67 2681 129 2733 ita
153 2679 479 2749 perculsere,
508 2684 690 2745 utpote
715 2676 803 2745 qui
835 2690 1054 2744 operum
1083 2674 1471 2745 philosophiam
1497 2676 1647 2731 cxhi-
1681 2692 1683 2694 ·

68 2772 272 2834 herent,
307 2780 364 2824 et
394 2783 576 2824 vocem
610 2767 732 2822 tuba
760 2767 1038 2822 clariorem
1071 2781 1169 2836 per
1195 2767 1319 2822 vitae
1346 2767 1643 2822 institutum

66 2873 114 2916 et
142 2859 532 2930 pltiloSOphiam
567 2859 882 2914 emitterent
909 2876 924 2913 :
958 2857 1074 2912 haec
1101 2857 1298 2928 quippe
1324 2857 1502 2928 lingua
1531 2857 1644 2913 fur-

70 2957 161 3009 tior
181 2962 279 3009 est.
324 2952 460 3008 Cum
487 2952 629 3008 enim
656 2950 830 3006 dicam
851 2993 867 3018 ,
897 2964 1005 3005 non
1033 2959 1286 3020 oportere
1326 2951 1643 3020 iniuriarum

69 3044 398 3111 meminisse,
430 3043 727 3114 deindeque
759 3043 949 3099 Grteco
976 3043 1252 3098 innumera
1284 3041 1507 3098 inferam
1535 3060 1648 3099 ma-

71 3141 134 3205 la,
153 3137 425 3210 quomodo
454 3146 638 3206 potero
661 3136 838 3192 verbis
861 3135 1007 3190 illum
1031 3135 1308 3204 inducere,
1331 3151 1452 3192 cum
1480 3139 1647 3208 gestis

71 3232 226 3301 ipsum
266 3216 572 3302 depellam?
610 3227 879 3284 Veuemur
903 3242 1030 3298 ergo
1057 3228 1179 3283 illos
1209 3243 1303 3298 per
1331 3229 1454 3283 vita:
1482 3230 1641 3285 insti-

70 3331 249 3388 tutum,
276 3329 334 3376 et
363 3335 462 3391 per
487 3321 647 3375 hasce
663 3319 872 3374 animas
896 3318 1220 3375 aadilieemus
1252 3319 1569 3388 Ecclesium,
1592 3333 1649 3378 et

72 3415 159 3469 has
181 3427 536 3484 conger-smus
561 3411 792 3467 divitias.
817 3409 959 3466 Nihil
988 3421 1072 3466 est
1095 3413 1288 3467 anima‘.
1307 3413 1645 3484 aequiparan-

71 3508 206 3567 dum,
237 3521 305 3560 ne
339 3513 487 3560 totus
510 3503 724 3574 quidem
752 3501 1025 3560 mundus:
1047 3503 1229 3575 Itaque
1253 3505 1463 3560 etiamsi
1493 3506 1648 3561 innu-

73 3612 234 3653 meras
257 3595 582 3666 pauperibus
611 3594 858 3665 pecunias
882 3595 1207 3664 erogaveris,
1241 3593 1372 3648 nihil
1402 3595 1506 3651 tale
1533 3596 1649 3652 θηξ-

71 3692 170 3745 cies
192 3689 348 3760 quale
381 3688 449 3752 is,
488 3686 575 3756 qui
610 3686 690 3740 vel
737 3701 894 3740 unam
941 3686 1176 3741 animam
1221 3689 1500 3743 convertit.
1549 3688 1650 3754 Qui

71 3785 192 3838 enim
215 3783 384 3836 educit
417 3781 690 3850 pretiosum
718 3795 780 3834 ex
803 3779 910 3845 vili,
943 3781 1088 3851 quasi
1117 3797 1172 3834 os
1197 3797 1362 3835 meum
1393 3784 1484 3836 erit
1511 3781 1646 3852 (λεν.
1669 3809 1672 3812 -

75 3877 147 3933 15.
173 3877 282 3947 19),
302 3874 496 3944 inquit.
526 3872 768 3943 Magnum
792 3872 1005 3943 quidem
1031 3871 1226 3927 bonum
1253 3882 1336 3928 est
1355 3889 1646 3944 egenorum

1750 450 2023 514 misereri;
2051 450 2148 506 sed
2173 451 2304 505 nihil
2333 461 2536 506 tantum
2559 493 2574 519 ,
2605 461 2861 524 quantum
2887 454 2957 511 ab
2981 471 3171 514 errore
3195 460 3327 517 libe-

1749 555 1870 595 rare
1897 560 1912 596 :
1945 541 2034 611 qui
2065 543 2208 598 enim
2230 542 2334 597 hoc
2363 541 2526 610 facit,
2555 544 2721 600 Pauio
2743 552 2799 602 et
2828 547 2988 603 Petro
3011 549 3204 606 similis
3223 561 3330 608 est.

1748 631 1900 688 Licet
1923 635 2065 689 enim
2095 634 2304 690 illorum
2334 635 2768 706 pmdicationem
2801 639 3078 710 suscipere
3099 682 3116 708 ,
3145 657 3252 699 non
3281 654 3340 700 ttt

1750 726 2114 797 periclitemur
2142 727 2593 796 quemadmodu
2633 729 2740 796 illi,
2786 743 2841 788 et
2875 731 3102 799 famem,
3130 743 3336 805 pestem

1748 827 2048 888 catteraque
2071 819 2388 884 toleremus;
2433 821 2545 892 jam
2592 824 2735 878 enim
2783 827 2926 893 pacis
2967 835 3175 897 tempus
3215 837 3334 894 est;
3405 895 3408 898 Α

1748 909 1844 964 sed
1861 918 1918 964 ut
1933 910 2180 966 alacriter
2196 911 2430 968 studium
2447 914 2822 971 eshiheamus.
2843 917 2996 973 Licet
3016 920 3161 974 enim
3183 920 3330 980 deuti

1749 999 2000 1056 sedentes
2039 1004 2179 1072 hanc
2215 1017 2470 1062 exercere
2513 1005 2885 1075 piscationem.
2929 1009 2987 1066 Si
3028 1011 3148 1080 quis
3176 1011 3336 1070 habet

1747 1093 2000 1158 amicum,
2030 1103 2122 1149 aut
2148 1107 2432 1165 cognatum
2456 1140 2471 1162 ,
2503 1110 2596 1153 aut
2621 1099 2938 1160 familiarem
2960 1143 2974 1167 ,
3003 1101 3119 1160 hate
3147 1105 3330 1174 faciat,

1688 1206 1691 1208 ·
1749 1185 1866 1242 hinc
1893 1188 2070 1253 dicat;
2097 1199 2153 1244 et
2178 1189 2372 1245 sitnilis
2394 1193 2498 1247 erit
2536 1192 2698 1250 Petro
2721 1202 2777 1250 et
2802 1194 2990 1251 Paulo.
3021 1197 3161 1264 Quid
3186 1200 3333 1269 dico,

1749 1278 1910 1334 Petro
1934 1288 1987 1334 et
2015 1279 2218 1335 Paulo?
2245 1280 2319 1337 Os
2347 1283 2450 1338 erit
2469 1284 2667 1341 Christi
2697 1305 2712 1341 :
2743 1303 2864 1344 nam
2893 1289 2995 1355 Qui
3023 1291 3189 1346 educit
3215 1309 3336 1362 prte-

1750 1371 1934 1424 tiosum
1953 1388 1984 1425 a
2008 1373 2114 1435 vili,
2137 1375 2284 1441 quasi
2308 1390 2365 1429 os
2397 1392 2562 1430 meum
2583 1379 2680 1433 erit
2705 1415 2719 1442 ,
2751 1379 2939 1449 inquit.
2973 1381 3197 1438 Etiamsi
3229 1384 3332 1440 lto-

1748 1463 1838 1518 die
1865 1480 1968 1518 non
1994 1467 2345 1534 persuaseris,
2370 1483 2490 1524 cras
2517 1472 2862 1540 persuadebis
2892 1491 2907 1529 :
2938 1476 3148 1530 etiamsi
3179 1492 3334 1532 num-

1749 1570 1907 1624 quam
1937 1559 2286 1624 persuaseris,
2323 1569 2379 1614 tu
2407 1560 2697 1630 perfectam
2731 1563 2949 1622 habebis
2979 1568 3284 1624 mercedem
3313 1586 3330 1623 :

1747 1645 1956 1701 etiamsi
1985 1662 2092 1702 non
2121 1648 2374 1704 omnibus
2401 1654 2767 1721 persuaseris,
2809 1671 2873 1710 ex
2911 1657 3095 1713 multis
3133 1674 3335 1729 paucos

1747 1735 2022 1792 attrahere
2045 1739 2281 1807 poteris;
2309 1741 2740 1816 quandoquidem
2761 1748 2988 1816 apostoli
3015 1764 3122 1804 non
3152 1751 3332 1806 omni-

1745 1825 1851 1882 bus
1893 1826 2198 1884 hominibus
2245 1844 2582 1899 persuasere,
2623 1849 2812 1893 omnes
2860 1845 3035 1894 tamen
3075 1840 3334 1912 alloqqui

1749 1930 1893 1988 sunt,
1922 1930 1978 1978 et
2003 1921 2072 1978 de
2095 1924 2343 1980 omnibus
2370 1927 2676 1984 mercedem
2705 1928 2922 1985 habent.
2947 1929 3066 1987 Non
3096 1935 3238 1990 enim
3262 1935 3332 1988 ah

1749 2015 1894 2070 exitu
1916 2025 2062 2072 recte
2085 2015 2366 2082 factorum,
2400 2019 2496 2075 sed
2542 2036 2574 2074 a
2601 2032 2782 2079 mente
2812 2033 2957 2080 recte
2993 2028 3331 2096 operantium

1748 2122 1978 2165 coronas
2005 2108 2296 2168 decernere
2333 2111 2478 2167 Deus
2503 2115 2660 2170 solet.
2705 2114 2925 2173 Etiamsi
2963 2117 3100 2175 duos
3135 2117 3336 2190 jacet-is

1749 2197 1960 2264 obolos,
1977 2200 2191 2270 accipit,
2213 2201 2426 2272 etquod
2448 2219 2572 2275 erga
2595 2204 2806 2261 viduam
2835 2207 2980 2274 fecit,
3005 2209 3108 2266 hoc
3128 2220 3185 2267 et
3203 2227 3334 2285 erga

1749 2290 1999 2350 doctores
2028 2304 2304 2364 operatur.
2335 2296 2412 2352 Ne
2441 2299 2618 2370 itaque
2641 2341 2657 2367 ,
2685 2300 2810 2371 quia
2838 2317 2943 2358 non
2969 2313 3122 2374 potes
3146 2307 3333 2363 orbem

1746 2394 2017 2448 terrarum
2040 2401 2280 2454 servare,
2309 2405 2507 2459 paucos
2529 2391 2816 2462 despicias,
2834 2410 3008 2466 neque
3027 2411 3092 2454 ex
3115 2414 3337 2471 magno-

1750 2491 1869 2532 rum
1895 2477 2184 2546 desiderio,
2209 2495 2241 2535 a
2265 2481 2564 2538 minoribus
2593 2496 2644 2541 te
2671 2487 2975 2543 abstrahas.
3023 2489 3078 2547 Si
3115 2502 3334 2550 centum

1751 2586 1859 2627 non
1886 2573 2144 2642 potueris,
2176 2571 2364 2629 decem
2387 2590 2578 2641 cures;
2605 2577 2652 2632 si
2681 2577 2850 2635 denos
2871 2595 2978 2636 non
3007 2583 3200 2653 possis,
3231 2600 3333 2642 nec

1751 2666 1941 2737 quinos
1965 2681 2223 2736 spernas;
2267 2668 2313 2723 si
2347 2669 2539 2739 quinos
2573 2686 2680 2725 tton
2722 2673 2917 2740 possis,
2949 2690 3016 2730 ne
3043 2691 3208 2732 unum
3233 2678 3332 2735 de-

1750 2760 1980 2830 spieias;
2007 2761 2051 2816 si
2083 2777 2243 2817 unum
2267 2779 2372 2818 non
2404 2766 2662 2834 potueris,
2695 2782 2867 2839 neque
2892 2769 2971 2825 sic
2995 2771 3176 2828 animo
3197 2773 3336 2830 deli-

1750 2854 1881 2917 cias,
1936 2869 2034 2910 nec
2074 2871 2194 2925 quae
2237 2871 2403 2926 penes
2455 2868 2506 2913 te
2545 2869 2674 2913 sunt
2714 2860 2987 2917 cohibeas.
3032 2863 3146 2921 Non
3187 2866 3338 2924 vides

1751 2945 2022 3016 quomodo
2059 2947 2112 3002 in
2143 2949 2507 3004 contraaihus
2529 2991 2546 3018 ,
2592 2965 2698 3006 non
2743 2954 2915 3008 solum
2957 2969 3021 3010 ex
3060 2973 3214 3026 aure,
3240 2959 3336 3015 sed

1751 3037 1910 3092 etiam
1933 3053 2000 3093 ex
2021 3047 2243 3109 argento
2272 3049 2598 3096 mercatores
2623 3045 2944 3100 commercia
2973 3062 3230 3104 exercere
3249 3065 3338 3105 so-

1752 3131 1936 3187 leant?
1959 3131 2090 3186 Nam
2122 3131 2164 3186 si
2195 3147 2262 3186 ne
2293 3147 2452 3201 parva
2480 3133 2694 3201 quidem
2722 3135 3112 3206 despiciamus,
3145 3157 3338 3214 magna

1751 3224 1914 3280 etiam
1937 3223 2401 3293 apprehendemus
2437 3242 2450 3278 :
2479 3225 2523 3278 si
2556 3240 2686 3280 vero
2716 3241 2872 3294 parva
2903 3241 3335 3299 contemnamus,

1752 3333 1927 3388 neque
1956 3317 2042 3372 illa
2072 3317 2184 3387 ipsa
2216 3315 2374 3372 facile
2405 3318 2778 3388 percipiemtts.
2824 3319 2914 3378 Sic
2941 3323 3167 3394 quisque
3189 3326 3340 3383 dives

1753 3411 1984 3468 eftlcitur
2020 3426 2180 3480 parva
2217 3420 2273 3466 et
2313 3427 2499 3483 magna
2537 3413 2834 3484 colligens:
2864 3416 2942 3471 sic
2967 3425 3021 3472 et
3047 3435 3146 3474 nos
3173 3419 3338 3476 facia-

1753 3519 1893 3568 mus,
1933 3514 1992 3559 ut
2029 3504 2082 3558 in
2121 3503 2369 3559 omnibus
2404 3505 2598 3559 divites
2642 3505 2787 3572 facti,
2819 3523 3040 3579 regnum
3084 3512 3338 3567 czelornm

1753 3611 2165 3666 consequamur,
2184 3597 2350 3668 gratia
2371 3606 2425 3652 et
2449 3596 2773 3668 benignitate
2797 3593 3002 3654 Domini
3026 3603 3191 3658 nostri
3213 3603 3341 3658 Jesu

1755 3689 1976 3756 Christi,
2005 3704 2100 3759 per
2137 3703 2296 3758 quem
2339 3697 2394 3743 et
2431 3703 2552 3743 cum
2579 3704 2688 3760 quo
2716 3689 2859 3744 Patri
2892 3707 3100 3762 unaque
3119 3693 3341 3765 Spiritui

1756 3791 1945 3836 sancto
1973 3779 2162 3852 gloria,
2194 3781 2498 3850 imperium,
2531 3779 2726 3849 honor,
2758 3797 2899 3837 nunc
2935 3792 2991 3840 et
3023 3801 3259 3858 semper,
3288 3797 3344 3844 et

1757 3871 1810 3926 iu
1839 3873 2033 3926 smcula
2058 3871 2395 3926 saeculorum.
2421 3871 2613 3926 Amen.

82 3991 3326 4019 mw

1488 4060 1828 4122 HOMlLIA
1871 4058 1980 4120 IV.

73 4211 190 4268 Car.
221 4213 273 4267 1.
304 4227 360 4266 v.
394 4211 484 4266 18.
524 4208 740 4264 Verbum
760 4208 894 4262 enim
921 4208 1082 4262 crucis
1106 4207 1425 4278 pereuntibus
1450 4207 1656 4276 quidem

135 4305 346 4360 stultitia
375 4317 448 4360 est
472 4323 490 4369 ;
515 4305 578 4358 iis
609 4320 724 4358 vero
747 4304 835 4374 qui
854 4303 980 4357 salvi
1010 4303 1161 4372 ﬁunt,
1184 4303 1348 4370 nobis,
1371 4305 1528 4358 virtus
1560 4302 1655 4358 Dei

136 4407 225 4452 est.
263 4397 354 4452 19.
388 4395 648 4464 Scriptum
680 4405 752 4449 est
783 4398 946 4455 enim,
981 4393 1202 4448 Perdant
1228 4395 1527 4462 sapientiam
1562 4411 1653 4448 sa-

140 4489 380 4558 pientium
402 4531 417 4553 ,
450 4498 494 4542 et
527 4486 848 4558 prudentiam
874 4486 1196 4558 prudentium
1222 4487 1519 4556 reprobabo.
1555 4485 1654 4540 Ubi

139 4584 336 4650 sapiens
357 4583 383 4635 ?
411 4581 494 4635 ubi
514 4582 719 4636 scriba?
744 4580 835 4635 20.
867 4582 949 4635 ubi
973 4581 1238 4650 inquisitor
1265 4581 1438 4635 διεσαιὶ
1466 4581 1656 4651 hujus?

148 4677 191 4728 Ι.
238 4675 630 4730 Laborantibus
671 4683 724 4730 et
753 4675 943 4747 \animo
982 4673 1163 4730 fractis
1202 4673 1365 4728 etiam
1409 4674 1655 4730 salubres

79 4767 170 4822 cibi
199 4768 446 4822 insuaves
475 4776 621 4834 sunt,
651 4767 803 4822 amici
831 4776 886 4820 et
913 4766 1198 4822 necessarii
1229 4766 1534 4833 importuni,
1563 4782 1658 4819 ne-

79 4874 174 4927 que
210 4873 351 4928 saepe
397 4867 809 4928 cognoscuntur,
847 4873 910 4912 ac
937 4858 1184 4912 videntur
1233 4856 1433 4912 inferre
1480 4857 1652 4912 mole-

80 4949 244 5003 stiam.
285 4950 374 5005 Sic
409 4964 624 5020 quoque
647 4949 787 5003 solet
811 4949 1058 5004 accidere
1085 4949 1149 5002 iis
1173 4949 1263 5018 qui
1293 4948 1497 5006 animas
1535 4963 1655 5018 per-

81 5038 202 5094 dunt
229 5058 243 5095 :
266 5058 389 5095 nam
423 5057 542 5112 qua:
566 5041 634 5094 ad
670 5040 894 5096 salutem
924 5040 1125 5095 ducunt
1148 5040 1429 5109 ignorant,
1457 5049 1510 5094 et
1538 5039 1656 5094 illos

83 5135 160 5203 qui
187 5135 423 5207 ipsorum
453 5151 634 5196 curam
657 5143 850 5205 gerunt
877 5135 1130 5190 molestos
1155 5149 1275 5190 esse
1303 5144 1512 5205 putant.
1545 5135 1656 5191 lloc

83 5237 243 5280 autem
293 5228 370 5293 lit,
405 5242 511 5281 non
556 5242 622 5281 ex
665 5227 777 5295 ipsa
821 5227 896 5282 rei
943 5238 1154 5293 natura,
1196 5226 1290 5282 sed
1335 5242 1400 5282 ex
1445 5227 1656 5281 illorum

85 5317 274 5372 morbo.
307 5318 380 5372 Et
405 5318 546 5388 quod
571 5319 742 5373 insani
774 5318 992 5384 faciunt,
1016 5335 1137 5374 eum
1163 5319 1280 5374 illos
1305 5318 1430 5374 odio
1459 5319 1658 5374 habent

84 5410 162 5477 qui
201 5410 436 5478 ipsorum
479 5425 661 5464 curam
701 5419 915 5480 gerunt,
955 5410 1180 5480 illosque
1206 5409 1463 5464 conviciis
1489 5410 1657 5480 impe-

87 5507 225 5554 tunt:
258 5492 360 5556 hoc
391 5517 606 5571 quoque
639 5501 838 5556 faciunt
863 5501 1128 5558 infideles.
1160 5501 1266 5557 Sed
1299 5501 1655 5572 quemadmo-

85 5591 196 5645 dum
237 5595 291 5648 in
337 5594 443 5650 illis
482 5595 570 5664 qui
611 5595 864 5649 conviciis
903 5593 1232 5664 impetttntur
1275 5606 1384 5649 tum
1427 5595 1658 5650 maxime

86 5696 252 5738 eorum
281 5686 604 5740 miserentur
629 5695 684 5741 et
710 5687 1090 5758 lacrymantur,
1119 5696 1300 5758 utpote
1321 5688 1409 5759 qui
1436 5687 1538 5743 hoc
1563 5701 1656 5742 ex-

89 5779 298 5830 tremum
329 5792 452 5834 esse
481 5777 805 5850 aegritudinis
851 5779 1105 5835 indicium
1149 5789 1370 5850 putent,
1402 5780 1541 5852 quod
1576 5780 1656 5837 illi

1763 4204 2116 4260 amicissimos
2152 4203 2252 4258 sihi
2293 4205 2400 4258 non
2440 4215 2705 4260 noscant:
2736 4205 2804 4260 ita
2832 4215 2886 4262 et
2910 4223 3009 4263 nos
3035 4208 3174 4264 circa
3195 4209 3346 4266 Grae-

1759 4313 1853 4373 cos
1879 4297 2158 4362 faciamus,
2195 4307 2251 4351 et
2283 4301 2456 4366 magis
2495 4313 2652 4368 quam
2701 4307 2918 4370 propter
2959 4317 3154 4358 uxores
3196 4303 3345 4358 circa

1759 4391 1880 4447 illos
1924 4389 2204 4460 ejulemus,
2247 4390 2370 4460 quia
2417 4405 2754 4447 communem
2801 4393 3052 4463 ignorant
3092 4394 3339 4450 salutem.

1758 4483 1874 4540 Non
1906 4484 2048 4539 enim
2075 4483 2148 4537 ita
2175 4483 2257 4537 vir
2283 4497 2501 4538 uxorem
2522 4483 2682 4539 debet
2703 4500 2921 4552 amare,
2951 4497 3008 4540 ut
3036 4501 3134 4540 nos
3166 4487 3341 4541 homi-

1760 4593 1856 4634 nes
1877 4591 2088 4644 omnes,
2121 4576 2348 4646 illosque
2372 4575 2438 4631 ad
2466 4577 2690 4632 salutem
2721 4577 3026 4646 attrahere,
3055 4582 3169 4636 sive
3195 4580 3343 4637 Grae-

1759 4688 1853 4744 cus
1879 4673 1968 4739 sit,
1997 4672 2112 4727 sive
2136 4670 2375 4741 quisquis
2399 4669 2554 4725 alius.
2570 4670 2868 4739 Lugeamus
2895 4688 3022 4743 ergo
3049 4674 3193 4740 illos,
3219 4677 3347 4746 quia

1759 4769 1978 4824 verbum
2003 4766 2180 4822 erucis
2205 4765 2429 4820 stultitia
2456 4765 2586 4836 ipsis
2616 4775 2716 4831 est,
2745 4781 2865 4820 cum
2892 4767 3061 4837 ipsum
3083 4769 3342 4838 sapientia

1760 4868 1816 4914 et
1841 4860 2008 4914 virtus
2034 4858 2104 4912 sit
2128 4876 2142 4912 :
2166 4871 2288 4912 nam
2327 4855 2542 4911 Verbum
2566 4858 2729 4911 crucis
2759 4859 3078 4927 pereuntibus
3097 4901 3114 4926 ,
3141 4859 3342 4932 inquit,

1760 4954 1974 5008 stultitia
2002 4961 2096 5008 est.
2125 4952 2259 5017 Quia
2289 4951 2431 5006 enim
2458 4950 2750 5006 verisimile
2777 4959 2860 5006 est
2887 4952 3030 5020 illos,
3059 4967 3180 5009 cum
3209 4969 3344 5011 crus

1761 5063 1796 5102 a
1817 5046 2019 5102 Grtccis
2049 5044 2380 5107 irrideretur,
2403 5043 2452 5098 ei
2479 5059 2596 5114 quae
2617 5043 2758 5114 apud
2788 5043 2906 5099 illos
2931 5043 3228 5102 habebatur
3252 5063 3354 5104 sa-.

1761 5138 1958 5208 pientia
1981 5136 2251 5191 obstitisse
2277 5141 2332 5190 et
2359 5133 2664 5191 Graecorum
2690 5134 2868 5202 dictis,
2890 5136 3174 5192 consolans
3197 5137 3354 5208 ipsos

1763 5232 1956 5287 Paulus
1984 5231 2112 5286 dicit
2136 5249 2152 5284 :
2178 5230 2258 5290 Ne
2285 5233 2484 5302 putetis
2522 5248 2634 5286 rem
2675 5247 2794 5288 esse
2837 5233 3106 5289 inmlitam
3135 5249 3201 5292 ac
3223 5245 3344 5292 stu-

1762 5323 2012 5394 pendum.
2055 5322 2203 5378 Hane
2243 5338 2330 5380 res
2369 5323 2556 5378 istha-c
2585 5323 2747 5378 habet
2777 5334 3044 5392 naturam,
3074 5334 3135 5382 ut
3157 5341 3189 5382 a
3217 5342 3349 5398 per-

1762 5416 2010 5473 euntibus
2036 5414 2203 5469 virtus
2228 5414 2344 5484 ejus
2367 5430 2470 5470 non
2491 5424 2846 5486 cognoscatur
2870 5416 2888 5472 ξ
2915 5427 3094 5473 mente
3113 5434 3346 5490 namque

1762 5506 1900 5576 Capti
1927 5515 2051 5560 sunt
2075 5520 2140 5560 ac
2166 5505 2455 5576 desipiunt.
2489 5505 2614 5561 ideo
2638 5507 2882 5562 convicia
2907 5508 3154 5573 ell‘erunt,
3182 5519 3240 5568 et
3255 5527 3344 5566 sa-

1763 5597 1948 5651 lutaria
1980 5595 2264 5669 pharmaca
2293 5597 2516 5653 moleste
2556 5597 2752 5654 ferunt.
2793 5599 2933 5668 Quid
2955 5616 3085 5656 vero
3109 5601 3274 5667 dicis,
3308 5618 3351 5656 o

1764 5689 1957 5745 homo?
2002 5689 2199 5746 Servus
2247 5698 2466 5761 propter
2505 5699 2555 5745 te
2593 5689 2840 5748 Christus
2882 5691 3052 5749 factus
3083 5701 3188 5759 est,
3230 5692 3346 5750 for-

1763 5795 1909 5837 mam
1932 5781 2074 5839 servi
2101 5781 2391 5854 accipiens,
2420 5781 2704 5841 cruciﬁxus
2730 5793 2815 5846 est
2841 5793 2890 5840 et
2923 5785 3214 5842 resurrexit
3243 5802 3255 5840 :
3286 5794 3349 5842 et
