3864 6316
448 356 520 416 δι
1185 343 1243 401 8.
1279 338 1557 404 JOANNIS
1591 335 2063 397 CHRYSOSTOMI
2101 333 2413 390 ARCHIEP.
2452 332 2983 392 CONSTANTINOP.
3678 332 3757 391 ὃς

453 482 575 523 cum
614 471 887 535 oporteret
925 460 1073 517 illum
1118 457 1489 514 resnscitatnm
1533 453 1653 509 ideo
1696 452 1941 517 adorare,
1982 457 2038 504 et

453 560 572 630 ejus
602 556 979 627 benignitatem
1002 550 1289 613 admirari;
1325 548 1448 619 quia
1473 562 1594 619 quae
1626 560 1725 601 nec
1764 552 1914 616 pater
1941 557 2040 598 nec

455 655 660 710 amicus
703 666 803 707 nec
840 650 980 704 ﬁlius
1011 662 1111 718 pro
1147 653 1203 700 te
1238 643 1385 710 fecit,
1415 641 1529 697 haec
1567 640 1747 695 omnia
1784 637 2040 692 Dominus

456 756 709 818 operatus
736 752 821 799 est
844 750 1064 813 propter
1092 750 1145 795 te
1172 738 1446 792 inimicum
1468 777 1482 801 ,
1513 734 1603 805 qui
1630 733 1779 789 illum
1802 729 2043 785 offende-

457 857 547 898 ras
575 858 588 895 :
614 854 736 895 cum
760 846 1033 908 Oporteret
1055 848 1183 904 ergo
1211 832 1357 887 illum
1380 838 1661 901 propterea
1684 826 1956 888 admirari,
1985 833 2043 879 nt

457 948 571 989 rem
602 941 745 987 tanta
770 928 1030 1001 sapientia
1060 926 1295 997 plenam,
1323 922 1602 978 stultitiam
1627 919 1903 991 appellas?
1932 917 2041 973 Sed

455 1024 589 1079 nihil
625 1024 816 1079 mirum
843 1041 856 1077 :
887 1037 1007 1076 nam
1036 1018 1372 1090 pereuntium
1392 1025 1476 1072 est
1501 1029 1606 1071 non
1633 1027 1923 1085 agnoscere
1952 1026 2037 1076 ea,

456 1131 576 1188 qua:
602 1115 667 1170 ad
696 1115 924 1171 salutem
950 1112 1173 1167 ducunt.

534 1208 837 1264 Ratioriniis
864 1223 924 1261 ea
959 1220 1074 1277 qua:
1096 1202 1215 1274 ﬁdei
1253 1209 1369 1256 sunt
1395 1215 1529 1270 saepe
1554 1197 1941 1269 labefactantur.
1966 1222 2043 1236 —-

458 1301 532 1358 Ne
561 1299 851 1356 turbemini
893 1298 1090 1368 igitur:
1122 1309 1228 1349 non
1259 1293 1403 1350 enim
1449 1305 1643 1347 novum
1675 1302 1847 1357 neque
1888 1286 2044 1341 inex-

455 1401 755 1465 spectatum
802 1398 884 1446 est
929 1387 1079 1454 illud,
1127 1386 1271 1457 quod
1321 1399 1513 1454 nempe
1566 1398 1597 1438 a
1648 1378 2041 1450 desipientibus

457 1498 648 1556 magna
677 1482 1040 1539 derideantur.
1092 1478 1219 1533 Illos
1267 1491 1394 1532 vero
1423 1475 1510 1544 qui
1556 1472 1636 1529 sic
1671 1471 1848 1527 affecti
1892 1479 2039 1533 sunt,

460 1594 556 1649 per
587 1578 872 1633 humanam
900 1572 1217 1644 sapientiam
1247 1567 1570 1639 persuadere
1600 1579 1705 1620 non
1734 1564 1863 1619 licet
1891 1580 1906 1618 :
1934 1563 2067 1617 imor

459 1670 503 1723 si
532 1668 601 1723 ita
631 1666 959 1739 persuadere
988 1662 1244 1729 volueris,
1289 1658 1619 1715 contrarium
1663 1654 1833 1711 efﬁcis
1867 1670 1880 1707 :
1914 1667 2039 1707 nam

457 1775 543 1826 ea,
571 1773 691 1828 qua:
736 1750 1000 1812 rationem
1047 1759 1325 1823 superant,
1372 1749 1487 1804 sola
1520 1747 1624 1803 lide
1654 1759 1791 1816 opus
1818 1744 2036 1800 habent.

461 1850 669 1905 Etenim
688 1849 733 1904 si
756 1846 1048 1903 ratiociniis
1065 1842 1389 1914 persuadere
1406 1836 1749 1904 voluerimus,
1775 1835 2045 1907 quomodo

459 1944 598 1998 Deus
624 1941 795 1996 factus
840 1940 912 1996 sit
937 1938 1120 2003 homo,
1166 1945 1223 1993 et
1272 1936 1325 1991 in
1353 1935 1565 1988 vulvam
1594 1931 1913 2003 virginalem
1959 1930 2044 1985 iu-

455 2047 673 2103 gressus
700 2032 804 2096 sit;
853 2039 908 2085 et
936 2029 983 2085 si
1020 2044 1135 2083 rem
1165 2026 1287 2081 lidei
1315 2038 1421 2080 non
1451 2022 1842 2093 permittamm,
1874 2019 2046 2091 magis

459 2122 758 2179 irridebnnt
796 2120 896 2176 illi.
940 2120 1084 2189 Ergo
1113 2117 1202 2188 qui
1236 2114 1531 2172 ratiociniis
1574 2113 1627 2169 id
1657 2123 1927 2184 quaerunt,
1971 2112 2045 2167 illi

459 2226 585 2272 sunt
613 2216 703 2285 qui
733 2222 979 2285 pereunt.
1015 2208 1217 2282 Ecquid
1240 2209 1362 2265 dico
1388 2207 1457 2263 de
1485 2206 1631 2262 Deo?
1656 2206 1789 2261 Nam
1829 2206 1873 2261 si
1901 2205 2047 2260 circa

457 2322 733 2367 creaturas
781 2307 883 2363 hoc
910 2306 1186 2369 faciamus,
1236 2302 1435 2358 multus
1466 2307 1723 2369 sequetur
1765 2298 1924 2353 risus.
1968 2296 2049 2352 Sit

457 2403 600 2458 enim
632 2401 815 2465 homo,
857 2399 947 2468 qui
980 2397 1109 2451 velit
1136 2396 1316 2451 omnia
1356 2393 1652 2449 ratiociniis
1692 2391 1956 2452 ediscere.
1992 2400 2048 2445 et
2084 2436 2102 2452 .

463 2501 637 2550 tentet
665 2502 752 2547 tua
779 2488 1091 2561 persuaderi
1121 2487 1352 2553 ratione,
1390 2483 1660 2556 quomodo
1687 2483 1863 2538 lucem
1906 2481 2048 2552 aspi-

461 2586 703 2648 ciamus;
735 2592 790 2637 tu
817 2590 995 2637 autem
1042 2578 1322 2635 ratiocinio
1363 2577 1439 2632 illi
1464 2574 1788 2647 persuadere
1826 2588 2044 2630 conare.

463 2676 572 2732 Sed
593 2690 700 2731 non
734 2673 937 2745 poteris
965 2689 981 2727 :
1011 2671 1054 2726 si
1082 2671 1226 2726 enim
1255 2669 1477 2744 dixeris,
1501 2667 1641 2738 quod
1669 2666 1900 2723 sufﬁciat
1923 2680 2051 2721 ocuo

461 2770 543 2825 los
584 2768 795 2839 aperire
838 2766 907 2821 ad
952 2765 1263 2831 videndum,
1307 2779 1413 2819 non
1454 2762 1671 2818 modum
1708 2761 1913 2828 dixisti,
1954 2761 2050 2816 sed

462 2860 605 2933 quod
635 2859 749 2915 ﬁeri
779 2859 938 2914 solet.
965 2857 1076 2913 Cur
1104 2856 1250 2911 enim
1278 2870 1384 2910 non
1412 2854 1632 2909 auribus
1666 2852 1933 2916 videmus,
1964 2851 2048 2907 in-

462 2953 633 3023 quiet.
662 2966 765 3006 nec
802 2948 973 3005 oculis
1001 2946 1286 3003 audimus?
1330 2960 1428 3001 cur
1460 2957 1574 3000 non
1620 2958 1751 2999 naso
1779 2942 2049 3012 audimus,

464 3058 566 3100 nec
607 3042 827 3097 auribus
865 3039 1186 3096 olfacimus?
1213 3038 1269 3094 Si
1312 3053 1444 3109 ergo
1479 3037 1572 3093 illo
1604 3051 1667 3092 ea
1697 3036 1766 3092 de
1812 3052 1872 3092 re
1900 3051 2051 3107 qua:-

464 3143 638 3201 rente,
680 3147 786 3188 non
824 3145 1109 3203 possumus
1159 3130 1352 3185 horum
1390 3129 1655 3184 rationem
1701 3126 1952 3194 reddere,
1997 3137 2055 3184 et

464 3227 555 3283 ille
578 3225 770 3291 rideat,
789 3240 964 3279 annon
994 3223 1161 3293 magis
1185 3237 1284 3278 nos
1313 3221 1647 3278 ridebimus?
1669 3221 1800 3277 Nam
1825 3222 1871 3277 si
1892 3223 2055 3278 ambo

466 3333 533 3373 ex
593 3315 785 3373 eodem
838 3315 1065 3371 cerebro
1119 3313 1435 3383 principium
1495 3312 1733 3379 habent,
1789 3312 2056 3383 amboque

470 3405 714 3463 membra
756 3406 925 3460 vicina
964 3412 1106 3470 sunt,
1136 3403 1405 3474 quomodo
1442 3418 1547 3458 non
1573 3403 1762 3459 eadem
1791 3403 1905 3475 ipsa
1934 3418 2057 3474 pose

467 3507 594 3553 sunt
614 3498 824 3553 facere?
846 3497 955 3552 Sed
979 3512 1084 3551 non
1109 3496 1400 3567 poterimus
1416 3510 1632 3550 causam
1655 3495 1855 3556 dicere.
1879 3511 2057 3566 neque

466 3588 685 3646 modum
713 3587 994 3643 ineffabilis
1029 3597 1083 3643 et
1113 3587 1274 3642 varize
1312 3586 1680 3657 operationis;
1712 3596 1768 3642 et
1803 3587 1849 3641 si
1880 3596 2056 3643 tente-

469 3695 626 3747 mus,
673 3678 1035 3735 irridebimur.
1080 3677 1204 3734 Ideo
1256 3678 1348 3734 Dei
1395 3679 1644 3748 potentia:
1686 3689 1740 3735 et
1779 3679 2059 3736 immensae

471 3775 747 3846 sapientia:
789 3773 1063 3838 cedentes,
1097 3782 1391 3828 taceamus.
1423 3774 1501 3828 Ita
1546 3788 1675 3843 ergo
1723 3774 1767 3829 si
1810 3788 1897 3837 ea,
1938 3789 2060 3844 qua:

472 3867 568 3923 Dei
588 3875 731 3934 sunt,
757 3880 851 3936 per
867 3875 1143 3920 externam
1170 3862 1486 3933 sapientiam
1503 3862 1774 3931 explicare
1804 3862 2057 3931 velimus,

468 3960 675 4015 multus
698 3967 954 4029 sequetur
980 3957 1144 4022 risus,
1171 3971 1279 4010 non
1310 3965 1528 4025 propter
1565 3969 1744 4009 rerum
1775 3953 2062 4010 imbecilli-

473 4062 660 4119 tatem,
702 4050 798 4108 sed
848 4060 1065 4121 propter
1108 4048 1384 4104 hominum
1433 4048 1739 4102 amentiam.
1771 4048 1879 4103 Res
1917 4047 2059 4103 enim

473 4160 694 4216 magnas
720 4144 900 4199 nullus
934 4158 1112 4198 sermo
1148 4150 1325 4212 potest
1348 4140 1647 4211 explicare.
1678 4140 1930 4195 Animum
1961 4158 2060 4196 au-

475 4249 581 4293 tem
638 4236 870 4292 adhibe:
903 4251 1024 4291 cum
1070 4236 1290 4299 dixero,
1335 4233 1635 4290 Cruciﬁxus
1681 4244 1793 4302 est,
1843 4233 2064 4291 Grzncus

475 4330 649 4385 dicit:
682 4330 747 4384 Et
780 4327 1052 4399 quomodo
1095 4328 1198 4382 hoc
1238 4326 1432 4382 rationi
1481 4335 1902 4382 consentaneum
1944 4327 2063 4382 est?

475 4424 579 4481 sibi
623 4439 729 4479 non
758 4438 913 4494 opem
950 4421 1069 4477 tulit
1100 4436 1221 4476 enm
1251 4420 1656 4491 crucifigeretur
1682 4429 1738 4477 et
1768 4430 2065 4478 tentaretur

478 4528 721 4588 tempore
763 4515 977 4582 crucis;
1018 4523 1075 4571 et
1099 4514 1368 4585 quomodo
1408 4521 1594 4586 postea
1638 4512 1968 4581 resurrexit,
2009 4522 2066 4571 et

477 4611 599 4666 aliis
641 4626 799 4681 opem
851 4609 1007 4665 tulit?
1053 4623 1175 4664 nam
1225 4608 1272 4663 si
1319 4616 1565 4677 poterat,
1615 4606 1895 4676 oportebat
1941 4618 2065 4665 ante

478 4710 704 4757 mortem
754 4716 912 4771 agere
958 4701 1107 4768 (nam
1143 4698 1247 4753 hoc
1284 4712 1500 4770 quoque
1546 4696 1797 4752 dicebant
1824 4696 2061 4771 Judaei):

478 4793 571 4862 qui
608 4803 785 4847 antem
831 4792 935 4846 sibi
975 4792 1077 4861 ipsi
1110 4806 1267 4862 opem
1318 4805 1423 4844 non
1458 4788 1597 4856 tulit,
1640 4789 1916 4859 quomodo
1945 4790 2066 4848 aliis

481 4886 599 4940 tulit
615 4884 757 4939 ?non
774 4884 995 4946 esthoc,
1016 4882 1208 4952 inquit,
1229 4880 1422 4935 rationi
1441 4886 1882 4935 consentaneum.
1903 4879 2063 4937 Jure:

480 4985 566 5032 est
589 4975 733 5031 enim
763 4983 916 5040 crux,
948 4988 983 5028 o
1012 4972 1194 5039 homo,
1226 4987 1385 5042 supra
1418 4971 1678 5027 rationem
1700 4979 1754 5026 et
1779 4971 2067 5030 ineﬁ‘abilis

480 5068 713 5125 virtutis.
745 5066 876 5122 Nam
902 5065 956 5120 in
986 5064 1142 5119 malis
1170 5064 1422 5135 gravibus
1443 5062 1816 5133 constitutum,
1856 5064 1921 5119 iis
1950 5081 2067 5119 ma-

481 5162 550 5218 lis
574 5160 907 5231 superiorem
932 5172 1213 5230 apparere,
1255 5166 1310 5213 et
1337 5156 1416 5212 sic
1454 5170 1802 5227 congressum
1829 5158 2064 5222 vincere,

477 5253 761 5310 immensa:
800 5250 1013 5308 virtutis
1048 5258 1152 5306 est.
1182 5249 1254 5306 Ut
1279 5249 1423 5305 enim
1449 5248 1503 5304 in
1547 5248 1717 5304 tribus
1749 5250 1945 5320 pueris,
1986 5250 2070 5305 in-

484 5357 697 5414 gressos
722 5342 775 5398 in
804 5342 1075 5398 fornacem
1105 5342 1451 5397 conculcasse
1473 5338 1743 5395 flammam
1771 5342 2068 5399 mirabilius

486 5444 622 5499 erat,
650 5450 808 5505 quam
859 5435 907 5490 si
953 5434 1183 5506 ingressi
1210 5450 1315 5489 non
1347 5432 1613 5501 fuissent;
1654 5444 1709 5491 et
1752 5436 1982 5504 inJona,
2014 5436 2067 5491 in

485 5540 665 5584 cetum
695 5527 1020 5583 incidentem
1053 5543 1082 5581 a
1122 5526 1297 5582 bellua
1329 5526 1462 5581 nihil
1492 5541 1710 5598 passum
1754 5543 1874 5584 esse
1902 5528 2069 5584 multo

489 5620 662 5689 majus
689 5629 825 5684 erat,
857 5635 1018 5691 quam
1042 5618 1087 5674 si
1115 5634 1218 5675 non
1249 5618 1526 5674 incidisset
1548 5635 1564 5677 ;
1592 5620 1672 5675 sic
1696 5627 1751 5675 et
1775 5618 1828 5674 in
1853 5620 2070 5676 Christo

493 5713 645 5781 longe
663 5711 958 5768 mirabilius
976 5711 1073 5767 fuit
1092 5721 1357 5767 mortuum
1388 5710 1614 5766 solvisse
1641 5720 1890 5777 mortem,
1911 5728 2068 5776 quam

489 5805 538 5859 si
570 5817 806 5863 mortttus
835 5824 937 5863 non
969 5807 1173 5864 fuisset.
1211 5807 1281 5862 Ne
1301 5804 1451 5862 dicas
1472 5819 1624 5877 ergo,
1658 5807 1771 5865 Cur
1790 5805 1891 5865 sibi
1916 5822 2073 5878 Opem

2153 464 2258 504 non
2291 447 2412 504 tulit
2434 448 2487 503 in
2518 450 2715 504 cruce?
2754 449 2885 504 Nam
2915 466 3037 505 cum
3066 461 3237 507 morte
3268 454 3561 525 confligere
3589 456 3756 512 vole-

2143 539 2255 594 bat.
2286 538 2400 593 Non
2429 538 2708 594 descendit
2748 540 2816 596 de
2854 556 3034 609 cruce,
3082 558 3188 598 non
3214 546 3356 614 quod
3389 563 3495 602 non
3525 558 3751 617 posset,

2145 631 2240 686 sed
2267 631 2405 701 quod
2431 632 2613 686 nollet.
2642 633 2775 688 Eum
2797 634 2939 689 enim
2963 650 3124 703 quem
3150 637 3336 693 mortis
3363 640 3612 709 tyrannis
3641 641 3755 696 de-

2148 723 2318 779 tinere
2365 739 2470 779 non
2517 724 2716 794 potuit,
2762 729 3030 799 quomodo
3078 729 3223 785 clavi.
3259 732 3437 786 crucis
3478 732 3754 789 detinere

2147 818 2491 888 potuissent?

2217 912 2274 967 2.
2317 911 2424 968 Sed
2461 912 2577 969 haec
2598 912 2753 969 nobis
2780 924 2901 969 nota
2924 925 3070 982 sunt,
3098 917 3406 976 inﬁdelibus
3436 934 3542 975 non
3574 920 3752 976 item.

2150 1002 2280 1058 Ideo
2315 1002 2545 1072 dicebat,
2591 1006 2811 1062 verbum
2854 1006 3030 1063 crucis
3067 1010 3415 1079 pereuntibus
3448 1011 3754 1067 stultitiam

2146 1109 2289 1159 esse,
2321 1094 2477 1151 nobis
2506 1105 2683 1152 autem
2708 1098 2934 1153 salutem
2959 1101 3437 1170 consequentibus,
3474 1102 3754 1159 virtutem

2147 1200 2271 1242 esse
2295 1186 2411 1243 Dei.
2442 1186 2705 1258 Scriptum
2737 1198 2812 1242 est
2836 1190 2969 1243 enim
2998 1204 3016 1245 :
3042 1188 3271 1246 Perdant
3303 1194 3610 1262 sapientiam
3655 1212 3756 1247 sa-

2148 1277 2416 1348 pientium,
2459 1288 2506 1332 et
2545 1279 2867 1348 prudentiam
2896 1281 3219 1352 prudentium
3248 1284 3547 1353 reprababa.
3588 1285 3757 1341 Nihil

2147 1382 2309 1437 grave
2338 1369 2596 1424 hactenus
2622 1372 2819 1440 posuit,
2848 1372 2943 1426 sed
2974 1372 3147 1441 primo
3169 1373 3236 1429 atl
3265 1376 3556 1445 Scriptum
3583 1380 3755 1433 testi-

2150 1458 2388 1514 monium
2418 1460 2583 1527 venit,
2612 1470 2669 1516 et
2700 1473 2827 1518 tunc
2854 1463 3045 1519 ﬁducia
3075 1464 3199 1520 inde
3240 1479 3536 1539 assumpta,
3566 1470 3753 1525 vehe-

2150 1552 2412 1607 mentiore
2439 1553 2605 1609 utitur
2630 1570 2902 1622 sermone,
2935 1567 2990 1613 et
3026 1558 3101 1612 ait
3124 1575 3138 1611 :
3173 1558 3360 1614 Nonne
3383 1560 3595 1616 stultam
3622 1566 3757 1624 fecit

2150 1642 2287 1698 Deus
2314 1645 2613 1714 sapientiam
2634 1647 2785 1717 hujus
2815 1648 3028 1703 mundi?
3049 1648 3135 1703 ubi
3151 1651 3389 1721 sapiens?
3414 1653 3502 1707 ubi
3527 1656 3711 1709 scriba
3730 1657 3759 1709 ?

2149 1734 2233 1788 ubi
2250 1736 2557 1805 conquisitor
2567 1739 2719 1810 hujus
2735 1740 2908 1793 steculi
2920 1740 2945 1794 .7
2959 1756 3126 1795 nonne
3140 1742 3346 1797 stultam
3361 1746 3479 1815 fecit
3495 1746 3639 1802 Deus
3653 1765 3755 1802 sa-

2151 1826 2390 1895 pientiam
2403 1829 2556 1898 hujus
2570 1830 2781 1884 mundi?
2794 1831 2857 1885 21
2871 1870 2882 1885 .
2904 1829 3047 1885 Nam
3056 1833 3180 1903 quia
3190 1834 3243 1888 in
3257 1836 3507 1905 sapientia
3526 1836 3623 1893 Dei
3641 1857 3760 1894 non

2150 1920 2378 1987 cognouit
2406 1919 2627 1975 mundus
2651 1937 2741 1991 per
2759 1922 3061 1992 sapientiam
3080 1922 3276 1993 Deum,
3296 1926 3487 1996 placuit
3509 1928 3623 1983 Deo
3659 1949 3756 1999 per

2150 2011 2417 2065 stultitiam
2459 2014 2835 2081 praedicationis
2879 2015 3046 2071 salvos
3070 2021 3240 2088 facere
3281 2020 3560 2077 credentes.
3602 2024 3761 2079 Cum

2151 2100 2393 2169 dixisset,
2424 2101 2682 2175 Scriptum
2706 2116 2802 2173 est,
2832 2106 3051 2161 Perdant
3077 2109 3388 2180 sapientiam.
3406 2115 3754 2184 sapientium,

2155 2206 2222 2247 ex
2254 2192 2415 2247 rebus
2444 2194 2954 2253 demonstratiuaem
2991 2198 3218 2267 inducit,
3260 2202 3448 2259 dicens
3478 2220 3492 2257 :
3520 2203 3622 2260 Ubi
3656 2224 3755 2261 sa-

2154 2284 2335 2354 piens?
2361 2284 2446 2340 ubi
2492 2287 2697 2342 scriba?
2736 2288 2896 2343 simul
2937 2299 2992 2345 et
3018 2289 3235 2348 Judaeos
3276 2303 3332 2349 et
3364 2294 3583 2352 Gnecos
3617 2316 3758 2366 pcr-

2152 2374 2441 2447 stringens.
2464 2377 2594 2445 Quis
2622 2378 2767 2434 enim
2807 2380 3177 2452 philosOphus,
3208 2384 3327 2455 quis
3355 2401 3541 2443 eorum
3564 2390 3665 2459 qui
3698 2392 3758 2447 in

2153 2467 2475 2538 syllogismis
2500 2471 2698 2526 versati
2725 2482 2873 2540 sunt,
2903 2474 3025 2543 quis
3068 2491 3132 2530 ex
3180 2476 3247 2533 iis
3272 2479 3365 2548 qui
3387 2480 3609 2539 Judaica
3643 2500 3756 2540 no-

2153 2570 2298 2625 runt,
2344 2561 2569 2617 salutem
2595 2562 2745 2618 dedit
2771 2574 2825 2619 et
2850 2565 3141 2621 veritatem.
3157 2568 3379 2625 docuit?
3397 2570 3568 2628 Nemo
3591 2590 3606 2639 ;
3649 2576 3757 2630 sed

2156 2660 2323 2708 totum
2349 2654 2671 2725 piscatorum
2705 2656 2823 2712 fuit.
2852 2657 2987 2714 Cum
3015 2664 3345 2731 prepositum
3365 2680 3493 2737 ergo
3521 2673 3761 2724 conclu-

2154 2746 2333 2814 siSScl,
2381 2747 2699 2820 illorumque
2742 2750 2938 2806 fastum
2974 2752 3351 2824 depressisset,
3382 2774 3446 2814 ac
3469 2759 3706 2818 dixisset
3740 2782 3762 2819 ι

2155 2838 2345 2895 Nonne
2376 2840 2653 2896 infamavit
2683 2842 2827 2898 Deus
2853 2843 3169 2915 sapientiam
3197 2848 3357 2917 hujus
3382 2851 3563 2905 mundi
3581 2852 3605 2905 ΐ
3625 2870 3761 2909 can-

2155 2945 2273 2988 Sam
2296 2933 2455 2990 etiam
2477 2932 2611 2989 dicit.
2631 2922 3025 3006 propterquam
3050 2936 3165 2993 haec
3184 2940 3254 2994 ita
3278 2939 3413 2996 facta
3435 2954 3579 2998 sunt.
3606 2946 3759 3014 Quia

2157 3024 2302 3080 enim
2332 3024 2383 3080 in
2424 3026 2689 3096 sapientia
2718 3026 2833 3095 Dei,
2864 3027 3056 3098 inquit,
3086 3046 3193 3085 non
3232 3037 3481 3103 cognovit
3508 3040 3759 3096 mundus

2158 3133 2255 3188 per
2279 3118 2597 3190 sapientiam
2629 3119 2832 3185 Deum;
2859 3134 2989 3175 crux
3020 3125 3288 3193 apparuit.
3326 3126 3462 3195 Quid
3498 3127 3762 3188 sibivult

2158 3218 2363 3279 autem,
2418 3209 2488 3264 In
2540 3211 2793 3280 sapientia
2837 3209 2971 3268 Dei?
2999 3211 3058 3267 In
3095 3224 3158 3270 ea
3200 3231 3322 3287 qua:
3360 3222 3610 3290 apparuit
3652 3239 3761 3294 per

2159 3316 2347 3373 opera,
2376 3316 2470 3374 per
2496 3318 2617 3374 quae
2653 3304 2906 3375 cognosci
2944 3305 3131 3361 voluit.
3170 3307 3460 3381 Propterea
3499 3314 3648 3369 enim
3696 3329 3759 3373 et

2161 3395 2277 3452 haec
2305 3404 2361 3452 et
2384 3398 2581 3454 similia
2609 3402 2876 3471 probavit,
2918 3412 2975 3459 ut
3004 3405 3386 3463 convenienter
3430 3423 3496 3465 ex
3526 3409 3594 3466 iis
3618 3427 3758 3483 qua:

2160 3499 2453 3547 cernuntur
2479 3491 2736 3550 Conditor
2781 3495 2834 3551 in
2880 3495 3238 3554 admiratione
3278 3499 3586 3557 haberetur.
3637 3504 3761 3560 Ma-

2161 3595 2322 3651 gnum
2344 3593 2429 3638 est
2448 3584 2661 3653 caelum,
2679 3594 2734 3642 et
2757 3587 3019 3643 immensa
3047 3597 3188 3647 terra
3216 3608 3231 3647 :
3258 3591 3598 3649 Conditorem
3616 3611 3762 3668 ergo

2163 3673 2376 3729 mirare.
2421 3674 2552 3731 Nam
2579 3692 2833 3748 magnum
2871 3678 2975 3736 hoc
3011 3681 3200 3737 celum
3245 3698 3352 3738 non
3396 3686 3555 3741 modo
3584 3689 3657 3744 ab
3688 3707 3759 3747 eo

2163 3766 2384 3834 factum,
2418 3769 2513 3825 sed
2538 3771 2692 3828 facile
2713 3770 2906 3828 factum
2935 3782 3038 3841 est,
3059 3784 3115 3831 et
3138 3775 3397 3833 immensa
3428 3788 3567 3835 terra
3594 3787 3765 3853 quasi

2165 3860 2293 3915 nihil
2325 3862 2577 3931 producta
2610 3862 2730 3920 fuit.
2756 3865 2883 3921 Ideo
2922 3866 2993 3924 de
3021 3868 3114 3924 illo
3147 3869 3364 3940 quidem
3393 3872 3543 3936 dicit,
3578 3873 3762 3945 Opera

2165 3952 2440 4024 digitorum
2480 3965 2682 4012 tuorum
2708 3966 2825 4012 sunt
2849 3959 2963 4013 σανιὶ
2999 3958 3172 4031 (Psal.
3206 3961 3328 4017 101.
3357 3962 3471 4031 26),
3499 3964 3570 4020 de
3609 3977 3762 4024 terra

2166 4053 2369 4110 autem,
2400 4044 2500 4112 Qui
2530 4054 2714 4101 terram
2740 4049 2857 4118 fecit
2884 4059 3138 4122 tamquam
3160 4052 3307 4106 nihil.
3340 4053 3473 4122 Quia
3499 4071 3630 4127 ergo
3654 4074 3762 4128 per

2173 4137 2310 4193 hanc
2336 4139 2651 4208 sapientiam
2678 4141 2849 4196 noluit
2875 4142 3040 4199 Deum
3067 4159 3417 4215 cognoscere,
3446 4164 3541 4219 per
3570 4153 3759 4209 stulti-

2168 4229 2317 4296 tiam,
2347 4246 2466 4301 qua:
2490 4246 2612 4288 esse
2633 4232 2862 4302 videtur,
2894 4235 3288 4304 przedicationis
3312 4242 3610 4309 persuasit;
3642 4260 3763 4299 non

2168 4338 2267 4395 per
2290 4325 2587 4395 ratiocinia,
2614 4326 2708 4382 sed
2736 4342 2833 4398 per
2853 4327 3032 4384 ﬁdem.
3057 4329 3131 4385 De
3156 4341 3355 4387 caetero
3376 4334 3463 4389 ubi
3492 4340 3765 4405 sapientia

2172 4417 2268 4473 Dei
2294 4427 2396 4485 est,
2421 4418 2652 4475 humana
2678 4435 2787 4476 non
2808 4421 2944 4475 ultra
2968 4430 3052 4476 est
3077 4437 3233 4493 opus.
3252 4422 3383 4479 Nam
3405 4426 3585 4483 dicere
3606 4445 3758 4495 eum,

2169 4511 2257 4581 qui
2275 4510 2417 4567 hunc
2435 4521 2635 4567 tantum
2660 4512 2917 4569 mundum
2938 4515 3161 4581 creavit,
3177 4515 3343 4571 Deum
3362 4532 3485 4573 esse
3504 4534 3767 4589 cportere

2170 4603 2429 4659 immensa
2458 4612 2513 4659 et
2532 4603 2782 4660 ineffabili
2809 4604 3008 4662 virtute
3046 4606 3357 4678 prmditum,
3386 4609 3636 4667 humana:
3665 4632 3763 4669 sa.

2172 4695 2385 4766 pientiaa
2411 4704 2527 4751 erat
2571 4696 2648 4750 sic
2678 4696 3005 4763 ratiocinari,
3047 4707 3103 4753 et
3130 4714 3223 4768 per
3250 4698 3370 4756 haec
3410 4700 3559 4757 illum
3606 4720 3764 4760 com-

2172 4785 2547 4857 prehendere:
2578 4802 2720 4841 nunc
2766 4797 2946 4843 autem
2994 4804 3100 4844 non
3143 4790 3461 4861 ratiociniis,
3510 4794 3607 4850 sed
3650 4797 3763 4853 ﬁde

2171 4879 2286 4935 sola
2326 4893 2465 4950 opus
2505 4887 2609 4934 est.
2650 4877 2785 4934 Nam
2828 4878 2881 4934 in
2921 4879 3236 4936 cruciﬁxum
3282 4895 3337 4939 et
3384 4886 3436 4939 in
3484 4888 3765 4956 sepultum

2173 4969 2415 5036 credere,
2463 4979 2519 5026 et
2565 4978 2771 5026 certum
2822 4970 3023 5028 habere
3067 4972 3313 5030 eumdem
3360 4976 3532 5045 ipsum
3568 4992 3762 5034 resur-

2175 5063 2377 5117 rcxisse
2404 5077 2467 5116 ac
2493 5076 2725 5131 superne
2754 5061 2965 5129 sedere,
3000 5062 3054 5118 id
3078 5065 3338 5135 sapientia
3378 5082 3483 5122 non
3510 5080 3634 5140 eget
3661 5087 3763 5127 nc-

2174 5173 2277 5227 que
2323 5156 2644 5223 ratiociniis,
2695 5154 2793 5213 sed
2835 5156 2960 5212 ﬁde.
3002 5158 3247 5228 Apostoli
3296 5160 3442 5216 enim
3484 5179 3589 5217 non
3629 5180 3759 5222 cum

2175 5249 2431 5320 sapientia
2455 5248 2722 5318 prodiere,
2752 5248 2847 5305 sed
2870 5265 2992 5304 cum
3023 5250 3144 5315 ﬁde,
3173 5250 3490 5323 fueruntque
3517 5261 3761 5315 externis

2175 5340 2503 5412 sapientibus
2533 5341 2884 5412 sapientiores
2909 5349 2964 5398 et
2990 5341 3353 5411 sublimiores,
3386 5352 3441 5399 et
3467 5353 3614 5400 tanto
3638 5364 3762 5404 tua-

2175 5435 2277 5505 gis,
2301 5443 2499 5504 quanto
2526 5434 2697 5505 majus
2726 5443 2807 5489 est
2828 5449 2888 5489 ea
2911 5450 3030 5505 qua:
3054 5435 3145 5491 Dei
3176 5448 3301 5491 sunt
3333 5435 3436 5493 ﬁde
3455 5438 3756 5511 suscipere,

2177 5542 2335 5597 qnam
2372 5528 2648 5582 ratiocinia
2679 5542 2935 5583 movere:
2968 5527 3071 5583 hoc
3098 5529 3243 5583 enim
3273 5529 3560 5585 humanam
3589 5546 3759 5602 supe-

2178 5629 2260 5675 rat
2302 5630 2556 5675 mentem.
2602 5619 2882 5689 Quomodo
2918 5630 3097 5675 autem
3137 5620 3367 5691 perdidit
3394 5622 3760 5691 sapientiam?

2181 5714 2281 5769 Per
2309 5714 2527 5768 Paulum
2547 5723 2604 5769 et
2632 5714 2836 5769 similes
2863 5712 3017 5769 nobis
3050 5712 3316 5784 cognitus,
3347 5714 3581 5769 ostendit
3604 5714 3757 5772 illam

2186 5804 2423 5862 inutilem
2469 5821 2607 5862 esse.
2660 5805 2739 5861 Ad
2786 5804 3175 5876 suscipiendam
3220 5805 3362 5860 enim
3393 5806 3759 5876 evangelicani
