3864 6216
82 333 159 386 3|
718 347 725 355 ’
1160 331 1227 387 ΙΝ
1262 331 1482 391 EPIST.
1530 332 1669 389 IAD
1706 331 1739 388 C

1828 333 1866 389 ι.
1908 330 2146 390 Ηοιιιι..
2174 334 2264 391 ιν.
2592 346 2593 349 ‘
3322 338 3394 397 32

170 451 271 525 Μὴ
304 452 617 527 θορυϐεῖσθε
637 449 731 508 οῦν
752 470 765 483 ·
796 452 859 507 οὐ
891 452 997 525 γὰρ
1022 452 1173 517 ξένον
1195 452 1319 507 οὐδὲ
1350 453 1502 524 παρὰ
1525 469 1699 525 προσ-

80 547 294 603 δοκίαν
323 547 384 602 τὸ
407 548 709 619 γινόμενον,
741 546 803 600 τὺ
834 544 1192 618 χλευάζεσθαι
1212 545 1281 599 τά
1308 544 1521 617 μεγάλα
1550 543 1701 615 παρά

77 639 213 694 τῶν
264 641 659 710 ἐξεστηκότων.
703 639 844 703 Τοὺς
880 638 939 692 δέ
982 637 1129 692 οὕτω
1189 638 1569 709 διακειμένους
1615 635 1703 689 διὰ

80 734 302 802 σοφίας
333 733 681 806 ἀνθρωπίνης
717 732 927 787 πείθειν
964 732 1064 787 οὐκ
1105 731 1184 786 ένι
1209 749 1224 764 ⁸
1262 731 1420 795 ἀλλά,
1454 732 1557 786 κᾶν
1585 730 1709 802 βου-

77 829 278 901 ληθῇς
312 827 454 883 οῦτω
482 829 688 894 πεῖσαι,
717 826 779 879 τὸ
803 824 1047 880 ἐναντίον
1072 825 1248 888 ποιεῖς
1269 841 1284 856 ·
1307 825 1375 878 τά
1400 824 1510 895 7&9
1535 824 1709 894 ὑπερ-

78 918 366 977 ϐαίνοντα
403 920 665 992 λογισμὸν
696 918 937 983 πίστεως
975 918 1152 971 δεῖται
1198 916 1388 988 μόνης.
1426 917 1537 971 Καὶ
1574 915 1707 987 γὰρ,

81 1014 168 1067 ἂν
218 1014 468 1081 θέλωμεν
516 1013 729 1067 πείθειν
776 1012 867 1066 διά
911 1009 1213 1083 λογισμῶν,
1270 1010 1387 1075 πῶς
1420 1009 1711 1081 ἄνθρωπος

80 1107 331 1177 ἐγένετο
358 1109 387 1161 6
419 1107 572 1172 Θεὸς,
608 1107 706 1161 καὶ
731 1107 815 1169 είς
855 1105 1075 1176 μήτραν
1102 1101 1325 1171 εἰσῆλθε
1345 1101 1705 1174 παρθενικὴν,

86 1199 201 1253 καὶ
229 1198 309 1271 μὴ
341 1201 411 1270 τῇ
449 1198 632 1251 πίστει
673 1196 735 1251 τὸ
773 1197 1010 1267 πρᾶγμα
1048 1193 1458 1266 ἐπιτρέψωμεν,
1508 1191 1712 1263 μᾶλλον

84 1295 311 1347 ἐκεῖνοι
332 1291 818 1361 καταγελάσονται.
848 1290 994 1360 Ἀρα
1020 1289 1069 1342 οί
1089 1288 1373 1357 λογισμοῖς
1395 1285 1709 1354 ζητοῦντες,

81 1382 254 1442 οὗτοί
298 1388 439 1441 είσιν
463 1387 513 1439 οί
549 1383 939 1454 ἀπολλύμενοι.
973 1381 1087 1436 Ka1
1114 1382 1169 1436 τί
1196 1380 1343 1451 λέγω
1373 1381 1504 1451 περὶ
1537 1378 1709 1445 Θεοῦ;

97 1481 247 1535 Ἐπὶ
266 1480 380 1551 7&9
404 1478 514 1533 τῶν
541 1478 859 1548 κτισμάτων
897 1476 965 1531 ἂν
986 1473 1148 1529 τοῦτο
1176 1475 1516 1546 ποιήσωμεν,
1544 1470 1713 1537 πολὺς

83 1569 302 1636 ἕψεται
328 1568 524 1639 γέλως.
558 1568 741 1621 Ἔστω
778 1567 887 1638 7&9
910 1566 1201 1638 ἄνθρωπος
1229 1566 1411 1620 πάντα
1447 1564 1713 1636 βουλόμε-

84 1679 193 1725 νος
216 1660 505 1730 λογισμοῖς
542 1657 859 1729 μανθάνειν,
887 1656 985 1712 καὶ
1020 1654 1304 1727 πειράσθω
1326 1653 1406 1726 τῷ
1431 1653 1583 1726 παρά
1614 1654 1710 1709 σοῦ

84 1753 256 1824 λόγῳ
289 1752 597 1817 πείθεσθαι,
634 1750 752 1815 πῶς
783 1748 1057 1820 βλέπομεν
1088 1747 1152 1802 τὸ
1174 1745 1292 1817 φῶς
1312 1764 1326 1778 ·
1354 1748 1421 1801 σὺ
1460 1746 1518 1801 δέ
1546 1746 1711 1803 αὐτὸν

86 1844 364 1917 λογισμῷ
401 1843 609 1898 πείθειν
645 1841 840 1914 πειρῶ.
882 1840 1025 1894 Ἀλλ’
1059 1841 1160 1895 οὐκ
1191 1839 1260 1894 ἂν
1289 1838 1436 1910 ἐχοις
1457 1855 1472 1870 ·
1504 1838 1574 1893 ἂν
1602 1838 1713 1913 γὰρ

87 1943 298 2013 εἴπῃς,
334 1941 418 1994 ὅτι
443 1938 608 2011 ἀρκεῖ
628 1938 757 2001 τοὺς
794 1935 1114 2008 ὀφθαλμοὺς
1147 1933 1437 2001 ἀνοίξαντα
1465 1933 1708 2004 βλέπειν,

88 2035 161 2088 οὐ
194 2034 296 2088 τὸν
341 2031 543 2104 τρόπον
577 2029 833 2102 εἴρηκας,
882 2027 1022 2083 ἀλλά
1067 2026 1131 2082 τὸ
1168 2026 1479 2098 γινόμενον.
1520 2026 1621 2081 Διά
1658 2025 1712 2079 τί

91 2125 223 2197 7&9
255 2124 335 2197 μὴ
355 2127 422 2195 τῇ
458 2124 594 2194 ἀκοῇ
629 2121 928 2193 βλέπομεν,
961 2121 1119 2192 φησὶ,
1153 2121 1249 2175 καὶ
1276 2122 1390 2186 τοῖς
1413 2118 1715 2192 ὀφθαλμοῖς

92 2216 430 2287 ἀκούομεν;
458 2214 548 2269 διά
589 2213 642 2266 τί
668 2212 780 2285 7&9
814 2212 889 2284 μὴ
930 2214 997 2283 τῇ
1032 2214 1143 2284 ριν).
1184 2211 1480 2284 ἀκούομεν,
1514 2214 1611 2267 καὶ
1644 2215 1713 2285 τῇ

95 2312 253 2380 ἀκοῇ
292 2305 741 2379 ὀσφραινόμεθα;
785 2304 885 2358 Ἂν
921 2304 1138 2369 τοίνυν,
1183 2303 1518 2376 ἀποροῦντος
1548 2303 1713 2359 αὐτοῦ

96 2418 175 2453 πε
185 2400 249 2473 91
272 2398 504 2462 τούτων,
549 2396 623 2468 μὴ
658 2394 944 2466 δυνώμεθα
965 2394 1056 2448 τὸν
1084 2394 1245 2465 λόγον
1274 2395 1565 2450 ἀποδοῦναι
1591 2397 1715 2452 τού-

94 2510 248 2557 των,
278 2491 491 2554 ἐκεῖνος
530 2487 713 2560 μέλλει
736 2486 922 2559 γελᾷν;
956 2486 1018 2539 ού
1057 2486 1322 2558 μειζόνως
1348 2489 1512 2559 ἡμεῖς
1547 2506 1716 2543 κατα-

98 2581 506 2651 γελασόμεθα;
549 2580 612 2632 Εἰ
661 2579 770 2651 7&9
819 2578 1110 2651 ἀμφότερα
1152 2575 1213 2644 ἐξ
1251 2579 1371 2643 ἐνὸς
1411 2581 1715 2651 ἐγκεφάλου

100 2676 212 2745 τὴν
251 2675 433 2744 ἀρχὴν
454 2673 587 2743 ἔχει,
618 2672 710 2725 καὶ
737 2671 1026 2743 ἀμφότερα
1053 2670 1305 2742 ἀλλήλοις
1334 2673 1630 2741 γειτνιάζει
1649 2675 1718 2729 τά

108 2768 288 2839 μέλη,
330 2767 450 2832 πῶς
481 2767 544 2821 ού
579 2764 649 2819 τὰ
680 2764 820 2819 αύτά
852 2764 1077 2820 δύναται
1108 2767 1316 2829 ποιεῖν;
1355 2765 1498 2819 Ἀλλ’
1527 2768 1589 2821 ού
1623 2768 1717 2821 δυ-

102 2861 406 2935 νησόμεθα
463 2861 641 2914 εἰπεῖν
692 2859 790 2929 τὴν
840 2857 1023 2913 αἰτίαν
1064 2857 1187 2912 ούδέ
1240 2857 1331 2913 τὸν
1378 2860 1581 2931 τρόπον
1619 2861 1719 2932 τῆς

105 2956 339 3028 ἀφάτου
369 2954 462 3009 καὶ
492 2946 747 3022 ποικίλης
783 2951 1088 3023 ἐνεργείας,
1118 2950 1279 3016 ἀλλά,
1310 2951 1413 3006 κᾶν
1443 2954 1722 3027 ἐπιχειρή-

110 3066 337 3121 σωμεν,
390 3044 842 3116 καταγελώμεθα.
886 3044 989 3099 Διά
1028 3061 1113 3097 τοι
1160 3043 1319 3099 τοῦτο
1356 3047 1423 3116 τῇ
1461 3044 1555 3099 τοῦ
1583 3046 1721 3100 Θεοῦ

107 3143 356 3212 δυνάμει
378 3141 475 3193 καὶ
503 3141 569 3209 τῇ
603 3137 818 3208 ἀπείρῳ
845 3135 1009 3208 σοφίᾳ
1037 3134 1524 3208 παραχωροῦντες,
1566 3138 1724 3210 σιγή..

113 3251 334 3305 σωμεν.
360 3231 517 3286 Οῦτω
548 3230 731 3285 τοίνυν
767 3230 861 3284 καὶ
893 3229 961 3284 τά
988 3229 1083 3283 τοῦ
1127 3229 1263 3284 Θεοῦ
1294 3229 1392 3284 ἐὰν
1427 3231 1494 3302 τῇ
1523 3228 1725 3297 ἔξωθεν

115 3324 294 3397 σοφίᾳ
330 3322 680 3395 βουληθῶμεν
702 3321 1078 3393 παραστῆσαι,
1110 3320 1280 3385 πολὺς
1303 3320 1496 3391 ἕψεται
1526 3321 1720 3391 γέλως,

112 3420 182 3473 ού
217 3416 380 3487 παρά
412 3415 510 3487 τὴν
544 3414 654 3468 τῶν
687 3412 1032 3485 πραγμάτων
1065 3413 1374 3479 ἀσθένειαν,
1399 3412 1537 3467 ἀλλά
1571 3414 1724 3486 παρᾶ

115 3513 227 3584 τὴν
250 3510 363 3565 τῶν
386 3508 691 3580 ἀνθρώπων
716 3506 923 3561 ἄνοιαν.
955 3506 1036 3560 Τά
1060 3505 1170 3578 7&9
1201 3505 1414 3578 μεγάλα
1446 3507 1605 3576 λόγος
1634 3508 1726 3560 οὐ·

114 3605 240 3668 δεῖς
292 3601 652 3674 παραστῆσαι
695 3600 941 3655 δύναται.
995 3599 1200 3653 Σκόπει
1242 3599 1334 3653 δέ·
1360 3600 1531 3654 Ὅταν
1564 3601 1723 3666 είπω,

130 3695 520 3766 Ἐσταυρώθη.
563 3696 593 3748 6
639 3694 841 3764 Ἕλλην
881 3693 1064 3761 λέγει’
1100 3691 1213 3746 Ka1
1246 3690 1362 3753 πῶς
1395 3692 1461 3747 ἂν
1490 3691 1603 3763 ἔχοι
1639 3691 1730 3747 λό-

116 3810 225 3861 γον
248 3789 447 3855 τοῦτο;
476 3787 657 3859 ἐαυτῷ
684 3788 787 3841 οὐκ
808 3787 983 3858 Ιἤμυνε
1016 3802 1249 3856 σταυρου
1258 3785 1403 3856 μένῳ
1425 3786 1519 3839 καὶ
1544 3803 1732 3859 πειρα-

119 3880 356 3951 ζομένῳ
377 3879 520 3933 κατά
550 3877 644 3932 τὸν
669 3876 863 3948 καιρὸν
891 3876 986 3930 τοῦ
1023 3874 1279 3947 σταυροῦ,
1315 3878 1407 3930 καὶ
1431 3875 1553 3939 πῶς
1592 3876 1731 3947 μετά

115 3973 311 4029 ταῦτα
342 3973 566 4042 ἀνέστη,
606 3970 702 4023 καὶ
735 3968 943 4039 ἑτέροις
975 3968 1220 4039 ῆμυνεν;
1250 3969 1298 4021 εί
1344 3967 1454 4040 7&9
1486 3967 1731 4034 ἐδύνατο,

121 4062 243 4135 πρὸ
263 4060 363 4115 τοῦ
395 4061 625 4115 θανάτου
650 4058 758 4113 ἔδει
782 4058 962 4130 (τοῦτο
982 4058 1090 4129 γάρ
1115 4059 1210 4113 καὶ
1242 4058 1483 4112 Ἰουδαῖοι
1503 4058 1730 4128 ἔλεγον)’

121 4160 154 4211 6
176 4156 241 4210 δὲ
271 4152 455 4225 ἑαυτῷ
490 4152 565 4223 μὴ
600 4151 836 4222 ἀμύνας,
871 4152 991 4216 πῶς
1017 4151 1199 4216 ἄλλοις
1242 4152 1491 4223 ῆμυνενς
1532 4152 1632 4206 ούκ
1669 4152 1737 4208 ἄν

125 4247 254 4322 [25]
286 4245 406 4316 ἔχοι
433 4245 612 4313 λόγον,
644 4243 798 4315 φησί.
822 4244 1065 4307 Είκότως
1086 4256 1136 4283 α’
1166 4245 1260 4296 καί
1284 4243 1394 4316 7&9
1424 4245 1564 4318 ὑπὲρ
1580 4244 1737 4314 λόγον

125 4339 311 4403 ἐστὶν,
341 4336 621 4409 ἄνθρωπε,
658 4336 752 4390 καὶ
787 4335 996 4404 ἀφάτου
1021 4335 1350 4408 δυνάμεωςὸ
1378 4336 1631 4410 σταυρός.
1665 4336 1740 4389 T6

128 4432 247 4502 7&9
277 4432 337 4484 ἐν
365 4431 479 4493 τοῖς
503 4429 699 4491 δεινοῖς
725 4428 1041 4499 γενόμενον,
1069 4427 1342 4499 ἀνώτερον
1371 4429 1604 4501 φανῆναι
1632 4428 1741 4482 τῶν

128 4525 357 4588 δεινῶν,
404 4524 501 4577 καὶ
547 4522 944 4593 συμπλακέντα
992 4521 1237 4592 νικῆσαι,
1284 4520 1569 4592 δυνάμεώς
1596 4522 1743 4575 ἐστιν

130 4618 399 4689 ἀπείρου.
435 4617 649 4687 Ὠσπερ
692 4614 801 4686 γὰρ
834 4615 926 4668 ἐπὶ
955 4613 1064 4668 τῶν
1088 4612 1257 4685 τριῶν
1290 4612 1516 4678 παίδων,
1540 4613 1637 4667 τοῦ
1667 4614 1743 4685 μὴ

132 4710 385 4781 ἐμϐῆναι
417 4708 501 4772 είς
526 4706 625 4778 τὴν
656 4706 909 4777 κάμινον,
942 4705 1003 4759 τὸ
1031 4703 1312 4776 ἐμϐάντας
1358 4705 1745 4775 καταπατῆσαι

132 4803 237 4873 τὴν
263 4798 467 4871 φλόγα,
491 4797 939 4869 θαυμαστότερον
959 4791 1028 4867 ἦν
1052 4811 1066 4827 ο
1099 4795 1196 4849 καὶ
1225 4794 1319 4848 ἐπὶ
1339 4792 1435 4848 τοῦ
1451 4794 1624 4859 Ἰωνᾶ,
1650 4793 1744 4849 τοῦ

140 4894 221 4966 μὴ
270 4894 542 4963 ἐμπεσεῖν
574 4892 656 4954 είς
681 4890 743 4943 τὸ
791 4890 976 4959 κῆτος,
1005 4888 1068 4942 τὸ
1096 4888 1408 4959 ἐμπεσόντα
1443 4887 1610 4959 μηδὲν
1638 4887 1747 4943 ἀπὸ

136 4989 233 5043 τοῦ
264 4986 463 5060 θηρίου
493 4984 688 5040 παθεῖν
713 4983 897 5054 ἀηδὲς,
930 4980 1110 5054 πολλῷ
1138 4982 1322 5053 μεῖζον
1348 4976 1418 5053 ἦν
1441 4998 1456 5013 ’
1482 4979 1625 5035 οὕτω
1652 4983 1749 5037 καὶ

139 5082 235 5135 ἐπὶ
250 5078 349 5132 τοῦ
372 5075 634 5150 Χριστοῦ,
654 5074 750 5128 τοῦ
774 5073 848 5145 μὴ
867 5073 1181 5139 ἀποθανεῖν,
1199 5072 1262 5126 τὸ
1280 5070 1617 5127 ἀποθανόντα
1637 5072 1751 5125 δια-

139 5171 206 5224 λῦ
216 5190 306 5225 σαι
329 5170 423 5223 τὸν
441 5168 693 5233 θάνατον,
722 5165 1162 5238 παραδοξότερον
1176 5159 1262 5237 ἦν.
1281 5164 1374 5236 Μὴ
1399 5163 1580 5219 τοίνυν
1602 5163 1748 5233 λέγε·

143 5264 243 5318 Διά
270 5262 326 5316 τί
357 5261 462 5315 οὐκ
494 5261 703 5332 ἤμυνεν
750 5257 929 5328 ἐαυτῴ
970 5259 1028 5312 ἐν
1076 5255 1153 5327 τῷ
1186 5255 1440 5331 σταυρῷ;
1471 5255 1620 5327 αύτῴ
1643 5255 1752 5328 γὰρ

147 5355 547 5427 συμπλακῆναι
588 5352 852 5423 ἠπείγετο
892 5349 971 5421 τῷ
1014 5348 1248 5419 θανάτῳ.
1296 5349 1371 5403 Ού
1409 5349 1615 5420 κατέϐη
1646 5350 1753 5403 ἀπὺ

145 5451 239 5503 τοῦ
276 5446 545 5519 σταυροῦ,
584 5448 686 5500 οὐκ
736 5444 928 5515 ἐπειδὴ
972 5443 1076 5499 οὐκ
1122 5442 1375 5515 ἠδύνατο,
1415 5442 1533 5496 ἀλλ’
1564 5442 1754 5514 ἐπειδὴ

146 5544 248 5597 ούκ
269 5542 559 5613 ἠϐούλετο.
596 5542 694 5593 Ὃν
724 5539 835 5611 7&9
857 5540 891 5609 ή
918 5536 1173 5608 τυραννὶς
1197 5537 1259 5591 ού
1277 5534 1509 5607 κατέσχε
1538 5536 1631 5590 τοῦ
1657 5536 1753 5591 θα⁴

150 5638 338 5699 νάτου,
374 5634 496 5698 πῶς
521 5628 644 5707 ῆλοι
673 5629 919 5703 σταυροῦ
953 5628 1251 5702 κατασχεῖν
1282 5629 1577 5701 ὴδύναντο;

223 5728 288 5798 β’.
338 5726 505 5781 Ἀλλά
539 5726 714 5781 ταῦτα
754 5726 889 5797 ἡμῖν
930 5722 1209 5796 γνώριμα,
1248 5725 1362 5787 τοῖς
1406 5722 1464 5777 δέ
1505 5722 1755 5786 ἀπίστοις

154 5820 361 5881 οὐκέτι.
391 5819 493 5872 Διά
529 5818 691 5873 τοῦτο
724 5818 933 5889 ἔλεγεν,
976 5818 1060 5872 ὅτι
1091 5818 1120 5871 6
1148 5816 1307 5886 λόγος
1331 5817 1361 5869 6
1396 5815 1492 5870 τοῦ
1521 5816 1757 5889 σταυροῦ

157 5917 265 5978 τοῖς
296 5914 398 5984 μὲν
424 5911 816 5983 ἀπολλυμένοις
843 5911 1025 5985 μωρία
1052 5908 1192 5973 ἐστὶ,
1215 5911 1328 5976 τοῖς
1346 5909 1401 5965 δὲ
1427 5909 1755 5983 σωζομένοις

224 6055 239 6075 ⁸
272 6056 451 6107 Aberat
475 6052 687 6110 εἰκότως.

1806 452 1938 523 ἡμῖν
1975 452 2204 523 δύναμις
2245 450 2382 506 Θεοῦ
2420 453 2557 508 ἐστι.
2598 452 2937 525 Γέγραπται
2967 453 3079 525 γάρ
3101 469 3116 487 ⁸
3159 455 3394 512 Ἀπολῶ

1808 543 1923 612 τὴν
1937 545 2164 613 σοφίαν
2176 544 2297 599 τῶν
2317 544 2546 614 σοφῶν,
2575 546 2675 600 καί
2697 545 2813 616 τὴν
2835 547 3095 607 σύνεσιν
3113 546 3233 601 τῶν
3254 566 3403 604 συνο

1809 634 1961 690 ετῶν
1993 637 2285 703 ἀθετήσω.
2333 637 2499 691 Οὐδὲν
2560 638 2692 710 παρ’
2737 637 2935 694 ἐαυτοῦ
2965 638 3227 711 φορτικὸν
3267 640 3406 704 τέως

1806 730 2044 803 τίθησιν,
2080 731 2220 786 ἀλλὰ
2251 732 2518 805 πρότερον
2550 733 2644 787 ἐπὶ
2676 732 2777 804 τὴν
2828 731 3139 805 μαρτυρίαν
3180 732 3405 805 ἔρχεται

1806 824 1906 896 τῆς
1936 826 2181 897 Γραφῆς,
2211 825 2306 879 καὶ
2336 825 2460 879 τότε
2498 826 2596 897 τὴν
2624 826 2835 880 ἐκεῖθεν
2863 826 3183 899 παρρησίαν
3226 825 3411 882 λαϐὼν

1808 916 2325 989 καταφορικώτερον
2374 918 2641 989 κέχρηται
2674 920 2789 983 τοῖς
2822 917 3028 988 λόγοις,
3068 918 3164 973 καί
3195 935 3364 990 φησιν
3389 935 3404 950 ·

1812 1009 1959 1079 Οὐχὶ
1991 1009 2296 1080 ἐμώρανεν
2348 1014 2381 1066 ὁ
2428 1011 2572 1077 Θεὸς
2606 1009 2725 1080 τὴν
2764 1012 2995 1081 σοφίαν
3024 1009 3133 1065 τοῦ
3173 1011 3411 1080 κόσμου

1807 1103 2067 1168 τούτου;
2101 1104 2223 1160 ποῦ
2250 1105 2489 1174 σοφὸςς
2528 1104 2645 1159 ποῦ
2686 1105 3106 1175 τραμματεύς;
3143 1102 3263 1159 ποῦ
3293 1120 3411 1158 συ-

1811 1194 2066 1265 ζητητὴς
2102 1197 2211 1252 τοῦ
2259 1197 2477 1265 αίῶνος
2532 1198 2794 1264 τούτου;
2838 1198 2977 1269 οὐχὶ
3027 1196 3331 1268 ἐμώρανεν
3375 1199 3410 1251 ὁ

1813 1287 1959 1355 Θεὸς
2000 1288 2117 1356 τὴν
2161 1292 2391 1361 σοφίαν
2429 1291 2538 1347 τοῦ
2576 1293 2811 1363 κόσμου
2849 1294 3068 1347 τούτου
3091 1309 3131 1358 ;.
3165 1290 3408 1359 Ἐπειδὴ

1810 1380 1922 1451 γὰρ
1946 1381 2016 1435 ἐν
2040 1381 2117 1451 τῇ
2148 1385 2337 1453 σοφίᾳ
2365 1384 2471 1439 τοῦ
2502 1384 2650 1440 Θεοῦ
2678 1387 2790 1440 οὐκ
2820 1385 2974 1456 ἔγνω
3000 1388 3034 1440 ὀ
3062 1386 3291 1453 κόσμος
3311 1382 3411 1438 διὰ

1809 1470 1923 1541 τῆς
1948 1476 2173 1543 σοφίας
2195 1474 2304 1529 τὸν
2337 1475 2509 1541 Θεὸν,
2543 1476 2881 1546 εὐδόκησεν
2914 1480 2947 1531 ὀ
2974 1476 3121 1542 Θεὸς
3160 1475 3261 1530 διὰ
3294 1474 3409 1543 τῆς

1806 1565 2036 1635 μωρίας
2061 1565 2168 1620 τοῦ
2192 1569 2571 1638 κηρύγματος
2591 1569 2786 1624 σῶσαι
2817 1569 2959 1637 τοὺς
2984 1570 3407 1634 πιστεύοντας.

1812 1657 2000 1714 Είπὼν
2045 1660 2129 1714 ὃτι
2182 1661 2541 1730 Γέγραπται,
2595 1661 2830 1718 Ἀπολῶ
2868 1663 2986 1732 τὴν
3027 1663 3257 1732 σοφίαν
3293 1659 3412 1715 τῶν

1815 1750 2049 1822 σοφῶν,
2073 1753 2176 1825 τὴν
2204 1754 2313 1808 ἀπὸ
2347 1755 2459 1809 τῶν
2500 1757 2846 1828 πραγμάτων
2890 1757 3164 1822 ἀπόδειξιν
3211 1755 3413 1824 ἐπάγει

1813 1844 1990 1913 λέγων
2014 1861 2029 1876 ο
2080 1846 2207 1902 Ποῦ
2249 1849 2486 1917 a'ogadc;
2529 1848 2648 1904 ποῦ
2691 1851 3110 1919 τραμματεύς;
3146 1848 3280 1921 ὁμοῦ
3318 1852 3413 1905 καὶ

1824 1935 2097 2008 Ἐλλήνων
2152 1939 2251 1992 καὶ
2293 1940 2566 1994 Ἰουδαίων
2609 1940 3045 2012 καθαπτόμενος.
3093 1944 3253 2005 Ποῖος
3300 1942 3412 2013 γὰρ

1814 2026 2130 2097 φιλόσοφος,
2158 2027 2244 2092 τίς
2275 2027 2386 2082 τῶν
2432 2030 2563 2102 περὶ
2586 2031 2715 2094 τοὺς
2750 2030 3149 2104 συλλογισμοὺς
3184 2031 3413 2101 ἐσχολα-

1815 2117 2011 2201 κότων,
2045 2117 2131 2181 τίς
2162 2118 2275 2172 τῶν
2304 2119 2375 2174 τά
2413 2120 2685 2176 Ἰουδαίων
2718 2122 2936 2177 εἰδότων
2964 2122 3159 2189 ἔσωσε,
3194 2124 3289 2177 καὶ
3313 2122 3413 2194 τὴν

1815 2211 2077 2284 ἀλήθειαν
2121 2212 2454 2284 ἐγνώρισεν;
2507 2214 2623 2269 Οὐκ
2667 2214 2816 2269 ἔστιν
2864 2214 3062 2279 οὐδεὶς,
3123 2214 3259 2269 ἀλλὰ
3300 2216 3412 2269 τῶν

1817 2304 2014 2361 ἀλιέων
2052 2305 2115 2359 τὸ
2158 2306 2267 2361 πᾶν
2310 2305 2524 2377 γέγονε.
2575 2307 2942 2379 Συμπεράνας
2970 2310 3151 2361 τοίνυν
3187 2307 3250 2361 τὸ
3278 2325 3411 2381 προ-

1816 2399 2091 2471 κείμενον,
2116 2400 2211 2454 καὶ
2234 2400 2586 2470 κατενεγκὼν
2642 2400 2823 2455 αὐτῶν
2850 2400 2944 2455 τὸν
2976 2401 3166 2471 τῦφον,
3197 2401 3294 2454 καὶ
3336 2402 3415 2455 εί-

1818 2491 1939 2547 πών
1961 2511 1975 2525 ο
2006 2492 2157 2563 Οὐχί
2193 2492 2497 2564 ἐμώρανεν
2527 2496 2561 2548 ὸ
2590 2494 2737 2561 Θεὸς
2771 2493 2889 2561 τὴν
2923 2495 3151 2563 σοφίαν
3174 2492 3284 2548 τοῦ
3313 2496 3414 2549 κό-

1817 2601 1978 2656 σμου
2007 2587 2260 2651 τούτου;
2290 2585 2440 2654 λέγει
2465 2587 2557 2641 καὶ
2586 2585 2685 2658 τὴν
2719 2584 2920 2650 αἰτίαν,
2940 2583 3008 2638 δι’
3029 2585 3098 2655 ἢν
3119 2583 3296 2639 ταῦτα
3316 2583 3414 2652 γέ-

1819 2695 1977 2748 γονεν
2002 2677 2198 2742 οὕτως.
2243 2678 2465 2749 Ἐπειδὴ
2494 2676 2605 2749 γὰρ
2631 2678 2690 2730 ἐν
2710 2679 2777 2748 τῇ
2804 2676 2969 2747 σοφίᾳ
2990 2675 3087 2729 τοῦ
3120 2674 3282 2739 Θεοῦ,
3309 2690 3417 2746 φη-

1821 2771 1928 2837 σὶν,
1955 2770 2058 2824 οὐκ
2089 2769 2232 2839 ἔγνω
2271 2771 2300 2823 6
2338 2770 2547 2841 κόσμος
2579 2769 2669 2824 διὰ
2696 2769 2798 2840 τῆς
2842 2768 3036 2839 σοφίας
3076 2768 3169 2823 τὸν
3194 2768 3347 2832 Θεὸν,
3387 2770 3418 2824 6

1822 2858 2056 2931 σταυρὸς
2098 2858 2292 2929 ἐφάνη.
2361 2858 2426 2911 Τί
2480 2857 2536 2911 δέ
2587 2859 2759 2922 ἐστιν,
2819 2857 2925 2912 Ἐν
2970 2856 3048 2926 τῇ
3081 2858 3270 2927 σοφίᾳ
3308 2858 3419 2913 τοῦ

1825 2951 2009 3014 Θεοῦ;
2035 2952 2114 3023 Τῇ
2146 2950 2234 3004 διά
2267 2949 2379 3003 τῶν
2418 2949 2597 3021 ἔργων
2628 2949 2955 3023 φαινομένῃ,
2983 2949 3050 3003 δι’
3077 2943 3153 3004 ὧν
3184 2949 3420 3021 ἠθέλησε

1823 3040 2217 3113 γνωρισθῆναι.
2248 3040 2350 3095 Διά
2376 3040 2536 3093 τοῦτο
2557 3042 2667 3111 γὰρ
2688 3040 2845 3095 καύτά
2885 3041 2983 3094 καὶ
3024 3038 3253 3096 τοιαῦτα
3285 3059 3421 3097 κατ-

1823 3131 2141 3198 εσκεύασεν,
2170 3132 2258 3185 ἴνα
2283 3130 2565 3200 ἀναλόγως
2594 3133 2659 3185 ἐκ
2674 3131 2784 3184 τῶν
2813 3132 3109 3203 ὁρωμένων
3138 3134 3167 3187 6
3192 3135 3424 3207 ποιητὴς

1825 3222 2195 3295 θαυμάζηται.
2232 3221 2424 3291 Μέγας
2453 3223 2482 3276 6
2524 3220 2773 3293 οὐρανὸς,
2802 3221 2901 3276 καὶ
2942 3222 3358 3295 ἀπειροπληθὴς
3387 3224 3423 3295 ἠ

1825 3315 1933 3386 γῆ·
1987 3313 2268 3383 θαύμασον
2312 3312 2493 3366 τοίνυν
2535 3313 2628 3365 τὸν
2676 3312 3041 3384 πεποιηκότα.
3084 3315 3193 3369 Καὶ
3239 3314 3350 3387 γὰρ
3396 3317 3426 3369 6

1829 3406 2003 3479 μέγας
2032 3399 2188 3469 οὗτος
2230 3405 2290 3459 οὐ
2329 3405 2491 3475 μόνον
2533 3404 2752 3474 ἐγένετο
2782 3405 2874 3459 ὑπ’
2908 3406 3100 3474 αὐτοῦ,
3150 3408 3290 3462 ἀλλά
3332 3411 3427 3464 καὶ

1831 3498 1949 3569 μετ’
1977 3495 2250 3562 εὐκολίας,
2288 3496 2385 3550 καὶ
2417 3498 2446 3565 ἡ
2475 3496 2706 3568 ἄπειρος
2733 3495 2919 3568 ἐκείνη
2947 3498 3022 3569 γῆ
3056 3499 3153 3552 καὶ
3174 3499 3313 3573 αὑτὴ
3349 3500 3428 3565 ὡς

1828 3589 1981 3643 οὐδὲν
2030 3589 2333 3660 παρήγετο.
2369 3587 2467 3641 Διά
2495 3587 2653 3642 τοῦτο
2690 3589 2822 3661 περὶ
2860 3588 2960 3660 μὲν
2987 3591 3198 3645 ἐκείνου
3235 3593 3426 3663 φησὶν,

1829 3683 1912 3737 ὅτι
1946 3683 2126 3751 Ἔργα
2170 3679 2289 3735 τῶν
2321 3679 2641 3735 δακτύλων
2682 3680 2801 3735 σού
2844 3683 3003 3737 εἰσιν
3051 3686 3106 3738 οι
3134 3685 3384 3754 οὐρανοί
3410 3702 3426 3716 ο

1832 3777 1961 3848 περὶ
1986 3774 2044 3829 δέ
2082 3774 2182 3845 τῆς
2226 3774 2351 3845 γῆς,
2407 3773 2469 3827 '0
2503 3770 2768 3841 ποιήσας
2797 3773 2915 3843 τὴν
2957 3774 3075 3846 γῆν
3103 3776 3185 3843 ὡς
3225 3777 3430 3834 οὐδέν.

1846 3868 1999 3923 Ἐπεὶ
2022 3863 2115 3921 οὖν
2144 3864 2233 3919 διὰ
2260 3865 2361 3935 τῆς
2385 3863 2578 3935 σοφίας
2597 3863 2803 3935 ταύτης
2831 3864 2934 3919 ούκ
2962 3864 3199 3937 ἠθέλησε
3232 3867 3433 3938 γνωρί-

1835 3978 1929 4017 σαι
1956 3959 2048 4014 τὸν
2076 3957 2231 4024 Θεὸν,
2257 3957 2350 4011 διά
2374 3956 2474 4029 τῆς
2500 3954 2766 4026 δοκούσης
2789 3956 3003 4027 μωρίας
3033 3952 3175 4010 εἶναι
3202 3957 3299 4011 τοῦ
3328 3975 3432 4029 κη-

1838 4053 2117 4127 ρύγματος
2162 4049 2402 4112 ἔπεισεν,
2449 4048 2512 4102 ού
2551 4047 2642 4101 διὰ
2690 4048 2992 4119 λογισμῶν,
3025 4047 3162 4104 ἀλλά
3204 4048 3296 4103 διὰ
3333 4052 3434 4122 τῆς

1837 4146 2098 4207 πίστεως.
2138 4142 2339 4197 Λοιπὸν
2365 4141 2499 4195 ὅπου
2526 4140 2690 4209 σοφία
2732 4139 2891 4205 Θεοῦ,
2919 4140 3102 4195 οὐκέτι
3131 4140 3294 4212 χρεία
3339 4142 3435 4196 ἀν-

1840 4234 2139 4308 θρωπίνης.
2188 4233 2264 4287 Τὸ
2307 4231 2408 4303 μὲν
2440 4230 2552 4302 γὰρ
2579 4232 2777 4297 εἰπεῖν,
2812 4231 2896 4285 ὃτι
2925 4230 3016 4285 τὸν
3046 4232 3311 4285 κτίσαντα
3343 4232 3435 4287 τὸν

1842 4327 1960 4402 [26]
1990 4326 2196 4397 κόσμον
2222 4324 2314 4379 τὸν
2337 4324 2596 4378 τοσοῦτον
2621 4323 2715 4376 καὶ
2739 4321 2886 4376 οὓτω
2914 4323 3109 4394 μέγαν,
3134 4324 3267 4378 Θεὸν
3295 4318 3437 4378 εἶναι

1840 4417 1988 4481 εἰκὸς
2014 4416 2243 4487 δύναμιν
2271 4414 2554 4487 ἀμήχανόν
2588 4431 2714 4469 τινα
2752 4414 2945 4486 ἔχοντα
2976 4415 3070 4468 καὶ
3095 4415 3434 4487 ἀπόρρητον,

1836 4507 2038 4578 σοφίας
2082 4506 2431 4579 ἀνθρωπίνης
2474 4505 2788 4573 λογίζεσθαι
2826 4501 2924 4578 ἧν,
2968 4507 3061 4559 καὶ
3099 4504 3188 4559 διά
3230 4504 3438 4558 τούτων

1843 4600 2007 4655 αὐτὸν
2035 4598 2507 4671 καταλαμϐάνεινο
2538 4597 2635 4651 νῦν
2667 4598 2725 4651 δὲ
2756 4597 2939 4651 οὐκέτι
2975 4596 3275 4668 λογισμῶν,
3302 4596 3439 4651 ἀλλά

1845 4693 2084 4754 πίστεως
2118 4692 2201 4747 δεῖ
2226 4691 2414 4764 μόνης.
2451 4690 2524 4744 Τὸ
2546 4690 2656 4761 γὰρ
2684 4690 2767 4753 είς
2805 4689 2895 4744 τὸν
2924 4689 3310 4762 σταυρωθέντα
3341 4689 3440 4743 καὶ

1844 4784 2086 4856 ταφέντα
2119 4783 2400 4838 πιστεύειν
2440 4782 2539 4837 καὶ¹
2582 4781 3132 4854 πεπληροφορῆσθαι,
3172 4784 3255 4837 ὅτι
3283 4776 3439 4849 οὗτος

1846 4876 2010 4941 αὐτὸς
2039 4877 2135 4932 καὶ
2167 4876 2368 4947 ἀνέστη
2398 4864 2499 4932 καί
2522 4876 2635 4931 ἀνω
2667 4874 2924 4947 κάθηται,
2957 4875 3116 4929 τοῦτο
3155 4877 3349 4945 σοφίας
3375 4878 3439 4931 ού

1846 4969 2019 5023 δεῖται
2047 4967 2168 5021 οὐδὲ
2182 4966 2483 5039 λογισμῶν,
2504 4965 2640 5021 ἀλλὰ
2667 4967 2929 5030 πίστεως.
2962 4965 3078 5021 Καὶ
3100 4966 3210 5037 7&9
3236 4968 3286 5020 οί
3310 4967 3440 5021 ἀπό.

1849 5062 2027 5117 στολοι
2062 5062 2123 5115 ού
2165 5062 2332 5133 σοφίᾳ
2378 5060 2705 5135 προσῆλθον,
2746 5058 2883 5115 ἀλλά
2917 5061 3120 5127 πίστει,
3151 5060 3248 5115 καὶ
3283 5061 3440 5129 γεγόο

1851 5173 1976 5210 νασι
2002 5154 2112 5208 τῶν
2145 5152 2251 5219 ἐξω
2283 5154 2462 5224 σοφῶν
2491 5152 2794 5226 σοφώτεροι
2830 5152 2925 5208 καὶ
2958 5152 3303 5225 ὑψηλότεροι,
3349 5153 3442 5207 καὶ

1853 5247 2093 5318 τοσούτῳ
2128 5246 2352 5318 μᾶλλον,
2381 5248 2491 5319 ὅσῳ
2522 5246 2614 5301 τοῦ
2643 5247 2941 5319 λογισμοὺς
2970 5248 3143 5301 κινεῖν
3169 5246 3233 5301 τὸ
3259 5246 3443 5301 πίστει

1851 5341 1920 5394 τὰ
1951 5339 2045 5394 τοῦ
2074 5339 2210 5394 Θεοῦ
2233 5340 2485 5412 δέχεσθαι
2528 5340 2712 5411 μεῖζον
2731 5356 2746 5373 ο
2774 5339 2933 5393 τοῦτο
2951 5339 3060 5410 7&9
3092 5338 3443 5410 ἀνθρωπίνην

1856 5432 2178 5506 ὑπερϐαίνει
2211 5433 2473 5488 διάνοιαν.
2506 5432 2631 5495 Πῶς
2673 5433 2729 5487 δέ
2764 5430 3017 5486 ἀπώλεσε
3047 5429 3147 5503 τὴν
3199 5430 3395 5501 σοφίαν
3424 5446 3441 5497 ;

1855 5526 1957 5581 A1&
1985 5525 2199 5580 Παύλου
2231 5526 2325 5580 καὶ
2353 5524 2461 5579 τῶν
2481 5524 2739 5578 τοιούτων
2762 5521 3086 5597 γνωρισθεὶς
3114 5522 3267 5593 ἡμῖν,
3303 5520 3442 5576 ἔδει·

1856 5620 1946 5686 ξεν
1993 5620 2165 5690 αὐτὴν
2203 5615 2368 5674 οὖσαν
2400 5617 2659 5689 ἀνόνητον
2693 5617 2743 5670 b.
2779 5616 2924 5688 Πρὸς
2954 5614 3066 5685 7&9
3095 5613 3158 5668 τὸ
3188 5612 3442 5679 δέξασθαι

1854 5714 1916 5768 τὸ
1948 5714 2215 5785 κήρυγμα
2248 5712 2310 5766 τὸ
2351 5711 2706 5781 εύαγγελικὸν
2734 5709 2860 5765 οὔτε
2888 5712 2917 5765 6
2957 5709 3122 5778 σοφὸς
3150 5709 3440 5779 ὠφελεῖται

1856 5824 1909 5860 τι
1942 5805 2096 5878 παρά
2132 5805 2232 5875 τῆς
2260 5805 2474 5873 σοφίας,
2505 5803 2628 5858 οὗτε
2660 5805 2688 5857 6
2716 5802 2931 5874 ἰδιώτης
2966 5802 3171 5873 ἐϐλάϐη
3204 5820 3256 5855 τι
3291 5804 3443 5874 παρὰ

1856 5899 1955 5969 τῆς
1994 5894 2276 5967 ἀμαθίας*
2301 5894 2417 5949 ἀλλ’
2458 5896 2506 5949 εἰ
2544 5893 2624 5948 δεῖ
2670 5911 2720 5948 τι
2761 5894 2855 5948 καὶ
2890 5891 3205 5947 θαυμαστὸν
3238 5892 3438 5953 εἰπεῖν,

1924 6052 1947 6089 δ
1962 6050 2118 6112 Alius,
2142 6048 2358 6108 ἀνόητον.
