3864 6216
421 310 494 368 33
1114 306 1173 362 S.
1211 305 1498 370 JOANNIS
1531 302 2022 361 CIIRYSOSTOMI
2063 303 2386 361 ABCHIEP.
2429 305 2984 362 (ZONSTANTIAOP.
3148 339 3152 342 -
3623 304 3693 357 3’.

429 425 629 498 μᾶλλον
669 423 928 494 ίδιωτεία,
973 423 1006 495 ἢ
1044 425 1205 494 σοφία
1231 425 1373 496 ’πρὸς
1401 426 1502 498 τὴν
1543 425 1807 496 ὑποδοχήν
1851 427 1999 477 ἐστιν

425 510 732 581 ἐπιτήδειον
773 509 868 562 καὶ
925 507 1312 578 εὐκολώτερον.
1375 509 1431 562 ’0
1472 508 1580 580 γὰρ
1651 509 1858 579 ποιμὴν
1907 507 1999 560 καὶ

423 594 682 667 ἄγροικος
737 591 941 663 ταύτην
994 592 1183 646 θᾶττον
1228 593 1562 659 ὑποδέξεται,
1609 591 1863 657 καθάπαξ
1904 591 1999 643 καὶ

423 679 551 742 τοὺς
573 677 865 748 λογισμοὺς
889 676 1287 739 καταστέλλων,
1323 677 1415 730 καὶ
1439 675 1516 747 τῷ
1538 676 1784 750 Δεσπότῃ
1810 677 2000 728 ἑαυτὸν

425 763 775 835 παραδιδούς.
836 761 992 814 Οὕτω
1054 760 1234 813 τοίνυν
1289 761 1388 831 τὴν
1444 763 1636 830 σοφίαν
1700 761 1997 813 ἀπώλεσεν.

439 845 658 916 Ἐπειδὴ
685 846 794 915 γάρ
825 843 1065 916 προτέρα
1108 843 1307 914 ἑαυτὴν
1344 844 1632 907 κατέϐαλε,
1673 845 1810 916 πρὸς
1851 844 2002 896 οὐδὲν

426 930 674 1002 χρησίμη
707 929 892 981 λοιπόν
919 929 1087 981 ἐστιν.
1117 925 1246 979 Ὅτε
1285 927 1394 997 γὰρ
1430 928 1536 980 ἐδει
1574 929 1643 982 τά
1677 929 1877 997 ἑαυτῆς
1907 927 2004 980 αύ-

425 1015 530 1086 τὴν
560 1011 894 1077 ἐνδείξασθαι
923 1011 1018 1065 καὶ
1040 1011 1130 1064 διά
1160 1010 1269 1064 τῶν
1300 1011 1480 1081 ἔργων
1517 1012 1644 1064 ίδεῖν
1673 1011 1765 1065 16v
1795 1011 2004 1064 Δεσπόο

425 1116 547 1170 την,
581 1098 680 1151 οὐκ
713 1097 968 1168 ἠθέλησε.
1007 1096 1106 1149 Διά
1141 1095 1320 1160 τοῦτο,
1363 1095 1466 1149 κᾶν
1500 1095 1626 1168 θέλῃ
1657 1095 1754 1148 νῦν
1790 1096 1999 1147 ἐπεισα-

425 1183 616 1250 γαγεῖν
639 1180 856 1252 ἐαυτὴν,
889 1181 950 1234 οὑ
979 1179 1203 1234 δύναται
1229 1195 1242 1207 ·
1265 1179 1328 1233 ού
1345 1179 1454 1250 γὰρ
1486 1179 1710 1232 τοιαῦτα
1734 1177 1800 1232 τὰ
1827 1177 2006 1248 πράγ-

428 1283 576 1337 ματα
596 1281 609 1296 ·
643 1268 677 1338 ἡ
711 1266 821 1337 γάρ
850 1264 968 1329 ὁδὸς
1006 1267 1038 1336 ή
1076 1265 1174 1337 τῆς
1219 1264 1549 1333 θεογνωσίας
1591 1262 1771 1333 πολλῷ
1801 1263 2004 1334 μείζων

425 1350 642 1420 ἐκείνης
670 1348 830 1418 αὓτη.
879 1349 978 1403 Διά
1009 1365 1092 1402 τοι
1134 1347 1292 1402 τοῦτο
1334 1351 1568 1410 πίστεως
1613 1348 1708 1400 καὶ
1745 1346 2005 1416 ἀφελείας

427 1435 611 1506 χρεία,
646 1436 741 1490 καὶ
764 1433 969 1505 ταύτην
993 1432 1268 1502 πανταχοῦ
1301 1435 1482 1503 ζητεῖν
1511 1432 1612 1496 δεῖ,
1643 1433 1856 1504 καὶτῆς
1883 1432 2007 1498 ἐξω·

427 1521 522 1574 θεν
550 1521 822 1592 προτιμᾷν
847 1519 1039 1588 σοφίας
1063 1534 1075 1548 ⁸
1125 1517 1421 1588 Ἔμώρανε
1441 1517 1550 1589 γὰρ
1579 1520 1610 1571 ὀ
1643 1517 1810 1583 Θεὸς,
1843 1517 2006 1587 φησὶ,

428 1604 545 1673 τὴν
581 1605 825 1673 σοφίαν.
857 1602 922 1654 Τί
950 1602 1006 1655 δέ
1051 1603 1218 1663 ἐστιν,
1262 1599 1598 1668 Ἑμὼρανε;
1629 1601 1834 1672 Μωρὰν
1869 1600 2006 1653 ἔδει·

430 1687 522 1754 ξεν
549 1683 713 1741 οὖσαν
739 1687 873 1756 πρὸς
899 1685 996 1757 τὴν
1028 1685 1130 1755 τῆς
1161 1682 1395 1747 πίστεως
1425 1683 1748 1754 κατάληψιν.
1791 1683 2004 1754 Ἐπειδὴ

427 1773 536 1842 γάρ
559 1770 700 1842 μέγα
725 1769 982 1840 ἐφρόνουν
1014 1768 1101 1822 ἐπ’
1130 1769 1288 1839 αὐτῇ,
1328 1767 1554 1838 ἤλεγξεν
1581 1767 1748 1838 αὐτὴν
1774 1767 2002 1837 ταχέως.

429 1855 566 1909 Ποία
591 1855 701 1925 γὰρ
731 1852 914 1923 σοφία,
959 1853 1089 1906 ὅταν
1125 1852 1188 1905 16
1219 1851 1510 1921 κεφάλαιον
1541 1851 1646 1904 τῶν
1680 1849 1901 1919 ἀγαθῶν
1931 1848 2008 1920 μὴ

428 1933 690 2005 εὑρίσκης
748 1933 1004 2004 Ἐποίησε
1054 1933 1238 1986 τοίνυν
1282 1930 1515 2000 φανῆναι
1562 1929 1774 2000 μωρὰν,
1819 1929 2007 2000 ἐπειδὴ

425 2014 634 2084 ἑαυτὴν
657 2013 840 2080 ἐκείνη
865 2011 1056 2084 πρώτη
1093 2010 1340 2082 ῆλεγξεν.
1376 2013 1439 2065 El
1471 2010 1582 2082 γὰρ
1607 2011 1695 2063 ὅτε
1726 2009 2009 2080 λογισμοῖς

426 2096 499 2172 ἦν
530 2101 730 2172 εὑρεῖν,
768 2099 920 2152 οὐδὲν
955 2097 1144 2164 ἔδειξε,
1185 2096 1281 2152 νῦν
1308 2097 1397 2150 ὅτε
1427 2095 1650 2166 μείζονα
1681 2095 1906 2167 φέρεται
1940 2095 2010 2148 τὰ

428 2180 755 2251 πράγματα,
794 2177 912 2241 πῶς
947 2177 1141 2232 ἀνῦσαί
1189 2193 1242 2230 τι
1291 2176 1601 2246 δυνήσεται,
1647 2176 1737 2229 ὅτε
1779 2175 2009 2238 πίστεως

429 2264 594 2336 χρεία
629 2263 816 2335 μόνης,
849 2263 942 2316 καὶ
963 2262 1085 2334 οὐχὶ
1108 2262 1440 2332 δεινότητος;
1477 2258 1686 2330 Μωράν
1711 2259 1889 2313 τοίνυν
1912 2259 2011 2311 αὑ·-

331 2383 340 2415 ,
429 2346 529 2419 τὴν
567 2346 767 2410 ἔδειξεν
794 2347 822 2399 6
855 2345 1018 2410 Θεός·
1055 2345 1323 2415 ηὐδόκησε
1344 2343 1400 2406 δὲ
1428 2341 1516 2396 διά
1541 2343 1638 2412 τῆς
1672 2342 1884 2419 μωρίας
1915 2341 2006 2395 τοῦ

330 2445 336 2452 ·
429 2418 786 2498 κηρύγματος
818 2421 1012 2488 σῶσαι,
1043 2424 1254 2496 μωρίας
1283 2422 1341 2476 δὲ
1377 2421 1499 2492 οὐχὶ
1528 2421 1628 2491 τῆς
1658 2418 1844 2491 οὔσης,
1875 2419 2010 2474 ἀλλά

429 2505 531 2576 τῆς
572 2501 712 2557 εἶναι
741 2501 1023 2574 δοκούσης.
1064 2504 1138 2556 T6
1171 2503 1280 2574 γὰρ
1310 2502 1493 2574 μεῖζον
1527 2501 1687 2555 τοῦτό
1716 2504 1884 2565 ἐστιν,
1926 2503 2009 2556 ὅτι

429 2589 529 2660 οὐχ
553 2589 746 2658 ἑτέραν
783 2587 980 2656 σοφίαν
1012 2586 1268 2657 τοιαύτην
1293 2587 1510 2656 ἐκείνης
1537 2585 1757 2640 πλείονα
1794 2588 2011 2653 είσαγαυ

387 2701 396 2708 -
426 2671 565 2742 γὼν,
590 2670 728 2725 ἀλλά
762 2671 863 2741 τὴν
893 2669 1154 2724 δοκοῦσαν
1179 2664 1318 2722 εἶναι
1351 2669 1583 2740 μωρίαν,
1621 2667 1764 2722 οὕτω
1796 2667 2011 2740 περιγέ-

429 2771 577 2825 γονε.
619 2757 728 2808 Καὶ
762 2756 870 2825 γὰρ
923 2754 1188 2809 Πλάτωνα
1229 2751 1508 2817 ἐξέϐαλεν,
1553 2752 1675 2822 οὐχὶ
1717 2751 1784 2804 δι’
1820 2751 2009 2822 ἐτέρου

431 2838 724 2909 φιλοσόφου
753 2838 1090 2908 σοφωτέρου,
1120 2835 1256 2891 ἀλλά
1277 2835 1367 2890 διὰ
1393 2834 1589 2900 ἁλιέως
1613 2833 1881 2905 ἀμαθοῦς.
1911 2834 2010 2887 Οὖ-

429 2941 509 2979 τω
540 2921 876 2995 γὰρ’γέγονε
911 2923 1115 2994 μείζων
1159 2922 1193 2992 ἠ
1236 2916 1396 2991 ἦττα,
1437 2920 1535 2974 καὶ
1579 2919 1934 2992 λαμπροτέρα
1971 2920 2006 2990 ἡ

430 3007 577 3079 νίκη.
615 3003 748 3060 Εἶτα
785 3007 1000 3070 δεικνὺς
1029 3005 1120 3060 τοῦ
1149 3003 1382 3075 σταυροῦ
1409 3003 1507 3076 τὴν
1537 3003 1786 3075 δύναμιν,
1811 3003 1974 3076 φησίν
1992 3019 2004 3034 ·

442 3093 684 3163 Ἐπειδὴ
710 3091 808 3147 καί
829 3095 883 3147 οι
930 3091 1198 3148 Ἰουδαῖοι
1226 3089 1444 3158 σημεῖα
1471 3089 1728 3152 αἰτοῦσι,
1751 3091 1848 3143 καὶ
1879 3089 2011 3142 Ἕλ-

427 3182 614 3246 ληνες
660 3179 887 3248 σοφίαν
932 3176 1211 3244 ζητοῦσιν
1235 3192 1250 3207 ο
1286 3176 1457 3245 ἡμεῖς
1503 3173 1571 3227 δὲ
1621 3174 2012 3242 κηρύσσομεν

429 3261 692 3330 Χριστὸν
721 3258 1197 3329 ἐσταιιρωμένον,
1241 3258 1549 3323 Ἰουδαίοις
1586 3258 1704 3326 μὲν
1745 3256 2011 3310 σκάνδα-

431 3348 566 3410 λον,
594 3346 855 3412 Ἕλλησι
903 3343 971 3396 δὲ
993 3344 1246 3413 μωρίαν,
1275 3341 1481 3407 αὐτοῖς
1506 3340 1574 3394 δὲ
1603 3341 1728 3407 τοῖς
1765 3341 2013 3408 κλητοῖς

445 3427 759 3495 Ἰουδαίοις
786 3444 850 3482 τε
871 3427 969 3480 καὶ
995 3427 1252 3494 Ἕλλησι
1288 3425 1545 3494 Χριστὸν
1577 3423 1725 3479 Θεοῦ
1755 3423 2014 3494 δύναμιν

433 3513 531 3567 καί
570 3511 721 3566 Θεοῦ
743 3511 989 3580 σοφίαν.

501 3636 571 3699 γ’.
606 3625 721 3700 [27]
749 3627 924 3699 Πολλὴ
948 3625 1054 3680 τῶν
1073 3625 1380 3697 εἰρημένων
1405 3626 1437 3696 ἡ
1472 3625 1706 3686 σύνεσις.
1729 3624 1883 3679 Θέλει
1905 3625 2014 3698 γάρ

435 3715 633 3777 εἰπεῖν,
655 3711 774 3775 πῶς
803 3709 891 3764 διά
917 3711 1026 3763 τῶν
1059 3712 1318 3764 ἐναντίων
1357 3712 1656 3784 ἐκράτησεν
1683 3713 1711 3764 6
1735 3711 1888 3777 Θεὸς,
1919 3713 2014 3766 καὶ

434 3796 556 3861 πῶς
580 3797 678 3850 οὐκ
708 3796 856 3849 ἔστιν
892 3792 1231 3866 ἀνθρώπινον
1255 3794 1313 3847 16
1334 3797 1617 3866 κήρυγμα.
1665 3796 1730 3849 Ὃ
1749 3793 1806 3847 δὲ
1844 3794 2011 3864 λέγει,

433 3880 675 3934 τοιοῦτόν
696 3880 868 3932 ἐστιν·
896 3879 1067 3932 ’Ὀταν
1097 3877 1366 3948 εἴπωμεν,
1392 3878 1887 3950 φησὶν,Ἰουδαίοις,
1912 3879 2013 3930 1]:-

435 3963 720 4027 στεύσατε,
773 3963 1042 4032 λέγουσιν,
1099 3964 1460 4034 Ἀναστήσατε
1501 3965 1745 4036 νεκροὺς,
1787 3963 2013 4017 ίάσασθε

432 4047 839 4120 δαιμονῶντας,
889 4045 1100 4111 δείξατε
1139 4048 1272 4117 ἡμῖν
1313 4051 1534 4118 σημεῖα.
1588 4049 1776 4119 Ἡμεῖς
1801 4049 1859 4102 δὲ
1890 4049 2015 4102 ἀντὶ

433 4133 642 4188 τούτων
669 4133 722 4186 τί
768 4131 997 4200 λέγομεν
1023 4149 1038 4198 ;
1073 4133 1193 4184 Ὀτι
1223 4131 1544 4202 ἐσταυρώθη
1567 4134 1663 4186 καὶ
1682 4133 1954 4188 ἀπέθανεν
1981 4135 2011 4188 6

436 4217 859 4288 κηρυττόμενος.
879 4213 1048 4269 Τοῦτο
1079 4214 1136 4268 δέ
1171 4215 1353 4269 ἱκανὸν
1372 4217 1433 4268 οὐ
1462 4217 1620 4286 μόνον
1642 4219 1768 4281 τοὺς
1791 4219 1865 4289 μὴ
1889 4217 2011 4288 βου-

435 4301 697 4372 λομένους
721 4299 796 4370 μὴ
828 4298 1172 4368 ἐφέλκεσθαι,
1206 4299 1342 4352 ἀλλά
1373 4301 1466 4353 καὶ
1497 4301 1620 4364 τοὺς
1652 4301 2012 4370 βουλομένους

433 4383 902 4456 διακρούσασθαι·
957 4382 1073 4435 ἀλλ’
1122 4383 1270 4454 ὅμως
1322 4383 1383 4436 οὐ
1441 4384 1821 4456 διακρούεται,
1877 4386 2012 4440 ἀλλά

433 4470 723 4540 ἐφέλκεται
751 4468 844 4521 καὶ
865 4470 1060 4539 κρατεῖ
1087 4469 1180 4521 καὶ
1211 4469 1572 4539 περιγίνεται.
1606 4470 1774 4524 Πάλιν
1810 4472 2013 4540 Ἔλλη-

433 4572 524 4620 νες
555 4553 879 4608 ἀπαιτοῦσιν
913 4554 1060 4624 ἡμᾶς
1090 4553 1377 4624 ῥητορείαν
1406 4554 1578 4624 λόγων
1611 4556 1703 4608 καὶ
1730 4556 2012 4626 δεινότητα

436 4638 786 4708 σοφισμάτων
806 4653 820 4668 ο
852 4639 1015 4708 ἡμεῖς
1043 4635 1098 4689 δὲ
1123 4639 1216 4690 καὶ
1242 4637 1453 4701 τούτοις
1491 4641 1724 4710 σταυρὸν
1755 4639 2014 4710 κηρύττο-

438 4737 574 4792 μεν·
605 4721 698 4773 καὶ
736 4721 874 4791 ὅπερ
901 4720 992 4772 ἐπὶ
1037 4721 1309 4774 Ἰουδαίων
1349 4721 1498 4775 δοκεῖ
1541 4723 1826 4785 ἀσθενείας
1849 4721 2012 4786 εἶναι,

434 4804 594 4860 τοῦτο
618 4805 710 4857 ἐπὶ
751 4805 1022 4875 Ἑλλήνων
1058 4806 1255 4877 μωρία.
1311 4805 1482 4860 Ὅταν
1521 4803 1612 4860 οὖν
1648 4808 1723 4879 μὴ
1772 4810 1931 4878 μόνον
1978 4809 2014 4864 ἆ

436 4889 648 4945 αἰτοῦσι
675 4890 750 4960 μὴ
785 4889 1133 4960 παρέχωμεν,
1179 4890 1314 4943 ἀλλὰ
1364 4891 1456 4943 καὶ
1487 4892 1704 4944 ἐναντία
1733 4886 1807 4946 ὧν
1839 4893 2016 4947 αἰτοῦ-

437 4989 523 5027 σιν
542 4989 558 5006 ⁶
587 4975 616 5026 6
639 4974 748 5043 γὰρ
777 4973 1009 5043 σταυρὸς
1044 4973 1105 5024 οὑ
1137 4973 1296 5042 μόνον
1323 4975 1386 5028 ού
1425 4974 1574 5028 δοκεῖ
1607 4980 1830 5046 σημεῖον
1873 4973 2013 5033 εἶναι

433 5057 579 5114 κατὰ
599 5057 858 5128 λογισμὸν
883 5057 1286 5127 ἐξεταζόμενον,
1322 5059 1456 5114 ἀλλὰ
1483 5062 1577 5113 καὶ
1602 5063 1830 5131 σημείου
1855 5065 1980 5118 ἀναί

435 5160 623 5217 ρεσις*
651 5143 747 5196 καὶ
797 5142 856 5195 οὐ
901 5142 1061 5212 μόνον
1097 5144 1158 5196 ού
1201 5143 1348 5197 δοκεῖ
1388 5145 1667 5216 δυνάμεως
1715 5147 2010 5214 ἀπόδειξις,

434 5225 575 5281 ἀλλά
597 5227 694 5280 καὶ
733 5225 1019 5289 ἀσθενείας
1048 5225 1267 5298 ἐλεγχος
1298 5241 1312 5255 ο
1349 5229 1409 5280 οὐ
1443 5229 1602 5298 μόνον
1645 5231 1706 5283 οὑ
1747 5231 1896 5286 δοκεῖ
1933 5249 2014 5285 ao-

435 5309 566 5380 φίας
593 5309 850 5376 ἐπίδειξις
871 5305 1033 5375 είναι,
1057 5309 1194 5363 ἀλλά
1217 5312 1313 5363 καὶ
1335 5312 1543 5384 μωρίας
1565 5313 1826 5386 ὑπόληψις
1845 5332 1858 5344 ⁶
1884 5317 2012 5370 ὅταν

431 5390 528 5448 οὖν
571 5394 622 5447 οί
655 5395 856 5464 σημεῖα
911 5395 1007 5446 καὶ
1055 5394 1246 5464 σοφίαν
1292 5394 1581 5465 ζητοῦντες
1615 5397 1689 5470 μὴ
1735 5401 1894 5470 μόνον
1937 5400 2012 5472 μὴ

431 5475 783 5548 λαμϐάνωσιν
814 5476 957 5548 ἅπερ
997 5477 1261 5538 αἰτοῦσιν,
1309 5478 1443 5532 ἀλλά
1473 5480 1566 5534 καὶ
1598 5481 1663 5534 τὰ
1699 5484 1913 5538 ἐναντία
1936 5477 2010 5539 ὧν

432 5559 792 5632 ἐπιθυμοῦσιν
811 5559 1101 5624 ἀκούωσιν,
1123 5555 1239 5614 εἶτα
1258 5561 1345 5617 διὰ
1368 5564 1475 5618 τῶν
1500 5566 1754 5619 ἐναντίων
1777 5567 2012 5620 πείθων-

430 5661 546 5709 ται,
582 5643 698 5708 πῶς
721 5645 821 5696 οὐκ
867 5642 1072 5713 ἄφατός
1117 5647 1263 5698 ἐστιν
1293 5648 1326 5718 ἠ
1359 5647 1449 5701 τοῦ
1486 5650 1889 5720 κηρυτσιομένου
1928 5651 2012 5704 δύ-

430 5745 596 5798 ναμις
620 5746 636 5796 ;

399 5911 416 5970 «Ι
507 5876 718 5948 Ὠσπερ
745 5875 813 5930 ἂν
850 5877 905 5930 εἴ
941 5895 1046 5932 τινι
1080 5879 1186 5934 τῶν
1218 5881 1698 5954 κλυδωνιζομένων
1734 5885 1829 5938 καὶ
1857 5883 2015 5956 λιμέο

432 5975 520 6026 νος
552 5963 958 6035 ἐπιθυμούντων
993 5967 1066 6039 μὴ
1099 5966 1290 6039 λιμένα
1323 5969 1521 6036 δείξας,
1555 5971 1668 6023 ἀλλ’
1699 5972 1888 6040 ἕτερον
1917 5972 2010 6040 μέ-

2109 440 2200 493 ρος
2249 425 2343 478 τοῦ
2402 425 2671 492 πελάγους
2715 426 3068 498 ἀγριώτερον,
3118 424 3353 496 δυνηθῇς
3403 423 3637 492 ποιῆσαι
3663 435 3690 464 ι

2107 509 2247 578 μετά
2275 511 2495 580 χάριτος
2517 511 2745 564 ἕπεσθαι
2765 527 2776 539 ·
2831 510 2862 581 ἢ
2897 511 3078 580 ἰατρὸς
3105 509 3195 563 τὸν
3221 509 3567 580 τετρωμένον
3600 507 3696 561 καὶ

2104 593 2412 663 φαρμάκων
2446 592 2817 660 ἐπιθυμοῦντα
2851 594 2923 664 μὴ
2953 592 3040 647 διὰ
3069 592 3399 663 φαρμάκων,
3433 591 3574 645 ἀλλά
3605 591 3696 642 διὰ

2097 675 2191 728 τοῦ
2225 676 2402 730 καίειν
2437 677 2599 730 πάλιν
2624 676 3090 748 ἐπαγγελλόμενος
3120 676 3246 746 ύγιῆ
3287 677 3484 737 ποιεῖν,
3527 676 3692 742 ἐφέλ-

2099 773 2247 810 κοιτο
2278 759 2414 828 πρὸς
2437 760 2624 813 ἐαυτὸν
2643 759 2907 830 (μεγάλης
2933 759 3039 829 γάρ
3064 758 3222 811 τοῦτο
3241 757 3547 828 δυνάμεως)
3566 773 3582 784 ·
3599 757 3697 810 οῦ-

2098 858 2176 894 τω
2202 841 2294 895 καὶ
2325 843 2372 895 οἱ
2399 844 2684 896 ἀπόστολοι
2709 845 2768 896 οὐ
2804 844 2963 912 μόνον
2995 843 3054 895 οὐ
3091 843 3120 883 δ
3149 841 3236 895 διὰ
3266 841 3520 912 σημείου,
3551 841 3693 896 ἀλλὰ

2100 925 2192 977 καὶ
2221 924 2308 978 διὰ
2335 926 2659 997 πράγματος
2683 927 2966 991 δοκοῦντος
2991 927 3238 980 ἐναντίου
3264 921 3406 980 εἶναι
3438 929 3556 990 τοῖς
3591 943 3694 996 ση-

2104 1007 2279 1076 μείοις
2309 1009 2884 1082 περιεγένοντοο⁸ὃπερ
2913 1011 3008 1064 καὶ
3051 1011 3145 1064 ἐπὶ
3192 1009 3287 1063 τοῦ
3332 1009 3542 1078 τυφλοῦ
3587 1025 3696 1062 πε-

2101 1091 2328 1160 ποίηκεν
2355 1094 2386 1146 6
2420 1094 2673 1164 Χριστός.
2705 1095 3038 1164 Βουλόμενος
3073 1094 3184 1164 γὰρ
3227 1093 3390 1147 αὐτὸν
3416 1093 3702 1164 θεραπεῦ-

2103 1191 2218 1239 σαι,
2240 1176 2330 1230 διά
2350 1177 2675 1248 πράγματος
2699 1179 3061 1242 ἐπιτείνοντος
3085 1179 3186 1248 τὴν
3207 1179 3455 1248 πήρωσιν
3488 1177 3700 1230 ἀνίοι·

2103 1260 2273 1332 πηλὸν
2305 1260 2412 1332 γάρ
2447 1261 2737 1332 ἐπέθηκεν.
2777 1264 2989 1334 ’Ὠσπερ
3015 1258 3110 1316 οὖν
3139 1262 3227 1315 διά
3255 1262 3430 1332 πηλοῦ
3467 1260 3562 1315 τὸν
3597 1278 3700 1314 τυ-

2103 1344 2233 1414 φλὸν
2281 1344 2668 1417 ἐθεράπευσεν,
2725 1343 2869 1399 οὕτω
2916 1346 3011 1401 καὶ
3071 1345 3170 1417 τὴν
3219 1346 3552 1416 οἰκουμένην
3608 1344 3702 1398 διά

2104 1426 2340 1500 σταυροῦ
2373 1429 2775 1499 προσηγάγετο·
2799 1431 2933 1501 ὅπερ
2955 1429 3242 1501 προσθήκη
3269 1425 3337 1502 ἦν
3369 1428 3702 1492 σκανδάλου,

2103 1511 2203 1563 ούκ
2237 1511 2515 1582 ἀναίρεσις
2550 1511 2867 1567 σκανδάλου.
2899 1511 3056 1566 Οὕτω
3084 1512 3178 1566 καὶ
3209 1513 3302 1566 ἐπὶ
3329 1512 3430 1583 τῆς
3461 1511 3704 1574 κτίσεως

2103 1593 2348 1666 ἐποίησε,
2379 1594 2448 1648 τά
2472 1596 2690 1649 ἐναντία
2713 1596 2801 1649 διά
2826 1595 2932 1648 τῶν
2960 1596 3217 1650 ἐναντίων
3242 1595 3700 1660 κατασκευάζων.

2103 1679 2334 1749 Ψάμμῳ
2367 1677 2499 1747 γοῦν
2532 1678 2806 1732 θάλασσαν
2827 1679 3082 1750 ἐτείχισε,
3112 1679 3192 1750 τῷ
3217 1680 3440 1732 ἀσθενεῖ
3455 1679 3520 1732 τὸ
3544 1680 3703 1749 ίσχυ-

2107 1761 2200 1833 ρὸν
2246 1760 2570 1831 χαλινώσας·
2607 1761 2762 1816 ὕδατι
2813 1763 2916 1834 γῆν
2951 1761 3210 1835 ἐπέθηκε,
3240 1763 3319 1834 τῷ
3359 1763 3552 1834 χαύνῳ
3604 1763 3708 1818 καὶ

2103 1843 2410 1917 διαρῤἐοντι
2458 1845 2519 1898 16
2549 1845 2688 1918 βαρὺ
2747 1848 2843 1900 καὶ
2884 1846 3091 1901 πυκνὸν
3143 1847 3462 1917 ἐποχεῖσθαι
3518 1859 3707 1917 παρα-

2107 1927 2402 1991 σκευάσας.
2433 1927 2533 1982 Διὰ
2569 1929 2678 1982 τῶν
2707 1930 3004 2001 προφητῶν
3030 1929 3196 1984 πάλιν
3218 1930 3363 2000 ξύλῳ
3400 1929 3593 2001 μικρῷ
3625 1929 3712 1981 σίου

2105 2011 2268 2083 δηρον
2298 2011 2686 2083 ἐμετεώρισεν.
2721 2013 2878 2068 Οὕτω
2904 2014 2970 2086 δὴ
3000 2016 3094 2070 καὶ
3124 2013 3346 2086 σταυρῷ
3376 2015 3483 2086 τὴν
3513 2017 3703 2069 οἰκου-

2109 2097 2278 2168 μένην
2311 2098 2682 2153 ἐπεσπάσατο.
2715 2098 2928 2171 Ὦσπερ
2977 2100 3086 2170 γάρ
3135 2099 3198 2153 τὸ
3249 2098 3396 2170 ὕδωρ
3437 2099 3708 2170 βαστάζει

2106 2181 2204 2251 τὴν
2227 2184 2350 2252 γῆν,
2382 2180 2526 2234 οὕτω
2554 2181 2648 2236 καὶ
2685 2182 2715 2234 6
2744 2181 2978 2253 σταυρὸς
3005 2182 3269 2253 βαστάζει
3308 2182 3410 2254 τὴν
3434 2183 3705 2253 οίκουμέο

2105 2283 2226 2338 νην.
2259 2264 2521 2335 Μεγάλης
2551 2265 2730 2319 τοίνυν
2760 2266 3043 2337 δυνάμεως
3067 2268 3162 2322 καὶ
3191 2267 3384 2336 σοφίας
3420 2267 3708 2334 ἀπόδειξις

2105 2349 2166 2402 16
2216 2348 2306 2402 διά
2345 2348 2455 2402 τῶν
2503 2348 2762 2404 ἐναντίων
2823 2349 3052 2405 πείθειν.
3100 2350 3212 2405 Καὶ
3246 2349 3364 2421 ’γάρ
3394 2351 3706 2404 σκανδάλου

2106 2436 2344 2508 πρᾶγμα
2371 2436 2400 2488 6
2431 2434 2662 2506 σταυρὸς
2686 2430 2826 2488 εἶναι
2854 2433 3022 2503 δοκεῖ,
3050 2435 3166 2488 ἀλλ’
3186 2437 3335 2506 ὅμως
3360 2435 3422 2488 οὐ
3452 2434 3620 2506 μόνον
3644 2437 3706 2487 οὐ

2107 2515 2470 2582 σκανδαλίζει,
2505 2517 2641 2571 ἀλλὰ
2683 2517 2778 2571 καὶ
2809 2517 3116 2587 ἐφέλκεται.
3143 2518 3309 2573 Ταῦτ’
3344 2513 3440 2573 οὖν
3481 2518 3708 2572 ἅπαντα

2106 2603 2367 2674 ἐννοήσας
2420 2605 2450 2657 6
2500 2603 2710 2667 Παῦλος
2743 2604 2838 2657 καὶ
2870 2603 3187 2672 ἐκπλαγεὶς,
3235 2603 3446 2672 ἔλεγεν,
3507 2603 3596 2656 ὃτι
3632 2605 3706 2658 Τὸ

2103 2687 2307 2756 μωρὸν
2336 2685 2445 2741 τοῦ
2477 2686 2628 2741 Θεοῦ
2657 2686 3005 2756 σοφώτερον
3031 2686 3154 2742 τῶν
3178 2687 3510 2756 ἀνθρώπων
3545 2687 3704 2752 ἐστὶ,

2108 2769 2226 2843 [‘28]
2253 2770 2355 2824 καί
2394 2770 2460 2824 τὸ
2505 2772 2764 2838 ἀσθενὲς
2806 2771 2913 2826 τοῦ
2951 2771 3102 2827 Θεοῦ
3147 2773 3548 2842 ἰσχυρότερον
3584 2771 3710 2825 τῶν

2107 2855 2438 2924 ἀνθρώπων
2465 2856 2618 2910 ἐστί·
2647 2857 2778 2927 περὶ
2805 2856 2900 2912 τοῦ
2936 2855 3173 2928 σταυροῦ
3213 2857 3390 2926 λέγων
3420 2858 3484 2911 16
3517 2859 3710 2930 μωρὸν

2107 2939 2204 2993 καὶ
2241 2939 2303 2992 16
2335 2939 2584 3005 ἀσθενὲς,
2614 2940 2677 2994 οὺ
2703 2941 2765 2994 16
2793 2940 2876 3006 δν,
2905 2939 3043 2994 ἀλλὰ
3085 2941 3146 2994 16
3169 2939 3378 2995 δοκοῦνο
3417 2941 3564 3012 πρὸς
3594 2943 3710 3013 γὰρ

2105 3021 2204 3094 τὴν
2234 3023 2460 3078 ἐκείνων
2485 3023 2755 3094 ὑπόληψιν
2783 3025 3162 3095 ἀποκρίνεται.
3193 3026 3258 3079 "0
3283 3024 3396 3096 γάρ
3417 3026 3524 3080 οὐκ
3551 3026 3708 3096 ἰσχν-

2108 3123 2210 3161 σαν
2241 3106 2523 3177 φιλόσοφοι
2565 3106 2654 3160 διὰ
2688 3106 2797 3161 τῶν
2831 3106 3205 3179 συλλογισμῶν
3253 3109 3500 3179 ποιῆσαι,
3546 3109 3709 3162 τοῦτο

2107 3193 2142 3262 ἡ
2163 3190 2397 3246 δοκοῦσα
2422 3187 2563 3245 εἶναι
2597 3190 2778 3262 μωρία
2816 3190 3145 3266 κατώρθωσε
3171 3209 3186 3258 ;
3218 3192 3314 3256 Τίς
3335 3188 3431 3247 οὖν
3460 3191 3708 3261 σοφώτε-

2107 3293 2300 3348 τερος;
2341 3278 2368 3329 ὁ
2397 3277 2520 3338 τοὺς
2556 3275 2786 3340 πολλοὺς
2834 3276 3058 3341 πείθων,
3086 3277 3119 3348 ἧ
3151 3278 3180 3331 6
3213 3276 3452 3346 ὀλίγους,
3495 3277 3709 3348 μᾶλλον

2109 3359 2164 3412 δὲ
2213 3358 2436 3423 οὐδένας
2463 3359 2491 3411 6
2523 3359 2651 3431 περὶ
2679 3358 2786 3413 τῶν
2824 3359 3094 3430 μεγίστων
3138 3360 3363 3426 πείθων,
3415 3359 3450 3433 ἢ
3493 3363 3526 3414 6
3579 3361 3709 3434 περὶ

2109 3442 2218 3495 τῶν
2254 3441 2327 3513 μὴ
2358 3441 2586 3496 δεόντων
2613 3453 2675 3508 ο;
2707 3443 2856 3496 Πόσα
2891 3443 3064 3514 ἔκαμε
3110 3443 3336 3497 Πλάτων
3361 3444 3457 3498 καὶ
3486 3444 3543 3496 οῖ
3587 3442 3709 3496 κατ’

2111 3526 2274 3580 αὐτὸν
2323 3527 2452 3598 περὶ
2506 3526 2774 3597 γραμμῆς
2819 3527 2914 3580 καὶ
2953 3526 3154 3596 γωνίας
3197 3528 3294 3580 καὶ
3328 3526 3574 3596 στιγμῆς
3615 3527 3710 3578 καὶ

2111 3609 2364 3680 ἀριθμῶν
2405 3609 2610 3681 ἀρτίων
2669 3611 2764 3664 καὶ
2812 3612 3104 3682 περιττῶν,
3135 3611 3230 3665 καὶ
3267 3611 3399 3664 ῐσων
3444 3609 3711 3681 ἀλλήλοις

2111 3695 2206 3749 καὶ
2255 3695 2476 3754 ἀνίσων.
2518 3695 2614 3750 καὶ
2663 3695 2770 3750 τῶν
2821 3695 3080 3749 τοιούτων
3129 3695 3512 3766 διαλεγόμενος
3570 3697 3712 3766 ἡμῖν

2112 3779 2385 3851 ἀραχνίων
2403 3780 2520 3848 (καὶ
2541 3780 2650 3852 γάρ
2677 3778 2787 3833 τῶν
2811 3779 3150 3850 ὑφασμάτων
3177 3779 3401 3833 ἐκείνων
3424 3779 3712 3851 ἀχρηστό-

2111 3881 2245 3936 τερα
2271 3863 2445 3917 ταῦτα
2465 3863 2544 3935 τῷ
2575 3863 2720 3934 βίῳ),
2747 3865 2842 3918 καὶ
2869 3863 2931 3917 ού
2969 3863 3164 3935 μέγαν,
3193 3863 3256 3917 οὐ
3293 3863 3488 3934 μικρὸν
3516 3863 3711 3916 ἐντεῦ-

2113 3950 2205 4004 θεν
2236 3949 2526 4020 ὠφελήσας
2556 3948 2698 4002 οὕτω
2743 3948 2837 4002 τὸν
2867 3948 2982 4019 βίον
3011 3949 3306 4003 κατέλυσεί
3343 3948 3483 4002 πόσα
3521 3948 3710 4018 ἔκαμε

2109 4035 2285 4100 δεῖξαι
2308 4033 2604 4104 ἐπιχειρῶν
2630 4033 2707 4096 ὡς
2734 4031 3002 4097 ἀθάνατος
3022 4035 3056 4102 η
3090 4031 3258 4103 ψυχὴ,
3291 4032 3387 4086 καὶ
3413 4031 3574 4085 οὐδὲν
3608 4049 3707 4084 σα-

2113 4117 2212 4188 φές
2254 4116 2447 4184 εἰπὼν,
2497 4116 2618 4170 οὐδὲ
2647 4117 2844 4179 πείσας
2884 4115 3006 4170 τινά
3039 4115 3148 4168 τῶν
3188 4115 3491 4170 ἀκουόντων
3521 4113 3708 4176 οὕτως

2111 4202 2353 4274 ἀπῆλθεν
2379 4205 2392 4256 !
2437 4203 2492 4255 '0
2521 4201 2574 4254 δέ
2604 4203 2837 4272 σταυρὸς
2875 4199 2964 4254 διά
2989 4200 3214 4255 ἰδιωτῶν
3235 4199 3442 4261 ἔπεισε,
3476 4199 3585 4252 καὶ
3609 4199 3709 4267 τὴν

2110 4287 2435 4358 οἰκουμένην
2458 4287 2676 4340 ἅπασαν
2709 4286 3060 4341 ἐπεσπάσατο
3084 4286 3134 4347 δ,
3159 4285 3254 4339 καὶ
3277 4285 3377 4355 οὐχ
3405 4282 3550 4353 ὑπὲρ
3597 4283 3706 4337 τῶν

2109 4371 2382 4441 τυχόντων
2413 4371 2774 4441 πραγμάτων,
2803 4370 2938 4424 ἀλλὰ
2969 4371 3094 4443 περὶ
3117 4369 3250 4423 Θεοῦ
3272 4367 3581 4438 διαλεχθεὶς
3613 4369 3708 4421 καὶ

2109 4458 2209 4526 τῆς
2241 4455 2382 4508 κατά
2409 4455 2668 4526 ἀλήθειαν
2709 4454 3010 4518 εὐσεϐείας,
3061 4454 3156 4507 καὶ
3192 4454 3291 4524 τῆς
3333 4453 3706 4520 εὐαγγελικῆς

2114 4539 2406 4603 πολιτείας,
2437 4542 2530 4593 καὶ
2562 4541 2661 4611 τῆς
2691 4539 2797 4592 τῶν
2831 4539 3131 4610 μελλόντων
3161 4537 3415 4610 κρίσεως·
3441 4537 3537 4589 καὶ
3567 4538 3704 4590 πάν-

2109 4639 2208 4686 τας
2241 4624 2463 4694 ἐποίησε
2503 4622 2846 4694 φιλοσόφους,
2874 4623 3002 4686 τοὺς
3047 4621 3357 4692 ἀγροίκους,
3384 4620 3507 4682 τοὺς
3551 4619 3698 4674 ἐδιώο

2110 4725 2228 4771 τας.
2256 4710 2397 4779 Ὅρα
2433 4709 2549 4772 πῶς
2593 4707 2656 4760 16
2702 4707 2884 4778 μωρὸν
2932 4706 3028 4760 τοῦ
3057 4705 3194 4759 Θεοῦ
3237 4705 3548 4776 σοφώτερον
3597 4705 3708 4758 τῶν

2110 4791 2432 4862 ἀνθρώπων,
2466 4792 2562 4847 καὶ
2582 4793 2643 4844 16
2672 4792 2897 4856 ἀσθενὲς
2928 4793 3294 4863 ἰσχυρότερον.
3325 4790 3450 4854 Πῶς
3475 4791 3704 4861 ἰσχυρός

2110 4894 2266 4947 τερον
2292 4893 2306 4942 ;
2337 4877 2460 4930 Ὅτι
2485 4878 2585 4947 τὴν
2618 4876 2944 4947 οἰκουμένην
2982 4876 3290 4948 ἐπέδραμεν
3320 4875 3566 4936 ἃπασαν,
3615 4876 3706 4927 καὶ

2111 4959 2320 5014 πάντας
2347 4960 2488 5013 κατά
2513 4959 2714 5031 κράτος
2741 4954 2874 5025 εἷλε,
2908 4961 3003 5014 καὶ¹
3035 4959 3244 5030 μυρίων
3274 4957 3703 5028 ἐπιχειρούντων

2112 5046 2302 5102 σϐέσαι
2332 5045 2426 5099 τοῦ
2461 5046 2867 5116 σταυρωθέντος
2889 5047 2950 5100 16
2967 5046 3160 5116 ὄνομα,
3188 5047 3494 5099 τούναντίον
3519 5043 3702 5110 ἐγένε-

2109 5147 2188 5184 το.
2223 5129 2395 5184 Τοῦτο
2424 5129 2523 5200 μὲν
2545 5129 2654 5200 γὰρ
2684 5130 2887 5201 ἤνθησε
2923 5131 3016 5184 καὶ
3053 5130 3324 5182 ἐπέδωκεν
3363 5127 3454 5180 ἐπὶ
3487 5126 3701 5196 μεῖζον,

2109 5216 2304 5268 ἐκεῖνοι
2331 5215 2386 5268 δὲ
2419 5212 2698 5267 ἀπώλοντο
2731 5215 2828 5268 καὶ
2859 5213 3254 5284 διεφθάρησαν,
3287 5211 3380 5264 καὶ
3409 5213 3458 5264 οἱ
3490 5210 3704 5276 ζῶντες

2109 5297 2186 5368 τῷ
2234 5298 2561 5370 νεκρωθέντι
2615 5297 2998 5368 πολεμοῦντες,
3046 5297 3195 5350 οὐδὲν
3249 5296 3498 5365 ἴσχυσαν.
3526 5295 3700 5348 Ὥστε

2110 5381 2328 5436 ἐπειδάν
2387 5382 2515 5454 εἴπῃ
2572 5401 2640 5453 με
2678 5383 2860 5453 μωρὸν
2912 5383 2940 5435 6
2980 5381 3202 5453 Ἕλλην,
3247 5381 3372 5434 τότε
3422 5380 3701 5433 δείκνυσιν

2109 5469 2299 5522 ἑαυτὸν
2331 5469 2450 5539 μεθ’
2484 5468 2792 5539 ὑπερϐολῆς
2824 5467 3024 5539 μωρόν·
3055 5467 3182 5520 ὅταν
3205 5464 3314 5535 ἐγὼ
3337 5465 3699 5536 νομιζόμενος

2108 5549 2246 5606 εἶναι
2269 5553 2399 5623 παρ’
2428 5551 2576 5624 αὐτῷ
2605 5552 2806 5624 μωρὸς,
2834 5550 2927 5603 τοῦ
2956 5549 3119 5618 σοφοῦ
3149 5550 3426 5618 φαίνωμαι
3460 5549 3703 5616 σοφώτε-

2111 5654 2221 5700 ροςο
2247 5637 2375 5691 ὅταν
2403 5639 2502 5710 ἐμὲ
2528 5637 2736 5709 καλέσῃ
2761 5636 2984 5707 ἀσθενῆ,
3019 5625 3139 5688 τότε
3161 5634 3352 5688 ἐαυτὸν
3381 5635 3702 5688 ἀσθενέστεο

2171 5866 2194 5890 ⁸
2225 5862 2341 5922 Πομ.
2368 5864 2562 5923 δυνηθῇς
2580 5862 2758 5911 πεῖσαι.
2823 5862 2852 5903 b
2875 5861 3045 5913 Aberat
3068 5859 3140 5908 οὺ.
3222 5859 3245 5888 ⁸
3276 5856 3414 5923 R98,
3440 5856 3532 5923 τῶν
3576 5856 3693 5910 μηδὲ

2109 5925 2273 5978 ὄντων,
2297 5916 2396 5972 ἠοη
2421 5916 2566 5973 mth
2636 5924 2658 5963 ἀ
2677 5924 2935 5983 ιερρὺαίην
2957 5927 3114 5974 ἔπεισε
3133 5934 3194 5973 επ
3211 5916 3592 5984 prwrcdcmébua
3622 5931 3694 5967 τι-

2111 5986 2280 6036 ίίιίίίίυί
2308 5986 2577 6050 repetitum.
