3864 6216
166 332 226 385 55
1204 332 1267 387 IN
1310 332 1524 393 EPIST.
1564 336 1584 392 1
1644 334 1726 394 AD

1832 331 1926 387 )R.
1970 328 2196 383 tumlti.
2243 327 2329 381 tv.
3345 331 3416 388 δι

162 443 575 519 pra-dicationem
620 457 793 514 neque
839 444 1054 508 sapiens
1102 446 1319 515 juvatur
1365 465 1393 504 a
1436 452 1721 523 sapientia,

162 552 317 607 neque
346 535 626 600 imperitus
656 534 867 589 lzeditur
903 527 1331 607 ab-ignoranti».
1364 542 1468 596 Sed
1511 544 1555 596 si
1596 544 1723 613 quid

161 639 391 701 oporteat
406 628 719 683 admirabile
735 629 933 695 dicere,
954 629 1216 699 imperitia
1238 630 1304 685 ad
1326 634 1722 703 suscipiendum

162 720 496 793 opportunior
529 730 582 774 et
632 719 843 774 facilior
888 730 987 786 est,
1022 735 1178 790 quam
1226 723 1505 791 sapientia.
1540 724 1729 779 Pastor

160 815 292 873 enim
335 824 389 869 et
432 812 666 865 rusticus
698 812 836 868 hanc
901 813 1059 868 citius
1108 816 1397 882 suscipiet,
1450 817 1727 872 ratiocinia

159 908 530 977 comprimens,
564 916 618 960 et
665 906 890 960 Domino
913 890 971 961 se
993 906 1218 964 dedens.
1246 908 1338 964 Sic
1368 926 1497 980 ergo
1524 911 1614 966 ille
1644 926 1729 964 sa-

160 1002 401 1075 pientiam
433 1000 683 1070 perdidit.
715 1000 849 1067 Quia
879 1000 1021 1055 enim
1066 1004 1211 1070 prior
1239 1005 1467 1071 seipsam
1513 1005 1726 1074 dejecit,

158 1095 219 1150 ad
244 1093 370 1148 nihil
401 1093 654 1158 deinceps
677 1091 823 1147 utilis
848 1102 952 1148 est.
972 1092 1104 1147 Cum
1138 1102 1412 1162 oporteret
1438 1097 1579 1150 enim
1606 1113 1724 1152 eam

160 1201 246 1242 sua
277 1185 513 1240 indicare
541 1193 595 1238 et
627 1199 721 1253 per
747 1198 907 1250 Opera
942 1185 1107 1237 Deum
1144 1186 1347 1252 videre,
1381 1187 1571 1242 noluit.
1606 1190 1729 1243 ldeo

160 1279 201 1333 si
230 1291 286 1333 se
306 1277 414 1345 jam
442 1276 698 1330 inducere
728 1275 905 1340 vellet,
941 1291 1047 1329 non
1100 1286 1303 1344 potest;
1336 1293 1440 1332 non
1473 1281 1612 1334 enim
1645 1282 1730 1337 r'es

158 1375 222 1428 ita
244 1386 300 1426 se
323 1371 553 1424 habent:
575 1370 689 1423 hzec
710 1370 851 1422 enim
875 1368 938 1421 ad
962 1369 1321 1440 cognitionem
1351 1372 1441 1426 Dei
1464 1372 1550 1426 via
1576 1373 1731 1444 longe

160 1463 322 1531 major
353 1461 438 1515 illa
468 1469 570 1516 est.
606 1460 728 1514 Ideo
775 1459 878 1513 fide
908 1469 960 1513 et
990 1459 1332 1529 simplicitate
1362 1478 1495 1531 opus
1524 1473 1640 1518 est:
1670 1467 1728 1519 11⁴

160 1557 255 1611 lam
299 1562 513 1625 oportet
551 1569 765 1623 semper
801 1567 1047 1622 quaerere
1091 1563 1143 1607 et
1183 1562 1420 1609 externa:
1459 1557 1733 1626 sapientia:

157 1665 502 1724 anteponere;
534 1670 655 1708 nam
706 1655 930 1711 Stultum
959 1654 1078 1725 fecit
1109 1652 1268 1719 Deus,
1302 1656 1493 1725 inquit,
1526 1654 1732 1723 sapien-

157 1749 292 1803 tiam.
341 1746 475 1813 Quid
520 1756 600 1801 est
647 1756 846 1811 autem,
880 1744 1108 1800 Stultum
1151 1747 1308 1816 fecit?
1350 1746 1579 1802 Stultam
1610 1757 1731 1798 esse

156 1839 381 1896 ostendit
431 1839 495 1892 ad
547 1838 705 1892 fidem
764 1837 1349 1908 comprehendendam.
1400 1836 1535 1905 Quia
1584 1837 1727 1889 enim

153 1932 309 1983 altum
338 1929 619 1998 sapiebant
640 1929 708 1985 de
736 1928 847 1997 illa,
880 1930 1049 1997 ipsam
1077 1931 1187 1985 cito
1217 1929 1533 1984 confutavit.
1570 1928 1731 1994 Quae-

155 2038 267 2076 nam
293 2023 379 2075 illa
406 2024 685 2091 sapientia,
711 2038 829 2089 quae
850 2036 910 2075 ea
924 2029 1014 2090 put
1037 2022 1295 2075 bonorum
1321 2037 1426 2075 non
1448 2018 1691 2074 inveniat
1714 2023 1738 2076 ?

152 2127 329 2186 Ell‘ccit
373 2126 551 2194 igitur,
590 2131 649 2179 ut
690 2122 778 2178 illa
822 2122 983 2176 stulta
1014 2122 1320 2188 appareret,
1366 2114 1488 2185 quia
1530 2113 1618 2168 illa
1663 2128 1723 2170 se

152 2222 367 2292 primam
409 2217 622 2273 refellit.
668 2216 722 2271 Si
753 2214 896 2269 enim
940 2210 1154 2282 quando
1192 2207 1488 2264 ratiociniis
1528 2204 1725 2259 licebat

150 2313 409 2378 invenire,
438 2309 569 2365 nihil
597 2306 862 2363 ostemlit:
900 2319 1040 2359 nunc
1067 2317 1187 2357 cum
1216 2316 1303 2356 res
1335 2298 1578 2354 feruntur
1604 2311 1718 2350 ma-

149 2406 307 2477 jores,
335 2400 606 2474 quomodo
626 2398 896 2470 quidpiam
922 2395 1181 2467 perﬁcere
1208 2395 1423 2462 poterit,
1462 2404 1583 2444 cum
1610 2388 1724 2442 sola

151 2498 247 2555 tide
293 2511 429 2566 opus
472 2502 590 2559 est,
640 2508 745 2546 non
791 2486 1070 2545 facundia?
1114 2484 1341 2540 Slultam
1396 2496 1527 2551 ergo
1580 2480 1724 2533 illam

151 2591 378 2647 ostendit
412 2590 568 2643 Deus.
598 2585 802 2640 Placuit
830 2592 1004 2638 autem
1034 2579 1131 2651 ipsi
1159 2594 1252 2649 per
1281 2575 1557 2631 stultitiam
1590 2587 1726 2643 prse-

149 2681 425 2739 dicatiouis
462 2681 690 2733 salutem
717 2677 946 2738 donare;
992 2672 1269 2728 stultitiam
1299 2683 1418 2740 qute
1448 2681 1573 2722 vere
1617 2679 1723 2720 non

152 2778 263 2832 talis
292 2786 398 2841 est,
426 2772 517 2828 sed
546 2772 668 2826 talis
698 2786 816 2825 esse
840 2766 1063 2822 videtur.
1093 2764 1204 2819 lloc
1229 2777 1388 2832 porro
1418 2762 1593 2829 majus
1619 2767 1721 2825 est,

150 2868 282 2940 quod
313 2882 424 2922 non
461 2864 618 2919 aliam
645 2860 959 2932 sapientiam
988 2858 1073 2912 illa
1102 2854 1535 2910 excellentiorem
1565 2849 1725 2904 indu-

151 2977 289 3026 cens,
323 2975 424 3030 per
450 2972 591 3025 eam,
628 2971 746 3026 qua:
775 2951 999 3009 stultitia
1027 2949 1306 3004 videbatur
1329 2961 1469 3008 esse,
1499 2958 1725 3013 supera-

153 3060 237 3111 vit.
264 3055 542 3111 Platonem
584 3049 781 3121 quippe
812 3045 992 3117 ejecit,
1044 3058 1149 3099 non
1182 3057 1280 3113 per
1315 3041 1477 3095 alium
1508 3038 1726 3108 sapien-

154 3154 332 3205 tiorem
366 3143 768 3218 philosophum,
816 3139 910 3194 sed
942 3153 1035 3208 per
1080 3137 1321 3208 ignarum
1368 3134 1723 3203 piscatorem:

154 3245 218 3296 ita
246 3240 391 3295 enim
420 3246 474 3293 et
501 3235 671 3306 major
702 3231 882 3287 clades
917 3230 1015 3284 init
1041 3236 1095 3283 et
1124 3225 1457 3297 splendidior
1483 3221 1724 3278 victoria.

154 3331 345 3387 lteiude
385 3327 563 3386 crucis
589 3326 838 3379 virtutem
874 3318 1169 3376 ostendens
1198 3318 1273 3372 ait
1300 3334 1313 3370 :
1343 3314 1435 3370 22.
1470 3313 1726 3380 Quoniam

152 3437 190 3479 et
216 3422 388 3478 Judaei
419 3421 565 3491 signa
602 3423 795 3488 petunt,
838 3422 885 3468 et
930 3410 1093 3466 (ἕνωεὶ
1122 3407 1424 3478 sapientiam
1450 3414 1683 3475 quwrunt
1705 3419 1726 3457 .'

149 3517 229 3571 2'5.
260 3531 350 3568 nos
374 3522 541 3566 autem
559 3507 894 3581 prwdicamus
915 3502 1167 3558 Christum
1187 3499 1507 3566 cruciﬁxum,
1529 3495 1729 3550 Iudicis

150 3608 339 3679 quidem
367 3599 692 3665 scandalum,
718 3596 948 3670 gentibus
969 3603 1135 3649 autent
1163 3590 1452 3655 stultitiam,
1479 3587 1571 3643 24.
1603 3587 1728 3657 ipsis

149 3710 307 3754 autent
334 3697 546 3761 vocatis,
578 3692 777 3746 Judwis
812 3700 858 3744 et
888 3687 1097 3754 Graecis,
1143 3685 1399 3740 Christum
1442 3681 1538 3736 Dei
1578 3681 1731 3734 virtu-

150 3802 241 3846 tem
265 3800 311 3845 et
342 3788 443 3842 Dei
462 3785 782 3856 sapientiam.

216 3884 269 3939 3.
310 3881 502 3950 Magna
546 3885 629 3932 est
659 3875 924 3929 dictorum
963 3868 1265 3941 prudentia.
1297 3865 1418 3921 \‘ult
1456 3864 1600 3921 enim
1642 3863 1727 3918 di-

150 3991 269 4031 cere
292 3970 566 4045 quomodo
595 3983 689 4038 per
718 3963 984 4021 contraria
1011 3962 1137 4017 vicit
1190 3961 1351 4025 Deus,
1380 3967 1435 4013 et
1461 3956 1730 4026 quomodo

150 4066 461 4141 praedicatio
488 4080 591 4117 non
618 4062 687 4114 sit
729 4058 983 4114 humana.
1033 4054 1146 4108 Hoc
1173 4062 1351 4107 autem
1383 4050 1497 4104 vult
1522 4048 1727 4117 signiti-

149 4177 267 4218 care
294 4179 308 4215 :
335 4160 473 4215 Cum
500 4154 749 4218 dicimus,
782 4150 974 4221 inquit,
1002 4147 1222 4213 Judzeis,
1246 4144 1477 4209 Credite,
1508 4156 1730 4210 respon-

146 4258 301 4321 dent,
331 4252 575 4307 Mortuos
605 4247 885 4309 suscitata,
914 4250 1099 4296 sanate
1129 4238 1512 4302 daemoniacos,
1544 4244 1729 4290 osten-

149 4349 251 4401 dite
279 4344 441 4400 nobis
482 4341 656 4412 signa.
680 4334 785 4392 Nos
813 4343 991 4390 autem
1019 4330 1147 4403 quid
1193 4330 1260 4385 ad
1306 4329 1420 4384 lucc
1467 4327 1729 4383 dicimus?

146 4437 448 4496 Crucilixus
484 4442 538 4488 et
586 4438 826 4486 mortuus
876 4435 958 4481 est
1000 4426 1045 4480 is
1088 4424 1178 4495 qui
1230 4422 1570 4493 pratdicatur.
1616 4418 1731 4475 lloc

151 4546 271 4585 vero
301 4527 476 4600 possit
502 4540 606 4579 non
657 4520 817 4577 modo
845 4519 1092 4575 nolentes
1144 4530 1249 4572 non
1298 4514 1589 4578 attrahere,
1634 4510 1729 4566 sed

150 4627 305 4679 etiam
334 4621 581 4677 volentes
618 4615 883 4686 repellere
916 4631 929 4667 :
973 4621 1207 4667 attamen
1239 4624 1344 4663 non
1366 4607 1595 4677 repellit,
1634 4603 1729 4661 sed

151 4715 366 4772 attrahit
392 4721 450 4769 ct
477 4712 679 4767 detinet
706 4716 761 4763 et
802 4705 987 4761 vincit.
1019 4705 1246 4759 [tursum
1278 4700 1449 4758 Grmci
1495 4714 1526 4754 a
1573 4696 1728 4754 nobis

150 4809 365 4879 exigunt
390 4801 749 4874 eloquentiam
770 4804 824 4854 et
844 4797 1229 4869 sophismatum
1250 4792 1588 4864 gravitatem.
1617 4788 1727 4845 Nos

151 4915 323 4957 autem
376 4898 466 4952 bis
514 4907 726 4965 quoque
769 4904 982 4946 crucem
1036 4886 1435 4958 przedicamus:
1484 4891 1541 4938 et
1584 4880 1726 4951 quod

150 4996 347 5055 Judzeis
416 4989 749 5047 imbecillitas
797 5000 919 5041 esse
963 4981 1195 5047 videtur,
1246 4980 1348 5034 hoc
1396 4975 1598 5033 Grzecis
1645 4984 1730 5029 est

150 5093 395 5149 stultitia.
426 5087 556 5143 Cum
583 5070 759 5137 autem
807 5080 910 5134 illis
954 5092 1057 5131 non
1101 5073 1259 5129 modo
1289 5088 1349 5128 ea
1382 5087 1501 5141 quae
1542 5077 1727 5139 petunt

152 5200 250 5240 non
280 5182 608 5254 pra-bemus,
650 5172 743 5229 sed
782 5172 943 5227 etiam
980 5167 1160 5238 petitis
1203 5164 1469 5219 contraria
1498 5161 1723 5225 damus;

150 5251 448 5329 cruxvenim
481 5286 586 5323 nou
631 5264 791 5320 modo
830 5264 1037 5329 signum
1087 5273 1191 5311 non
1226 5256 1435 5311 videtur
1463 5268 1604 5317 esse,
1630 5251 1723 5306 sed

150 5370 329 5431 etiam,
348 5364 395 5419 si
422 5360 627 5418 ratione
646 5356 1000 5417 examinetur,
1022 5352 1159 5420 signi
1180 5347 1450 5417 ademptio
1471 5354 1685 5415 putatur
1709 5360 1724 5410 ;

154 5474 245 5514 nec
290 5454 456 5512 modo
509 5466 616 5506 non
662 5447 871 5503 videtur
915 5444 1125 5499 virtutis
1175 5440 1580 5503 demonstratio,
1629 5435 1725 5491 sed

152 5553 306 5608 etiam
331 5543 712 5605 imbecillitatis
736 5546 1130 5610 argumentum,
1165 5548 1265 5589 nec
1303 5531 1464 5585 modo
1505 5547 1609 5584 non
1641 5544 1727 5581 sa-

153 5644 367 5716 pientia;
394 5636 647 5702 ostensio,
676 5631 769 5689 sed
809 5631 968 5686 etiam
1013 5626 1251 5680 stultitiae
1290 5622 1523 5693 suSpicio
1554 5639 1566 5676 :
1604 5634 1723 5673 cum

152 5712 276 5808 ergo
341 5736 493 5804 signa
543 5737 598 5786 et
643 5725 957 5796 sapientiam
1003 5727 1339 5791 quaerentes,
1386 5730 1490 5769 non
1548 5712 1723 5768 solum
1768 5738 1771 5743 ν

159 5807 255 5885 non
284 5826 555 5896 accipiant
581 5835 641 5876 ea
672 5832 790 5890 quae
822 5822 1025 5887 petunt,
1062 5812 1156 5868 sed
1185 5808 1452 5866 contraria
1503 5807 1568 5861 iis
1607 5821 1725 5875 qua:

1832 444 2139 501 desiderant
2166 443 2403 508 audiant,
2434 457 2497 498 ac
2524 442 2719 500 deinde
2752 459 2846 514 per
2872 447 3140 501 contraria
3190 462 3413 516 persua-

1829 538 2094 603 deantur;
2126 535 2397 608 quomodo
2426 551 2532 591 non
2560 536 2840 593 iuell‘abilis
2866 536 3152 609 fueritejus
3165 538 3408 611 quiprae—

1829 631 2038 686 dicatur
2069 630 2277 684 virtus?
2407 628 2412 635 ’

1901 722 2128 777 Christus
2192 738 2281 793 per
2349 723 2605 776 contraria
2667 721 2974 790 persuadet,
3028 723 3300 794 quomodo.
3342 752 3414 763 --

1829 815 2290 884 Quemadmodum
2340 816 2384 869 si
2425 815 2509 870 cui
2553 814 2771 882 eorum,
2802 817 2891 887 qui
2925 816 3171 870 ﬂuctibus
3208 821 3413 885 jactan-

1828 919 1916 964 tur
1945 920 1997 964 et
2020 919 2228 981 portum
2251 904 2577 974 desideraht,
2608 923 2714 963 non
2745 910 3035 963 ostendens
3062 918 3291 978 portum,
3316 909 3411 964 sed

1826 1004 1984 1057 aliam
2020 1002 2189 1073 pelagi
2238 1011 2443 1072 partem
2491 990 2794 1067 suaviorem,
2837 1016 3023 1073 posses
3069 1004 3321 1070 eflicere,
3354 1014 3413 1059 ut

1828 1095 2023 1162 gratias
2051 1109 2215 1164 agens
2253 1102 2600 1163 sequeretur;
2632 1094 2714 1149 vel
2748 1094 2791 1149 si
2826 1094 3065 1149 medicus
3090 1096 3325 1150 saucium
3358 1106 3413 1151 et

1827 1187 2216 1241 medicamenta
2247 1187 2572 1255 cupientem,
2603 1202 2708 1241 non
2739 1186 3060 1257 pharmacis,
3090 1189 3185 1243 sed
3216 1189 3409 1245 iterum
3478 1248 3481 1251 _

1827 1280 2035 1335 urendo
2072 1281 2331 1350 pollicens
2374 1295 2432 1336 se
2470 1295 2662 1335 sanum
2712 1282 3042 1337 redditurum
3071 1297 3213 1351 esse,
3244 1284 3309 1337 ad
3351 1298 3413 1339 se

1828 1372 1978 1427 illum
2007 1373 2333 1439 attraheret;
2377 1373 2479 1429 hoc
2526 1376 2668 1428 enim
2715 1390 2921 1445 magna:
2964 1377 3176 1430 virtutis
3220 1384 3407 1431 esset:

1828 1463 1899 1518 ita
1929 1475 1982 1518 et
2012 1465 2238 1534 apostoli
2272 1480 2376 1519 non
2412 1466 2570 1519 modo
2595 1481 2699 1520 non
2745 1481 2838 1535 per
2865 1467 3097 1537 signum,
3126 1467 3221 1522 sed
3249 1471 3410 1523 etiam

1829 1572 1924 1627 per
1969 1572 2103 1618 rem.
2135 1572 2255 1626 qua:
2301 1557 2465 1626 signis
2495 1559 2761 1613 contraria
2808 1574 2929 1613 esse
2969 1559 3266 1626 videbatur,
3316 1576 3410 1615 su-

1829 1657 2168 1717 peraverunt.
2209 1648 2361 1717 Quod
2393 1650 2552 1704 etiam
2586 1650 2639 1705 in
2669 1665 2812 1705 caeco
2840 1649 3084 1707 Christus
3109 1652 3255 1707 fecit.
3275 1651 3409 1708 Cum

1827 1743 1990 1799 vellet
2031 1743 2175 1798 enim
2216 1744 2389 1813 ipsum
2434 1758 2644 1811 curare,
2676 1760 2772 1814 per
2805 1762 2916 1799 rem
2960 1763 3078 1816 qua:
3117 1748 3409 1801 czccitatcm

1826 1844 2080 1907 augeret,
2131 1836 2274 1890 illam
2328 1836 2585 1901 sustulit;
2632 1852 2757 1891 nam
2808 1838 2977 1891 lutum
3025 1839 3294 1909 imposuit.
3342 1838 3412 1894 Ut

1824 1943 1956 2000 ergo
1984 1944 2079 2000 per
2118 1929 2287 1984 lutum
2316 1944 2517 1984 czecum
2548 1930 2778 1993 sanavit,
2806 1930 2885 1986 sic
2911 1931 3096 1986 orbem
3130 1940 3285 1987 terra:
3314 1948 3412 2003 per

1831 2036 2043 2076 crucem
2070 2021 2293 2077 adduxit
2322 2042 2335 2076 :
2370 2023 2420 2077 id
2454 2023 2596 2094 quod
2636 2024 2874 2080 scandali
2914 2025 3115 2080 additio
3141 2038 3275 2093 erat,
3304 2043 3411 2082 non

1828 2114 2060 2169 sublatio
2085 2114 2345 2170 scandali.
2390 2114 2480 2170 Sic
2510 2117 2671 2170 etiam
2718 2116 2770 2170 in
2797 2118 3067 2173 creatione
3109 2117 3252 2181 fecit.
3283 2134 3401 2174 con-

1829 2207 1989 2260 traria
2011 2207 2296 2261 contrariis
2321 2222 2609 2277 apparans.
2635 2208 2810 2264 Arena
2831 2208 3029 2280 quippe
3051 2224 3198 2266 mare
3221 2211 3410 2280 cinxit,

1831 2297 2047 2353 inlirmo
2092 2298 2327 2353 validum
2359 2300 2639 2355 refrenans
2669 2319 2683 2356 :
2714 2316 2866 2371 aqum
2898 2309 3092 2356 terram
3139 2303 3409 2374 imposuit,

1827 2391 1975 2446 molli
2007 2400 2061 2445 et
2106 2392 2271 2447 ﬂuido
2317 2392 2541 2448 densum
2596 2402 2651 2448 et
2699 2395 2931 2450 solidutn
2976 2395 3279 2467 imponens.
3310 2398 3414 2453 Per

1830 2486 2119 2557 prOphetas
2143 2502 2355 2558 quoque
2384 2504 2549 2558 parvo
2580 2488 2723 2559 ligno
2770 2488 2973 2544 ferrum
3004 2490 3204 2545 eduxit.
3233 2491 3321 2547 Sic
3359 2502 3416 2547 et

1829 2593 1990 2633 cruce
2016 2577 2201 2633 orbem
2229 2578 2465 2633 attraxit.
2493 2579 2953 2647 Quemadmodum
2980 2581 3122 2637 enim
3151 2598 3287 2654 aqua
3310 2593 3415 2639 ter-

1829 2686 1941 2724 ram
1964 2679 2156 2741 gestat,
2178 2669 2248 2724 ita
2271 2686 2398 2726 crux
2420 2674 2607 2726 orbem
2632 2681 2787 2726 terrae
2812 2681 3012 2743 portat.
3029 2672 3232 2745 Magna:
3253 2674 3417 2746 igitur

1828 2766 2040 2822 virtutis
2069 2776 2123 2822 et
2161 2767 2439 2837 sapientia:
2489 2779 2865 2838 argumentum
2895 2778 2978 2823 est
3024 2784 3121 2841 per
3147 2769 3413 2825 contraria

1830 2861 2178 2931 persuadere.
2210 2862 2349 2917 Crux
2380 2861 2523 2916 enim
2570 2862 2880 2916 scandalum
2924 2876 3047 2917 esse
3085 2860 3329 2929 videtur;
3361 2873 3417 2918 et

1831 2965 2007 3010 tamen
2062 2970 2167 3010 non
2226 2956 2402 3011 solum
2456 2970 2560 3008 non
2601 2954 2925 3010 offendicula
2962 2966 3080 3021 est,
3120 2954 3214 3010 sed
3251 2955 3414 3011 etiam

1834 3047 2014 3103 trahit.
2047 3048 2172 3103 [hec
2197 3048 2377 3119 itaque
2406 3047 2584 3103 omnia
2630 3048 2872 3117 Cogitans
2899 3046 3120 3115 Paulus,
3149 3057 3204 3104 et
3227 3048 3414 3102 obstu-

1833 3157 2060 3213 pescens
2099 3140 2361 3197 dicebat:
2410 3140 2560 3208 Quod
2608 3140 2817 3195 stultum
2862 3149 2935 3193 est
2973 3138 3091 3206 Dei,
3140 3141 3416 3211 sapientius

1831 3245 1904 3290 est
1933 3234 2256 3299 hominibus;
2303 3233 2507 3303 etquod
2537 3232 2801 3300 infirmum
2843 3241 2915 3286 est
2953 3229 3074 3295 Dei,
3120 3232 3299 3303 {artius
3341 3245 3413 3287 est

1832 3331 2139 3410 hominibus.
2170 3328 2400 3384 Stultum
2429 3335 2484 3381 et
2523 3325 2791 3380 ittlirmum
2818 3323 3025 3390 dicens,
3053 3324 3120 3380 de
3148 3340 3307 3380 cruce
3337 3326 3437 3393 Ιυοκ

1831 3422 2033 3494 quitur,
2066 3437 2173 3476 non
2200 3418 2341 3491 quod
2368 3428 2470 3483 est,
2502 3417 2597 3472 sed
2643 3416 2785 3488 quod
2815 3416 3025 3472 videtur
3059 3432 3181 3473 esse
3206 3416 3411 3488 signifi-

1830 3527 1961 3571 cans
1989 3531 2004 3569 :
2037 3528 2157 3568 nam
2198 3512 2491 3567 secundum
2523 3508 2736 3564 illorum
2767 3507 3073 3579 opinionem
3106 3511 3417 3580 respondet:

1832 3604 2046 3660 Etenim
2071 3601 2213 3675 quod
2240 3617 2335 3673 per
2364 3601 2702 3674 syllogismos
2750 3598 3053 3672 phil050phi
3092 3600 3266 3657 facere
3306 3617 3412 3657 non

1832 3707 2075 3767 potuere,
2099 3699 2199 3749 hoc
2228 3693 2456 3765 perfecit
2484 3708 2547 3748 ea
2574 3708 2692 3763 qua:
2715 3691 2998 3748 videbatur
3020 3708 3141 3749 esse
3167 3694 3412 3749 stultitia.

1832 3788 1963 3857 Quis
1992 3801 2123 3859 ergo
2148 3785 2462 3857 sapientior,
2492 3785 2538 3839 is
2565 3784 2656 3854 qui
2699 3782 2880 3839 multis
2926 3784 3234 3855 persuadet,
3262 3801 3329 3840 an
3365 3785 3413 3841 is

1830 3882 1925 3954 qui
1946 3880 2151 3953 paucis,
2181 3880 2291 3934 imo
2320 3894 2446 3934 vero
2471 3877 2639 3932 nulli?
2677 3877 2724 3932 is
2748 3877 2838 3948 qui
2867 3876 2935 3932 de
2966 3877 3126 3933 rebus
3164 3879 3413 3934 maximis

1834 3976 2140 4049 persuadet,
2187 3991 2253 4029 au
2304 3975 2349 4028 is
2392 3971 2484 4044 qui
2526 3972 2595 4027 de
2640 3972 2727 4039 iis,
2754 3985 2876 4041 quae
2925 3986 3033 4026 non
3065 3973 3413 4043 oporteret‘?

1835 4071 2104 4137 Quantum
2151 4062 2413 4123 laboravit
2459 4063 2608 4119 Plato
2635 4062 2778 4119 circa
2825 4064 3017 4118 lineam
3066 4073 3121 4118 et
3161 4065 3411 4136 angulum

1833 4172 1889 4218 et
1916 4171 2192 4233 punctum,
2221 4175 2285 4213 ac
2313 4159 2381 4214 de
2405 4155 2647 4212 numeris
2691 4155 2907 4226 paribus
2929 4166 2984 4210 et
3027 4156 3337 4225 imparibus,
3359 4165 3414 4211 et

1833 4255 1975 4311 inter
2001 4269 2059 4308 se
2084 4248 2378 4323 aequalibus
2398 4259 2452 4305 et
2476 4247 2826 4317 intequalibns
2846 4262 2909 4301 ac
2928 4246 2997 4301 de
3012 4246 3275 4302 similibus
3295 4262 3414 4302 ara-

1835 4362 2058 4403 nearum
2093 4345 2213 4400 telis
2242 4343 2391 4418 (lucc
2432 4342 2574 4397 enim
2608 4342 2664 4396 in
2688 4341 2899 4396 utiliora
2926 4340 3048 4396 vita:
3074 4352 3220 4407 sunt,
3252 4358 3409 4412 quam

1835 4438 2141 4511 ltujusmodi
2171 4436 2436 4505 textura),
2456 4445 2509 4490 et
2532 4449 2776 4491 cutnnec
2800 4449 3016 4504 parvum
3045 4448 3142 4489 nec
3162 4450 3410 4504 magnum

1835 4534 1961 4589 inde
1993 4533 2218 4587 fructum
2245 4529 2543 4596 attulisset,
2574 4528 2652 4584 sic
2693 4527 2855 4582 vitam
2900 4526 3112 4582 ﬁnivit?
3152 4540 3409 4597 quantum

1835 4626 2099 4684 laboravit
2128 4636 2183 4679 ut
2202 4622 2513 4679 ostenderet
2542 4621 2773 4675 animam
2800 4635 2921 4676 esse
2951 4619 3327 4685 immortalem,
3357 4631 3412 4677 et

1834 4721 1968 4778 nihil
1995 4720 2199 4777 clarum
2227 4716 2382 4783 dixit,
2411 4732 2473 4772 ac
2497 4731 2618 4772 cmn
2648 4713 2848 4771 nemini
2877 4714 3177 4770 auditorum
3204 4715 3253 4772 id
3289 4730 3412 4786 per—

1834 4813 2207 4878 suasisset,sic
2223 4812 2365 4867 diem
2387 4809 2713 4865 obiit?Crux
2742 4815 2918 4862 autem
2948 4821 3044 4877 per
3074 4807 3287 4878 ignaros
3314 4808 3411 4862 lto-

1835 4908 2015 4964 mines
2049 4903 2344 4978 persuasit,
2374 4903 2480 4957 imo
2524 4899 2791 4971 persuasit
2829 4899 2921 4953 toti
2958 4898 3073 4954 orbi
3116 4906 3409 4967 terrarum;

1834 5000 2037 5056 nonde
2068 4997 2272 5052 levibus
2319 4994 2481 5049 rebus
2525 4992 2832 5058 disserens,
2864 4990 2958 5047 sed
3008 4990 3074 5047 de
3107 4992 3215 5046 Deo
3260 5000 3313 5047 et
3340 4991 3410 5048 de

1834 5110 1960 5150 vera
2001 5090 2280 5162 religione,
2315 5087 2487 5157 deque
2513 5084 2822 5157 evangelica
2866 5084 2989 5139 vita:
3036 5084 3301 5152 instituto,
3345 5098 3410 5139 ac

1835 5192 1902 5244 de
1931 5186 2107 5242 futuro
2130 5182 2353 5254 judicio,
2384 5190 2544 5251 atque
2580 5179 2810 5234 rusticos
2847 5176 3196 5246 indoctosque
3222 5190 3409 5231 omnes

1835 5281 1962 5339 fecit
2017 5275 2384 5350 philosophos.
2420 5272 2554 5329 Vide
2584 5269 2852 5342 quomodo
2880 5268 3023 5341 quod
3079 5267 3297 5324 stultum
3326 5276 3410 5323 est

1835 5376 1952 5440 Dei,
2000 5369 2293 5441 sapientius
2337 5367 2407 5422 sit
2436 5366 2762 5429 hominibus,
2796 5370 2851 5418 et
2881 5362 3149 5415 inlirmum
3195 5359 3405 5414 fortius.

1835 5465 2113 5536 Quomodo
2144 5459 2378 5516 fortius?
2423 5453 2575 5524 Quod
2607 5465 2773 5510 totum
2803 5454 2985 5508 orbem
3016 5450 3327 5522 pervaserit,
3352 5457 3412 5504 et

1834 5574 2024 5618 omnes
2054 5557 2105 5613 vi
2133 5556 2355 5627 ceperit,
2376 5561 2430 5608 et
2453 5550 2592 5623 quod
2625 5547 2920 5603 innumeris
2940 5543 3188 5601 Crucilixi
3213 5556 3405 5597 nomen

1835 5654 2175 5723 exstinguere
2213 5645 2549 5710 conantibus,
2600 5640 2925 5698 contrarium
2970 5635 3208 5692 evenerit
3246 5652 3261 5690 :
3305 5631 3407 5690 hoc

1904 5814 1920 5843 ³
1958 5816 2075 5870 neg.
2099 5805 2263 5864 habet,
2288 5810 2397 5864 qua:
2418 5812 2511 5849 non
2535 5804 2665 5855 sunt,
2685 5810 2790 5859 pro,
2814 5807 2924 5858 qua’
2945 5806 3040 5845 non
3055 5796 3310 5855 oporteret.
