3864 6312
462 304 535 365 35
1221 300 1279 356 S.
1316 298 1597 358 JOANNIS
1623 294 2096 354 CIIRYSOSTOMI
2135 297 2453 356 ARCHIEP.
2495 300 3031 366 CONSTANTINOP.
3695 326 3767 379 δυ

466 436 661 476 nomen
704 418 923 485 ﬂoruit,
956 427 1011 472 et
1040 417 1300 487 majorem
1339 416 1391 469 in
1422 413 1640 469 modum
1670 412 1939 477 accrevit;
1974 410 2047 465 illi

468 529 596 567 vero
620 511 891 582 perierunt
916 519 970 564 et
994 509 1046 563 in
1070 509 1291 571 exitium
1314 517 1536 563 ruerunt
1558 524 1571 561 :
1590 520 1653 560 ac
1680 506 1919 561 viventes
1948 503 2045 559 ad-

468 616 653 657 versus
684 610 951 655 mortuum
984 598 1179 653 bellum
1205 607 1476 668 gerentes,
1508 597 1639 652 nilnil
1681 606 1922 665 potuere.
1948 593 2053 648 Ita-

464 708 569 764 que
588 692 803 762 quando
830 706 916 747 me
944 700 1216 745 mortuum
1244 690 1463 745 Graecus
1488 689 1639 757 dicit,
1660 698 1785 743 tunc
1814 685 2051 742 ostendit

464 799 524 839 se
538 781 822 839 admodum
839 783 1061 837 stultum
1084 798 1236 847 esse;
1257 782 1470 852 quando
1487 796 1607 851 ego,
1625 782 1712 851 qui
1733 781 1800 835 ab
1818 780 1908 835 illo
1927 780 2052 834 stul-

465 882 550 931 tus
567 889 686 930 esse
707 875 1007 939 existimor,
1029 875 1273 943 sapiente
1303 873 1597 943 sapientior
1618 887 1854 944 appareo
1880 888 1893 928 :
1927 887 2050 926 cum

464 982 552 1023 me
569 967 778 1022 vocabit
796 966 1087 1032 infirmum,
1103 976 1227 1021 tunc
1248 967 1480 1036 seipsum
1507 966 1856 1021 iulirmlorem
1880 975 2055 1021 osten-

463 1061 573 1117 det.
596 1061 723 1129 Quae
743 1060 886 1115 enim
907 1076 1000 1131 per
1018 1060 1110 1115 Dei
1141 1059 1369 1131 gratiam
1393 1069 1539 1114 reete
1568 1073 1731 1129 agere
1764 1066 2053 1129 potuerunt

464 1153 733 1224 publicani
780 1163 833 1209 et
864 1153 1184 1223 piscatores,
1219 1151 1334 1206 haec
1381 1151 1704 1221 philosophi,
1735 1151 1966 1222 tyranni,
1999 1160 2055 1206 et

464 1255 523 1300 ut
553 1248 624 1300 ita
653 1245 853 1308 dicam,
905 1254 1046 1300 totus
1089 1244 1236 1300 orbis
1278 1244 1559 1300 innumera
1601 1244 2051 1308 circumcurrens,

463 1354 534 1394 ne
562 1340 839 1409 imaginari
870 1340 1087 1408 quidem
1118 1337 1312 1408 potuit.
1341 1337 1479 1406 Quid
1505 1339 1648 1393 enim
1677 1353 1809 1392 crux
1839 1353 1943 1391 non
1973 1338 2056 1392 in-

463 1430 659 1484 duxit?
688 1431 761 1485 De
804 1430 1210 1485 immortalitate
1239 1430 1433 1487 anima:
1480 1431 1825 1497 sententiam,
1853 1430 1921 1485 de
1963 1446 2051 1487 re-

464 1522 798 1577 surrectione
833 1536 1144 1590 corporum.
1192 1521 1260 1576 de
1301 1522 1557 1592 despectu
1605 1522 1954 1593 praesentium
1997 1531 2054 1577 et

464 1614 531 1668 de
570 1613 867 1668 futurorqu
909 1613 1197 1669 desiderio.
1241 1612 1500 1669 Homines
1538 1614 1757 1685 angelos
1797 1613 1957 1679 fecit,
1998 1622 2055 1670 et

464 1720 654 1760 omnes
692 1688 887 1775 ubique
938 1704 1408 1776 phiIOSOphantur,
1449 1720 1771 1777 omnemque
1801 1708 2050 1763 virtutem

464 1797 741 1851 exhibent.

533 1889 588 1943 4.
628 1888 733 1945 Sed
776 1890 937 1945 etiam
984 1888 1123 1960 apud
1169 1890 1311 1957 illos,
1346 1890 1575 1962 inquies,
1622 1890 1774 1946 multi
1827 1902 2051 1947 mortem

462 1991 861 2051 contempsere.
890 1982 1148 2051 Quinam,
1182 1983 1408 2054 qureso?
1460 1999 1528 2038 an
1573 1983 1662 2039 ille
1688 1983 1778 2054 qui
1823 1984 2051 2038 cicutam

467 2075 638 2129 bibit?
662 2075 764 2130 Sed
794 2074 838 2130 si
866 2078 1021 2142 velis,
1051 2077 1363 2132 innumeros
1393 2068 1525 2133 tales
1550 2092 1617 2133 ex
1654 2076 1894 2132 Ecclesia
1924 2093 2052 2146 pro-

467 2167 655 2222 feram.
678 2168 731 2224 Si
763 2170 904 2223 enim
934 2170 1123 2225 liceret
1150 2170 1434 2239 ingruente
1458 2172 1868 2240 persequutione
1895 2178 2053 2240 epota

466 2258 638 2311 cicuta
688 2259 972 2325 excedere,
1008 2270 1191 2314 essent
1238 2276 1426 2315 omnes
1454 2260 1548 2314 illo
1577 2261 1853 2316 clariores.

538 2350 775 2406 Socrates
799 2362 1001 2406 coactus
1030 2354 1245 2407 cicutam
1274 2353 1413 2407 bibit.
1457 2352 1749 2426 Martyrum
1775 2339 2050 2409 cruciatus.

465 2472 535 2482 -—
567 2444 811 2512 Alioquin
858 2454 1036 2500 autem
1082 2445 1216 2500 bibit
1254 2445 1378 2514 ille,
1409 2460 1529 2500 eum
1576 2460 1681 2500 non
1730 2446 1915 2502 liceret
1953 2446 2054 2502 sibi

465 2542 558 2588 aut
604 2534 787 2590 bibere
834 2544 925 2590 aut
970 2553 1075 2591 non
1126 2537 1347 2604 bibere;
1396 2539 1489 2593 sed
1529 2538 1689 2594 vellet
1732 2538 1900 2594 nollet
1939 2538 2054 2595 haec

465 2626 703 2695 oportuit
737 2627 913 2683 facere
941 2645 955 2683 :
981 2628 1122 2699 quod
1155 2644 1257 2683 non
1290 2629 1535 2695 virtutis,
1578 2630 1675 2686 sed
1716 2632 2054 2687 necessitatis

466 2725 604 2771 erat.
636 2715 769 2773 Nam
809 2719 1045 2775 latrones
1085 2729 1139 2776 et
1179 2720 1494 2786 homicidae,
1523 2722 1788 2777 sententia
1810 2722 2052 2793 judicmn

466 2809 737 2878 damnati,
782 2812 1026 2882 graviora
1054 2813 1193 2883 passi
1222 2823 1366 2871 sunt.
1396 2814 1551 2885 Apud
1589 2831 1686 2871 nos
1712 2826 1890 2872 autem
1920 2832 2054 2873 con-

469 2902 634 2955 trario
670 2901 830 2956 modo
864 2917 951 2958 res
986 2918 1046 2958 se
1074 2902 1271 2959 habet:
1306 2922 1410 2960 non
1436 2907 1579 2962 enim
1610 2908 1757 2963 inviti
1789 2920 2055 2981 martyres

474 2995 614 3064 passi
645 3003 801 3062 sunt,
829 2995 922 3051 sed
954 3004 1178 3066 sponte,
1209 3008 1264 3053 et
1287 3016 1405 3053 eum
1439 3015 1601 3070 penes
1628 3001 1749 3057 illos
1780 3010 1922 3058 esset
1947 3018 2056 3058 non

469 3088 612 3158 pati,
647 3087 926 3143 adamante
955 3090 1193 3159 quolibet
1232 3091 1522 3148 firmiorem
1554 3093 1845 3151 exhibuere
1884 3095 2055 3150 virtu-

470 3190 597 3235 tem.
645 3180 758 3235 Nou
804 3182 997 3236 mirum
1034 3198 1163 3253 ergo
1204 3193 1320 3249 est,
1362 3188 1406 3240 si
1439 3186 1529 3241 ille
1555 3187 1780 3242 cicutam
1825 3189 2053 3253 biberit,

467 3288 587 3327 cum
614 3289 717 3326 non
750 3284 932 3343 posset
958 3290 985 3328 a
1014 3276 1103 3329 tali
1128 3286 1252 3345 potu
1281 3277 1569 3345 abstinere,
1598 3290 1653 3335 et
1677 3281 1742 3336 ad
1761 3291 2052 3337 extremam

470 3372 753 3432 provectus
782 3373 925 3420 esset
963 3376 1293 3423 senectutem
1324 3387 1337 3424 :
1366 3368 1577 3425 dicebat
1604 3373 1744 3426 enim
1784 3388 1843 3428 se
1884 3389 2055 3429 annos

466 3455 798 3525 septuaginta
821 3465 1000 3511 uatum
1023 3458 1235 3528 quando
1261 3459 1421 3514 vitam
1444 3464 1784 3532 contempsit,
1810 3459 1851 3516 sl
1877 3473 2052 3518 tamen

470 3550 570 3605 hoe
613 3551 684 3606 sit
712 3562 1057 3609 contemnere
1092 3573 1105 3610 :
1139 3569 1241 3609 non
1286 3555 1428 3610 enim
1470 3570 1569 3627 ego
1612 3556 1739 3612 illud
1785 3558 2052 3625 dixerim,

470 3647 577 3700 imo
617 3663 789 3717 neque
834 3649 972 3704 ullus
1009 3649 1165 3703 alius.
1190 3648 1297 3704 Sed
1328 3628 1551 3705 ostende
1583 3650 1708 3704 mihi
1736 3651 1969 3722 aliquem
2004 3656 2053 3709 in

471 3743 749 3796 tormentis
782 3758 876 3811 pro
922 3743 1006 3812 pia
1048 3744 1310 3814 religione
1340 3754 1812 3815 perseverantem,
1855 3758 1907 3801 ut
1954 3762 2054 3819 ego

470 3834 779 3891 immmcros
806 3835 999 3906 ubique
1024 3853 1120 3909 per
1144 3838 1329 3893 orbem
1362 3837 1650 3909 proferam.
1684 3838 1813 3908 Quis
1843 3840 2054 3898 effossis

471 3927 756 3998 unguibus,
790 3930 840 3984 id
872 3931 1077 3987 fortiter
1107 3931 1267 3987 tulit?
1288 3934 1406 4003 quis
1427 3975 1443 4000 ,
1471 3949 1590 3989 cum
1619 3946 1936 3990 eruereutur
1964 3953 2053 3991 ar-

469 4019 617 4073 ticuli
642 4019 822 4090 'fquis,
853 4037 974 4076 cum
996 4037 1189 4092 corpus
1217 4024 1332 4093 ejus
1356 4024 1749 4095 discerperetur
1765 4035 1819 4081 et
1838 4042 2055 4097 separa-

474 4121 559 4165 tur
573 4128 602 4165 a
619 4113 793 4182 capite
805 4113 827 4165 ’ἰ
839 4114 979 4184 quis,
993 4130 1113 4171 cum
1133 4130 1252 4172 ossa
1272 4118 1460 4187 capitis
1475 4117 1920 4174 extraherentur?
1936 4123 2055 4191 quis

472 4207 527 4260 in
555 4207 819 4276 sartagine
845 4206 1150 4278 frequenter
1171 4210 1419 4279 positus?
1444 4212 1562 4281 quis
1592 4212 1642 4265 in
1668 4211 1892 4268 lebetetn
1920 4212 2055 4283 inje-

471 4298 620 4354 ctus?
649 4299 770 4354 llmc
792 4300 920 4354 mihi
951 4301 1193 4357 ostende.
1217 4303 1348 4358 Nam
1372 4320 1434 4359 ex
1463 4306 1631 4360 cicuta
1664 4307 1797 4360 mori
1836 4307 2056 4377 perinde

470 4398 555 4447 est
576 4399 739 4463 atque
760 4392 1111 4450 dormientem
1142 4410 1457 4465 permanere
1484 4416 1497 4453 :
1528 4414 1671 4454 mors
1699 4399 1840 4455 enim
1865 4400 2054 4471 hujus-

472 4483 615 4539 modi
652 4499 842 4540 somno
885 4485 1099 4540 suavior
1128 4485 1247 4543 esse
1274 4488 1487 4545 dicitur.
1520 4491 1670 4558 Quod
1699 4492 1741 4546 si
1774 4494 1861 4563 qui
1891 4493 2051 4548 etiam

473 4585 733 4632 tormenta
766 4579 1132 4648 pertulerunt,
1181 4580 1369 4636 horum
1397 4592 1541 4638 certe
1579 4584 1696 4638 laus
1724 4585 1879 4654 periit
1907 4601 1922 4638 :
1957 4600 2053 4656 pro

474 4672 611 4741 turpi
639 4672 779 4727 enim
812 4687 971 4727 causa
1005 4674 1315 4746 perierunt;
1342 4674 1429 4729 alii
1460 4684 1516 4729 ut
1540 4676 1629 4746 qui
1659 4686 1866 4731 secreta
1897 4693 2054 4733 reve-

476 4761 695 4828 lassent,
738 4763 826 4817 alii
876 4774 932 4818 ut
974 4765 1064 4835 qui
1110 4766 1441 4837 tyrannidem
1474 4766 1831 4836 atl'ectassent,
1867 4769 1955 4823 alii
2002 4772 2052 4825 in

472 4856 791 4925 turpissimis
819 4857 979 4912 rebus
1007 4858 1327 4929 deprehensi
1356 4878 1369 4914 :
1397 4860 1484 4915 alii
1514 4860 1707 4917 frustra
1735 4872 1789 4917 et
1817 4872 2049 4929 temere,

473 4948 611 5001 nulla
642 4947 709 5003 de
742 4963 937 5016 causa,
981 4964 1102 5005 sese
1143 4950 1470 5008 detulerunt.
1512 4952 1616 5009 Sed
1656 4969 1760 5009 nou
1802 4955 1871 5009 ita
1914 4955 2053 5025 apud

475 5056 594 5096 uos.
626 5040 748 5097 Ideo
789 5043 1001 5097 illorum
1027 5042 1239 5114 quidem
1266 5056 1412 5115 gesta
1449 5055 1724 5114 tacentur;
1768 5047 1882 5103 haec
1925 5064 2055 5104 vero

474 5134 665 5190 florent
701 5146 754 5190 et
786 5136 836 5190 iu
876 5136 992 5191 dies
1026 5148 1361 5193 accrescunt.
1409 5139 1560 5206 Quod
1591 5141 1828 5211 cogitans
1857 5141 2053 5197 Paulus

473 5226 684 5282 dicebat
717 5244 730 5281 :
764 5227 1033 5282 lulirmum
1078 5228 1170 5282 Dei
1205 5228 1394 5284 fortius
1427 5240 1509 5285 est
1542 5233 1786 5288 omnibus
1828 5233 2055 5288 homini-

477 5321 594 5374 bus.
619 5321 766 5387 Quod
795 5324 935 5377 cnim
958 5322 1134 5376 divina
1162 5323 1233 5377 sit
1260 5322 1583 5394 przedicatio,
1609 5326 1731 5381 inde
1754 5328 1913 5381 etiam
1937 5343 2053 5381 tua-

474 5415 722 5470 nifestum
753 5427 852 5470 est.
899 5416 1174 5473 Undeuatn
1223 5418 1276 5472 in
1319 5430 1552 5475 mentem
1587 5422 1734 5476 venit
1770 5420 2052 5478 duodecim

471 5506 775 5564 hominibus
796 5510 964 5579 iisque
989 5510 1208 5582 ignaris,
1232 5511 1285 5566 iu
1313 5512 1551 5581 lacubus,
1577 5512 1750 5570 ﬂuviis
1769 5521 1823 5569 et
1841 5513 2055 5570 deserto

472 5602 842 5667 manentibus,
875 5612 933 5657 ut
969 5619 1056 5661 res
1091 5612 1267 5661 tantas
1299 5604 1750 5677 aggrederentur;
1778 5614 1834 5662 et
1862 5608 1927 5662 iis
1964 5607 2056 5678 qui

475 5709 763 5764 numquam
790 5694 1014 5751 fortasse
1040 5697 1091 5751 in
1122 5697 1307 5754 urbem
1332 5706 1388 5754 et
1413 5698 1466 5753 in
1495 5698 1663 5754 forum
1685 5708 1975 5766 venerant,
1999 5708 2057 5755 ut

477 5797 663 5845 contra
701 5798 868 5848 totum
906 5789 1092 5849 orbem
1126 5792 1296 5851 aciem
1326 5791 1694 5851 instruerent?
1723 5787 1877 5862 Quod
1907 5793 2051 5850 enim

2164 414 2490 512 formidolosi
2520 430 2697 475 essent
2734 433 2787 476 et
2816 425 2991 493 pusilli
3020 427 3213 499 animi,
3244 435 3478 492 ostendit
3505 438 3639 507 ille,
3673 445 3767 512 qui

2157 502 2223 558 de
2251 506 2316 560 iis
2346 510 2581 577 scripsit,
2616 512 2705 581 qui
2750 513 2800 567 id
2839 531 2943 581 non
2975 524 3259 587 recusavit,
3310 543 3485 598 neque
3535 502 3767 589 illorum

2158 596 2412 666 obtegere
2453 602 2577 657 vitia
2624 605 2793 660 voluit
2827 611 3009 680 :quod
3054 617 3341 673 maximqu
3380 596 3465 677 est
3508 627 3769 682 veritatis

2160 703 2555 785 argumentum.
2609 697 2747 764 Quid
2797 698 2957 771 igitur
3000 704 3091 760 ille
3132 706 3200 761 de
3245 710 3351 765 illis
3391 713 3556 770 dicit?
3601 717 3765 785 Quod

2157 780 2373 838 Christo
2403 791 2824 859 comprehenso,
2856 806 2976 864 post
3000 798 3275 858 innumera
3310 806 3451 863 edita
3490 812 3768 869 miracula

2156 874 2247 929 alii
2272 874 2538 947 fugerint,
2568 883 2656 938 ille
2695 901 2827 942 vero
2856 890 3080 947 aliorqu
3107 898 3424 967 coryphaeus
3452 903 3636 973 ipsum
3667 924 3768 963 ne-

2155 968 2383 1034 gaverit.
2418 968 2697 1029 Undeuam
2726 992 2853 1047 ergo
2884 979 2957 1035 illi
2984 1023 2999 1046 ,
3027 986 3115 1051 qui
3146 986 3358 1045 vivente
3397 968 3623 1051 Christo
3666 997 3767 1053 Ju—

2158 1058 2397 1115 dzuorum
2416 1062 2669 1133 impetum
2693 1084 2796 1123 nou
2822 1072 3069 1140 tulerant,
3092 1076 3183 1132 illo
3204 1090 3414 1139 mortuo
3438 1094 3493 1140 et
3514 1090 3767 1158 sepulto.

2157 1165 2277 1207 eum
2303 1171 2406 1209 non
2436 1162 2841 1231 resurrexisset,
2875 1175 2931 1220 ut
2960 1180 3052 1224 vos
3084 1171 3280 1239 dicitis,
3312 1192 3486 1249 neque
3506 1181 3770 1253 alloquu«

2159 1253 2246 1308 uis
2288 1247 2409 1303 illos
2454 1251 2663 1320 fuisset,
2712 1271 2889 1328 neque
2932 1261 3166 1319 animum
3212 1247 3513 1340 indidisset,
3567 1247 3769 1333 contra

2157 1348 2363 1397 tantum
2391 1344 2576 1400 orbem
2605 1356 2760 1403 terra:
2781 1351 2951 1409 aciem
2976 1355 3371 1417 instruxerunt?
3389 1366 3586 1423 Annon
3612 1373 3767 1440 apud

2156 1446 2215 1487 se
2235 1432 2517 1503 dixissent,
2540 1437 2677 1507 Quid
2704 1441 2806 1498 hoc
2834 1448 2960 1500 est?
2986 1450 3222 1520 seipsum
3270 1471 3375 1511 non
3423 1464 3601 1528 potuit
3639 1432 3769 1521 sero

2157 1538 2285 1621 vare
2308 1567 2323 1592 ,
2356 1536 2411 1583 et
2437 1545 2536 1585 nos
2567 1537 2849 1607 proteget?
2876 1539 2978 1594 sibi
3005 1557 3160 1612 opem
3195 1562 3299 1602 non
3325 1552 3446 1607 tulit
3466 1554 3627 1611 vivus
3663 1602 3679 1621 ,
3711 1570 3767 1617 et

2157 1617 2311 1672 nobis
2340 1635 2557 1677 manum
2586 1626 2769 1683 tendet
2795 1635 3084 1689 mortuus?
3111 1637 3224 1708 ipse
3240 1617 3768 1700 vivusuullamsub-

2152 1713 2264 1781 egit
2320 1723 2555 1809 gentem,
2588 1727 2644 1773 et
2670 1735 2767 1777 nos
2795 1723 2889 1778 toti
2921 1725 3059 1793 orbi,
3093 1728 3260 1800 ipsius
3282 1736 3484 1803 prolato
3504 1743 3762 1809 nomine.

2158 1802 2643 1869 persuadebimus?
2689 1820 2744 1866 et
2784 1817 3053 1883 quomodo
3101 1835 3205 1876 non
3252 1802 3434 1882 contra
3479 1802 3761 1890 rationem

2155 1890 2336 1960 fuerit,
2384 1896 2500 1952 hinc
2540 1915 2644 1955 nou
2689 1904 2863 1960 solum
2912 1907 3108 1977 facere,
3152 1914 3247 1968 sed
3280 1918 3439 1973 etiam
3466 1925 3765 1993 cogitare?

2154 1985 2511 2050 Quamobrem
2541 1992 2711 2061 palam
2742 2006 2855 2061 est,
2884 1998 2928 2052 si
2956 2015 3062 2055 non
3096 2004 3352 2062 vidissent
3380 1985 3763 2071 illum'resur-

2157 2078 2365 2135 rexisse
2389 2122 2404 2149 ,
2437 2098 2796 2157 magnumque
2822 2093 3072 2159 potentia;
3100 2096 3215 2165 ejus
3255 2098 3567 2161 habuissent
3592 2124 3766 2181 argu-

2158 2181 2396 2225 tncntum
2420 2214 2433 2236 ,
2462 2189 2568 2229 non
2595 2183 2795 2232 tantam
2832 2180 3072 2250 jacturos
3104 2185 3268 2244 fuisse
3296 2192 3486 2247 aleam.
3520 2180 3761 2255 Etiamsi

2155 2259 2300 2313 enim
2330 2265 2533 2319 amicos
2561 2265 2869 2324 habuissent
2898 2271 3329 2344 innumerabiles,
3358 2297 3537 2340 annon
3567 2291 3761 2345 statim

2155 2352 2395 2408 omnium
2423 2355 2522 2410 sibi
2558 2357 2887 2418 inimicitiam
2918 2369 3265 2425 attraxisseut
3288 2414 3304 2439 ,
3344 2374 3468 2429 dum
3497 2381 3764 2451 antiquos

2158 2458 2337 2500 mores
2363 2459 2718 2518 amoverent,
2748 2462 2802 2508 et
2830 2457 3028 2524 patrios
3056 2462 3312 2518 terminos
3353 2468 3765 2527 transferrent?

2156 2552 2299 2592 nunc
2319 2550 2497 2597 autem
2520 2558 2709 2601 omnes
2742 2547 2975 2605 habuere
2998 2552 3097 2607 sibi
3127 2556 3308 2611 hostes
3342 2568 3395 2613 et
3424 2565 3682 2633 proprios
3707 2582 3764 2624 et

2157 2630 2383 2686 alienos.
2410 2634 2633 2690 Etiamsi
2659 2638 2801 2692 enim
2830 2652 3050 2713 propter
3076 2655 3293 2702 externa
3321 2656 3495 2707 omnia
3524 2630 3765 2713 venera-

2156 2725 2291 2781 biles
2320 2726 2565 2797 fuissent,
2589 2745 2765 2786 annon
2797 2748 2989 2791 omnes
3017 2737 3161 2807 ipsos
3186 2747 3446 2799 exsecrati
3475 2747 3715 2807 fuissent
3742 2796 3755 2819 ,

2155 2818 2298 2889 quod
2325 2835 2520 2877 novum
2551 2823 2672 2880 vitae
2704 2824 2997 2882 institutum
3031 2829 3545 2895 inducerenthtuuc
3569 2853 3761 2901 autem

2158 2913 2360 2971 deserti
2399 2928 2551 2973 erant
2576 2917 2644 2973 ab
2668 2920 2917 2976 omnibus
2936 2964 2951 2990 ,
2981 2935 3036 2980 et
3064 2939 3482 2990 consentaneum
3512 2948 3669 3007 erat,
3703 2953 3762 2995 ut

2158 3005 2243 3061 vel
2267 3007 2454 3087 inde'ut
2477 3011 2716 3065 omnium
2739 3011 2920 3068 odium
2934 3025 2989 3070 et
3009 3005 3757 3093 contemptuminetirrerent.

2159 3098 2306 3167 Quos
2334 3101 2474 3156 enim
2513 3102 2591 3157 vis
2617 3102 2837 3160 dicere?
2863 3106 3124 3165 Judaeos?
3152 3114 3220 3168 At
3246 3115 3444 3185 ingenti
3472 3120 3593 3176 illos
3624 3124 3760 3181 odio

2158 3194 2620 3263 prosequebantur
2663 3212 2727 3251 ex
2775 3197 2863 3264 iis,
2896 3215 3014 3269 quae
3043 3212 3226 3259 contra
3262 3208 3573 3278 magistrum
3612 3214 3757 3272 facta

2159 3282 2389 3340 fuerant.
2419 3288 2499 3339 An
2530 3285 2746 3343 Grzecos
2766 3290 2789 3344 ?
2810 3288 2881 3345 At
2903 3290 2957 3345 hi
2982 3308 3087 3347 non
3114 3295 3288 3350 minus
3307 3313 3464 3368 quam
3491 3301 3570 3357 illi
3601 3304 3759 3375 ipsos

2158 3378 2576 3447 aversabantur;
2609 3380 2768 3453 idque
2795 3395 2993 3439 norunt
3022 3388 3251 3445 maxime
3280 3393 3517 3449 omnium
3547 3396 3755 3456 Gm'ci.

2160 3469 2307 3526 l’lato
2332 3472 2495 3541 enim,
2520 3476 2607 3541 qui
2634 3490 2825 3532 novam
2853 3479 3017 3534 voluit
3042 3480 3317 3540 instituere
3340 3488 3755 3557 rempublicam,

2157 3564 2243 3620 vel
2274 3566 2449 3636 potius
2480 3578 2682 3637 partem
2724 3571 3067 3642 reipublicae,
3109 3577 3198 3645 qui
3240 3593 3343 3633 non
3389 3580 3611 3638 deorum
3655 3603 3758 3642 no-

2157 3657 2300 3711 mina
2332 3660 2575 3727 mutavit,
2606 3662 2698 3716 sed
2721 3674 2840 3719 acta
2863 3674 2916 3720 et
2939 3674 3088 3735 gesta
3114 3668 3215 3723 alia
3246 3685 3344 3740 pro
3367 3673 3485 3728 aliis
3515 3674 3751 3741 induxit,

2157 3749 2210 3803 in
2256 3752 2550 3821 pericnlmn
2584 3755 2747 3821 venit,
2799 3771 2866 3813 ne
2908 3774 2974 3813 ex
3014 3758 3198 3815 Sicilia
3235 3762 3434 3831 ejectus
3461 3770 3537 3837 (a)
3571 3782 3756 3828 morte

2156 3842 2464 3899 afliceretur
2501 3862 2514 3898 :
2556 3846 2680 3916 quia
2709 3856 2887 3905 autem
2918 3849 3019 3905 hoc
3046 3867 3149 3906 non
3190 3854 3401 3921 accidit,
3444 3856 3753 3916 libertatem

2157 3935 2273 4006 ipse
2301 3936 2499 3991 amisit.
2535 3938 2598 3991 Et
2628 3938 2728 3994 nisi
2761 3940 3015 3996 barbarus
3050 3943 3264 4012 quidam
3293 3945 3486 4001 Sieilim
3514 3957 3755 4020 tyranno

2158 4027 2339 4082 mitior
2370 4027 2577 4093 fuisset,
2624 4029 2753 4084 nihil
2794 4032 3155 4102 prohibuisset
3193 4038 3479 4106 quominus
3506 4042 3756 4110 philoso.

2157 4118 2294 4187 phus
2338 4117 2391 4172 iu
2437 4117 2610 4174 aliena
2653 4128 2794 4175 terra
2833 4124 3078 4178 servituti
3103 4125 3346 4183 addictus
3384 4141 3544 4185 esset.
3578 4132 3752 4205 Atqui

2158 4224 2263 4265 non
2295 4224 2392 4279 par
2421 4226 2508 4266 res
2533 4220 2635 4276 est,
2668 4227 2729 4268 ea
2768 4230 2884 4283 qua:
2927 4215 2993 4269 ad
3038 4232 3258 4288 regnum
3289 4221 3553 4290 pertinent
3584 4224 3753 4281 inno-

2158 4313 2374 4367 vare,et
2396 4319 2515 4373 qua:
2539 4304 2603 4359 ad
2632 4307 2944 4377 religionem
2973 4326 2986 4362 :
3013 4309 3113 4366 hoc
3141 4312 3283 4367 enim
3314 4314 3541 4371 maxime
3571 4317 3756 4377 homi-

2159 4411 2256 4451 nes
2278 4397 2563 4452 conturbat
2599 4409 2651 4454 et
2688 4412 3008 4457 commovet.
3039 4402 3169 4460 Nam
3197 4406 3376 4463 dicere
3395 4452 3409 4473 ,
3439 4409 3536 4465 Hic
3561 4422 3616 4467 et
3642 4413 3754 4471 iste

2157 4486 2295 4543 hanc
2336 4504 2560 4545 uxorem
2603 4490 2822 4558 ducant,
2871 4503 2946 4559 et,
2986 4495 3246 4552 Custodes
3293 4498 3395 4555 hoc
3437 4502 3598 4557 modo
3634 4506 3749 4563 sint

2156 4579 2427 4645 custodes,
2460 4597 2566 4637 non
2592 4583 2815 4637 multum
2844 4585 3057 4643 turbare
3090 4600 3341 4656 possunt,
3367 4606 3486 4647 cum
3510 4596 3751 4654 maxime

2157 4669 2212 4726 in
2241 4671 2382 4728 libro
2408 4673 2605 4744 scripta
2635 4686 2778 4741 sunt,
2808 4691 2909 4733 nec
2940 4680 3163 4735 nmltum
3194 4693 3344 4737 curat
3366 4683 3661 4755 legislator,
3691 4700 3755 4744 ut

2156 4763 2353 4835 scripta
2383 4764 2440 4819 in
2485 4781 2618 4836 opus
2644 4776 2838 4822 exeant
2866 4786 2881 4823 :
2914 4781 2965 4824 at
2996 4771 3212 4841 dicere,
3245 4790 3338 4830 eos
3363 4777 3450 4847 qui
3490 4780 3751 4837 coluntur

2158 4872 2263 4912 non
2290 4858 2411 4914 esSe
2438 4857 2590 4923 deos,
2622 4859 2717 4915 sed
2745 4861 3039 4931 daunonas,
3069 4880 3191 4920 eum
3219 4867 3309 4937 qui
3336 4872 3622 4929 crucifixus
3644 4873 3749 4933 fuit

2159 4947 2324 5003 Deum
2354 4964 2493 5017 esse,
2518 4949 2666 5007 scitis
2687 4963 2936 5022 quantam
2965 4958 3269 5013 accenderit
3289 4959 3421 5015 iram
3441 5003 3456 5029 ,
3481 4977 3745 5034 quantum

2158 5040 2471 5096 excitaverit
2493 5042 2714 5098 bellum.

2229 5134 2283 5189 5.
2314 5134 2628 5207 Protagoras
2649 5148 2698 5191 et
2723 5137 3018 5194 Theodorus
3036 5140 3191 5195 atliei.
3214 5172 3286 5182 —
3304 5142 3436 5199 Nam
3458 5147 3595 5217 apud
3620 5150 3747 5209 illos

2159 5225 2478 5297 Protagoras
2510 5228 2604 5297 (b),
2628 5229 2749 5299 quia
2781 5245 2943 5285 ausus
2969 5240 3049 5286 est
3077 5232 3279 5300 dicere,
3306 5235 3420 5290 Non
3444 5238 3563 5292 novi
3585 5240 3744 5309 deos,

2219 5364 2294 5426 (a)
2320 5363 2393 5434 De
2414 5364 2619 5434 Platone
2644 5367 2853 5434 ejusque
2878 5369 2925 5416 in
2947 5368 3149 5434 siciliam
3168 5372 3396 5434 transitu,
3421 5384 3474 5425 et
3488 5372 3553 5425 de
3576 5377 3743 5429 reditu

2159 5440 2221 5500 ex
2247 5426 2453 5500 eadem,
2481 5428 2591 5500 vale
2626 5426 2927 5479 Plutarchum
2951 5432 3000 5479 in
3028 5430 3136 5481 Vita
3166 5431 3359 5498 Dionis,
3382 5426 3437 5486 et
3464 5426 3743 5500 Diogenem

2157 5491 2395 5537 Lacrtium
2420 5492 2464 5537 iu
2490 5489 2703 5540 Platone.

2219 5549 2291 5612 (ὑ)
2310 5549 2386 5600 De
2410 5551 2672 5613 Protagora
2697 5556 2799 5602 lucc
2822 5553 2972 5607 habet
2992 5554 3164 5608 Cicero
3179 5556 3263 5609 tib.
3287 5559 3309 5609 1
3337 5558 3403 5609 de
3425 5567 3593 5609 Natura
3616 5564 3741 5613 deo-

2156 5625 2365 5690 NI'I’E:
2380 5614 2619 5690 %_3.5,-";“t'!
2641 5615 2885 5690 Αθίὲενίιεξ
2902 5618 3100 5690 quidem
3132 5628 3451 5690 ρνορρθοηςιςξν
3475 5626 3615 5690 τιψιε
3637 5640 3667 5674 η
3692 5634 3741 5690 ιβ

2157 5673 2299 5724 modo
2320 5675 2495 5743 mentio
2515 5677 2645 5743 facta
2656 5685 2754 5743 est,
2779 5673 3012 5743 sophistes
3034 5673 3324 5742 temporibus
3347 5673 3449 5734 illis
3473 5673 3546 5734 vel
3574 5673 3741 5736 mari:-

2156 5750 2281 5809 max,
2300 5749 2410 5809 cum
2432 5736 2483 5788 iu
2508 5736 2749 5809 principio
2769 5736 2883 5809 libri
2902 5742 2980 5809 sui
2999 5743 3072 5809 sic
3095 5736 3326 5809 posuisset
3351 5746 3413 5796 de
3437 5744 3551 5805 diis,
3577 5760 3737 5809 neque

2158 5806 2208 5852 ut
2230 5800 2344 5865 sint,
2363 5813 2516 5864 neque
2538 5808 2589 5852 ut
2623 5800 2717 5856 non
2759 5804 2871 5867 sim,
2899 5800 3252 5858 Atheniensium
3279 5808 3425 5870 jussu
3449 5800 3566 5862 urbe
3589 5800 3737 5872 atque
