3864 6216
119 358 179 413 ες
1129 336 1195 391 IN
1234 330 1452 390 EPIST.
1495 328 1516 383 1
1554 324 1643 381 AD
1681 320 1715 378 C

1816 358 1842 375 ι.
1886 314 2120 375 ιιοΜιιι.
2149 315 2238 371 IV.
2911 310 2917 315 ’
3301 295 3370 351 36

118 496 201 552 ρον
228 472 513 527 δείκνυσιν.
552 468 621 521 ’Δ
652 466 761 537 1&9
800 465 1029 533 ἴσχυσαν
1077 453 1425 526 κατορθῶσαι
1474 448 1541 519 τῇ
1594 439 1691 497 τοῦ

115 537 236 628 θεοῦ
260 566 441 639 χάριτι
476 561 710 616 τελῶναι
744 558 839 612 καὶ
868 556 1061 619 ἁλιεῖς,
1088 549 1261 605 ταῦτα
1288 545 1572 617 φιλόσοφοι
1601 537 1695 591 καὶ

117 628 345 738 ῥήτορες·
364 657 460 712 καὶ
486 656 744 727 τύραννοι
787 649 883 704 καί
913 647 1063 700 πᾶσα
1103 639 1292 703 ἁπλῶς
1321 639 1356 709 ὴ
1396 628 1693 702 οἰκουμένη

118 719 273 831 μυρία
304 719 719 823 περιδραμοῦσα
764 741 892 797 ούδέ
935 734 1310 810 φαντασθῆναι
1342 729 1587 799 ἴσχυσαν.
1627 719 1696 773 Τί

113 816 211 922 1&9
241 847 338 900 οὑκ
368 816 662 912 εἰσήγαγεν
704 836 734 889 ό
778 832 1054 905 σταυρός;
1093 828 1199 881 Τὸν
1228 822 1359 897 1:591
1398 816 1697 881 ἀθανασίας

114 909 279 1015 φυχῆς
317 909 622 1004 λόγον,τδν
652 928 780 1001 περί
816 927 917 998 τῆς
966 920 1321 982 ἀναστάσεως
1350 915 1460 969 τῶν
1505 909 1697 982 σωμά-

116 1000 346 1090 των-τὸν
371 1000 502 1101 περί
525 1028 623 1096 τῆς
652 1000 953 1094 ὑπεροψίας
983 1016 1095 1070 τῶν
1120 1012 1426 1085 παρόντων,
1450 1006 1542 1060 τὸν
1568 1000 1699 1072 1:591

116 1128 206 1196 τῆς
250 1098 543 1192 ἐπιθυμίας
583 1115 693 1171 τῶν
733 1112 1057 1186 μελλόντων.
1102 1107 1214 1161 K011
1257 1102 1526 1173 ἀγγέλους
1569 1098 1699 1160 τοὺς

117 1216 422 1291 ἀνθρώπους
459 1211 704 1281 ἐποίησε,
743 1206 838 1261 καὶ
889 1202 1091 1264 πάντες
1151 1193 1431 1266 πανταχοῦ
1483 1191 1700 1262 φιλοσο-

119 1313 289 1384 φοῦσι,
318 1308 414 1364 καὶ
444 1306 627 1361 πᾶσαν
651 1299 905 1372 ἀνδρείαν
928 1293 1348 1349 ἐπιδείκνυνται.

182 1462 241 1516 δ’.
287 1455 447 1511 Ἀλλά
491 1453 585 1507 καὶ
633 1449 767 1522 παρ’
806 1446 1014 1506 αὐτοῖς,
1056 1440 1214 1512 φησὶ,
1251 1434 1436 1490 πολλοί
1471 1429 1703 1486 θανάτου

119 1549 574 1622 καταφρονοῦντες
598 1521 873 1614 γεγόνασι.
906 1536 1085 1599 Τίνες,
1117 1531 1241 1587 εἰπέ
1272 1546 1398 1601 μοι;
1431 1523 1543 1597 ἆρα
1572 1525 1601 1576 ό
1631 1521 1696 1575 τὸ

118 1646 328 1701 κώνειον
362 1639 539 1703 πιώνς
597 1634 737 1689 Ἀλλ’
778 1632 829 1685 εί
879 1628 1083 1701 βούλει,
1144 1622 1422 1685 τοιούτους
1475 1617 1701 1690 μυρίους

118 1737 217 1793 ἀπὸ
263 1734 360 1805 τῆς
420 1727 749 1800 Ἐκκλησίας
794 1722 1195 1793 παράσχωμαι.
1250 1714 1315 1767 Εἰ
1375 1710 1484 1781 γὰρ
1552 1707 1699 1777 ἐνῆν,

118 1801 345 1900 διωγμοῦ
396 1818 822 1882 καταλαϐόντος,
861 1814 1089 1870 κώνειον
1137 1809 1363 1871 πιόντας
1420 1801 1701 1868 ἀπελθεῖν,

120 1928 307 1987 πάντες
335 1920 403 1976 ἀν
430 1918 643 1972 ἐκείνου
675 1910 1049 1984 λαμπρότεροι
1082 1903 1360 1975 γεγόνασι.

184 2075 390 2137 Ἀλλως
427 2073 483 2127 δέ
504 2071 714 2132 ἐκεῖνος
751 2063 875 2136 ούχί
908 2060 1099 2134 κύριος
1142 2055 1218 2111 ὣν
1250 2050 1347 2107 τοῦ
1389 2048 1467 2123 μὴ
1494 2048 1638 2102 πιεῖν
1668 2043 1703 2116 ἢ

121 2174 278 2237 πιεῖν,
322 2170 504 2222 ἔπιεν
539 2162 677 2219 ἀλλά
710 2162 807 2215 καὶ
835 2160 1040 2214 ἄκοντα
1067 2152 1161 2208 καί⁹
1183 2149 1380 2204 ἐκόντα
1406 2145 1515 2199 ἔδει
1547 2141 1707 2196 τοῦτο

121 2234 321 2328 παθεῖν,
353 2264 492 2333 ὅπερ
521 2259 622 2312 ούκ
647 2251 715 2328 ἦν
748 2250 1023 2322 ἀνδρείας,
1057 2245 1195 2300 ἀλλὰ
1219 2243 1465 2311 ἀνάγκης
1492 2234 1704 2290 λοιπόν.

123 2362 225 2416 Καὶ
255 2357 363 2429 1&9
392 2330 492 2408 καὶ
524 2349 723 2421 λῃσταὶ
744 2345 840 2400 καὶ
867 2338 1185 2414 ἀνδροφόνοι
1215 2334 1320 2389 ὑπὸ
1338 2335 1407 2404 τῇ
1432 2330 1598 2401 ψήφῳ
1620 2343 1708 2395 γε-

122 2418 478 2525 νόμενοίτῶν
517 2418 854 2507 δικαζόντων
893 2431 1255 2507 χαλεπώτερα
1296 2424 1520 2525 ἔπαθον.
1567 2418 1707 2490 Παρ’

124 2508 243 2615 ήμίῖν
266 2541 321 2595 δέ
349 2531 661 2592 τούναντίον
683 2529 851 2584 ἅπαν⁶
883 2525 945 2578 οὐ
974 2522 1084 2592 γὰρ
1112 2519 1337 2577 ἄκοντες
1359 2512 1408 2565 οί
1432 2508 1710 2582 μάρτυρες

126 2601 436 2708 ύπέμειναν,
465 2628 582 2683 ἀλλ’
612 2624 831 2685 ἑκόντες
879 2618 975 2673 καὶ
1016 2614 1200 2686 κύριοι
1249 2607 1343 2663 τοῦ
1393 2604 1469 2678 μὴ
1514 2601 1709 2656 παθεῖν

126 2691 288 2791 δντες,
482 2717 791 2789 ἀδάμαντος
840 2707 1042 2771 παντὸς
1088 2697 1452 2774 στερροτέραν
1504 2691 1711 2747 ἐπιδει-

127 2820 343 2880 κνύντες
363 2815 469 2886 τὴν
497 2808 770 2882 ἀνδρείαν.
798 2804 871 2858 Οὐ
902 2800 1084 2855 τοίνυν
1110 2794 1268 2849 τοῦτο
1297 2784 1636 2860 θαυμαστὸν,
1662 2783 1711 2835 εἰ

129 2914 339 2969 κώνειον
376 2873 537 2962 ἔπιεν
568 2873 799 2964 ἐκεῖνος,
828 2895 924 2950 καὶ
955 2889 1156 2964 μηκέτι
1185 2885 1374 2954 κύριος
1401 2880 1476 2935 ὣν
1508 2877 1601 2932 τοῦ
1636 2873 1713 2948 μὴ

130 3011 281 3070 πιεῖν,
332 3002 435 3058 καὶ
474 2998 611 3070 πρὸς
649 2994 879 3065 ἐσχατον
921 2986 1100 3057 γῆρας
1142 2975 1439 3070 ἐληλακὼς
1472 2971 1566 3026 καὶ
1602 2968 1712 3040 1&9

519 3053 906 3156 ⁸ἐῦδομιῆοιοντα
936 3053 1131 3137 ⁷είναι,
1182 3071 1273 3125 ὅτε
1334 3053 1715 3134 κῶτεφρόνησε

133 3152 285 3262 εωῖίς,
320 3188 372 3241 εί
416 3201 484 3254 γε
530 3180 625 3234 καὶ
657 3152 817 3230 τοῦτο
843 3161 1256 3238 καταφρονῆσαι
1305 3161 1483 3212 ἐστιν’
1516 3155 1577 3207 οὐ
1604 3152 1714 3224 1&9

319 3278 384 3333 ἂν
415 3243 656 3343 εἴποιμι,
684 3266 884 3339 μᾶλλον
909 3261 965 3315 δέ
992 3257 1113 3313 ούδέ
1140 3253 1298 3316 ἄλλος
1318 3248 1515 3311 οὐδείς.
1554 3243 1717 3300 Ἀλλὰ

133 3335 287 3437 δεῖξόν
311 3367 399 3438 μοί
438 3380 560 3418 τινα
575 3335 732 3422 ’ὺπέρ
766 3350 1049 3413 εὐσεϐείας
1088 3344 1342 3418 βασάνοις
1375 3335 1718 3427 ἐγκαρτερή-

136 3435 322 3528 σαντα,⁷
347 3459 609 3528 καθάπερ
641 3451 751 3522 ἐγὼ
788 3446 1016 3521 μυρίους
1064 3437 1345 3509 πανταχοῦ
1401 3438 1502 3508 τῆς
1532 3435 1717 3489 οἰκου-

134 3804 320 3891 ὀστέων
351 3834 457 3903 τῆς
496 3825 744 3899 κεφαλῆς
780 3813 1339 3890 ἀναμοχλευομένων;
1378 3807 1463 3871 τίς
1498 3805 1592 3858 ἐπὶ
1617 3804 1721 3876 τή-

135 3947 264 4000 γανα
298 3898 544 3996 συνεχῶς
586 3918 871 3989 τιθέμενος
894 3930 909 3978 ;
942 3911 1027 3973 τίς
1052 3908 1133 3972 είς
1157 3904 1361 3975 λέϐητα
1385 3898 1726 3972 ἐμϐαλλόμε-

137 3990 248 4087 νος;
278 3990 470 4072 Ταῦτά
500 4031 590 4086 μοι
624 4009 817 4075 δεῖξον.
864 4004 939 4058 Τὸ
964 4002 1075 4073 γὰρ
1118 3997 1332 4067 κωνείῳ
1376 3990 1723 4061 τελευτῆσαι,

140 4081 246 4165 ίσον
291 4109 408 4163 ἐστὶ
461 4081 542 4175 τίῖ)
586 4098 997 4168 καθευδήσαντα
1055 4089 1447 4158 ἐναπομεῖναιο
1495 4081 1726 4153 καὶγὰρ

142 4204 295 4259 ὕπνου
325 4201 493 4272 ἡδίων
518 4190 674 4258 οὗτος
703 4194 733 4246 ό
763 4190 996 4251 θάνατος
1029 4184 1247 4252 λέγεται
1273 4176 1434 4233 εἴναι.
1466 4176 1529 4229 Εἰ
1559 4175 1617 4229 δέ
1641 4191 1727 4227 τι-

143 4316 221 4361 νες
244 4268 643 4364 καὶ-βασάνους
666 4285 987 4356 ὑπέμειναν,
1014 4277 1150 4333 ἀλλά
1182 4276 1276 4331 καὶ
1300 4271 1506 4326 τούτιυν
1534 4268 1596 4323 τὸ
1630 4269 1727 4337 ἐγ-

144 4358 339 4459 κώμιον
366 4358 674 4437 ἀπόλωλεψ
703 4375 844 4445 ὑπὲρ
874 4373 984 4442 γάρ
1017 4368 1252 4439 αἰσχρᾶς
1274 4363 1455 4426 αἰτίας
1479 4358 1728 4416 ἀπώλον-

144 4456 292 4547 τοξοί
332 4479 430 4551 μὲν
451 4477 531 4540 ὡς
569 4472 857 4542 ἀπόρρητα
886 4463 1213 4531 ὲξειπόντες,
1245 4459 1294 4512 οί
1329 4457 1385 4509 δὲ
1422 4456 1497 4519 ώς
1524 4470 1728 4523 τυραν-

147 4542 239 4627 νίδι
262 4542 599 4639 ἐπίθέμενοι,
623 4563 672 4616 οἰ
705 4561 763 4612 δέ
800 4556 897 4610 ἐπὶ
930 4556 1039 4617 τοῖς
1070 4549 1371 4620 αἰσχίστοις
1407 4545 1646 4607 ἁλόντες·
1679 4542 1730 4596 οί

147 4666 197 4719 δὲ
226 4664 345 4735 εἰκῆ
372 4635 471 4715 καὶ
507 4656 684 4730 μάτην
709 4650 802 4706 καὶ
837 4645 1046 4709 ἁπλῶς,
1078 4641 1258 4705 αίτίας
1285 4638 1361 4710 μὴ
1386 4635 1573 4706 οὔσης,
1598 4635 1727 4687 ἐαυ-

149 4758 262 4821 τοὺς
312 4726 656 4826 ἀπήνεγκαν.
715 4743 853 4799 Ἀλλ’
892 4739 1014 4810 οὐχ).
1065 4734 1197 4807 παρ’
1247 4735 1378 4805 ἡμῖν
1422 4729 1585 4784 οὕτω.
1630 4726 1731 4782 Διὰ

152 4851 291 4905 τοῦτο
316 4850 386 4904 τά
420 4848 523 4920 μὲν
556 4841 780 4896 ἐκείνων
812 4835 1121 4903 σεσίγηται,
1165 4827 1339 4882 ταῦτα
1368 4825 1424 4878 δὲ
1453 4822 1606 4878 ἀνθεῖ
1636 4821 1732 4875 καὶ

154 4941 262 4994 καθ’
280 4913 521 5009 ἑκάστην
553 4931 831 4987 ἐπιδίδωσι
861 4927 961 4996 τὴν
985 4922 1220 4994 ἡμέραν.
1260 4919 1439 4986 Ὅπερ
1479 4913 1677 4967 ἐννοῶν
1702 4913 1731 4965 ό

156 5034 349 5098 Παῦλος
371 5006 551 5100 ἕλε-γε’
578 5029 653 5082 Τὸ
678 5023 904 5086 ἀσθενὲς
924 5017 1019 5073 τοῦ
1042 5014 1177 5071 Θεοῦ
1205 5012 1424 5066 πάντων
1454 5006 1731 5079 ἰσχυρότε-

159 5129 239 5202 ρόν
268 5130 381 5182 ἐστι
401 5126 514 5181 τῶν
540 5120 867 5194 ἀνθρώπων.
902 5114 1028 5168 Ὅτι
1053 5109 1162 5181 γὰρ
1188 5106 1331 5162 θεῖον
1354 5103 1416 5157 τὸ
1444 5101 1731 5172 κήρυγμα,

159 5191 242 5278 καὶ
281 5220 533 5276 ἐντεῦθεν
573 5191 752 5286 δῆλον.
796 5208 969 5263 Πόθεν
1002 5204 1112 5274 γὰρ
1144 5197 1378 5270 ἐπῆλθεν
1423 5191 1735 5266 ἀνθρώποις

160 5318 350 5371 δώδεκα
396 5314 496 5369 καὶ
531 5284 768 5370 ἰδιώταις
807 5301 1127 5373 πράγμασιν
1166 5291 1513 5363 ἐπιχειρῆσαι
1543 5284 1733 5339 τοσού-

160 5428 281 5478 τοις,
309 5414 367 5464 ἐν
393 5407 636 5477 λίμναις,
669 5403 726 5454 ἐν
775 5395 1069 5465 ποταμοῖς,
1121 5392 1178 5442 ἐν
1224 5382 1483 5456 ἐρημίαις
1532 5377 1734 5450 διατρί·

164 5472 355 5570 δοῦσιν,
388 5472 647 5555 οὐδέποτε
690 5495 770 5557 εἰς
804 5490 961 5545 πόλιν
1003 5483 1217 5556 ταχέως
1242 5478 1364 5533 οὐδὲ
1408 5478 1489 5539 εἰς
1527 5472 1735 5545 ἀγορὰν

166 5567 518 5664 ἐμϐεϐληκότι
548 5600 592 5655 ·;
625 5586 791 5640 πόθεν
836 5580 1040 5653 ἐπῆλθε
1079 5575 1220 5647 πρὸς
1271 5572 1375 5664 τὴν
1403 5567 1736 5639 οἰκουμένην

170 5657 333 5741 πᾶσαν
365 5657 781 5756 παρατάξασθαι
809 5692 823 5743 ;
861 5674 983 5728 Ὀτι
1011 5668 1121 5741 γὰρ
1145 5663 1311 5721 δειλοὶ
1344 5657 1485 5736 ἦσαν
1513 5659 1610 5717 καὶ
1646 5659 1739 5716 ἀν-

231 5860 257 5890 ⁸
284 5860 545 5924 Legebalur
570 5850 882 5917 ἐμϐεϐηκόσι.

1791 437 1997 508 ανδροι,
2023 435 2294 488 δείκνυσιν
2317 432 2345 484 ό
2371 429 2499 499 περὶ
2525 425 2704 483 αὐτῶν
2742 422 2979 494 γράψας,
3013 420 3108 473 καί⁵
3133 414 3207 490 μὴ
3237 433 3378 488 παρ-

1792 530 2184 602 αιτησάμενος,
2241 524 2377 597 μηδὲ
2414 521 2717 593 ὑπομείνας
2767 514 3059 570 συσκιάσαι
3094 510 3273 567 αὐτῶν
3311 510 3380 562 τά

1792 626 2170 697 ἐλαττώματα,
2208 622 2343 685 ὅπερ
2377 617 2633 689 μέγιστον
2664 610 2760 666 καὶ
2792 609 2951 663 τοῦτο
2984 605 3085 677 τῆς
3126 602 3385 674 ἀληθείας

1794 718 1912 773 ἐστί
1931 693 2251 786 τεκμήριον.
2283 710 2350 764 Τί
2377 704 2471 763 οῦν
2494 701 2649 767 οὗτός
2688 719 2820 773 φησι
2858 698 2985 769 περὶ
3010 694 3227 760 αύτῶν;
3261 693 3385 745 Ὀτι

1793 811 1890 867 τοῦ
1932 807 2172 882 Χριστοῦ
2207 801 2625 875 συλληφθέντος,
2664 796 2802 867 μετά
2839 792 3009 865 μυρία
3042 788 3296 860 θαύματα
3334 785 3386 838 οἱ

1799 906 1900 979 μὲν
1941 880 2161 975 ἔφυγον,
2202 903 2231 954 ὁ
2279 899 2335 952 δέ
2386 890 2574 968 μείνας
2620 891 2914 963 κορυφαῖος
2951 885 3026 939 ὢν
3060 884 3166 937 τῶν
3213 880 3386 936 ἄλλων

1796 973 2096 1070 ήρνήσατο.
2130 992 2303 1047 Πόθεν
2335 986 2430 1043 οὖν
2460 987 2509 1040 οί
2534 984 2734 1050 ζῶντος
2763 980 2856 1034 τοῦ
2886 975 3122 1050 Χριστοῦ
3145 973 3244 1045 τὴν
3267 973 3391 1025 ’1ουο

1796 1068 1990 1161 δαῖκὴν
2024 1086 2199 1160 ὁρμὴν
2232 1086 2331 1139 οὐκ
2361 1080 2698 1151 ἐνεγκόντες,
2729 1074 3151 1143 τελευτήσαντος
3178 1068 3271 1122 καὶ
3295 1083 3388 1119 τα-

1798 1158 1993 1255 φέντος
2021 1158 2116 1235 καὶ
2149 1158 2223 1251 μὴ
2252 1174 2606 1238 ἀναστάντος,
2630 1170 2703 1234 ὥς
2733 1185 2892 1239 φατε,
2924 1163 3059 1237 μηδέ
3091 1158 3391 1231 διαλεχθέν-

1797 1252 1890 1340 τος
1932 1276 2139 1337 αὐτοῖς,
2187 1270 2322 1344 μηδέ
2375 1268 2573 1338 θάρσος
2620 1262 2886 1323 ἐνθέντος.
2936 1257 3072 1329 πρὸς
3121 1252 3392 1325 τοσαύτην

1799 1365 2205 1440 παρετάττοντο
2218 1360 2544 1432 οἰκουμένην
2560 1374 2575 1420 ;
2594 1357 2708 1411 Ούκ
2733 1353 2798 1407 ἂν
2820 1348 2971 1404 εἶπον
2988 1348 3122 1420 πρὸς
3142 1345 3390 1409 ἑαυτοὺς,

1801 1438 1974 1531 Τίνδὴ
2013 1456 2173 1511 τοῦτό
2208 1456 2397 1519 ἐστιν;
2433 1450 2624 1505 ἐαυτὸν
2664 1449 2764 1501 οὐκ
2805 1446 2994 1516 ἴσχυσε
3052 1440 3244 1503 σῶσαι,
3300 1438 3394 1490 καὶ

1800 1556 1833 1624 ὴ
1844 1554 1962 1626 μῶν
1987 1550 2360 1622 προστήσεται
2384 1565 2400 1614 ;
2438 1543 2615 1616 ἐαυτῷ
2645 1544 2747 1597 οὐκ
2775 1542 2950 1612 ἤμυνε
2975 1537 3104 1602 ζῶν,
3135 1536 3231 1589 καὶ
3260 1534 3394 1603 ἡμῖν

1802 1651 1961 1721 χεῖρα
1992 1644 2174 1717 ὀρέξει
2204 1638 2637 1711 τετελευτηκώς;
2665 1635 2827 1699 αὐτὸς
2863 1633 2972 1697 ζῶν
3005 1631 3125 1685 ούδέ
3154 1630 3210 1682 ἓν
3242 1628 3396 1692 ἔθνος

1806 1718 2063 1804 ύπέταξε,
2090 1738 2187 1791 καὶ
2209 1737 2374 1806 ἡμεῖς
2393 1732 2492 1803 τὴν
2521 1728 2850 1800 οἰκουμένην
2879 1725 3008 1795 ὅλην
3035 1724 3300 1790 πείσομεν
3334 1718 3395 1772 τὸ

1803 1832 2013 1887 ἐκείνου
2041 1830 2292 1899 λέγοντες
2324 1826 2533 1895 δνομας
2567 1820 2663 1876 καὶ
2698 1819 2815 1882 πῶς
2852 1818 2916 1872 ἂν
2945 1820 3057 1887 ἐχοι
3090 1814 3248 1883 λόγον
3275 1812 3397 1883 ούχὶ

1803 1924 2030 1993 ποιῆσαι
2073 1920 2247 1974 ταῦτα
2285 1918 2465 1989 μόνον,
2497 1914 2615 1967 ἀλλ’
2636 1910 2889 1980 ἐννοῆσαι
2916 1909 3080 1977 γοῦν;
3109 1906 3273 1959 Ὅθεν
3306 1905 3398 1976 δῆ-

1803 2016 1895 2071 λον
1920 2016 2023 2078 ὅτι,
2057 2015 2106 2067 εἰ
2139 2012 2213 2084 μὴ
2240 2007 2380 2065 εἶδον
2411 2004 2719 2063 ἀναστάντα
2745 2001 2839 2056 καί
2865 2001 2963 2070 τῆς
2990 1999 3271 2069 δυνάμεως
3304 1997 3400 2049 αύ-

1805 2108 1899 2163 τοῦ
1940 2105 2204 2179 μεγίστην
2234 2102 2426 2156 ἔλαϐον
2452 2096 2747 2163 ἀπόδειξιν,
2792 2096 2891 2150 ούκ
2921 2094 2986 2148 ἂν
3015 2091 3270 2146 τοσοῦτον
3304 2092 3399 2145 ἀν-

1806 2202 2039 2276 έρριψαν
2060 2199 2242 2253 κύϐον.
2266 2195 2382 2269 [30]
2414 2195 2477 2249 Εἰ
2505 2192 2612 2264 γὰρ
2644 2191 2735 2245 καὶ
2762 2190 2950 2259 φίλους
2979 2182 3124 2258 εἶχον
3149 2186 3398 2258 μυρίους,

1806 2298 1907 2352 ούκ
1942 2296 2009 2351 ἂν
2046 2294 2250 2357 εὐθέως
2298 2290 2529 2363 ἐχθροὺς
2562 2288 2864 2358 ἐκτήσαντο
2913 2284 3144 2346 πάντας,
3193 2280 3402 2335 παλαιὰ

1808 2390 1905 2460 ἔθη
1932 2387 2210 2452 κινοῦντες
2237 2386 2334 2439 καὶ
2362 2380 2594 2455 πατρῷα
2612 2381 2737 2452 ὅρια
2762 2374 3155 2451 μεταίροντεςῖ)
3172 2390 3186 2439 ;
3206 2373 3323 2426 νυνί
3344 2372 3402 2425 δέ

1808 2484 1904 2537 καὶ
1930 2482 2141 2547 πάντας
2175 2479 2468 2549 πολεμίους
2501 2477 2817 2547 ἐκέκτηντο,
2843 2471 2937 2527 καὶ
2964 2470 3088 2533 τοὺς
3122 2467 3283 2530 ίδίους
3307 2467 3403 2519 καὶ

1807 2573 1935 2636 τοὺς
1957 2570 2290 2642 ἀλλοτρίους.
2320 2568 2384 2623 Εἰ
2410 2566 2519 2639 γάρ
2541 2566 2636 2621 καὶ
2669 2564 2939 2633 αἱδέσιμοι
2969 2560 3188 2615 πάντων
3213 2558 3403 2611 ἕνεκεν

1808 2662 1950 2739 ἦσαν
1979 2664 2090 2719 τῶν
2118 2663 2338 2731 ἔξωθεν,
2370 2662 2471 2715 ούκ
2502 2660 2568 2715 ἂν
2594 2658 2796 2721 πάντες
2828 2654 3024 2717 αὐτοὺς
3053 2649 3406 2718 ἐϐδελύξαντο

1810 2759 2004 2831 καινὴν
2032 2756 2309 2811 πολιτείαν
2339 2754 2692 2823 είσάγοντας;
2719 2749 2812 2803 νῦν
2837 2747 2894 2800 δέ
2924 2747 3019 2801 καί
3041 2745 3237 2817 ἔρημοι
3268 2742 3406 2797 πάν-

1810 2852 1921 2905 τῶν
1950 2849 2267 2921 ἐτύγχανον,
2296 2848 2390 2901 καί
2422 2844 2570 2908 εἰκὸς
2599 2838 2667 2914 ἦν
2708 2838 3002 2895 κάντεῦθεν
3030 2837 3291 2909 μισητοὺς
3310 2852 3405 2904 γε-

1812 2947 1999 3003 νέσθαι
2033 2944 2185 3018 παρά
2215 2944 2349 2997 πᾶσι
2396 2940 2490 2994 καὶ
2529 2934 3058 3006 εὐκαταφρονήτους.
3095 2931 3260 2995 Τίνας
3296 2930 3408 3001 γὰρ

1816 3040 1994 3114 βούλει
2027 3039 2245 3101 εἰπεῖν;
2293 3033 2582 3095 Ἰουδαίους
2610 3048 2625 3096 ;
2675 3028 2818 3082 Ἀλλ’
2851 3026 3059 3096 ἄφατον
3088 3023 3234 3095 εἰχον
3266 3024 3409 3094 πρὸς

1814 3132 2012 3195 αὐτοὺς
2045 3132 2199 3201 μῖσος
2242 3129 2305 3180 ἐκ
2334 3126 2443 3179 τῶν
2467 3123 2604 3196 πρὸς
2633 3122 2726 3176 τὸν
2754 3117 3077 3174 διδάσκαλον
3105 3115 3410 3187 γεγενημέ-

1814 3245 1943 3282 νων.
1985 3222 2125 3278 ’Ᾱλλ⁹
2166 3220 2472 3289 Ἕλληνας;
2518 3214 2679 3268 ’Λλλά
2710 3215 2804 3267 καὶ
2832 3206 2983 3266 οὗτοι
3021 3209 3121 3262 οὐκ
3149 3207 3413 3261 ἐλάττονα

1817 3317 2041 3373 ἐκείνων
2067 3311 2521 3383 ἀπεστράφησαν,
2547 3306 2642 3360 καὶ
2664 3305 2811 3358 ἴσασι
2840 3299 3014 3356 ταῦτα
3040 3298 3276 3371 μάλιστα
3290 3298 3413 3351 Ἔλ-

1816 3406 1998 3476 ληνες.
2036 3402 2263 3455 Πλάτων
2304 3398 2415 3468 γὰρ
2461 3398 2489 3450 ὀ
2532 3393 2809 3448 πολιτείαν
2848 3389 2972 3444 τινὰ
3013 3387 3412 3458 καινοτομῆσαι

1821 3497 2132 3570 βουληθεὶς,
2163 3492 2362 3565 μᾶλλον
2392 3490 2448 3544 δέ
2482 3490 2646 3560 μέρος
2670 3484 2962 3549 πολιτείας,
2995 3483 3087 3536 καὶ
3113 3482 3174 3535 ού
3203 3480 3272 3536 τὰ
3302 3479 3412 3534 τῶν

1688 3576 1719 3661 ξ
1821 3593 1957 3647 θεῶν
1986 3587 2295 3661 μετατιθεὶς
2326 3585 2551 3655 νόμιμα,
2589 3581 2703 3634 ἀλλ’
2732 3578 2917 3642 ἁπλῶς
2942 3576 3169 3649 πράξεις
3191 3576 3413 3643 εἰσαγα-

1819 3683 1934 3755 γὼν
1971 3684 2168 3753 ἐτέρας
2202 3678 2319 3733 ἀνθ’
2351 3677 2578 3747 ἐτέρων,
2626 3670 2969 3727 ἐκινδύνευσε
3020 3667 3272 3729 Σικελίας
3320 3667 3414 3719 ἐκ·

1821 3777 2004 3832 πεσὼν
2057 3773 2371 3829 ἀποθανεῖν⁸
2426 3769 2615 3840 ἐπειδὴ
2671 3767 2728 3820 δέ
2760 3764 2921 3818 τοῦτο
2967 3762 3027 3816 ού
3067 3762 3282 3830 γέγονε,
3315 3760 3415 3830 τῆς

1823 3870 2140 3942 ἐλευθερίας
2182 3867 2439 3933 ἐξέπεσεν
2474 3862 2663 3933 αὐτῆς.
2697 3858 2808 3913 Καὶ
2833 3857 2881 3911 εί
2915 3856 2990 3928 μὴ
3028 3853 3302 3926 βάρόαρός
3330 3868 3416 3914 τις

1823 3967 1917 4024 τοῦ
1956 3963 2208 4026 Σικελίας
2253 3960 2520 4032 τυράννου
2562 3955 2785 4025 γέγονεν
2835 3948 3204 4022 ἡμερώτερος,
3263 3947 3417 4000 οὐδὲν

1825 4060 2031 4115 ἐκώλυε
2063 4054 2358 4117 διαπαντὸς
2398 4046 2672 4104 δουλεύειν
2714 4046 2805 4100 τὸν
2845 4044 3132 4115 φιλόσοφον
3166 4041 3225 4095 ἐν
3256 4040 3415 4095 ἀλλο-

1824 4156 1972 4227 τρίᾳ.
2006 4152 2264 4216 Καίτοιγε
2299 4146 2399 4201 ούκ
2434 4144 2546 4198 ίσον
2572 4140 2690 4195 ἐστί
2717 4138 2787 4193 τά
2816 4138 2941 4210 περί
2979 4134 3256 4209 βασιλείας
3294 4151 3417 4187 και-

1824 4249 2095 4320 νοτομεῖν,
2132 4243 2226 4297 καὶ
2255 4241 2322 4295 τὰ
2347 4237 2475 4308 1:591
2502 4232 2819 4307 θρησκείας⁸
2844 4229 3002 4284 τοῦτο
3031 4228 3139 4300 1&9
3180 4227 3419 4300 μάλιστα

1828 4343 2046 4419 θορυϐεῖ
2071 4340 2165 4393 καὶ
2185 4336 2442 4409 ταράττει
2467 4331 2592 4393 τοὺς
2616 4326 2712 4382 ἀνθ
2723 4324 2955 4397 ρώπους.
2981 4323 3055 4376 Τὸ
3080 4322 3189 4393 γὰρ
3219 4324 3415 4387 εἰπεῖν,

1827 4414 1908 4494 ὅτι
1954 4437 2011 4490 Ὀ
2053 4434 2201 4487 δεῖνα
2226 4430 2320 4483 καί¹
2358 4429 2385 4481 ὁ
2423 4425 2570 4478 δεῖνα
2604 4419 2704 4491 τὴν
2732 4419 2881 4471 δεῖνα
2917 4414 3291 4486 γαμείτωσαν,
3325 4418 3418 4471 καὶ

1829 4532 1889 4585 OE
1926 4526 2163 4597 φύλακες
2193 4519 2379 4573 τοῦτον
2412 4514 2501 4568 τὸν
2538 4511 2741 4583 τρόπον
2781 4508 3025 4561 ἔστωσαν
3055 4506 3319 4575 φύλακες,
3354 4509 3417 4561 οὐ

1830 4594 2035 4685 σφόδρα
2071 4607 2255 4664 ἱκανὸν
2284 4600 2608 4675 θορυϐῆσαν
2642 4598 2737 4651 καὶ
2786 4595 3041 4666 μάλιστα,
3083 4595 3212 4648 ὅταν
3242 4596 3299 4648 ἐν
3339 4594 3420 4667 βι-

1829 4703 2020 4782 ϐλίῳῇ
2048 4703 2218 4759 ταῦτα
2244 4699 2493 4769 κείμενα,
2522 4693 2616 4747 καί⁵
2658 4690 2733 4762 μὴ
2775 4687 2946 4759 πολλὴ
2980 4687 3183 4759 σπουδὴ
3212 4686 3308 4741 τοῦ
3329 4706 3417 4742 νο-

1832 4778 2187 4877 μοθεττοῦντος
2219 4792 2438 4862 γίνηται
2472 4787 2550 4849 εἰς
2573 4784 2733 4855 ἔργον
2762 4780 2916 4849 ἄγειν
2946 4779 3016 4831 τὰ
3043 4779 3329 4851 λεγόμενα·
3357 4778 3420 4832 τὸ

1833 4873 2019 4973 μέντοι
2052 4912 2115 4965 γε
2141 4893 2343 4961 λέγειν,
2372 4887 2453 4940 ὅτι
2481 4884 2579 4937 οὐκ
2609 4879 2715 4933 εἰσί
2743 4877 2856 4930 0501
2880 4875 2928 4928 οί
2965 4873 3419 4945 θεραπευόμενοι,

1829 4963 1944 5049 ἀλλ’
1995 4963 2077 5045 ὅτι
2134 4980 2387 5055 δαίμονές
2432 4978 2589 5040 εἰσιν,
2632 4974 2713 5026 ὃτι
2754 4972 2782 5023 ὁ
2818 4965 3230 5039 ἐσταυρωμένος
3264 4963 3416 5028 Θεὸς,

1832 5089 1945 5142 ίστε
1981 5083 2154 5151 πόσην
2185 5075 2387 5145 ἀνῆψεν
2413 5070 2603 5142 ὀργὴν,
2645 5066 2819 5135 πόσην
2860 5062 2925 5117 ἂν
2966 5060 3189 5131 ἐποίησε
3236 5057 3420 5112 δοῦναι

1831 5172 2010 5239 δίκην,
2044 5165 2211 5219 πόσον
2235 5156 2556 5231 ἀνερρίπισε
2582 5151 2841 5221 πόλεμον.

1904 5308 1967 5355 5'.
1981 5297 2091 5352 Καὶ
2107 5293 2217 5364 γάρ
2234 5285 2607 5361 Πρωταγόρας
2631 5276 2975 5351 παράύτοῖς,
2988 5271 3173 5342 ἐπειδὴ
3194 5269 3422 5341 ἐτόλμη-

1837 5410 1929 5449 σεν
1950 5391 2144 5453 εἰπεῖν,
2160 5388 2241 5440 ὅτι
2256 5385 2357 5437 ούκ
2374 5377 2505 5435 Οἶδα
2524 5376 2702 5438 θεοὺς,
2722 5372 2783 5424 ού
2804 5370 2903 5441 τὴν
2921 5365 3244 5437 οἰκουμένην
3265 5381 3424 5436 περι-

1840 5488 1933 5542 ιὼν
1948 5484 2044 5540 καὶ
2060 5480 2368 5553 κηρύττων,
2387 5473 2501 5529 ἀλλ’
2521 5474 2579 5526 ἐν
2599 5470 2696 5541 μιᾷ
2715 5466 2885 5529 πόλει,
2909 5461 3038 5534 περὶ
3052 5460 3160 5514 τῶν
3176 5458 3423 5529 ἐσχάτων

1836 5547 2206 5636 ἐκινδύνευσε.
2226 5569 2339 5624 Καὶ
2358 5564 2629 5635 Διαγόρας
2652 5563 2681 5614 ὁ
2710 5556 2997 5627 Μιλήσιος,
3022 5550 3117 5604 καὶ
3149 5547 3425 5618 Θεόδωρος

1901 5760 1932 5801 δ
1957 5758 2041 5808 Sic
2065 5757 2191 5812 Reg.
2217 5751 2369 5802 bene.
2396 5748 2527 5801 Edili
2549 5748 2717 5796 autem
2757 5737 2958 5801 πατρῷα
2980 5733 3060 5791 ἔθη
3109 5727 3423 5794 μεταίροντες,

1842 5823 2061 5888 repetita
2082 5828 2203 5871 voce
2227 5816 2327 5872 ιθη.
