3864 6216
477 235 550 294 37
1196 235 1254 290 S.
1295 233 1586 292 JO.\NNIS
1617 233 2112 292 CIIRYSOSTOMI
2159 231 2480 290 ARCIHEP.
2518 233 3074 292 CONSTANTINOP.
3737 237 3790 291 33

475 351 506 406 ὁ
533 350 826 422 λεγόμενος
856 352 1070 418 Ἀθεος,
1103 352 1280 406 καίτοι
1313 353 1502 421 φίλους
1540 347 1686 423 εἰχον
1715 353 1808 406 καὶ
1833 350 2062 423 δύναμιν

475 444 578 514 τὴν
607 445 714 500 ἀπὸ
738 444 847 498 τῶν
875 445 1070 514 λόγων,
1100 449 1194 500 καὶ
1225 447 1316 500 ἐπὶ
1349 446 1640 522 φιλοσοφίαι
1671 447 2063 516 ἐθαυμάζοντο,

477 535 592 590 ἀλλ’
619 538 770 608 ὅμως
812 538 963 592 οὐδὲν
1001 539 1204 594 τούτων
1236 541 1436 601 αὐτοὺς
1473 537 1670 610 ὤνησε·
1709 541 1802 592 καὶ
1831 539 1858 589 ὁ
1891 539 2065 608 μέγας

476 629 534 682 δὲ
565 629 861 703 Σωκράτης
887 633 982 686 καί¹
1010 635 1228 688 πάντων
1253 633 1364 688 τῶν
1395 636 1527 706 παρ’
1555 634 1737 698 αὐτοῖς
1775 633 2066 703 φιλοσοφία

477 722 696 794 κρατῶν
739 723 828 777 διά
853 724 1014 779 τοῦτο
1055 726 1116 780 τὸ
1148 725 1371 780 κώνειον
1412 727 1586 788 ἔπιεν,
1632 725 1820 796 ἐπειδὴ
1869 727 1925 777 ἐν
1953 726 2066 787 τοῖς

476 814 608 886 περὶ
631 813 768 870 θεῶν
809 816 988 885 λόγοις
1025 818 1220 889 μικρόν
1245 836 1298 872 τι
1329 820 1657 889 παρακινεῖν
1687 816 2061 870 ὑπωπτεύετο.

477 903 540 958 Εἰ
581 907 638 960 δέ
670 907 940 978 ὑπόληψις
981 909 1116 980 μόνη
1147 909 1500 980 καινοτομίας
1535 907 1786 962 τοσοῦτον
1821 907 2064 960 κίνδυνον

474 997 675 1069 ἤνεγκε
741 1001 1052 1072 φιλοσόφοις
1100 1003 1324 1074 ἀνδράσι
1373 1003 1470 1056 καὶ
1507 1003 1692 1071 σοφοῖς
1737 1001 1830 1054 καὶ
1863 999 2065 1072 μυρίας

473 1091 871 1148 ἀπολελαυκόσι
924 1094 1241 1167 θεραπείας,
1276 1095 1371 1148 καὶ
1414 1097 1474 1148 ού
1519 1095 1677 1165 μόνον
1711 1093 1809 1146 ούκ
1839 1093 2064 1164 ἴσχυσαν

473 1184 618 1258 ἅπερ
645 1185 856 1258 ἡθελον,
889 1187 1026 1242 ἀλλὰ
1058 1188 1153 1242 καὶ
1183 1189 1336 1242 αὐτοὶ
1372 1189 1466 1242 καὶ
1493 1187 1638 1256 ζωῆς
1675 1187 1770 1239 καὶ
1805 1185 2063 1257 πατρίδος

473 1277 592 1352 [5η
632 1279 910 1346 ἐξέπεσον,
945 1282 1062 1344 πῶς
1086 1282 1146 1336 οὐ
1178 1281 1476 1348 θαυμάζεις
1513 1281 1606 1335 καὶ
1643 1280 1942 1352 ἐκπλήττῃ,
1973 1279 2064 1332 τὸν

473 1371 632 1426 ἁλιέα
669 1371 811 1446 ὁρῶν
855 1373 950 1426 ἐπὶ
978 1375 1076 1446 τῆς
1109 1374 1434 1444 οἰκουμένης
1466 1372 1706 1426 τοσαῦτα
1751 1371 2065 1444 ἐργασάμε-

472 1479 586 1526 νον,
621 1463 716 1515 καί
757 1462 1182 1534 κατορθώσαντα
1229 1462 1373 1534 ἅπερ
1415 1462 1740 1528 ἐσπούδασε,
1780 1461 1876 1514 καὶ
1910 1479 2064 1534 περι-

472 1557 762 1626 γενόμενον
821 1557 916 1609 καὶ
973 1555 1264 1627 βαρϐάρων
1313 1559 1410 1610 καί
1454 1556 1728 1628 Ἑλλήνων
1762 1557 2061 1621 ἀπάντων;

485 1647 625 1700 Ἀλλ’
656 1643 820 1712 οὗτοι,
853 1650 1034 1720 φησὶν,
1060 1649 1182 1720 ούχί⁵
1211 1649 1368 1712 θεοὺς
1394 1650 1691 1720 εἰσήγαγον
1724 1647 1928 1713 ξένους,
1951 1647 2062 1702 ὥσ·

469 1758 576 1812 περ
609 1743 828 1798 ἐκεῖνοι.
865 1741 1008 1796 Αύτδ
1041 1741 1140 1813 μέν
1168 1738 1261 1796 οῦν
1293 1743 1529 1812 μάλιστα
1557 1742 1615 1796 τὸ
1637 1741 1945 1814 θαυμαστόν
1976 1759 2065 1812 μοι

467 1831 665 1900 λέγεις,
709 1832 793 1886 ὅτι
843 1831 1002 1903 διπλῆ
1052 1833 1088 1904 ἡ
1131 1833 1472 1904 καινοτομία,
1505 1833 1693 1902 καὶτὸ
1728 1833 1855 1898 τοὺς
1906 1833 2062 1898 ὄντας

467 1924 774 1996 καθαιρεῖν,
801 1925 898 1980 καὶ
924 1925 1015 1979 τὺν
1042 1926 1459 1998 ἐσταυρωμένον
1489 1927 1866 1996 ἁναγγέλλειν.
1891 1925 2066 1980 Πόθεν

468 2016 580 2088 γὰρ
615 2017 802 2082 αὐτοῖς
842 2017 1046 2088 ἐπῆλθε
1090 2018 1316 2074 τοιαῦτα
1350 2019 1686 2092 κηρύττειν;
1723 2019 1888 2072 πόθεν
1923 2019 2066 2091 ὑπὲρ

465 2105 565 2160 τοῦ
614 2105 804 2172 τέλους
863 2105 1044 2161 αὐτῶν
1093 2109 1354 2180 θαρρεῖν;
1397 2107 1550 2172 τίνας
1593 2107 1702 2162 τῶν
1746 2107 1853 2179 πρὸ
1886 2108 2064 2162 αὐτῶν

466 2203 709 2257 τοιοῦτόν
743 2221 797 2257 τι
849 2203 1268 2276 κατορθωκότας
1323 2199 1468 2275 εἰχον
1523 2204 1688 2270 ἰδεῖν;
1738 2205 1801 2258 οὐ
1860 2205 2066 2269 πάντες

467 2293 727 2366 δαίμονας
754 2293 1161 2367 προσεκύνουν;
1192 2297 1252 2349 οῦ
1290 2295 1492 2360 πάντες
1534 2297 1603 2350 τὰ
1631 2299 1870 2368 στοιχεῖα
1916 2296 2066 2352 ἐθεο-

468 2385 689 2452 ποίουν;
717 2387 777 2440 ού
803 2387 1058 2460 διάφορος
1090 2383 1158 2460 ἦν
1184 2388 1284 2459 τῆς
1315 2387 1571 2452 ἀσεϐείας
1595 2389 1624 2442 ὁ
1651 2389 1890 2459 τρόπος;
1923 2386 2064 2442 Ἀλλ’

467 2479 617 2550 ὅμως
647 2480 717 2533 τὰ
753 2480 930 2534 πάντα
955 2479 1212 2551 ἐπῆλθον,
1253 2481 1350 2534 καί¹
1393 2479 1700 2532 κατέλυσαν
1745 2478 1940 2542 ταῦτα,
1969 2478 2065 2533 καὶ

467 2571 774 2644 ἐπέδραμον
810 2575 868 2626 ἐν
903 2573 1099 2646 βραχεῖ
1120 2572 1298 2646 καιρῷ
1327 2573 1426 2643 τὴν
1466 2571 1794 2644 οἰκουμένην
1821 2571 2062 2638 ἃπασαν,

466 2663 720 2736 καθάπερ
752 2666 1051 2739 ὑπόπτεροι
1082 2684 1248 2730 τινες,
1277 2666 1340 2719 οὐ
1369 2664 1653 2728 κινδύνους
1697 2663 2062 2736 λογιζόμενοι,

464 2760 526 2813 ού
560 2759 844 2826 θανάτους,
870 2761 932 2814 οὐ
956 2762 1056 2832 τὴν
1083 2760 1174 2815 τοῦ
1197 2761 1526 2833 πράγματος
1544 2760 1858 2828 δυσκολίαν,
1884 2761 1944 2814 οὐ
1965 2759 2064 2833 τὴν

463 2851 757 2922 ὀλιγότητα
790 2853 887 2924 τὴν
911 2852 1142 2918 ἑαυτῶν,
1177 2854 1240 2908 ού
1263 2853 1322 2907 τὺ
1348 2854 1550 2924 πλῆθος
1575 2852 1684 2907 τῶν
1705 2853 2067 2924 ἐναντιουμέ-

464 2963 592 3010 νων,
614 2945 675 2999 οὐ
696 2945 795 3018 τὴν
812 2945 1086 3012 ἐξουσίαν,
1114 2947 1176 3000 οὐ
1194 2945 1294 3018 τὴν
1317 2943 1658 3010 δυναστείαν,
1675 2945 1736 2999 ού
1754 2947 1853 3016 τὴν
1871 2946 2066 3016 σοφίαν

461 3037 572 3092 τῶν
595 3038 998 3110 πολεμούντων.
1020 3034 1180 3110 Εἶχον
1197 3039 1307 3110 γάρ
1324 3037 1531 3092 τούτων
1554 3037 1810 3094 ἁπάντων
1841 3037 2066 3110 μείζονα

459 3131 801 3204 συμμαχίαν,
857 3132 958 3203 τὴν
1005 3129 1104 3186 τοῦ
1137 3132 1552 3202 σταυρωθέντος
1593 3131 1692 3184 καὶ
1733 3131 2065 3196 ἀναστάντος

459 3225 710 3294 δύναμιν.
744 3225 858 3278 Ούκ
885 3219 954 3296 ἦν
985 3223 1128 3276 οὕτω
1171 3223 1510 3294 θαυμαστὸν,
1561 3225 1610 3277 εἰ
1645 3223 1951 3294 πολεμῆσαι
1995 3225 2066 3283 εἴ,

461 3313 616 3370 λοντο
637 3319 706 3388 τῇ
734 3315 1030 3388 οἰκουμένῃ
1052 3314 1290 3386 πόλεμον
1315 3313 1595 3385 αἰσθητὸν,
1620 3315 1698 3378 ὡς
1722 3314 1879 3369 τοῦτο
1898 3315 1960 3370 τὸ
1979 3333 2067 3385 γε-

461 3409 762 3479 γενημένον
802 3407 918 3462 νῦν.
957 3408 1081 3462 Ἐπί
1119 3408 1219 3476 μὲν
1252 3407 1362 3478 γάρ
1395 3405 1490 3460 τοῦ
1535 3407 1704 3477 νόμου
1741 3407 1843 3478 τῆς
1883 3408 2065 3479 μάχης

463 3498 594 3568 ἐξῆν
629 3497 958 3562 ἀπεναντίας
998 3499 1250 3554 ἵστασθαι
1279 3498 1388 3551 τῶν
1416 3495 1546 3550 πολε
1556 3495 1715 3568 μίων.
1743 3497 1840 3550 καὶ
1878 3495 2064 3570 χώραν

461 3589 955 3662 ἀωλαμόάνοντας
993 3590 1242 3645 ἐναντίαν
1272 3589 1418 3644 οὕτω
1447 3587 1893 3662 παρατάττεσθαι
1926 3589 2063 3662 πρὸς

461 3685 586 3749 τοὺς
618 3683 1086 3754 ἐναντιουμένους,
1121 3684 1214 3738 καὶ
1239 3669 1432 3754 καιρὸν
1461 3683 1604 3754 ἔχειν
1633 3681 1936 3745 ἐπιθέσεως
1967 3683 2063 3736 καὶ

464 3775 762 3848 συμόολῆς·
798 3775 1034 3832 ἐνταῦθα
1065 3775 1122 3832 δέ
1158 3776 1258 3847 οὐχ
1291 3775 1489 3840 οὕτως·
1524 3775 1584 3830 ού
1610 3775 1721 3848 γὰρ
1758 3776 2062 3847 στρατόπε-

461 3871 551 3926 δον
595 3869 726 3924 ἴδιον
755 3867 922 3942 εἶχον,
958 3869 1096 3925 ἀλλά
1131 3869 1316 3934 αὐτοῖς
1341 3867 1707 3941 ἀνεμίγνυντο
1746 3871 1858 3934 τοῖς
1902 3868 2064 3922 πολε-

466 3963 632 4034 μίοις,
661 3963 755 4017 καί
789 3960 964 4026 οὕτως
992 3963 1170 4016 αὐτῶν
1197 3961 1462 4032 ἐκράτουν
1482 3977 1497 3995 ·
1525 3962 1622 4016 καὶ
1648 3963 1705 4016 ἐν
1737 3962 1924 4030 μέσοις
1949 3963 2063 4025 τοῖς

461 4049 680 4123 ἐχθροῖς
711 4049 1198 4122 ἀναστρεφόμενοι,
1236 4050 1607 4106 διωλίσθαινον
1635 4051 1814 4105 αὐτῶν
1843 4051 1940 4114 τάς
1964 4053 2062 4106 λα-

463 4140 566 4205 ϐὰς
589 4154 636 4208 ι,
676 4141 772 4196 καί
806 4143 1178 4214 περιεγίνοντο
1213 4143 1306 4198 καὶ
1349 4143 1544 4198 ἐνίκων
1587 4143 1748 4215 νίκην
1800 4142 2061 4216 λαμπρὰν

463 4232 780 4304 πληροῦσαν
821 4232 1156 4304 προφητείαν
1187 4233 1454 4303 λέγουσαν
1477 4252 1490 4264 ·
1535 4233 1644 4289 Καὶ
1679 4235 2062 4303 κατακυριεὺσ

461 4339 595 4391 σεις
626 4324 699 4378 ἐν
719 4324 890 4395 μέσῳ
930 4324 1051 4380 τῶν
1077 4323 1307 4396 ἐχθρῶν
1349 4343 1488 4380 σου.
1527 4325 1726 4404 Τοῦτο.
1749 4325 1859 4398 γὰρ
1892 4320 1960 4397 ἦν
1999 4326 2060 4380 τὸ

462 4419 668 4488 πολλῆς
701 4417 1016 4490 ἐκπλήξεως
1043 4419 1238 4488 γέμον,
1269 4419 1351 4472 ὅτι
1399 4419 1724 4488 κατέχοντες
1766 4417 1963 4482 αὐτοὺς
2009 4419 2059 4472 οἰ

461 4511 667 4584 ἐχθροὶ,
722 4511 818 4565 καὶ
873 4513 950 4576 εἰς
1008 4511 1384 4582 δεσμωτήριον
1434 4509 1798 4580 ἐμϐάλλοντες
1835 4509 1930 4563 καὶ
1975 4507 2062 4563 δε-

465 4605 658 4673 σμοὺς,
702 4603 763 4656 οὐ
814 4601 974 4674 μόνον
1013 4601 1194 4656 αὐτῶν
1240 4601 1300 4654 ού
1337 4600 1754 4672 περιεγένοντο,
1787 4600 1924 4654 άλλά
1967 4601 2062 4655 καί¹

462 4693 618 4748 αὐτοὶ
661 4694 798 4766 μετά
832 4693 1003 4748 ταῦτα
1031 4694 1215 4754 αὐτοῖς
1246 4693 1586 4755 ὑπέκυπτον,
1615 4693 1666 4746 οἱ
1705 4692 2062 4763 μαστίζοντες

463 4789 576 4852 τοῖς
609 4786 1046 4858 μαστιζομένοις,
1081 4787 1128 4839 οἰ
1156 4783 1484 4857 δεσμοῦντες
1517 4787 1629 4848 τοῖς
1649 4783 1972 4854 δεδεμένοιέν
2007 4787 2059 4838 οἱ

461 4883 750 4946 διώκοντες
795 4883 908 4944 τοῖς
950 4879 1350 4951 ἐλαυνομένοις.
1389 4879 1579 4933 Ταῦτα
1613 4878 1680 4951 δὴ
1711 4879 1890 4933 πάντα
1923 4875 2061 4950 πρὸς

463 4975 738 5046 Ἕλληνας
785 4973 1040 5044 λέγομεν,
1093 4972 1292 5043 μᾶλλον
1331 4973 1388 5026 δέ
1425 4971 1520 5025 καί
1565 4971 1775 5025 τούτων
1815 4971 2057 5026 πλείονα·

465 5067 636 5140 πολλὴ
691 5065 801 5138 γὰρ
852 5063 954 5136 τῆς
1007 5063 1269 5136 ἀληθείας
1315 5067 1348 5136 ἠ
1404 5065 1715 5136 περιουσία.
1781 5064 1900 5119 Κάν
1949 5064 2061 5136 γάρ

465 5157 913 5232 ταρακολουθῆτε
954 5159 1022 5228 τῇ
1073 5155 1347 5220 ὑποθέσει,
1377 5158 1556 5210 πᾶσαν
1595 5156 1741 5227 ὑμᾶς
1781 5155 1880 5227 τὴν
1923 5155 2060 5226 πρὸς

466 5253 664 5317 αὐτοὺς
710 5252 996 5324 διδάξομεν
1057 5252 1256 5323 μάχην·
1309 5249 1446 5314 τέως
1487 5250 1545 5304 δὲ
1593 5249 1750 5304 ταυτὶ
1803 5249 1896 5303 δύο
1941 5249 2058 5302 διαο

464 5347 725 5420 τηρῶμεν
763 5345 1057 5414 κεφάλαια,
1091 5343 1208 5407 πῶς
1250 5342 1300 5396 οἰ
1348 5342 1598 5406 ἀσθενεῖς
1631 5343 1758 5405 τοὺς
1805 5342 2059 5413 ἰσχυροὺς

467 5441 751 5510 ἐνίκησαν,
793 5441 888 5492 καὶ
923 5437 1088 5491 πόθεν
1135 5437 1319 5500 αὐτοῖς
1378 5433 1579 5506 ἐπῆλθε
1629 5433 1893 5498 τοιούτοις
1937 5429 2059 5488 οὖσι

467 5531 694 5586 τοιαῦτα
726 5529 1140 5602 βουλεύσασθαι,
1192 5531 1242 5582 εἰ
1289 5527 1366 5600 μὴ
1415 5527 1567 5592 θείας
1605 5526 1879 5583 ἀπέλαυον
1917 5543 2058 5598 συμ-

473 5624 698 5696 μαχίας.

535 5763 559 5790 ⁸
585 5759 843 5824 agebatur
865 5759 1060 5825 βλάϐας.

2241 358 2310 405 α’.
2339 351 2449 405 Καὶ
2471 351 2539 404 τὰ
2561 353 2693 422 παρ’
2717 350 2873 422 ἡμῶν
2901 345 3024 408 ὧδε.
3057 352 3442 426 Παρεχώμεθα
3473 349 3548 404 δὲ
3573 351 3680 404 ἐπὶ
3703 351 3790 404 τίη

2167 443 2348 516 ἔργων
2382 443 2411 483 1)
2442 443 2512 497 τά
2551 444 2644 497 τοῦ
2690 443 2805 516 βίου
2848 445 3272 516 κατορθώματα,
3305 448 3404 501 καὶ
3450 445 3710 515 δαψιλὲς
3745 449 3790 500 τί

2167 533 2280 608 πῦρ
2327 535 2657 608 ἀνάπτωμεν
2713 536 2815 608 τῆς
2875 539 3097 611 ἀρετῆς.
3137 539 3432 612 Φωστῆρες
3479 538 3618 607 γάρ
3661 537 3786 596 ἐπε,

2167 629 2354 699 φησὶν,
2388 631 2446 683 ἐν
2474 629 2626 702 μέσῳ
2668 627 2763 683 τοῦ
2794 631 3000 701 κόσμου
3032 630 3364 700 λάμποντες·
3413 631 3530 685 καὶ
3578 630 3788 700 μείζονα

2165 719 2325 792 ἡμῶν
2359 721 2576 790 ἐκάστῳ
2603 721 2792 792 χρείαν
2822 721 3151 792 ἐνεχείρισεν
3179 725 3207 776 ὁ
3245 721 3406 788 Θεὸς,
3440 723 3478 793 ἢ
3513 720 3609 792 τῷ

2169 811 2390 884 μείζονα
2422 813 2653 885 ούρανοῦ
2695 814 2790 868 καί
2823 815 2926 884 γῆς
2958 814 3053 868 καί
3088 815 3384 886 θαλάττης,
3411 817 3518 869 καὶ
3553 813 3786 884 τοσούτῳ

2115 973 2122 980 _
2167 909 2284 982 [59.]
2319 911 2564 992 μείζονα,
2590 911 2700 982 ὅσῳ
2738 910 2806 964 τά
2833 913 3183 983 πνευματικά
3219 913 3328 967 τῶν
3357 911 3680 984 αἰσθητῶν
3723 913 3786 966 δι-

2166 1003 2444 1074 ενήνοχεν.
2472 1003 2644 1056 Ὅταν
2675 999 2768 1056 οὖν
2793 1004 2930 1074 πρὸς
2953 1003 3044 1058 τὸν
3071 1005 3296 1076 ἡλιακὸν
3318 1007 3544 1075 ἴδωμεν
3569 1003 3786 1068 κύκλον,

2166 1094 2259 1146 καί
2295 1094 2666 1164 θαυμάσωμεν
2689 1095 2752 1147 τὸ
2773 1095 2971 1158 κάλλος
3007 1097 3102 1149 καὶ
3129 1097 3190 1150 τὸ
3215 1099 3377 1168 σῶμα
3403 1098 3513 1151 καὶ
3541 1099 3658 1166 τὴν
3679 1115 3788 1165 σκαι-

2167 1188 2406 1258 δρότητα
2454 1187 2547 1239 τοῦ
2583 1187 2807 1258 ἄστρου,
2841 1185 3184 1259 λογιζώμεθα
3221 1189 3416 1254 πάλιν,
3449 1191 3554 1244 ὅτι
3611 1189 3788 1258 μεῖζον

2165 1281 2259 1333 καὶ
2285 1279 2510 1348 ἄμεινον
2543 1277 2604 1331 τὸ
2633 1279 2690 1331 ἐν
2720 1279 2853 1349 ἡμῖν
2885 1278 3024 1349 φῶς,
3062 1279 3316 1352 καθάπερ
3345 1283 3442 1334 καὶ
3469 1283 3550 1336 τὸ
3599 1283 3788 1344 σκότος

2166 1370 2566 1444 χαλεπώτερον,
2604 1369 2669 1424 ἀν
2713 1371 2790 1442 μὴ
2832 1371 3216 1442 προσέχωμεν·
3253 1374 3349 1426 καί
3393 1373 3514 1446 γὰρ
3555 1375 3670 1440 νὺξ
3700 1375 3786 1444 βα-

2167 1465 2287 1520 θεῖα
2314 1464 2536 1535 κατέχει
2564 1463 2664 1535 τὴν
2689 1463 3020 1536 οἰκουμένην
3055 1463 3294 1520 ἃπασαν.
3327 1466 3566 1536 Ταύτην
3615 1467 3786 1520 toi-ua

2165 1555 2562 1626 ἀνατρέψωμεν
2595 1555 2690 1608 καὶ
2750 1553 3022 1624 λύσωμεν.
3063 1553 3182 1620 Νὺξ
3217 1555 3319 1608 οὐκ
3361 1557 3422 1610 ἐν
3466 1559 3786 1628 αἰρετικοῑς

2163 1650 2285 1706 οὐδὲ
2319 1652 2376 1704 ἐν
2404 1650 2632 1720 Ἕλλησι
2663 1649 2846 1720 μόνον,
2889 1648 3026 1702 ἀλλὰ
3069 1650 3166 1703 καὶ
3207 1649 3426 1714 πολλοῖς
3473 1655 3613 1714 τοῖς
3661 1643 3784 1721 παρ’

2165 1743 2298 1814 ἡμῖν
2323 1741 2612 1812 δογμάτων
2645 1741 2834 1794 ’ένεκεν
2863 1741 2958 1794 καὶ
2987 1740 3124 1813 βίου.
3155 1743 3352 1797 Πολλοὶ
3393 1743 3510 1816 γὰρ
3549 1746 3632 1816 τῇ
3661 1745 3782 1798 dra-

2167 1835 2356 1888 στάσει
2393 1833 2760 1896 διαπιστοῦσι,
2796 1833 2982 1886 πολλοί
3021 1835 3114 1888 καὶ
3139 1834 3354 1904 γένεσιν
3391 1837 3636 1900 ἑαυτοῖς
3669 1837 3780 1890 ἐπτ-

2163 1928 2480 1999 τειχίζουσι,
2508 1927 2693 1981 πολλοὶ
2717 1928 2814 1980 καὶ
2846 1929 3262 1999 παρατηρήσεις
3285 1929 3670 1998 φυλάττουσι,
3699 1931 3780 1984 καὶ

2164 2017 2566 2091 κληδωνισμοῖς
2599 2019 2694 2072 καὶ
2717 2021 3032 2090 οἰωνισμοῖς
3055 2021 3150 2074 καὶ
3171 2019 3487 2092 συμϐόλοις·
3517 2023 3580 2075 οἰ
3609 2023 3674 2074 δέ
3699 2025 3780 2077 καί

2165 2112 2493 2183 περιάκτοις
2524 2113 2619 2165 καί¹
2649 2112 2883 2184 ἐπῳδαῖς
2907 2112 3230 2186 κέχρηνται.
3273 2115 3438 2169 Ἀλλὰ
3481 2115 3598 2169 καὶ
3651 2117 3780 2186 πώς

2163 2204 2390 2268 τούτους
2439 2205 2538 2276 μὲν
2569 2203 2799 2276 ὕστερον
2839 2204 3096 2276 ἐροῦμεν,
3139 2205 3268 2260 ὅταν
3301 2205 3372 2260 τὰ
3395 2208 3544 2280 πρὸς
3573 2209 3780 2279 Ἕλλη-

2164 2315 2262 2362 νας
2295 2297 2658 2368 διανύσωμεν·
2700 2297 2840 2361 τέως
2870 2297 2928 2352 δὲ
2956 2298 3028 2352 τὰ
3053 2299 3322 2370 εἰρημένα
3347 2301 3662 2372 κατέχετε,
3695 2305 3778 2354 καὶ

2166 2388 2499 2444 συλλάϐεσθέ
2531 2405 2622 2459 μοι
2659 2389 2760 2459 τῆς
2789 2389 2989 2460 μάχης,
3017 2390 3110 2444 διὰ
3145 2391 3244 2444 τοῦ
3281 2391 3398 2461 βίου
3433 2393 3592 2465 πρὸς
3635 2396 3780 2464 ἡμᾶς

2163 2483 2418 2546 ἕλκοντες
2453 2481 2652 2545 αὐτοὺς
2679 2482 2774 2535 καί
2799 2479 3189 2551 μεθιστώντες.
3217 2484 3396 2556 Ὅπερ
3425 2486 3548 2558 γὰρ
3573 2487 3676 2540 ἀεὶ
3701 2487 3780 2540 λέ-

2163 2593 2270 2645 γω,
2311 2573 2404 2628 τὸν
2445 2575 2580 2646 περὶ
2626 2572 2948 2642 φιλοσοφίας
2991 2573 3334 2639 διδάσκοντα,
3385 2579 3682 2650 πρότερον
3729 2581 3780 2630 ἐν

2167 2669 2347 2740 ἐαυτῷ
2383 2667 2542 2722 τοῦτο
2577 2667 2849 2722 διδάσκειν
2893 2667 3002 2740 χρὴ
3043 2668 3141 2722 καὶ
3177 2667 3426 2724 ποθεινὸν
3467 2669 3632 2726 εἶναι
3675 2675 3778 2735 τοῖς

2164 2759 2448 2815 ἀκούουσι.

2235 2943 2532 3028 Γενώμεθα
2563 2943 2746 2996 τοίνυν
2775 2942 3042 3008 ποθεινοὶ,
3073 2941 3170 2997 καὶ
3195 2942 3460 3007 εὐνοϊκῶς
3489 2943 3776 3015 διαθῶμεν

2165 3037 2306 3110 πρὸς
2331 3037 2483 3108 ἡμᾶς
2511 3035 2639 3099 τοὺς
2669 3033 2961 3105 Ἕλληνας.
2999 3033 3173 3088 Τοῦτο
3219 3034 3278 3088 δέ
3326 3035 3484 3089 ἔσται
3515 3074 3532 3098 ,
3569 3035 3680 3090 ἐὰν
3709 3038 3774 3106 μὴ

2165 3130 2356 3193 κακῶς
2386 3130 2582 3191 ποιεῖν,
2613 3126 2752 3181 ἀλλά
2785 3128 2883 3181 καὶ
2939 3125 3128 3192 κακῶς
3161 3127 3393 3198 πάσχειν
3423 3121 3592 3198 ὦμεν
3645 3147 3777 3198 παρ-

2165 3223 2587 3294 εσκευασμένοι.
2620 3221 2732 3293 Οὐχ
2759 3221 2979 3294 ὁρῶμεν
3003 3222 3076 3277 τὰ
3119 3222 3331 3288 παιδία,
3355 3224 3486 3278 ὅταν
3515 3223 3640 3278 ὑπὸ
3673 3225 3774 3276 τῶν

2165 3316 2436 3388 πατέρων¹
2459 3310 2844 3384 βασταζόμενα
2877 3313 3092 3389 ἐντείνῃ
3121 3313 3338 3386 πληγάς
3378 3315 3460 3380 εἰς
3489 3315 3598 3378 τὰς
3645 3317 3773 3386 Tua-

2165 3409 2292 3472 θους
2317 3403 2410 3460 τοῦ
2437 3405 2718 3477 φέροντος,
2753 3404 2873 3468 πῶς
2899 3406 2928 3458 ό
2973 3405 3158 3477 πατὴρ
3203 3405 3378 3476 ἡδέως
3419 3406 3674 3477 παρέχει
3701 3407 3774 3476 τῷ

2163 3496 2318 3553 παιδὶ
2334 3497 2433 3566 τῆς
2453 3493 2626 3565 ὀργῆς
2645 3493 3050 3566 ὲμφορτιθῆναι,
3067 3491 3166 3547 καὶ
3183 3494 3314 3548 ὅταν
3338 3495 3424 3568 [δη
3445 3497 3774 3555 κενώσαντα

2161 3589 2256 3644 τὸν
2279 3587 2454 3659 θυμὸν
2495 3585 2890 3658 φαιδρύνεται;
2933 3585 3092 3640 οὕτω
3135 3587 3231 3642 καὶ
3269 3588 3436 3660 ἡμεῖς
3473 3591 3770 3661 ποιῶμεν-

2161 3683 2258 3737 καί
2286 3681 2542 3753 καθάπερ
2576 3682 2816 3753 πατέρες
2849 3679 2990 3753 πρὸς
3011 3681 3226 3747 παιδία,
3255 3685 3372 3748 τοῖς
3395 3683 3640 3756 Ἕλλησι
3659 3687 3770 3740 διαι

2161 3775 2474 3847 λεγώμεθα.
2519 3773 2718 3829 Παιδία
2747 3771 2856 3846 γάρ
2891 3775 3030 3828 εἰσιν
3065 3774 3306 3839 ἅπαντες
3328 3775 3636 3848 Ἕλληνες·
3679 3781 3772 3833 καὶ

2159 3867 2336 3924 ταῦτά
2371 3884 2520 3931 τινες
2547 3865 2658 3920 τῶν
2685 3867 2816 3940 παρ’
2841 3867 3028 3930 αὐτοῖς
3057 3867 3370 3939 εἰρήκασιν,
3409 3869 3498 3922 ὅτι
3525 3870 3624 3923 ἀεὶ
3647 3875 3770 3926 παῖ-

2158 3959 2248 4023 δες
2271 3959 2492 4022 ἐκεῖνοι,
2519 3957 2614 4011 καὶ
2641 3956 2821 4028 γέρων
2852 3955 3054 4028 Ἕλλην
3097 3956 3296 4022 οὐδείς.
3344 3959 3428 4012 Τά
3469 3959 3530 4013 δέ
3569 3963 3770 4018 παιδία

2159 4055 2302 4126 ὑπὲρ
2324 4051 2540 4116 οὐδενὸς
2561 4052 2820 4122 ἀνέχεται
2839 4049 3152 4122 φροντίζειν
3171 4051 3448 4124 χρησίμου
3467 4070 3484 4084 ·
3507 4053 3664 4108 οὕτω
3677 4057 3770 4108 καί

2159 4147 2211 4202 οἰ
2251 4145 2513 4215 Ἕλληνες
2541 4141 2762 4208 παίζειν
2783 4143 2872 4197 ἀεὶ
2897 4143 3182 4214 βούλονται
3205 4146 3302 4198 καὶ
3327 4145 3504 4216 χαμαὶ
3525 4149 3768 4214 κεῖνται,

2157 4239 2518 4312 χαμαιπετεῖς
2547 4235 2702 4299 ὄντες
2719 4237 2818 4290 καὶ
2843 4235 3196 4307 χαμαίζηλοι.
3227 4237 3310 4290 Τά
3329 4237 3386 4290 δὲ
3415 4237 3610 4291 παιδία
3631 4240 3768 4292 πολ-

2159 4331 2318 4396 λάκις
2369 4328 2500 4403 περὶ
2549 4327 2868 4397 ἀναγκαίων
2906 4328 3066 4399 ἡμῶν
3099 4327 3506 4400 διαλεγομένων
3541 4330 3766 4394 οὐδενὸς

2159 4424 2552 4478 ἐπαισθάνεται
2606 4421 2718 4476 τῶν
2769 4421 3103 4492 λεγομένων,
3143 4421 3260 4476 ἀλλ’
3297 4421 3388 4476 ἀεὶ
3435 4423 3532 4476 καὶ
3577 4423 3716 4494 γελᾷ
3745 4439 3764 4454 ο

2159 4515 2394 4571 τοιοῦτοι
2428 4515 2523 4569 καὶ
2541 4515 2590 4568 οἰ
2619 4513 2882 4586 Ἕλληνες
2905 4531 2920 4548 ·
2942 4513 3072 4567 ὅταν
3095 4515 3230 4586 περὶ
3259 4512 3544 4584 βασιλείας
3571 4514 3758 4567 διαλε-

2158 4606 2409 4680 γώμεθα,
2436 4607 2661 4676 γελῶσι.
2689 4607 2802 4661 Καὶ
2831 4605 3090 4678 καθάπερ
3109 4608 3176 4660 ἐκ
3205 4604 3462 4659 παιδικοῦ
3485 4605 3760 4676 στόματος

2161 4700 2330 4763 πολὺς
2358 4699 2685 4764 ἀποὸλύζων
2717 4699 2892 4763 σίελος
2919 4697 3184 4763 πολλάκις
3203 4699 3302 4751 καὶ
3337 4697 3510 4751 σιτίον
3539 4699 3638 4752 καὶ
3655 4715 3754 4751 πο-

2158 4793 2252 4847 τὸν
2281 4793 2541 4862 ἐμόλυνεν
2561 4805 2575 4822 ·
2619 4790 2764 4845 οὕτω
2803 4791 2900 4845 καὶ
2941 4790 3010 4846 τὰ
3051 4792 3162 4846 ἀπὸ
3197 4789 3294 4844 τοῦ
3339 4791 3612 4860 στόματος
3643 4791 3754 4844 τῶν

2171 4883 2440 4955 Ἑλλήνιον
2468 4882 2814 4954 ἀπορρέοντα
2840 4883 3063 4956 ῥήματα
3093 4881 3298 4954 μάταια
3321 4885 3420 4937 καὶ
3437 4884 3746 4955 ἀκάθαρτα·

2158 4974 2264 5029 κάν
2289 4974 2594 5044 ἀναγκαίαν
2609 4973 2716 5045 δῷς
2743 4974 2970 5046 τροφὴν,
2997 4974 3230 5028 λυποῦσι
3249 4975 3378 5038 τοὺς
3403 4977 3748 5048 παρέχοντας

2157 5067 2246 5122 διὰ
2276 5067 2630 5139 βλασφημίας
2658 5065 2766 5134 ἀεὶ,
2798 5067 2894 5121 καὶ
2922 5067 3134 5121 δέονται
3155 5067 3638 5132 διαδαστάζεσθαι.
3669 5069 3744 5122 Τά

2157 5159 2350 5212 παιδία
2375 5159 2539 5213 πάλιν
2559 5160 2688 5214 ὅταν
2721 5158 2874 5212 ἰδωσι
2901 5158 3106 5232 λῃστὴν
3123 5159 3364 5212 εἰσιόντα
3385 5158 3484 5212 καὶ
3509 5157 3579 5214 τὰ
3599 5159 3744 5214 ἔνδον

2159 5248 2585 5321 ἀφαιρούμενον,
2613 5249 2676 5302 ού
2713 5250 2876 5320 μόνον
2900 5250 3000 5304 οὐκ
3023 5248 3222 5320 ἀμύνει
3241 5291 3260 5314 ,
3284 5249 3424 5304 ἀλλά
3455 5249 3550 5304 καὶ
3575 5267 3742 5322 πρω-

2159 5341 2294 5412 γελᾷ
2332 5341 2408 5412 τῷ
2441 5340 2716 5413 ἐπιϐούλῳ
2737 5359 2750 5371 ·
2787 5343 2854 5396 ἂν
2889 5341 2948 5396 δὲ
2989 5341 3081 5394 τὸν
3108 5339 3442 5396 καλαθίσκον
3465 5341 3500 5412 ἢ
3533 5342 3604 5396 τὰ
3636 5343 3744 5394 σεῖ-

2161 5449 2301 5502 στρα
2325 5432 2554 5505 ἀφέλῃς,
2583 5433 2618 5504 ἢ
2649 5432 2778 5488 ἀλλο
2801 5451 2854 5486 τι
2889 5431 3002 5486 τῶν
3049 5431 3404 5503 ἀθυρμάτων,
3441 5431 3748 5486 δεινοπαθεῖ

2159 5526 2256 5580 καὶ
2281 5525 2650 5596 δυσχεραίνει,
2669 5526 3042 5596 σπαράττεται
3061 5526 3154 5580 καὶ
3168 5523 3412 5589 λακτίζει
3441 5525 3504 5578 τὸ
3528 5525 3742 5594 ἔδαφος.

2222 5683 2252 5724 ι»
2273 5683 2356 5732 Sic
2375 5683 2527 5732 codex
2559 5684 2743 5744 Regius
2776 5687 2984 5745 oplime.
3013 5683 3138 5734 Edili
3161 5683 3464 5746 παρεχόμεθα
3485 5683 3538 5732 δὲ
3555 5683 3652 5730 τῶν
3673 5681 3746 5744 ξρ-

2171 5763 2284 5809 γων,
2309 5751 2362 5796 (εἰ.
2382 5746 2508 5797 intra
2545 5747 2830 5808 άνάπτομεν.
