3864 6216
189 319 259 372 57
1258 320 1321 375 IN
1360 322 1553 378 EPIST
1610 323 1629 377 ι
1692 325 1748 378 Al

1864 324 1982 378 0R.
2020 326 2244 382 llOMll..
2291 331 2373 387 iV.
3397 351 3462 406 58

188 449 294 488 non
321 432 505 488 orbem
535 433 856 489 circumiens
886 444 940 489 et
961 435 1278 504 praedicans,
1300 438 1391 492 sed
1422 437 1473 493 in
1504 453 1604 492 una
1634 438 1771 492 civi-

187 535 337 593 tate,
386 527 455 582 de
502 528 757 583 extremis
803 529 1130 597 periclitatus
1186 539 1287 584 est.
1337 530 1592 601 Diagoras
1646 548 1773 587 vero

184 618 423 673 Milesius
474 621 582 689 (a),
626 636 681 674 et
733 620 1046 675 Theodorus
1084 627 1273 677 atheus
1326 624 1768 692 cognominatus,

181 710 428 778 quamvis
458 711 660 766 amicos
682 711 941 766 haberent
963 722 1017 767 et
1039 712 1255 768 dicendi
1277 713 1603 781 facultatem,
1629 724 1683 770 et
1704 731 1769 771 ex

184 805 523 878 philosophia
563 807 619 863 in
647 808 1000 865 admiratione
1026 812 1354 867 haberentur
1378 854 1393 877 ,
1420 813 1555 869 nihil
1589 823 1768 870 tamen

179 910 370 950 eorum
399 897 545 966 ipsos
568 898 724 968 juvit.
755 898 822 953 Et
847 915 1072 970 magnus
1098 902 1189 957 ille
1211 900 1483 966 Socrates,
1516 905 1607 975 qui
1628 904 1768 974 apud

178 985 302 1042 illos
322 988 654 1059 pbilbs0phia
669 992 954 1061 superabat
972 1008 1181 1059 omnes,
1198 994 1320 1050 ideo
1333 997 1564 1050 cicutam
1578 996 1764 1063 ebibit,

174 1080 323 1149 quod
347 1082 583 1150 suspicio
607 1093 769 1147 esset,
796 1085 945 1139 illum
974 1085 1027 1139 in
1056 1085 1143 1150 iis,
1163 1103 1282 1156 quae
1307 1087 1373 1142 de
1401 1086 1765 1158 diis‘scripsc-

177 1182 283 1238 rat,
302 1172 501 1243 aliquid
531 1175 839 1231 mutavisse.
864 1176 1016 1244 Quod
1055 1177 1099 1232 si
1141 1179 1496 1235 innovationis
1532 1181 1766 1249 suspicio

173 1263 292 1317 sola
314 1272 517 1318 tantum
530 1267 750 1335 periculi
773 1270 975 1323 creavit
995 1269 1123 1323 viris
1140 1269 1473 1340 philosophis
1485 1282 1539 1325 et
1549 1288 1603 1327 sa
1613 1272 1764 1341 pien-

174 1354 319 1408 tibus
341 1396 358 1420 ,
394 1355 484 1425 qui
512 1355 782 1427 ingentem
811 1357 915 1414 sibi
942 1370 1261 1431 pepererant
1290 1362 1760 1431 existimationem,

169 1459 228 1502 et
260 1464 369 1504 non
396 1450 555 1505 modo
583 1465 688 1505 non
728 1461 949 1521 potuere
992 1454 1133 1522 quod
1175 1455 1426 1510 volebant
1466 1458 1759 1527 perlicere,

169 1542 266 1595 sed
294 1543 457 1597 etiam
486 1544 587 1613 ipsi
611 1552 664 1599 et
692 1544 798 1599 vita
827 1554 882 1600 et
908 1547 1079 1615 patria
1107 1548 1424 1604 exciderunt
1451 1567 1467 1619 ;
1495 1553 1761 1621 quomodo

168 1650 280 1688 non
326 1636 537 1691 miraris
579 1646 633 1690 et
676 1637 1051 1707 obstupescis,
1103 1640 1430 1709 piscatorem
1475 1644 1664 1699 videns
1706 1646 1759 1700 in

166 1730 303 1783 orbe
326 1739 407 1785 tot
427 1740 676 1801 tantaque
705 1743 1026 1804 patrantem,
1062 1752 1180 1807 quae
1208 1738 1454 1795 studebat
1478 1742 1759 1810 perﬁcien—

169 1832 279 1876 tem
319 1832 374 1878 et
413 1825 668 1882 barbaros
703 1827 1026 1899 Graecosque
1052 1845 1240 1887 omnes
1278 1837 1666 1903 superantem?
1691 1839 1761 1893 At

166 1911 247 1975 hi,
292 1915 523 1984 inquies,
566 1932 671 1972 non
710 1917 843 1974 deos
880 1920 1087 1975 alienos
1115 1922 1437 1980 inducebant
1476 1928 1615 1981 sicut
1657 1928 1754 1983 illi.

166 2004 285 2061 Hoc
306 2006 478 2076 ipsum
509 2010 740 2065 maxime
770 2012 1014 2069 mirabile
1041 2015 1170 2069 mihi
1196 2016 1330 2073 dicis
1352 2059 1367 2085 ,
1403 2019 1527 2089 quia
1562 2020 1758 2091 duplex

164 2105 287 2151 erat
312 2100 606 2169 iunovatio,
635 2111 689 2157 et
712 2104 854 2174 quod
875 2108 1081 2179 eosqui
1117 2118 1243 2165 tunc
1264 2111 1579 2168 colebantur
1603 2116 1759 2171 tolle-

164 2198 292 2243 rent
318 2230 334 2253 ,
364 2198 421 2243 et
446 2191 586 2260 quod
625 2191 949 2250 Crucilixum
979 2198 1355 2266 praadicarent.
1386 2201 1663 2260 Uudenam
1689 2207 1755 2264 ad

162 2296 234 2337 ea
282 2284 620 2351 pmdicanda
661 2288 889 2356 permoti
932 2291 1095 2345 sunt?
1134 2291 1398 2349 undenam
1449 2297 1646 2354 audent
1690 2300 1758 2356 de

164 2373 276 2429 line
301 2390 401 2430 suo
428 2377 747 2434 conlidere?
776 2396 1038 2450 quosnam
1067 2394 1193 2441 ante
1220 2401 1280 2442 se
1319 2387 1560 2445 viderant
1598 2393 1755 2449 talem

161 2480 282 2520 rem
325 2466 461 2522 bene
496 2471 786 2539 gerentes?
823 2487 1001 2528 annon
1050 2489 1236 2532 omnes
1288 2480 1420 2535 deos
1466 2483 1757 2541 colebatt?

161 2571 348 2610 annon
372 2573 562 2614 omnes
585 2559 849 2616 elementa
876 2563 927 2617 iu
956 2564 1087 2620 deos
1112 2566 1458 2625 referebant?
1483 2587 1660 2630 annon
1683 2576 1757 2632 di-

162 2663 356 2703 versus
398 2660 515 2705 erat
558 2652 850 2722 impietatis
895 2657 1410 2718 modus‘lAttamen
1445 2669 1623 2722 omnia
1664 2685 1755 2742 ag-

161 2726 339 2809 gressi
378 2752 523 2809 sunt,
575 2754 629 2799 et
671 2746 784 2802 lucc
830 2750 1183 2820 sustulerunt,
1227 2768 1291 2809 ac
1322 2753 1471 2812 brevi
1514 2770 1755 2831 tempore

164 2843 340 2887 totum
369 2834 554 2890 orbem
586 2845 855 2909 tamquam
891 2841 993 2895 alis
1036 2842 1284 2900 instructi
1330 2863 1713 2917 percurrerunt
1735 2900 1750 2926 ,

162 2942 272 2980 non
301 2929 536 2998 pericula
562 2942 830 2994 curantes,
861 2950 964 2989 non
986 2944 1209 3005 mortes,
1234 2953 1340 2994 non
1367 2944 1445 2997 rei
1472 2944 1754 3003 difliculta-

164 3029 309 3084 tem,
340 3035 445 3074 non
478 3022 801 3091 paucitatem
826 3039 1066 3094 suorum,
1099 3043 1205 3083 non
1236 3031 1628 3092 multitudinem
1661 3040 1756 3095 ad-

164 3295 256 3359 lia,
282 3299 538 3356 Crucilixi
566 3320 760 3375 nempe
789 3308 876 3377 qui
905 3324 1270 3369 resurrexerat
1298 3320 1610 3385 potentiam.
1635 3322 1749 3380 Non

160 3388 233 3442 ita
264 3390 509 3448 mirabile
538 3392 756 3462 fuisset,
794 3399 838 3453 si
880 3400 1075 3457 bellum
1103 3406 1359 3465 sensibile
1387 3410 1440 3465 in
1469 3419 1637 3469 totum
1663 3431 1753 3471 or-

158 3482 283 3538 bern
307 3485 507 3543 inferre
535 3490 852 3559 voluissent,
882 3502 939 3548 ut
960 3496 1155 3552 mirum
1176 3509 1262 3555 est
1290 3501 1417 3558 illud
1440 3506 1581 3574 quod
1612 3524 1751 3565 nunc

157 3575 360 3630 factum
388 3591 491 3633 est.
520 3580 654 3636 Nam
686 3583 803 3655 lege
832 3585 954 3642 belli
988 3588 1185 3645 licebat
1214 3592 1470 3652 adversus
1500 3598 1749 3658 inimicos

153 3677 323 3737 stare,
342 3680 398 3724 et
422 3676 687 3730 contraria
714 3689 967 3749 occupata
997 3683 1234 3752 regione,
1255 3685 1331 3740 sic
1354 3698 1536 3744 contra
1568 3691 1749 3750 hostes

151 3763 331 3817 aciem
356 3764 639 3830 instruere,
664 3779 822 3840 atque
851 3774 1185 3830 occasionem
1218 3780 1464 3848 accipere
1493 3782 1748 3840 invaden-

150 3854 205 3908 di
257 3863 313 3909 ct
353 3872 545 3913 manus
590 3863 928 3917 conserendi.
976 3864 1074 3919 llic
1118 3876 1296 3923 autem
1342 3886 1431 3925 non
1491 3872 1583 3927 ita.
1628 3874 1745 3931 Non

151 3946 304 4000 enim
332 3949 627 4004 exercitum
670 3954 943 4023 proprium
976 3955 1275 4023 habebant,
1318 3962 1411 4016 sed
1453 3980 1573 4019 cum
1615 3966 1746 4037 ipsis

150 4038 391 4093 inimicis
420 4041 678 4109 permixti
708 4054 879 4111 erant,
914 4053 969 4101 et
996 4047 1073 4103 sic
1111 4049 1227 4105 illos
1254 4052 1557 4123 vincebant,
1584 4066 1745 4128 atque

151 4132 204 4186 in
251 4133 445 4188 mediis
481 4136 712 4193 inimicis
755 4151 1060 4207 versantes,
1106 4144 1318 4201 illorum
1351 4151 1579 4220 impetus
1619 4170 1742 4226 pro-

151 4226 444 4294 pulsabant
464 4239 517 4283 et
543 4232 887 4301 superabant,
918 4246 1077 4306 atque
1099 4238 1376 4297 victoriam
1400 4248 1742 4314 reportabant

147 4316 515 4387 splendidam,
545 4336 667 4391 qua:
693 4323 1028 4394 prophetiam
1058 4328 1312 4400 implebat
1333 4332 1596 4391 dicentem
1625 4358 1637 4393 :
1674 4339 1741 4393 Et

150 4411 496 4469 dominaberis
524 4414 577 4469 in
613 4417 777 4471 medio
807 4419 1127 4475 iuinticorum
1169 4434 1369 4480 tuorum
1398 4428 1569 4500 (Psal.
1613 4432 1736 4489 109.

145 4503 239 4575 2).
270 4504 385 4560 Hoc
408 4508 550 4561 enim
578 4510 808 4566 maxime
834 4521 1102 4581 stuporem
1128 4516 1418 4586 injiciebat,
1447 4523 1589 4592 quod
1616 4541 1737 4581 cum

147 4610 243 4651 eos
289 4604 539 4653 tenerent
586 4601 807 4665 inimici,
852 4612 1012 4674 atque
1040 4605 1091 4659 iu
1119 4623 1390 4665 carcerem
1436 4624 1490 4667 et
1529 4618 1736 4673 vincula

147 4689 507 4759 conjicerent,
541 4708 647 4748 non
691 4696 854 4749 modo
906 4698 1051 4767 ipsos
1098 4716 1202 4755 non
1249 4718 1596 4772 superarent;
1641 4714 1735 4767 sed

147 4837 269 4888 agro
293 4831 367 4875 cst
390 4825 752 4897 exterminatus,
783 4825 987 4897 librique
1011 4832 1117 4894 ejus
1147 4834 1205 4897 in,
1230 4836 1455 4889 concione
1487 4842 1732 4897 combusti.

149 4887 221 4969 fx
243 4900 340 4969 quo
359 4887 586 4969 equidem
607 4889 831 4969 existimo
854 4887 1093 4965 tardiores
1105 4896 1170 4945 ad
1187 4896 1313 4947 hanc
1327 4887 1736 4969 δεηεέηὶῖάῆἶῇῗᾶί

402 4946 579 5024 multos
601 4964 702 5002 esse
724 4954 893 5024 factos,
918 4946 1095 5021 quippe
1117 4946 1736 5023 σαιηῖἷιὶὲἀᾶ.

148 5010 433 5079 tioqnirtem
454 5013 664 5079 emtgere
686 5010 928 5079 potuisset.

210 5076 282 5135 ta)
301 5075 454 5147 Error
479 5075 619 5147 estin
637 5075 860 5147 omnibus
880 5078 1032 5129 Editis
1056 5085 1477 5147 etgatanuscriptis.
1501 5100 1609 5138 cum
1626 5092 1734 5142 Dia-

148 5146 293 5195 goras
312 5136 491 5214 dicitur
527 5137 765 5214 Milesius,
778 5142 860 5203 qui
886 5150 993 5214 erat
1012 5143 1180 5214 Melius
1200 5145 1307 5214 sive
1330 5136 1395 5197 ex
1412 5136 1729 5214 insulairstelo,

148 5205 197 5246 ut
221 5196 512 5265 testiﬁcatur
534 5200 712 5265 Suidas.
737 5196 865 5265 Alite
890 5202 1022 5253 illum
1048 5205 1216 5257 Cicero
1238 5196 1430 5259 dixerat
1452 5196 1626 5263 lii—de
1636 5196 1731 5265 E51

147 5266 251 5336 tura
274 5260 503 5336 deorum,
529 5273 573 5309 c.
599 5262 670 5336 l_:
695 5262 855 5335 Nullos
878 5278 979 5316 esse
1003 5265 1192 5319 omnino
1216 5268 1348 5336 deos,
1381 5260 1729 5336 umdrds'izé-

148 5320 238 5393 lius
249 5328 307 5394 et_
324 5320 600 5397 Theodorus
617 5326 912 5397 cyrennicus
934 5337 1236 5397 putaverunt.
1263 5320 1381 5382 Cum
1404 5320 1540 5397 ergo
1560 5320 1728 5388 iniii-

147 5384 308 5445 scripti
323 5392 382 5466 et
537 5382 717 5466 omnes
731 5382 944 5466 Μξέςιδίιιέ
953 5392 1177 5466 habeant,
1193 5407 1332 5466 error
1347 5382 1553 5466 gn’ra'és'e
1567 5382 1728 5466 Eii-,7-

150 5444 523 5525 sostort‘rrifuerit.
549 5447 671 5519 Haec
686 5448 751 5525 de
774 5449 1003 5525 Diagora.
1029 5453 1107 5525 De
1128 5444 1360 5525 sequenti
1384 5444 1729 5525 verquuESLio

152 5514 245 5581 est.
268 5508 393 5557 Editi
407 5521 587 5581 omnes
612 5509 848 5581 piodorus
868 5508 1066 5581 habent,
1081 5508 1254 5581 Regius
1274 5532 1390 5568 vero
1408 5508 1729 5577 Codejwa—Iieo:

149 5568 313 5649 dorus,
341 5571 418 5619 cui
464 5574 593 5646 lavet
618 5571 753 5649 locus
775 5574 949 5649 allatus
985 5568 1249 5649 Ciceronis,
1275 5582 1359 5643 qui
1381 5568 1502 5649 ει]ρς
1514 5568 1725 5649 ᾗῖἇὲδῧ

158 5610 220 5615 ..-.
239 5610 293 5618 πη.
343 5610 417 5619 ν...
464 5610 530 5620 η...
545 5610 593 5621 ν.
618 5610 753 5623 -υινυ
775 5610 949 5626 ιιιιυιιυσ
1024 5610 1066 5627 ιν
1101 5610 1233 5628 [vuln
1312 5610 1359 5629 υι
1381 5610 1491 5631 buli!
1514 5610 1558 5633 υ
1578 5610 1603 5634 ἃ
1698 5610 1707 5616 ’

158 5610 444 5715 [breuior-nm
471 5634 739 5715 conjunxit,
766 5645 818 5688 et
836 5610 1099 5702 utrum‘que
1121 5610 1721 5715 [ιιιιιιξδιῖθβδθ-ςιθοειριὲιιίΐιι.1

70 5720 75 5727 ι
152 5693 275 5742 tisse
297 5694 439 5770 dixit.
464 5693 737 5770 uic'mheus
760 5709 963 5770 vocatus
986 5693 1064 5770 est
1083 5710 1218 5753 teste
1234 5706 1397 5770 suida.
1426 5693 1722 5763 De's‘ocraie

154 5763 313 5839 postea
334 5759 437 5820 agit
468 5756 867 5839 Qbrysostqmnsa
888 5762 978 5815 Ille
1003 5768 1209 5817 cicutam
1233 5760 1406 5819 bibere
1420 5756 1716 5839 jusshé'ééi}

157 5826 254 5875 tua:
273 5830 356 5869 res
376 5821 590 5870 omnium
608 5833 695 5871 ore
714 5822 887 5875 fertur.

472 5904 746 5965 ΡΑΤιιοι.
792 5907 908 5967 Gn.
959 5909 1117 5971 LXI.

1886 452 2065 508 postea
2112 454 2235 500 ante
2285 446 2406 502 illos
2454 454 2909 525 procumberent,
2966 461 3290 534 flagellantes
3340 484 3466 525 ante

1881 532 2216 603 llagellatos;
2264 540 2560 597 vincientes
2606 558 2730 601 ante
2784 532 3053 613 vinctos;
3087 571 3465 626 persequentes

1878 634 2001 677 ante
2033 626 2234 693 pulsos.
2268 629 2391 685 Haec
2429 647 2588 701 porro
2633 638 2808 694 omnia
2854 640 3056 699 Grtecis
3081 646 3327 716 dicimus,
3357 654 3465 707 imo

1876 713 1960 769 his
2008 718 2195 787 plura;
2246 738 2435 794 magna
2475 728 2670 798 quippe
2713 741 2796 786 est
2843 736 3080 792 veritatis
3124 713 3359 802 ubertas.
3407 748 3462 802 Si

1874 807 2016 860 enim
2047 824 2420 880 argumentum
2448 822 2764 889 sequamini,
2799 841 2987 883 omnes
3022 846 3116 888 vos
3150 834 3464 895 docebimus

1873 898 2130 957 adversus
2171 904 2291 961 illos
2320 915 2796 972 concertationem.
2829 919 3044 978 Interim
3071 941 3198 984 vero
3237 929 3323 987 hic
3359 934 3463 990 duo

1871 1004 2256 1051 conservemus
2285 1003 2457 1069 capita
2486 1022 2499 1056 :
2524 1008 2795 1074 quomodo
2817 1010 3012 1069 inﬁrmi
3044 1015 3209 1077 fortes
3238 1036 3460 1094 supera-

1871 1081 1977 1136 rint
2001 1100 2015 1149 ;
2044 1094 2097 1139 et
2122 1092 2392 1157 quomodo
2424 1092 2552 1163 ipsis
2580 1100 2815 1155 venisset
2842 1102 2893 1157 in
2926 1117 3160 1166 mentem
3184 1081 3460 1173 cum-tales

1871 1188 2053 1231 essent
2085 1179 2206 1233 talia
2231 1184 2453 1240 consilia
2484 1192 2785 1263 suscipere,
2817 1196 2916 1251 nisi
2941 1199 3121 1257 divino
3150 1207 3298 1275 potiti
3324 1208 3457 1264 fuis-

1869 1276 1988 1322 sent
2017 1272 2235 1326 auxilio.

1940 1359 1991 1414 6.
2020 1362 2084 1417 Et
2107 1376 2285 1421 nostra
2310 1370 2524 1438 quidem
2554 1372 2832 1434 hactenus.
2865 1380 2973 1438 Nos
2996 1397 3173 1442 autem
3203 1394 3457 1462 operibus

1868 1449 2028 1505 vitam
2080 1468 2225 1511 recte
2272 1474 2543 1529 geramus,
2593 1477 2645 1521 et
2692 1470 2967 1540 copiosum
3016 1478 3227 1537 virtutis
3276 1485 3455 1556 ignem

1866 1543 2247 1603 accendamus.
2280 1549 2586 1612 Luminaria
2617 1560 2761 1615 enim
2790 1565 2942 1626 estis.
2976 1566 3166 1637 inquit,
3200 1573 3249 1628 in
3278 1543 3456 1635 medio

1865 1633 2050 1731 mundi
2075 1635 2340 1731 fulgentes
2366 1643 2621 1718 (Philipp.
2652 1650 2706 1705 2.
2733 1652 2822 1725 15)
2851 1673 2865 1709 :
2893 1667 2946 1711 et
2966 1633 3186 1731 singulis
3214 1633 3452 1726 nostrum

1865 1723 2125 1793 majorem
2177 1729 2320 1786 Deus
2365 1735 2513 1792 dedit
2559 1757 2748 1808 usum,
2793 1762 2950 1816 quam
3002 1753 3141 1821 soli;
3189 1760 3451 1828 majorem

1864 1831 2024 1885 quam
2077 1821 2209 1876 ctelo
2263 1834 2318 1880 et
2366 1836 2524 1884 terra:
2566 1842 2621 1886 et
2670 1837 2827 1905 mari,
2879 1850 2933 1894 et
2976 1850 3122 1899 tanto
3170 1850 3449 1921 majorem,

1865 1919 2063 1975 quanto
2097 1913 2395 1982 spiritualia
2421 1922 2760 1980 sensibilibus
2793 1933 3124 1996 praecellunt.
3160 1913 3293 1997 Cum
3319 1913 3453 2017 ergo

1863 1999 1992 2055 solis
2018 2002 2276 2061 circulum
2303 2011 2665 2080 conspicimus
2684 2026 2739 2072 et
2759 2020 3235 2096 pulchritudinem,
3254 1999 3450 2107 corpus

1864 2100 1918 2145 et
1947 2094 2289 2162 splendorem
2318 2103 2450 2157 astri
2478 2104 2806 2166 admiramur
2824 2153 2838 2181 ,
2869 2117 3167 2186 cogitemus
3192 2094 3451 2196 majorem

1863 2194 1919 2241 et
1944 2189 2222 2246 meliorem
2247 2193 2298 2249 in
2322 2196 2477 2252 nobis
2507 2214 2628 2256 esse
2658 2202 2864 2275 lucem;
2894 2221 2950 2265 ut
2983 2213 3144 2270 etiam
3175 2222 3451 2287 graviores

1863 2281 2132 2349 tenebras,
2172 2288 2272 2342 nisi
2298 2292 2676 2351 attendamus:
2702 2314 2822 2354 nam
2854 2317 2961 2358 nox
2989 2281 3251 2376 profunda
3277 2322 3447 2373 totum

1862 2372 2047 2430 orbem
2078 2391 2327 2449 occupat.
2371 2383 2520 2442 lianc
2548 2390 2713 2459 igitur
2740 2405 3044 2454 evertamus
3070 2411 3126 2457 et
3152 2406 3445 2467 solvamus.

1860 2464 1974 2521 Nox
2004 2485 2108 2524 non
2134 2471 2183 2527 in
2210 2472 2477 2533 haereticis
2505 2489 2558 2535 et
2589 2481 2790 2541 Graecis
2820 2496 3043 2559 tantum,
3076 2496 3169 2551 sed
3199 2499 3359 2557 etiam
3393 2505 3447 2560 in

1861 2562 2040 2617 multis
2068 2566 2157 2635 qui
2188 2568 2464 2626 nobiscum
2496 2584 2640 2642 sunt,
2676 2588 2782 2634 tam
2812 2581 2863 2636 iu
2893 2582 3253 2658 dogmatibus,
3279 2612 3441 2667 quam

1862 2651 1914 2705 in
1941 2653 2067 2709 vita.
2100 2655 2250 2713 Multi
2276 2662 2417 2716 enim
2458 2671 2837 2726 resurrectioni
2865 2689 2972 2730 non
3001 2679 3263 2751 credunt,
3292 2651 3446 2744 inulti

1858 2747 2196 2816 genethliaca
2238 2759 2501 2810 sententia
2530 2774 2589 2815 se
2615 2764 2892 2833 muniunt;
2930 2770 3019 2825 alii
3058 2774 3453 2839 observationi-

1859 2835 1959 2893 bus
2002 2840 2257 2909 student,
2311 2862 2517 2904 necnon
2562 2854 3070 2931 vaticinationibus,
3119 2872 3356 2940 auguriis
3394 2886 3451 2931 ct

1858 2929 2118 2999 symbolis
2140 2951 2155 2999 ;
2179 2935 2270 2990 alii
2292 2937 2634 3009 ligaminibus
2655 2957 2710 3001 et
2731 2929 3445 3024 incantationibusittuntur.

1859 3022 1928 3074 At
1956 3021 2216 3079 adversus
2242 3028 2365 3083 illos
2395 3032 2554 3088 ctiam
2586 3050 2770 3104 postea
2798 3042 2988 3100 dicturi
3020 3063 3207 3108 sumus
3231 3097 3245 3122 ,
3295 3072 3446 3128 post-

1857 3127 2014 3180 quam
2044 3131 2348 3175 sermonem
2387 3137 2570 3181 contra
2599 3129 2816 3189 Graecos
2841 3137 3231 3202 absolverimus
3262 3167 3275 3203 :
3309 3152 3449 3210 intc-

1855 3206 1955 3260 rim
1988 3224 2120 3265 vero
2149 3212 2238 3267 illa
2267 3231 2387 3286 quae
2412 3218 2553 3275 dicta
2584 3234 2710 3279 sunt
2740 3229 2970 3287 retinete
2994 3275 3008 3299 ,
3042 3244 3097 3291 et
3124 3256 3332 3300 mecum
3377 3249 3445 3304 ad

1856 3313 2083 3367 pugnam
2113 3305 2383 3375 accedite,
2437 3327 2534 3380 per
2576 3315 2697 3370 vita:
2743 3319 3043 3381 institutum
3086 3329 3206 3386 illos
3249 3336 3315 3391 ad
3347 3355 3450 3397 nos

1854 3394 2188 3453 attrahentes
2216 3408 2271 3454 et
2301 3404 2704 3464 transferentes.
2743 3411 2996 3485 Etenim,
3042 3429 3183 3491 quod
3229 3443 3444 3502 semper

1854 3483 1995 3550 dico,
2024 3502 2146 3542 eum
2172 3492 2260 3560 qui
2290 3493 2680 3567 philosophiam
2710 3503 2886 3575 doca-t,
2915 3483 3127 3580 oportet
3156 3520 3328 3587 primo
3348 3483 3447 3595 per

1852 3576 2087 3646 seipsum
2116 3580 2218 3636 hoc
2245 3583 2442 3643 docere
2465 3629 2480 3655 ,
2516 3600 2570 3646 et
2595 3594 2930 3656 auditoribus
2951 3576 3074 3661 esse
3112 3576 3443 3673 desiderabi-

1851 3666 1976 3723 lem.

1923 3762 2189 3830 Quomodo
2239 3770 2404 3827 Graeci
2447 3775 2511 3829 de
2562 3779 2664 3846 ﬁde
2695 3793 2812 3837 sunt
2851 3787 3128 3846 imbuendi.
3151 3825 3222 3838 --
3250 3798 3429 3857 Simus

1851 3868 1978 3924 ergo
2005 3856 2411 3928 desiderabiles,
2459 3876 2514 3921 et
2554 3868 2864 3929 Graecorum
2909 3881 3062 3936 nobis
3109 3885 3435 3949 benevolen-

1852 3946 1976 4000 tiam
2008 3950 2358 4009 attrahamus.
2408 3958 2523 4014 Erit
2575 3970 2754 4018 autem
2794 3968 2925 4024 illud
2950 4012 2964 4034 ,
2999 3974 3041 4027 si
3071 3982 3239 4045 parati
3271 3984 3438 4043 simus

1849 4053 1955 4093 non
1998 4041 2171 4098 solum
2209 4045 2277 4100 ad
2320 4046 2461 4104 bene
2507 4050 2809 4111 faciendum
2835 4100 2850 4125 ,
2895 4063 2991 4118 sed
3019 4041 3178 4123 etiam
3210 4074 3276 4127 ad
3301 4079 3439 4134 male

1847 4129 2178 4199 patiendum.
2225 4137 2339 4192 Non
2372 4141 2616 4199 videmus
2644 4146 2906 4215 infantes,
2952 4160 3165 4226 quando
3190 4178 3218 4216 a
3247 4129 3438 4235 pareu:

1848 4221 1990 4276 tibus
2020 4228 2231 4294 gestati,
2258 4232 2529 4299 quomodo
2553 4235 2723 4308 plagis
2747 4221 3009 4309 portantis
3029 4263 3088 4303 se
3116 4221 3282 4322 genas

1849 4312 2057 4381 herent,
2090 4327 2144 4371 et
2172 4334 2330 4389 quam
2356 4322 2585 4381 libenter
2613 4332 2873 4386 concedat
2899 4347 3052 4404 pater
3078 4312 3188 4398 lilio
3218 4356 3274 4401 ut
3303 4312 3433 4406 iram

1848 4407 2058 4475 expleat
2080 4452 2093 4473 ,
2136 4422 2190 4465 et
2237 4416 2451 4484 quando
2478 4419 2621 4474 videt
2654 4423 2784 4478 iram
2816 4428 3151 4500 explevisse,
3186 4438 3432 4499 laztctur?

1845 4497 1918 4554 lta
1944 4510 1997 4556 et
2026 4518 2123 4558 nos
2160 4503 2437 4575 faciamus,
2469 4521 2524 4566 et
2560 4518 3009 4583 quemadmodum
3044 4497 3222 4594 patres
3259 4533 3424 4602 filios,

1843 4592 1924 4647 sic
1965 4593 2180 4653 Grrecos
2217 4600 2571 4671 alloquamur.
2617 4606 2852 4667 Infantes
2879 4592 3077 4687 quippe
3106 4632 3232 4678 sunt
3254 4592 3427 4685 Graeci

1842 4697 2031 4743 (mnes
2060 4706 2075 4743 :
2107 4692 2396 4760 etquidam
2438 4698 2579 4767 apud
2623 4701 2745 4756 illos
2793 4704 2910 4761 Ι]ωο
2950 4708 3234 4785 dixerunt,
3284 4725 3427 4789 quod

1841 4791 2055 4849 temper
2078 4783 2231 4851 pueri
2257 4784 2386 4852 sint,
2418 4798 2473 4842 et
2503 4791 2683 4847 nullus
2706 4794 2776 4848 sit
2805 4811 2971 4854 senex
2993 4783 3233 4862 Graecus.
3265 4783 3425 4869 P'ueri

1840 4880 2016 4927 autem
2047 4873 2113 4928 de
2143 4890 2201 4931 re
2231 4878 2347 4932 utili
2377 4881 2523 4935 nulla
2550 4896 2759 4940 curant.
2786 4888 2875 4944 Sic
2903 4895 3064 4950 etiam
3094 4897 3264 4955 Graeci
3291 4917 3405 4961 sem

1841 4977 1939 5033 per
1965 4966 2149 5023 ludere
2182 4970 2387 5039 volunt,
2442 4985 2494 5029 et
2521 4976 2666 5032 humi
2692 4980 2876 5050 jacent
2908 4994 2962 5041 et
2990 5002 3108 5058 qua:
3133 4990 3278 5050 humi
3300 5007 3427 5056 sunt

1838 5056 2106 5115 affectant.
2154 5059 2314 5117 Pueri
2340 5075 2520 5120 autem
2543 5083 2708 5139 sarpe,
2738 5086 2858 5128 cum
2890 5075 2959 5132 de
2985 5056 3144 5137 rebus
3174 5099 3423 5144 necessa-

1837 5150 1933 5206 riis
1978 5151 2260 5222 loquimur,
2293 5154 2556 5214 dictorum
2594 5162 2723 5218 nihil
2759 5166 3027 5237 sentiunt,
3070 5174 3166 5229 sed
3208 5191 3420 5251 semper

1838 5244 2033 5299 rident.
2090 5245 2167 5301 Ita
2205 5248 2364 5304 etiam
2393 5249 2587 5320 Graeci,
2626 5270 2747 5311 cum
2778 5257 2847 5315 de
2876 5276 3044 5334 regno
3067 5244 3384 5330 disserimus
3403 5317 3418 5340 ,

1837 5335 2013 5391 rident
2042 5354 2057 5392 :
2086 5349 2141 5393 et
2165 5339 2301 5396 sicut
2344 5357 2409 5398 ex
2458 5360 2551 5402 ore
2592 5350 2934 5416 parvulorum
2961 5371 3104 5428 saepe
3134 5361 3300 5419 multa
3327 5366 3419 5423 de-

1835 5429 2044 5485 cidente
2069 5431 2256 5500 saliva,
2274 5435 2426 5491 cibus
2446 5447 2501 5493 et
2526 5448 2681 5509 potus
2708 5443 3019 5515 inquinatur
3040 5468 3055 5506 :
3079 5452 3157 5508 sic
3177 5464 3232 5510 et
3258 5460 3418 5515 verba

1834 5536 1897 5576 ex
1928 5537 2026 5579 ore
2051 5522 2361 5583 Grtecorum
2400 5530 2645 5601 ﬂuentia,
2693 5552 2827 5595 vana
2852 5553 2977 5599 sunt
3003 5554 3057 5600 et
3087 5550 3329 5619 impura;
3362 5565 3417 5610 et

1832 5615 1879 5670 si
1914 5618 2271 5676 necessarium
2300 5622 2512 5681 dederis
2540 5629 2716 5686 cibum
2738 5672 2755 5699 ,
2784 5636 3085 5705 praebentes
3116 5615 3416 5705 maledictis

1834 5708 2107 5766 incessunt
2150 5722 2206 5769 ct
2251 5714 2378 5772 ferri
2414 5717 2630 5778 debent.
2670 5724 2828 5783 Pueri
2854 5744 3066 5803 quoque
3092 5749 3213 5791 cum
3244 5737 3412 5796 furem

1832 5805 2013 5863 vident
2058 5807 2387 5879 ingressnm,
2436 5820 2492 5870 et
2534 5830 2654 5888 qua:
2695 5819 2838 5878 intus
2888 5834 3013 5879 sunt
3058 5828 3409 5901 auferentem,
