3864 6360
380 443 486 480 non
519 427 678 480 modo
699 441 804 482 non
827 434 1034 490 arcent,
1064 427 1157 482 sed
1185 429 1346 483 etiam
1373 429 1671 484 insidiatori
1695 430 1963 486 arrident:

377 517 419 569 si
454 532 582 572 vero
609 517 958 574 calathiscum
985 527 1040 573 et
1067 520 1222 574 sistra
1253 519 1487 581 auferas,
1521 531 1611 576 aut
1640 522 1783 578 aliud
1814 523 1967 594 quid-

379 611 518 676 piam
551 611 834 676 ludicrum,
875 626 1016 682 aegre
1046 611 1256 681 puellus
1281 621 1337 667 et
1367 613 1582 684 indigne
1621 615 1755 680 fert,
1792 630 1852 669 se
1877 615 1963 670 di-

377 703 598 768 lacerat,
631 703 803 757 solum
836 703 1029 773 pulsat.
1058 701 1147 758 Sic
1168 713 1220 757 et
1243 702 1412 759 Graeci
1441 719 1670 775 quoque,
1692 703 1963 760 diabolum

377 793 621 849 videntes
654 794 831 850 omnia
861 803 1081 864 paterna
1112 794 1273 861 bona,
1305 810 1424 865 qua:
1449 793 1608 849 vitam
1634 804 1958 862 sustentant,

375 885 738 958 diripientem,
779 886 978 952 rident,
1018 894 1074 941 et
1118 895 1386 956 tamquam
1429 886 1495 940 ad
1521 887 1749 942 amicum
1779 903 1965 942 accur-

377 987 504 1033 runt
537 979 615 1034 :si
644 979 763 1050 quis
802 987 981 1034 autem
1007 978 1429 1050 possessionem,
1472 989 1563 1034 aut
1609 977 1823 1033 divitias
1872 987 1964 1033 aut

375 1071 578 1142 puerile
615 1070 886 1141 quidpiam
938 1069 1168 1134 auferat,
1213 1069 1598 1134 lamentantur,
1647 1084 1706 1124 se
1756 1068 1963 1124 discer-

375 1173 508 1230 punt
535 1180 548 1215 :
578 1177 641 1216 ac
671 1161 811 1217 sicut
838 1161 989 1232 pueri
1032 1162 1151 1216 sine
1185 1176 1349 1216 sensu
1379 1159 1667 1226 nudantur,
1710 1175 1808 1215 nec
1837 1173 1962 1217 eru-

374 1253 598 1308 bescunt
630 1270 646 1308 :
677 1253 748 1308 ita
772 1262 827 1309 et
858 1251 1030 1310 Grteci
1055 1267 1176 1309 cum
1205 1251 1400 1308 scortis
1427 1260 1480 1307 et
1515 1250 1772 1306 adulteris
1801 1251 1955 1305 volu-

1093 313 1148 369 S.
1189 313 1462 371 JOANNIS
1501 315 1977 372 CIIRYSOSTOMI
2015 319 2328 376 AltClllEP.
2359 320 2888 382 CONSTANTINOP.
3591 319 3660 375 ιο

2082 433 2212 498 tati,
2263 443 2466 490 natura:
2495 437 2639 508 leges
2671 438 2965 506 nudantes,
2995 449 3049 496 et
3082 441 3314 500 nefarios
3346 444 3663 503 indecentes

2079 527 2254 581 coitus
2274 569 2289 595 ,
2334 543 2438 582 non
2469 541 2873 587 convertuntur.
2902 534 3182 591 Plausistis
3211 537 3366 593 valde
3395 546 3449 594 et
3475 539 3664 594 lauda-

2071 617 2202 683 stis;
2257 619 2349 673 sed
2394 635 2516 674 eum
2564 623 2751 690 plausu
2789 625 3087 694 providete,
3123 643 3189 682 ne
3217 627 3284 683 de
3311 630 3465 685 vobis
3493 633 3660 687 etiam

2071 707 2187 764 haec
2222 709 2488 765 dicantur.
2541 713 2880 786 Quapmpter
2906 733 3092 772 omnes
3120 734 3252 786 rogo
3271 708 3297 786 ,i
3316 721 3413 774 viri
3442 729 3619 779 estote
3645 741 3660 778 :

2071 813 2192 852 nam
2222 801 2264 852 si
2292 816 2390 855 nos
2419 803 2571 872 pueri
2610 804 2776 861 simus
2799 848 2814 872 ,
2866 808 3133 877 quomodo
3170 810 3290 865 illos
3318 812 3665 869 instituemus

2070 898 2127 941 ut
2156 889 2250 942 viri
2281 891 2425 944 sint?
2467 895 2737 962 quomodo
2763 897 2831 951 ab
2863 897 3090 952 infantili
3123 899 3427 968 insipientia
3450 905 3662 960 arcebi-

2069 992 2188 1032 mus
2218 978 2383 1035 illos?
2410 981 2592 1037 Simus
2621 1001 2749 1053 ergo
2778 986 2900 1052 viri,
2931 996 2987 1041 ut
3008 989 3384 1058 perveniamus
3413 994 3479 1048 ad
3509 1010 3666 1050 men-

2069 1088 2247 1130 suram
2278 1078 2450 1133 aetatis
2479 1095 2508 1133 a
2537 1078 2756 1136 Christo
2789 1081 3063 1138 deﬁnitam
3101 1094 3155 1141 et
3181 1085 3355 1142 futura
3387 1089 3661 1160 adipisca«

2066 1183 2187 1224 mur
2213 1168 2370 1236 bona,
2404 1171 2574 1243 gratia
2601 1182 2656 1228 et
2683 1173 3031 1246 benignitate,
3060 1186 3168 1232 etc.

414 1382 3646 1413 MM

1768 1439 2111 1504 HOMILIA
2157 1440 2232 1501 V.

369 1597 495 1649 the.
540 1596 592 1648 l.
632 1608 684 1647 v.
723 1590 816 1648 26.
870 1587 1044 1643 Videte
1065 1588 1198 1642 enim
1226 1585 1538 1640 vocationem
1565 1593 1801 1651 uestram,
1853 1587 1961 1654 fra-

440 1698 560 1748 tres,
610 1684 731 1755 quia
777 1698 877 1735 non
923 1680 1072 1733 multi
1115 1679 1367 1750 sapientes
1411 1675 1686 1730 secundum
1730 1691 1955 1741 carnem,

441 1797 540 1834 non
569 1778 716 1833 multi
742 1786 997 1849 potentes,
1046 1789 1146 1826 non
1177 1771 1324 1825 multi
1353 1770 1542 1824 nobiles
1567 1784 1585 1823 :
1610 1769 1700 1823 27.
1734 1767 1823 1822 sed
1846 1781 1960 1836 qua:

437 1873 592 1926 stulta
628 1880 744 1925 sunt
801 1867 1001 1931 mundi,
1046 1865 1192 1935 elegit
1240 1862 1401 1928 Deus,
1453 1871 1508 1915 ut
1555 1858 1834 1930 confundat
1875 1874 1959 1912 sa-

436 1973 664 2109 iie'gfta
693 2050 939 2115 dixisset,
989 2046 1042 2102 id
1072 2045 1214 2118 quod
1247 2045 1470 2101 stultum
1499 2051 1583 2098 est
1611 2040 1710 2097 Dei
1745 2040 1958 2111 sapien-

367 2149 473 2203 tius
510 2160 631 2201 esse
673 2141 999 2207 hominibus,
1033 2138 1269 2194 ostendit
1307 2137 1592 2192 humanam
1637 2133 1956 2205 sapientiam

369 2243 632 2310 abiectam
667 2237 853 2300 fuisse,
883 2245 938 2290 et
961 2251 1024 2288 ex
1053 2230 1362 2288 testimonio
1387 2229 1788 2298 Scripturarum
1809 2235 1865 2281 et
1889 2241 1954 2281 ex

365 2349 547 2394 rerum
599 2339 834 2386 eventu:
877 2343 942 2382 ex
983 2323 1312 2389 testimonio,
1355 2337 1479 2378 cum
1523 2321 1652 2374 dicit
1685 2337 1699 2374 ε
1732 2317 1956 2373 Perdant

363 2423 666 2498 sapientiam
693 2419 998 2490 sapientium
1036 2433 1055 2471 :
1094 2431 1161 2471 ex
1185 2419 1404 2478 eventu,
1453 2427 1546 2482 per
1571 2409 1954 2480 interrogatio-

365 2531 486 2572 nem
534 2515 758 2583 loquens
801 2525 865 2574 ac
911 2508 1144 2564 dicens:
1191 2504 1290 2561 Ubi
1338 2502 1582 2574 sapiens?
1626 2502 1711 2556 ubi
1749 2499 1956 2554 scriba?

367 2610 593 2664 Rursum
619 2601 856 2659 ostendit
875 2615 989 2656 rem
1014 2615 1120 2654 non
1145 2611 1267 2653 esse
1296 2609 1511 2662 novam,
1534 2592 1627 2648 sed
1657 2591 1949 2661 antiquam,

364 2708 423 2754 nt
445 2714 563 2769 qua:
586 2694 702 2767 jam
725 2693 852 2748 olim
883 2689 1038 2745 fuerit
1063 2687 1394 2758 pra-ﬁgurata
1416 2695 1466 2740 et
1500 2683 1774 2754 prtedicta.
1807 2682 1948 2738 Scri-

364 2801 506 2861 ptum
532 2797 603 2843 est
637 2784 791 2849 enim,
827 2780 1018 2852 inquit,
1051 2779 1275 2834 Perdant
1294 2775 1597 2844 sapientiam
1618 2773 1946 2845 sapientium.

360 2881 495 2937 Cum
520 2879 604 2935 bis
623 2874 875 2941 ostendit,
906 2875 1020 2928 luec
1051 2871 1250 2925 utiliter
1273 2878 1326 2924 et
1350 2866 1568 2938 provide
1588 2866 1725 2923 facta
1752 2865 1947 2922 fuisse:

365 2974 490 3044 quia
519 2969 662 3027 enim
688 2969 740 3023 in
769 2964 1027 3041 sapientia
1059 2963 1172 3029 Dei,
1199 2961 1390 3030 inquit,
1419 2975 1524 3015 non
1552 2957 1951 3015 novitmundus

364 3066 555 3127 Deum,
574 3060 771 3132 placuit
801 3058 910 3113 Deo
933 3071 1026 3126 per
1047 3053 1325 3110 stultitiam
1357 3051 1751 3122 praedicationis
1773 3051 1950 3106 salvos

360 3157 540 3212 facere
568 3151 854 3209 credentes
888 3157 987 3206 :et
1017 3145 1156 3216 quod
1181 3159 1320 3200 crux
1351 3143 1422 3198 sit
1442 3143 1727 3199 ineffabilia
1762 3150 1947 3211 poten-

364 3249 449 3302 ti:e
479 3253 534 3300 et
560 3241 836 3312 sapientize
866 3247 1259 3308 argumentum,
1317 3243 1372 3291 et
1411 3235 1554 3305 quod
1581 3234 1748 3290 multo
1777 3233 1948 3302 majus

362 3343 431 3393 sit
457 3336 508 3392 id
538 3333 680 3404 quod
712 3332 930 3388 stultum
962 3337 1045 3384 est
1070 3328 1184 3392 Dei,
1212 3341 1371 3398 quam
1407 3326 1638 3381 humana
1665 3325 1945 3394 sapientia.

361 3433 430 3487 Et
461 3435 561 3486 hoc
582 3441 793 3483 rursum
819 3440 924 3480 non
957 3437 1049 3492 per
1072 3420 1342 3487 doctores,
1367 3419 1461 3475 sed
1487 3419 1648 3474 etiam
1672 3433 1766 3488 per
1788 3417 1948 3472 disci-

363 3527 519 3598 pulos
556 3520 828 3577 ostendit:
874 3517 1046 3573 Videte
1085 3513 1254 3579 enim,
1295 3513 1486 3584 inquit,
1522 3512 1831 3566 vocationem
1861 3525 1945 3563 ve-

360 3633 536 3674 stram.
587 3614 701 3670 Non
748 3609 908 3667 modo
957 3607 1100 3664 enim
1136 3606 1386 3662 doctores
1417 3603 1628 3668 idiotas,
1659 3601 1756 3657 sed
1784 3600 1945 3656 etiam

363 3708 653 3778 discipulos
684 3705 812 3759 tales
843 3700 1003 3770 elegit
1031 3717 1043 3753 :
1072 3696 1193 3754 Non
1221 3699 1348 3752 enim
1378 3696 1522 3750 multi
1545 3694 1816 3765 sapientes,
1857 3692 1944 3748 iu-

362 3805 497 3875 quit,
525 3798 802 3856 secundant
828 3809 1052 3850 carnem.
1081 3791 1170 3848 Sic
1191 3789 1488 3847 ostenditur
1510 3787 1613 3844 hoc
1637 3797 1694 3844 et
1719 3786 1946 3842 validius

361 3906 416 3952 et
444 3892 759 3964 sapientius,
791 3903 914 3951 cum
961 3895 1017 3943 et
1045 3885 1229 3941 multis
1256 3881 1580 3953 persuaserit
1603 3890 1658 3936 et
1685 3879 1944 3950 insipien-

364 3989 503 4044 tibus
531 3980 878 4056 persuaserit.
931 3978 1064 4034 Nam
1103 3974 1472 4032 difﬁcillimum
1501 3981 1586 4028 est
1614 3971 1793 4028 idiota:
1815 3985 1944 4042 per-

361 4081 607 4144 strodere,
639 4076 870 4131 maxime
896 4088 1018 4128 cum
1043 4071 1111 4127 de
1141 4070 1302 4124 rebus
1321 4067 1639 4122 necessariis
1658 4076 1711 4122 et
1740 4065 1944 4136 magnis

362 4189 541 4229 sermo
564 4183 666 4227 est.
703 4169 948 4224 Attamen
972 4171 1379 4237 persuaserunt;
1407 4169 1463 4217 et
1491 4161 1650 4231 hujus
1677 4161 1753 4215 rei
1781 4169 1944 4215 testes

360 4274 515 4321 vocat
545 4263 664 4319 illos
695 4283 711 4318 ε
745 4276 867 4316 nam
896 4259 990 4323 ait,
1023 4256 1199 4311 Videte
1224 4254 1535 4309 vocationem
1563 4263 1796 4318 vestram,
1830 4253 1942 4321 fra-

363 4372 483 4424 tres,
523 4355 881 4415 considerate,
919 4347 1251 4406 Scrutamini.
1305 4345 1437 4401 Nam
1485 4346 1625 4416 quod
1664 4344 1840 4400 idiota:
1891 4353 1944 4399 et

363 4450 533 4522 ignari
557 4449 803 4518 dogmata
831 4445 964 4498 adeo
993 4440 1250 4511 sapientia
1279 4439 1623 4509 omniumque
1661 4436 1944 4508 sapientis-

364 4544 500 4602 sima
530 4537 897 4610 susceperint,
935 4533 985 4588 id
1017 4547 1222 4602 magna:
1246 4530 1485 4586 doctoris
1541 4530 1816 4600 sapientiai
1857 4539 1940 4584 te-

364 4636 671 4694 stimonium
696 4643 798 4689 est.
823 4627 959 4697 Quid
989 4627 1086 4680 sibi
1115 4626 1226 4681 vult
1259 4636 1438 4680 autem
1464 4624 1617 4691 illud,
1652 4624 1943 4679 Secundum

364 4725 604 4780 carnem?
650 4723 708 4780 Si
754 4727 1034 4792 spectetur
1081 4715 1132 4771 id
1165 4716 1303 4786 quod
1329 4723 1569 4786 apparet,
1616 4723 1676 4769 et
1710 4729 1943 4784 praesens

365 4821 470 4874 vita
509 4825 671 4886 atque
693 4823 917 4870 externa
944 4809 1225 4866 institutio.
1261 4809 1460 4864 Deinde
1487 4823 1555 4862 ne
1579 4807 1817 4863 videatur
1845 4807 1942 4861 sibi

363 4911 464 4981 ipsi
493 4904 765 4963 adversari
807 4906 969 4974 (nam
998 4899 1300 4971 proconsuli
1333 4898 1594 4969 persuasit
1628 4908 1680 4952 et
1710 4897 1944 4968 Areopa-

364 5004 486 5074 gitae
519 5013 620 5055 nec
652 5012 755 5052 non
788 4994 1002 5065 Apollo,
1029 4992 1272 5061 aliosque
1303 4992 1546 5046 videmus
1572 4989 1841 5059 sapientes
1877 4990 1942 5044 ad

362 5087 803 5158 praedicationem
851 5083 1221 5155 accessisse);
1274 5098 1377 5138 non
1423 5082 1575 5147 dixit,
1628 5081 1810 5135 Nullus
1859 5097 1944 5136 sa-

365 5183 545 5252 piens;
591 5177 709 5244 sed,
740 5175 865 5232 Non
911 5176 1057 5230 mutti
1097 5176 1365 5246 sapientes.
1399 5173 1512 5229 Non
1544 5176 1685 5230 enim
1719 5190 1782 5230 ex
1811 5189 1943 5228 con-

365 5275 550 5330 stituto
591 5271 834 5327 indoctos
877 5271 1119 5334 vocabat,
1161 5278 1216 5323 et
1265 5269 1536 5338 sapientes
1583 5268 1941 5339 relinquebat;

365 5367 457 5422 sed
502 5366 601 5426 hos
639 5365 800 5421 etiam
849 5363 1197 5424 admittebat,
1229 5371 1283 5416 at
1317 5362 1472 5431 longe
1499 5364 1678 5432 plures
1707 5362 1939 5419 illorum.

363 5458 575 5528 Quare?
594 5459 726 5526 Quia
749 5457 838 5527 qui
867 5455 1080 5524 sapiens
1103 5469 1161 5510 e:
1214 5454 1500 5509 «icundum
1518 5469 1755 5520 carnem,
1778 5457 1944 5511 multa

366 5554 556 5623 plenus
596 5561 678 5605 est
714 5547 1018 5617 insipientia
1048 5565 1059 5598 :
1091 5558 1138 5603 et
1189 5546 1275 5602 hic
1312 5547 1544 5602 maxime
1593 5549 1784 5601 stultus
1825 5559 1902 5604 est
1927 5591 1942 5613 ,

366 5645 579 5714 quando
617 5654 920 5712 corruptam
960 5639 1258 5694 doctrinam
1301 5638 1495 5706 ejicere
1544 5655 1646 5694 non
1693 5639 1826 5693 vult.
1871 5643 1947 5695 Ac

366 5734 808 5803 quemadmodum
842 5729 1048 5786 medico
1075 5741 1242 5784 artem
1285 5748 1434 5788 suam
1469 5733 1662 5786 docere
1695 5733 1941 5798 volente,

370 5827 460 5897 qui
496 5841 663 5898 pauca
707 5823 885 5879 sciunt
925 5832 980 5880 et
1021 5826 1158 5882 male
1204 5825 1581 5894 contrariaque
1615 5823 1778 5880 modo
1828 5832 1944 5877 arte

2076 1590 2319 1646 utuntur,
2369 1591 2532 1653 atque
2577 1599 2695 1639 eam
2723 1585 2957 1644 retinere
2981 1590 3333 1656 contendunt,
3366 1606 3472 1650 non
3500 1593 3662 1652 facile

2069 1672 2407 1745 disciplinam
2433 1673 2782 1742 admiserint;
2807 1678 2898 1748 qui
2929 1695 3058 1735 vero
3089 1680 3218 1736 nihil
3259 1683 3469 1750 sciunt,
3498 1685 3662 1742 facile

2069 1764 2208 1820 dicta
2249 1765 2547 1836 suscipiunt
2591 1785 2604 1820 :
2653 1769 2732 1824 sic
2759 1781 2815 1825 et
2843 1770 2941 1826 hac
2967 1771 3020 1826 in
3047 1788 3108 1828 re
3131 1772 3325 1830 factum
3352 1785 3467 1842 est;
3499 1778 3662 1834 indo-

2068 1857 2139 1912 cti
2169 1857 2336 1927 magis
2375 1859 2611 1923 persuasi
2657 1869 2782 1915 sunt
2817 1880 2828 1914 :
2858 1877 3120 1918 summam
3157 1865 3302 1920 enim
3339 1883 3444 1922 non
3486 1867 3662 1925 babe-

2069 1948 2197 2003 bant
2239 1949 2621 2020 arrogantiam,
2666 1966 2786 2006 cum
2823 1963 2940 2007 ‘non
2982 1963 3231 2024 putarent
3275 1972 3334 2013 se
3378 1958 3660 2029 sapientes

2067 2056 2207 2098 esse.
2243 2042 2322 2097 Illi
2356 2059 2546 2114 nempe
2575 2045 2806 2101 maxime
2849 2047 2999 2102 stulti
3039 2058 3198 2114 sunt,
3235 2050 3325 2120 qui
3357 2052 3661 2109 ratiociniis

2068 2133 2159 2188 illa
2181 2135 2515 2204 permittunt,
2542 2152 2662 2206 qua:
2689 2153 2793 2193 non
2818 2149 3044 2210 possunt
3073 2143 3176 2196 nisi
3207 2159 3302 2212 per
3322 2143 3480 2200 ﬁdem
3502 2145 3660 2204 inve-

2067 2227 2190 2282 niri.
2214 2227 2492 2296 Quomodo
2508 2230 2652 2285 enim
2670 2231 2736 2295 si,
2755 2247 2876 2286 cum
2902 2232 3052 2289 faber
3065 2237 3287 2293 aerarius
3308 2238 3509 2308 forcipe
3534 2255 3662 2296 can-

2070 2315 2200 2373 dens
2230 2316 2428 2372 ferrum
2451 2318 2718 2386 extrahat,
2743 2319 2845 2376 iste
2870 2337 3029 2378 manu
3058 2325 3107 2378 id
3135 2325 3312 2382 facere
3337 2321 3655 2396 contendat.

2065 2407 2215 2464 illum
2261 2420 2518 2464 extremae
2559 2409 2934 2468 damnabimus
2958 2416 3207 2471 amentia:
3242 2435 3256 2472 :
3286 2419 3354 2472 ita
3395 2421 3656 2490 ctphilo-

2063 2499 2238 2566 sophi,
2287 2499 2378 2571 qui
2421 2516 2515 2571 per
2552 2515 2612 2557 se
2655 2501 2769 2558 haec
2807 2502 3049 2560 invenire
3085 2509 3260 2561 conati
3303 2519 3447 2576 sunt,
3489 2511 3658 2568 ﬁdem

2065 2591 2264 2662 probro
2313 2592 2628 2649 aﬁecerunt.
2677 2594 2801 2650 ideo
2846 2595 2975 2651 nihil
3006 2611 3194 2664 eorum
3225 2615 3345 2670 quae
3375 2604 3660 2673 perquire¢

2061 2683 2188 2739 bant
2231 2685 2728 2741 invenerunt..Non
2752 2687 2897 2740 multi
2928 2697 3174 2758 potentes,
3198 2707 3306 2745 non
3331 2694 3478 2748 multi
3506 2695 3658 2749 nobi-

2061 2779 2152 2834 les.
2184 2778 2314 2834 Nam
2342 2787 2398 2834 et
2437 2779 2490 2834 hi
2522 2779 2656 2834 fastu
2694 2781 2838 2849 pleni
2881 2792 3026 2836 sunt.
3073 2779 3214 2838 Nihil
3240 2795 3419 2841 autem
3456 2787 3521 2842 ad
3553 2774 3658 2845 Dei

2060 2873 2421 2944 cognitionem
2449 2873 2529 2928 sic
2558 2871 2748 2928 inutile
2787 2885 2870 2930 est
2891 2915 2907 2940 ,
2933 2884 2994 2930 ut
3031 2877 3334 2946 arrogantia
3361 2887 3417 2933 et
3439 2879 3658 2935 divitia-

2060 2978 2178 3017 rum
2205 2977 2376 3017 amor.
2407 2962 2662 3019 Efﬁciunt
2705 2964 2848 3021 enim
2894 2965 3004 3031 illa,
3048 2974 3108 3020 ut
3147 2969 3428 3037 pmsentia
3475 2971 3658 3028 admi-

2057 3066 2242 3113 rentur
2269 3067 2322 3114 et
2361 3057 2660 3113 futurorum
2708 3057 2907 3113 nullam
2958 3060 3224 3116 rationem
3275 3062 3552 3119 habeant:
3595 3075 3656 3120 et

2051 3162 2304 3205 curarum
2344 3149 2684 3206 multitudine
2709 3163 2870 3206 aures
2895 3150 3200 3212 obstruunt.
3231 3154 3337 3210 Sed
3355 3173 3470 3228 quae
3490 3159 3654 3214 stulta

2055 3249 2170 3292 sunt
2204 3239 2400 3304 mundi,
2437 3239 2587 3311 elegit
2612 3237 2772 3295 Deus.
2796 3239 2950 3310 Quod
2976 3241 3271 3298 maximum
3292 3253 3378 3300 est
3403 3246 3648 3304 victoria:

2054 3331 2284 3400 signum,
2309 3346 2430 3386 cum
2459 3347 2555 3402 per
2584 3331 2830 3388 indoctos
2860 3334 3050 3391 vincit.

2123 3421 2177 3476 2.
2211 3421 2325 3476 Νοη
2361 3423 2504 3477 enim
2535 3432 2683 3478 tanto
2711 3423 2917 3494 pudore
2943 3425 3248 3483 afﬁciuntur
3262 3427 3650 3502 Grteci,quan-

2053 3510 2124 3567 do
2152 3526 2246 3581 per
2279 3512 2550 3582 sapientes
2589 3525 2914 3582 superantur
2945 3532 2958 3569 :
2992 3517 3086 3572 sed
3123 3527 3249 3574 tunc
3285 3522 3517 3578 maxime
3546 3541 3650 3594 pu-

2053 3603 2142 3658 det
2183 3603 2325 3667 illos,
2371 3619 2492 3657 cum
2539 3603 2772 3660 viderint
2815 3605 3076 3662 artificem
3124 3618 3178 3665 et
3219 3608 3486 3667 forensem
3520 3615 3645 3684 plus

2051 3710 2208 3766 quam
2252 3696 2370 3750 illos
2410 3694 2902 3767 philosOphantem.
2956 3699 3083 3755 Ideo
3131 3702 3245 3771 ipse
3289 3704 3520 3772 dicebat,
3572 3708 3646 3764 Ut

2051 3786 2328 3856 confundat
2368 3787 2637 3857 sapientes.
2680 3787 2862 3859 Neque
2893 3789 2979 3846 hic
3007 3792 3180 3846 solum
3207 3794 3336 3850 illud
3365 3797 3508 3863 fecit,
3542 3801 3643 3856 sed

2050 3877 2209 3932 etiam
2255 3877 2308 3932 in
2335 3877 2455 3934 aliis
2482 3877 2602 3933 vitae
2634 3880 2951 3935 commodis.
2995 3882 3198 3938 Etenim
3227 3887 3434 3955 inﬁrma
3463 3894 3644 3947 mundi

2049 3967 2218 4039 elegit,
2250 3968 2436 4039 inquit,
2464 3978 2519 4022 ut
2552 3968 2830 4039 confundat
2859 3971 3033 4041 fortia.
3073 3973 3190 4029 Non
3216 3979 3358 4032 enim
3393 3979 3643 4039 indoctos

2049 4061 2244 4124 solum,
2292 4061 2385 4116 sed
2431 4061 2592 4115 etiam
2623 4077 2909 4132 pauperes,
2940 4066 3094 4134 viles,
3125 4067 3366 4138 abjectos
3392 4077 3638 4142 vocavit,

2051 4160 2108 4204 nt
2137 4153 2187 4204 in
2219 4150 2454 4220 potentia
2479 4151 2798 4216 constitutos
2830 4155 3158 4214 humiliaret.
3185 4159 3275 4217 28.
3307 4161 3374 4218 Et
3395 4164 3642 4234 ignobilia

2047 4243 2224 4296 mundi
2249 4253 2292 4296 et
2317 4244 2729 4314 contemptibilia,
2765 4255 2812 4300 et
2837 4263 2896 4301 ea
2922 4265 3036 4319 qua:
3061 4267 3161 4305 non
3181 4263 3321 4316 sunt,
3361 4265 3416 4308 ut
3440 4273 3499 4310 ea
3517 4275 3639 4326 qua:

2048 4344 2188 4389 erant
2227 4334 2525 4390 destrueret.
2559 4337 2626 4391 Et
2650 4353 2893 4408 quamam
2933 4353 3126 4410 vocat,
3165 4361 3284 4414 qua:
3331 4362 3435 4403 non
3473 4353 3637 4405 sunt?

2051 4427 2179 4493 Eos,
2213 4428 2301 4499 qui
2332 4428 2462 4483 nihil
2490 4443 2608 4484 esse
2640 4439 2912 4500 putantur,
2943 4435 3088 4504 quod
3119 4436 3171 4491 in
3202 4438 3348 4493 nullo
3375 4440 3483 4495 sint
3513 4457 3638 4511 pre-

2048 4521 2142 4575 tio.
2179 4520 2250 4574 Ita
2297 4536 2541 4591 magnam
2584 4522 2822 4578 ostendit
2857 4526 3172 4594 potentiam,
3221 4545 3341 4585 cum
3389 4546 3484 4601 per
3511 4549 3633 4599 eos,

2047 4614 2137 4684 qui
2190 4613 2317 4668 nihil
2366 4615 2616 4670 videntur
2664 4630 2804 4681 esse,
2853 4633 3075 4690 magnos
3123 4621 3303 4693 dejicit
3349 4625 3444 4680 :id
3485 4630 3634 4696 quod

2047 4713 2204 4767 etiam
2238 4714 2362 4768 alibi
2401 4714 2531 4769 dicit
2561 4734 2572 4768 :
2608 4715 2780 4771 Virtus
2806 4735 2918 4774 mea
2957 4721 3008 4775 in
3037 4722 3333 4793 inﬁrmitate
3363 4726 3634 4796 perﬁcitur

2049 4806 2128 4875 (2.
2159 4806 2274 4860 Cor.
2308 4807 2392 4862 12.
2421 4807 2496 4880 9).
2531 4809 2628 4865 Est
2666 4812 2807 4865 enim
2849 4828 3038 4883 magna
3084 4817 3337 4886 potentia,
3370 4819 3633 4889 abjectOS,

2049 4897 2141 4967 qui
2192 4899 2388 4953 nullam
2425 4916 2675 4971 umquam
2703 4903 3038 4974 disciplinam
3066 4909 3371 4980 attigerant,
3411 4924 3638 4982 repente

2051 4991 2120 5046 de
2159 4991 2246 5058 iis,
2287 5008 2405 5061 qure
2450 5009 2610 5063 supra
2647 4996 2809 5050 caelos
2831 5008 2975 5065 sunt,
3017 4999 3214 5058 docere
3242 5001 3632 5074 philosophari.

2049 5084 2180 5140 Nam
2209 5097 2261 5140 et
2287 5085 2547 5140 medicum
2590 5096 2644 5141 et
2679 5098 2947 5145 oratorem
2991 5101 3046 5146 et
3093 5093 3228 5148 alios
3275 5111 3464 5151 omnes
3507 5107 3635 5153 tunc

2049 5177 2282 5232 maxime
2321 5177 2610 5242 miramur,
2675 5193 2799 5232 cum
2849 5181 3090 5238 indoctos
3139 5184 3424 5242 admodum
3479 5187 3638 5245 insti-

2051 5279 2203 5325 tuunt
2239 5279 2295 5324 et
2331 5269 2601 5322 erudiunt.
2649 5269 2706 5324 Si
2749 5287 2875 5327 vero
2917 5287 3164 5344 magnum
3211 5278 3522 5334 miraculum
3550 5289 3636 5336 est

2050 5363 2179 5418 artis
2204 5361 2440 5416 rationes
2467 5363 2695 5419 indoctis
2726 5365 3036 5434 inculcare;
3069 5370 3238 5424 multo
3268 5373 3436 5443 magis
3470 5381 3634 5430 tanta:

2051 5453 2406 5525 philosophiae
2466 5457 2721 5512 rationes.
2795 5457 2911 5513 Non
2968 5474 3064 5531 pro
3113 5463 3374 5518 miraculo
3426 5473 3633 5521 tantum

2051 5543 2280 5611 edendo,
2330 5561 2504 5616 neque
2552 5560 2610 5603 ut
2646 5553 2940 5620 potentiam
2993 5567 3142 5607 suam
3193 5556 3518 5623 ostenderet,
3578 5558 3631 5613 id

2053 5637 2194 5701 fecit,
2242 5635 2334 5692 sed
2375 5636 2536 5690 etiam
2571 5649 2629 5694 ut
2663 5652 2977 5711 arrogantes
3021 5646 3358 5714 reprimeret.
3401 5644 3632 5717 Ideoque

2050 5734 2206 5781 antea
2238 5726 2464 5794 dicebat,
2486 5728 2555 5784 Ut
2584 5733 2863 5804 confundat
2889 5737 3158 5802 sapientes,
3179 5747 3233 5789 ut
3257 5755 3314 5792 ea
3343 5753 3456 5806 qum
3481 5748 3630 5794 erant

2053 5821 2332 5877 destrueret
2352 5836 2370 5887 ;
2388 5834 2444 5884 et
2470 5823 2558 5880 hic
2583 5841 2769 5885 rursus
2798 5845 2813 5882 :
2839 5827 2932 5886 29.
2970 5826 3037 5886 Ut
3069 5845 3168 5883 non
3195 5829 3442 5901 glorietur
3465 5829 3633 5886 omnis
