3864 6216
337 339 400 399 ιι
1071 331 1130 386 S.
1170 331 1454 388 JOANNIS
1491 327 1990 386 (IIIIHSUS'I‘UMI
2030 328 2349 389 ARCHIEP.
2395 332 2949 394 CONSTANTINOP.
3549 337 3622 400 £2

339 453 698 517 καὶιὲνταῦθα
729 451 888 505 πάλιν
909 469 922 480 ·
959 450 1158 516 Ὅπως
1183 451 1268 519 μὴ
1321 451 1704 520 καυχήσηται
1753 447 1922 505 πᾶσα

334 541 496 611 σὰρξ
518 537 776 593 ἐνώπιον
790 535 896 590 τοῦ
919 533 1086 588 Θεοῦ.
1117 535 1302 588 Πάντα
1327 534 1436 606 γὰρ
1460 537 1488 588 6
1513 535 1646 598 Θεὸς
1663 534 1749 588 διὰ
1765 533 1924 587 τοῦτο

336 629 504 686 ποιεῖζ
530 623 640 697 [ἵνα
666 623 755 676 τὸν
787 619 956 689 τῦφον
977 620 1072 672 καὶ
1089 619 1148 672 τὸ
1177 620 1433 690 φρόνημα
1453 618 1807 690 καταστείλῃ,
1836 618 1924 670 ῖνα

336 707 732 779 τὸικαυχᾶσθαι
758 705 960 775 καθέλῃ
986 719 998 730 ·
1025 703 1118 756 καὶ
1167 704 1326 772 ὑμεῖς
1369 699 1462 755 ἐπὶ
1521 703 1719 772 τούτῳ,
1769 699 1923 771 φησὶ,

337 793 736 866 ἐνδιατρίϐετε;
769 791 944 843 πάντα
975 785 1166 856 ποιεῖ,]
1205 787 1293 838 ἵνα
1334 787 1502 858 μηδὲν
1549 787 1762 848 ἑαυτοῖς
1789 785 1931 852 λογι-

337 878 581 950 ζώμεθα,
610 877 696 930 ἵνα
725 875 902 927 πάντα
931 871 1010 942 τῷ
1044 871 1164 940 Θεῷ
1191 871 1613 942 ἐπιγράψωμεν.
1639 871 1752 924 Καὶ
1773 871 1930 940 ὑμεῖς

339 965 427 1017 ἐπὶ
479 961 558 1031 τῷ
605 959 736 1013 δεῖνι
772 957 866 1010 καὶ
905 955 984 1025 τῷ
1035 955 1168 1008 δεῖνι
1219 956 1362 1026 ὑμᾶς
1401 955 1598 1019 αὑτοὺς
1645 953 1930 1024 προσενεί-

333 1063 520 1118 ματε;
555 1044 665 1097 Καὶ
715 1041 876 1103 ποίας
937 1037 1194 1103 τεύξεσθε
1253 1038 1628 1110 συγγνώμης;
1658 1039 1768 1092 Καὶ
1821 1037 1930 1105 γὰρ

340 1131 542 1196 ἔδειξεν
569 1129 598 1182 6
623 1126 778 1190 Θεὸς,
808 1125 890 1178 ὅτι
931 1124 993 1176 οὑ
1040 1123 1268 1177 δυνατὸν
1318 1122 1385 1177 δι’
1434 1123 1642 1178 ἑαυτῶν
1693 1121 1928 1192 σωθῆναι

331 1217 526 1286 μόνον,
560 1212 654 1265 καὶ⁸
684 1208 844 1262 τοῦτο
875 1207 1028 1278 παρὰ
1051 1205 1149 1278 τὴν
1189 1207 1364 1278 ἀρχὴν
1398 1207 1675 1278 ἐποίησεν.
1713 1207 1787 1259 Οὑ
1821 1205 1929 1274 γὰρ

337 1301 460 1352 τότε
475 1297 542 1350 δι’
564 1293 772 1349 ἑαυτῶν
805 1291 1042 1362 σωθῆναι
1069 1291 1218 1361 ἐνῆν,
1249 1291 1366 1344 ἀλλ’
1403 1291 1510 1344 ἔδει
1539 1290 1736 1351 κάλλος
1763 1289 1929 1358 οὐρα-

337 1383 431 1436 νοῦ
465 1381 560 1434 καὶ
585 1379 692 1448 γῆς
720 1376 947 1448 μέγεθος
981 1375 1072 1428 καὶ
1099 1376 1201 1445 τῆς
1224 1375 1390 1446 ἄλλης
1415 1374 1642 1436 κτίσεως
1679 1374 1741 1426 τὸ
1769 1371 1928 1442 σῶμα

341 1465 764 1540 περιελθόντας,
800 1461 946 1514 οὕτω
992 1459 1457 1530 χειραγωγεῖσθαι
1494 1459 1634 1530 πρὸς
1679 1458 1774 1510 τὸν
1819 1456 1931 1510 τῶν

340 1553 518 1624 ἔργων
551 1545 904 1619 δημιουργόν.
945 1544 1199 1613 Ἐποίησε
1229 1543 1285 1596 δὲ
1326 1544 1518 1604 τοῦτο,
1561 1541 1928 1624 προαναστέλ-

339 1623 446 1688 λων
467 1634 566 1704 τὴν
599 1629 899 1702 μέλλουσαν
929 1627 1272 1696 οίησισοφίαν
1305 1639 1354 1677 ι.
1400 1625 1487 1689 Ὡς
1510 1625 1576 1704 ἀν
1606 1624 1760 1686 εἴτις
1783 1623 1930 1676 διδά-

343 1701 539 1779 σκαλος
579 1711 846 1774 κελεύσας
894 1710 1126 1764 ἕπεσθαι
1158 1709 1236 1781 τῷ
1275 1709 1490 1780 μαθητῇ
1521 1701 1666 1782 ᾗπερ
1693 1707 1759 1761 ἂν
1797 1707 1932 1777 ἡγῇ-

339 1819 450 1864 ται,
480 1798 700 1854 ἐπειδὰν
723 1797 807 1868 ἴδῃ
837 1795 1186 1868 προλαόόντα
1221 1795 1315 1848 καὶ
1344 1793 1669 1863 βουλόμενον
1690 1792 1780 1860 ἀφ’
1806 1792 1932 1843 ἑαυ-

340 1887 434 1940 τοῦ
463 1886 640 1939 πάντα
672 1881 886 1953 μαθεῖν,
911 1879 1070 1950 ἀφεὶς
1089 1879 1414 1949 διαμαρτεῖν
1437 1916 1450 1941 ,
1494 1877 1588 1930 καὶ
1635 1875 1814 1942 δείξας
1858 1873 1932 1938 ὡς

341 1972 443 2024 οὑκ
467 1970 628 2040 ἀρκεῖ
657 1964 794 2035 πρὸς
823 1964 922 2034 τὴν
949 1963 1205 2034 μάθησιν,
1233 1962 1408 2025 οὕτως
1434 1960 1584 2031 αὑτῷ
1611 1959 1731 2013 τότε
1751 1961 1933 2011 ἐπεισ-

345 2056 468 2121 ἀγοι
489 2051 555 2104 τὰ
589 2049 716 2118 παρ’
735 2045 929 2100 ἑαυτοῦ
953 2063 968 2077 '
1000 2045 1144 2098 οὑτω
1163 2046 1258 2099 καὶ
1280 2047 1308 2098 ό
1331 2044 1465 2107 Θεὸς
1497 2043 1752 2096 ἐκέλευσε
1779 2041 1933 2111 παρὰ

345 2139 444 2210 τὴν
475 2135 648 2208 ἀρχὴν
670 2131 898 2186 ἕπεσθαι
932 2129 1022 2184 διὰ
1049 2129 1150 2200 τῆς
1181 2129 1322 2183 κατά
1352 2129 1454 2199 τὴν
1485 2127 1665 2182 κτίσιν
1695 2126 1933 2210 καταλή-

344 2209 492 2293 ψεως
518 2237 532 2252 ο
559 2218 748 2289 ἐπειδὴ
779 2216 836 2268 δὲ
861 2216 962 2269 οὑκ
993 2213 1279 2285 ἐθέλησαν,
1325 2212 1508 2278 δείξας
1539 2212 1629 2264 διὰ
1663 2211 1760 2281 τῆς
1799 2209 1934 2262 πεί-

351 2325 471 2380 ρας,
501 2307 582 2360 ὅτι
612 2304 712 2356 οὑκ
739 2299 1002 2372 ἀρκοῦσιν
1028 2300 1262 2364 ἑαυτοῖς,
1284 2299 1404 2352 τότε
1430 2296 1630 2360 αὐτοὺς
1657 2295 1793 2366 πρὸς
1817 2296 1936 2348 ἑαυ-

347 2394 440 2445 τὸν
485 2391 688 2458 ἑτέρως
722 2387 886 2440 πάλιν
933 2384 1086 2454 ἄγεν
1120 2383 1320 2436 ἔδωκεν
1351 2383 1472 2436 ἀντὶ
1497 2381 1684 2433 δέλτου
1713 2381 1804 2432 τὸν
1840 2381 1933 2432 κό-

353 2492 508 2546 σμον.
531 2470 664 2525 Οὑδέ
694 2472 751 2522 ἐν
769 2468 982 2532 τούτοις
1013 2467 1352 2539 ἐμελέτησαν
1396 2467 1445 2518 οί
1479 2464 1782 2534 φιλόσοφοι,
1813 2463 1936 2517 οὑδέ

349 2555 498 2627 αὑτῷ
541 2553 832 2620 πεισθῆναι
869 2551 1165 2623 ἠθέλησαν,
1207 2550 1328 2603 οὐδὲ
1358 2548 1561 2618 ταύτην
1615 2547 1790 2600 ἐλθεῖν
1835 2547 1936 2617 τὴν

350 2641 469 2694 ὁδὸν
521 2638 658 2710 πρὸς
707 2635 907 2700 αὑτὸν,
957 2635 1024 2705 ἣν
1063 2633 1229 2696 αὑτὸς
1277 2632 1584 2685 ἐκέλευσεν.
1629 2630 1938 2702 Είσήγαγεν

353 2725 548 2794 ἑτέραν
569 2721 684 2774 ὁδὸν
708 2719 808 2790 τῆς
839 2719 1004 2789 προτέ
1015 2735 1113 2788 ρας
1145 2715 1510 2786 σαφεστέραν,
1537 2712 1833 2767 πείθουσαν
1856 2715 1938 2768 ὅτι

353 2809 453 2860 οὐκ
487 2805 770 2876 αὐτάρκης
815 2801 1104 2872 ἄνθρωπος
1159 2801 1322 2864 αὐτὸς
1367 2800 1547 2871 ἐαυτῷ
1589 2801 1769 2871 μόνος.
1803 2799 1940 2853 Τότε

357 2892 458 2960 μὲν
492 2893 600 2959 γὰρ
633 2888 728 2940 καὶ
756 2885 1050 2954 λογισμοὺς
1077 2880 1146 2955 ἦν
1179 2885 1478 2951 ἀνακινεῖν,
1509 2884 1603 2936 καὶ
1639 2886 1704 2954 τῇ
1740 2881 1940 2947 ἔξωθεν

355 2971 658 3044 κεχρῆσθαι
678 2969 842 3039 σοφία
869 2967 957 3020 διὰ
984 2969 1083 3034 τῆς
1110 2969 1344 3030 κτίσεως
1369 2966 1934 3037 χειραγωγουμένους’

352 3055 448 3108 νῦν
474 3055 534 3107 δὲ
567 3053 632 3106 ἂν
676 3053 751 3122 μή
793 3067 876 3114 τις
902 3051 1128 3119 γένηται
1161 3049 1364 3120 μωρὸς,
1397 3049 1700 3114 τουτέστιν,
1739 3049 1806 3103 ἂν
1863 3049 1938 3120 μὴ

353 3139 532 3192 πάντα
577 3134 839 3204 λογισμὸν
883 3134 976 3186 καὶ
1022 3137 1204 3186 πᾶσαν
1256 3133 1472 3204 κενώσῃ
1505 3134 1718 3202 σοφίαν,
1753 3133 1848 3186 καὶ
1873 3135 1942 3204 τῇ

356 3222 536 3274 πίστει
570 3219 765 3272 ἑαυτὸν
801 3215 1048 3288 παραδῷ,
1096 3217 1382 3286 ἀμήχανον
1423 3215 1683 3287 σωθῆναι.
1744 3215 1820 3268 Οὐ
1855 3234 1944 3284 μι-

357 3305 491 3376 κρὸν
522 3303 703 3356 τοίνυν
741 3301 882 3371 μετά
909 3300 1004 3352 τοῦ
1043 3299 1270 3370 ποιῆσαι
1301 3299 1491 3370 ῥᾳδίαν
1531 3300 1632 3371 τὴν
1669 3299 1808 3364 ὁδὸν,
1850 3300 1944 3353 καὶ

356 3389 572 3458 νόσημα
598 3385 907 3438 ἀνέσπασεν
938 3382 1211 3447 ἐντεῦθεν,
1253 3383 1316 3435 τὸ
1356 3384 1428 3454 μὴ
1461 3383 1770 3454 καυχᾶσθαι
1808 3385 1945 3455 μηδὲ

357 3471 506 3542 μέγα
537 3471 758 3540 φρονεῖν
777 3484 792 3499 °
819 3467 1019 3531 Ὅπως
1042 3465 1129 3535 μὴ
1151 3467 1536 3536 καυχήσηται
1563 3465 1730 3522 πᾶσα
1764 3468 1942 3536 σάρξ.

373 3555 504 3608 ’Λπὸ
530 3555 640 3622 γὰρ
663 3551 856 3604 τούτου
889 3551 922 3620 ή
951 3547 1217 3620 ἁμαρτία,
1261 3550 1344 3602 ὅτι
1375 3549 1678 3621 σοφώτεροι
1711 3551 1818 3604 τῶν
1849 3552 1944 3604 τοῦ

355 3636 498 3692 Θεοῦ
522 3637 704 3704 νόμων
733 3631 874 3686 εἶναι
918 3631 1368 3702 ἐφιλονείκησαν,
1422 3635 1482 3686 οὑ
1515 3633 1758 3698 θέλοντες
1803 3634 1948 3687 οὑτω

362 3721 557 3792 μαθεῖν
583 3719 659 3782 ὡς
690 3718 852 3781 αὑτὸς
881 3716 1264 3786 ἐνομοθέτησε.
1315 3716 1414 3771 Διά
1459 3717 1618 3771 τοῦτο
1645 3719 1764 3772 οὑδὲ
1807 3719 1946 3782 ὅλως

361 3803 586 3876 ἔμαθον.
611 3800 768 3856 Οὕτω
793 3803 888 3854 καὶ
917 3799 976 3864 ἐξ
1009 3801 1183 3870 ἀρχῆς
1213 3800 1451 3869 ἐγένετο.
1482 3798 1618 3854 Είπε
1649 3801 1728 3872 τῷ
1749 3802 1940 3874 Ἀδάμ’

361 3887 495 3942 Τόδε
540 3903 596 3940 τι
645 3884 873 3956 πρᾶξον,
925 3883 1018 3936 καὶ⁸
1042 3883 1164 3936 τόδε
1201 3884 1276 3954 μὴ
1321 3885 1556 3959 πράξῃς.
1607 3886 1840 3950 Ἐκεῖνος
1869 3886 1946 3950 ώς

363 3971 526 4026 πλέον
559 3987 608 4022 τι
651 3967 890 4039 νομίζων
940 3967 1238 4038 εὑρίσκειν,
1281 3970 1620 4040 παρήκουσε,
1659 3970 1754 4024 καὶ
1805 3971 1945 4043 ὅπερ

363 4053 528 4128 εἶχεν,
559 4051 862 4108 ἀπώλεσεν.
889 4046 1028 4104 Εῐπε
1055 4054 1166 4116 τοῖς
1190 4051 1336 4123 ἑξῆς
1367 4052 1462 4123 Μὴ
1487 4053 1852 4123 ἐναπομένετε
1877 4055 1942 4126 τῇ

365 4139 562 4202 κτίσει,
603 4135 742 4189 ἀλλὰ
771 4133 860 4188 διὰ
909 4133 1117 4199 ταύτης
1161 4134 1252 4188 τὸν
1283 4135 1629 4206 Δημιουργὸν
1665 4135 1942 4208 θεωρεῖτε.

377 4222 608 4275 Ἐκεῖνοι
636 4219 816 4289 δῆθεν,
853 4219 928 4281 ώς
963 4217 1272 4289 σοφώτερόν
1307 4236 1361 4271 τι
1385 4218 1494 4271 τῶν
1523 4219 1830 4290 είρημένων
1857 4220 1948 4272 εὑ-

365 4305 671 4378 ρίσκοντες,
705 4301 933 4372 μυρίους
960 4301 1220 4371 ἐκίνησαν
1243 4301 1620 4372 λαϐυρίνθους.
1664 4301 1763 4354 Διὰ
1789 4302 1948 4355 τοῦτο

365 4389 460 4442 καὶ
492 4388 706 4450 ἑαυτοῖς
756 4385 854 4440 καὶ
899 4384 1152 4456 ἀλλήλοις
1192 4385 1630 4458 συνερράγησαν,
1688 4387 1782 4438 καὶ
1823 4384 1946 4438 οὗτε

362 4473 453 4524 τὸν
468 4471 600 4524 Θεὸν
627 4463 950 4540 εὗρον,οῦτε
982 4469 1112 4539 περὶ
1137 4469 1238 4539 τῆς
1263 4470 1492 4532 κτίσεώς
1509 4486 1561 4522 τι
1579 4468 1748 4538 σαφὲς
1779 4467 1948 4538 ἔγνω-

368 4571 484 4616 σαν,
519 4554 638 4606 οὑδέ
667 4555 1054 4623 προσήκουσαν
1087 4554 1184 4606 καὶ
1217 4551 1394 4623 ἀληθῆ
1423 4553 1553 4623 περὶ
1589 4552 1760 4622 αὐτῆς
1787 4552 1948 4618 δόξαν

367 4637 546 4706 ἔσχον.
574 4637 670 4688 Διά
695 4635 852 4688 τοῦτο
887 4635 1050 4688 πάλιν
1091 4636 1158 4687 ἐκ
1183 4634 1380 4687 πολλοῦ
1407 4635 1502 4687 τοῦ
1537 4636 1820 4706 περιόντος
1847 4635 1948 4707 τὴν

367 4721 543 4790 οἴησιν
567 4719 746 4772 αὑτῶν
773 4719 1073 4787 καθαιρῶν,
1123 4719 1252 4782 τοὺς
1299 4719 1514 4781 ἰδιώτας
1549 4718 1799 4788 πρώτους
1836 4721 1947 4774 είσ-

368 4805 568 4874 ήγαγε,
603 4802 780 4864 δείξας
804 4801 880 4864 ὡς
908 4803 1107 4864 πάντες
1134 4802 1232 4871 τῆς
1259 4801 1467 4856 ἀνωθεν
1493 4801 1704 4854 δέονται
1732 4803 1944 4872 σοφίας.

370 4888 446 4940 υὺ
481 4887 637 4958 μόνον
665 4885 722 4938 δὲ
739 4885 798 4938 ὲν
825 4883 902 4954 τῷ
943 4885 1070 4956 περὶ
1090 4884 1345 4952 γνώσεως
1367 4885 1531 4956 λόγῳ,
1561 4883 1696 4938 ἀλλὰ
1723 4886 1948 4951 καὶτοῖς

368 4972 551 5034 ἄλλοις
583 4970 756 5025 ἅπασι
787 4971 880 5020 καὶ
899 4969 1220 5040 ἀνθρώπους
1248 4968 1363 5042 [56]
1389 4971 1482 5024 καὶ
1508 4971 1576 5024 τά
1613 4969 1750 5023 ἄλλα
1770 4972 1950 5026 πάντα

369 5057 646 5124 κτίσματα
667 5055 724 5108 ἐν
755 5051 924 5124 πολλῇ
949 5051 1111 5122 χρείᾳ
1134 5051 1299 5106 αὑτοῦ
1337 5054 1694 5125 κατέστησεν,
1730 5054 1816 5108 ἵνα
1845 5072 1947 5126 με·

376 5139 561 5208 γίστην
605 5135 862 5207 ἀφορμὴν
917 5135 1018 5208 ἑχῃ
1045 5135 1142 5189 καὶ
1169 5135 1376 5206 ταύτην
1422 5137 1704 5209 ὑποταγῆς
1742 5141 1837 5192 καὶ
1871 5141 1951 5192 οἰ-

370 5221 644 5284 κειώσεως
671 5259 688 5284 ,
739 5219 828 5274 ἵνα
884 5219 958 5290 μὴ
999 5219 1428 5291 ἀποπηδήσαντα
1474 5223 1744 5294 ἀπόληται
1773 5224 1821 5278 δ.
1851 5223 1950 5279 Διά

370 5307 526 5360 τοῦτο
551 5305 650 5357 οὑκ
695 5303 908 5374 ἀφῆκεν
953 5303 1255 5372 αὐτάρκεις
1292 5305 1492 5369 αὐτοὺς
1539 5307 1748 5370 ἑαυτοῖς
1787 5303 1946 5364 εἶναι.

371 5391 435 5444 El
464 5388 573 5461 γὰρ
601 5387 696 5442 καὶ
721 5386 816 5440 νῦν
837 5388 895 5440 ἐν
925 5387 1084 5460 χρείᾳ
1103 5388 1256 5451 ὅντες
1292 5389 1477 5443 πολλοὶ
1497 5393 1948 5464 καταφρονοῦσιν,

370 5476 422 5528 εἰ
451 5473 527 5544 μὴ
549 5469 708 5526 τοῦτο
727 5465 818 5544 ἦν,
849 5467 953 5524 ποῦ
976 5471 1078 5524 οὑκ
1100 5469 1166 5524 ἂν
1189 5469 1410 5541 ἐξῆλθον
1435 5472 1736 5546 ὑπεροψίας
1756 5494 1771 5543 ;
1789 5477 1952 5532 ’Ὥστε

369 5557 434 5612 τὸ
467 5555 610 5612 οὑτω
643 5553 955 5626 καυχᾶσθαι
994 5553 1056 5606 οὐ
1107 5553 1319 5623 φθονῶν
1349 5555 1535 5622 αὐτοῖς
1575 5559 1806 5625 ἀνεῖλεν,
1835 5560 1950 5615 ἀλλ’

371 5640 624 5710 ἀφέλκων
647 5639 846 5701 αὑτοὺς
873 5637 973 5707 τῆς
1001 5636 1276 5702 ἀπωλείας
1317 5639 1418 5710 τῆς
1455 5641 1708 5696 ἐντεῦθεν
1731 5646 1952 5715 γινομέ-

371 5741 491 5795 νης.
540 5721 640 5785 Ἐξ
669 5719 855 5776 αὑτοῦ
893 5717 962 5774 δὲ
985 5719 1155 5790 ὑμεῖς
1183 5723 1324 5776 ἐστε
1360 5724 1429 5776 ἐν
1461 5725 1694 5793 Χριστῷ
1734 5729 1948 5795 Ἰησοῦ,

373 5809 441 5876 ὃς
467 5806 721 5878 ἐγενήθη
747 5803 891 5874 ἡμῖν
920 5805 1106 5875 σοφία
1127 5806 1242 5860 ἀπὸ
1267 5807 1437 5873 Θεοῦ,
1467 5809 1564 5862 καὶ
1587 5809 1950 5880 δικαιοσύνη

371 5997 404 6048 ἅ
435 5930 734 6044 {tegebatur
757 5931 913 5990 οἴησιν
954 5933 1034 5981 καὶ
1066 5931 1250 5995 σοφίαν.
1319 5937 1346 5976 b
1373 5933 1578 5985 Αοειναιιι
1601 5935 1726 5996 lucc,
1749 5939 1949 5988 ῖνα......

407 6015 468 6048 πο
497 6011 624 6048 ηται.

407 6011 624 6056 ποληται.

2027 449 2122 502 καὶ
2154 449 2448 520 ἁγιασμὸς
2479 455 2579 508 καί
2619 455 3059 522 ἀπολύτρωσις.
3097 453 3172 518 Τὸ
3202 493 3220 520 ,
3273 453 3376 519 Ἐξ
3404 457 3616 520 αὐτοῦς

2028 533 2264 590 ἐνταῦθα
2295 535 2358 589 οὑ
2393 539 2648 609 περὶτῆς
2688 541 2768 602 εἰς
2803 539 2866 591 τὸ
2897 533 3039 592 εἶναι
3083 539 3432 610 παραγωγῆς
3463 536 3616 610 οἶμαι

2031 617 2212 684 λέγειν
2235 621 2418 686 αὑτὸν,
2444 621 2582 675 ἀλλὰ
2603 640 2669 675 πε
2679 623 2732 694 pl
2753 621 2853 692 τῆς
2879 622 3114 684 πίστεως
3133 639 3147 652 ·
3165 623 3436 689 τουτέστι,
3455 624 3621 678 τέκνα

2027 701 2163 755 Θεοῦ
2195 704 2450 771 γενέσθαι
2499 705 2600 758 οὑκ
2647 705 2707 770 ἐξ
2742 705 3012 775 αἱμάτων,
3047 705 3169 758 οὑδὲ
3212 707 3275 758 ἐκ
3313 706 3620 778 θελήματος

2029 787 2253 857 σαρκός.
2297 788 2388 860 Μὴ
2419 789 2681 860 νομίσητε
2717 791 2920 850 τοίνυν,
2967 791 3050 843 ὅτι
3101 790 3436 861 ἀφελόμενος
3475 795 3624 863 ἡμᾶς

2027 868 2122 922 τοῦ
2177 873 2556 942 καυχήματος.
2596 874 2781 926 εἰάσεν
2809 871 2986 926 οὕτωσ
3053 875 3241 944 μεῖζον
3278 875 3388 946 γὰρ
3437 875 3622 946 ἕτερον

2029 951 2198 1006 ἔδωκε
2233 954 2512 1026 καύχημα.
2546 956 2787 1009 Ἐκείνου
2813 957 2923 1028 γὰρ
2953 956 3184 1010 ἐνώπιον
3215 959 3274 1010 οὑ
3299 958 3380 1009 δεῖ
3409 959 3620 1030 καυχᾶ-

2031 1035 2176 1090 σθαι.
2203 1038 2397 1102 Παῖδες
2417 1039 2582 1092 αὑτοῦ
2612 1043 2756 1104 ἐστε,
2790 1041 2880 1094 διὰ
2903 1041 2997 1094 τοῦ
3023 1041 3264 1112 Χριστοῦ
3295 1041 3454 1094 τοῦτο
3469 1043 3618 1110 γενό-

2034 1137 2204 1190 μενοι.
2233 1123 2342 1175 Καὶ
2363 1123 2552 1194 ἐπειδὴ
2584 1121 2727 1186 εἶπε,
2751 1125 2826 1178 Τὰ
2841 1126 3008 1195 μωρὰ
3027 1126 3133 1180 τοῦ
3157 1125 3393 1196 κόσμου
3417 1126 3622 1190 ἐξελέ-

2032 1203 2177 1268 ξατο
2205 1205 2398 1260 καὶτὰ
2425 1207 2650 1277 ἀγεννῆ
2660 1249 2674 1270 ,
2704 1208 2978 1264 δείκνυσιν
3011 1211 3092 1264 ὅτι
3121 1209 3338 1263 πάντων
3363 1210 3502 1262 είσὶν
3533 1211 3622 1262 εὑ-

2035 1289 2366 1358 γενέστεροι,
2398 1290 2488 1342 τὸν
2527 1291 2658 1345 Θεὸν
2692 1291 2910 1362 ἔχοντες
2946 1293 3178 1364 πατέρα.
3217 1292 3331 1362 Τῆς
3373 1292 3433 1344 δὲ
3461 1293 3620 1360 εὐγε-

2032 1371 2178 1434 νείας
2201 1373 2404 1442 ταύτης
2443 1374 2540 1443 οὐχ
2567 1376 2594 1426 ό
2619 1374 2766 1427 δεῖνα
2800 1377 2894 1428 καὶ
2921 1377 2947 1429 6
2971 1375 3143 1440 δεῖνα,
3176 1375 3292 1429 ἀλλ’
3321 1376 3349 1426 ὁ
3383 1377 3622 1446 Χριστὸς

2031 1458 2168 1526 ἡμῖν
2197 1459 2346 1509 ἐστιν
2373 1457 2568 1522 αἴτιος,
2596 1459 2795 1527 σοφοὺς
2821 1461 2971 1530 ἡμᾶς
2993 1461 3226 1528 ποιήσας
3255 1459 3354 1515 καὶ
3379 1459 3622 1524 δικαίους

2033 1540 2125 1593 καὶ
2157 1541 2348 1609 ἁγίους
2369 1558 2382 1571 ·
2429 1541 2589 1594 τοῦτο
2627 1541 2736 1614 γάρ
2771 1543 2922 1597 ἐστιν
2947 1559 2960 1574 ⁸
2995 1542 3289 1614 Ἐγενήθη
3343 1543 3488 1614 ἡμῖν
3519 1559 3624 1599 σο-

2029 1626 2158 1693 salu.

2101 1715 2169 1776 γ’.
2203 1709 2299 1773 Τίς
2330 1705 2422 1763 οὖν
2445 1709 2600 1781 ἡμῶν
2631 1709 2936 1783 σοφώτερος
2980 1710 3090 1765 τῶν
3116 1712 3176 1764 οὑ
3210 1711 3309 1784 τὴν
3337 1711 3622 1776 Πλάτωνος

2031 1795 2266 1864 ἑχόντων
2304 1795 2495 1864 σοφίαν
2516 1837 2530 1859 ,
2565 1795 2679 1848 ἀλλ’
2710 1797 2872 1850 αὑτὸν
2905 1796 2998 1849 τὸν
3037 1797 3293 1867 Χριστὸν,
3335 1798 3497 1850 τοῦτο
3525 1797 3622 1850 τοῦ

2031 1877 2167 1930 Θεοῦ
2207 1877 2601 1950 βουληθέντος;
2637 1879 2702 1931 Τί
2737 1879 2795 1932 δέ
2843 1881 3011 1942 ἐστιν,
3051 1879 3195 1934 Ἀπὸ
3233 1881 3426 1945 Θεοῦ;
3453 1881 3624 1934 Ὅταν

2037 1961 2248 2032 μεγάλα
2279 1962 2410 2036 εἴπῃ
2454 1963 2581 2033 περὶ
2621 1961 2715 2016 τοῦ
2759 1962 3122 2032 Μονογενοῦς,
3163 1963 3283 2016 τότε
3315 1966 3625 2036 προσάπτει

2033 2047 2124 2100 τὸν
2165 2046 2412 2118 Πατέρα,
2454 2047 2540 2119 ἵνα
2573 2047 2648 2116 μὴ
2687 2047 2887 2118 νομίσῃ
2915 2065 2999 2110 τις
3026 2049 3322 2119 ἀγέννητον
3353 2043 3495 2102 εἶναι
3535 2049 3625 2102 τὸν

2035 2129 2184 2182 Υἰόν.
2226 2129 2442 2199 Ἐπειδὴ
2467 2118 2559 2182 οἶν
2579 2125 2754 2196 εἶπεν,
2777 2131 2859 2184 ὅτι
2892 2129 3129 2184 τοσαῦτα
3155 2118 3342 2202 ἴσχυσε
3362 2173 3378 2198 ,
3421 2133 3516 2184 καὶ
3565 2133 3628 2184 τὸ

2036 2216 2143 2268 πᾶν
2176 2214 2410 2286 ἀνέθηκε
2441 2214 2520 2285 τῷ
2541 2213 2678 2285 Υἱῷ,
2713 2215 2906 2284 σοφίαν
2927 2215 3092 2268 αὑτὸν
3120 2215 3294 2284 λέγων
3314 2217 3448 2286 ἡμῖν
3471 2233 3626 2284 γεγε-

2035 2299 2232 2370 νῆσθαι
2260 2299 2356 2352 καὶ
2384 2297 2737 2368 δικαιοσύνην
2765 2299 2858 2352 καὶ
2891 2300 3162 2370 ἀγιασμὸν
3193 2301 3286 2353 καί
3311 2299 3628 2370 ἀπολύτρω-

2039 2401 2141 2437 σιν.
2170 2383 2271 2437 Διὰ
2295 2383 2386 2436 τοῦ
2427 2383 2559 2436 Υίοῦ
2590 2383 2756 2436 πάλιν
2784 2382 2846 2435 τὸ
2884 2385 2992 2436 πᾶν
3028 2383 3302 2447 ἀνατιθεὶς
3335 2383 3413 2454 τῷ
3453 2382 3628 2454 Πατρὶ

2038 2465 2228 2522 εἶπεν·
2291 2467 2425 2520 Ἀπὸ
2476 2467 2645 2522 Θεοῦ,
2681 2465 2780 2520 Διὰ
2808 2465 2948 2519 τίδὲ
3001 2465 3076 2538 μὴ
3127 2462 3303 2531 εἶπεν,
3345 2467 3628 2536 Ἐσόφισεν

2040 2553 2208 2624 ἡμᾶς,
2245 2551 2380 2616 ἀλλ’,
2421 2549 2708 2620 Ἐγεγὴθη
2748 2549 2893 2620 ἡμῖν
2919 2551 3142 2620 σοφία;
3175 2551 3248 2603 Τὸ
3279 2549 3504 2620 δαψιλὲς
3541 2551 3624 2602 ἑν-

2039 2635 2388 2703 δεικνύμενος
2417 2635 2518 2704 τῆς
2557 2635 2802 2706 δωρεᾶς·
2837 2634 2914 2698 ὡς
2953 2635 3018 2689 ἂν
3049 2639 3096 2688 εἰ
3131 2635 3320 2703 ἔλεγεν
3345 2652 3360 2666 ·
3403 2635 3626 2689 Ἑαυτὸν

2042 2719 2172 2790 ἡμῖν
2200 2717 2386 2771 ἔδωκε.
2421 2719 2532 2776 Καὶ
2559 2718 2658 2790 ὅρα
2707 2719 2824 2783 πῶς
2867 2719 2971 2790 ὁδῷ
3014 2720 3318 2790 προϐαίνει.
3357 2721 3628 2792 Πρότερον

2040 2804 2148 2874 γὰρ
2183 2803 2328 2872 ἡμᾶς
2370 2803 2567 2870 σοφοὺς
2601 2801 2858 2872 ἐποίησεν
2898 2803 3217 2870 ἀπαλλάξας
3249 2804 3350 2874 τῆς
3397 2803 3627 2874 πλάνης,

2043 2889 2138 2940 καὶ
2157 2887 2278 2939 τότε
2317 2886 2558 2948 δικαίους
2597 2885 2692 2938 καὶ
2721 2886 2930 2955 ἁγίους,
2962 2885 3022 2940 τὸ
3069 2879 3294 2958 Πνεῦμα
3325 2889 3629 2958 χαρισάμε-

2042 2989 2152 3034 νος,
2175 2973 2269 3025 καὶ
2292 2971 2465 3034 οὕτως
2487 2969 2798 3040 ἀπήλλαξεν
2830 2972 2977 3041 ἡμᾶς
3001 2971 3257 3025 ἁπάντων
3283 2971 3394 3026 τῶν
3421 2973 3629 3038 κακῶν,

2041 3057 2184 3110 ὥστε
2211 3055 2376 3108 αὑτοῦ
2417 3050 2580 3107 εἶναι.
2611 3053 2722 3108 Καὶ
2760 3053 2822 3107 οὑ
2865 3055 2968 3125 τῆς
3005 3055 3314 3120 οὑσιώσεως
3353 3055 3516 3109 τοῦτο
3541 3057 3632 3129 δη-

2043 3141 2293 3204 λωτικὸν,
2332 3137 2467 3192 ἀλλὰ
2493 3139 2592 3208 τῆς
2613 3138 2851 3202 πίστεως
2888 3149 2934 3194 ο.
2971 3137 3231 3210 Ἀλλαχοῦ
3271 3139 3372 3211 μὲν
3403 3135 3500 3194 οῦν
3531 3159 3634 3212 φη-

2045 3239 2151 3286 σιν,
2187 3223 2268 3276 ὅτι
2305 3223 2465 3292 ἡμεῖς
2499 3219 2801 3290 ἐγενόμεθα
2843 3219 3159 3294 δικαιοσύνη
3195 3225 3254 3275 ὲν
3281 3223 3454 3294 αὐτῷ,
3494 3223 3634 3278 οὕτω

2043 3305 2246 3374 λέγων’
2285 3305 2394 3359 Τὸν
2428 3302 2514 3373 μὴ
2551 3306 2774 3372 γνόντα
2815 3305 3130 3373 ἁμαρτίαν,
3162 3307 3460 3376 ἁμαρτίαν
3485 3309 3632 3378 ὑπὲρ

2045 3387 2216 3459 ἡμῶν
2237 3389 2551 3455 ἐποίησεν,
2599 3388 2700 3440 ἵνα
2743 3387 2914 3456 ἡμεῖς
2943 3387 3242 3458 γενώμεθα
3266 3387 3630 3459 δικαιοσύνη

2049 3473 2196 3528 Θεοῦ
2231 3473 2300 3525 ἐν·
2325 3471 2517 3536 αὐτῷ·
2547 3470 2642 3524 νῦν
2671 3470 2725 3522 δὲ
2757 3471 2920 3524 αὑτόν
2951 3489 3084 3541 φησι
3113 3471 3466 3543 δικαιοσύνην
3501 3475 3630 3546 ἡμῖν

2045 3555 2397 3628 γεγενῆσθαι,
2423 3553 2564 3608 ὥστε
2591 3553 2768 3620 ἔξεστι
2792 3553 2870 3624 τῷ
2895 3553 3208 3626 βουλομένῳ
3249 3555 3506 3626 μετέχειν
3538 3557 3632 3609 δα-

2044 3639 2236 3708 ψιλῶς.
2279 3639 2354 3692 Οὑ
2382 3638 2491 3707 γὰρ
2525 3637 2553 3690 ὁ
2579 3637 2724 3690 δεῖνα
2757 3637 2955 3706 σοφοὺς
3001 3637 3224 3707 ἐποίησε
3281 3637 3375 3690 καὶ
3404 3641 3433 3691 ό
3463 3639 3628 3706 δεῖνα,

2047 3722 2161 3778 ἀλλ’
2184 3724 2212 3775 ὁ
2245 3721 2498 3794 Χριστός.
2547 3721 2605 3774 'O
2633 3719 2810 3773 τοίνυν
2837 3719 3210 3792 καυχώμενος,
3232 3721 3289 3772 ἐν
3326 3721 3480 3792 αὐτῷ
3501 3739 3630 3775 καυ-

2046 3805 2252 3878 χάσθω,
2292 3805 2366 3876 μὴ
2397 3805 2454 3856 ἐν
2481 3803 2559 3874 τῷ
2579 3801 2711 3857 δεῖνι
2746 3805 2838 3857 καὶ
2872 3802 2948 3873 τῷ
2977 3803 3140 3856 δεῖνιο
3181 3803 3334 3875 παρὰ
3359 3803 3459 3857 τοῦ
3493 3805 3628 3875 Χρι-

2049 3888 2176 3942 στοῦ
2209 3888 2429 3956 γέγονεν
2457 3885 2692 3940 ἅπαντα,
2725 3885 2816 3938 Διὸ
2845 3885 3038 3947 εἰπὼν,
3077 3887 3174 3952 Ὃς
3207 3887 3463 3954 ἐγενήθη
3489 3887 3630 3956 ἡμῖν

2046 3972 2231 4040 σοφία
2269 3971 2368 4023 καὶ
2397 3969 2752 4036 δικαιοσύνη
2799 3969 2899 4022 καὶ
2933 3969 3227 4040 ἁγιασμὸς
3269 3969 3370 4024 καὶ
3404 3971 3626 4024 ἀπολύ-

2046 4069 2283 4123 τρωσις,
2307 4055 2581 4124 ἐπήγαγεν
2602 4069 2616 4080 ·
2643 4053 2787 4118 Ἵνα,
2813 4052 3006 4120 καθὼς
3029 4051 3366 4122 γέγραπται,
3403 4054 3466 4106 '0
3487 4071 3626 4107 καυ-

2045 4138 2330 4208 χώμενος,
2352 4137 2420 4190 ἐν
2449 4137 2640 4204 Κυρίῳ
2667 4135 3012 4203 καυχάσθω.
3047 4137 3145 4189 Διὰ
3187 4135 3347 4190 τοῦτο
3373 4140 3470 4191 καὶ
3497 4156 3624 4207 σφο-

2045 4222 2188 4292 δρῶς
2209 4219 2514 4291 κατηνέχθη
2551 4221 2692 4274 κατά
2716 4220 2813 4289 τῆς
2835 4219 2942 4271 τῶν
2968 4217 3082 4291 [57]
3118 4219 3384 4290 Ἑλλήνων
3415 4223 3622 4290 σοφίας,

2049 4305 2134 4360 ἵνα
2156 4305 2330 4372 τούτῳ
2365 4304 2513 4373 αὑτῴ
2540 4301 2566 4341 ἀ
2600 4303 2766 4375 πείσῃ
2796 4303 2923 4364 τοὺς
2951 4301 3297 4374 ἀνθρώπους,
3327 4303 3516 4376 ὥσπερ
3535 4301 3622 4357 οῦν

2047 4389 2143 4444 καὶ
2165 4387 2280 4440 ἑστι
2316 4387 2545 4450 δίκαιον,
2569 4387 2626 4438 ἐν
2654 4385 2772 4456 Θεῴ
2796 4386 3128 4455 καυχᾶσθαι.
3161 4386 3329 4440 Ὅταν
3357 4388 3467 4458 γὰρ
3499 4389 3624 4457 παρ’

2049 4471 2258 4526 ἑαυτῶν
2291 4469 2358 4523 τὰ
2383 4471 2523 4541 ὑπὲρ
2547 4469 2773 4532 ἑαυτοὺς
2801 4469 3074 4540 ζητῶμεν,
3114 4469 3266 4522 οὐδὲν
3293 4471 3620 4542 μωρότερον,

2047 4555 2198 4608 οὐδὲν
2237 4552 2625 4624 ἀσθενέστερον
2649 4553 2806 4623 ἡμῶν
2836 4552 3066 4620 γίνεται.
3105 4551 3356 4605 Γλῶτταν
3389 4553 3488 4623 μέν
3521 4553 3624 4625 γὰρ

2049 4638 2193 4710 ἔχειν
2217 4638 2385 4708 ήκονη
2396 4635 2584 4707 μένην,
2611 4633 2854 4700 δυνατὸν,
2889 4635 3137 4707 δόγματα
3159 4636 3216 4690 δὲ
3241 4637 3456 4708 ἰσχυρὰ,
3483 4637 3623 4708 ἀμή-

2049 4738 2212 4793 χανον
2231 4737 2243 4752 ·
2273 4719 2409 4774 ἀλλά
2432 4722 2545 4782 τοῖς
2575 4718 2683 4772 τῶν
2717 4718 2992 4789 ἀραχνίων
3022 4719 3342 4788 ὑφάσμασιν
3388 4721 3624 4773 ἐοίκασιν

2048 4805 2099 4860 οί
2134 4805 2387 4874 λογισμοὶ
2413 4803 2536 4857 καθ’
2571 4804 2799 4866 ἑαυτοὺς
2827 4803 3002 4865 ὄντες.
3033 4803 3126 4866 Εἰς
3152 4803 3310 4856 τοῦτο
3347 4803 3458 4876 γάρ
3487 4820 3625 4866 τινες

2050 4889 2374 4960 παρήλασαν
2408 4885 2642 4956 μανίας,
2687 4884 2762 4948 ὡς
2812 4884 2979 4956 μηδὲν
3019 4885 3220 4956 ἀληθὲς
3265 4881 3408 4940 εἶναι
3451 4885 3626 4956 λέγειν

2049 4972 2156 5025 τῶν
2189 4971 2382 5035 ὄντων,
2411 4967 2546 5024 ἀλλά
2581 4970 2760 5021 πάντα
2795 4967 3014 5022 ἑναντία
3059 4967 3492 5040 διῖσχυρίζεσθαι
3523 4969 3622 5023 τῶν

2049 5053 2410 5126 φαινομένων.
2433 5051 2617 5122 Μηδὲν
2645 5051 2824 5106 τοίνυν
2852 5052 3011 5123 εἴπης
3035 5051 3255 5118 σαυτοῦ,
3289 5051 3408 5105 ἀλλ’
3446 5055 3506 5106 ἐν
3527 5053 3622 5106 πᾶ·

2053 5154 2136 5190 σιν
2165 5138 2222 5190 ἐν
2255 5135 2374 5206 Θεῷ
2399 5133 2588 5204 καυχῶ
2607 5149 2622 5164 °
2659 5133 2849 5206 μηδενὶ
2871 5133 2967 5187 ἀνθ
2979 5135 3145 5206 ρώπῳ
3175 5135 3228 5187 τί
3260 5151 3391 5188 ποτε
3416 5135 3620 5206 λογίσῃ.

2051 5221 2115 5275 El
2137 5221 2247 5292 γὰρ
2271 5213 2471 5289 Παύλῳ
2509 5217 2662 5272 οὐδὲν
2692 5219 2798 5292 χρὴ
2841 5217 3172 5292 λογίζεσθαι,
3211 5217 3391 5289 πολλῷ
3431 5219 3622 5290 μᾶλλον

2052 5291 2300 5375 ἑτέροις·
2353 5301 2500 5372 Ἐγὼ
2530 5301 2660 5372 γὰρ,
2687 5301 2875 5374 φησὶν,
2929 5291 3256 5370 ἐφύτευσα,
3323 5301 3622 5368 Ἀπολλὼς

2051 5387 2356 5448 ἐπότισεν,
2388 5387 2526 5440 ἀλλ’
2550 5387 2582 5438 ὀ
2606 5385 2751 5451 Θεὸς
2770 5385 3054 5453 ηὔξανεν.
3085 5384 3144 5438 '0
3165 5383 3348 5456 μαθὼν
3369 5387 3426 5440 ἐν
3443 5385 3621 5458 Κυρίῳ

2051 5471 2382 5542 καυχᾶσθαι,
2417 5467 2678 5523 οὐδέποτε
2705 5470 3112 5542 ἐπαρθήσεται,
3143 5469 3260 5524 ἀλλ’
3287 5471 3378 5524 ἀεὶ
3405 5472 3501 5524 καὶ
3529 5487 3620 5541 με·

2051 5555 2286 5626 τριάσει,
2322 5554 2416 5608 καὶ
2445 5553 2502 5607 ἐν
2533 5554 2700 5606 πᾶσιν
2732 5551 2886 5608 ἔσται
2916 5555 3259 5626 εὑχάριστος.
3295 5553 3438 5606 Ἀλλ’
3468 5553 3526 5607 οὐ
3557 5551 3620 5605 τὰ

2056 5639 2167 5693 τῶν
2210 5637 2475 5710 Ἐλλήνων
2513 5635 2759 5702 τοιαῦτα,
2807 5637 2941 5692 ἀλλά
2989 5639 3168 5692 πάντα
3206 5639 3423 5702 ἑαυτοῖς
3445 5639 3618 5692 ἀνατι-

2118 5825 2140 5855 ε
2193 5821 2376 5870 Locum
2405 5821 2662 5884 Δνὶιίιιιιιῐῐι
2718 5835 2816 5884 ope
2865 5821 3045 5871 codicis
3099 5821 3244 5884 Regii
3307 5821 3615 5884 restituimmg».

2052 5885 2202 5942 Edili,
2225 5885 2348 5931 ὥστε
2367 5881 2515 5930 αὑτοῦ
2541 5885 2658 5944 εἶναι
2677 5917 2694 5944 ,
2738 5881 2819 5932 καὶ
2854 5890 2938 5944 τῆς
2963 5881 3238 5941 οὑσιώσεῶς
3255 5884 3428 5933 τούτου
3450 5885 3525 5932 καὶ
3543 5883 3602 5944 «(-

2054 5963 2219 6054 στεῖος.
2285 5947 2312 5983 d
2339 5944 2410 5994 Ita
2447 5942 2632 6008 Regius
2676 5942 2854 5996 Codex.
2905 5942 2964 5998 1n
2999 5944 3162 5997 'editis
3197 5945 3273 5996 ἵνα
3314 5944 3456 5995 τοῦτο
3491 5943 3614 6004 αὖτέ,

2061 6023 2137 6059 ωε
2163 6022 2209 6055 e.
