  <div class='ocr_page' id='page_1' title='image "/cluster/home/n/w/nwhite01/storage/ocr_20150623/61/hvd.32044019190461/048.png"; bbox 0 0 3864 6216; ppageno 0'>
   <div class='ocr_carea' id='block_1_1' title="bbox 258 259 1805 335">
    <p class='ocr_par' dir='ltr' id='par_1_1' title="bbox 258 260 1801 332">
     <span class='ocr_line' id='line_1_1' title="bbox 258 260 1801 332; baseline 0.006 -25"><span class='ocrx_word' id='word_1_1' title='bbox 258 274 316 332; x_wconf 72' lang='grc' dir='ltr'>ι,</span> <span class='ocrx_word' id='word_1_2' title='bbox 1313 260 1382 318; x_wconf 81' lang='lat' dir='ltr'><strong>iN</strong></span> <span class='ocrx_word' id='word_1_3' title='bbox 1420 260 1634 318; x_wconf 85' lang='lat' dir='ltr'><strong>EPIST.</strong></span> <span class='ocrx_word' id='word_1_4' title='bbox 1677 261 1696 316; x_wconf 94' lang='lat' dir='ltr'><strong>t</strong></span> <span class='ocrx_word' id='word_1_5' title='bbox 1759 261 1801 316; x_wconf 84' lang='lat' dir='ltr'><strong>A</strong></span> 
     </span>
    </p>
   </div>
   <div class='ocr_carea' id='block_1_2' title="bbox 1914 259 3590 335">
    <p class='ocr_par' dir='ltr' id='par_1_2' title="bbox 1914 259 3590 335">
     <span class='ocr_line' id='line_1_2' title="bbox 1914 259 3590 335; baseline 0.012 -20"><span class='ocrx_word' id='word_1_6' title='bbox 1914 259 2045 316; x_wconf 78' lang='lat' dir='ltr'><strong>:oa.</strong></span> <span class='ocrx_word' id='word_1_7' title='bbox 2089 261 2318 320; x_wconf 64' lang='lat' dir='ltr'><strong>nosne.</strong></span> <span class='ocrx_word' id='word_1_8' title='bbox 2367 265 2426 320; x_wconf 76' lang='grc' dir='ltr'><strong>ν.</strong></span> <span class='ocrx_word' id='word_1_9' title='bbox 3167 261 3172 268; x_wconf 83' lang='grc'>’</span> <span class='ocrx_word' id='word_1_10' title='bbox 3471 278 3551 335; x_wconf 74' lang='lat' dir='ltr'><strong>ts</strong></span> <span class='ocrx_word' id='word_1_11' title='bbox 3585 293 3590 303; x_wconf 91' lang='grc'>·</span> 
     </span>
    </p>
   </div>
   <div class='ocr_carea' id='block_1_3' title="bbox 254 381 1832 463">
    <p class='ocr_par' dir='ltr' id='par_1_3' title="bbox 254 381 1832 463">
     <span class='ocr_line' id='line_1_3' title="bbox 254 381 1832 463; baseline -0.01 -12"><span class='ocrx_word' id='word_1_12' title='bbox 254 412 370 452; x_wconf 74' lang='lat' dir='ltr'><strong>caro</strong></span> <span class='ocrx_word' id='word_1_13' title='bbox 411 395 465 449; x_wconf 85' lang='lat' dir='ltr'><strong>iu</strong></span> <span class='ocrx_word' id='word_1_14' title='bbox 513 401 783 463; x_wconf 71' lang='lat' dir='ltr'><strong>conspectu</strong></span> <span class='ocrx_word' id='word_1_15' title='bbox 831 387 944 444; x_wconf 81' lang='lat' dir='ltr'><strong>Dei.</strong></span> <span class='ocrx_word' id='word_1_16' title='bbox 976 384 1166 444; x_wconf 87' lang='lat' dir='ltr'><strong>Omnia</strong></span> <span class='ocrx_word' id='word_1_17' title='bbox 1194 385 1338 442; x_wconf 82' lang='lat' dir='ltr'><strong>enim</strong></span> <span class='ocrx_word' id='word_1_18' title='bbox 1369 385 1509 440; x_wconf 86' lang='lat' dir='ltr'><strong>Deus</strong></span> <span class='ocrx_word' id='word_1_19' title='bbox 1537 383 1656 439; x_wconf 88' lang='lat' dir='ltr'><strong>ideo</strong></span> <span class='ocrx_word' id='word_1_20' title='bbox 1685 381 1832 447; x_wconf 79' lang='lat' dir='ltr'><strong>facit,</strong></span> 
     </span>
    </p>
   </div>
   <div class='ocr_carea' id='block_1_4' title="bbox 252 478 1835 562">
    <p class='ocr_par' dir='ltr' id='par_1_4' title="bbox 252 478 1835 562">
     <span class='ocr_line' id='line_1_4' title="bbox 252 478 1835 562; baseline -0.008 -18"><span class='ocrx_word' id='word_1_21' title='bbox 252 491 329 562; x_wconf 80' lang='grc' dir='ltr'><strong>(α)</strong></span> <span class='ocrx_word' id='word_1_22' title='bbox 362 487 442 562; x_wconf 82' lang='grc' dir='ltr'>[ιιι</span> <span class='ocrx_word' id='word_1_23' title='bbox 466 485 772 558; x_wconf 92' lang='lat' dir='ltr'><strong>superbiam</strong></span> <span class='ocrx_word' id='word_1_24' title='bbox 816 493 873 540; x_wconf 86' lang='lat' dir='ltr'><strong>et</strong></span> <span class='ocrx_word' id='word_1_25' title='bbox 919 480 1274 552; x_wconf 71' lang='lat' dir='ltr'><strong>arrogantiam</strong></span> <span class='ocrx_word' id='word_1_26' title='bbox 1325 479 1617 548; x_wconf 77' lang='lat' dir='ltr'><strong>reprimat,</strong></span> <span class='ocrx_word' id='word_1_27' title='bbox 1651 486 1708 532; x_wconf 91' lang='lat' dir='ltr'><strong>ut</strong></span> <span class='ocrx_word' id='word_1_28' title='bbox 1748 478 1835 548; x_wconf 91' lang='lat' dir='ltr'><strong>ja-</strong></span> 
     </span>
    </p>
   </div>
   <div class='ocr_carea' id='block_1_5' title="bbox 247 569 1823 644">
    <p class='ocr_par' dir='ltr' id='par_1_5' title="bbox 247 569 1823 644">
     <span class='ocr_line' id='line_1_5' title="bbox 247 569 1823 644; baseline -0.009 -7"><span class='ocrx_word' id='word_1_29' title='bbox 247 583 535 644; x_wconf 75' lang='lat' dir='ltr'><strong>ctationem</strong></span> <span class='ocrx_word' id='word_1_30' title='bbox 591 577 740 632; x_wconf 89' lang='lat' dir='ltr'><strong>tollat</strong></span> <span class='ocrx_word' id='word_1_31' title='bbox 771 594 784 630; x_wconf 89' lang='lat'><strong>:</strong></span> <span class='ocrx_word' id='word_1_32' title='bbox 813 583 868 631; x_wconf 92' lang='lat' dir='ltr'><strong>et</strong></span> <span class='ocrx_word' id='word_1_33' title='bbox 914 590 1008 629; x_wconf 90' lang='lat' dir='ltr'><strong>vos</strong></span> <span class='ocrx_word' id='word_1_34' title='bbox 1053 575 1105 627; x_wconf 93' lang='lat' dir='ltr'><strong>in</strong></span> <span class='ocrx_word' id='word_1_35' title='bbox 1151 571 1251 626; x_wconf 92' lang='lat' dir='ltr'><strong>hoc</strong></span> <span class='ocrx_word' id='word_1_36' title='bbox 1299 571 1589 642; x_wconf 82' lang='lat' dir='ltr'><strong>perstatis?</strong></span> <span class='ocrx_word' id='word_1_37' title='bbox 1633 569 1823 625; x_wconf 82' lang='lat' dir='ltr'><strong>Omnia</strong></span> 
     </span>
    </p>
   </div>
   <div class='ocr_carea' id='block_1_6' title="bbox 265 663 1834 745">
    <p class='ocr_par' dir='ltr' id='par_1_6' title="bbox 265 663 1834 745">
     <span class='ocr_line' id='line_1_6' title="bbox 265 663 1834 745; baseline -0.009 -15"><span class='ocrx_word' id='word_1_38' title='bbox 265 671 428 745; x_wconf 77' lang='lat' dir='ltr'><strong>facit],</strong></span> <span class='ocrx_word' id='word_1_39' title='bbox 464 680 520 725; x_wconf 94' lang='lat' dir='ltr'><strong>ut</strong></span> <span class='ocrx_word' id='word_1_40' title='bbox 556 668 692 724; x_wconf 86' lang='lat' dir='ltr'><strong>nihil</strong></span> <span class='ocrx_word' id='word_1_41' title='bbox 733 666 892 722; x_wconf 92' lang='lat' dir='ltr'><strong>nobis</strong></span> <span class='ocrx_word' id='word_1_42' title='bbox 918 665 1262 736; x_wconf 88' lang='lat' dir='ltr'><strong>imputemus,</strong></span> <span class='ocrx_word' id='word_1_43' title='bbox 1309 671 1366 718; x_wconf 92' lang='lat' dir='ltr'><strong>ut</strong></span> <span class='ocrx_word' id='word_1_44' title='bbox 1394 663 1570 718; x_wconf 90' lang='lat' dir='ltr'><strong>omnia</strong></span> <span class='ocrx_word' id='word_1_45' title='bbox 1595 663 1710 718; x_wconf 89' lang='lat' dir='ltr'><strong>Deo</strong></span> <span class='ocrx_word' id='word_1_46' title='bbox 1735 663 1834 717; x_wconf 88' lang='lat' dir='ltr'><strong>ad-</strong></span> 
     </span>
    </p>
   </div>
   <div class='ocr_carea' id='block_1_7' title="bbox 249 753 1835 821">
    <p class='ocr_par' dir='ltr' id='par_1_7' title="bbox 249 753 1835 821">
     <span class='ocr_line' id='line_1_7' title="bbox 249 753 1835 821; baseline -0.008 0"><span class='ocrx_word' id='word_1_47' title='bbox 249 765 542 821; x_wconf 86' lang='lat' dir='ltr'><strong>scribamus</strong></span> <span class='ocrx_word' id='word_1_48' title='bbox 575 778 588 816; x_wconf 91' lang='lat'><strong>:</strong></span> <span class='ocrx_word' id='word_1_49' title='bbox 617 769 672 816; x_wconf 92' lang='lat' dir='ltr'><strong>et</strong></span> <span class='ocrx_word' id='word_1_50' title='bbox 717 774 815 813; x_wconf 87' lang='lat' dir='ltr'><strong>vos</strong></span> <span class='ocrx_word' id='word_1_51' title='bbox 861 757 984 812; x_wconf 87' lang='lat' dir='ltr'><strong>huic</strong></span> <span class='ocrx_word' id='word_1_52' title='bbox 1028 765 1085 812; x_wconf 90' lang='lat' dir='ltr'><strong>et</strong></span> <span class='ocrx_word' id='word_1_53' title='bbox 1133 756 1205 810; x_wconf 87' lang='lat' dir='ltr'><strong>illi</strong></span> <span class='ocrx_word' id='word_1_54' title='bbox 1256 771 1351 810; x_wconf 89' lang='lat' dir='ltr'><strong>vos</strong></span> <span class='ocrx_word' id='word_1_55' title='bbox 1397 753 1724 810; x_wconf 86' lang='lat' dir='ltr'><strong>addixistis?</strong></span> <span class='ocrx_word' id='word_1_56' title='bbox 1767 753 1835 808; x_wconf 84' lang='lat' dir='ltr'><strong>Et</strong></span> 
     </span>
    </p>
   </div>
   <div class='ocr_carea' id='block_1_8' title="bbox 247 845 1830 928">
    <p class='ocr_par' dir='ltr' id='par_1_8' title="bbox 247 845 1830 928">
     <span class='ocr_line' id='line_1_8' title="bbox 247 845 1830 928; baseline -0.007 -17"><span class='ocrx_word' id='word_1_57' title='bbox 247 872 402 928; x_wconf 90' lang='lat' dir='ltr'><strong>quam</strong></span> <span class='ocrx_word' id='word_1_58' title='bbox 429 853 639 910; x_wconf 81' lang='lat' dir='ltr'><strong>veniam</strong></span> <span class='ocrx_word' id='word_1_59' title='bbox 666 850 1095 921; x_wconf 79' lang='lat' dir='ltr'><strong>consequimini?</strong></span> <span class='ocrx_word' id='word_1_60' title='bbox 1118 849 1250 904; x_wconf 91' lang='lat' dir='ltr'><strong>Nam</strong></span> <span class='ocrx_word' id='word_1_61' title='bbox 1279 848 1515 903; x_wconf 91' lang='lat' dir='ltr'><strong>ostendit</strong></span> <span class='ocrx_word' id='word_1_62' title='bbox 1543 847 1683 903; x_wconf 82' lang='lat' dir='ltr'><strong>Deus</strong></span> <span class='ocrx_word' id='word_1_63' title='bbox 1714 845 1830 904; x_wconf 86' lang='lat' dir='ltr'><strong>ﬁeri</strong></span> 
     </span>
    </p>
   </div>
   <div class='ocr_carea' id='block_1_9' title="bbox 249 941 1818 1026">
    <p class='ocr_par' dir='ltr' id='par_1_9' title="bbox 249 941 1818 1026">
     <span class='ocr_line' id='line_1_9' title="bbox 249 941 1818 1026; baseline -0.005 -22"><span class='ocrx_word' id='word_1_64' title='bbox 249 966 352 1004; x_wconf 91' lang='lat' dir='ltr'><strong>non</strong></span> <span class='ocrx_word' id='word_1_65' title='bbox 398 961 556 1026; x_wconf 80' lang='lat' dir='ltr'><strong>posse</strong></span> <span class='ocrx_word' id='word_1_66' title='bbox 595 954 649 999; x_wconf 93' lang='lat' dir='ltr'><strong>ut</strong></span> <span class='ocrx_word' id='word_1_67' title='bbox 685 953 864 998; x_wconf 87' lang='lat' dir='ltr'><strong>nostra</strong></span> <span class='ocrx_word' id='word_1_68' title='bbox 912 943 1085 997; x_wconf 90' lang='lat' dir='ltr'><strong>solum</strong></span> <span class='ocrx_word' id='word_1_69' title='bbox 1125 958 1283 1011; x_wconf 85' lang='lat' dir='ltr'><strong>Opera</strong></span> <span class='ocrx_word' id='word_1_70' title='bbox 1309 941 1532 996; x_wconf 87' lang='lat' dir='ltr'><strong>salutem</strong></span> <span class='ocrx_word' id='word_1_71' title='bbox 1559 955 1818 1012; x_wconf 79' lang='lat' dir='ltr'><strong>assequa-</strong></span> 
     </span>
    </p>
   </div>
   <div class='ocr_carea' id='block_1_10' title="bbox 249 1033 1830 1107">
    <p class='ocr_par' dir='ltr' id='par_1_10' title="bbox 249 1033 1830 1107">
     <span class='ocr_line' id='line_1_10' title="bbox 249 1033 1830 1107; baseline -0.005 -8"><span class='ocrx_word' id='word_1_72' title='bbox 249 1059 397 1107; x_wconf 86' lang='lat' dir='ltr'><strong>mur;</strong></span> <span class='ocrx_word' id='word_1_73' title='bbox 435 1050 488 1096; x_wconf 92' lang='lat' dir='ltr'><strong>et</strong></span> <span class='ocrx_word' id='word_1_74' title='bbox 517 1039 620 1094; x_wconf 90' lang='lat' dir='ltr'><strong>hoc</strong></span> <span class='ocrx_word' id='word_1_75' title='bbox 643 1038 711 1093; x_wconf 91' lang='lat' dir='ltr'><strong>ab</strong></span> <span class='ocrx_word' id='word_1_76' title='bbox 747 1037 900 1092; x_wconf 90' lang='lat' dir='ltr'><strong>initio</strong></span> <span class='ocrx_word' id='word_1_77' title='bbox 929 1036 1072 1092; x_wconf 83' lang='lat' dir='ltr'><strong>fecit.</strong></span> <span class='ocrx_word' id='word_1_78' title='bbox 1114 1035 1299 1105; x_wconf 88' lang='lat' dir='ltr'><strong>Neque</strong></span> <span class='ocrx_word' id='word_1_79' title='bbox 1350 1033 1494 1090; x_wconf 92' lang='lat' dir='ltr'><strong>enim</strong></span> <span class='ocrx_word' id='word_1_80' title='bbox 1535 1045 1645 1090; x_wconf 93' lang='lat' dir='ltr'><strong>tum</strong></span> <span class='ocrx_word' id='word_1_81' title='bbox 1679 1045 1830 1106; x_wconf 85' lang='lat' dir='ltr'><strong>pote-</strong></span> 
     </span>
    </p>
   </div>
   <div class='ocr_carea' id='block_1_11' title="bbox 245 1128 1827 1201">
    <p class='ocr_par' dir='ltr' id='par_1_11' title="bbox 245 1128 1827 1201">
     <span class='ocr_line' id='line_1_11' title="bbox 245 1128 1827 1201; baseline -0.003 -11"><span class='ocrx_word' id='word_1_82' title='bbox 245 1143 363 1190; x_wconf 88' lang='lat' dir='ltr'><strong>rant</strong></span> <span class='ocrx_word' id='word_1_83' title='bbox 389 1132 634 1187; x_wconf 82' lang='lat' dir='ltr'><strong>homines</strong></span> <span class='ocrx_word' id='word_1_84' title='bbox 665 1145 760 1201; x_wconf 91' lang='lat' dir='ltr'><strong>per</strong></span> <span class='ocrx_word' id='word_1_85' title='bbox 784 1129 845 1186; x_wconf 79' lang='lat' dir='ltr'><strong>s&#39;e</strong></span> <span class='ocrx_word' id='word_1_86' title='bbox 869 1129 1092 1195; x_wconf 89' lang='lat' dir='ltr'><strong>servari,</strong></span> <span class='ocrx_word' id='word_1_87' title='bbox 1131 1129 1224 1183; x_wconf 89' lang='lat' dir='ltr'><strong>sed</strong></span> <span class='ocrx_word' id='word_1_88' title='bbox 1255 1128 1537 1198; x_wconf 85' lang='lat' dir='ltr'><strong>oportebat</strong></span> <span class='ocrx_word' id='word_1_89' title='bbox 1563 1129 1827 1185; x_wconf 90' lang='lat' dir='ltr'><strong>obeuntes</strong></span> 
     </span>
    </p>
   </div>
   <div class='ocr_carea' id='block_1_12' title="bbox 244 1223 1826 1297">
    <p class='ocr_par' dir='ltr' id='par_1_12' title="bbox 244 1223 1826 1297">
     <span class='ocr_line' id='line_1_12' title="bbox 244 1223 1826 1297; baseline -0.002 -14"><span class='ocrx_word' id='word_1_90' title='bbox 244 1227 357 1283; x_wconf 68' lang='lat' dir='ltr'><strong>caeli</strong></span> <span class='ocrx_word' id='word_1_91' title='bbox 386 1225 859 1297; x_wconf 76' lang='lat' dir='ltr'><strong>pulchritudinem,</strong></span> <span class='ocrx_word' id='word_1_92' title='bbox 879 1232 1036 1278; x_wconf 76' lang='lat' dir='ltr'><strong>terra:</strong></span> <span class='ocrx_word' id='word_1_93' title='bbox 1059 1223 1501 1292; x_wconf 82' lang='lat' dir='ltr'><strong>magnitudinem,</strong></span> <span class='ocrx_word' id='word_1_94' title='bbox 1527 1233 1580 1278; x_wconf 91' lang='lat' dir='ltr'><strong>et</strong></span> <span class='ocrx_word' id='word_1_95' title='bbox 1603 1224 1826 1280; x_wconf 83' lang='lat' dir='ltr'><strong>aliarum</strong></span> 
     </span>
    </p>
   </div>
   <div class='ocr_carea' id='block_1_13' title="bbox 244 1315 1820 1388">
    <p class='ocr_par' dir='ltr' id='par_1_13' title="bbox 244 1315 1820 1388">
     <span class='ocr_line' id='line_1_13' title="bbox 244 1315 1820 1388; baseline -0.003 -12"><span class='ocrx_word' id='word_1_96' title='bbox 244 1330 601 1376; x_wconf 76' lang='lat' dir='ltr'><strong>creaturarum</strong></span> <span class='ocrx_word' id='word_1_97' title='bbox 629 1332 855 1388; x_wconf 88' lang='lat' dir='ltr'><strong>corpus,</strong></span> <span class='ocrx_word' id='word_1_98' title='bbox 908 1316 987 1371; x_wconf 91' lang='lat' dir='ltr'><strong>sic</strong></span> <span class='ocrx_word' id='word_1_99' title='bbox 1022 1315 1211 1370; x_wconf 91' lang='lat' dir='ltr'><strong>adduci</strong></span> <span class='ocrx_word' id='word_1_100' title='bbox 1245 1316 1308 1370; x_wconf 88' lang='lat' dir='ltr'><strong>ad</strong></span> <span class='ocrx_word' id='word_1_101' title='bbox 1341 1331 1517 1371; x_wconf 89' lang='lat' dir='ltr'><strong>rerum</strong></span> <span class='ocrx_word' id='word_1_102' title='bbox 1545 1315 1820 1388; x_wconf 90' lang='lat' dir='ltr'><strong>Opiﬁccm.</strong></span> 
     </span>
    </p>
   </div>
   <div class='ocr_carea' id='block_1_14' title="bbox 243 1409 1825 1484">
    <p class='ocr_par' dir='ltr' id='par_1_14' title="bbox 243 1409 1825 1484">
     <span class='ocr_line' id='line_1_14' title="bbox 243 1409 1825 1484; baseline -0.004 -14"><span class='ocrx_word' id='word_1_103' title='bbox 243 1415 352 1470; x_wconf 82' lang='lat' dir='ltr'><strong>lloc</strong></span> <span class='ocrx_word' id='word_1_104' title='bbox 380 1429 539 1484; x_wconf 88' lang='lat' dir='ltr'><strong>porro</strong></span> <span class='ocrx_word' id='word_1_105' title='bbox 575 1411 698 1467; x_wconf 79' lang='lat' dir='ltr'><strong>fecit</strong></span> <span class='ocrx_word' id='word_1_106' title='bbox 729 1411 840 1480; x_wconf 90' lang='lat' dir='ltr'><strong>jam</strong></span> <span class='ocrx_word' id='word_1_107' title='bbox 870 1421 996 1466; x_wconf 89' lang='lat' dir='ltr'><strong>ante</strong></span> <span class='ocrx_word' id='word_1_108' title='bbox 1023 1409 1323 1478; x_wconf 88' lang='lat' dir='ltr'><strong>reprimens</strong></span> <span class='ocrx_word' id='word_1_109' title='bbox 1352 1409 1580 1464; x_wconf 76' lang='lat' dir='ltr'><strong>futuram</strong></span> <span class='ocrx_word' id='word_1_110' title='bbox 1609 1410 1825 1480; x_wconf 86' lang='lat' dir='ltr'><strong>sapien-</strong></span> 
     </span>
    </p>
   </div>
   <div class='ocr_carea' id='block_1_15' title="bbox 245 1501 1824 1575">
    <p class='ocr_par' dir='ltr' id='par_1_15' title="bbox 245 1501 1824 1575">
     <span class='ocr_line' id='line_1_15' title="bbox 245 1501 1824 1575; baseline -0.003 -13"><span class='ocrx_word' id='word_1_111' title='bbox 245 1510 328 1562; x_wconf 66' lang='lat' dir='ltr'><strong>tiae</strong></span> <span class='ocrx_word' id='word_1_112' title='bbox 357 1522 546 1561; x_wconf 88' lang='lat' dir='ltr'><strong>vanam</strong></span> <span class='ocrx_word' id='word_1_113' title='bbox 577 1505 906 1575; x_wconf 84' lang='lat' dir='ltr'><strong>opinionem.</strong></span> <span class='ocrx_word' id='word_1_114' title='bbox 950 1501 1411 1569; x_wconf 84' lang='lat' dir='ltr'><strong>Quemadmodum</strong></span> <span class='ocrx_word' id='word_1_115' title='bbox 1457 1502 1502 1557; x_wconf 88' lang='lat' dir='ltr'><strong>si</strong></span> <span class='ocrx_word' id='word_1_116' title='bbox 1548 1503 1666 1572; x_wconf 91' lang='lat' dir='ltr'><strong>quis</strong></span> <span class='ocrx_word' id='word_1_117' title='bbox 1712 1519 1824 1557; x_wconf 82' lang='lat' dir='ltr'><strong>ma-</strong></span> 
     </span>
    </p>
   </div>
   <div class='ocr_carea' id='block_1_16' title="bbox 239 1599 1821 1678">
    <p class='ocr_par' dir='ltr' id='par_1_16' title="bbox 239 1599 1821 1678">
     <span class='ocr_line' id='line_1_16' title="bbox 239 1599 1821 1678; baseline -0.003 -19"><span class='ocrx_word' id='word_1_118' title='bbox 239 1609 432 1678; x_wconf 86' lang='lat' dir='ltr'><strong>gister,</strong></span> <span class='ocrx_word' id='word_1_119' title='bbox 488 1621 607 1660; x_wconf 91' lang='lat' dir='ltr'><strong>eum</strong></span> <span class='ocrx_word' id='word_1_120' title='bbox 652 1601 874 1674; x_wconf 83' lang='lat' dir='ltr'><strong>jusserit</strong></span> <span class='ocrx_word' id='word_1_121' title='bbox 918 1600 1236 1670; x_wconf 88' lang='lat' dir='ltr'><strong>discipulum</strong></span> <span class='ocrx_word' id='word_1_122' title='bbox 1283 1599 1435 1670; x_wconf 89' lang='lat' dir='ltr'><strong>sequi</strong></span> <span class='ocrx_word' id='word_1_123' title='bbox 1481 1615 1821 1670; x_wconf 84' lang='lat' dir='ltr'><strong>quocumque</strong></span> 
     </span>
    </p>
   </div>
   <div class='ocr_carea' id='block_1_17' title="bbox 241 1691 1818 1764">
    <p class='ocr_par' dir='ltr' id='par_1_17' title="bbox 241 1691 1818 1764">
     <span class='ocr_line' id='line_1_17' title="bbox 241 1691 1818 1764; baseline -0.006 -10"><span class='ocrx_word' id='word_1_124' title='bbox 241 1699 482 1764; x_wconf 83' lang='lat' dir='ltr'><strong>ducatur,</strong></span> <span class='ocrx_word' id='word_1_125' title='bbox 503 1697 588 1751; x_wconf 91' lang='lat' dir='ltr'><strong>ubi</strong></span> <span class='ocrx_word' id='word_1_126' title='bbox 618 1695 810 1749; x_wconf 88' lang='lat' dir='ltr'><strong>viderit</strong></span> <span class='ocrx_word' id='word_1_127' title='bbox 834 1694 980 1748; x_wconf 93' lang='lat' dir='ltr'><strong>illum</strong></span> <span class='ocrx_word' id='word_1_128' title='bbox 1011 1691 1304 1761; x_wconf 62' lang='lat' dir='ltr'><strong>praevenire</strong></span> <span class='ocrx_word' id='word_1_129' title='bbox 1333 1699 1388 1745; x_wconf 90' lang='lat' dir='ltr'><strong>et</strong></span> <span class='ocrx_word' id='word_1_130' title='bbox 1415 1692 1553 1746; x_wconf 84' lang='lat' dir='ltr'><strong>velle</strong></span> <span class='ocrx_word' id='word_1_131' title='bbox 1581 1708 1608 1743; x_wconf 90' lang='lat' dir='ltr'><strong>a</strong></span> <span class='ocrx_word' id='word_1_132' title='bbox 1637 1693 1818 1761; x_wconf 85' lang='lat' dir='ltr'><strong>seipso</strong></span> 
     </span>
    </p>
   </div>
   <div class='ocr_carea' id='block_1_18' title="bbox 239 1782 1817 1852">
    <p class='ocr_par' dir='ltr' id='par_1_18' title="bbox 239 1782 1817 1852">
     <span class='ocr_line' id='line_1_18' title="bbox 239 1782 1817 1852; baseline -0.005 -8"><span class='ocrx_word' id='word_1_133' title='bbox 239 1799 422 1844; x_wconf 91' lang='lat' dir='ltr'><strong>cuneta</strong></span> <span class='ocrx_word' id='word_1_134' title='bbox 481 1788 726 1852; x_wconf 85' lang='lat' dir='ltr'><strong>discere,</strong></span> <span class='ocrx_word' id='word_1_135' title='bbox 781 1785 964 1838; x_wconf 87' lang='lat' dir='ltr'><strong>sinens</strong></span> <span class='ocrx_word' id='word_1_136' title='bbox 1009 1783 1156 1837; x_wconf 92' lang='lat' dir='ltr'><strong>illum</strong></span> <span class='ocrx_word' id='word_1_137' title='bbox 1205 1798 1407 1846; x_wconf 90' lang='lat' dir='ltr'><strong>errare,</strong></span> <span class='ocrx_word' id='word_1_138' title='bbox 1463 1782 1697 1837; x_wconf 80' lang='lat' dir='ltr'><strong>ostendit</strong></span> <span class='ocrx_word' id='word_1_139' title='bbox 1753 1783 1817 1836; x_wconf 81' lang='lat' dir='ltr'><strong>il-</strong></span> 
     </span>
    </p>
   </div>
   <div class='ocr_carea' id='block_1_19' title="bbox 236 1875 1791 1946">
    <p class='ocr_par' dir='ltr' id='par_1_19' title="bbox 236 1875 1791 1946">
     <span class='ocr_line' id='line_1_19' title="bbox 236 1875 1791 1946; baseline -0.005 -9"><span class='ocrx_word' id='word_1_140' title='bbox 236 1883 342 1937; x_wconf 89' lang='lat' dir='ltr'><strong>lum</strong></span> <span class='ocrx_word' id='word_1_141' title='bbox 395 1895 501 1934; x_wconf 92' lang='lat' dir='ltr'><strong>non</strong></span> <span class='ocrx_word' id='word_1_142' title='bbox 554 1879 653 1934; x_wconf 85' lang='lat' dir='ltr'><strong>sibi</strong></span> <span class='ocrx_word' id='word_1_143' title='bbox 706 1876 958 1932; x_wconf 77' lang='lat' dir='ltr'><strong>sufﬁcere</strong></span> <span class='ocrx_word' id='word_1_144' title='bbox 1003 1875 1073 1930; x_wconf 87' lang='lat' dir='ltr'><strong>ad</strong></span> <span class='ocrx_word' id='word_1_145' title='bbox 1117 1875 1455 1946; x_wconf 86' lang='lat' dir='ltr'><strong>disciplinam</strong></span> <span class='ocrx_word' id='word_1_146' title='bbox 1488 1918 1502 1942; x_wconf 93' lang='lat'><strong>,</strong></span> <span class='ocrx_word' id='word_1_147' title='bbox 1549 1885 1602 1930; x_wconf 91' lang='lat' dir='ltr'><strong>ct</strong></span> <span class='ocrx_word' id='word_1_148' title='bbox 1668 1885 1791 1930; x_wconf 89' lang='lat' dir='ltr'><strong>tunc</strong></span> 
     </span>
    </p>
   </div>
   <div class='ocr_carea' id='block_1_20' title="bbox 236 1969 1818 2046">
    <p class='ocr_par' dir='ltr' id='par_1_20' title="bbox 236 1969 1818 2046">
     <span class='ocr_line' id='line_1_20' title="bbox 236 1969 1818 2046; baseline -0.001 -20"><span class='ocrx_word' id='word_1_149' title='bbox 236 1991 348 2046; x_wconf 72' lang='lat' dir='ltr'><strong>qua:</strong></span> <span class='ocrx_word' id='word_1_150' title='bbox 386 1989 482 2028; x_wconf 88' lang='lat' dir='ltr'><strong>sua</strong></span> <span class='ocrx_word' id='word_1_151' title='bbox 518 1983 643 2028; x_wconf 92' lang='lat' dir='ltr'><strong>sunt</strong></span> <span class='ocrx_word' id='word_1_152' title='bbox 668 1971 868 2026; x_wconf 90' lang='lat' dir='ltr'><strong>inducit</strong></span> <span class='ocrx_word' id='word_1_153' title='bbox 901 1988 913 2025; x_wconf 93' lang='lat'><strong>:</strong></span> <span class='ocrx_word' id='word_1_154' title='bbox 947 1971 1017 2025; x_wconf 92' lang='lat' dir='ltr'><strong>ita</strong></span> <span class='ocrx_word' id='word_1_155' title='bbox 1047 1978 1101 2025; x_wconf 93' lang='lat' dir='ltr'><strong>et</strong></span> <span class='ocrx_word' id='word_1_156' title='bbox 1146 1969 1284 2024; x_wconf 92' lang='lat' dir='ltr'><strong>Deus</strong></span> <span class='ocrx_word' id='word_1_157' title='bbox 1324 1970 1486 2041; x_wconf 79' lang='lat' dir='ltr'><strong>jussit</strong></span> <span class='ocrx_word' id='word_1_158' title='bbox 1529 1970 1682 2024; x_wconf 90' lang='lat' dir='ltr'><strong>initio</strong></span> <span class='ocrx_word' id='word_1_159' title='bbox 1731 1986 1818 2025; x_wconf 86' lang='lat' dir='ltr'><strong>se-</strong></span> 
     </span>
    </p>
   </div>
   <div class='ocr_carea' id='block_1_21' title="bbox 235 2062 1815 2136">
    <p class='ocr_par' dir='ltr' id='par_1_21' title="bbox 235 2062 1815 2136">
     <span class='ocr_line' id='line_1_21' title="bbox 235 2062 1815 2136; baseline -0.001 -17"><span class='ocrx_word' id='word_1_160' title='bbox 235 2066 318 2136; x_wconf 88' lang='lat' dir='ltr'><strong>qui</strong></span> <span class='ocrx_word' id='word_1_161' title='bbox 367 2080 460 2134; x_wconf 89' lang='lat' dir='ltr'><strong>per</strong></span> <span class='ocrx_word' id='word_1_162' title='bbox 504 2079 683 2117; x_wconf 90' lang='lat' dir='ltr'><strong>rerum</strong></span> <span class='ocrx_word' id='word_1_163' title='bbox 728 2070 1028 2117; x_wconf 87' lang='lat' dir='ltr'><strong>creatarunt</strong></span> <span class='ocrx_word' id='word_1_164' title='bbox 1074 2062 1641 2131; x_wconf 86' lang='lat' dir='ltr'><strong>comprehensionem;</strong></span> <span class='ocrx_word' id='word_1_165' title='bbox 1689 2063 1815 2132; x_wconf 89' lang='lat' dir='ltr'><strong>quia</strong></span> 
     </span>
    </p>
   </div>
   <div class='ocr_carea' id='block_1_22' title="bbox 236 2153 1812 2223">
    <p class='ocr_par' dir='ltr' id='par_1_22' title="bbox 236 2153 1812 2223">
     <span class='ocr_line' id='line_1_22' title="bbox 236 2153 1812 2223; baseline -0.002 -10"><span class='ocrx_word' id='word_1_166' title='bbox 236 2174 358 2213; x_wconf 90' lang='lat' dir='ltr'><strong>vero</strong></span> <span class='ocrx_word' id='word_1_167' title='bbox 403 2157 689 2211; x_wconf 90' lang='lat' dir='ltr'><strong>noluerunt</strong></span> <span class='ocrx_word' id='word_1_168' title='bbox 715 2195 730 2218; x_wconf 88' lang='lat'><strong>,</strong></span> <span class='ocrx_word' id='word_1_169' title='bbox 758 2169 882 2209; x_wconf 88' lang='lat' dir='ltr'><strong>cum</strong></span> <span class='ocrx_word' id='word_1_170' title='bbox 909 2154 1234 2223; x_wconf 84' lang='lat' dir='ltr'><strong>experientia</strong></span> <span class='ocrx_word' id='word_1_171' title='bbox 1263 2153 1532 2209; x_wconf 87' lang='lat' dir='ltr'><strong>docuisset</strong></span> <span class='ocrx_word' id='word_1_172' title='bbox 1563 2155 1679 2208; x_wconf 86' lang='lat' dir='ltr'><strong>illos</strong></span> <span class='ocrx_word' id='word_1_173' title='bbox 1708 2171 1812 2210; x_wconf 90' lang='lat' dir='ltr'><strong>non</strong></span> 
     </span>
    </p>
   </div>
   <div class='ocr_carea' id='block_1_23' title="bbox 233 2245 1812 2317">
    <p class='ocr_par' dir='ltr' id='par_1_23' title="bbox 233 2245 1812 2317">
     <span class='ocr_line' id='line_1_23' title="bbox 233 2245 1812 2317; baseline -0.001 -14"><span class='ocrx_word' id='word_1_174' title='bbox 233 2249 332 2304; x_wconf 83' lang='lat' dir='ltr'><strong>sibi</strong></span> <span class='ocrx_word' id='word_1_175' title='bbox 360 2248 626 2314; x_wconf 78' lang='lat' dir='ltr'><strong>sufﬁcere,</strong></span> <span class='ocrx_word' id='word_1_176' title='bbox 658 2257 783 2302; x_wconf 91' lang='lat' dir='ltr'><strong>tunc</strong></span> <span class='ocrx_word' id='word_1_177' title='bbox 815 2247 959 2316; x_wconf 88' lang='lat' dir='ltr'><strong>ipsos</strong></span> <span class='ocrx_word' id='word_1_178' title='bbox 981 2245 1045 2300; x_wconf 92' lang='lat' dir='ltr'><strong>ad</strong></span> <span class='ocrx_word' id='word_1_179' title='bbox 1076 2261 1135 2301; x_wconf 91' lang='lat' dir='ltr'><strong>se</strong></span> <span class='ocrx_word' id='word_1_180' title='bbox 1173 2245 1280 2300; x_wconf 89' lang='lat' dir='ltr'><strong>alio</strong></span> <span class='ocrx_word' id='word_1_181' title='bbox 1310 2245 1470 2300; x_wconf 90' lang='lat' dir='ltr'><strong>modo</strong></span> <span class='ocrx_word' id='word_1_182' title='bbox 1497 2246 1642 2300; x_wconf 89' lang='lat' dir='ltr'><strong>ducit</strong></span> <span class='ocrx_word' id='word_1_183' title='bbox 1673 2265 1685 2301; x_wconf 87' lang='lat'><strong>:</strong></span> <span class='ocrx_word' id='word_1_184' title='bbox 1717 2263 1812 2317; x_wconf 93' lang='lat' dir='ltr'><strong>pro</strong></span> 
     </span>
    </p>
   </div>
   <div class='ocr_carea' id='block_1_24' title="bbox 234 2338 1812 2411">
    <p class='ocr_par' dir='ltr' id='par_1_24' title="bbox 234 2338 1812 2411">
     <span class='ocr_line' id='line_1_24' title="bbox 234 2338 1812 2411; baseline -0.002 -12"><span class='ocrx_word' id='word_1_185' title='bbox 234 2343 404 2399; x_wconf 87' lang='lat' dir='ltr'><strong>tabula</strong></span> <span class='ocrx_word' id='word_1_186' title='bbox 445 2341 594 2398; x_wconf 83' lang='lat' dir='ltr'><strong>dedit</strong></span> <span class='ocrx_word' id='word_1_187' title='bbox 629 2341 910 2396; x_wconf 90' lang='lat' dir='ltr'><strong>mundum.</strong></span> <span class='ocrx_word' id='word_1_188' title='bbox 954 2338 1140 2411; x_wconf 84' lang='lat' dir='ltr'><strong>Neque</strong></span> <span class='ocrx_word' id='word_1_189' title='bbox 1177 2339 1229 2393; x_wconf 91' lang='lat' dir='ltr'><strong>in</strong></span> <span class='ocrx_word' id='word_1_190' title='bbox 1279 2339 1362 2394; x_wconf 90' lang='lat' dir='ltr'><strong>his</strong></span> <span class='ocrx_word' id='word_1_191' title='bbox 1407 2339 1648 2395; x_wconf 87' lang='lat' dir='ltr'><strong>meditati</strong></span> <span class='ocrx_word' id='word_1_192' title='bbox 1688 2351 1812 2396; x_wconf 83' lang='lat' dir='ltr'><strong>sunt</strong></span> 
     </span>
    </p>
   </div>
   <div class='ocr_carea' id='block_1_25' title="bbox 233 2431 1810 2507">
    <p class='ocr_par' dir='ltr' id='par_1_25' title="bbox 233 2431 1810 2507">
     <span class='ocr_line' id='line_1_25' title="bbox 233 2431 1810 2507; baseline -0.001 -18"><span class='ocrx_word' id='word_1_193' title='bbox 233 2434 548 2507; x_wconf 79' lang='lat' dir='ltr'><strong>philosophi,</strong></span> <span class='ocrx_word' id='word_1_194' title='bbox 581 2449 752 2504; x_wconf 90' lang='lat' dir='ltr'><strong>neque</strong></span> <span class='ocrx_word' id='word_1_195' title='bbox 775 2432 852 2488; x_wconf 90' lang='lat' dir='ltr'><strong>illi</strong></span> <span class='ocrx_word' id='word_1_196' title='bbox 882 2431 1103 2502; x_wconf 85' lang='lat' dir='ltr'><strong>obsequi</strong></span> <span class='ocrx_word' id='word_1_197' title='bbox 1135 2431 1440 2498; x_wconf 90' lang='lat' dir='ltr'><strong>voluerunt,</strong></span> <span class='ocrx_word' id='word_1_198' title='bbox 1471 2446 1646 2503; x_wconf 90' lang='lat' dir='ltr'><strong>neque</strong></span> <span class='ocrx_word' id='word_1_199' title='bbox 1673 2431 1810 2488; x_wconf 91' lang='lat' dir='ltr'><strong>hanc</strong></span> 
     </span>
    </p>
   </div>
   <div class='ocr_carea' id='block_1_26' title="bbox 229 2525 1809 2600">
    <p class='ocr_par' dir='ltr' id='par_1_26' title="bbox 229 2525 1809 2600">
     <span class='ocr_line' id='line_1_26' title="bbox 229 2525 1809 2600; baseline 0 -16"><span class='ocrx_word' id='word_1_200' title='bbox 229 2530 290 2584; x_wconf 90' lang='lat' dir='ltr'><strong>ad</strong></span> <span class='ocrx_word' id='word_1_201' title='bbox 313 2530 486 2600; x_wconf 91' lang='lat' dir='ltr'><strong>ipsum</strong></span> <span class='ocrx_word' id='word_1_202' title='bbox 523 2527 725 2599; x_wconf 81' lang='lat' dir='ltr'><strong>ingredi</strong></span> <span class='ocrx_word' id='word_1_203' title='bbox 752 2528 914 2592; x_wconf 88' lang='lat' dir='ltr'><strong>viam,</strong></span> <span class='ocrx_word' id='word_1_204' title='bbox 943 2541 1102 2596; x_wconf 89' lang='lat' dir='ltr'><strong>quam</strong></span> <span class='ocrx_word' id='word_1_205' title='bbox 1131 2525 1217 2580; x_wconf 92' lang='lat' dir='ltr'><strong>ille</strong></span> <span class='ocrx_word' id='word_1_206' title='bbox 1237 2525 1488 2596; x_wconf 90' lang='lat' dir='ltr'><strong>jusserat.</strong></span> <span class='ocrx_word' id='word_1_207' title='bbox 1525 2526 1698 2582; x_wconf 87' lang='lat' dir='ltr'><strong>Aliam</strong></span> <span class='ocrx_word' id='word_1_208' title='bbox 1721 2527 1809 2585; x_wconf 84' lang='lat' dir='ltr'><strong>ille</strong></span> 
     </span>
    </p>
   </div>
   <div class='ocr_carea' id='block_1_27' title="bbox 228 2618 1808 2690">
    <p class='ocr_par' dir='ltr' id='par_1_27' title="bbox 228 2618 1808 2690">
     <span class='ocr_line' id='line_1_27' title="bbox 228 2618 1808 2690; baseline 0 -15"><span class='ocrx_word' id='word_1_209' title='bbox 228 2621 428 2676; x_wconf 77' lang='lat' dir='ltr'><strong>induxit</strong></span> <span class='ocrx_word' id='word_1_210' title='bbox 459 2620 600 2674; x_wconf 89' lang='lat' dir='ltr'><strong>viam</strong></span> <span class='ocrx_word' id='word_1_211' title='bbox 632 2618 814 2690; x_wconf 89' lang='lat' dir='ltr'><strong>priore</strong></span> <span class='ocrx_word' id='word_1_212' title='bbox 839 2620 1144 2684; x_wconf 89' lang='lat' dir='ltr'><strong>clariorem,</strong></span> <span class='ocrx_word' id='word_1_213' title='bbox 1189 2634 1307 2687; x_wconf 78' lang='lat' dir='ltr'><strong>qua:</strong></span> <span class='ocrx_word' id='word_1_214' title='bbox 1334 2619 1683 2688; x_wconf 91' lang='lat' dir='ltr'><strong>persuaderet</strong></span> <span class='ocrx_word' id='word_1_215' title='bbox 1711 2619 1808 2675; x_wconf 85' lang='lat' dir='ltr'><strong>ho-</strong></span> 
     </span>
    </p>
   </div>
   <div class='ocr_carea' id='block_1_28' title="bbox 226 2710 1808 2780">
    <p class='ocr_par' dir='ltr' id='par_1_28' title="bbox 226 2710 1808 2780">
     <span class='ocr_line' id='line_1_28' title="bbox 226 2710 1808 2780; baseline 0.001 -14"><span class='ocrx_word' id='word_1_216' title='bbox 226 2714 416 2768; x_wconf 84' lang='lat' dir='ltr'><strong>minem</strong></span> <span class='ocrx_word' id='word_1_217' title='bbox 445 2711 620 2767; x_wconf 89' lang='lat' dir='ltr'><strong>solum</strong></span> <span class='ocrx_word' id='word_1_218' title='bbox 651 2726 759 2766; x_wconf 92' lang='lat' dir='ltr'><strong>non</strong></span> <span class='ocrx_word' id='word_1_219' title='bbox 786 2711 888 2767; x_wconf 89' lang='lat' dir='ltr'><strong>sibi</strong></span> <span class='ocrx_word' id='word_1_220' title='bbox 911 2711 1011 2780; x_wconf 88' lang='lat' dir='ltr'><strong>ipsi</strong></span> <span class='ocrx_word' id='word_1_221' title='bbox 1041 2711 1308 2766; x_wconf 90' lang='lat' dir='ltr'><strong>sulﬁcere.</strong></span> <span class='ocrx_word' id='word_1_222' title='bbox 1340 2710 1490 2766; x_wconf 88' lang='lat' dir='ltr'><strong>Tune</strong></span> <span class='ocrx_word' id='word_1_223' title='bbox 1514 2713 1655 2766; x_wconf 91' lang='lat' dir='ltr'><strong>enim</strong></span> <span class='ocrx_word' id='word_1_224' title='bbox 1687 2713 1808 2768; x_wconf 89' lang='lat' dir='ltr'><strong>liee-</strong></span> 
     </span>
    </p>
   </div>
   <div class='ocr_carea' id='block_1_29' title="bbox 226 2803 1806 2875">
    <p class='ocr_par' dir='ltr' id='par_1_29' title="bbox 226 2803 1806 2875">
     <span class='ocr_line' id='line_1_29' title="bbox 226 2803 1806 2875; baseline 0.001 -16"><span class='ocrx_word' id='word_1_225' title='bbox 226 2805 311 2859; x_wconf 90' lang='lat' dir='ltr'><strong>bat</strong></span> <span class='ocrx_word' id='word_1_226' title='bbox 350 2804 629 2859; x_wconf 90' lang='lat' dir='ltr'><strong>ratiocinia</strong></span> <span class='ocrx_word' id='word_1_227' title='bbox 655 2819 896 2868; x_wconf 87' lang='lat' dir='ltr'><strong>movere,</strong></span> <span class='ocrx_word' id='word_1_228' title='bbox 945 2810 1000 2858; x_wconf 90' lang='lat' dir='ltr'><strong>et</strong></span> <span class='ocrx_word' id='word_1_229' title='bbox 1031 2813 1251 2858; x_wconf 88' lang='lat' dir='ltr'><strong>externa</strong></span> <span class='ocrx_word' id='word_1_230' title='bbox 1286 2803 1360 2856; x_wconf 94' lang='lat' dir='ltr'><strong>uti</strong></span> <span class='ocrx_word' id='word_1_231' title='bbox 1391 2803 1678 2874; x_wconf 87' lang='lat' dir='ltr'><strong>sapientia,</strong></span> <span class='ocrx_word' id='word_1_232' title='bbox 1711 2820 1806 2875; x_wconf 86' lang='lat' dir='ltr'><strong>per</strong></span> 
     </span>
    </p>
   </div>
   <div class='ocr_carea' id='block_1_30' title="bbox 225 2897 1800 2967">
    <p class='ocr_par' dir='ltr' id='par_1_30' title="bbox 225 2897 1800 2967">
     <span class='ocr_line' id='line_1_30' title="bbox 225 2897 1800 2967; baseline -0.002 -13"><span class='ocrx_word' id='word_1_233' title='bbox 225 2915 304 2954; x_wconf 89' lang='lat' dir='ltr'><strong>res</strong></span> <span class='ocrx_word' id='word_1_234' title='bbox 326 2909 536 2953; x_wconf 87' lang='lat' dir='ltr'><strong>creatas</strong></span> <span class='ocrx_word' id='word_1_235' title='bbox 563 2897 754 2952; x_wconf 90' lang='lat' dir='ltr'><strong>ductos</strong></span> <span class='ocrx_word' id='word_1_236' title='bbox 783 2916 795 2951; x_wconf 90' lang='lat'>:</span> <span class='ocrx_word' id='word_1_237' title='bbox 829 2912 972 2951; x_wconf 89' lang='lat' dir='ltr'><strong>nunc</strong></span> <span class='ocrx_word' id='word_1_238' title='bbox 997 2907 1174 2951; x_wconf 90' lang='lat' dir='ltr'><strong>autem</strong></span> <span class='ocrx_word' id='word_1_239' title='bbox 1203 2897 1302 2951; x_wconf 91' lang='lat' dir='ltr'><strong>nisi</strong></span> <span class='ocrx_word' id='word_1_240' title='bbox 1330 2897 1448 2967; x_wconf 90' lang='lat' dir='ltr'><strong>quis</strong></span> <span class='ocrx_word' id='word_1_241' title='bbox 1470 2898 1662 2953; x_wconf 89' lang='lat' dir='ltr'><strong>stultus</strong></span> <span class='ocrx_word' id='word_1_242' title='bbox 1689 2899 1800 2967; x_wconf 90' lang='lat' dir='ltr'><strong>ﬁat,</strong></span> 
     </span>
    </p>
   </div>
   <div class='ocr_carea' id='block_1_31' title="bbox 225 2988 1803 3058">
    <p class='ocr_par' dir='ltr' id='par_1_31' title="bbox 225 2988 1803 3058">
     <span class='ocr_line' id='line_1_31' title="bbox 225 2988 1803 3058; baseline 0.001 -15"><span class='ocrx_word' id='word_1_243' title='bbox 225 2989 273 3043; x_wconf 91' lang='lat' dir='ltr'><strong>id</strong></span> <span class='ocrx_word' id='word_1_244' title='bbox 297 2998 396 3050; x_wconf 84' lang='lat' dir='ltr'><strong>cst,</strong></span> <span class='ocrx_word' id='word_1_245' title='bbox 432 2989 540 3043; x_wconf 89' lang='lat' dir='ltr'><strong>nisi</strong></span> <span class='ocrx_word' id='word_1_246' title='bbox 569 3003 728 3043; x_wconf 90' lang='lat' dir='ltr'><strong>omne</strong></span> <span class='ocrx_word' id='word_1_247' title='bbox 758 2988 1096 3042; x_wconf 87' lang='lat' dir='ltr'><strong>ratiocinium</strong></span> <span class='ocrx_word' id='word_1_248' title='bbox 1137 2998 1193 3042; x_wconf 90' lang='lat' dir='ltr'><strong>et</strong></span> <span class='ocrx_word' id='word_1_249' title='bbox 1230 3003 1444 3042; x_wconf 90' lang='lat' dir='ltr'><strong>omnem</strong></span> <span class='ocrx_word' id='word_1_250' title='bbox 1488 2989 1803 3058; x_wconf 87' lang='lat' dir='ltr'><strong>sapientiam</strong></span> 
     </span>
    </p>
   </div>
   <div class='ocr_carea' id='block_1_32' title="bbox 225 3081 1799 3154">
    <p class='ocr_par' dir='ltr' id='par_1_32' title="bbox 225 3081 1799 3154">
     <span class='ocr_line' id='line_1_32' title="bbox 225 3081 1799 3154; baseline 0 -16"><span class='ocrx_word' id='word_1_251' title='bbox 225 3093 437 3140; x_wconf 82' lang='lat' dir='ltr'><strong>evacuet</strong></span> <span class='ocrx_word' id='word_1_252' title='bbox 462 3098 529 3137; x_wconf 90' lang='lat' dir='ltr'><strong>ac</strong></span> <span class='ocrx_word' id='word_1_253' title='bbox 553 3082 676 3138; x_wconf 89' lang='lat' dir='ltr'><strong>ﬁdei</strong></span> <span class='ocrx_word' id='word_1_254' title='bbox 703 3098 762 3136; x_wconf 88' lang='lat' dir='ltr'><strong>se</strong></span> <span class='ocrx_word' id='word_1_255' title='bbox 788 3081 980 3147; x_wconf 85' lang='lat' dir='ltr'><strong>tradat,</strong></span> <span class='ocrx_word' id='word_1_256' title='bbox 1007 3082 1211 3136; x_wconf 88' lang='lat' dir='ltr'><strong>servari</strong></span> <span class='ocrx_word' id='word_1_257' title='bbox 1243 3082 1444 3152; x_wconf 87' lang='lat' dir='ltr'><strong>nequit.</strong></span> <span class='ocrx_word' id='word_1_258' title='bbox 1470 3081 1588 3138; x_wconf 90' lang='lat' dir='ltr'><strong>Non</strong></span> <span class='ocrx_word' id='word_1_259' title='bbox 1611 3098 1799 3154; x_wconf 86' lang='lat' dir='ltr'><strong>parum</strong></span> 
     </span>
    </p>
   </div>
   <div class='ocr_carea' id='block_1_33' title="bbox 225 3173 1797 3246">
    <p class='ocr_par' dir='ltr' id='par_1_33' title="bbox 225 3173 1797 3246">
     <span class='ocr_line' id='line_1_33' title="bbox 225 3173 1797 3246; baseline 0.001 -18"><span class='ocrx_word' id='word_1_260' title='bbox 225 3177 376 3245; x_wconf 81' lang='lat' dir='ltr'><strong>igitur</strong></span> <span class='ocrx_word' id='word_1_261' title='bbox 405 3185 512 3240; x_wconf 91' lang='lat' dir='ltr'><strong>est,</strong></span> <span class='ocrx_word' id='word_1_262' title='bbox 542 3175 686 3246; x_wconf 89' lang='lat' dir='ltr'><strong>quod</strong></span> <span class='ocrx_word' id='word_1_263' title='bbox 713 3189 833 3228; x_wconf 91' lang='lat' dir='ltr'><strong>eum</strong></span> <span class='ocrx_word' id='word_1_264' title='bbox 862 3173 1002 3228; x_wconf 89' lang='lat' dir='ltr'><strong>viam</strong></span> <span class='ocrx_word' id='word_1_265' title='bbox 1030 3173 1241 3228; x_wconf 79' lang='lat' dir='ltr'><strong>facilem</strong></span> <span class='ocrx_word' id='word_1_266' title='bbox 1283 3174 1613 3238; x_wconf 90' lang='lat' dir='ltr'><strong>reddiderit,</strong></span> <span class='ocrx_word' id='word_1_267' title='bbox 1651 3191 1797 3232; x_wconf 85' lang='lat' dir='ltr'><strong>mor-</strong></span> 
     </span>
    </p>
   </div>
   <div class='ocr_carea' id='block_1_34' title="bbox 225 3266 1802 3338">
    <p class='ocr_par' dir='ltr' id='par_1_34' title="bbox 225 3266 1802 3338">
     <span class='ocr_line' id='line_1_34' title="bbox 225 3266 1802 3338; baseline 0.003 -16"><span class='ocrx_word' id='word_1_268' title='bbox 225 3268 340 3322; x_wconf 87' lang='lat' dir='ltr'><strong>bum</strong></span> <span class='ocrx_word' id='word_1_269' title='bbox 372 3281 587 3338; x_wconf 90' lang='lat' dir='ltr'><strong>quoque</strong></span> <span class='ocrx_word' id='word_1_270' title='bbox 616 3266 740 3321; x_wconf 92' lang='lat' dir='ltr'><strong>inde</strong></span> <span class='ocrx_word' id='word_1_271' title='bbox 768 3277 945 3320; x_wconf 92' lang='lat' dir='ltr'><strong>ortum</strong></span> <span class='ocrx_word' id='word_1_272' title='bbox 973 3267 1258 3331; x_wconf 89' lang='lat' dir='ltr'><strong>evulserit,</strong></span> <span class='ocrx_word' id='word_1_273' title='bbox 1295 3277 1347 3321; x_wconf 93' lang='lat' dir='ltr'><strong>ut</strong></span> <span class='ocrx_word' id='word_1_274' title='bbox 1376 3282 1482 3324; x_wconf 90' lang='lat' dir='ltr'><strong>non</strong></span> <span class='ocrx_word' id='word_1_275' title='bbox 1504 3269 1802 3338; x_wconf 83' lang='lat' dir='ltr'><strong>glorientur</strong></span> 
     </span>
    </p>
   </div>
   <div class='ocr_carea' id='block_1_35' title="bbox 225 3359 1799 3432">
    <p class='ocr_par' dir='ltr' id='par_1_35' title="bbox 225 3359 1799 3432">
     <span class='ocr_line' id='line_1_35' title="bbox 225 3359 1799 3432; baseline 0.003 -19"><span class='ocrx_word' id='word_1_276' title='bbox 225 3359 457 3414; x_wconf 83' lang='lat' dir='ltr'><strong>homines</strong></span> <span class='ocrx_word' id='word_1_277' title='bbox 487 3374 665 3429; x_wconf 88' lang='lat' dir='ltr'><strong>neque</strong></span> <span class='ocrx_word' id='word_1_278' title='bbox 703 3360 870 3413; x_wconf 87' lang='lat' dir='ltr'><strong>altum</strong></span> <span class='ocrx_word' id='word_1_279' title='bbox 899 3359 1110 3429; x_wconf 89' lang='lat' dir='ltr'><strong>sapiant</strong></span> <span class='ocrx_word' id='word_1_280' title='bbox 1140 3376 1154 3412; x_wconf 91' lang='lat'>:</span> <span class='ocrx_word' id='word_1_281' title='bbox 1189 3359 1256 3414; x_wconf 93' lang='lat' dir='ltr'><strong>Ut</strong></span> <span class='ocrx_word' id='word_1_282' title='bbox 1288 3378 1390 3415; x_wconf 83' lang='lat' dir='ltr'><strong>non</strong></span> <span class='ocrx_word' id='word_1_283' title='bbox 1417 3361 1665 3432; x_wconf 80' lang='lat' dir='ltr'><strong>glorietur</strong></span> <span class='ocrx_word' id='word_1_284' title='bbox 1691 3381 1799 3418; x_wconf 85' lang='lat' dir='ltr'><strong>om-</strong></span> 
     </span>
    </p>
   </div>
   <div class='ocr_carea' id='block_1_36' title="bbox 223 3450 1797 3526">
    <p class='ocr_par' dir='ltr' id='par_1_36' title="bbox 223 3450 1797 3526">
     <span class='ocr_line' id='line_1_36' title="bbox 223 3450 1797 3526; baseline 0.005 -22"><span class='ocrx_word' id='word_1_285' title='bbox 223 3452 294 3504; x_wconf 77' lang='lat' dir='ltr'><strong>nis</strong></span> <span class='ocrx_word' id='word_1_286' title='bbox 317 3466 454 3505; x_wconf 86' lang='lat' dir='ltr'><strong>caro.</strong></span> <span class='ocrx_word' id='word_1_287' title='bbox 512 3450 647 3506; x_wconf 90' lang='lat' dir='ltr'><strong>llinc</strong></span> <span class='ocrx_word' id='word_1_288' title='bbox 687 3450 830 3506; x_wconf 91' lang='lat' dir='ltr'><strong>enim</strong></span> <span class='ocrx_word' id='word_1_289' title='bbox 859 3460 1132 3520; x_wconf 89' lang='lat' dir='ltr'><strong>peccatum</strong></span> <span class='ocrx_word' id='word_1_290' title='bbox 1176 3462 1351 3506; x_wconf 90' lang='lat' dir='ltr'><strong>ortum</strong></span> <span class='ocrx_word' id='word_1_291' title='bbox 1392 3462 1494 3521; x_wconf 92' lang='lat' dir='ltr'><strong>est,</strong></span> <span class='ocrx_word' id='word_1_292' title='bbox 1540 3455 1680 3526; x_wconf 91' lang='lat' dir='ltr'><strong>quod</strong></span> <span class='ocrx_word' id='word_1_293' title='bbox 1706 3457 1797 3512; x_wconf 85' lang='lat' dir='ltr'><strong>Dei</strong></span> 
     </span>
    </p>
   </div>
   <div class='ocr_carea' id='block_1_37' title="bbox 223 3541 1798 3614">
    <p class='ocr_par' dir='ltr' id='par_1_37' title="bbox 223 3541 1798 3614">
     <span class='ocr_line' id='line_1_37' title="bbox 223 3541 1798 3614; baseline 0.004 -18"><span class='ocrx_word' id='word_1_294' title='bbox 223 3541 414 3612; x_wconf 88' lang='lat' dir='ltr'><strong>legibus</strong></span> <span class='ocrx_word' id='word_1_295' title='bbox 441 3558 507 3598; x_wconf 90' lang='lat' dir='ltr'><strong>se</strong></span> <span class='ocrx_word' id='word_1_296' title='bbox 533 3542 885 3612; x_wconf 90' lang='lat' dir='ltr'><strong>sapientiores</strong></span> <span class='ocrx_word' id='word_1_297' title='bbox 929 3558 1050 3598; x_wconf 87' lang='lat' dir='ltr'><strong>esse</strong></span> <span class='ocrx_word' id='word_1_298' title='bbox 1090 3545 1499 3614; x_wconf 89' lang='lat' dir='ltr'><strong>contenderint,</strong></span> <span class='ocrx_word' id='word_1_299' title='bbox 1555 3547 1798 3603; x_wconf 90' lang='lat' dir='ltr'><strong>uolentes</strong></span> 
     </span>
    </p>
   </div>
   <div class='ocr_carea' id='block_1_38' title="bbox 223 3633 1798 3706">
    <p class='ocr_par' dir='ltr' id='par_1_38' title="bbox 223 3633 1798 3706">
     <span class='ocr_line' id='line_1_38' title="bbox 223 3633 1798 3706; baseline 0.003 -18"><span class='ocrx_word' id='word_1_300' title='bbox 223 3635 286 3688; x_wconf 88' lang='lat' dir='ltr'><strong>ita</strong></span> <span class='ocrx_word' id='word_1_301' title='bbox 312 3633 523 3688; x_wconf 88' lang='lat' dir='ltr'><strong>discere</strong></span> <span class='ocrx_word' id='word_1_302' title='bbox 544 3642 602 3687; x_wconf 91' lang='lat' dir='ltr'><strong>ut</strong></span> <span class='ocrx_word' id='word_1_303' title='bbox 622 3633 710 3689; x_wconf 89' lang='lat' dir='ltr'><strong>ille</strong></span> <span class='ocrx_word' id='word_1_304' title='bbox 737 3635 1032 3688; x_wconf 90' lang='lat' dir='ltr'><strong>constituit.</strong></span> <span class='ocrx_word' id='word_1_305' title='bbox 1067 3635 1353 3705; x_wconf 79' lang='lat' dir='ltr'><strong>Propterea</strong></span> <span class='ocrx_word' id='word_1_306' title='bbox 1380 3653 1552 3706; x_wconf 91' lang='lat' dir='ltr'><strong>neque</strong></span> <span class='ocrx_word' id='word_1_307' title='bbox 1578 3639 1658 3694; x_wconf 90' lang='lat' dir='ltr'><strong>sic</strong></span> <span class='ocrx_word' id='word_1_308' title='bbox 1683 3654 1798 3693; x_wconf 80' lang='lat' dir='ltr'><strong>om-</strong></span> 
     </span>
    </p>
   </div>
   <div class='ocr_carea' id='block_1_39' title="bbox 222 3723 1797 3784">
    <p class='ocr_par' dir='ltr' id='par_1_39' title="bbox 222 3723 1797 3784">
     <span class='ocr_line' id='line_1_39' title="bbox 222 3723 1797 3784; baseline 0.004 -7"><span class='ocrx_word' id='word_1_309' title='bbox 222 3724 340 3778; x_wconf 87' lang='lat' dir='ltr'><strong>nino</strong></span> <span class='ocrx_word' id='word_1_310' title='bbox 359 3724 683 3780; x_wconf 89' lang='lat' dir='ltr'><strong>didicerunt.</strong></span> <span class='ocrx_word' id='word_1_311' title='bbox 705 3723 795 3781; x_wconf 87' lang='lat' dir='ltr'><strong>Sic</strong></span> <span class='ocrx_word' id='word_1_312' title='bbox 823 3725 984 3779; x_wconf 91' lang='lat' dir='ltr'><strong>etiam</strong></span> <span class='ocrx_word' id='word_1_313' title='bbox 1012 3725 1206 3779; x_wconf 86' lang='lat' dir='ltr'><strong>factum</strong></span> <span class='ocrx_word' id='word_1_314' title='bbox 1235 3735 1320 3782; x_wconf 90' lang='lat' dir='ltr'><strong>est</strong></span> <span class='ocrx_word' id='word_1_315' title='bbox 1355 3727 1424 3782; x_wconf 89' lang='lat' dir='ltr'><strong>ab</strong></span> <span class='ocrx_word' id='word_1_316' title='bbox 1454 3729 1624 3783; x_wconf 90' lang='lat' dir='ltr'><strong>initio.</strong></span> <span class='ocrx_word' id='word_1_317' title='bbox 1657 3729 1797 3784; x_wconf 81' lang='lat' dir='ltr'><strong>Dixit</strong></span> 
     </span>
    </p>
   </div>
   <div class='ocr_carea' id='block_1_40' title="bbox 221 3815 1796 3892">
    <p class='ocr_par' dir='ltr' id='par_1_40' title="bbox 221 3815 1796 3892">
     <span class='ocr_line' id='line_1_40' title="bbox 221 3815 1796 3892; baseline 0.005 -22"><span class='ocrx_word' id='word_1_318' title='bbox 221 3815 436 3882; x_wconf 83' lang='lat' dir='ltr'><strong>Adamo,</strong></span> <span class='ocrx_word' id='word_1_319' title='bbox 485 3815 603 3872; x_wconf 82' lang='lat' dir='ltr'><strong>Hoc</strong></span> <span class='ocrx_word' id='word_1_320' title='bbox 629 3816 732 3883; x_wconf 82' lang='lat' dir='ltr'><strong>fac,</strong></span> <span class='ocrx_word' id='word_1_321' title='bbox 764 3815 866 3872; x_wconf 89' lang='lat' dir='ltr'><strong>hoc</strong></span> <span class='ocrx_word' id='word_1_322' title='bbox 893 3834 963 3874; x_wconf 93' lang='lat' dir='ltr'><strong>ne</strong></span> <span class='ocrx_word' id='word_1_323' title='bbox 988 3817 1204 3874; x_wconf 81' lang='lat' dir='ltr'><strong>feceris.</strong></span> <span class='ocrx_word' id='word_1_324' title='bbox 1235 3819 1329 3875; x_wconf 90' lang='lat' dir='ltr'><strong>lllc</strong></span> <span class='ocrx_word' id='word_1_325' title='bbox 1349 3835 1407 3876; x_wconf 90' lang='lat' dir='ltr'><strong>se</strong></span> <span class='ocrx_word' id='word_1_326' title='bbox 1435 3821 1586 3891; x_wconf 89' lang='lat' dir='ltr'><strong>plura</strong></span> <span class='ocrx_word' id='word_1_327' title='bbox 1615 3838 1796 3892; x_wconf 73' lang='lat' dir='ltr'><strong>reper—</strong></span> 
     </span>
    </p>
   </div>
   <div class='ocr_carea' id='block_1_41' title="bbox 224 3906 1795 3981">
    <p class='ocr_par' dir='ltr' id='par_1_41' title="bbox 224 3906 1795 3981">
     <span class='ocr_line' id='line_1_41' title="bbox 224 3906 1795 3981; baseline 0.005 -21"><span class='ocrx_word' id='word_1_328' title='bbox 224 3917 388 3961; x_wconf 91' lang='lat' dir='ltr'><strong>turum</strong></span> <span class='ocrx_word' id='word_1_329' title='bbox 425 3921 676 3978; x_wconf 86' lang='lat' dir='ltr'><strong>sperans,</strong></span> <span class='ocrx_word' id='word_1_330' title='bbox 706 3906 1036 3978; x_wconf 88' lang='lat' dir='ltr'><strong>obsequutus</strong></span> <span class='ocrx_word' id='word_1_331' title='bbox 1065 3924 1170 3964; x_wconf 90' lang='lat' dir='ltr'><strong>non</strong></span> <span class='ocrx_word' id='word_1_332' title='bbox 1193 3919 1294 3976; x_wconf 91' lang='lat' dir='ltr'><strong>est,</strong></span> <span class='ocrx_word' id='word_1_333' title='bbox 1319 3920 1373 3966; x_wconf 89' lang='lat' dir='ltr'><strong>et</strong></span> <span class='ocrx_word' id='word_1_334' title='bbox 1393 3911 1534 3981; x_wconf 92' lang='lat' dir='ltr'><strong>quod</strong></span> <span class='ocrx_word' id='word_1_335' title='bbox 1567 3912 1795 3969; x_wconf 85' lang='lat' dir='ltr'><strong>habebat</strong></span> 
     </span>
    </p>
   </div>
   <div class='ocr_carea' id='block_1_42' title="bbox 221 3999 1794 4070">
    <p class='ocr_par' dir='ltr' id='par_1_42' title="bbox 221 3999 1794 4070">
     <span class='ocr_line' id='line_1_42' title="bbox 221 3999 1794 4070; baseline 0.006 -16"><span class='ocrx_word' id='word_1_336' title='bbox 221 3999 460 4068; x_wconf 87' lang='lat' dir='ltr'><strong>perdidit.</strong></span> <span class='ocrx_word' id='word_1_337' title='bbox 493 3999 639 4054; x_wconf 91' lang='lat' dir='ltr'><strong>Dixit</strong></span> <span class='ocrx_word' id='word_1_338' title='bbox 665 4000 729 4054; x_wconf 86' lang='lat' dir='ltr'><strong>iis</strong></span> <span class='ocrx_word' id='word_1_339' title='bbox 772 4001 861 4070; x_wconf 92' lang='lat' dir='ltr'><strong>qui</strong></span> <span class='ocrx_word' id='word_1_340' title='bbox 902 4010 1085 4070; x_wconf 90' lang='lat' dir='ltr'><strong>postea</strong></span> <span class='ocrx_word' id='word_1_341' title='bbox 1128 4001 1300 4070; x_wconf 82' lang='lat' dir='ltr'><strong>fuere,</strong></span> <span class='ocrx_word' id='word_1_342' title='bbox 1346 4003 1424 4059; x_wconf 88' lang='lat' dir='ltr'><strong>Ne</strong></span> <span class='ocrx_word' id='word_1_343' title='bbox 1454 4005 1505 4060; x_wconf 93' lang='lat' dir='ltr'><strong>in</strong></span> <span class='ocrx_word' id='word_1_344' title='bbox 1536 4021 1596 4062; x_wconf 92' lang='lat' dir='ltr'><strong>re</strong></span> <span class='ocrx_word' id='word_1_345' title='bbox 1616 4017 1794 4063; x_wconf 90' lang='lat' dir='ltr'><strong>creata</strong></span> 
     </span>
    </p>
   </div>
   <div class='ocr_carea' id='block_1_43' title="bbox 220 4091 1789 4169">
    <p class='ocr_par' dir='ltr' id='par_1_43' title="bbox 220 4091 1789 4169">
     <span class='ocr_line' id='line_1_43' title="bbox 220 4091 1789 4169; baseline 0.007 -23"><span class='ocrx_word' id='word_1_346' title='bbox 220 4093 507 4161; x_wconf 86' lang='lat' dir='ltr'><strong>consistite,</strong></span> <span class='ocrx_word' id='word_1_347' title='bbox 551 4091 648 4148; x_wconf 90' lang='lat' dir='ltr'><strong>sed</strong></span> <span class='ocrx_word' id='word_1_348' title='bbox 691 4108 786 4163; x_wconf 90' lang='lat' dir='ltr'><strong>per</strong></span> <span class='ocrx_word' id='word_1_349' title='bbox 809 4093 954 4148; x_wconf 90' lang='lat' dir='ltr'><strong>illam</strong></span> <span class='ocrx_word' id='word_1_350' title='bbox 994 4095 1302 4152; x_wconf 87' lang='lat' dir='ltr'><strong>Creatorem</strong></span> <span class='ocrx_word' id='word_1_351' title='bbox 1331 4101 1789 4169; x_wconf 91' lang='lat' dir='ltr'><strong>contemplamini.</strong></span> 
     </span>
    </p>
   </div>
   <div class='ocr_carea' id='block_1_44' title="bbox 219 4184 1789 4261">
    <p class='ocr_par' dir='ltr' id='par_1_44' title="bbox 219 4184 1789 4261">
     <span class='ocr_line' id='line_1_44' title="bbox 219 4184 1789 4261; baseline 0.008 -22"><span class='ocrx_word' id='word_1_352' title='bbox 219 4184 294 4240; x_wconf 89' lang='lat' dir='ltr'><strong>llli</strong></span> <span class='ocrx_word' id='word_1_353' title='bbox 333 4195 534 4253; x_wconf 84' lang='lat' dir='ltr'><strong>autem,</strong></span> <span class='ocrx_word' id='word_1_354' title='bbox 561 4186 715 4257; x_wconf 91' lang='lat' dir='ltr'><strong>quasi</strong></span> <span class='ocrx_word' id='word_1_355' title='bbox 739 4188 864 4257; x_wconf 92' lang='lat' dir='ltr'><strong>quid</strong></span> <span class='ocrx_word' id='word_1_356' title='bbox 906 4187 1063 4243; x_wconf 89' lang='lat' dir='ltr'><strong>dietis</strong></span> <span class='ocrx_word' id='word_1_357' title='bbox 1095 4191 1390 4259; x_wconf 88' lang='lat' dir='ltr'><strong>sapientius</strong></span> <span class='ocrx_word' id='word_1_358' title='bbox 1422 4193 1751 4251; x_wconf 88' lang='lat' dir='ltr'><strong>invenissent</strong></span> <span class='ocrx_word' id='word_1_359' title='bbox 1774 4238 1789 4261; x_wconf 87' lang='lat'><strong>,</strong></span> 
     </span>
    </p>
   </div>
   <div class='ocr_carea' id='block_1_45' title="bbox 221 4277 1787 4354">
    <p class='ocr_par' dir='ltr' id='par_1_45' title="bbox 221 4277 1787 4354">
     <span class='ocr_line' id='line_1_45' title="bbox 221 4277 1787 4354; baseline 0.008 -23"><span class='ocrx_word' id='word_1_360' title='bbox 221 4277 523 4333; x_wconf 87' lang='lat' dir='ltr'><strong>innumeros</strong></span> <span class='ocrx_word' id='word_1_361' title='bbox 551 4289 831 4333; x_wconf 89' lang='lat' dir='ltr'><strong>moverunt</strong></span> <span class='ocrx_word' id='word_1_362' title='bbox 857 4279 1209 4352; x_wconf 85' lang='lat' dir='ltr'><strong>labyrinthos.</strong></span> <span class='ocrx_word' id='word_1_363' title='bbox 1241 4284 1582 4354; x_wconf 79' lang='lat' dir='ltr'><strong>Quapropter</strong></span> <span class='ocrx_word' id='word_1_364' title='bbox 1612 4297 1668 4342; x_wconf 89' lang='lat' dir='ltr'><strong>et</strong></span> <span class='ocrx_word' id='word_1_365' title='bbox 1694 4303 1787 4342; x_wconf 90' lang='lat' dir='ltr'><strong>se-</strong></span> 
     </span>
    </p>
   </div>
   <div class='ocr_carea' id='block_1_46' title="bbox 219 4373 1790 4449">
    <p class='ocr_par' dir='ltr' id='par_1_46' title="bbox 219 4373 1790 4449">
     <span class='ocr_line' id='line_1_46' title="bbox 219 4373 1790 4449; baseline 0.008 -24"><span class='ocrx_word' id='word_1_366' title='bbox 219 4387 330 4425; x_wconf 90' lang='lat' dir='ltr'><strong>cum</strong></span> <span class='ocrx_word' id='word_1_367' title='bbox 359 4382 411 4426; x_wconf 91' lang='lat' dir='ltr'><strong>et</strong></span> <span class='ocrx_word' id='word_1_368' title='bbox 439 4373 580 4428; x_wconf 90' lang='lat' dir='ltr'><strong>inter</strong></span> <span class='ocrx_word' id='word_1_369' title='bbox 604 4388 664 4428; x_wconf 90' lang='lat' dir='ltr'><strong>se</strong></span> <span class='ocrx_word' id='word_1_370' title='bbox 689 4384 872 4427; x_wconf 91' lang='lat' dir='ltr'><strong>mutuo</strong></span> <span class='ocrx_word' id='word_1_371' title='bbox 897 4374 1272 4441; x_wconf 81' lang='lat' dir='ltr'><strong>conﬂixerunt,</strong></span> <span class='ocrx_word' id='word_1_372' title='bbox 1315 4392 1380 4432; x_wconf 90' lang='lat' dir='ltr'><strong>ac</strong></span> <span class='ocrx_word' id='word_1_373' title='bbox 1413 4393 1585 4449; x_wconf 90' lang='lat' dir='ltr'><strong>neque</strong></span> <span class='ocrx_word' id='word_1_374' title='bbox 1624 4381 1790 4437; x_wconf 88' lang='lat' dir='ltr'><strong>Deum</strong></span> 
     </span>
    </p>
   </div>
   <div class='ocr_carea' id='block_1_47' title="bbox 222 4464 1788 4542">
    <p class='ocr_par' dir='ltr' id='par_1_47' title="bbox 222 4464 1788 4542">
     <span class='ocr_line' id='line_1_47' title="bbox 222 4464 1788 4542; baseline 0.007 -27"><span class='ocrx_word' id='word_1_375' title='bbox 222 4464 551 4531; x_wconf 82' lang='lat' dir='ltr'><strong>invenerunt,</strong></span> <span class='ocrx_word' id='word_1_376' title='bbox 581 4479 753 4534; x_wconf 92' lang='lat' dir='ltr'><strong>neque</strong></span> <span class='ocrx_word' id='word_1_377' title='bbox 775 4465 842 4520; x_wconf 91' lang='lat' dir='ltr'><strong>de</strong></span> <span class='ocrx_word' id='word_1_378' title='bbox 871 4481 929 4520; x_wconf 90' lang='lat' dir='ltr'><strong>re</strong></span> <span class='ocrx_word' id='word_1_379' title='bbox 959 4475 1142 4521; x_wconf 87' lang='lat' dir='ltr'><strong>creata</strong></span> <span class='ocrx_word' id='word_1_380' title='bbox 1173 4467 1299 4536; x_wconf 92' lang='lat' dir='ltr'><strong>quid</strong></span> <span class='ocrx_word' id='word_1_381' title='bbox 1326 4467 1474 4526; x_wconf 91' lang='lat' dir='ltr'><strong>ciare</strong></span> <span class='ocrx_word' id='word_1_382' title='bbox 1503 4485 1788 4542; x_wconf 85' lang='lat' dir='ltr'><strong>noverunt,</strong></span> 
     </span>
    </p>
   </div>
   <div class='ocr_carea' id='block_1_48' title="bbox 223 4561 1790 4636">
    <p class='ocr_par' dir='ltr' id='par_1_48' title="bbox 223 4561 1790 4636">
     <span class='ocr_line' id='line_1_48' title="bbox 223 4561 1790 4636; baseline 0.008 -26"><span class='ocrx_word' id='word_1_383' title='bbox 223 4572 383 4626; x_wconf 88' lang='lat' dir='ltr'><strong>neque</strong></span> <span class='ocrx_word' id='word_1_384' title='bbox 420 4568 808 4630; x_wconf 76' lang='lat' dir='ltr'><strong>congruentem</strong></span> <span class='ocrx_word' id='word_1_385' title='bbox 855 4567 909 4614; x_wconf 91' lang='lat' dir='ltr'><strong>et</strong></span> <span class='ocrx_word' id='word_1_386' title='bbox 949 4575 1130 4615; x_wconf 79' lang='lat' dir='ltr'><strong>veram</strong></span> <span class='ocrx_word' id='word_1_387' title='bbox 1159 4561 1301 4616; x_wconf 90' lang='lat' dir='ltr'><strong>circa</strong></span> <span class='ocrx_word' id='word_1_388' title='bbox 1337 4575 1455 4618; x_wconf 88' lang='lat' dir='ltr'><strong>eam</strong></span> <span class='ocrx_word' id='word_1_389' title='bbox 1483 4565 1790 4636; x_wconf 91' lang='lat' dir='ltr'><strong>opinionem</strong></span> 
     </span>
    </p>
   </div>
   <div class='ocr_carea' id='block_1_49' title="bbox 223 4647 1788 4726">
    <p class='ocr_par' dir='ltr' id='par_1_49' title="bbox 223 4647 1788 4726">
     <span class='ocr_line' id='line_1_49' title="bbox 223 4647 1788 4726; baseline 0.011 -28"><span class='ocrx_word' id='word_1_390' title='bbox 223 4647 531 4703; x_wconf 87' lang='lat' dir='ltr'><strong>habuerunt.</strong></span> <span class='ocrx_word' id='word_1_391' title='bbox 561 4647 688 4704; x_wconf 88' lang='lat' dir='ltr'><strong>Ideo</strong></span> <span class='ocrx_word' id='word_1_392' title='bbox 714 4663 926 4704; x_wconf 90' lang='lat' dir='ltr'><strong>rursum</strong></span> <span class='ocrx_word' id='word_1_393' title='bbox 951 4666 1140 4721; x_wconf 89' lang='lat' dir='ltr'><strong>magna</strong></span> <span class='ocrx_word' id='word_1_394' title='bbox 1165 4652 1214 4706; x_wconf 90' lang='lat' dir='ltr'><strong>vi</strong></span> <span class='ocrx_word' id='word_1_395' title='bbox 1239 4653 1452 4710; x_wconf 92' lang='lat' dir='ltr'><strong>illorum</strong></span> <span class='ocrx_word' id='word_1_396' title='bbox 1483 4658 1788 4726; x_wconf 90' lang='lat' dir='ltr'><strong>opinionem</strong></span> 
     </span>
    </p>
   </div>
   <div class='ocr_carea' id='block_1_50' title="bbox 223 4738 1792 4812">
    <p class='ocr_par' dir='ltr' id='par_1_50' title="bbox 223 4738 1792 4812">
     <span class='ocr_line' id='line_1_50' title="bbox 223 4738 1792 4812; baseline 0.011 -19"><span class='ocrx_word' id='word_1_397' title='bbox 223 4738 504 4806; x_wconf 83' lang='lat' dir='ltr'><strong>decutiens,</strong></span> <span class='ocrx_word' id='word_1_398' title='bbox 529 4739 770 4797; x_wconf 87' lang='lat' dir='ltr'><strong>indoctos</strong></span> <span class='ocrx_word' id='word_1_399' title='bbox 785 4741 1015 4811; x_wconf 90' lang='lat' dir='ltr'><strong>primum</strong></span> <span class='ocrx_word' id='word_1_400' title='bbox 1041 4743 1264 4812; x_wconf 79' lang='lat' dir='ltr'><strong>induxit,</strong></span> <span class='ocrx_word' id='word_1_401' title='bbox 1291 4749 1580 4806; x_wconf 88' lang='lat' dir='ltr'><strong>ostendens</strong></span> <span class='ocrx_word' id='word_1_402' title='bbox 1603 4767 1792 4810; x_wconf 88' lang='lat' dir='ltr'><strong>omnes</strong></span> 
     </span>
    </p>
   </div>
   <div class='ocr_carea' id='block_1_51' title="bbox 223 4831 1788 4909">
    <p class='ocr_par' dir='ltr' id='par_1_51' title="bbox 223 4831 1788 4909">
     <span class='ocr_line' id='line_1_51' title="bbox 223 4831 1788 4909; baseline 0.01 -23"><span class='ocrx_word' id='word_1_403' title='bbox 223 4847 437 4902; x_wconf 87' lang='lat' dir='ltr'><strong>superna</strong></span> <span class='ocrx_word' id='word_1_404' title='bbox 464 4831 729 4902; x_wconf 87' lang='lat' dir='ltr'><strong>sapientia</strong></span> <span class='ocrx_word' id='word_1_405' title='bbox 753 4848 889 4904; x_wconf 89' lang='lat' dir='ltr'><strong>opus</strong></span> <span class='ocrx_word' id='word_1_406' title='bbox 920 4833 1136 4892; x_wconf 86' lang='lat' dir='ltr'><strong>habere.</strong></span> <span class='ocrx_word' id='word_1_407' title='bbox 1183 4835 1368 4909; x_wconf 90' lang='lat' dir='ltr'><strong>Neque</strong></span> <span class='ocrx_word' id='word_1_408' title='bbox 1412 4841 1572 4897; x_wconf 91' lang='lat' dir='ltr'><strong>modo</strong></span> <span class='ocrx_word' id='word_1_409' title='bbox 1611 4844 1661 4899; x_wconf 93' lang='lat' dir='ltr'><strong>in</strong></span> <span class='ocrx_word' id='word_1_410' title='bbox 1693 4861 1788 4902; x_wconf 90' lang='lat' dir='ltr'><strong>co-</strong></span> 
     </span>
    </p>
   </div>
   <div class='ocr_carea' id='block_1_52' title="bbox 223 4913 1790 4995">
    <p class='ocr_par' dir='ltr' id='par_1_52' title="bbox 223 4913 1790 4995">
     <span class='ocr_line' id='line_1_52' title="bbox 223 4913 1790 4995; baseline 0.011 -19"><span class='ocrx_word' id='word_1_411' title='bbox 223 4924 460 4993; x_wconf 84' lang='lat' dir='ltr'><strong>gnitionis</strong></span> <span class='ocrx_word' id='word_1_412' title='bbox 506 4926 736 4993; x_wconf 81' lang='lat' dir='ltr'><strong>ratiOne,</strong></span> <span class='ocrx_word' id='word_1_413' title='bbox 785 4925 882 4982; x_wconf 86' lang='lat' dir='ltr'><strong>sed</strong></span> <span class='ocrx_word' id='word_1_414' title='bbox 919 4936 973 4984; x_wconf 89' lang='lat' dir='ltr'><strong>et</strong></span> <span class='ocrx_word' id='word_1_415' title='bbox 1015 4913 1092 4983; x_wconf 23' lang='lat' dir='ltr'><strong>in.</strong></span> <span class='ocrx_word' id='word_1_416' title='bbox 1118 4930 1242 4986; x_wconf 88' lang='lat' dir='ltr'><strong>aliis</strong></span> <span class='ocrx_word' id='word_1_417' title='bbox 1269 4933 1516 4990; x_wconf 90' lang='lat' dir='ltr'><strong>omnibus</strong></span> <span class='ocrx_word' id='word_1_418' title='bbox 1547 4935 1790 4995; x_wconf 88' lang='lat' dir='ltr'><strong>homines</strong></span> 
     </span>
    </p>
   </div>
   <div class='ocr_carea' id='block_1_53' title="bbox 223 5023 1789 5096">
    <p class='ocr_par' dir='ltr' id='par_1_53' title="bbox 223 5023 1789 5096">
     <span class='ocr_line' id='line_1_53' title="bbox 223 5023 1789 5096; baseline 0.01 -25"><span class='ocrx_word' id='word_1_419' title='bbox 223 5024 270 5070; x_wconf 85' lang='lat' dir='ltr'><strong>et</strong></span> <span class='ocrx_word' id='word_1_420' title='bbox 317 5031 502 5073; x_wconf 88' lang='lat' dir='ltr'><strong>omnes</strong></span> <span class='ocrx_word' id='word_1_421' title='bbox 563 5035 653 5075; x_wconf 90' lang='lat' dir='ltr'><strong>res</strong></span> <span class='ocrx_word' id='word_1_422' title='bbox 705 5029 914 5075; x_wconf 88' lang='lat' dir='ltr'><strong>creatas</strong></span> <span class='ocrx_word' id='word_1_423' title='bbox 976 5023 1196 5078; x_wconf 90' lang='lat' dir='ltr'><strong>omnino</strong></span> <span class='ocrx_word' id='word_1_424' title='bbox 1262 5039 1398 5096; x_wconf 90' lang='lat' dir='ltr'><strong>opus</strong></span> <span class='ocrx_word' id='word_1_425' title='bbox 1459 5026 1659 5085; x_wconf 91' lang='lat' dir='ltr'><strong>habere</strong></span> <span class='ocrx_word' id='word_1_426' title='bbox 1706 5033 1789 5086; x_wconf 90' lang='lat' dir='ltr'><strong>sui</strong></span> 
     </span>
    </p>
   </div>
   <div class='ocr_carea' id='block_1_54' title="bbox 222 5107 1790 5178">
    <p class='ocr_par' dir='ltr' id='par_1_54' title="bbox 222 5107 1790 5178">
     <span class='ocr_line' id='line_1_54' title="bbox 222 5107 1790 5178; baseline 0.013 -21"><span class='ocrx_word' id='word_1_427' title='bbox 222 5107 412 5174; x_wconf 83' lang='lat' dir='ltr'><strong>voluit,</strong></span> <span class='ocrx_word' id='word_1_428' title='bbox 443 5119 506 5165; x_wconf 90' lang='lat' dir='ltr'><strong>ut</strong></span> <span class='ocrx_word' id='word_1_429' title='bbox 561 5111 848 5166; x_wconf 78' lang='lat' dir='ltr'><strong>maximam</strong></span> <span class='ocrx_word' id='word_1_430' title='bbox 901 5113 1124 5170; x_wconf 89' lang='lat' dir='ltr'><strong>haberet</strong></span> <span class='ocrx_word' id='word_1_431' title='bbox 1169 5117 1505 5174; x_wconf 88' lang='lat' dir='ltr'><strong>occasionem</strong></span> <span class='ocrx_word' id='word_1_432' title='bbox 1555 5129 1611 5175; x_wconf 90' lang='lat' dir='ltr'><strong>et</strong></span> <span class='ocrx_word' id='word_1_433' title='bbox 1659 5123 1790 5178; x_wconf 83' lang='lat' dir='ltr'><strong>sub-</strong></span> 
     </span>
    </p>
   </div>
   <div class='ocr_carea' id='block_1_55' title="bbox 218 5198 1784 5285">
    <p class='ocr_par' dir='ltr' id='par_1_55' title="bbox 218 5198 1784 5285">
     <span class='ocr_line' id='line_1_55' title="bbox 218 5198 1784 5285; baseline 0.01 -31"><span class='ocrx_word' id='word_1_434' title='bbox 218 5198 452 5268; x_wconf 82' lang='lat' dir='ltr'><strong>jectionis</strong></span> <span class='ocrx_word' id='word_1_435' title='bbox 480 5211 536 5258; x_wconf 91' lang='lat' dir='ltr'><strong>et</strong></span> <span class='ocrx_word' id='word_1_436' title='bbox 560 5205 1002 5273; x_wconf 89' lang='lat' dir='ltr'><strong>necessitudinis,</strong></span> <span class='ocrx_word' id='word_1_437' title='bbox 1052 5223 1118 5262; x_wconf 86' lang='lat' dir='ltr'><strong>ne</strong></span> <span class='ocrx_word' id='word_1_438' title='bbox 1157 5225 1278 5278; x_wconf 75' lang='lat' dir='ltr'><strong>qua:</strong></span> <span class='ocrx_word' id='word_1_439' title='bbox 1322 5211 1610 5280; x_wconf 90' lang='lat' dir='ltr'><strong>resilirent,</strong></span> <span class='ocrx_word' id='word_1_440' title='bbox 1661 5229 1784 5285; x_wconf 87' lang='lat' dir='ltr'><strong>per-</strong></span> 
     </span>
    </p>
   </div>
   <div class='ocr_carea' id='block_1_56' title="bbox 222 5292 1789 5375">
    <p class='ocr_par' dir='ltr' id='par_1_56' title="bbox 222 5292 1789 5375">
     <span class='ocr_line' id='line_1_56' title="bbox 222 5292 1789 5375; baseline 0.011 -29"><span class='ocrx_word' id='word_1_441' title='bbox 222 5292 345 5349; x_wconf 88' lang='lat' dir='ltr'><strong>irent</strong></span> <span class='ocrx_word' id='word_1_442' title='bbox 379 5297 418 5350; x_wconf 76' lang='grc' dir='ltr'><strong>ί.</strong></span> <span class='ocrx_word' id='word_1_443' title='bbox 462 5295 694 5368; x_wconf 82' lang='lat' dir='ltr'><strong>Ideoque</strong></span> <span class='ocrx_word' id='word_1_444' title='bbox 733 5312 836 5352; x_wconf 93' lang='lat' dir='ltr'><strong>non</strong></span> <span class='ocrx_word' id='word_1_445' title='bbox 884 5300 1124 5370; x_wconf 82' lang='lat' dir='ltr'><strong>permisit</strong></span> <span class='ocrx_word' id='word_1_446' title='bbox 1157 5311 1216 5355; x_wconf 92' lang='lat' dir='ltr'><strong>ut</strong></span> <span class='ocrx_word' id='word_1_447' title='bbox 1253 5303 1352 5359; x_wconf 89' lang='lat' dir='ltr'><strong>sibi</strong></span> <span class='ocrx_word' id='word_1_448' title='bbox 1384 5305 1513 5375; x_wconf 86' lang='lat' dir='ltr'><strong>ipsis</strong></span> <span class='ocrx_word' id='word_1_449' title='bbox 1541 5306 1671 5362; x_wconf 90' lang='lat' dir='ltr'><strong>satis</strong></span> <span class='ocrx_word' id='word_1_450' title='bbox 1700 5322 1789 5362; x_wconf 73' lang='lat' dir='ltr'><strong>es-</strong></span> 
     </span>
    </p>
   </div>
   <div class='ocr_carea' id='block_1_57' title="bbox 254 5515 1787 5590">
    <p class='ocr_par' dir='ltr' id='par_1_57' title="bbox 254 5515 1787 5590">
     <span class='ocr_line' id='line_1_57' title="bbox 254 5515 1787 5590; baseline 0.012 -27"><span class='ocrx_word' id='word_1_451' title='bbox 254 5515 293 5585; x_wconf 52' lang='lat'><strong><em>}</em></strong></span> <span class='ocrx_word' id='word_1_452' title='bbox 324 5515 460 5578; x_wconf 70' lang='lat' dir='ltr'><strong>Haec,</strong></span> <span class='ocrx_word' id='word_1_453' title='bbox 481 5530 544 5569; x_wconf 81' lang='lat' dir='ltr'><strong>ne</strong></span> <span class='ocrx_word' id='word_1_454' title='bbox 574 5531 683 5584; x_wconf 71' lang='lat' dir='ltr'><strong>quae</strong></span> <span class='ocrx_word' id='word_1_455' title='bbox 714 5519 974 5584; x_wconf 81' lang='lat' dir='ltr'><strong>resilirent,</strong></span> <span class='ocrx_word' id='word_1_456' title='bbox 1001 5522 1386 5588; x_wconf 81' lang='lat' dir='ltr'><strong>perit&#39;ent,8avil.</strong></span> <span class='ocrx_word' id='word_1_457' title='bbox 1414 5531 1571 5590; x_wconf 77' lang='lat' dir='ltr'><strong>posuit</strong></span> <span class='ocrx_word' id='word_1_458' title='bbox 1595 5532 1640 5579; x_wconf 90' lang='lat' dir='ltr'><strong>in</strong></span> <span class='ocrx_word' id='word_1_459' title='bbox 1665 5545 1787 5583; x_wconf 86' lang='lat' dir='ltr'><strong>mar-</strong></span> 
     </span>
    </p>
   </div>
   <div class='ocr_carea' id='block_1_58' title="bbox 222 5587 343 5637">
    <p class='ocr_par' dir='ltr' id='par_1_58' title="bbox 222 5587 343 5637">
     <span class='ocr_line' id='line_1_58' title="bbox 222 5587 343 5637; baseline 0.025 -14"><span class='ocrx_word' id='word_1_460' title='bbox 222 5587 343 5637; x_wconf 78' lang='lat' dir='ltr'><strong>giae.</strong></span> 
     </span>
    </p>
   </div>
   <div class='ocr_carea' id='block_1_59' title="bbox 278 5659 1787 5730">
    <p class='ocr_par' dir='ltr' id='par_1_59' title="bbox 278 5659 1787 5730">
     <span class='ocr_line' id='line_1_59' title="bbox 278 5659 1787 5730; baseline 0.013 -21"><span class='ocrx_word' id='word_1_461' title='bbox 278 5659 344 5730; x_wconf 62' lang='grc' dir='ltr'><strong>(ρ)</strong></span> <span class='ocrx_word' id='word_1_462' title='bbox 364 5669 477 5730; x_wconf 63' lang='lat' dir='ltr'><strong>Quae</strong></span> <span class='ocrx_word' id='word_1_463' title='bbox 501 5667 691 5716; x_wconf 80' lang='lat' dir='ltr'><strong>uncinis</strong></span> <span class='ocrx_word' id='word_1_464' title='bbox 711 5664 1023 5726; x_wconf 87' lang='lat' dir='ltr'><strong>clauduntur,</strong></span> <span class='ocrx_word' id='word_1_465' title='bbox 1049 5669 1097 5718; x_wconf 90' lang='lat' dir='ltr'><strong>in</strong></span> <span class='ocrx_word' id='word_1_466' title='bbox 1122 5669 1341 5730; x_wconf 75' lang='lat' dir='ltr'><strong>margine</strong></span> <span class='ocrx_word' id='word_1_467' title='bbox 1366 5672 1528 5723; x_wconf 88' lang='lat' dir='ltr'><strong>t&#39;erunt</strong></span> <span class='ocrx_word' id='word_1_468' title='bbox 1549 5677 1708 5726; x_wconf 81' lang='lat' dir='ltr'><strong>Montf.</strong></span> <span class='ocrx_word' id='word_1_469' title='bbox 1737 5686 1787 5729; x_wconf 85' lang='lat' dir='ltr'><strong>et</strong></span> 
     </span>
    </p>
   </div>
   <div class='ocr_carea' id='block_1_60' title="bbox 225 5721 1429 5794">
    <p class='ocr_par' dir='ltr' id='par_1_60' title="bbox 225 5721 1429 5794">
     <span class='ocr_line' id='line_1_60' title="bbox 225 5721 1429 5794; baseline 0.012 -26"><span class='ocrx_word' id='word_1_470' title='bbox 225 5721 344 5771; x_wconf 71' lang='lat' dir='ltr'><strong>Saril.</strong></span> <span class='ocrx_word' id='word_1_471' title='bbox 369 5727 607 5790; x_wconf 79' lang='lat' dir='ltr'><strong>uobisque</strong></span> <span class='ocrx_word' id='word_1_472' title='bbox 629 5731 678 5778; x_wconf 88' lang='lat' dir='ltr'><strong>iu</strong></span> <span class='ocrx_word' id='word_1_473' title='bbox 701 5734 895 5780; x_wconf 85' lang='lat' dir='ltr'><strong>textum</strong></span> <span class='ocrx_word' id='word_1_474' title='bbox 912 5721 1136 5794; x_wconf 74' lang='lat' dir='ltr'><strong>recipere</strong></span> <span class='ocrx_word' id='word_1_475' title='bbox 1161 5721 1314 5783; x_wconf 62' lang='lat' dir='ltr'><strong>usam</strong></span> <span class='ocrx_word' id='word_1_476' title='bbox 1339 5743 1429 5782; x_wconf 83' lang='lat' dir='ltr'><strong>est.</strong></span> 
     </span>
    </p>
   </div>
   <div class='ocr_carea' id='block_1_61' title="bbox 1947 382 3532 466">
    <p class='ocr_par' dir='ltr' id='par_1_61' title="bbox 1947 382 3532 466">
     <span class='ocr_line' id='line_1_61' title="bbox 1947 382 3532 466; baseline 0.011 -31"><span class='ocrx_word' id='word_1_477' title='bbox 1947 390 2086 436; x_wconf 86' lang='lat' dir='ltr'><strong>sent.</strong></span> <span class='ocrx_word' id='word_1_478' title='bbox 2119 382 2249 438; x_wconf 90' lang='lat' dir='ltr'><strong>Nam</strong></span> <span class='ocrx_word' id='word_1_479' title='bbox 2281 384 2325 440; x_wconf 88' lang='lat' dir='ltr'><strong>si</strong></span> <span class='ocrx_word' id='word_1_480' title='bbox 2358 400 2500 440; x_wconf 90' lang='lat' dir='ltr'><strong>nunc</strong></span> <span class='ocrx_word' id='word_1_481' title='bbox 2549 386 2707 443; x_wconf 90' lang='lat' dir='ltr'><strong>etiam</strong></span> <span class='ocrx_word' id='word_1_482' title='bbox 2756 390 2908 445; x_wconf 92' lang='lat' dir='ltr'><strong>multi</strong></span> <span class='ocrx_word' id='word_1_483' title='bbox 2951 407 3072 448; x_wconf 89' lang='lat' dir='ltr'><strong>cum</strong></span> <span class='ocrx_word' id='word_1_484' title='bbox 3103 408 3237 466; x_wconf 89' lang='lat' dir='ltr'><strong>opus</strong></span> <span class='ocrx_word' id='word_1_485' title='bbox 3281 395 3532 466; x_wconf 87' lang='lat' dir='ltr'><strong>habeant,</strong></span> 
     </span>
    </p>
   </div>
   <div class='ocr_carea' id='block_1_62' title="bbox 1944 465 3536 555">
    <p class='ocr_par' dir='ltr' id='par_1_62' title="bbox 1944 465 3536 555">
     <span class='ocr_line' id='line_1_62' title="bbox 1944 465 3536 555; baseline 0.014 -29"><span class='ocrx_word' id='word_1_486' title='bbox 1944 472 2281 539; x_wconf 81' lang='lat' dir='ltr'><strong>despiciunt;</strong></span> <span class='ocrx_word' id='word_1_487' title='bbox 2315 465 2416 533; x_wconf 85' lang='lat' dir='ltr'><strong>nisi</strong></span> <span class='ocrx_word' id='word_1_488' title='bbox 2458 478 2562 534; x_wconf 92' lang='lat' dir='ltr'><strong>hoc</strong></span> <span class='ocrx_word' id='word_1_489' title='bbox 2603 478 2815 544; x_wconf 83' lang='lat' dir='ltr'><strong>fuisset,</strong></span> <span class='ocrx_word' id='word_1_490' title='bbox 2870 499 2977 554; x_wconf 91' lang='lat' dir='ltr'><strong>quo</strong></span> <span class='ocrx_word' id='word_1_491' title='bbox 3017 465 3284 555; x_wconf 71' lang='lat' dir='ltr'><strong>superbia:</strong></span> <span class='ocrx_word' id='word_1_492' title='bbox 3313 507 3418 547; x_wconf 91' lang='lat' dir='ltr'><strong>non</strong></span> <span class='ocrx_word' id='word_1_493' title='bbox 3447 507 3536 548; x_wconf 81' lang='lat' dir='ltr'><strong>as-</strong></span> 
     </span>
    </p>
   </div>
   <div class='ocr_carea' id='block_1_63' title="bbox 1943 565 3530 645">
    <p class='ocr_par' dir='ltr' id='par_1_63' title="bbox 1943 565 3530 645">
     <span class='ocr_line' id='line_1_63' title="bbox 1943 565 3530 645; baseline 0.013 -26"><span class='ocrx_word' id='word_1_494' title='bbox 1943 565 2292 623; x_wconf 80' lang='lat' dir='ltr'><strong>cendisseut&#39;!</strong></span> <span class='ocrx_word' id='word_1_495' title='bbox 2320 575 2501 641; x_wconf 90' lang='lat' dir='ltr'><strong>Itaque</strong></span> <span class='ocrx_word' id='word_1_496' title='bbox 2532 580 2731 627; x_wconf 87' lang='lat' dir='ltr'><strong>tantam</strong></span> <span class='ocrx_word' id='word_1_497' title='bbox 2759 573 2942 644; x_wconf 76' lang='lat' dir='ltr'><strong>gloria:</strong></span> <span class='ocrx_word' id='word_1_498' title='bbox 2971 581 3404 645; x_wconf 88' lang='lat' dir='ltr'><strong>ostentationem,</strong></span> <span class='ocrx_word' id='word_1_499' title='bbox 3425 600 3530 639; x_wconf 90' lang='lat' dir='ltr'><strong>non</strong></span> 
     </span>
    </p>
   </div>
   <div class='ocr_carea' id='block_1_64' title="bbox 1941 657 3527 732">
    <p class='ocr_par' dir='ltr' id='par_1_64' title="bbox 1941 657 3527 732">
     <span class='ocr_line' id='line_1_64' title="bbox 1941 657 3527 732; baseline 0.015 -23"><span class='ocrx_word' id='word_1_500' title='bbox 1941 671 2007 711; x_wconf 90' lang='lat' dir='ltr'><strong>ex</strong></span> <span class='ocrx_word' id='word_1_501' title='bbox 2056 657 2257 714; x_wconf 89' lang='lat' dir='ltr'><strong>invidia</strong></span> <span class='ocrx_word' id='word_1_502' title='bbox 2307 661 2394 716; x_wconf 89' lang='lat' dir='ltr'><strong>ille</strong></span> <span class='ocrx_word' id='word_1_503' title='bbox 2439 664 2692 732; x_wconf 90' lang='lat' dir='ltr'><strong>sustulit,</strong></span> <span class='ocrx_word' id='word_1_504' title='bbox 2736 667 2830 721; x_wconf 92' lang='lat' dir='ltr'><strong>sed</strong></span> <span class='ocrx_word' id='word_1_505' title='bbox 2865 676 2921 722; x_wconf 90' lang='lat' dir='ltr'><strong>ut</strong></span> <span class='ocrx_word' id='word_1_506' title='bbox 2961 670 3260 728; x_wconf 86' lang='lat' dir='ltr'><strong>retraheret</strong></span> <span class='ocrx_word' id='word_1_507' title='bbox 3301 674 3423 730; x_wconf 89' lang='lat' dir='ltr'><strong>illos</strong></span> <span class='ocrx_word' id='word_1_508' title='bbox 3464 693 3527 732; x_wconf 78' lang='lat' dir='ltr'><strong>ex</strong></span> 
     </span>
    </p>
   </div>
   <div class='ocr_carea' id='block_1_65' title="bbox 1941 752 3529 827">
    <p class='ocr_par' dir='ltr' id='par_1_65' title="bbox 1941 752 3529 827">
     <span class='ocr_line' id='line_1_65' title="bbox 1941 752 3529 827; baseline 0.013 -22"><span class='ocrx_word' id='word_1_509' title='bbox 1941 752 2177 821; x_wconf 88' lang='lat' dir='ltr'><strong>pernicie</strong></span> <span class='ocrx_word' id='word_1_510' title='bbox 2207 754 2330 810; x_wconf 90' lang='lat' dir='ltr'><strong>inde</strong></span> <span class='ocrx_word' id='word_1_511' title='bbox 2377 765 2547 826; x_wconf 89' lang='lat' dir='ltr'><strong>parta.</strong></span> <span class='ocrx_word' id='word_1_512' title='bbox 2603 759 2692 814; x_wconf 79' lang='grc'><strong>50.</strong></span> <span class='ocrx_word' id='word_1_513' title='bbox 2731 760 2810 814; x_wconf 75' lang='lat' dir='ltr'><strong>Ea:</strong></span> <span class='ocrx_word' id='word_1_514' title='bbox 2851 762 2962 827; x_wconf 81' lang='lat' dir='ltr'><strong>ipso</strong></span> <span class='ocrx_word' id='word_1_515' title='bbox 3009 775 3176 818; x_wconf 86' lang='lat' dir='ltr'><strong>autem</strong></span> <span class='ocrx_word' id='word_1_516' title='bbox 3209 783 3293 820; x_wconf 78' lang='lat' dir='ltr'><strong>vos</strong></span> <span class='ocrx_word' id='word_1_517' title='bbox 3327 779 3446 825; x_wconf 73' lang='lat' dir='ltr'><strong>estis</strong></span> <span class='ocrx_word' id='word_1_518' title='bbox 3477 773 3529 825; x_wconf 85' lang='lat' dir='ltr'><strong>in</strong></span> 
     </span>
    </p>
   </div>
   <div class='ocr_carea' id='block_1_66' title="bbox 1939 843 3528 932">
    <p class='ocr_par' dir='ltr' id='par_1_66' title="bbox 1939 843 3528 932">
     <span class='ocr_line' id='line_1_66' title="bbox 1939 843 3528 932; baseline 0.015 -35"><span class='ocrx_word' id='word_1_519' title='bbox 1939 843 2143 899; x_wconf 79' lang='lat' dir='ltr'><strong>Christo</strong></span> <span class='ocrx_word' id='word_1_520' title='bbox 2175 846 2322 914; x_wconf 74' lang='lat' dir='ltr'><strong>Iesu,</strong></span> <span class='ocrx_word' id='word_1_521' title='bbox 2369 851 2456 918; x_wconf 83' lang='lat' dir='ltr'><strong>qui</strong></span> <span class='ocrx_word' id='word_1_522' title='bbox 2504 851 2671 920; x_wconf 75' lang='lat' dir='ltr'><strong>factus</strong></span> <span class='ocrx_word' id='word_1_523' title='bbox 2714 864 2788 909; x_wconf 75' lang='lat' dir='ltr'><strong>est</strong></span> <span class='ocrx_word' id='word_1_524' title='bbox 2827 854 2969 911; x_wconf 74' lang='lat' dir='ltr'><strong>uobis</strong></span> <span class='ocrx_word' id='word_1_525' title='bbox 2998 859 3248 930; x_wconf 81' lang='lat' dir='ltr'><strong>rapientia</strong></span> <span class='ocrx_word' id='word_1_526' title='bbox 3273 879 3304 916; x_wconf 83' lang='grc' dir='ltr'>(ι</span> <span class='ocrx_word' id='word_1_527' title='bbox 3328 862 3454 932; x_wconf 83' lang='lat' dir='ltr'><strong>Deo,</strong></span> <span class='ocrx_word' id='word_1_528' title='bbox 3479 883 3528 922; x_wconf 75' lang='lat' dir='ltr'><strong>et</strong></span> 
     </span>
    </p>
   </div>
   <div class='ocr_carea' id='block_1_67' title="bbox 1930 935 3519 1028">
    <p class='ocr_par' dir='ltr' id='par_1_67' title="bbox 1930 935 3519 1028">
     <span class='ocr_line' id='line_1_67' title="bbox 1930 935 3519 1028; baseline 0.016 -40"><span class='ocrx_word' id='word_1_529' title='bbox 1930 935 2136 1006; x_wconf 80' lang='lat' dir='ltr'><strong>justitia</strong></span> <span class='ocrx_word' id='word_1_530' title='bbox 2175 949 2222 993; x_wconf 89' lang='lat' dir='ltr'><strong>et</strong></span> <span class='ocrx_word' id='word_1_531' title='bbox 2247 943 2587 1012; x_wconf 78' lang='lat' dir='ltr'><strong>sanctiﬁcatio</strong></span> <span class='ocrx_word' id='word_1_532' title='bbox 2627 954 2674 1000; x_wconf 88' lang='lat' dir='ltr'><strong>et</strong></span> <span class='ocrx_word' id='word_1_533' title='bbox 2716 948 3020 1019; x_wconf 83' lang='lat' dir='ltr'><strong>redemptio.</strong></span> <span class='ocrx_word' id='word_1_534' title='bbox 3070 951 3224 1021; x_wconf 90' lang='lat' dir='ltr'><strong>lllttd,</strong></span> <span class='ocrx_word' id='word_1_535' title='bbox 3275 955 3360 1012; x_wconf 81' lang='lat' dir='ltr'><strong>Ea:</strong></span> <span class='ocrx_word' id='word_1_536' title='bbox 3386 960 3519 1028; x_wconf 74' lang='lat' dir='ltr'><strong>ipso,</strong></span> 
     </span>
    </p>
   </div>
   <div class='ocr_carea' id='block_1_68' title="bbox 1937 1026 3521 1119">
    <p class='ocr_par' dir='ltr' id='par_1_68' title="bbox 1937 1026 3521 1119">
     <span class='ocr_line' id='line_1_68' title="bbox 1937 1026 3521 1119; baseline 0.016 -39"><span class='ocrx_word' id='word_1_537' title='bbox 1937 1041 2042 1080; x_wconf 89' lang='lat' dir='ltr'><strong>non</strong></span> <span class='ocrx_word' id='word_1_538' title='bbox 2071 1026 2140 1083; x_wconf 89' lang='lat' dir='ltr'><strong>de</strong></span> <span class='ocrx_word' id='word_1_539' title='bbox 2171 1031 2518 1098; x_wconf 85' lang='lat' dir='ltr'><strong>productione</strong></span> <span class='ocrx_word' id='word_1_540' title='bbox 2545 1035 2610 1090; x_wconf 89' lang='lat' dir='ltr'><strong>ad</strong></span> <span class='ocrx_word' id='word_1_541' title='bbox 2643 1039 2932 1094; x_wconf 84' lang='lat' dir='ltr'><strong>essentiam</strong></span> <span class='ocrx_word' id='word_1_542' title='bbox 2964 1044 3137 1110; x_wconf 64' lang='lat' dir='ltr'><strong>ipsum</strong></span> <span class='ocrx_word' id='word_1_543' title='bbox 3167 1046 3346 1102; x_wconf 88' lang='lat' dir='ltr'><strong>dicere</strong></span> <span class='ocrx_word' id='word_1_544' title='bbox 3372 1026 3521 1119; x_wconf 82' lang='lat' dir='ltr'><strong>puto,</strong></span> 
     </span>
    </p>
   </div>
   <div class='ocr_carea' id='block_1_69' title="bbox 1935 1121 3524 1205">
    <p class='ocr_par' dir='ltr' id='par_1_69' title="bbox 1935 1121 3524 1205">
     <span class='ocr_line' id='line_1_69' title="bbox 1935 1121 3524 1205; baseline 0.017 -32"><span class='ocrx_word' id='word_1_545' title='bbox 1935 1121 2028 1175; x_wconf 90' lang='lat' dir='ltr'><strong>sed</strong></span> <span class='ocrx_word' id='word_1_546' title='bbox 2059 1122 2126 1178; x_wconf 92' lang='lat' dir='ltr'><strong>de</strong></span> <span class='ocrx_word' id='word_1_547' title='bbox 2156 1123 2293 1190; x_wconf 91' lang='lat' dir='ltr'><strong>ﬁde;</strong></span> <span class='ocrx_word' id='word_1_548' title='bbox 2327 1126 2380 1181; x_wconf 90' lang='lat' dir='ltr'><strong>id</strong></span> <span class='ocrx_word' id='word_1_549' title='bbox 2409 1139 2525 1195; x_wconf 88' lang='lat' dir='ltr'><strong>est,</strong></span> <span class='ocrx_word' id='word_1_550' title='bbox 2560 1129 2697 1186; x_wconf 91' lang='lat' dir='ltr'><strong>ﬁlios</strong></span> <span class='ocrx_word' id='word_1_551' title='bbox 2727 1132 2818 1187; x_wconf 90' lang='lat' dir='ltr'><strong>Dei</strong></span> <span class='ocrx_word' id='word_1_552' title='bbox 2848 1134 2960 1190; x_wconf 90' lang='lat' dir='ltr'><strong>ﬁeri</strong></span> <span class='ocrx_word' id='word_1_553' title='bbox 2992 1136 3141 1205; x_wconf 90' lang='lat' dir='ltr'><strong>dicit,</strong></span> <span class='ocrx_word' id='word_1_554' title='bbox 3171 1155 3275 1195; x_wconf 90' lang='lat' dir='ltr'><strong>non</strong></span> <span class='ocrx_word' id='word_1_555' title='bbox 3302 1157 3368 1198; x_wconf 88' lang='lat' dir='ltr'><strong>ex</strong></span> <span class='ocrx_word' id='word_1_556' title='bbox 3397 1159 3524 1199; x_wconf 90' lang='lat' dir='ltr'><strong>san-</strong></span> 
     </span>
    </p>
   </div>
   <div class='ocr_carea' id='block_1_70' title="bbox 1933 1217 3520 1295">
    <p class='ocr_par' dir='ltr' id='par_1_70' title="bbox 1933 1217 3520 1295">
     <span class='ocr_line' id='line_1_70' title="bbox 1933 1217 3520 1295; baseline 0.017 -28"><span class='ocrx_word' id='word_1_557' title='bbox 1933 1217 2183 1286; x_wconf 85' lang='lat' dir='ltr'><strong>guiuibus</strong></span> <span class='ocrx_word' id='word_1_558' title='bbox 2213 1236 2385 1290; x_wconf 90' lang='lat' dir='ltr'><strong>neque</strong></span> <span class='ocrx_word' id='word_1_559' title='bbox 2413 1237 2477 1278; x_wconf 87' lang='lat' dir='ltr'><strong>ex</strong></span> <span class='ocrx_word' id='word_1_560' title='bbox 2501 1223 2775 1282; x_wconf 87' lang='lat' dir='ltr'><strong>voluntate</strong></span> <span class='ocrx_word' id='word_1_561' title='bbox 2816 1229 3013 1286; x_wconf 90' lang='lat' dir='ltr'><strong>carnis.</strong></span> <span class='ocrx_word' id='word_1_562' title='bbox 3073 1231 3151 1289; x_wconf 92' lang='lat' dir='ltr'><strong>Ne</strong></span> <span class='ocrx_word' id='word_1_563' title='bbox 3204 1236 3520 1295; x_wconf 77' lang='lat' dir='ltr'><strong>existimetis</strong></span> 
     </span>
    </p>
   </div>
   <div class='ocr_carea' id='block_1_71' title="bbox 1933 1316 3518 1391">
    <p class='ocr_par' dir='ltr' id='par_1_71' title="bbox 1933 1316 3518 1391">
     <span class='ocr_line' id='line_1_71' title="bbox 1933 1316 3518 1391; baseline 0.016 -29"><span class='ocrx_word' id='word_1_564' title='bbox 1933 1325 2080 1380; x_wconf 84' lang='lat' dir='ltr'><strong>ergo,</strong></span> <span class='ocrx_word' id='word_1_565' title='bbox 2116 1321 2396 1383; x_wconf 88' lang='lat' dir='ltr'><strong>postquam</strong></span> <span class='ocrx_word' id='word_1_566' title='bbox 2428 1332 2455 1367; x_wconf 90' lang='lat' dir='ltr'><strong>a</strong></span> <span class='ocrx_word' id='word_1_567' title='bbox 2487 1316 2806 1386; x_wconf 89' lang='lat' dir='ltr'><strong>gloriatione</strong></span> <span class='ocrx_word' id='word_1_568' title='bbox 2836 1336 2935 1377; x_wconf 92' lang='lat' dir='ltr'><strong>nos</strong></span> <span class='ocrx_word' id='word_1_569' title='bbox 2966 1338 3260 1391; x_wconf 87' lang='lat' dir='ltr'><strong>exemerat,</strong></span> <span class='ocrx_word' id='word_1_570' title='bbox 3297 1329 3376 1384; x_wconf 90' lang='lat' dir='ltr'><strong>sic</strong></span> <span class='ocrx_word' id='word_1_571' title='bbox 3429 1349 3518 1388; x_wconf 88' lang='lat' dir='ltr'><strong>re-</strong></span> 
     </span>
    </p>
   </div>
   <div class='ocr_carea' id='block_1_72' title="bbox 1931 1399 3515 1488">
    <p class='ocr_par' dir='ltr' id='par_1_72' title="bbox 1931 1399 3515 1488">
     <span class='ocr_line' id='line_1_72' title="bbox 1931 1399 3515 1488; baseline 0.016 -35"><span class='ocrx_word' id='word_1_572' title='bbox 1931 1399 2153 1470; x_wconf 86' lang='lat' dir='ltr'><strong>liquisse</strong></span> <span class='ocrx_word' id='word_1_573' title='bbox 2199 1404 2403 1459; x_wconf 91' lang='lat' dir='ltr'><strong>:aliam</strong></span> <span class='ocrx_word' id='word_1_574' title='bbox 2450 1408 2592 1463; x_wconf 90' lang='lat' dir='ltr'><strong>enim</strong></span> <span class='ocrx_word' id='word_1_575' title='bbox 2641 1411 2901 1481; x_wconf 78' lang='lat' dir='ltr'><strong>majorem</strong></span> <span class='ocrx_word' id='word_1_576' title='bbox 2947 1415 3094 1470; x_wconf 75' lang='lat' dir='ltr'><strong>dedit</strong></span> <span class='ocrx_word' id='word_1_577' title='bbox 3121 1418 3515 1488; x_wconf 88' lang='lat' dir='ltr'><strong>gloriationem.</strong></span> 
     </span>
    </p>
   </div>
   <div class='ocr_carea' id='block_1_73' title="bbox 1934 1492 3516 1581">
    <p class='ocr_par' dir='ltr' id='par_1_73' title="bbox 1934 1492 3516 1581">
     <span class='ocr_line' id='line_1_73' title="bbox 1934 1492 3516 1581; baseline 0.017 -35"><span class='ocrx_word' id='word_1_578' title='bbox 1934 1492 1989 1546; x_wconf 89' lang='lat' dir='ltr'><strong>ltt</strong></span> <span class='ocrx_word' id='word_1_579' title='bbox 2042 1508 2333 1565; x_wconf 82' lang='lat' dir='ltr'><strong>conSpectu</strong></span> <span class='ocrx_word' id='word_1_580' title='bbox 2389 1500 2531 1555; x_wconf 87' lang='lat' dir='ltr'><strong>enim</strong></span> <span class='ocrx_word' id='word_1_581' title='bbox 2579 1503 2694 1572; x_wconf 86' lang='lat' dir='ltr'><strong>ejus</strong></span> <span class='ocrx_word' id='word_1_582' title='bbox 2735 1521 2840 1559; x_wconf 89' lang='lat' dir='ltr'><strong>non</strong></span> <span class='ocrx_word' id='word_1_583' title='bbox 2886 1511 3360 1581; x_wconf 85' lang='lat' dir='ltr'><strong>oportetgloriari.</strong></span> <span class='ocrx_word' id='word_1_584' title='bbox 3398 1516 3516 1573; x_wconf 77' lang='lat' dir='ltr'><strong>Filii</strong></span> 
     </span>
    </p>
   </div>
   <div class='ocr_carea' id='block_1_74' title="bbox 1928 1587 3511 1675">
    <p class='ocr_par' dir='ltr' id='par_1_74' title="bbox 1928 1587 3511 1675">
     <span class='ocr_line' id='line_1_74' title="bbox 1928 1587 3511 1675; baseline 0.015 -36"><span class='ocrx_word' id='word_1_585' title='bbox 1928 1587 2046 1656; x_wconf 85' lang='lat' dir='ltr'><strong>ejus</strong></span> <span class='ocrx_word' id='word_1_586' title='bbox 2070 1589 2222 1654; x_wconf 85' lang='lat' dir='ltr'><strong>estis,</strong></span> <span class='ocrx_word' id='word_1_587' title='bbox 2256 1589 2357 1647; x_wconf 93' lang='lat' dir='ltr'><strong>hoc</strong></span> <span class='ocrx_word' id='word_1_588' title='bbox 2387 1592 2510 1648; x_wconf 84' lang='lat' dir='ltr'><strong>lacti</strong></span> <span class='ocrx_word' id='word_1_589' title='bbox 2543 1610 2637 1664; x_wconf 87' lang='lat' dir='ltr'><strong>per</strong></span> <span class='ocrx_word' id='word_1_590' title='bbox 2666 1594 2958 1652; x_wconf 88' lang='lat' dir='ltr'><strong>Christmn.</strong></span> <span class='ocrx_word' id='word_1_591' title='bbox 3010 1601 3075 1656; x_wconf 84' lang='lat' dir='ltr'><strong>Et</strong></span> <span class='ocrx_word' id='word_1_592' title='bbox 3115 1615 3395 1675; x_wconf 88' lang='lat' dir='ltr'><strong>postquam</strong></span> <span class='ocrx_word' id='word_1_593' title='bbox 3427 1608 3511 1662; x_wconf 85' lang='lat' dir='ltr'><strong>di-</strong></span> 
     </span>
    </p>
   </div>
   <div class='ocr_carea' id='block_1_75' title="bbox 1927 1679 3516 1761">
    <p class='ocr_par' dir='ltr' id='par_1_75' title="bbox 1927 1679 3516 1761">
     <span class='ocr_line' id='line_1_75' title="bbox 1927 1679 3516 1761; baseline 0.014 -29"><span class='ocrx_word' id='word_1_594' title='bbox 1927 1679 2022 1745; x_wconf 84' lang='lat' dir='ltr'><strong>xit,</strong></span> <span class='ocrx_word' id='word_1_595' title='bbox 2058 1679 2228 1736; x_wconf 87' lang='lat' dir='ltr'><strong>Stulta</strong></span> <span class='ocrx_word' id='word_1_596' title='bbox 2255 1685 2432 1739; x_wconf 84' lang='lat' dir='ltr'><strong>mundi</strong></span> <span class='ocrx_word' id='word_1_597' title='bbox 2455 1687 2602 1759; x_wconf 78' lang='lat' dir='ltr'><strong>elegit</strong></span> <span class='ocrx_word' id='word_1_598' title='bbox 2630 1699 2675 1743; x_wconf 89' lang='lat' dir='ltr'><strong>et</strong></span> <span class='ocrx_word' id='word_1_599' title='bbox 2699 1691 2959 1761; x_wconf 68' lang='lat' dir='ltr'><strong>ignobilia,</strong></span> <span class='ocrx_word' id='word_1_600' title='bbox 2989 1696 3224 1750; x_wconf 68' lang='lat' dir='ltr'><strong>Ostendit</strong></span> <span class='ocrx_word' id='word_1_601' title='bbox 3250 1699 3370 1752; x_wconf 90' lang='lat' dir='ltr'><strong>illos</strong></span> <span class='ocrx_word' id='word_1_602' title='bbox 3393 1715 3516 1755; x_wconf 87' lang='lat' dir='ltr'><strong>esse</strong></span> 
     </span>
    </p>
   </div>
   <div class='ocr_carea' id='block_1_76' title="bbox 1925 1773 3517 1853">
    <p class='ocr_par' dir='ltr' id='par_1_76' title="bbox 1925 1773 3517 1853">
     <span class='ocr_line' id='line_1_76' title="bbox 1925 1773 3517 1853; baseline 0.013 -28"><span class='ocrx_word' id='word_1_603' title='bbox 1925 1773 2161 1828; x_wconf 92' lang='lat' dir='ltr'><strong>omnium</strong></span> <span class='ocrx_word' id='word_1_604' title='bbox 2204 1776 2526 1844; x_wconf 86' lang='lat' dir='ltr'><strong>nobiliores,</strong></span> <span class='ocrx_word' id='word_1_605' title='bbox 2569 1782 2656 1850; x_wconf 92' lang='lat' dir='ltr'><strong>qui</strong></span> <span class='ocrx_word' id='word_1_606' title='bbox 2692 1782 2854 1836; x_wconf 80' lang='lat' dir='ltr'><strong>Deum</strong></span> <span class='ocrx_word' id='word_1_607' title='bbox 2887 1798 3090 1853; x_wconf 88' lang='lat' dir='ltr'><strong>patrem</strong></span> <span class='ocrx_word' id='word_1_608' title='bbox 3124 1788 3372 1845; x_wconf 84' lang='lat' dir='ltr'><strong>habeant.</strong></span> <span class='ocrx_word' id='word_1_609' title='bbox 3407 1792 3517 1846; x_wconf 85' lang='lat' dir='ltr'><strong>Hn-</strong></span> 
     </span>
    </p>
   </div>
   <div class='ocr_carea' id='block_1_77' title="bbox 1920 1862 3512 1946">
    <p class='ocr_par' dir='ltr' id='par_1_77' title="bbox 1920 1862 3512 1946">
     <span class='ocr_line' id='line_1_77' title="bbox 1920 1862 3512 1946; baseline 0.014 -29"><span class='ocrx_word' id='word_1_610' title='bbox 1920 1862 2007 1933; x_wconf 89' lang='lat' dir='ltr'><strong>jus</strong></span> <span class='ocrx_word' id='word_1_611' title='bbox 2039 1880 2200 1935; x_wconf 88' lang='lat' dir='ltr'><strong>porro</strong></span> <span class='ocrx_word' id='word_1_612' title='bbox 2241 1869 2532 1924; x_wconf 90' lang='lat' dir='ltr'><strong>nobilitatis</strong></span> <span class='ocrx_word' id='word_1_613' title='bbox 2578 1887 2682 1926; x_wconf 90' lang='lat' dir='ltr'><strong>non</strong></span> <span class='ocrx_word' id='word_1_614' title='bbox 2727 1873 2811 1929; x_wconf 92' lang='lat' dir='ltr'><strong>hic</strong></span> <span class='ocrx_word' id='word_1_615' title='bbox 2866 1878 2946 1932; x_wconf 83' lang='lat' dir='ltr'><strong>vel</strong></span> <span class='ocrx_word' id='word_1_616' title='bbox 2974 1879 3084 1946; x_wconf 91' lang='lat' dir='ltr'><strong>ille,</strong></span> <span class='ocrx_word' id='word_1_617' title='bbox 3128 1882 3223 1936; x_wconf 91' lang='lat' dir='ltr'><strong>sed</strong></span> <span class='ocrx_word' id='word_1_618' title='bbox 3270 1883 3512 1941; x_wconf 82' lang='lat' dir='ltr'><strong>Christus</strong></span> 
     </span>
    </p>
   </div>
   <div class='ocr_carea' id='block_1_78' title="bbox 1922 1955 3510 2043">
    <p class='ocr_par' dir='ltr' id='par_1_78' title="bbox 1922 1955 3510 2043">
     <span class='ocr_line' id='line_1_78' title="bbox 1922 1955 3510 2043; baseline 0.015 -34"><span class='ocrx_word' id='word_1_619' title='bbox 1922 1955 2073 2010; x_wconf 84' lang='lat' dir='ltr'><strong>vobis</strong></span> <span class='ocrx_word' id='word_1_620' title='bbox 2110 1972 2268 2013; x_wconf 92' lang='lat' dir='ltr'><strong>causa</strong></span> <span class='ocrx_word' id='word_1_621' title='bbox 2312 1969 2413 2026; x_wconf 85' lang='lat' dir='ltr'><strong>est,</strong></span> <span class='ocrx_word' id='word_1_622' title='bbox 2460 1963 2548 2032; x_wconf 90' lang='lat' dir='ltr'><strong>qui</strong></span> <span class='ocrx_word' id='word_1_623' title='bbox 2582 1979 2679 2018; x_wconf 87' lang='lat' dir='ltr'><strong>nos</strong></span> <span class='ocrx_word' id='word_1_624' title='bbox 2709 1967 2979 2035; x_wconf 83' lang='lat' dir='ltr'><strong>sapientes</strong></span> <span class='ocrx_word' id='word_1_625' title='bbox 3011 1969 3137 2025; x_wconf 83' lang='lat' dir='ltr'><strong>fecit</strong></span> <span class='ocrx_word' id='word_1_626' title='bbox 3167 1983 3220 2026; x_wconf 88' lang='lat' dir='ltr'><strong>et</strong></span> <span class='ocrx_word' id='word_1_627' title='bbox 3248 1976 3428 2043; x_wconf 91' lang='lat' dir='ltr'><strong>justos</strong></span> <span class='ocrx_word' id='word_1_628' title='bbox 3454 1990 3510 2033; x_wconf 89' lang='lat' dir='ltr'><strong>et</strong></span> 
     </span>
    </p>
   </div>
   <div class='ocr_carea' id='block_1_79' title="bbox 1921 2049 3511 2126">
    <p class='ocr_par' dir='ltr' id='par_1_79' title="bbox 1921 2049 3511 2126">
     <span class='ocr_line' id='line_1_79' title="bbox 1921 2049 3511 2126; baseline 0.014 -25"><span class='ocrx_word' id='word_1_629' title='bbox 1921 2057 2167 2114; x_wconf 91' lang='lat' dir='ltr'><strong>sanctos;</strong></span> <span class='ocrx_word' id='word_1_630' title='bbox 2204 2049 2303 2105; x_wconf 91' lang='lat' dir='ltr'><strong>hoc</strong></span> <span class='ocrx_word' id='word_1_631' title='bbox 2334 2052 2476 2107; x_wconf 87' lang='lat' dir='ltr'><strong>enim</strong></span> <span class='ocrx_word' id='word_1_632' title='bbox 2508 2053 2775 2125; x_wconf 87' lang='lat' dir='ltr'><strong>signiﬁcat</strong></span> <span class='ocrx_word' id='word_1_633' title='bbox 2805 2058 2932 2114; x_wconf 93' lang='lat' dir='ltr'><strong>illud</strong></span> <span class='ocrx_word' id='word_1_634' title='bbox 2953 2102 2968 2126; x_wconf 90' lang='lat'><strong>,</strong></span> <span class='ocrx_word' id='word_1_635' title='bbox 3027 2060 3217 2118; x_wconf 79' lang='lat' dir='ltr'><strong>Factus</strong></span> <span class='ocrx_word' id='word_1_636' title='bbox 3251 2075 3325 2120; x_wconf 79' lang='lat' dir='ltr'><strong>est</strong></span> <span class='ocrx_word' id='word_1_637' title='bbox 3369 2070 3511 2124; x_wconf 76' lang='lat' dir='ltr'><strong>nobis</strong></span> 
     </span>
    </p>
   </div>
   <div class='ocr_carea' id='block_1_80' title="bbox 1919 2140 2182 2210">
    <p class='ocr_par' dir='ltr' id='par_1_80' title="bbox 1919 2140 2182 2210">
     <span class='ocr_line' id='line_1_80' title="bbox 1919 2140 2182 2210; baseline 0.011 -17"><span class='ocrx_word' id='word_1_638' title='bbox 1919 2140 2182 2210; x_wconf 76' lang='lat' dir='ltr'><strong>sapientia.</strong></span> 
     </span>
    </p>
   </div>
   <div class='ocr_carea' id='block_1_81' title="bbox 1991 2229 3505 2318">
    <p class='ocr_par' dir='ltr' id='par_1_81' title="bbox 1991 2229 3505 2318">
     <span class='ocr_line' id='line_1_81' title="bbox 1991 2229 3505 2318; baseline 0.016 -31"><span class='ocrx_word' id='word_1_639' title='bbox 1991 2234 2043 2288; x_wconf 78' lang='grc'><strong>5.</strong></span> <span class='ocrx_word' id='word_1_640' title='bbox 2084 2234 2214 2303; x_wconf 84' lang='lat' dir='ltr'><strong>Quis</strong></span> <span class='ocrx_word' id='word_1_641' title='bbox 2236 2252 2362 2307; x_wconf 83' lang='lat' dir='ltr'><strong>ergo</strong></span> <span class='ocrx_word' id='word_1_642' title='bbox 2385 2229 2538 2294; x_wconf 83' lang='lat' dir='ltr'><strong>nobis</strong></span> <span class='ocrx_word' id='word_1_643' title='bbox 2572 2242 2865 2311; x_wconf 88' lang='lat' dir='ltr'><strong>sapientior</strong></span> <span class='ocrx_word' id='word_1_644' title='bbox 2882 2245 3057 2313; x_wconf 78' lang='lat' dir='ltr'><strong>fuerit,</strong></span> <span class='ocrx_word' id='word_1_645' title='bbox 3086 2249 3177 2318; x_wconf 89' lang='lat' dir='ltr'><strong>qui</strong></span> <span class='ocrx_word' id='word_1_646' title='bbox 3197 2266 3300 2305; x_wconf 88' lang='lat' dir='ltr'><strong>non</strong></span> <span class='ocrx_word' id='word_1_647' title='bbox 3327 2252 3505 2310; x_wconf 83' lang='lat' dir='ltr'><strong>Plato-</strong></span> 
     </span>
    </p>
   </div>
   <div class='ocr_carea' id='block_1_82' title="bbox 1918 2330 3506 2414">
    <p class='ocr_par' dir='ltr' id='par_1_82' title="bbox 1918 2330 3506 2414">
     <span class='ocr_line' id='line_1_82' title="bbox 1918 2330 3506 2414; baseline 0.014 -29"><span class='ocrx_word' id='word_1_648' title='bbox 1918 2330 2023 2397; x_wconf 80' lang='lat' dir='ltr'><strong>nis,</strong></span> <span class='ocrx_word' id='word_1_649' title='bbox 2042 2333 2134 2387; x_wconf 89' lang='lat' dir='ltr'><strong>sed</strong></span> <span class='ocrx_word' id='word_1_650' title='bbox 2152 2333 2423 2390; x_wconf 73' lang='lat' dir='ltr'><strong>Christum</strong></span> <span class='ocrx_word' id='word_1_651' title='bbox 2449 2337 2621 2406; x_wconf 88' lang='lat' dir='ltr'><strong>ipsum</strong></span> <span class='ocrx_word' id='word_1_652' title='bbox 2645 2340 2959 2410; x_wconf 86' lang='lat' dir='ltr'><strong>sapientiam</strong></span> <span class='ocrx_word' id='word_1_653' title='bbox 2985 2343 3266 2414; x_wconf 85' lang='lat' dir='ltr'><strong>habemus,</strong></span> <span class='ocrx_word' id='word_1_654' title='bbox 3299 2350 3405 2406; x_wconf 92' lang='lat' dir='ltr'><strong>Deo</strong></span> <span class='ocrx_word' id='word_1_655' title='bbox 3437 2355 3506 2407; x_wconf 87' lang='lat' dir='ltr'><strong>ita</strong></span> 
     </span>
    </p>
   </div>
   <div class='ocr_carea' id='block_1_83' title="bbox 1914 2425 3502 2519">
    <p class='ocr_par' dir='ltr' id='par_1_83' title="bbox 1914 2425 3502 2519">
     <span class='ocr_line' id='line_1_83' title="bbox 1914 2425 3502 2519; baseline 0.016 -41"><span class='ocrx_word' id='word_1_656' title='bbox 1914 2425 2173 2481; x_wconf 88' lang='lat' dir='ltr'><strong>volente?</strong></span> <span class='ocrx_word' id='word_1_657' title='bbox 2199 2430 2327 2498; x_wconf 90' lang='lat' dir='ltr'><strong>quid</strong></span> <span class='ocrx_word' id='word_1_658' title='bbox 2372 2441 2453 2485; x_wconf 91' lang='lat' dir='ltr'><strong>est</strong></span> <span class='ocrx_word' id='word_1_659' title='bbox 2484 2443 2660 2489; x_wconf 89' lang='lat' dir='ltr'><strong>autem</strong></span> <span class='ocrx_word' id='word_1_660' title='bbox 2690 2435 2840 2502; x_wconf 88' lang='lat' dir='ltr'><strong>illud,</strong></span> <span class='ocrx_word' id='word_1_661' title='bbox 2890 2438 2934 2491; x_wconf 86' lang='grc' dir='ltr'><em>Α</em></span> <span class='ocrx_word' id='word_1_662' title='bbox 2964 2439 3072 2494; x_wconf 86' lang='lat' dir='ltr'><strong>Deo</strong></span> <span class='ocrx_word' id='word_1_663' title='bbox 3091 2441 3117 2495; x_wconf 66' lang='lat'><strong>.9</strong></span> <span class='ocrx_word' id='word_1_664' title='bbox 3141 2441 3275 2498; x_wconf 90' lang='lat' dir='ltr'><strong>Cum</strong></span> <span class='ocrx_word' id='word_1_665' title='bbox 3315 2453 3502 2519; x_wconf 80' lang='lat' dir='ltr'><strong>magna</strong></span> 
     </span>
    </p>
   </div>
   <div class='ocr_carea' id='block_1_84' title="bbox 1913 2517 3501 2610">
    <p class='ocr_par' dir='ltr' id='par_1_84' title="bbox 1913 2517 3501 2610">
     <span class='ocr_line' id='line_1_84' title="bbox 1913 2517 3501 2610; baseline 0.015 -40"><span class='ocrx_word' id='word_1_666' title='bbox 1913 2517 2136 2574; x_wconf 78' lang='lat' dir='ltr'><strong>dixisset</strong></span> <span class='ocrx_word' id='word_1_667' title='bbox 2161 2520 2228 2575; x_wconf 89' lang='lat' dir='ltr'><strong>de</strong></span> <span class='ocrx_word' id='word_1_668' title='bbox 2249 2520 2553 2592; x_wconf 80' lang='lat' dir='ltr'><strong>Unigcnito,</strong></span> <span class='ocrx_word' id='word_1_669' title='bbox 2585 2534 2710 2581; x_wconf 80' lang='lat' dir='ltr'><strong>tttuc</strong></span> <span class='ocrx_word' id='word_1_670' title='bbox 2735 2529 2881 2583; x_wconf 92' lang='lat' dir='ltr'><strong>addit</strong></span> <span class='ocrx_word' id='word_1_671' title='bbox 2904 2530 3134 2598; x_wconf 88' lang='lat' dir='ltr'><strong>Patrem,</strong></span> <span class='ocrx_word' id='word_1_672' title='bbox 3164 2552 3232 2590; x_wconf 88' lang='lat' dir='ltr'><strong>ne</strong></span> <span class='ocrx_word' id='word_1_673' title='bbox 3256 2539 3373 2607; x_wconf 92' lang='lat' dir='ltr'><strong>quis</strong></span> <span class='ocrx_word' id='word_1_674' title='bbox 3401 2517 3501 2610; x_wconf 77' lang='lat' dir='ltr'><strong>pu-</strong></span> 
     </span>
    </p>
   </div>
   <div class='ocr_carea' id='block_1_85' title="bbox 1913 2613 3498 2698">
    <p class='ocr_par' dir='ltr' id='par_1_85' title="bbox 1913 2613 3498 2698">
     <span class='ocr_line' id='line_1_85' title="bbox 1913 2613 3498 2698; baseline 0.017 -33"><span class='ocrx_word' id='word_1_675' title='bbox 1913 2620 2048 2667; x_wconf 85' lang='lat' dir='ltr'><strong>taret</strong></span> <span class='ocrx_word' id='word_1_676' title='bbox 2075 2613 2366 2684; x_wconf 90' lang='lat' dir='ltr'><strong>ingenitum</strong></span> <span class='ocrx_word' id='word_1_677' title='bbox 2395 2618 2584 2672; x_wconf 88' lang='lat' dir='ltr'><strong>Filium</strong></span> <span class='ocrx_word' id='word_1_678' title='bbox 2613 2636 2752 2677; x_wconf 90' lang='lat' dir='ltr'><strong>esse.</strong></span> <span class='ocrx_word' id='word_1_679' title='bbox 2781 2623 2914 2678; x_wconf 89' lang='lat' dir='ltr'><strong>Cum</strong></span> <span class='ocrx_word' id='word_1_680' title='bbox 2955 2642 3084 2698; x_wconf 87' lang='lat' dir='ltr'><strong>ergo</strong></span> <span class='ocrx_word' id='word_1_681' title='bbox 3118 2629 3348 2688; x_wconf 79' lang='lat' dir='ltr'><strong>dixisset</strong></span> <span class='ocrx_word' id='word_1_682' title='bbox 3377 2650 3498 2692; x_wconf 81' lang='lat' dir='ltr'><strong>eum</strong></span> 
     </span>
    </p>
   </div>
   <div class='ocr_carea' id='block_1_86' title="bbox 1913 2709 3520 2788">
    <p class='ocr_par' dir='ltr' id='par_1_86' title="bbox 1913 2709 3520 2788">
     <span class='ocr_line' id='line_1_86' title="bbox 1913 2709 3520 2788; baseline 0.015 -30"><span class='ocrx_word' id='word_1_683' title='bbox 1913 2715 2056 2762; x_wconf 88' lang='lat' dir='ltr'><strong>tanta</strong></span> <span class='ocrx_word' id='word_1_684' title='bbox 2081 2709 2337 2777; x_wconf 81' lang='lat' dir='ltr'><strong>potuisse,</strong></span> <span class='ocrx_word' id='word_1_685' title='bbox 2359 2713 2517 2766; x_wconf 89' lang='lat' dir='ltr'><strong>etiam</strong></span> <span class='ocrx_word' id='word_1_686' title='bbox 2549 2723 2715 2769; x_wconf 91' lang='lat' dir='ltr'><strong>totum</strong></span> <span class='ocrx_word' id='word_1_687' title='bbox 2750 2717 2933 2774; x_wconf 88' lang='lat' dir='ltr'><strong>tribuit</strong></span> <span class='ocrx_word' id='word_1_688' title='bbox 2961 2720 3114 2788; x_wconf 87' lang='lat' dir='ltr'><strong>Filio,</strong></span> <span class='ocrx_word' id='word_1_689' title='bbox 3141 2723 3326 2779; x_wconf 90' lang='lat' dir='ltr'><strong>dicens</strong></span> <span class='ocrx_word' id='word_1_690' title='bbox 3349 2727 3520 2782; x_wconf 78' lang='lat' dir='ltr'><strong>illum.</strong></span> 
     </span>
    </p>
   </div>
   <div class='ocr_carea' id='block_1_87' title="bbox 1909 2800 3496 2883">
    <p class='ocr_par' dir='ltr' id='par_1_87' title="bbox 1909 2800 3496 2883">
     <span class='ocr_line' id='line_1_87' title="bbox 1909 2800 3496 2883; baseline 0.014 -31"><span class='ocrx_word' id='word_1_691' title='bbox 1909 2800 2222 2869; x_wconf 86' lang='lat' dir='ltr'><strong>sapientiam</strong></span> <span class='ocrx_word' id='word_1_692' title='bbox 2253 2803 2406 2858; x_wconf 90' lang='lat' dir='ltr'><strong>nobis</strong></span> <span class='ocrx_word' id='word_1_693' title='bbox 2433 2803 2628 2860; x_wconf 82' lang='lat' dir='ltr'><strong>factum</strong></span> <span class='ocrx_word' id='word_1_694' title='bbox 2655 2808 2839 2878; x_wconf 81' lang='lat' dir='ltr'><strong>fuisse,</strong></span> <span class='ocrx_word' id='word_1_695' title='bbox 2862 2821 2916 2866; x_wconf 88' lang='lat' dir='ltr'><strong>et</strong></span> <span class='ocrx_word' id='word_1_696' title='bbox 2936 2813 3194 2883; x_wconf 82' lang='lat' dir='ltr'><strong>justitiam</strong></span> <span class='ocrx_word' id='word_1_697' title='bbox 3223 2827 3274 2872; x_wconf 91' lang='lat' dir='ltr'><strong>et</strong></span> <span class='ocrx_word' id='word_1_698' title='bbox 3297 2822 3496 2875; x_wconf 86' lang='lat' dir='ltr'><strong>sancti-</strong></span> 
     </span>
    </p>
   </div>
   <div class='ocr_carea' id='block_1_88' title="bbox 1911 2892 3498 2968">
    <p class='ocr_par' dir='ltr' id='par_1_88' title="bbox 1911 2892 3498 2968">
     <span class='ocr_line' id='line_1_88' title="bbox 1911 2892 3498 2968; baseline 0.014 -24"><span class='ocrx_word' id='word_1_699' title='bbox 1911 2892 2207 2950; x_wconf 85' lang='lat' dir='ltr'><strong>ﬁcationem</strong></span> <span class='ocrx_word' id='word_1_700' title='bbox 2231 2905 2283 2950; x_wconf 91' lang='lat' dir='ltr'><strong>et</strong></span> <span class='ocrx_word' id='word_1_701' title='bbox 2301 2896 2744 2968; x_wconf 83' lang='lat' dir='ltr'><strong>redemptionem.</strong></span> <span class='ocrx_word' id='word_1_702' title='bbox 2776 2902 2878 2958; x_wconf 89' lang='lat' dir='ltr'><strong>Per</strong></span> <span class='ocrx_word' id='word_1_703' title='bbox 2907 2903 3096 2959; x_wconf 81' lang='lat' dir='ltr'><strong>Filium</strong></span> <span class='ocrx_word' id='word_1_704' title='bbox 3122 2922 3303 2964; x_wconf 90' lang='lat' dir='ltr'><strong>rursus</strong></span> <span class='ocrx_word' id='word_1_705' title='bbox 3327 2919 3498 2966; x_wconf 89' lang='lat' dir='ltr'><strong>totum</strong></span> 
     </span>
    </p>
   </div>
   <div class='ocr_carea' id='block_1_89' title="bbox 1907 2985 3491 3071">
    <p class='ocr_par' dir='ltr' id='par_1_89' title="bbox 1907 2985 3491 3071">
     <span class='ocr_line' id='line_1_89' title="bbox 1907 2985 3491 3071; baseline 0.015 -34"><span class='ocrx_word' id='word_1_706' title='bbox 1907 2985 2201 3040; x_wconf 88' lang='lat' dir='ltr'><strong>attribuens</strong></span> <span class='ocrx_word' id='word_1_707' title='bbox 2229 2987 2373 3042; x_wconf 90' lang='lat' dir='ltr'><strong>Patri</strong></span> <span class='ocrx_word' id='word_1_708' title='bbox 2399 2988 2565 3055; x_wconf 82' lang='lat' dir='ltr'><strong>dixit,</strong></span> <span class='ocrx_word' id='word_1_709' title='bbox 2621 2992 2663 3044; x_wconf 88' lang='grc' dir='ltr'><em>Α</em></span> <span class='ocrx_word' id='word_1_710' title='bbox 2693 2992 2820 3048; x_wconf 89' lang='lat' dir='ltr'><strong>Deo.</strong></span> <span class='ocrx_word' id='word_1_711' title='bbox 2853 2995 2960 3050; x_wconf 90' lang='lat' dir='ltr'><strong>Cur</strong></span> <span class='ocrx_word' id='word_1_712' title='bbox 2988 3008 3164 3053; x_wconf 89' lang='lat' dir='ltr'><strong>autem</strong></span> <span class='ocrx_word' id='word_1_713' title='bbox 3197 3017 3302 3057; x_wconf 91' lang='lat' dir='ltr'><strong>non</strong></span> <span class='ocrx_word' id='word_1_714' title='bbox 3335 3003 3491 3071; x_wconf 81' lang='lat' dir='ltr'><strong>dixit,</strong></span> 
     </span>
    </p>
   </div>
   <div class='ocr_carea' id='block_1_90' title="bbox 1905 3077 3510 3166">
    <p class='ocr_par' dir='ltr' id='par_1_90' title="bbox 1905 3077 3510 3166">
     <span class='ocr_line' id='line_1_90' title="bbox 1905 3077 3510 3166; baseline 0.013 -33"><span class='ocrx_word' id='word_1_715' title='bbox 1905 3077 2058 3133; x_wconf 86' lang='lat' dir='ltr'><strong>Fecit</strong></span> <span class='ocrx_word' id='word_1_716' title='bbox 2095 3095 2191 3134; x_wconf 91' lang='lat' dir='ltr'><strong>nos</strong></span> <span class='ocrx_word' id='word_1_717' title='bbox 2219 3079 2511 3150; x_wconf 86' lang='lat' dir='ltr'><strong>sapientes,</strong></span> <span class='ocrx_word' id='word_1_718' title='bbox 2544 3083 2636 3138; x_wconf 74' lang='lat' dir='ltr'><strong>sed</strong></span> <span class='ocrx_word' id='word_1_719' title='bbox 2656 3126 2671 3150; x_wconf 95' lang='lat'><strong>,</strong></span> <span class='ocrx_word' id='word_1_720' title='bbox 2704 3083 2893 3142; x_wconf 74' lang='lat' dir='ltr'><strong>Factus</strong></span> <span class='ocrx_word' id='word_1_721' title='bbox 2931 3101 3002 3143; x_wconf 82' lang='lat' dir='ltr'><strong>est</strong></span> <span class='ocrx_word' id='word_1_722' title='bbox 3025 3093 3167 3148; x_wconf 83' lang='lat' dir='ltr'><strong>nobis</strong></span> <span class='ocrx_word' id='word_1_723' title='bbox 3205 3097 3510 3166; x_wconf 79' lang='lat' dir='ltr'><strong>sapientia?-</strong></span> 
     </span>
    </p>
   </div>
   <div class='ocr_carea' id='block_1_91' title="bbox 1913 3168 3511 3260">
    <p class='ocr_par' dir='ltr' id='par_1_91' title="bbox 1913 3168 3511 3260">
     <span class='ocr_line' id='line_1_91' title="bbox 1913 3168 3511 3260; baseline 0.014 -36"><span class='ocrx_word' id='word_1_724' title='bbox 1913 3168 2040 3224; x_wconf 84' lang='lat' dir='ltr'><strong>(loni</strong></span> <span class='ocrx_word' id='word_1_725' title='bbox 2071 3171 2358 3227; x_wconf 78' lang='lat' dir='ltr'><strong>ostendens</strong></span> <span class='ocrx_word' id='word_1_726' title='bbox 2385 3173 2791 3242; x_wconf 88' lang='lat' dir='ltr'><strong>abundantiam,</strong></span> <span class='ocrx_word' id='word_1_727' title='bbox 2825 3195 2886 3234; x_wconf 91' lang='lat' dir='ltr'><strong>ac</strong></span> <span class='ocrx_word' id='word_1_728' title='bbox 2915 3180 2961 3234; x_wconf 85' lang='lat' dir='ltr'><strong>si</strong></span> <span class='ocrx_word' id='word_1_729' title='bbox 2991 3181 3212 3251; x_wconf 84' lang='lat' dir='ltr'><strong>diceret,</strong></span> <span class='ocrx_word' id='word_1_730' title='bbox 3246 3189 3511 3260; x_wconf 78' lang='lat' dir='ltr'><strong>Scipsum.</strong></span> 
     </span>
    </p>
   </div>
   <div class='ocr_carea' id='block_1_92' title="bbox 1905 3262 3510 3341">
    <p class='ocr_par' dir='ltr' id='par_1_92' title="bbox 1905 3262 3510 3341">
     <span class='ocr_line' id='line_1_92' title="bbox 1905 3262 3510 3341; baseline 0.016 -27"><span class='ocrx_word' id='word_1_731' title='bbox 1905 3263 2057 3317; x_wconf 90' lang='lat' dir='ltr'><strong>nobis</strong></span> <span class='ocrx_word' id='word_1_732' title='bbox 2087 3262 2254 3318; x_wconf 91' lang='lat' dir='ltr'><strong>dedit.</strong></span> <span class='ocrx_word' id='word_1_733' title='bbox 2305 3264 2370 3318; x_wconf 82' lang='lat' dir='ltr'><strong>Et</strong></span> <span class='ocrx_word' id='word_1_734' title='bbox 2400 3265 2521 3320; x_wconf 91' lang='lat' dir='ltr'><strong>vide</strong></span> <span class='ocrx_word' id='word_1_735' title='bbox 2558 3269 2828 3337; x_wconf 90' lang='lat' dir='ltr'><strong>quomodo</strong></span> <span class='ocrx_word' id='word_1_736' title='bbox 2857 3274 3133 3341; x_wconf 89' lang='lat' dir='ltr'><strong>procedat.</strong></span> <span class='ocrx_word' id='word_1_737' title='bbox 3168 3278 3322 3335; x_wconf 86' lang='lat' dir='ltr'><strong>Prius</strong></span> <span class='ocrx_word' id='word_1_738' title='bbox 3349 3283 3510 3339; x_wconf 89' lang='lat' dir='ltr'><strong>enim.-</strong></span> 
     </span>
    </p>
   </div>
   <div class='ocr_carea' id='block_1_93' title="bbox 1902 3355 3482 3432">
    <p class='ocr_par' dir='ltr' id='par_1_93' title="bbox 1902 3355 3482 3432">
     <span class='ocr_line' id='line_1_93' title="bbox 1902 3355 3482 3432; baseline 0.013 -24"><span class='ocrx_word' id='word_1_739' title='bbox 1902 3369 2002 3409; x_wconf 93' lang='lat' dir='ltr'><strong>nos</strong></span> <span class='ocrx_word' id='word_1_740' title='bbox 2029 3355 2293 3427; x_wconf 88' lang='lat' dir='ltr'><strong>sapientes</strong></span> <span class='ocrx_word' id='word_1_741' title='bbox 2325 3356 2449 3412; x_wconf 83' lang='lat' dir='ltr'><strong>fecit</strong></span> <span class='ocrx_word' id='word_1_742' title='bbox 2494 3375 2614 3413; x_wconf 89' lang='lat' dir='ltr'><strong>cum</strong></span> <span class='ocrx_word' id='word_1_743' title='bbox 2643 3361 2710 3414; x_wconf 91' lang='lat' dir='ltr'><strong>ab</strong></span> <span class='ocrx_word' id='word_1_744' title='bbox 2732 3377 2918 3418; x_wconf 88' lang='lat' dir='ltr'><strong>errore</strong></span> <span class='ocrx_word' id='word_1_745' title='bbox 2956 3365 3221 3432; x_wconf 81' lang='lat' dir='ltr'><strong>liberavit.</strong></span> <span class='ocrx_word' id='word_1_746' title='bbox 3272 3382 3327 3427; x_wconf 91' lang='lat' dir='ltr'><strong>et</strong></span> <span class='ocrx_word' id='word_1_747' title='bbox 3358 3383 3482 3429; x_wconf 85' lang='lat' dir='ltr'><strong>tunc</strong></span> 
     </span>
    </p>
   </div>
   <div class='ocr_carea' id='block_1_94' title="bbox 1897 3449 3516 3525">
    <p class='ocr_par' dir='ltr' id='par_1_94' title="bbox 1897 3449 3516 3525">
     <span class='ocr_line' id='line_1_94' title="bbox 1897 3449 3516 3525; baseline 0.014 -25"><span class='ocrx_word' id='word_1_748' title='bbox 1897 3449 2071 3518; x_wconf 81' lang='lat' dir='ltr'><strong>justus</strong></span> <span class='ocrx_word' id='word_1_749' title='bbox 2098 3459 2150 3504; x_wconf 91' lang='lat' dir='ltr'><strong>et</strong></span> <span class='ocrx_word' id='word_1_750' title='bbox 2170 3459 2404 3514; x_wconf 87' lang='lat' dir='ltr'><strong>sanctos,</strong></span> <span class='ocrx_word' id='word_1_751' title='bbox 2439 3449 2698 3522; x_wconf 90' lang='lat' dir='ltr'><strong>Spiritum</strong></span> <span class='ocrx_word' id='word_1_752' title='bbox 2717 3455 2956 3525; x_wconf 82' lang='lat' dir='ltr'><strong>largitus,</strong></span> <span class='ocrx_word' id='word_1_753' title='bbox 2981 3468 3035 3514; x_wconf 92' lang='lat' dir='ltr'><strong>et</strong></span> <span class='ocrx_word' id='word_1_754' title='bbox 3061 3460 3138 3516; x_wconf 90' lang='lat' dir='ltr'><strong>sic</strong></span> <span class='ocrx_word' id='word_1_755' title='bbox 3163 3478 3258 3517; x_wconf 92' lang='lat' dir='ltr'><strong>nos</strong></span> <span class='ocrx_word' id='word_1_756' title='bbox 3275 3481 3303 3517; x_wconf 90' lang='lat' dir='ltr'><strong>a</strong></span> <span class='ocrx_word' id='word_1_757' title='bbox 3337 3468 3516 3523; x_wconf 76' lang='lat' dir='ltr'><strong>malis.</strong></span> 
     </span>
    </p>
   </div>
   <div class='ocr_carea' id='block_1_95' title="bbox 1901 3543 3510 3630">
    <p class='ocr_par' dir='ltr' id='par_1_95' title="bbox 1901 3543 3510 3630">
     <span class='ocr_line' id='line_1_95' title="bbox 1901 3543 3510 3630; baseline 0.009 -35"><span class='ocrx_word' id='word_1_758' title='bbox 1901 3543 2149 3598; x_wconf 92' lang='lat' dir='ltr'><strong>omnibus</strong></span> <span class='ocrx_word' id='word_1_759' title='bbox 2180 3543 2444 3608; x_wconf 87' lang='lat' dir='ltr'><strong>liberavit,</strong></span> <span class='ocrx_word' id='word_1_760' title='bbox 2474 3545 2544 3600; x_wconf 87' lang='lat' dir='ltr'><strong>ita</strong></span> <span class='ocrx_word' id='word_1_761' title='bbox 2575 3557 2633 3599; x_wconf 88' lang='lat' dir='ltr'><strong>ut</strong></span> <span class='ocrx_word' id='word_1_762' title='bbox 2656 3547 2822 3616; x_wconf 89' lang='lat' dir='ltr'><strong>ipsius</strong></span> <span class='ocrx_word' id='word_1_763' title='bbox 2851 3549 3042 3617; x_wconf 86' lang='lat' dir='ltr'><strong>simus,</strong></span> <span class='ocrx_word' id='word_1_764' title='bbox 3068 3569 3173 3609; x_wconf 93' lang='lat' dir='ltr'><strong>non</strong></span> <span class='ocrx_word' id='word_1_765' title='bbox 3203 3572 3298 3625; x_wconf 90' lang='lat' dir='ltr'><strong>per</strong></span> <span class='ocrx_word' id='word_1_766' title='bbox 3324 3560 3510 3630; x_wconf 80' lang='lat' dir='ltr'><strong>ipsius-</strong></span> 
     </span>
    </p>
   </div>
   <div class='ocr_carea' id='block_1_96' title="bbox 1900 3633 3510 3718">
    <p class='ocr_par' dir='ltr' id='par_1_96' title="bbox 1900 3633 3510 3718">
     <span class='ocr_line' id='line_1_96' title="bbox 1900 3633 3510 3718; baseline 0.012 -32"><span class='ocrx_word' id='word_1_767' title='bbox 1900 3633 2210 3701; x_wconf 86' lang='lat' dir='ltr'><strong>essentiam,</strong></span> <span class='ocrx_word' id='word_1_768' title='bbox 2244 3634 2338 3689; x_wconf 88' lang='lat' dir='ltr'><strong>sed</strong></span> <span class='ocrx_word' id='word_1_769' title='bbox 2373 3649 2467 3704; x_wconf 89' lang='lat' dir='ltr'><strong>per</strong></span> <span class='ocrx_word' id='word_1_770' title='bbox 2494 3634 2674 3690; x_wconf 89' lang='lat' dir='ltr'><strong>ﬁdem.</strong></span> <span class='ocrx_word' id='word_1_771' title='bbox 2707 3638 2850 3694; x_wconf 79' lang='lat' dir='ltr'><strong>Alibi</strong></span> <span class='ocrx_word' id='word_1_772' title='bbox 2874 3656 3034 3710; x_wconf 90' lang='lat' dir='ltr'><strong>porro</strong></span> <span class='ocrx_word' id='word_1_773' title='bbox 3050 3644 3200 3714; x_wconf 82' lang='lat' dir='ltr'><strong>dicit,</strong></span> <span class='ocrx_word' id='word_1_774' title='bbox 3223 3651 3363 3718; x_wconf 92' lang='lat' dir='ltr'><strong>quod</strong></span> <span class='ocrx_word' id='word_1_775' title='bbox 3392 3669 3510 3709; x_wconf 79' lang='lat' dir='ltr'><strong>nos...</strong></span> 
     </span>
    </p>
   </div>
   <div class='ocr_carea' id='block_1_97' title="bbox 1901 3724 3489 3812">
    <p class='ocr_par' dir='ltr' id='par_1_97' title="bbox 1901 3724 3489 3812">
     <span class='ocr_line' id='line_1_97' title="bbox 1901 3724 3489 3812; baseline 0.011 -34"><span class='ocrx_word' id='word_1_776' title='bbox 1901 3725 2023 3778; x_wconf 78' lang='lat' dir='ltr'><strong>facti</strong></span> <span class='ocrx_word' id='word_1_777' title='bbox 2054 3724 2222 3779; x_wconf 86' lang='lat' dir='ltr'><strong>simus</strong></span> <span class='ocrx_word' id='word_1_778' title='bbox 2246 3725 2453 3795; x_wconf 73' lang='lat' dir='ltr'><strong>jusﬁlia</strong></span> <span class='ocrx_word' id='word_1_779' title='bbox 2484 3726 2536 3780; x_wconf 91' lang='lat' dir='ltr'><strong>in</strong></span> <span class='ocrx_word' id='word_1_780' title='bbox 2561 3727 2676 3797; x_wconf 73' lang='lat' dir='ltr'><strong>ipsi)</strong></span> <span class='ocrx_word' id='word_1_781' title='bbox 2705 3747 2718 3782; x_wconf 91' lang='lat'><strong>:</strong></span> <span class='ocrx_word' id='word_1_782' title='bbox 2745 3729 2898 3800; x_wconf 83' lang='lat' dir='ltr'><strong>Eum,</strong></span> <span class='ocrx_word' id='word_1_783' title='bbox 2926 3735 3012 3802; x_wconf 86' lang='lat' dir='ltr'><strong>qui</strong></span> <span class='ocrx_word' id='word_1_784' title='bbox 3036 3753 3136 3791; x_wconf 85' lang='lat' dir='ltr'><strong>non</strong></span> <span class='ocrx_word' id='word_1_785' title='bbox 3163 3742 3297 3794; x_wconf 78' lang='lat' dir='ltr'><strong>norit</strong></span> <span class='ocrx_word' id='word_1_786' title='bbox 3321 3761 3489 3812; x_wconf 83' lang='lat' dir='ltr'><strong>pecca-</strong></span> 
     </span>
    </p>
   </div>
   <div class='ocr_carea' id='block_1_98' title="bbox 1901 3818 3501 3905">
    <p class='ocr_par' dir='ltr' id='par_1_98' title="bbox 1901 3818 3501 3905">
     <span class='ocr_line' id='line_1_98' title="bbox 1901 3818 3501 3905; baseline 0.014 -37"><span class='ocrx_word' id='word_1_787' title='bbox 1901 3825 2026 3881; x_wconf 86' lang='lat' dir='ltr'><strong>tum,</strong></span> <span class='ocrx_word' id='word_1_788' title='bbox 2054 3827 2315 3881; x_wconf 83' lang='lat' dir='ltr'><strong>peccatum</strong></span> <span class='ocrx_word' id='word_1_789' title='bbox 2345 3834 2437 3888; x_wconf 85' lang='lat' dir='ltr'><strong>pro</strong></span> <span class='ocrx_word' id='word_1_790' title='bbox 2479 3818 2619 3874; x_wconf 80' lang='lat' dir='ltr'><strong>nobis</strong></span> <span class='ocrx_word' id='word_1_791' title='bbox 2644 3821 2760 3890; x_wconf 74' lang='lat' dir='ltr'><strong>fecit</strong></span> <span class='ocrx_word' id='word_1_792' title='bbox 2780 3864 2795 3890; x_wconf 91' lang='lat'><strong>,</strong></span> <span class='ocrx_word' id='word_1_793' title='bbox 2824 3833 2879 3878; x_wconf 86' lang='lat' dir='ltr'><strong>ut</strong></span> <span class='ocrx_word' id='word_1_794' title='bbox 2909 3842 3000 3879; x_wconf 74' lang='lat' dir='ltr'><strong>nos</strong></span> <span class='ocrx_word' id='word_1_795' title='bbox 3029 3830 3266 3898; x_wconf 82' lang='lat' dir='ltr'><strong>ﬁeremus</strong></span> <span class='ocrx_word' id='word_1_796' title='bbox 3284 3835 3501 3905; x_wconf 82' lang='lat' dir='ltr'><strong>justitia.</strong></span> 
     </span>
    </p>
   </div>
   <div class='ocr_carea' id='block_1_99' title="bbox 1904 3908 3478 3986">
    <p class='ocr_par' dir='ltr' id='par_1_99' title="bbox 1904 3908 3478 3986">
     <span class='ocr_line' id='line_1_99' title="bbox 1904 3908 3478 3986; baseline 0.016 -26"><span class='ocrx_word' id='word_1_797' title='bbox 1904 3909 1993 3964; x_wconf 85' lang='lat' dir='ltr'><strong>Dei</strong></span> <span class='ocrx_word' id='word_1_798' title='bbox 2019 3909 2070 3963; x_wconf 82' lang='lat' dir='ltr'><strong>in</strong></span> <span class='ocrx_word' id='word_1_799' title='bbox 2092 3910 2202 3980; x_wconf 83' lang='lat' dir='ltr'><strong>ipso</strong></span> <span class='ocrx_word' id='word_1_800' title='bbox 2258 3909 2331 3983; x_wconf 74' lang='lat'><strong>(2.</strong></span> <span class='ocrx_word' id='word_1_801' title='bbox 2362 3908 2480 3966; x_wconf 85' lang='lat' dir='ltr'><strong>Cor.</strong></span> <span class='ocrx_word' id='word_1_802' title='bbox 2508 3913 2562 3968; x_wconf 85' lang='lat'><strong>5.</strong></span> <span class='ocrx_word' id='word_1_803' title='bbox 2585 3913 2677 3986; x_wconf 75' lang='lat'><strong>2|)</strong></span> <span class='ocrx_word' id='word_1_804' title='bbox 2703 3932 2716 3982; x_wconf 94' lang='lat'><strong>;</strong></span> <span class='ocrx_word' id='word_1_805' title='bbox 2769 3932 2912 3973; x_wconf 88' lang='lat' dir='ltr'><strong>nunc</strong></span> <span class='ocrx_word' id='word_1_806' title='bbox 2938 3931 3114 3976; x_wconf 89' lang='lat' dir='ltr'><strong>autem</strong></span> <span class='ocrx_word' id='word_1_807' title='bbox 3163 3924 3290 3981; x_wconf 89' lang='lat' dir='ltr'><strong>dicit</strong></span> <span class='ocrx_word' id='word_1_808' title='bbox 3330 3928 3478 3985; x_wconf 88' lang='lat' dir='ltr'><strong>illum</strong></span> 
     </span>
    </p>
   </div>
   <div class='ocr_carea' id='block_1_100' title="bbox 1899 4001 3496 4091">
    <p class='ocr_par' dir='ltr' id='par_1_100' title="bbox 1899 4001 3496 4091">
     <span class='ocr_line' id='line_1_100' title="bbox 1899 4001 3496 4091; baseline 0.014 -36"><span class='ocrx_word' id='word_1_809' title='bbox 1899 4001 2054 4056; x_wconf 90' lang='lat' dir='ltr'><strong>nobis</strong></span> <span class='ocrx_word' id='word_1_810' title='bbox 2079 4001 2278 4057; x_wconf 79' lang='lat' dir='ltr'><strong>factum</strong></span> <span class='ocrx_word' id='word_1_811' title='bbox 2306 4002 2470 4061; x_wconf 79' lang='lat' dir='ltr'><strong>fuisse</strong></span> <span class='ocrx_word' id='word_1_812' title='bbox 2486 4005 2771 4076; x_wconf 82' lang='lat' dir='ltr'><strong>justitiam,</strong></span> <span class='ocrx_word' id='word_1_813' title='bbox 2797 4008 2867 4064; x_wconf 93' lang='lat' dir='ltr'><strong>ita</strong></span> <span class='ocrx_word' id='word_1_814' title='bbox 2887 4019 2942 4065; x_wconf 92' lang='lat' dir='ltr'><strong>ut</strong></span> <span class='ocrx_word' id='word_1_815' title='bbox 2963 4013 3164 4070; x_wconf 82' lang='lat' dir='ltr'><strong>volenti</strong></span> <span class='ocrx_word' id='word_1_816' title='bbox 3185 4017 3341 4073; x_wconf 91' lang='lat' dir='ltr'><strong>liceat</strong></span> <span class='ocrx_word' id='word_1_817' title='bbox 3369 4021 3496 4091; x_wconf 24' lang='lat' dir='ltr'><strong>ejus.</strong></span> 
     </span>
    </p>
   </div>
   <div class='ocr_carea' id='block_1_101' title="bbox 1897 4093 3479 4181">
    <p class='ocr_par' dir='ltr' id='par_1_101' title="bbox 1897 4093 3479 4181">
     <span class='ocr_line' id='line_1_101' title="bbox 1897 4093 3479 4181; baseline 0.014 -34"><span class='ocrx_word' id='word_1_818' title='bbox 1897 4093 2107 4148; x_wconf 89' lang='lat' dir='ltr'><strong>abunde</strong></span> <span class='ocrx_word' id='word_1_819' title='bbox 2126 4105 2429 4150; x_wconf 84' lang='lat' dir='ltr'><strong>consortem</strong></span> <span class='ocrx_word' id='word_1_820' title='bbox 2456 4111 2598 4152; x_wconf 90' lang='lat' dir='ltr'><strong>esse.</strong></span> <span class='ocrx_word' id='word_1_821' title='bbox 2625 4097 2740 4154; x_wconf 91' lang='lat' dir='ltr'><strong>Non</strong></span> <span class='ocrx_word' id='word_1_822' title='bbox 2768 4101 2909 4156; x_wconf 91' lang='lat' dir='ltr'><strong>enim</strong></span> <span class='ocrx_word' id='word_1_823' title='bbox 2934 4102 3021 4158; x_wconf 91' lang='lat' dir='ltr'><strong>hic</strong></span> <span class='ocrx_word' id='word_1_824' title='bbox 3051 4106 3132 4160; x_wconf 91' lang='lat' dir='ltr'><strong>vel</strong></span> <span class='ocrx_word' id='word_1_825' title='bbox 3153 4107 3242 4164; x_wconf 90' lang='lat' dir='ltr'><strong>ille</strong></span> <span class='ocrx_word' id='word_1_826' title='bbox 3262 4111 3479 4181; x_wconf 84' lang='lat' dir='ltr'><strong>sapien-</strong></span> 
     </span>
    </p>
   </div>
   <div class='ocr_carea' id='block_1_102' title="bbox 1899 4183 3482 4273">
    <p class='ocr_par' dir='ltr' id='par_1_102' title="bbox 1899 4183 3482 4273">
     <span class='ocr_line' id='line_1_102' title="bbox 1899 4183 3482 4273; baseline 0.011 -35"><span class='ocrx_word' id='word_1_827' title='bbox 1899 4193 1978 4240; x_wconf 87' lang='lat' dir='ltr'><strong>tes</strong></span> <span class='ocrx_word' id='word_1_828' title='bbox 2008 4183 2153 4250; x_wconf 81' lang='lat' dir='ltr'><strong>fecit,</strong></span> <span class='ocrx_word' id='word_1_829' title='bbox 2177 4184 2269 4240; x_wconf 89' lang='lat' dir='ltr'><strong>sed</strong></span> <span class='ocrx_word' id='word_1_830' title='bbox 2293 4185 2558 4242; x_wconf 87' lang='lat' dir='ltr'><strong>Christus.</strong></span> <span class='ocrx_word' id='word_1_831' title='bbox 2584 4188 2686 4255; x_wconf 90' lang='lat' dir='ltr'><strong>Qui</strong></span> <span class='ocrx_word' id='word_1_832' title='bbox 2714 4207 2839 4260; x_wconf 79' lang='lat' dir='ltr'><strong>ergo</strong></span> <span class='ocrx_word' id='word_1_833' title='bbox 2865 4193 3146 4265; x_wconf 85' lang='lat' dir='ltr'><strong>gloriatur,</strong></span> <span class='ocrx_word' id='word_1_834' title='bbox 3171 4198 3223 4254; x_wconf 91' lang='lat' dir='ltr'><strong>in</strong></span> <span class='ocrx_word' id='word_1_835' title='bbox 3251 4201 3346 4257; x_wconf 92' lang='lat' dir='ltr'><strong>illo</strong></span> <span class='ocrx_word' id='word_1_836' title='bbox 3371 4206 3482 4273; x_wconf 75' lang='lat' dir='ltr'><strong>glo.</strong></span> 
     </span>
    </p>
   </div>
   <div class='ocr_carea' id='block_1_103' title="bbox 1897 4277 3500 4352">
    <p class='ocr_par' dir='ltr' id='par_1_103' title="bbox 1897 4277 3500 4352">
     <span class='ocr_line' id='line_1_103' title="bbox 1897 4277 3500 4352; baseline 0.012 -22"><span class='ocrx_word' id='word_1_837' title='bbox 1897 4277 2084 4339; x_wconf 90' lang='lat' dir='ltr'><strong>rietur,</strong></span> <span class='ocrx_word' id='word_1_838' title='bbox 2117 4293 2226 4332; x_wconf 93' lang='lat' dir='ltr'><strong>non</strong></span> <span class='ocrx_word' id='word_1_839' title='bbox 2255 4277 2308 4332; x_wconf 91' lang='lat' dir='ltr'><strong>in</strong></span> <span class='ocrx_word' id='word_1_840' title='bbox 2333 4279 2439 4333; x_wconf 91' lang='lat' dir='ltr'><strong>alio</strong></span> <span class='ocrx_word' id='word_1_841' title='bbox 2466 4294 2479 4332; x_wconf 89' lang='lat'>:</span> <span class='ocrx_word' id='word_1_842' title='bbox 2506 4294 2534 4333; x_wconf 92' lang='lat' dir='ltr'><strong>a</strong></span> <span class='ocrx_word' id='word_1_843' title='bbox 2557 4277 2774 4335; x_wconf 87' lang='lat' dir='ltr'><strong>Christo</strong></span> <span class='ocrx_word' id='word_1_844' title='bbox 2795 4286 2972 4339; x_wconf 73' lang='lat' dir='ltr'><strong>(&quot;ltitia</strong></span> <span class='ocrx_word' id='word_1_845' title='bbox 3009 4285 3145 4343; x_wconf 84' lang='lat' dir='ltr'><strong>facta</strong></span> <span class='ocrx_word' id='word_1_846' title='bbox 3175 4304 3322 4348; x_wconf 91' lang='lat' dir='ltr'><strong>sunt.</strong></span> <span class='ocrx_word' id='word_1_847' title='bbox 3357 4297 3500 4352; x_wconf 70' lang='lat' dir='ltr'><strong>Ideo.</strong></span> 
     </span>
    </p>
   </div>
   <div class='ocr_carea' id='block_1_104' title="bbox 1897 4370 3482 4456">
    <p class='ocr_par' dir='ltr' id='par_1_104' title="bbox 1897 4370 3482 4456">
     <span class='ocr_line' id='line_1_104' title="bbox 1897 4370 3482 4456; baseline 0.011 -31"><span class='ocrx_word' id='word_1_848' title='bbox 1897 4386 2016 4425; x_wconf 92' lang='lat' dir='ltr'><strong>cum</strong></span> <span class='ocrx_word' id='word_1_849' title='bbox 2045 4370 2306 4438; x_wconf 87' lang='lat' dir='ltr'><strong>dixisset,</strong></span> <span class='ocrx_word' id='word_1_850' title='bbox 2339 4372 2439 4440; x_wconf 83' lang='lat' dir='ltr'><strong>Qui</strong></span> <span class='ocrx_word' id='word_1_851' title='bbox 2463 4373 2630 4442; x_wconf 78' lang='lat' dir='ltr'><strong>factus</strong></span> <span class='ocrx_word' id='word_1_852' title='bbox 2659 4385 2732 4429; x_wconf 77' lang='lat' dir='ltr'><strong>est</strong></span> <span class='ocrx_word' id='word_1_853' title='bbox 2756 4378 2896 4431; x_wconf 76' lang='lat' dir='ltr'><strong>nobis</strong></span> <span class='ocrx_word' id='word_1_854' title='bbox 2917 4382 3166 4450; x_wconf 78' lang='lat' dir='ltr'><strong>sapientia</strong></span> <span class='ocrx_word' id='word_1_855' title='bbox 3194 4393 3242 4438; x_wconf 81' lang='lat' dir='ltr'><strong>et</strong></span> <span class='ocrx_word' id='word_1_856' title='bbox 3278 4387 3482 4456; x_wconf 81' lang='lat' dir='ltr'><strong>justitia</strong></span> 
     </span>
    </p>
   </div>
   <div class='ocr_carea' id='block_1_105' title="bbox 1898 4465 3478 4549">
    <p class='ocr_par' dir='ltr' id='par_1_105' title="bbox 1898 4465 3478 4549">
     <span class='ocr_line' id='line_1_105' title="bbox 1898 4465 3478 4549; baseline 0.011 -31"><span class='ocrx_word' id='word_1_857' title='bbox 1898 4473 1943 4518; x_wconf 90' lang='lat' dir='ltr'><strong>et</strong></span> <span class='ocrx_word' id='word_1_858' title='bbox 1957 4465 2290 4534; x_wconf 74' lang='lat' dir='ltr'><strong>sanctiﬁcatio</strong></span> <span class='ocrx_word' id='word_1_859' title='bbox 2310 4476 2358 4520; x_wconf 89' lang='lat' dir='ltr'><strong>et</strong></span> <span class='ocrx_word' id='word_1_860' title='bbox 2378 4468 2677 4533; x_wconf 83' lang='lat' dir='ltr'><strong>redemptio,</strong></span> <span class='ocrx_word' id='word_1_861' title='bbox 2697 4469 2813 4540; x_wconf 86' lang='lat' dir='ltr'><strong>subj</strong></span> <span class='ocrx_word' id='word_1_862' title='bbox 2823 4473 2970 4526; x_wconf 89' lang='lat' dir='ltr'><strong>unxit</strong></span> <span class='ocrx_word' id='word_1_863' title='bbox 2988 4491 3001 4526; x_wconf 88' lang='lat'><strong>:</strong></span> <span class='ocrx_word' id='word_1_864' title='bbox 3029 4475 3087 4528; x_wconf 81' lang='lat'><strong>3|</strong></span> <span class='ocrx_word' id='word_1_865' title='bbox 3104 4474 3216 4543; x_wconf 87' lang='lat' dir='ltr'><strong>.Ut,</strong></span> <span class='ocrx_word' id='word_1_866' title='bbox 3239 4491 3478 4549; x_wconf 77' lang='lat' dir='ltr'><strong>gueumtt-</strong></span> 
     </span>
    </p>
   </div>
   <div class='ocr_carea' id='block_1_106' title="bbox 1899 4557 3490 4641">
    <p class='ocr_par' dir='ltr' id='par_1_106' title="bbox 1899 4557 3490 4641">
     <span class='ocr_line' id='line_1_106' title="bbox 1899 4557 3490 4641; baseline 0.009 -32"><span class='ocrx_word' id='word_1_867' title='bbox 1899 4557 2104 4610; x_wconf 86' lang='lat' dir='ltr'><strong>modum</strong></span> <span class='ocrx_word' id='word_1_868' title='bbox 2124 4557 2364 4628; x_wconf 76' lang='lat' dir='ltr'><strong>scriptum</strong></span> <span class='ocrx_word' id='word_1_869' title='bbox 2383 4567 2476 4625; x_wconf 83' lang='lat' dir='ltr'><strong>est,</strong></span> <span class='ocrx_word' id='word_1_870' title='bbox 2499 4558 2598 4624; x_wconf 85' lang='lat' dir='ltr'><strong>Qui</strong></span> <span class='ocrx_word' id='word_1_871' title='bbox 2624 4559 2894 4631; x_wconf 85' lang='lat' dir='ltr'><strong>gloriatur,</strong></span> <span class='ocrx_word' id='word_1_872' title='bbox 2914 4564 2966 4616; x_wconf 88' lang='lat' dir='ltr'><strong>in</strong></span> <span class='ocrx_word' id='word_1_873' title='bbox 2995 4563 3214 4621; x_wconf 88' lang='lat' dir='ltr'><strong>Domino</strong></span> <span class='ocrx_word' id='word_1_874' title='bbox 3233 4569 3490 4641; x_wconf 85' lang='lat' dir='ltr'><strong>glorietur.</strong></span> 
     </span>
    </p>
   </div>
   <div class='ocr_carea' id='block_1_107' title="bbox 1901 4648 3480 4722">
    <p class='ocr_par' dir='ltr' id='par_1_107' title="bbox 1901 4648 3480 4722">
     <span class='ocr_line' id='line_1_107' title="bbox 1901 4648 3480 4722; baseline 0.012 -20"><span class='ocrx_word' id='word_1_875' title='bbox 1901 4648 2034 4720; x_wconf 67' lang='grc' dir='ltr'><strong>(λεν.</strong></span> <span class='ocrx_word' id='word_1_876' title='bbox 2082 4649 2136 4704; x_wconf 89' lang='grc'><strong>9.</strong></span> <span class='ocrx_word' id='word_1_877' title='bbox 2164 4648 2278 4722; x_wconf 68' lang='grc'><strong>25).</strong></span> <span class='ocrx_word' id='word_1_878' title='bbox 2309 4650 2598 4721; x_wconf 88' lang='lat' dir='ltr'><strong>Propterea</strong></span> <span class='ocrx_word' id='word_1_879' title='bbox 2637 4649 2796 4706; x_wconf 78' lang='lat' dir='ltr'><strong>etiam</strong></span> <span class='ocrx_word' id='word_1_880' title='bbox 2830 4654 2984 4710; x_wconf 91' lang='lat' dir='ltr'><strong>valde</strong></span> <span class='ocrx_word' id='word_1_881' title='bbox 3028 4656 3270 4716; x_wconf 87' lang='lat' dir='ltr'><strong>invectus</strong></span> <span class='ocrx_word' id='word_1_882' title='bbox 3316 4665 3480 4721; x_wconf 81' lang='lat' dir='ltr'><strong>estin</strong></span> 
     </span>
    </p>
   </div>
   <div class='ocr_carea' id='block_1_108' title="bbox 1897 4742 3474 4818">
    <p class='ocr_par' dir='ltr' id='par_1_108' title="bbox 1897 4742 3474 4818">
     <span class='ocr_line' id='line_1_108' title="bbox 1897 4742 3474 4818; baseline 0.009 -20"><span class='ocrx_word' id='word_1_883' title='bbox 1897 4742 2215 4812; x_wconf 82' lang='lat' dir='ltr'><strong>sapientiam</strong></span> <span class='ocrx_word' id='word_1_884' title='bbox 2239 4742 2581 4808; x_wconf 68' lang='lat' dir='ltr'><strong>Graecorum;</strong></span> <span class='ocrx_word' id='word_1_885' title='bbox 2614 4753 2672 4798; x_wconf 96' lang='lat' dir='ltr'><strong>ut</strong></span> <span class='ocrx_word' id='word_1_886' title='bbox 2699 4743 2802 4800; x_wconf 93' lang='lat' dir='ltr'><strong>hoc</strong></span> <span class='ocrx_word' id='word_1_887' title='bbox 2826 4744 2940 4816; x_wconf 84' lang='lat' dir='ltr'><strong>ipso</strong></span> <span class='ocrx_word' id='word_1_888' title='bbox 2973 4751 3288 4818; x_wconf 88' lang='lat' dir='ltr'><strong>persuadeat</strong></span> <span class='ocrx_word' id='word_1_889' title='bbox 3317 4755 3474 4813; x_wconf 90' lang='lat' dir='ltr'><strong>homi-</strong></span> 
     </span>
    </p>
   </div>
   <div class='ocr_carea' id='block_1_109' title="bbox 1900 4831 3478 4914">
    <p class='ocr_par' dir='ltr' id='par_1_109' title="bbox 1900 4831 3478 4914">
     <span class='ocr_line' id='line_1_109' title="bbox 1900 4831 3478 4914; baseline 0.01 -26"><span class='ocrx_word' id='word_1_890' title='bbox 1900 4834 2074 4900; x_wconf 88' lang='lat' dir='ltr'><strong>nibus,</strong></span> <span class='ocrx_word' id='word_1_891' title='bbox 2108 4843 2165 4888; x_wconf 90' lang='lat' dir='ltr'><strong>ut</strong></span> <span class='ocrx_word' id='word_1_892' title='bbox 2193 4833 2353 4888; x_wconf 88' lang='lat' dir='ltr'><strong>etiam</strong></span> <span class='ocrx_word' id='word_1_893' title='bbox 2379 4831 2580 4902; x_wconf 89' lang='lat' dir='ltr'><strong>justum</strong></span> <span class='ocrx_word' id='word_1_894' title='bbox 2609 4843 2710 4904; x_wconf 88' lang='lat' dir='ltr'><strong>est,</strong></span> <span class='ocrx_word' id='word_1_895' title='bbox 2741 4847 2799 4891; x_wconf 93' lang='lat' dir='ltr'><strong>ut</strong></span> <span class='ocrx_word' id='word_1_896' title='bbox 2828 4834 2879 4892; x_wconf 90' lang='lat' dir='ltr'><strong>in</strong></span> <span class='ocrx_word' id='word_1_897' title='bbox 2903 4839 3131 4898; x_wconf 86' lang='lat' dir='ltr'><strong>Domino</strong></span> <span class='ocrx_word' id='word_1_898' title='bbox 3161 4844 3478 4914; x_wconf 85' lang='lat' dir='ltr'><strong>glorientur.</strong></span> 
     </span>
    </p>
   </div>
   <div class='ocr_carea' id='block_1_110' title="bbox 1895 4925 3492 5010">
    <p class='ocr_par' dir='ltr' id='par_1_110' title="bbox 1895 4925 3492 5010">
     <span class='ocr_line' id='line_1_110' title="bbox 1895 4925 3492 5010; baseline 0.009 -28"><span class='ocrx_word' id='word_1_899' title='bbox 1895 4925 2028 4982; x_wconf 86' lang='lat' dir='ltr'><strong>Nam</strong></span> <span class='ocrx_word' id='word_1_900' title='bbox 2057 4941 2179 4982; x_wconf 86' lang='lat' dir='ltr'><strong>eum</strong></span> <span class='ocrx_word' id='word_1_901' title='bbox 2200 4942 2228 4981; x_wconf 88' lang='lat' dir='ltr'><strong>a</strong></span> <span class='ocrx_word' id='word_1_902' title='bbox 2257 4925 2410 4983; x_wconf 92' lang='lat' dir='ltr'><strong>nobis</strong></span> <span class='ocrx_word' id='word_1_903' title='bbox 2439 4926 2571 4998; x_wconf 88' lang='lat' dir='ltr'><strong>ipsis</strong></span> <span class='ocrx_word' id='word_1_904' title='bbox 2603 4946 2722 5000; x_wconf 77' lang='lat' dir='ltr'><strong>qua:</strong></span> <span class='ocrx_word' id='word_1_905' title='bbox 2743 4946 2842 4988; x_wconf 90' lang='lat' dir='ltr'><strong>nos</strong></span> <span class='ocrx_word' id='word_1_906' title='bbox 2867 4946 3123 5004; x_wconf 89' lang='lat' dir='ltr'><strong>superant</strong></span> <span class='ocrx_word' id='word_1_907' title='bbox 3163 4942 3492 5010; x_wconf 58' lang='lat' dir='ltr'><strong>quaerimus,</strong></span> 
     </span>
    </p>
   </div>
   <div class='ocr_carea' id='block_1_111' title="bbox 1897 5019 3490 5106">
    <p class='ocr_par' dir='ltr' id='par_1_111' title="bbox 1897 5019 3490 5106">
     <span class='ocr_line' id='line_1_111' title="bbox 1897 5019 3490 5106; baseline 0.013 -34"><span class='ocrx_word' id='word_1_908' title='bbox 1897 5020 2027 5074; x_wconf 89' lang='lat' dir='ltr'><strong>nihil</strong></span> <span class='ocrx_word' id='word_1_909' title='bbox 2073 5028 2157 5074; x_wconf 90' lang='lat' dir='ltr'><strong>est</strong></span> <span class='ocrx_word' id='word_1_910' title='bbox 2202 5019 2356 5075; x_wconf 87' lang='lat' dir='ltr'><strong>nobis</strong></span> <span class='ocrx_word' id='word_1_911' title='bbox 2383 5023 2598 5076; x_wconf 78' lang='lat' dir='ltr'><strong>stultius</strong></span> <span class='ocrx_word' id='word_1_912' title='bbox 2623 5065 2638 5090; x_wconf 88' lang='lat'><strong>,</strong></span> <span class='ocrx_word' id='word_1_913' title='bbox 2669 5023 2803 5080; x_wconf 87' lang='lat' dir='ltr'><strong>nihil</strong></span> <span class='ocrx_word' id='word_1_914' title='bbox 2851 5025 3188 5087; x_wconf 85' lang='lat' dir='ltr'><strong>imbecillius.</strong></span> <span class='ocrx_word' id='word_1_915' title='bbox 3219 5033 3490 5106; x_wconf 80' lang='lat' dir='ltr'><strong>Linguaru-</strong></span> 
     </span>
    </p>
   </div>
   <div class='ocr_carea' id='block_1_112' title="bbox 1895 5111 3490 5197">
    <p class='ocr_par' dir='ltr' id='par_1_112' title="bbox 1895 5111 3490 5197">
     <span class='ocr_line' id='line_1_112' title="bbox 1895 5111 3490 5197; baseline 0.011 -32"><span class='ocrx_word' id='word_1_916' title='bbox 1895 5111 2037 5165; x_wconf 88' lang='lat' dir='ltr'><strong>enim</strong></span> <span class='ocrx_word' id='word_1_917' title='bbox 2066 5119 2276 5165; x_wconf 66' lang='lat' dir='ltr'><strong>acuum</strong></span> <span class='ocrx_word' id='word_1_918' title='bbox 2304 5111 2502 5167; x_wconf 88' lang='lat' dir='ltr'><strong>habere</strong></span> <span class='ocrx_word' id='word_1_919' title='bbox 2525 5128 2838 5183; x_wconf 86' lang='lat' dir='ltr'><strong>possumus;</strong></span> <span class='ocrx_word' id='word_1_920' title='bbox 2863 5119 3109 5190; x_wconf 88' lang='lat' dir='ltr'><strong>dogmata</strong></span> <span class='ocrx_word' id='word_1_921' title='bbox 3133 5139 3260 5181; x_wconf 82' lang='lat' dir='ltr'><strong>vero</strong></span> <span class='ocrx_word' id='word_1_922' title='bbox 3285 5128 3490 5197; x_wconf 66' lang='lat' dir='ltr'><strong>Solida,</strong></span> 
     </span>
    </p>
   </div>
   <div class='ocr_carea' id='block_1_113' title="bbox 1897 5203 3486 5283">
    <p class='ocr_par' dir='ltr' id='par_1_113' title="bbox 1897 5203 3486 5283">
     <span class='ocr_line' id='line_1_113' title="bbox 1897 5203 3486 5283; baseline 0.014 -25"><span class='ocrx_word' id='word_1_923' title='bbox 1897 5219 2002 5258; x_wconf 89' lang='lat' dir='ltr'><strong>non</strong></span> <span class='ocrx_word' id='word_1_924' title='bbox 2031 5203 2193 5269; x_wconf 86' lang='lat' dir='ltr'><strong>item;</strong></span> <span class='ocrx_word' id='word_1_925' title='bbox 2225 5206 2320 5260; x_wconf 90' lang='lat' dir='ltr'><strong>sed</strong></span> <span class='ocrx_word' id='word_1_926' title='bbox 2337 5222 2658 5264; x_wconf 88' lang='lat' dir='ltr'><strong>aranearum</strong></span> <span class='ocrx_word' id='word_1_927' title='bbox 2686 5211 2807 5267; x_wconf 88' lang='lat' dir='ltr'><strong>telis</strong></span> <span class='ocrx_word' id='word_1_928' title='bbox 2829 5229 2922 5283; x_wconf 91' lang='lat' dir='ltr'><strong>per</strong></span> <span class='ocrx_word' id='word_1_929' title='bbox 2939 5229 2998 5272; x_wconf 91' lang='lat' dir='ltr'><strong>se</strong></span> <span class='ocrx_word' id='word_1_930' title='bbox 3022 5216 3216 5275; x_wconf 88' lang='lat' dir='ltr'><strong>similia</strong></span> <span class='ocrx_word' id='word_1_931' title='bbox 3246 5231 3374 5277; x_wconf 88' lang='lat' dir='ltr'><strong>sunt</strong></span> <span class='ocrx_word' id='word_1_932' title='bbox 3399 5240 3486 5280; x_wconf 78' lang='lat' dir='ltr'><strong>ra-</strong></span> 
     </span>
    </p>
   </div>
   <div class='ocr_carea' id='block_1_114' title="bbox 1897 5292 3490 5377">
    <p class='ocr_par' dir='ltr' id='par_1_114' title="bbox 1897 5292 3490 5377">
     <span class='ocr_line' id='line_1_114' title="bbox 1897 5292 3490 5377; baseline 0.013 -28"><span class='ocrx_word' id='word_1_933' title='bbox 1897 5292 2134 5349; x_wconf 87' lang='lat' dir='ltr'><strong>tiocinia.</strong></span> <span class='ocrx_word' id='word_1_934' title='bbox 2181 5294 2262 5350; x_wconf 84' lang='lat' dir='ltr'><strong>Eo</strong></span> <span class='ocrx_word' id='word_1_935' title='bbox 2285 5296 2427 5352; x_wconf 90' lang='lat' dir='ltr'><strong>enim</strong></span> <span class='ocrx_word' id='word_1_936' title='bbox 2457 5298 2673 5370; x_wconf 90' lang='lat' dir='ltr'><strong>quidam</strong></span> <span class='ocrx_word' id='word_1_937' title='bbox 2705 5317 3080 5372; x_wconf 87' lang='lat' dir='ltr'><strong>processerant</strong></span> <span class='ocrx_word' id='word_1_938' title='bbox 3107 5313 3377 5377; x_wconf 60' lang='lat' dir='ltr'><strong>amentiae,</strong></span> <span class='ocrx_word' id='word_1_939' title='bbox 3425 5327 3490 5372; x_wconf 73' lang='lat' dir='ltr'><strong>ut-</strong></span> 
     </span>
    </p>
   </div>
   <div class='ocr_carea' id='block_1_115' title="bbox 1896 5392 3475 5474">
    <p class='ocr_par' dir='ltr' id='par_1_115' title="bbox 1896 5392 3475 5474">
     <span class='ocr_line' id='line_1_115' title="bbox 1896 5392 3475 5474; baseline 0.013 -32"><span class='ocrx_word' id='word_1_940' title='bbox 1896 5404 2080 5443; x_wconf 88' lang='lat' dir='ltr'><strong>eorum</strong></span> <span class='ocrx_word' id='word_1_941' title='bbox 2107 5404 2224 5460; x_wconf 76' lang='lat' dir='ltr'><strong>qua:</strong></span> <span class='ocrx_word' id='word_1_942' title='bbox 2252 5399 2376 5446; x_wconf 89' lang='lat' dir='ltr'><strong>sunt</strong></span> <span class='ocrx_word' id='word_1_943' title='bbox 2406 5392 2538 5447; x_wconf 88' lang='lat' dir='ltr'><strong>nihil</strong></span> <span class='ocrx_word' id='word_1_944' title='bbox 2566 5410 2751 5453; x_wconf 89' lang='lat' dir='ltr'><strong>verum</strong></span> <span class='ocrx_word' id='word_1_945' title='bbox 2783 5412 2906 5453; x_wconf 88' lang='lat' dir='ltr'><strong>esse</strong></span> <span class='ocrx_word' id='word_1_946' title='bbox 2949 5399 3192 5458; x_wconf 84' lang='lat' dir='ltr'><strong>dicereut</strong></span> <span class='ocrx_word' id='word_1_947' title='bbox 3218 5446 3232 5468; x_wconf 91' lang='lat'><strong>,</strong></span> <span class='ocrx_word' id='word_1_948' title='bbox 3261 5409 3355 5460; x_wconf 85' lang='lat' dir='ltr'><strong>sed</strong></span> <span class='ocrx_word' id='word_1_949' title='bbox 3385 5405 3475 5474; x_wconf 82' lang='lat' dir='ltr'><strong>iis,</strong></span> 
     </span>
    </p>
   </div>
   <div class='ocr_carea' id='block_1_116' title="bbox 1895 5485 3479 5552">
    <p class='ocr_par' dir='ltr' id='par_1_116' title="bbox 1895 5485 3479 5552">
     <span class='ocr_line' id='line_1_116' title="bbox 1895 5485 3479 5552; baseline 0.014 -21"><span class='ocrx_word' id='word_1_950' title='bbox 1895 5494 2014 5549; x_wconf 71' lang='lat' dir='ltr'><strong>qua:</strong></span> <span class='ocrx_word' id='word_1_951' title='bbox 2065 5491 2406 5550; x_wconf 88' lang='lat' dir='ltr'><strong>apparerent,</strong></span> <span class='ocrx_word' id='word_1_952' title='bbox 2438 5485 2618 5539; x_wconf 88' lang='lat' dir='ltr'><strong>omnia</strong></span> <span class='ocrx_word' id='word_1_953' title='bbox 2671 5489 2939 5544; x_wconf 88' lang='lat' dir='ltr'><strong>contraria</strong></span> <span class='ocrx_word' id='word_1_954' title='bbox 2978 5506 3100 5548; x_wconf 89' lang='lat' dir='ltr'><strong>esse</strong></span> <span class='ocrx_word' id='word_1_955' title='bbox 3128 5496 3479 5552; x_wconf 78' lang='lat' dir='ltr'><strong>aliti-marem.</strong></span> 
     </span>
    </p>
   </div>
   <div class='ocr_carea' id='block_1_117' title="bbox 1896 5569 3476 5644">
    <p class='ocr_par' dir='ltr' id='par_1_117' title="bbox 1896 5569 3476 5644">
     <span class='ocr_line' id='line_1_117' title="bbox 1896 5569 3476 5644; baseline 0.011 -21"><span class='ocrx_word' id='word_1_956' title='bbox 1896 5569 2037 5623; x_wconf 85' lang='lat' dir='ltr'><strong>Nihil</strong></span> <span class='ocrx_word' id='word_1_957' title='bbox 2066 5586 2192 5641; x_wconf 87' lang='lat' dir='ltr'><strong>ergo</strong></span> <span class='ocrx_word' id='word_1_958' title='bbox 2221 5581 2365 5626; x_wconf 90' lang='lat' dir='ltr'><strong>tuum</strong></span> <span class='ocrx_word' id='word_1_959' title='bbox 2393 5588 2512 5630; x_wconf 89' lang='lat' dir='ltr'><strong>esse</strong></span> <span class='ocrx_word' id='word_1_960' title='bbox 2542 5576 2773 5644; x_wconf 80' lang='lat' dir='ltr'><strong>dixeris,</strong></span> <span class='ocrx_word' id='word_1_961' title='bbox 2807 5580 2899 5635; x_wconf 88' lang='lat' dir='ltr'><strong>sed</strong></span> <span class='ocrx_word' id='word_1_962' title='bbox 2928 5580 2981 5635; x_wconf 83' lang='lat' dir='ltr'><strong>in</strong></span> <span class='ocrx_word' id='word_1_963' title='bbox 3011 5583 3258 5639; x_wconf 84' lang='lat' dir='ltr'><strong>omnibus</strong></span> <span class='ocrx_word' id='word_1_964' title='bbox 3285 5586 3336 5642; x_wconf 90' lang='lat' dir='ltr'><strong>in</strong></span> <span class='ocrx_word' id='word_1_965' title='bbox 3367 5588 3476 5644; x_wconf 82' lang='lat' dir='ltr'><strong>Deo</strong></span> 
     </span>
    </p>
   </div>
   <div class='ocr_carea' id='block_1_118' title="bbox 1895 5660 3482 5744">
    <p class='ocr_par' dir='ltr' id='par_1_118' title="bbox 1895 5660 3482 5744">
     <span class='ocr_line' id='line_1_118' title="bbox 1895 5660 3482 5744; baseline 0.013 -30"><span class='ocrx_word' id='word_1_966' title='bbox 1895 5660 2176 5730; x_wconf 84' lang='lat' dir='ltr'><strong>glorieris;</strong></span> <span class='ocrx_word' id='word_1_967' title='bbox 2209 5663 2342 5718; x_wconf 91' lang='lat' dir='ltr'><strong>nulli</strong></span> <span class='ocrx_word' id='word_1_968' title='bbox 2387 5663 2590 5722; x_wconf 87' lang='lat' dir='ltr'><strong>homini</strong></span> <span class='ocrx_word' id='word_1_969' title='bbox 2619 5669 2819 5739; x_wconf 89' lang='lat' dir='ltr'><strong>aliquid</strong></span> <span class='ocrx_word' id='word_1_970' title='bbox 2868 5687 3117 5744; x_wconf 88' lang='lat' dir='ltr'><strong>tnnquam</strong></span> <span class='ocrx_word' id='word_1_971' title='bbox 3166 5675 3386 5732; x_wconf 86' lang='lat' dir='ltr'><strong>tribuas.</strong></span> <span class='ocrx_word' id='word_1_972' title='bbox 3420 5680 3482 5735; x_wconf 84' lang='lat' dir='ltr'><strong>Si</strong></span> 
     </span>
    </p>
   </div>
   <div class='ocr_carea' id='block_1_119' title="bbox 1897 5752 3497 5842">
    <p class='ocr_par' dir='ltr' id='par_1_119' title="bbox 1897 5752 3497 5842">
     <span class='ocr_line' id='line_1_119' title="bbox 1897 5752 3497 5842; baseline 0.011 -32"><span class='ocrx_word' id='word_1_973' title='bbox 1897 5752 2056 5810; x_wconf 86' lang='lat' dir='ltr'><strong>cnim-</strong></span> <span class='ocrx_word' id='word_1_974' title='bbox 2075 5754 2242 5815; x_wconf 83' lang='lat' dir='ltr'><strong>Paulo</strong></span> <span class='ocrx_word' id='word_1_975' title='bbox 2263 5755 2395 5815; x_wconf 87' lang='lat' dir='ltr'><strong>nihil</strong></span> <span class='ocrx_word' id='word_1_976' title='bbox 2422 5769 2502 5816; x_wconf 86' lang='lat' dir='ltr'><strong>est</strong></span> <span class='ocrx_word' id='word_1_977' title='bbox 2529 5762 2950 5834; x_wconf 85' lang='lat' dir='ltr'><strong>:tttrihttendum,</strong></span> <span class='ocrx_word' id='word_1_978' title='bbox 2981 5769 3150 5824; x_wconf 86' lang='lat' dir='ltr'><strong>multo</strong></span> <span class='ocrx_word' id='word_1_979' title='bbox 3181 5767 3350 5842; x_wconf 81' lang='lat' dir='ltr'><strong>magis</strong></span> <span class='ocrx_word' id='word_1_980' title='bbox 3378 5787 3497 5828; x_wconf 55' lang='lat' dir='ltr'><strong>eain.</strong></span> 
     </span>
    </p>
   </div>
  </div>
