3864 6216
355 310 422 369 ιδ
1132 299 1189 357 8.
1231 298 1506 356 .IOANNIS
1542 295 2018 354 CIIRYSOSTOMI
2059 296 2373 353 ARCI'IIEI’.
2413 298 2949 356 CONSTANTINOP.
3569 306 3641 364 4!.

354 425 482 481 leris
512 440 528 478 :
560 437 682 478 nam
707 419 782 476 ait
810 418 922 484 ille,
973 414 1082 487 Ego
1105 413 1352 486 plantaui,
1375 412 1558 483 Apollo
1578 411 1780 481 rigavit,
1807 408 1942 463 Deus
1988 402 1991 404 ’

353 527 524 572 autem
551 516 912 568 incrementum
937 507 1075 562 dedit
1101 506 1179 576 (I.
1211 503 1330 559 Cor.
1361 505 1415 560 5.
1440 503 1518 573 6).
1548 501 1649 571 Qui
1673 500 1856 555 didicit
1889 499 1940 552 in

356 607 587 664 Domino
614 602 870 676 gloriari,
896 613 1184 669 numquam
1218 610 1336 651 sese
1361 593 1580 659 efferet,
1610 592 1704 648 sed
1732 605 1944 661 semper

355 701 599 758 modeste
621 707 765 768 aget,
793 704 846 752 et
874 693 930 750 in
977 693 1225 748 omnibus
1250 699 1434 761 gratus
1470 688 1591 743 erit.
1621 686 1729 742 Res
1765 694 1945 740 autem

354 795 668 851 Graecorum
700 803 808 844 non
838 794 966 844 sunt
1014 782 1360 854 huiusmodi,
1403 780 1501 837 sed
1531 781 1709 834 omnia
1738 777 1813 832 illi
1842 776 1945 832 sibi

355 886 685 942 adscribunt.
719 880 949 951 Ideoque
977 894 1040 934 ex
1068 875 1374 933 hominibus
1397 873 1530 928 deos
1557 871 1784 934 faciunt;
1813 869 1947 924 adeo

356 978 480 1034 illos
503 973 800 1044 arrogantia
823 967 1204 1041 pessumdedit.
1231 965 1453 1020 Demum
1476 962 1607 1017 hora
1635 968 1717 1016 est
1744 969 1800 1014 ut
1824 972 1946 1012 cum

357 1070 464 1127 illis
492 1076 890 1124 concertemus.
923 1062 1026 1119 Ubi
1057 1074 1185 1131 ergo
1209 1059 1297 1114 die
1337 1055 1602 1126 superiori
1647 1053 1946 1110 orationem

359 1157 711 1232 reliquimus?
736 1156 1074 1218 Dicebamus,
1099 1168 1204 1206 non
1231 1165 1388 1220 posse
1413 1164 1479 1203 ex
1512 1147 1738 1201 humana
1759 1156 1947 1198 conse-

359 1251 574 1324 quentia
595 1247 946 1320 philosophos
974 1262 1003 1299 a
1033 1241 1390 1314 piscatoribus
1410 1236 1690 1308 superari:
1714 1243 1947 1288 attamen

361 1323 479 1401 fieri
505 1341 708 1414 potuit;
749 1338 891 1394 unde
919 1337 1093 1407 palam
1122 1341 1206 1390 est
1229 1374 1244 1397 ,
1275 1331 1327 1386 id
1375 1345 1471 1400 per
1497 1328 1721 1398 gratiam
1752 1323 1950 1381 factum

360 1452 504 1494 esse.
534 1433 854 1490 Dicebamus
878 1429 994 1484 fieri
1026 1442 1130 1482 non
1155 1439 1315 1496 posse
1337 1464 1353 1490 ,
1386 1430 1442 1476 ut
1471 1428 1548 1474 tot
1575 1426 1630 1474 et
1680 1427 1785 1472 tam
1816 1432 1954 1486 pra:-

361 1532 506 1586 elara
532 1535 682 1600 gesta
702 1525 786 1581 vel
815 1523 1110 1592 cogitarent
1133 1516 1346 1588 quidem
1382 1530 1398 1579 ;
1426 1522 1483 1569 et
1509 1509 1848 1567 ostendimus
1881 1507 1951 1562 il-

364 1625 445 1678 los
468 1637 574 1678 non
603 1617 765 1675 modo
789 1616 1073 1686 cogitasse,
1099 1610 1197 1666 sed
1226 1608 1388 1666 etiam
1419 1621 1540 1664 cum
1566 1619 1758 1675 magna
1783 1601 1954 1658 facili-

365 1724 473 1771 tate
497 1712 566 1768 ad
593 1711 752 1765 finem
776 1705 1110 1778 perduxisse.

439 1804 522 1860 Ea:
551 1802 717 1875 gratia
743 1800 914 1854 divina
957 1794 1176 1866 apostoli
1223 1791 1394 1848 orbem
1420 1796 1786 1844 converterunt.
1811 1816 1877 1826 —
1899 1783 1956 1839 In

367 1899 470 1953 hoc
493 1897 611 1967 ipso
639 1892 800 1948 hodie
825 1887 1086 1945 orationis
1105 1885 1282 1955 capite
1310 1899 1406 1938 nos
1427 1879 1833 1937 exercebimus:
1861 1892 1960 1932 uu-

367 1991 560 2051 denam
590 1986 697 2040 illis
740 1981 950 2038 venerit
981 1981 1033 2033 in
1064 1985 1325 2044 mentem,
1354 1981 1414 2030 ut
1440 1979 1725 2044 Sperarent
1773 1985 1833 2025 se
1874 1977 1958 2023 to-

369 2097 482 2140 tum
503 2082 686 2138 urbem
712 2087 868 2134 terra:
893 2089 1048 2145 posse
1069 2073 1307 2135 vincere,
1333 2067 1381 2125 si
1402 2083 1507 2122 non
1530 2065 1789 2124 vidissent
1804 2061 1961 2118 Chri-

370 2187 511 2234 stum
543 2169 926 2230 resurrexisse.
965 2166 1102 2222 Num
1131 2163 1185 2220 in
1217 2160 1413 2218 mentis
1440 2173 1662 2216 excessu
1689 2155 1960 2232 quidpiam

373 2269 478 2326 tale
526 2262 920 2322 inconsiderate
976 2267 1032 2315 et
1076 2265 1284 2313 temere
1332 2248 1670 2322 cogitarunt?
1730 2247 1959 2302 Omnem

373 2359 570 2430 quippe
611 2353 900 2410 amentiam
935 2355 1176 2419 superat,
1207 2346 1406 2415 absque
1436 2341 1528 2396 Dei
1561 2338 1731 2430 gratia
1758 2344 1961 2430 tantam

376 2428 489 2507 rem
509 2428 703 2519 perlici
734 2458 892 2516 posse
920 2455 1157 2512 sperare.
1215 2433 1496 2507 Quomodo
1525 2433 1624 2486 hoc
1660 2428 1966 2486 effecissent

375 2541 704 2600 insanientes
729 2547 784 2593 et
805 2537 857 2590 in
887 2532 1083 2590 mentis
1107 2529 1365 2585 excessu?
1386 2526 1482 2582 Sin
1499 2539 1628 2580 vero
1643 2537 1786 2581 sana:
1813 2534 1965 2576 men-

382 2637 451 2692 tis
479 2640 656 2698 erant,
686 2639 746 2685 ut
766 2635 822 2685 et
842 2641 930 2682 res
958 2626 1087 2696 ipsa:
1117 2622 1367 2693 probant,
1396 2615 1664 2690 quomodo
1691 2628 1798 2669 non
1820 2624 1967 2667 acce-

381 2728 486 2798 ptis
505 2741 574 2781 ex
598 2723 732 2779 caelo
756 2719 860 2775 fide
881 2717 1054 2789 dignis
1072 2713 1406 2786 pignoribus,
1431 2724 1532 2765 nec
1552 2719 1843 2778 supernam
1870 2701 1967 2758 ad-

381 2819 493 2891 epti
517 2816 763 2892 gratiam,
782 2812 899 2869 ausi
924 2818 1109 2868 essent
1127 2807 1194 2863 ad
1221 2814 1365 2862 tanta
1387 2803 1536 2860 exire
1559 2801 1719 2892 bella,
1740 2798 1796 2854 in
1821 2807 1965 2892 terra

381 2887 437 2970 et
459 2887 542 2967 inv
561 2907 698 2965 mari
729 2899 1092 2974 suscipienda,
1123 2908 1178 2954 et
1204 2898 1269 2953 ad
1297 2894 1583 2952 mutandos
1626 2891 1790 2946 totius
1819 2887 1968 2944 orbis

381 3017 582 3068 mores,
626 3006 774 3056 tanto
803 3005 1045 3066 tempore
1070 2989 1452 3054 conﬁrmatos,
1487 2983 1730 3040 homines
1761 2977 1966 3036 duode-

379 3097 485 3155 cim
507 3109 566 3149 se
589 3091 873 3162 accingere
901 3097 956 3143 et
985 3086 1058 3142 ita
1084 3084 1294 3140 fortiter
1322 3078 1506 3138 stare?
1533 3077 1604 3134 Et
1631 3074 1772 3148 quod
1796 3073 1968 3144 majus

381 3195 499 3252 est,
549 3183 618 3239 ad
662 3182 856 3238 cmlum
901 3185 1155 3238 vocantes
1199 3183 1255 3230 et
1293 3186 1554 3242 supernas
1584 3165 1966 3230 habitationes,

385 3275 525 3332 unde
555 3270 942 3343 exSpectabant
968 3282 1028 3323 se
1055 3265 1392 3322 auditoribus
1431 3272 1782 3333 persuasuros
1808 3254 1970 3312 esse?

387 3369 452 3423 Et
479 3364 525 3430 si
552 3362 767 3438 quidem
795 3359 1021 3414 fuissent
1049 3354 1262 3412 educati
1283 3355 1338 3412 in
1367 3352 1534 3424 gloria
1554 3392 1568 3416 ,
1600 3349 1814 3420 opibus,
1867 3361 1966 3424 po-

388 3458 553 3518 tentia
581 3465 635 3511 et
658 3451 980 3516 eruditione,
1010 3463 1080 3504 ne
1103 3447 1181 3504 sic
1207 3445 1420 3521 quidem
1451 3443 1519 3498 ad
1544 3451 1744 3506 tantam
1773 3440 1971 3502 molem

388 3566 567 3607 rerum
592 3563 651 3602 se
675 3544 935 3600 extollere
962 3556 1126 3619 posse
1146 3539 1469 3595 videbantur
1493 3553 1508 3604 ;
1535 3534 1630 3591 sed
1669 3545 1846 3589 tamen
1873 3531 1974 3586 ali-

387 3657 492 3714 qua
519 3639 727 3699 ratione
768 3634 1029 3707 potuisset
1070 3629 1378 3702 eXSpectari
1405 3645 1419 3681 :
1451 3639 1594 3683 nunc
1621 3641 1750 3682 vero
1779 3623 1870 3679 alii
1915 3623 1972 3677 in

388 3731 612 3788 lacubus
637 3771 651 3794 ,
680 3728 772 3784 alii
799 3727 851 3782 in
884 3724 1114 3803 pellibus
1143 3721 1515 3788 versabantur,
1547 3718 1637 3774 alii
1663 3717 1716 3772 in
1747 3714 1970 3772 telonio.

390 3823 532 3878 Nihil
559 3829 737 3876 autem
760 3827 842 3874 est
871 3817 956 3872 his
986 3814 1180 3872 studiis
1211 3813 1440 3883 ineptius
1465 3810 1532 3867 ad
1557 3807 1970 3881 philosophiam,

392 3927 448 3971 et
467 3914 534 3969 ad
565 3907 1016 3984 persuadendum,
1046 3916 1105 3961 ut
1128 3918 1318 3976 magna
1343 3903 1461 3980 quis
1492 3901 1830 3972 imaginetur,
1861 3914 1974 3951 una-

390 4008 536 4063 xime
580 4017 711 4060 vero
757 4001 972 4072 quando
1018 3999 1223 4054 nullum
1275 3995 1507 4066 suppetit
1546 3993 1874 4065 exemplum.
1903 3991 1973 4048 At

391 4104 466 4162 illi
498 4116 604 4155 non
631 4095 793 4153 modo
822 4095 1064 4166 exempla
1090 4106 1195 4150 non
1225 4091 1511 4154 habebant,
1536 4086 1687 4160 queis
1731 4101 1790 4142 se
1815 4101 1975 4156 supe-

391 4207 605 4253 raturos
631 4196 932 4263 sperarent,
965 4185 1059 4243 sed
1083 4186 1248 4246 etiam
1277 4183 1566 4248 habebant,
1592 4180 1734 4252 quod
1757 4194 1976 4250 supera-

393 4288 500 4345 turi
550 4301 656 4342 non
686 4288 906 4349 essent,
955 4293 1124 4351 eaque
1145 4278 1404 4332 recentia.
1447 4271 1596 4329 Multi
1624 4284 1856 4342 namque
1884 4269 1974 4341 qui

395 4385 657 4438 innovare
677 4381 1032 4440 tentaverant,
1064 4369 1313 4426 exstincti
1335 4367 1546 4425 fuerant
1573 4372 1705 4438 (non
1734 4365 1804 4421 de
1827 4363 1975 4422 Grae-

391 4488 576 4530 corum
607 4470 768 4526 rebus
787 4466 1014 4538 loquor;
1040 4463 1144 4519 illae
1172 4461 1370 4538 quippe
1395 4458 1628 4516 nondum
1659 4465 1840 4522 erant;
1880 4455 1975 4512 sed

391 4568 461 4621 de
489 4564 617 4634 ipsis
635 4558 837 4616 Judzeis
860 4555 1052 4614 eodem
1081 4563 1321 4624 tempore
1341 4554 1382 4624 ),
1409 4566 1515 4606 non
1545 4565 1667 4606 cum
1691 4547 1974 4604 duodecim

397 4654 722 4719 hominibus,
750 4649 845 4706 sed
867 4664 990 4704 cum
1017 4660 1207 4717 magna
1234 4641 1576 4700 multitudine
1604 4655 1691 4696 res
1715 4637 1974 4712 aggressi.

396 4747 526 4803 Nam
553 4741 804 4806 Theudas
831 4749 886 4796 et
923 4738 1086 4794 Iudas
1129 4749 1352 4807 magnos
1396 4733 1654 4789 habentes
1699 4731 1977 4786 hominum

395 4849 592 4902 cretus,
648 4850 768 4889 cum
795 4831 1073 4900 discipulis
1101 4829 1390 4900 perierant.
1421 4825 1488 4881 Et
1514 4840 1580 4880 ex
1608 4825 1694 4880 his
1715 4823 1978 4894 exemplis

397 4941 548 4987 ortus
577 4929 738 4983 timor
769 4930 976 4994 poterat
1014 4921 1136 4980 illos
1183 4920 1497 4986 deterrere,
1549 4917 1653 4972 nisi
1691 4916 1976 4972 admodum

396 5016 638 5092 persuasi
665 5014 890 5070 fuissent
909 5012 1024 5066 sine
1039 4995 1216 5065 divina
1244 5009 1438 5071 virtute
1471 5022 1577 5063 non
1595 5021 1756 5087 posse
1787 5021 1976 5078 quem-

396 5116 538 5186 piam
565 5121 843 5180 superare.
875 5103 1030 5183 Quod
1059 5103 1104 5157 si
1123 5103 1283 5157 etiam
1323 5117 1383 5157 se
1409 5102 1624 5157 vincere
1653 5113 1811 5170 posse
1853 5113 1978 5169 spe-

398 5205 626 5271 rabant,
648 5217 751 5274 qua
778 5215 874 5272 spe
904 5197 1021 5254 fulti
1051 5205 1195 5252 tanta
1225 5195 1483 5254 adiissent
1499 5193 1754 5264 pericula,
1783 5193 1885 5250 nisi
1910 5191 1978 5248 ad

397 5299 573 5354 futura
604 5290 1001 5363 respexissent?
1049 5288 1320 5343 Ponamus
1365 5296 1543 5349 autem
1573 5286 1694 5342 illos
1731 5300 1793 5343 se
1821 5301 1978 5358 supe-

395 5399 608 5446 raturos
650 5395 898 5454 sperasse
920 5421 936 5447 ,
963 5378 1093 5452 quid
1123 5378 1258 5433 lucri
1287 5377 1576 5448 sperabant
1603 5393 1669 5434 ex
1695 5393 1791 5444 eo,
1835 5378 1978 5448 quod

395 5496 583 5538 omnes
609 5479 937 5536 adducerent
962 5473 1030 5529 ad
1060 5486 1183 5527 eum
1211 5469 1308 5542 qui
1337 5485 1444 5526 non
1474 5471 1788 5540 resurrexit,
1839 5471 1979 5533 sicut

397 5573 612 5632 dicitis?

466 5668 515 5722 4.
561 5664 691 5721 Nam
713 5665 758 5720 si
786 5678 927 5719 nunc
953 5661 1200 5718 homines
1226 5660 1319 5732 qui
1348 5657 1696 5716 crediderunt
1723 5657 1790 5715 de
1811 5675 1978 5731 regno

395 5761 647 5821 calorum
667 5766 722 5816 et
740 5757 811 5822 de
831 5755 1128 5816 innumeris
1153 5754 1330 5827 bonis,
1353 5753 1568 5810 difficile
1591 5754 1827 5827 pericula
1856 5755 1974 5817 sub-

2049 418 2202 478 eunt,
2242 409 2516 479 quomodo
2544 419 2687 466 tanta
2705 409 2975 467 Incassum
2998 408 3143 482 passi
3159 421 3363 480 essent,
3381 413 3491 468 imo
3511 429 3644 471 vero

2052 500 2117 555 ad
2155 500 2387 557 malum?
2417 499 2476 557 Si
2503 503 2646 558 enim
2675 517 2782 559 non
2823 501 2961 558 facta
2988 502 3214 559 fuissent
3248 503 3336 560 illa
3363 520 3487 576 quae
3511 521 3646 562 vere

2050 589 2189 646 facta
2215 600 2359 660 sunt,
2402 602 2459 648 et
2489 593 2534 648 si
2571 592 2817 650 Christus
2842 592 2895 651 in
2923 595 3115 650 caelum
3145 610 3254 650 non
3279 596 3641 660 ascendisset,

2053 683 2168 740 hrec
2194 686 2396 756 fingere
2430 686 2821 744 contendentes
2851 697 2904 743 et
2929 688 3049 744 aliis
3075 688 3424 759 persuadere,
3470 691 3642 745 Deum

2051 777 2304 834 offensuri
2333 788 2487 834 erant
2523 787 2576 834 et
2619 779 2766 836 mille
2805 795 2834 834 a
2861 783 3071 851 superis
3097 781 3320 838 fulmina
3355 794 3644 854 exspecta-

2053 868 2178 924 turi.
2229 869 2478 939 Alioquin
2509 877 2687 926 autem
2716 871 2925 926 etiamsi
2953 872 3166 928 vivente
3193 871 3409 928 Christo
3437 883 3643 929 tantam

2054 962 2364 1021 habuissent
2408 963 2769 1031 alacritatem,
2812 965 2927 1035 ipso
2991 977 3201 1024 mortuo
3252 969 3396 1024 illam
3439 970 3649 1025 exstin-

2055 1056 2278 1110 xissent.
2306 1054 2438 1110 Nam
2469 1057 2514 1109 si
2540 1071 2647 1110 non
2697 1058 3107 1124 resurrexisset,
3160 1061 3290 1130 ipsis
3315 1061 3573 1134 deceptor
3592 1071 3650 1118 et

2055 1147 2334 1202 simulator
2370 1146 2577 1202 fuisset.
2598 1149 2683 1201 An
2713 1149 2933 1204 nescitis
2970 1152 3239 1206 exercitus
3267 1151 3482 1208 vivente
3510 1153 3648 1209 duce

2055 1249 2110 1296 et
2135 1240 2485 1310 imperatore,
2515 1240 2726 1296 etiamsi
2753 1240 2959 1296 debiles
2988 1251 3044 1297 et
3073 1258 3178 1297 non
3219 1247 3491 1300 numerosi
3515 1246 3645 1313 sint,

2056 1334 2389 1399 consistere;
2427 1335 2531 1389 illis
2569 1349 2698 1390 vero
2729 1333 3018 1401 defunc1is,
3050 1335 3260 1390 etiamsi
3303 1336 3464 1391 validi
3515 1338 3648 1406 sint,

2059 1425 2322 1480 dissolvi?
2349 1424 2699 1492 Quibusnam,
2729 1441 2932 1495 qumso,
2959 1425 3323 1496 probabilibus
3346 1429 3650 1485 rationibus

2061 1517 2206 1574 usuri
2237 1526 2391 1572 erant
2412 1515 2845 1586 praedicationem
2871 1517 3195 1588 aggressuri,
3238 1528 3294 1574 et
3321 1533 3418 1591 per
3459 1520 3649 1576 orbem

2061 1619 2230 1666 totum
2257 1609 2494 1664 exituri?
2523 1618 2654 1680 quot
2681 1609 3082 1681 impedimentis
3109 1625 3215 1667 non
3263 1611 3470 1669 detenti
3514 1613 3652 1669 fuis-

2061 1701 2226 1758 sent?
2251 1701 2384 1756 Nam
2413 1703 2456 1756 si
2503 1701 2746 1760 furentes
2769 1714 2924 1760 erant
2951 1704 3080 1776 (hoc
3103 1704 3315 1760 dicendi
3348 1705 3513 1762 finem
3544 1723 3651 1763 non

2061 1793 2290 1869 faciam)
2314 1836 2330 1863 ,
2361 1795 2492 1852 nihil
2521 1798 2732 1867 penitus
2759 1806 2907 1852 recte
2936 1798 3267 1868 gessissent:
3295 1813 3457 1854 nemo
3507 1801 3654 1854 enim

2062 1887 2361 1945 furentibus
2386 1887 2758 1958 obtemperat:
2781 1887 2829 1944 si
2849 1899 3029 1944 autem
3049 1903 3162 1944 rem
3185 1888 3322 1946 bene
3345 1902 3652 1960 gesserunt,

2065 1987 2124 2034 ut
2149 1987 2433 2050 gesserunt
2479 1979 2683 2050 utique,
2739 1987 2794 2035 et
2818 1978 2940 2035 finis
2969 1981 3225 2047 ostendit,
3265 1981 3509 2036 omnium
3566 1996 3656 2037 sa-

2065 2071 2384 2142 pientissimi
2405 2079 2578 2127 erant.
2597 2070 2654 2128 Si
2679 2071 2917 2126 omnium
2947 2072 3325 2142 sapientissimi
3354 2084 3530 2140 erant,
3560 2089 3657 2144 pa-

2069 2163 2174 2219 lam
2200 2174 2282 2221 est
2310 2165 2430 2220 illos
2471 2179 2576 2220 non
2611 2175 2812 2221 temere
2841 2164 2907 2220 ad
2935 2165 3372 2236 praedicationem
3416 2168 3656 2224 venisse.

2065 2255 2176 2312 Nisi
2207 2257 2351 2312 enim
2398 2256 2658 2312 vidissent
2688 2257 2836 2312 illum
2861 2258 3246 2324 resurrexisse,
3275 2258 3406 2328 quid
3445 2267 3661 2329 poterat

2067 2348 2186 2405 illos
2212 2347 2278 2403 ad
2305 2347 2406 2403 hoc
2432 2347 2626 2403 bellum
2667 2347 2936 2404 educere?
2961 2348 3088 2420 quid
3115 2364 3220 2403 non
3251 2349 3376 2404 illos
3426 2352 3660 2405 avertis-

2023 2493 2027 2498 .
2068 2441 2187 2497 set?
2216 2439 2356 2495 Dixit
2385 2439 2515 2506 illis,
2544 2440 2672 2495 Post
2700 2449 2808 2495 tres
2837 2439 2952 2496 dies
2980 2455 3254 2514 resurgam
3276 2483 3292 2510 ,
3333 2449 3390 2496 et
3433 2458 3659 2514 regnum

2068 2533 2322 2591 etnlorum
2351 2532 2615 2604 pollicitus
2652 2542 2736 2588 est
2765 2551 2780 2589 :
2812 2533 2948 2589 dixit
2980 2534 3106 2602 illis,
3137 2534 3280 2604 quod
3325 2536 3521 2591 orbem
3552 2546 3661 2592 ter-

2069 2639 2248 2680 rarum
2276 2624 2576 2694 superaturi
2600 2632 2804 2688 essent,
2839 2633 3062 2695 accepto
3090 2624 3295 2696 Spiritu
3316 2636 3510 2683 sancto
3536 2645 3552 2692 ;
3603 2638 3659 2683 et

2071 2717 2140 2772 ad
2163 2715 2279 2772 haec
2305 2717 2582 2773 innumera
2609 2718 2710 2773 alia
2742 2717 2877 2772 dixit
2895 2726 3141 2773 naturam
3161 2733 3377 2774 omnem
3399 2735 3663 2790 superan-

2071 2807 2165 2864 tia.
2196 2809 2397 2880 Itaque,
2427 2809 2472 2863 si
2500 2809 2629 2864 nihil
2653 2809 2841 2864 horum
2872 2811 3159 2878 evenisset,
3181 2812 3284 2867 etsi
3314 2812 3517 2867 viventi
3547 2827 3663 2869 cre-

2069 2901 2335 2969 diderant,
2363 2915 2429 2957 eo
2450 2909 2660 2956 mortuo
2676 2917 2781 2956 non
2806 2901 2944 2956 ultra
2971 2901 3349 2971 credidissent,
3373 2904 3481 2959 nisi
3507 2919 3660 2960 vesu-

2071 2993 2324 3050 scitatum
2355 2993 2639 3050 vidissent.
2675 2993 2945 3050 Dixissent
2967 2995 3134 3063 enim,
3165 2995 3294 3051 Post
3321 3004 3432 3051 tres
3457 2995 3578 3052 dies
3606 3011 3664 3054 se

2072 3097 2503 3143 resurrecturum
2533 3085 2690 3153 dixit,
2716 3095 2772 3142 et
2799 3101 2906 3140 non
2949 3086 3246 3143 resurrexit
3273 3103 3288 3142 :
3315 3086 3578 3157 Spiritum
3606 3103 3664 3145 se

2073 3179 2322 3235 daturum
2365 3178 2650 3249 promisit,
2705 3186 2759 3234 et
2787 3191 2896 3233 non
2925 3177 3107 3236 misit:
3137 3179 3411 3249 quomodo
3439 3193 3574 3250 ergo
3598 3180 3664 3234 de

2075 3270 2268 3326 futuris
2297 3269 2372 3326 illi
2398 3267 2721 3334 credemus,
2771 3283 2893 3325 cum
2927 3270 3208 3340 praesentia
3251 3271 3373 3326 falsi
3416 3272 3665 3327 convicta

2075 3363 2220 3421 sint?
2265 3364 2380 3431 Qua
2409 3362 2476 3419 de
2504 3377 2687 3429 causa,
2712 3362 2756 3417 si
2790 3376 2896 3417 non
2944 3363 3329 3418 resurrexisset
3351 3405 3366 3428 ,
3401 3365 3666 3434 praedica-

2075 3465 2198 3512 rent
2219 3454 2367 3509 illum
2380 3453 2776 3510 resurrexisse?
2791 3451 2924 3522 Quia
2944 3454 3116 3524 ipsum
3135 3455 3407 3519 amabant,
3429 3455 3663 3525 inquies.

2076 3547 2234 3618 Atqui
2263 3547 2436 3617 ipsum
2464 3545 2658 3601 deinde
2699 3544 2825 3601 odio
2866 3545 3099 3601 habituri
3122 3556 3296 3613 erant,
3320 3547 3465 3617 quod
3487 3563 3550 3603 se
3568 3547 3666 3603 de-

2076 3640 2310 3713 cepisset
2337 3647 2393 3694 et
2423 3637 2770 3708 prodidisset,
2819 3648 2874 3694 et
2902 3639 3045 3710 quod
3075 3639 3219 3695 mille
3252 3638 3407 3695 factis
3429 3641 3664 3710 promis.

2080 3731 2174 3798 sis,
2205 3729 2498 3785 induxisset
2545 3737 2604 3784 ut
2645 3723 2867 3797 domos,
2903 3739 3148 3800 parentes
3178 3740 3232 3786 et
3281 3731 3460 3786 omnia
3494 3731 3666 3787 relin-

2077 3833 2332 3896 querent,
2381 3821 2526 3893 quod
2563 3831 2729 3878 totam
2757 3821 3062 3878 Judazorum
3094 3833 3306 3894 gentem
3361 3834 3552 3878 contra
3607 3839 3667 3878 se

2077 3916 2404 3982 suscitasset,
2436 3929 2499 3969 ac
2528 3929 2588 3970 se
2619 3913 2958 3984 prodidisset.
2995 3915 3148 3985 Quod
3186 3916 3231 3971 si
3252 3915 3385 3971 illud
3409 3930 3477 3971 ex
3507 3914 3664 3969 infir-

2078 4008 2263 4063 mitate
2289 4006 2482 4062 factum
2508 4005 2716 4071 fuisset,
2737 4003 2790 4060 id
2812 4005 3180 4077 ignovissent;
3213 4023 3356 4064 nunc
3381 4021 3506 4064 vero
3535 4005 3664 4060 exi-

2078 4099 2387 4156 stimaretur
2427 4111 2493 4151 ex
2524 4095 2866 4166 improbitate
2910 4099 3128 4152 factum.
3179 4098 3474 4169 Oportebat
3514 4106 3665 4161 enim

2080 4203 2266 4245 verum
2295 4187 2474 4244 dicere
2493 4227 2508 4253 ,
2555 4201 2728 4258 neque
2751 4188 2941 4243 caelum
2971 4190 3302 4258 promittere,
3353 4191 3512 4250 homo
3537 4211 3666 4256 cum

2080 4291 2223 4338 esset
2243 4280 2508 4346 mortalis,
2539 4287 2598 4334 ut
2621 4278 2819 4334 dicitis.
2843 4279 3019 4346 Quare
3056 4280 3394 4338 verisimisile
3418 4294 3501 4342 est
3533 4301 3667 4342 cono

2081 4376 2241 4429 traria
2271 4371 2504 4426 facturos
2530 4369 2714 4438 fuisse,
2769 4369 3040 4428 fallaciam
3074 4373 3477 4443 prazdicaturos,
3503 4388 3562 4433 et
3585 4380 3669 4436 di-

2079 4475 2262 4524 cturos
2301 4465 2473 4535 ipsum
2503 4463 2870 4518 simulatorem
2895 4473 2950 4519 et
2975 4467 3418 4537 praestigiator-em
3449 4468 3620 4528 fuisse
3647 4490 3664 4529 :

2081 4559 2160 4614 sic
2186 4557 2326 4614 enim
2354 4572 2422 4611 ex
2449 4555 2700 4626 periculis
2720 4555 2931 4610 liberati
2951 4554 3198 4620 fuissent.
3222 4559 3302 4614 sic
3328 4559 3524 4616 bellum
3551 4564 3665 4618 sol-

2081 4653 2307 4707 vissent.
2337 4649 2394 4703 Si
2416 4649 2561 4704 enim
2588 4648 2847 4705 militibus
2868 4651 3148 4719 pecuniam
3177 4651 3444 4709 dederunt
3469 4653 3668 4722 Judaei,

2083 4755 2140 4800 ut
2163 4744 2426 4809 dicerent,
2447 4743 2590 4814 ipsos
2625 4757 2820 4813 corpus
2863 4741 3004 4798 furto
3045 4745 3360 4813 sustulisse;
3405 4746 3452 4801 si
3491 4756 3669 4802 trans-

2083 4845 2276 4892 euntes
2311 4834 2559 4904 discipuli
2585 4833 2882 4900 dixissent,
2917 4834 3093 4905 Ipsum
3122 4833 3278 4890 furati
3303 4851 3521 4901 sumus,
3566 4853 3669 4893 nec

2082 4927 2414 4986 resurrexit:
2442 4935 2641 4997 quanto
2663 4941 2767 4981 non
2794 4925 2971 4980 affecti
3011 4925 3235 4981 fuissent
3263 4927 3508 4983 honore?
3531 4927 3670 4998 Ipsis

2084 5023 2260 5092 itaque
2288 5020 2482 5076 licebat
2510 5018 2762 5074 honorari
2794 5029 2848 5073 et
2871 5021 3140 5074 coronari.
3169 5019 3278 5074 Cur
3313 5035 3442 5090 ergo
3472 5031 3670 5076 contu-

2083 5113 2260 5168 meliis
2283 5110 2424 5167 affici
2451 5119 2506 5166 et
2530 5110 2819 5182 periclitari
2841 5111 3165 5180 maluerunt,
3190 5113 3292 5166 nisi
3313 5111 3494 5167 divina
3517 5129 3671 5182 quae.

2084 5205 2205 5260 dam
2225 5206 2392 5259 virtus
2413 5203 2604 5258 fuisset
2624 5202 2710 5258 his
2730 5202 2978 5259 omnibus
2998 5204 3284 5273 potentior,
3318 5219 3437 5274 qua:
3458 5204 3510 5260 id
3536 5204 3671 5274 ipsis

2084 5295 2370 5353 suaderet?
2391 5294 2484 5351 Sin
2502 5305 2679 5350 autem
2702 5293 2938 5349 nondum
2961 5293 3363 5364 persuademus,
3385 5295 3515 5351 illud
3532 5313 3670 5366 quo-

2084 5403 2191 5459 que
2219 5387 2390 5457 cogita
2424 5403 2438 5440 :
2468 5385 2512 5441 si
2541 5386 2642 5442 hoc
2667 5402 2772 5440 non
2803 5395 2977 5452 esset,
3005 5386 3214 5441 etiamsi
3258 5386 3416 5442 valde
3463 5405 3672 5458 praspa-

2085 5479 2186 5535 rati
2232 5477 2492 5543 fuissent,
2522 5492 2627 5532 non
2677 5477 3073 5547 praedicandum
3103 5479 3252 5533 illum
3281 5481 3667 5550 suscepissent,

2088 5570 2182 5626 sed
2209 5569 2439 5626 aversati
2485 5569 2634 5625 illum
2667 5569 2913 5626 fuissent.
2939 5571 3102 5627 Scitis
3129 5573 3272 5627 enim
3303 5587 3404 5628 nos
3452 5587 3522 5627 ne
3566 5588 3671 5627 no-

2087 5663 2230 5718 mina
2270 5661 2484 5733 quidem
2515 5677 2700 5719 eorum
2723 5703 2737 5729 ,
2763 5664 2852 5734 qui
2880 5679 2976 5719 nos
3007 5665 3078 5719 ita
3108 5664 3453 5736 deceperint,
3480 5665 3670 5722 audire

2091 5757 2248 5821 velle.
2277 5759 2383 5816 Cur
2415 5767 2588 5816 autem
2619 5773 2814 5816 nomen
2845 5758 2960 5830 ejus
2994 5757 3384 5830 praedicarunt?
3429 5775 3493 5815 an
3522 5759 3667 5829 quod
