3864 6216
214 292 288 349 43
1214 370 1215 377 γ
1267 302 1336 357 IN
1374 302 1591 361 EPIST.
1627 304 1648 361 ι
1685 305 1778 362 AD
1810 307 1969 368 con.
2010 312 2242 373 HOMIL.
2276 317 2340 375 v.
3396 342 3485 398 η

216 405 394 460 θέασι.
426 406 517 460 Διὸ
541 409 634 461 καὶ
667 408 774 464 ἀπὸ
806 411 1107 485 ἀνθρώπων
1146 417 1358 474 ποιοῦσι
1392 420 1545 487 θεούς
1565 440 1578 453 ·
1615 422 1787 490 οὕτως
1874 428 2137 499 πάντως,
2172 435 2347 490 ταῦτα
2383 438 2635 495 πλάττειν
2669 443 3095 516 φιλονεικοῦντες
3119 454 3357 520 καὶτοὺς
3378 457 3473 511 ἄλ-

209 497 415 562 αὐτούς
440 499 473 568 ή
494 500 722 555 ἀπόνοια
744 503 1180 578 ἐξετραχήλισεν.
1207 512 1348 583 Ὥρα
1366 513 1430 585 δὴ
1458 514 1643 571 λοιπόν
1669 519 1784 571 ἐστι

202 590 351 660 πρὸς
375 591 475 663 τὴν
505 592 707 646 τούτων
737 595 971 662 ἐξελθεῖν
997 601 1198 673 μάχην.
1228 606 1338 661 Ποῦ
1359 608 1537 663 τοίνυν
1568 610 1782 665 κατελί-

201 699 385 753 πομεν
415 684 507 737 τὸν
535 685 691 755 λόγον
718 690 786 759 τῇ
816 691 1094 765 προτέρᾳὲ
1142 696 1456 771 Ἐλέγομεν,
1484 702 1573 757 ὅτι
1588 704 1688 758 οὐκ
1714 700 1782 777 ἦν

198 772 432 829 δυνατὸν
469 776 611 830 κατά
646 778 991 853 ἀνθρωπίνην
1031 785 1357 845 ἀκολουθίαν
1392 772 1781 866 περιγενέσθαι

195 864 315 918 τῶν
335 866 640 937 φιλοσόφων
670 870 795 934 τοὺς
826 872 1040 939 ἁλιέας·
1068 878 1183 932 ἀλλ’
1213 882 1363 952 ὅμως
1402 864 1595 955 γέγονε
1619 887 1779 942 δυνα-

192 955 328 1010 τόν·
361 958 482 1012 ὅθεν
515 959 692 1032 δῆλον,
721 963 805 1016 ὅτι
849 966 1033 1037 χάριτι
1065 969 1309 1038 γέγονεν.
1351 975 1666 1048 Ἐλὲγομεν,
1695 980 1775 1034 ὄτι

192 1050 300 1102 οὐκ
330 1045 398 1122 ἦν
422 1051 640 1107 δυνατὸν
669 1055 789 1108 οὐδέ
813 1058 1065 1130 ἐννοῆσαι
1095 1062 1293 1128 αὐτοὺς
1317 1067 1556 1124 τοσαῦτα
1581 1088 1777 1145 κατορ-

192 1138 461 1210 θώματαο
500 1142 596 1197 καὶ
654 1144 960 1218 ἐδείξαμεν,
1022 1151 1198 1207 ὅτιού
1252 1157 1412 1226 μόνον
1458 1138 1771 1234 ἐνενόησαν,

189 1229 336 1284 ἀλλά
353 1234 448 1288 καὶ
476 1236 556 1299 είς
576 1236 728 1301 τέλος
749 1239 952 1310 ἤγαγον
977 1244 1118 1313 μετά
1141 1246 1347 1319 πολλῆς
1371 1251 1473 1323 τῆς
1497 1229 1767 1323 εὐκολίαςι

264 1346 494 1402 Τδναύτδ
516 1350 580 1421 δὴ
604 1353 698 1405 καὶ
732 1353 970 1425 σήμερον
1009 1360 1378 1434 γυμνάσωμεν
1404 1368 1500 1422 τοῦ
1524 1369 1682 1440 λόγου
1710 1374 1771 1427 τὸ

183 1438 514 1507 κεφάλαιον,
563 1441 726 1496 πόθεν
771 1445 953 1511 αὐτοῖς
1004 1449 1204 1520 ἐπῆλθε
1255 1438 1627 1530 προσδοκῆσαι
1668 1463 1770 1533 τῆς

178 1529 520 1601 οικουμένης
549 1535 967 1605 περιγενέσθαι,
1002 1542 1051 1594 εί
1096 1543 1173 1615 μὴ
1214 1542 1353 1600 εἶδον
1399 1549 1492 1605 τὸν
1535 1529 1768 1625 Χριστδν

179 1620 518 1680 ἀναστάντα.
545 1626 637 1696 Μὴ
666 1628 774 1699 γὰρ
818 1628 1209 1703 ἐξεστήκεσαν,
1254 1636 1399 1694 ὥστε
1446 1620 1688 1700 τοιοῦτόν
1716 1667 1767 1703 τι

178 1710 511 1781 λογίσασθαι
555 1717 741 1782 ἁπλῶς
786 1721 881 1773 καὶ
918 1723 1071 1795 είκῆς
1122 1728 1232 1781 Kal
1277 1729 1387 1803 γὰρ
1438 1735 1767 1809 ὑπερϐάλλει

177 1807 373 1860 πᾶσαν
430 1810 626 1879 μανίαν
671 1812 733 1865 τὸ
777 1816 1145 1889 προσδοκῆσαι
1187 1821 1316 1876 ἄνευ
1368 1825 1518 1894 θείας
1547 1807 1767 1903 χάριτος

174 1899 442 1953 τοσούτου
488 1904 870 1973 περιγενέσθαι
904 1908 1246 1981 πράγματος.
1295 1916 1421 1981 Πῶς
1462 1921 1508 1974 δ’
1542 1899 1767 1981 anew;

175 1989 558 2061 κατώρθωσαν
628 1996 944 2066 μαινόμενοι
998 2001 1089 2053 καὶ
1141 2002 1528 2078 ἐξεστηκότες;
1597 2015 1659 2068 Εἰ
1710 2016 1765 2070 δὲ

172 2081 549 2152 ἐσωφρόνουν,
571 2082 757 2159 ὥσπερ
783 2083 875 2141 οὖν
897 2090 989 2142 καλ⁸
1008 2091 1076 2145 τά
1104 2094 1405 2167 πράγματα
1426 2100 1617 2171 ἔδειξε,
1647 2107 1764 2173 πῶς

169 2171 310 2226 ἄνευ
332 2172 428 2227 τοῦ
457 2173 642 2231 λαϐεῖν
674 2178 907 2251 ἐνέχυρα
936 2181 1226 2247 ἀξιόπιστα
1266 2191 1331 2244 ἐκ
1371 2193 1480 2249 τῶν
1513 2171 1763 2269 οὐρανῶν

169 2264 275 2317 καὶ
316 2265 421 2336 τῆς
462 2266 667 2323 ἀνωθεν
697 2271 1001 2327 ἀπολαῦσαι
1044 2276 1220 2348 ῥοπῆς
1242 2319 1258 2345 ,
1308 2264 1593 2356 ὑπέμενον,
1625 2293 1765 2363 πρὸς

167 2356 470 2424 τοσούτους
502 2360 737 2427 ἐξελθεῖν
776 2365 1070 2436 πολέμους,
1103 2372 1199 2425 καὶ
1238 2375 1339 2445 γῆς
1370 2379 1464 2432 καὶ
1491 2356 1763 2459 θαλάττης

165 2451 613 2525 κατατολμῆσαι,
644 2457 738 2510 καὶ
763 2458 902 2529 πρὸς
932 2464 1234 2538 μεταϐολὴν
1255 2469 1363 2524 τῶν
1384 2472 1485 2543 τῆς
1508 2451 1761 2550 οἰκουμέ-

163 2557 271 2611 νης
316 2543 539 2614 ἁπάσης
584 2546 724 2601 ἐθῶν
746 2549 855 2603 τῶν
893 2553 969 2605 ἐν-
995 2557 1173 2628 χρόνῳ
1202 2562 1441 2635 τοσούτῳ
1474 2543 1759 2636 παγέντων

130 2664 133 2665 ν
162 2632 453 2706 ἄνθρωποι
489 2636 697 2692 δώδεκα
738 2640 1133 2713 ἀποδύσασθαι,
1163 2651 1259 2704 καὶ
1283 2632 1471 2725 στῆναι
1496 2632 1759 2727 γενναίως

159 2722 349 2794 οὐτω;
380 2728 489 2781 Kal
515 2729 577 2783 τὸ
611 2730 674 2802 δὴ
708 2735 910 2803 μεῖζον,
942 2738 1076 2810 πρὸς
1098 2741 1189 2795 τὸν
1218 2722 1444 2817 οὐρανὸν
1466 2722 1757 2820 καλοῦντες

157 2909 293 2972 τοὺς
321 2911 623 2979 ἀκούοντας
646 2932 661 2981 ;
696 2917 806 2970 Kal
825 2919 873 2972 εί
905 2921 1002 2991 μὲν
1029 2918 1169 2994 ἦσαν
1195 2927 1255 2979 ἐν
1275 2927 1401 3001 δόξῃ
1427 2932 1521 2986 καὶ
1543 2934 1754 3010 πλούτῳ

160 3001 259 3053 καὶ
278 3002 576 3078 δυναστείᾳ
609 3008 700 3061 καὶ
732 3010 1011 3091 παιδεύσει
1037 3017 1360 3085 τραφέντες,
1391 3023 1629 3093 μάλιστα
1653 3001 1753 3098 μὲν

157 3094 283 3148 οὐδὲ
318 3096 464 3152 οῦτω
490 3099 628 3170 πρὸς
663 3090 913 3160 τοσοῦτον
940 3106 1103 3175 ὄγκον
1137 3090 1478 3185 πραγμάτων
1508 3090 1751 3194 είκὸςῆν

156 3186 368 3252 αὐτοὺς
396 3190 719 3262 ἐπαρθῆναι·
757 3194 897 3267 πλὴν
924 3198 1058 3253 ἁλλά
1094 3203 1298 3271 μᾶλλόν
1334 3224 1455 3262 τινα
1486 3210 1642 3283 λόγον
1669 3186 1750 3269 εί-

156 3296 254 3349 χεν
284 3283 321 3351 ή
358 3283 674 3351 προσδοκία·
715 3286 811 3342 νῦν
834 3288 891 3342 δὲ
926 3292 975 3345 οἰ
1020 3293 1127 3363 μὲν
1166 3297 1305 3368 πρὸς
1346 3299 1563 3373 λίμνας,
1596 3308 1646 3359 οἰ
1689 3308 1747 3363 δὲ

155 3370 292 3440 περὶ
326 3370 571 3443 δέρματα
600 3376 920 3448 ἠσχόληντο,
954 3383 1005 3435 οί
1030 3382 1088 3437 δὲ
1111 3387 1243 3457 περὶ
1266 3370 1557 3450 τελωνίαν..
1578 3398 1748 3455 Οὐδὲν

152 3461 211 3514 δὲ
262 3462 479 3519 τούτων
518 3465 630 3520 τῶν
674 3470 1120 3544 ἐπιτηδευμάτων
1172 3479 1572 3557 ἀχρηστότερον
1608 3493 1747 3563 πρὸς

154 3553 484 3625 φιλοσοφίαν
513 3560 607 3613 καὶ
640 3561 777 3632 πρὸς
802 3564 864 3617 τὸ
892 3568 1075 3622 πεῖσαι
1106 3572 1321 3642 μεγάλα
1356 3553 1744 3649 φαντάζεσθαι,

152 3647 250 3699 καὶ
279 3647 521 3717 μάλιστα
557 3652 683 3707 ὅταν
732 3654 807 3728 μὴ
848 3659 1203 3733 παράδειγμά
1242 3683 1327 3731 τις
1373 3667 1491 3742 ἔχῃ.
1528 3647 1743 3729 Μᾶλλον

149 3736 208 3790 δὲ
236 3739 302 3791 οὐ
328 3741 491 3810 μόνον
513 3744 929 3818 παραδείγματα
952 3751 1051 3805 οὐκ
1071 3748 1237 3825 εἶχον,
1268 3758 1349 3813 ὅτι
1377 3736 1740 3835 περιέσονται,

149 3828 269 3902 [38]
289 3830 410 3884 ἀλλ’
436 3833 518 3886 ὅτι
541 3836 634 3888 καὶ
649 3838 708 3890 οὐ
733 3839 1097 3910 περιέσονται,
1116 3847 1209 3901 καὶ
1229 3849 1402 3906 ταῦτα
1517 3828 1737 3916 ἔναυλαξ

150 3920 353 3979 Πολλοὶ
392 3924 501 3996 γὰρ
529 3927 975 4003 ἐπιχειρήσαντες
997 3940 1371 4010 καινοτομίαις
1400 3920 1740 4021 ὲσϐέσθησαν

148 4013 297 4089 (οὐχ).
323 4017 399 4071 τὰ
424 4021 557 4089 παρ’
582 4021 808 4095 Ἕλλησι
827 4037 854 4066 ι
878 4026 1043 4097 λέγω·
1069 4030 1253 4087 ἐκεῖνα
1264 4036 1372 4107 γὰρ
1386 4037 1504 4092 οὐδὲ
1525 4013 1735 4113 ἦσανδ,

146 4103 286 4160 ἀλλὰ
314 4107 452 4179 παρ’
477 4110 659 4175 αὐτοῖς
689 4117 802 4178 τοῖς
840 4115 1115 4185 Ἰουδαίοις
1135 4125 1193 4175 ἐν
1222 4103 1371 4198 αὐτῶ
1404 4130 1481 4201 τῷ
1515 4103 1734 4207 καιρῷ),

145 4197 269 4269 οὐχὶ
316 4200 464 4269 μετά
510 4202 716 4259 δώδεκα
756 4209 1098 4279 ἀνθρώπων,
1137 4216 1271 4272 ἀλλά
1320 4197 1463 4292 μετά
1499 4197 1736 4299 πλήθους

144 4290 352 4344 πολλοῦ
381 4294 494 4356 τοῖς
519 4296 837 4368 πράγμασιν
863 4302 1247 4376 ἐπιτιθέμενοι.
1277 4290 1384 4367 Kal
1405 4316 1512 4387 γάρ
1532 4290 1735 4386 Θευδᾶς

147 4382 242 4436 καὶ
305 4382 514 4449 Ἰούδας
556 4391 875 4461 συστήματα
913 4394 1128 4469 ἔχοντες
1175 4404 1386 4472 μεγάλα
1417 4382 1731 4482 *ἀνθρώπων

147 4473 288 4543 μετά
337 4476 451 4528 τῶν
494 4477 754 4549 μαθητῶν
793 4483 1089 4543 ἀπώλοντο.
1134 4492 1243 4545 Καὶ
1282 4496 1310 4548 ό
1344 4498 1472 4569 παρ’
1507 4473 1730 4558 ἐκείνων

145 4563 309 4631 φόϐος
340 4566 526 4630 ἱκανός
540 4564 608 4640 ἦν
629 4570 847 4638 τούτους
878 4578 1185 4648 παιδεῦσαι,
1203 4586 1345 4659 εἰμὴ
1366 4563 1728 4666 σφόδρα-ἦσαν

143 4658 527 4725 πεπεισμένοι,
553 4660 783 4719 ὅτιάνευ
819 4663 970 4730 θείας
998 4669 1280 4744 δυνάμεως
1315 4658 1728 4752 ἀμήχανον-περ

147 4748 481 4818 ριγενέσθαι.
526 4753 587 4805 Εἰ
612 4754 668 4809 δὲ
710 4757 804 4810 καὶ
834 4762 1178 4831 προσεδόκων
1208 4748 1503 4841 κρατῆσαι,
1546 4778 1727 4845 ποίαις

143 4837 325 4891 ἐλπίσι
354 4841 644 4907 τοσούτους
662 4845 975 4920 ἀνεδέχοντο
1001 4837 1296 4924 κινδύνους,
1320 4837 1467 4936 είτμὴ
1491 4837 1632 4937 ’πρὸς
1657 4837 1726 4924 τά

145 4929 410 4999 μέλλοντα
443 4932 668 5007 ἐώρωνς
697 4937 891 5012 Θῶμεν
913 4943 991 5010 δὲ,
1022 4946 1103 5000 ὅτι
1132 4950 1226 5003 καὶ
1254 4929 1479 5022 ἤλπιζον
1523 4929 1725 5031 κρατῆ-

143 5036 252 5073 σαιο
275 5022 332 5075 τί
363 5027 707 5095 προσεδόκων
726 5033 1030 5105 κερδαίνειν
1046 5038 1111 5097 ἐκ
1134 5040 1228 5095 τοῦ
1247 5047 1541 5116 προσάγειν
1558 5022 1726 5107 άπαν·

141 5127 236 5175 τας
261 5113 343 5185 τῷ
377 5116 452 5185 μὴ
482 5118 794 5188 ἀναστάντι,
832 5126 1013 5190 καθώς
1038 5146 1174 5199 φατε
1198 5150 1224 5199 ;,

206 5225 270 5279 δ’.
289 5228 356 5280 Εἰ
378 5229 488 5300 γὰρ
503 5229 598 5283 νῦν
616 5235 1003 5303 πιστεύσαντες
1015 5240 1426 5320 ἄνθρωποιπερὶ
1447 5250 1722 5321 βασιλείας

140 5316 382 5387 οὐρανῶν
407 5322 504 5374 καὶ
537 5326 744 5394 μυρίων
769 5329 1010 5401 ἀγαθῶν,
1042 5332 1315 5402 δυσκόλως
1337 5316 1720 5416 καταδέχονται

144 5409 439 5479 κινδύνους,
468 5415 587 5483 πῶς
622 5417 687 5471 ἂν
711 5420 909 5477 ἐκεῖνοι
934 5426 1109 5498 μάτην
1132 5430 1369 5488 τοσαῦτα
1399 5436 1465 5490 ἂν
1495 5438 1720 5511 ὑπέμει-

143 5514 253 5565 ναν,
287 5504 492 5573 μᾶλλον
522 5507 579 5560 δὲ
609 5510 702 5563 καλ⁹
733 5513 826 5565 ἐπὶ
852 5516 1045 5587 κακῷ;
1078 5520 1140 5573 Εἰ
1172 5522 1281 5595 γὰρ
1316 5526 1395 5599 μὴ
1414 5504 1627 5597 ἐγένετο
1652 5534 1718 5588 τὰ

143 5593 502 5664 γεγενημένα,
532 5597 666 5668 μηδὲ
696 5601 776 5665 είς
809 5603 902 5658 τὸν
952 5606 1181 5677 οὐρανὸν
1209 5593 1494 5685 όέΧριο-τδς
1526 5618 1714 5691 ἀνέϐη,

198 5845 565 5936 :‘ﬁifnﬁggjgg
606 5859 777 5933 θρόει.
830 5860 961 5917 EdiIi
1005 5877 1139 5930 vero,
1183 5866 1281 5926 τοῖς
1326 5871 1436 5931 παρ’
1484 5871 1708 5936 "Enna.

142 5907 441 5973 lugebatur
453 5907 596 5967 ὀὐδὲν
621 5917 760 5979 ἦσαν.

1890 521 2015 587 λους
2031 526 2257 593 πείθειν,
2274 528 2352 600 τῷ
2373 531 2489 603 Θεῷ
2510 537 2869 609 προσκρούειν
2887 540 3110 613 ἔμελλον
3132 548 3222 601 καὶ
3247 535 3475 621 μυρίους

1897 611 2101 668 ἄνωθεν
2131 621 2431 693 προσδοκᾷν
2461 628 2776 696 κεραυνούς.
2800 611 3005 696 Ἀλλως
3036 634 3115 701 δέ,
3142 637 3191 690 εἰ
3217 611 3311 690 καὶ
3326 611 3472 703 ξῶνξ

1892 722 1984 770 τος
2006 708 2099 761 τοῦ
2132 710 2370 781 Χριστοῦ
2404 717 2671 789 τοσαύτην
2699 716 2845 792 εἶχον
2889 724 3214 797 προθυμίαν,
3264 728 3470 784 ἀποθα-

1891 797 2071 863 νόντος
2103 799 2169 854 ἂν
2203 802 2431 858 ἔσϐεσαν
2474 809 2661 881 αὐτήν,
2696 814 2880 881 Ἔδοξε
2910 815 3018 885 γὰρ
3058 817 3124 872 ἂν
3164 819 3368 887 αὐτοῖς,
3416 823 3468 874 εί

1892 891 1977 962 μὴ·
1996 893 2216 967 ἀνέστη,
2246 897 2501 954 ἀπατεὼν
2528 897 2667 956 εἷναί
2703 921 2785 969 τις
2815 907 2909 960 καὶ
2949 908 3134 980 είρων,
3178 912 3292 965 Οὐκ
3332 914 3467 978 ίστε,

1890 982 1975 1038 ὅτι
1999 984 2069 1039 τὰ
2098 990 2453 1059 στρατόπεδα,
2481 993 2574 1046 τοῦ
2609 996 2707 1065 μὲν
2737 1001 3042 1072 στρατηγοῦ
3079 1004 3175 1057 καὶ
3205 1004 3470 1075 βασιλέως

1887 1074 2107 1144 ζῶντος,
2165 1079 2266 1134 κᾶν
2309 1083 2507 1156 ἀσθενῆ
2557 1083 2612 1159 ᾖ,
2666 1095 3080 1162 συγκροτεῖταιο
3123 1096 3469 1152 ἀπελθόντων

1883 1165 1941 1218 δὲ
1969 1169 2213 1234 ἐκείνων,
2232 1173 2336 1227 κᾶν
2362 1177 2555 1245 ἰσχυρά
2576 1176 2629 1251 ᾖ,
2661 1180 2974 1251 διαλύεται;
3000 1186 3178 1251 Ποίοις
3209 1184 3321 1253 οὖν,
3346 1189 3468 1242 εἰπέ
3492 1242 3497 1243 ,

1885 1274 1995 1328 μοι,
2030 1260 2207 1330 λόγοις
2236 1266 2531 1337 ἐκέχρηντο
2563 1270 2827 1339 πιθανοῖς,
2867 1276 3154 1344 μέλλοντες
3198 1278 3468 1333 ἅπτεσθαι

1879 1347 1973 1402 τοῦ
1995 1353 2345 1425 κηρύγματος
2363 1361 2456 1412 καὶ
2480 1361 2614 1432 πρὸς
2634 1361 2731 1433 τὴν
2759 1367 3084 1439 οἰκουμένην
3104 1367 3304 1433 ἐξιέναι
3330 1370 3465 1422 ἄπα-

1882 1458 2015 1510 σαν;
2048 1444 2220 1509 ποίοις
2260 1448 2317 1500 δὲ
2349 1450 2664 1522 κωλύμασιν
2698 1456 2798 1508 οὐκ
2825 1456 2891 1510 ἂν
2917 1458 3363 1531 κατεσχέθησαν;
3402 1449 3464 1513 Εί

1878 1534 1988 1606 γὰρ
2021 1538 2334 1607 μαινόμενοι
2371 1539 2511 1612 ἦσαν
2548 1546 2629 1614 (τὸ
2654 1548 2761 1618 γάρ
2791 1548 2922 1601 αὐτὸ
2956 1549 3132 1618 λέγων
3162 1551 3221 1603 οὐ
3258 1552 3461 1605 παύσο-

1880 1627 2025 1695 μαι),
2056 1628 2177 1682 οὐδὲ
2209 1631 2346 1695 ὅλως
2374 1636 2717 1708 κατορθῶσαι
2755 1639 2890 1694 ἔδεισ
2921 1641 3096 1706 οὐδεὶς
3128 1643 3237 1714 γὰρ
3271 1661 3460 1713 μαινο-

1880 1718 2061 1787 μένοις
2087 1721 2353 1776 πείθεται’
2387 1728 2434 1779 εί
2474 1727 2530 1780 δὲ
2574 1728 2966 1801 κατώρθωσαν,
3006 1732 3195 1808 ῶσπερ
3224 1730 3318 1788 οὖν
3365 1735 3461 1788 καὶ

1877 1811 2267 1883 κατώρθωσαν,
2306 1818 2401 1871 καὶ
2424 1819 2663 1875 δείκνυσι
2707 1824 2768 1876 τὸ
2810 1825 2995 1890 τέλος,
3052 1828 3269 1881 πάντων
3314 1823 3457 1899 ἦσαν

1877 1902 2193 1975 σοφώτεροι.
2229 1908 2293 1961 El
2326 1909 2383 1963 δὲ
2417 1912 2634 1968 πάντων
2674 1911 2822 1986 ,ἦσαν
2871 1917 3203 1988 σοφώτεροι,
3234 1917 3457 1989 εὔδηλον

1875 1996 1957 2050 ὅτι
1995 1998 2095 2051 οὐκ
2123 1999 2189 2053 ἀν
2223 2001 2408 2066 ἁπλῶς
2432 2000 2595 2076 ἦλθον
2624 2007 2717 2059 ἐπὶ
2752 2008 2811 2062 τὸ
2840 2010 3121 2084 κήρυγμα.
3154 2011 3219 2063 Εἰ
3241 2012 3349 2081 γὰρ
3380 2012 3455 2081 μὴ

1874 2084 2012 2143 εἶδον
2059 2091 2219 2147 αὐτὸν
2250 2095 2578 2164 ἀναστάντα,
2611 2099 2663 2152 τί
2706 2095 2773 2171 ἦν
2817 2100 2997 2155 ἰκανὸν
3024 2101 3220 2165 αὐτοὺς
3249 2103 3451 2170 ἐξαγα-

1872 2183 1990 2250 γεῖν
2024 2183 2116 2237 ἐπὶ
2144 2185 2236 2239 τὸν
2277 2187 2513 2260 πόλεμον
2543 2190 2767 2259 τοῦτον;
2815 2193 2955 2247 τίδὲ
3002 2193 3102 2248 οὐκ
3147 2194 3213 2249 ἂν
3254 2194 3452 2259 αὐτοὺς

1872 2272 2174 2346 ἀπέτρεψεν
2198 2294 2221 2345 ;,
2238 2274 2405 2333 Εἶπεν
2426 2281 2627 2348 αὐτοῖς,
2650 2284 2732 2338 ὅτι
2753 2285 2907 2338 Μετά
2926 2288 3074 2354 τρεῖς
3088 2286 3298 2358 ἡμέρας
3320 2287 3450 2340 ἀνα-

1874 2364 2161 2435 στήσομαι,
2189 2367 2284 2421 καὶ
2322 2370 2451 2441 περί⁵
2478 2370 2750 2443 βασιλείας
2778 2374 3021 2446 οὐρανῶν
3062 2375 3444 2446 ἐπηγγείλατο’

1870 2449 2140 2520 elui-emat:
2163 2461 2510 2532 Κρατήσουσι
2530 2465 2629 2535 τῆς
2647 2466 2970 2537 οἰκουμένης
2998 2468 3222 2538 Πνεῦμα
3250 2466 3447 2521 λαϐόν-

1868 2564 1971 2612 τες
1987 2549 2159 2618 ἆγιον·
2191 2553 2284 2606 καὶ
2304 2553 2473 2624 μυρία
2501 2555 2639 2625 πρὸς
2657 2556 2866 2621 τούτοις
2891 2557 3056 2630 ἔτερα
3078 2562 3257 2614 πᾶσαν
3281 2561 3448 2633 ὑπερ-

1869 2639 2123 2696 ϐαίνοντα
2155 2644 2336 2714 φύσιν.
2368 2647 2530 2699 Ὥστε
2569 2649 2619 2701 εί
2663 2649 2826 2719 μηδὲν
2861 2650 3066 2706 τούτων
3110 2653 3353 2721 γέγονεν,
3392 2653 3467 2708 ειτ

1867 2734 1964 2787 καὶ
1985 2732 2147 2798 ζῶντι
2182 2737 2476 2803 ἐπείθοντο,
2513 2739 2931 2812 τελευτήσαντος
2960 2743 3062 2798 οὐκ
3094 2743 3160 2797 ἂν
3192 2743 3455 2823 ἐπείσθητ.

1868 2840 1989 2887 σαν,
2024 2827 2072 2880 εἰ
2122 2828 2197 2899 μὴ
2242 2824 2381 2882 εἶδον
2426 2831 2756 2886 ἀναστάντα.
2804 2829 2983 2887 Εἶπον.
3012 2834 3121 2906 γὰρ
3158 2835 3447 2889 ἀνιΜετάε

1863 2920 2010 2989 τρεῖς
2042 2920 2274 2996 ἡμέρας,
2310 2922 2516 2992 ἔλεγεν,
2549 2925 2947 2996 ἀναστήσομαι,
2978 2928 3075 2981 κα)⁸
3099 2927 3438 2997 οὐκάνέστη’

1863 3009 2088 3082 Πνεῦμα
2119 3013 2386 3084 ὑπέσχετο
2422 3014 2635 3083 δώσειν,
2670 3018 2765 3070 καὶ
2791 3019 2890 3070 οὐκ
2922 3017 3158 3089 ἔπεμψε
3194 3018 3308 3083 πῶς
3346 3017 3447 3073 οὖν.

1862 3102 2000 3174 ὑπὲρ
2026 3103 2136 3159 τῶν
2165 3105 2466 3177 μελλόντων
2498 3108 2646 3180 αὐτῷ
2680 3111 3061 3179 πιστεύσομεν,
3091 3110 3200 3163 τῶν
3234 3110 3437 3180 παρόν-

1859 3213 1966 3251 των
2000 3198 2408 3271 ἐληλεγμένων;
2441 3201 2596 3266 Τίνος
2629 3203 2685 3255 δὲ
2725 3203 2908 3257 ἕνεκεν
2952 3202 3027 3274 μὴ
3068 3204 3400 3266 ἀναστάντος
3418 3241 3453 3269 ,ς

1857 3291 2158 3362 ἐκήρυττον
2184 3293 2267 3346 ὅτι
2303 3293 2500 3364 ἀνέστη
2524 3311 2547 3361 ;,
2586 3294 2803 3367 Ἐπειδὴ
2825 3296 3042 3363 ἐφίλουν
3064 3296 3245 3359 αὐτὸν,
3278 3295 3443 3366 φησι.

1856 3383 1969 3438 Καὶ
1999 3384 2107 3455 μὴν
2137 3387 2313 3455 μισεῖν
2334 3385 2519 3439 λοιπὸν
2537 3386 2683 3450 είκδς
2705 3383 2774 3459 ἦν
2804 3389 3167 3460 ἀπατήσαντα
3192 3388 3308 3460 159]
3340 3389 3436 3443 καὶ

1856 3476 2257 3549 προδεδωκότα,
2325 3477 2423 3531 καὶ
2451 3477 2533 3532 ὅτι
2568 3479 2789 3550 μυρίαις
2839 3482 3035 3545 αὐτοὺς
3083 3480 3299 3535 ἐλπίσιν
3334 3482 3434 3535 ἐπ-

1855 3568 2014 3640 άρας,
2045 3571 2138 3623 καὶ
2166 3570 2343 3635 οἰκίας
2373 3570 2467 3625 καὶ
2498 3572 2699 3641 γονέων
2727 3572 2820 3626 καὶ
2851 3571 3069 3627 πάντων
3090 3574 3428 3643 ἀποστήσας,

1854 3661 1948 3715 καὶ
1973 3660 2265 3735 ὁλόκληρον
2281 3662 2431 3726 ἔθνος
2455 3664 2844 3734 ἐκπολεμώσας
2858 3664 3041 3727 αὐτοῖς
3062 3664 3122 3717 τὸ
3136 3664 3441 3729 Ἰουδαίων,

1853 3752 2160 3823 προέδωκεν
2187 3753 2428 3825 ὐστερον.
2453 3756 2564 3810 Kal
2589 3757 2636 3809 εί
2670 3756 2768 3827 μὲν
2787 3757 3071 3822 ἀσθενείας
3095 3753 3162 3828 ἦν
3191 3756 3251 3810 τὸ
3275 3756 3438 3826 γενό-

1853 3861 2034 3915 μενον,
2067 3846 2412 3915 συνέγνωσαν
2458 3849 2546 3903 ἀν·
2591 3852 2707 3904 νυνὶ
2736 3850 2791 3903 δέ
2837 3850 3174 3921 κακουργίας
3222 3849 3425 3921 πολλῆς
3542 3850 3551 3859 ’

1851 3934 1987 3992 εἰναι
2016 3939 2316 4009 ἐνομίζετο.
2355 3940 2500 3995 Ἔδει
2531 3942 2637 4014 γὰρ
2677 3942 2905 4014 τάληθὲς
2949 3944 3156 4008 εἰπεῖν,
3207 3943 3301 3996 καὶ
3347 3942 3443 4019 μὴ,

1847 4031 1939 4083 τὸν
1976 4030 2203 4101 οὐρανὸν
2240 4032 2665 4102 ἐπαγγείλασθαι
2707 4033 2992 4107 ἄνθρωπον
3032 4035 3161 4088 ὅντα
3208 4035 3422 4105 θνητὸν,

1846 4120 1922 4185 ῶς
1948 4139 2103 4192 φατε.
2144 4124 2305 4179 Ὥστε
2345 4127 2653 4179 τούναντίον
2696 4127 2844 4191 εἰκὸς
2873 4124 2940 4200 ἦν
2985 4129 3180 4192 αὐτοὺς
3224 4130 3421 4195 ποιεῖν,

1846 4213 2136 4285 κηρύττειν
2158 4214 2257 4287 τὴν
2289 4216 2523 4286 ἀπάτην,
2555 4218 2650 4274 καὶ
2695 4218 2874 4286 λέγειν
2903 4219 3066 4271 αὐτὸν
3098 4218 3298 4290 εἴρωνα
3324 4219 3423 4272 καὶ

1842 4307 2036 4376 γόητασ
2065 4308 2208 4361 οὓτω
2232 4309 2340 4380 γὰρ
2368 4309 2435 4363 ἂν
2462 4311 2557 4364 xal
2584 4310 2692 4364 τῶν
2715 4311 2974 4366 κινδύνων
3001 4311 3415 4383 ἀπηλλάγησαν,

1840 4395 1983 4449 οὕτω
2010 4396 2105 4450 καὶ
2132 4397 2223 4450 τὸν
2254 4398 2489 4469 πόλεμον
2526 4400 2742 4452 ἔλυσαν.
2775 4401 2836 4453 Εἰ
2870 4400 2977 4471 γάρ
3010 4404 3125 4464 τοῖς
3152 4401 3416 4473 στρατιὼ-

1838 4504 1956 4552 ταις
2006 4488 2270 4560 ἀργύριον
2316 4489 2520 4544 ἔδωκαν
2545 4492 2594 4543 οἰ
2638 4492 2878 4547 Ἰουδαῖοι
2912 4494 2999 4546 ίνα
3042 4494 3286 4557 εἴπωσιν,
3330 4494 3423 4549 ὅτι

1838 4580 2070 4650 ἔκλεψαν
2106 4582 2167 4635 τὸ
2200 4582 2377 4652 σῶμα⁸
2411 4584 2459 4636 εί
2497 4582 2862 4655 παρελθόντες
2889 4582 3042 4642 εἷπον
3087 4584 3136 4636 οί
3173 4582 3415 4655 μαθηταί⁸

1838 4675 1920 4732 an
1960 4674 2321 4745 Ἐκλέψαμεν,
2351 4677 2445 4731 καὶ
2478 4676 2577 4730 οὐκ
2602 4677 2839 4749 ἀνέστη,
2884 4675 3042 4740 ποίας
3069 4675 3135 4729 ἂν
3167 4677 3266 4729 οὐκ
3301 4678 3409 4729 ἀπ·

1837 4766 2070 4821 έλαυσαν
2104 4768 2303 4838 τιμῆς;
2336 4768 2499 4823 Ὥστε
2529 4768 2662 4839 ἐξῆν.
2686 4769 2867 4835 αὐτοῖς
2907 4770 3001 4823 καὶ
3025 4768 3287 4841 τιμᾶσθαι
3319 4770 3415 4825 κα)Ι

1838 4859 2251 4929 στεφανοῦσθαι.
2299 4860 2454 4925 Τίνος
2502 4856 2594 4920 οὖν
2630 4863 2813 4923 ἕνεκεν
2844 4861 2902 4916 τὸ
2951 4861 3269 4938 ὑϐρίζεσθαι
3314 4863 3421 4915 καὶΔ

1836 4950 2165 5007 κινδυνεύειν
2186 4951 2714 5022 ἀντικατηλλάξαντο
2744 4953 2971 5020 τούτων,
2995 4954 3051 5011 εί
3076 4952 3151 5025 μὴ
3184 4953 3302 5005 θεία
3326 4970 3409 5017 τις

1832 5037 1901 5113 ἦν
1928 5044 1960 5113 ή
1989 5043 2249 5097 πείθουσα
2292 5045 2499 5108 αὐτοὺς,
2527 5045 2785 5118 δύναμις,
2834 5049 2866 5119 ὴ
2910 5047 3125 5107 τούτωνι
3152 5047 3408 5104 ἁπάντων

1830 5134 2208 5206 δυνατωτέρα;
2260 5135 2323 5190 Εἰ
2362 5138 2418 5192 δὲ
2463 5138 2686 5211 μηδέπω
2710 5140 3019 5212 πείθομεν,
3056 5140 3272 5210 λογίζου
3306 5142 3407 5194 κὰο

1830 5227 1995 5291 κεῖνο,
2028 5226 2180 5280 ὃτιεί
2212 5228 2286 5301 μὴ
2307 5229 2465 5284 τοῦτο
2494 5227 2585 5305 ἦν,
2616 5231 2718 5287 κᾶν
2745 5235 2793 5288 εἰ
2824 5234 3027 5305 σφόδρα
3058 5234 3407 5306 παρεσκευά-

1829 5314 2004 5381 ζοντο,
2046 5319 2145 5372 οὐκ
2174 5320 2240 5374 ἂν
2272 5322 2359 5374 ἐπ’
2383 5322 2533 5395 αὐτῷ
2577 5325 2638 5378 τὸ
2671 5326 2930 5398 κήρυγμα
2963 5325 3258 5399 ἐκήρυξαν,
3288 5325 3406 5379 ἀλλ’

1828 5411 2259 5489 ἀπεστράφησαν
2285 5415 2467 5471 αὐτόν.
2502 5418 2644 5471 Ἰστε
2673 5418 2783 5490 γὰρ
2805 5419 3042 5477 ὅταούδέ
3071 5419 3141 5473 τὰ
3166 5421 3403 5490 ὀνόματα

1828 5502 2130 5575 βουλόμεθα
2154 5506 2263 5561 τῶν
2286 5507 2354 5562 τὰ
2379 5508 2605 5563 τοιαῦτα
2629 5510 3130 5585 ἀπατώντων,ήμᾶς
3159 5512 3399 5567 ἀκούειν.

1826 5594 1982 5657 Τίνος
2007 5593 2062 5647 δὲ
2094 5594 2276 5649 ἕνεκεν
2300 5596 2394 5650 καὶ
2422 5600 2719 5670 ἐκήρυττον
2742 5602 2908 5658 αὐτοῦ
2927 5604 2984 5657 τὸ
3006 5605 3212 5675 ὅνομας
3239 5620 3404 5674 προσ⁸

1822 5683 2089 5751 δοκῶντες
2127 5688 2209 5741 ὅτι
2251 5691 2585 5762 κρατήσουσι
2637 5694 2704 5747 δι’
2745 5696 2947 5765 αὐτοῦ;
2998 5701 3095 5759 καὶ
3140 5702 3247 5776 μὴν
3279 5705 3400 5757 τούο

1823 5777 2036 5831 ναντίον
2061 5780 2225 5851 ἐχρῆν
2259 5783 2582 5855 προσδοκᾷν,
2617 5788 2699 5840 ὃτι
2735 5791 2783 5843 εί
2815 5792 2909 5846 καὶ
2944 5790 3166 5863 ἔμελλον
3194 5798 3402 5869 κρατή-

1824 5887 1957 5939 σειν,
1992 5872 2272 5929 ἀπώλοντο
2301 5877 2617 5945 ἀπατεῶνες
2633 5882 2803 5952 ὄνομα
2825 5884 3084 5954 φέροντες
3106 5890 3185 5953 εἰς
3207 5889 3397 5958 μέσον.

1824 5963 1884 6019 Εἰ
1911 5962 1967 6023 δὲ
1998 5967 2287 6026 συσκιάσαι
2322 5966 2391 6023 τὰ
2413 5969 2652 6045 πρότερα
2677 5971 2977 6045 ἐϐούλοντο,
3008 5977 3113 6033 ἔδει
3146 5979 3407 6053 σιγῆσαι,⁴
