3864 6216
467 277 544 334 45
1183 267 1242 322 S.
1281 267 1569 324 JOANNIS
1605 259 2100 323 CHRYSOSTOMI
2134 257 2460 321 ARCHIEP.
2493 261 3042 322 CONSTANTINOP.
3658 269 3731 324 ιε

461 389 538 453 ὡς
566 385 628 440 τό
653 401 718 455 γε
749 379 1218 452 ἐπαγωνίζεσθαι,
1275 379 1538 451 μειζόνως
1571 378 1780 449 ἀνῆπτε
1823 376 1919 430 καὶ
1949 373 2043 427 τὸν

461 471 700 540 πόλεμον
731 467 826 520 καὶ
855 464 946 518 τὸν
984 463 1216 532 γέλωτα.
1249 463 1422 517 Πόθεν
1463 459 1557 517 οῦν
1585 461 1818 534 ἐπῆλθεν
1857 458 2042 520 αὐτοῖς

461 552 773 608 ἀναπλάσαι
796 547 1053 614 τοιαῦτα;
1091 548 1186 601 καὶ
1225 545 1333 618 7&9
1365 546 1508 618 ἀπερ
1543 547 1802 618 ἤκουσαν,
1829 541 2042 596 ἀπώλε-

462 653 585 693 σαν.
621 636 684 689 Εἰ
719 633 776 687 δὲ
823 633 924 686 οὐκ
964 631 1119 695 ὄντος
1164 630 1332 700 φόϐου
1382 629 1552 684 πολλά
1595 626 2042 691 ἐπελανθάνοντο,

463 720 560 777 καί
585 736 706 772 τινα
726 715 847 771 οὺδέ
867 716 1072 779 ἐνόουν,
1102 713 1284 778 καθὼς
1313 714 1405 766 καὶ
1427 716 1457 766 ό
1476 713 1866 782 εύαγγελιστής
1887 725 2044 781 φησι,

461 803 719 860 τοσούτου
753 799 1004 855 κινδύνου
1033 797 1453 861 καταλαϐόντος,
1469 797 1588 860 πῶς
1611 798 1712 851 οὐκ
1740 795 1806 850 ἀν
1831 794 2046 848 ἅπαντα

463 890 643 947 αὐτῶν
682 888 937 954 ἀπέπτη;
972 884 1081 938 Kal
1121 883 1173 936 τί
1211 882 1356 951 λέγω
1395 881 1464 936 τὰ
1503 882 1763 954 ῥήματα;
1800 881 1936 934 ὅπου
1982 894 2046 947 γε

464 974 562 1028 καὶ
599 973 629 1025 ό
660 970 796 1042 πρὸς
825 967 988 1022 αὑτὸν
1023 966 1114 1020 τὸν
1150 965 1472 1020 διδάσκαλον
1505 966 1667 1030 πόθος
1701 964 1884 1036 ἠρέμα
1919 979 2046 1016 κατ-

464 1057 790 1130 εμαραίνετο
814 1053 890 1123 τῷ
917 1051 1066 1122 φόϐῳ
1091 1051 1201 1104 τῶν
1228 1051 1529 1121 ἐσομένων⁶
1565 1050 1702 1120 ὅπερ
1735 1049 1920 1111 αὐτοῖς
1952 1046 2046 1100 καὶ

463 1139 763 1193 ὠνείδισεν.
803 1134 1021 1205 Ἐπειδὴ
1062 1133 1170 1204 7&9
1217 1133 1320 1205 πρὸ
1351 1133 1540 1185 τούτου
1574 1133 1670 1202 μέν
1699 1130 2047 1200 ἐκκρεμάμε-

465 1240 548 1277 νοι
574 1220 761 1286 αὑτοῦ,
810 1218 1048 1288 συνεχῶς
1075 1215 1321 1288 ἠρώτων,
1356 1215 1466 1268 Ποῦ
1505 1215 1770 1282 ύπάγεις;
1822 1213 2046 1282 ὕστερον

464 1307 544 1369 δὲ,
591 1306 678 1358 ὅτε
711 1305 836 1366 τοὺς
882 1302 1128 1373 μακροὺς
1161 1300 1409 1353 ἀπέτεινε
1448 1299 1639 1366 λόγους
1676 1298 1743 1350 τά
1785 1295 1934 1349 δεινά
1968 1296 2044 1348 διο

465 1389 600 1463 ηγού
611 1406 766 1461 μενος
800 1386 868 1440 τὰ
895 1387 1024 1456 παρ’
1055 1385 1212 1439 αὐτὸν
1237 1385 1328 1437 τὸν
1362 1384 1592 1454 σταυρὸν
1618 1381 2046 1452 καταληψόμενα

387 1526 393 1536 ,
465 1475 684 1536 αὐτοὺς,
713 1469 830 1525 εἶτα
860 1469 938 1539 τῷ
964 1469 1072 1521 δέει
1104 1467 1370 1534 παγέντες
1404 1465 1768 1536 ἐναπέμειναν
1801 1466 2042 1535 ἀχανεῖς·

372 1541 408 1590 -έ
465 1557 700 1612 ἄκουσον
730 1555 844 1616 πῶς
868 1553 1026 1605 τοῦτο
1051 1551 1184 1604 αὐτὸ
1211 1551 1474 1622 προφέρει
1497 1550 1680 1612 αὐτοῖς
1703 1548 1899 1616 λέγων’
1937 1549 2049 1601 Οὑ-

465 1639 592 1706 δείς
633 1639 703 1702 ἐξ
732 1634 898 1706 ὑμῶν
925 1632 1112 1702 ἐρωτᾷ
1148 1649 1244 1703 με’
1297 1631 1422 1686 Ποῦ
1455 1631 1741 1700 ὑπάγεις;
1782 1629 1920 1685 ἀλλ’
1959 1629 2049 1684 ὅτι

463 1722 776 1788 λελάληκα
802 1717 948 1786 ὑμῖν
968 1715 1174 1780 ταῦτα,
1207 1717 1245 1783 ἡ
1276 1716 1440 1784 λύπη
1465 1713 1860 1782 πεπλήρωκεν
1881 1712 2049 1782 ὑμῶν

463 1805 580 1872 τὴν
613 1804 882 1872 καρδίαν.
937 1803 998 1853 Εἰ
1039 1799 1218 1853 τοίνυν
1263 1798 1671 1869 προσδοκῶντες
1719 1797 1880 1851 αὑτὸν
1913 1797 2046 1850 ἀπο-

465 1887 742 1941 θανεῖσθαι
763 1885 857 1940 καὶ
885 1880 1287 1950 ἀναστήσεσθαι
1309 1880 1480 1944 οὕτως
1501 1880 1723 1951 ὴλγουν,
1739 1879 2048 1933 ἀναστάντα

465 1971 626 2026 αὐτὸν
659 1970 734 2041 μὴ
767 1969 987 2030 ἰδόντες,
1015 1966 1132 2028 πῶς
1163 1965 1263 2018 ούκ
1295 1964 1360 2017 ἂν
1388 1963 1684 2026 ἀπώλοντο,
1719 1963 1814 2016 καὶ
1842 1964 1921 2026 εἰς
1946 1962 2047 2016 αύ-

465 2057 566 2126 τὴν
597 2055 662 2108 ἂν
694 2052 1031 2107 ἐσπούδασαν
1061 2048 1352 2103 καταδῦναι
1388 2049 1487 2120 τὴν
1535 2050 1660 2119 γῆν,
1704 2049 1796 2102 καὶ
1839 2047 2048 2118 ἀθυμίᾳ

466 2142 533 2211 τῇ
564 2139 661 2210 τῆς
709 2138 924 2207 ἀπάτης
965 2134 1058 2188 καί
1105 2132 1213 2186 δέει
1255 2132 1362 2186 τῶν
1407 2133 1676 2204 ἐσομένων
1729 2129 2045 2202 πολιορκού-

541 2239 650 2288 νοι;

469 2239 801 2361 “ithaca
826 2302 882 2354 δέ
905 2300 997 2354 καὶ
1029 2300 1099 2353 τὰ
1135 2299 1312 2370 ὑψηλά
1334 2299 1515 2360 αὐτοῖς
1542 2297 1815 2368 δόγματα;
1842 2295 1910 2350 τά
1937 2295 2046 2367 γὰρ

467 2389 778 2461 ὑψηλότερα
805 2387 1030 2457 ὕστερον
1060 2382 1214 2438 εἶπεν
1236 2385 1431 2447 αὐτοὺς
1465 2382 1815 2435 ἀκούσεσθαιο
1842 2384 2046 2436 Πολλὰ

465 2477 575 2546 γὰρ
628 2475 747 2543 ἔχω
799 2470 1002 2541 λέγειν
1032 2468 1193 2538 ὑμῖν,
1245 2470 1432 2539 φησὶν,
1484 2467 1622 2521 ἀλλ’
1661 2468 1733 2518 οὺ
1783 2465 2046 2519 δύνασθε

459 2555 787 2626 βαστάζειν
811 2553 926 2626 [40]
951 2553 1273 2622 ἄρτι.Ὢστε
1294 2553 1361 2605 τά
1377 2552 1705 2621 λειπόμενα·
1737 2549 2046 2620 ὑψηλότερα

463 2637 554 2715 ἦν.
583 2633 678 2702 Εἷς
703 2639 759 2692 δέ
784 2638 894 2690 τῶν
925 2635 1186 2707 μαθητῶν
1222 2636 1342 2689 οὐδὲ
1377 2636 1457 2698 εἰς
1489 2635 1586 2702 τὴν
1631 2633 1886 2686 Ἰουδαίαν
1916 2632 2045 2704 ἢθε-

465 2723 557 2777 λεν
584 2720 840 2775 ἀπελθεῖν
879 2718 996 2788 μετ’
1028 2718 1218 2785 αὑτοῦ,
1262 2717 1448 2787 ἐπειδὴ
1490 2715 1748 2771 κινδύνων
1791 2717 2048 2786 ἡκουσεν,

465 2807 580 2862 ἀλλ⁹
613 2806 816 2874 ἔλεγενο
866 2802 1241 2871 Ἀπέλθωμεν
1269 2801 1369 2855 καὶ
1391 2800 1577 2871 ἡμεῖς,
1611 2801 1711 2853 ἵνα
1738 2800 2047 2855 ἀποθάνω-

460 2907 578 2961 μεν
597 2889 725 2958 μετ’
755 2885 943 2941 αὑτοῦ
967 2901 980 2914 ·
1017 2884 1384 2956 βαρυνόμενος
1425 2883 1611 2954 ἐπειδὴ
1651 2882 2048 2954 προσεδόκησεν

467 2969 875 3028 ἀποθανεῖσθαι.
938 2969 1002 3021 Εἰ
1049 2967 1106 3020 δὲ
1159 2969 1277 3038 μετ’
1318 2967 1482 3022 αὐτοῦ
1530 2966 1605 3019 ὢν
1649 2965 2047 3038 προσεδόκησεν

465 3051 875 3114 ἀποθανεῖσθαι,
912 3051 1004 3104 καὶ
1051 3049 1300 3105 ἀνεδύετο
1343 3050 1429 3103 διὰ
1467 3049 1644 3115 τοῦτο,
1687 3050 1854 3121 χωρὶς
1881 3048 2045 3102 αὑτοῦ

463 3138 560 3195 καὶ
610 3137 718 3190 τῶν
755 3134 958 3188 λοιπῶν
1002 3133 1262 3204 μαθητῶν
1311 3133 1364 3186 τί
1419 3132 1520 3186 οῦκ
1573 3131 1639 3186 ἀν
1679 3133 1876 3203 ἤλπισε
1922 3131 2045 3185 τότε

466 3219 659 3273 παθεῖν
690 3217 752 3284 ιις
779 3217 889 3270 Kal
923 3217 1088 3280 πολὺς
1109 3219 1137 3269 ό
1166 3216 1385 3284 ἐλεγχος
1411 3211 1480 3286 ἦν
1504 3215 1604 3286 τῆς
1635 3215 2044 3286 ἀναισχυντίας.

466 3303 612 3357 Τίδέ
646 3300 742 3355 καὶ
774 3294 919 3370 εἶχον
955 3301 1128 3352 εἰπεῖν
1178 3299 1451 3363 ἐξιόντες;
1485 3297 1558 3350 Τὸ
1603 3297 1703 3368 μέν
1730 3299 1840 3371 7&9
1873 3299 2047 3364 πάθος

466 3387 502 3458 ἡ
524 3383 818 3454 οἰκουμένη
837 3383 988 3436 πᾶσα
1013 3382 1150 3454 ῇδειο
1175 3383 1269 3435 καὶ
1292 3381 1401 3452 γὰρ
1425 3382 1510 3450 ἐφ’
1543 3379 1747 3452 ὑψηλοῦ
1770 3382 2046 3453 ἐκρέματο

464 3468 560 3523 τοῦ
588 3467 783 3540 ίκρίου,
813 3465 907 3520 καὶ
937 3467 994 3518 ἐν
1040 3464 1223 3536 ἡμέρᾳ
1271 3464 1433 3537 μέσῃ,
1473 3463 1570 3517 καὶ
1600 3465 1658 3517 ἐν
1691 3467 2040 3536 μητροπόλει,

466 3554 562 3607 καὶ
585 3553 644 3604 ἐν
677 3553 839 3622 ἑορτῇ
888 3548 1143 3620 μεγίστῃ,
1185 3549 1246 3601 ἐν
1353 3548 1586 3618 μάλιστα
1611 3548 1711 3600 οὐκ
1752 3550 1879 3618 ἐνῆν
1921 3567 2044 3605 τινα

350 3643 354 3648 ’
465 3635 880 3704 ἀπολειφθῆναι·
915 3634 1015 3702 τὴν
1043 3631 1101 3687 δὲ
1125 3632 1421 3686 ἀνάστασω
1447 3630 1622 3694 οὐδεὶς
1642 3626 1750 3685 εἶδε
1779 3632 1886 3687 τῶν
1912 3633 2045 3700 ἔξω.

468 3720 579 3785 θεν,
609 3719 747 3789 ὅπερ
775 3717 837 3769 ού
867 3715 1060 3787 μικρὸν
1083 3715 1267 3778 αὐτοῖς
1299 3714 1436 3785 πρὸς
1461 3713 1522 3766 τὸ
1553 3713 1758 3767 πείθειν
1786 3716 2044 3787 ἐμπόδιον

465 3797 556 3875 ἦν.
591 3801 702 3856 Kal
735 3801 938 3872 ὅτιμὲν
972 3799 1171 3872 ἐτάφη,
1202 3800 1402 3861 πάντες
1444 3797 1808 3869 διεθρύλλουνο
1842 3801 1936 3854 καὶ
1962 3802 2043 3856 ὅτι

468 3886 700 3956 ἐκλέψαν
729 3884 790 3938 τὸ
832 3884 992 3954 σῶμα
1019 3882 1183 3937 αὐτοῦ
1215 3884 1263 3936 οἰ
1295 3880 1572 3954 μαθηταὶ,
1624 3883 1672 3934 οί
1711 3883 2044 3952 στρατιῶται

471 3969 608 4041 μετά
636 3967 745 4021 τῶν
785 3967 1055 4022 Ἰουδαίων
1089 3966 1344 4020 ἁπάντων
1379 3963 1582 4033 ἔλεγον·
1615 3964 1697 4017 ὅτι
1723 3964 1778 4018 δὲ
1821 3967 2040 4038 ἀνέστη,

463 4051 575 4106 τῶν
617 4050 816 4118 ἔξωθεν
864 4049 1042 4113 οὐδεὶς
1091 4044 1218 4102 εἶδε.
1275 4047 1444 4100 Πόθεν
1497 4042 1590 4100 οῦν
1639 4048 2044 4119 προσεδόκησαν

468 4133 676 4187 πείθειν
709 4136 807 4203 τὴν
840 4131 1193 4203 οἰκουμένην;
1241 4131 1303 4184 Εἰ
1337 4131 1446 4200 7&9
1486 4129 1780 4201 θαυμάτων
1821 4135 2043 4204 γινομέ-

467 4233 574 4270 νων
603 4215 933 4288 στρατιῶται
967 4213 1300 4284 ἐπείσθησαν
1327 4213 1398 4266 τὰ
1424 4213 1644 4266 ἐναντία
1673 4215 2040 4286 μαρτυρῆσαι,

467 4299 631 4357 πόθεν
657 4297 997 4370 προσεδόκων
1026 4293 1169 4351 οὗτοι
1207 4298 1376 4368 χωρὶς
1405 4295 1698 4368 θαυμάτων
1729 4298 2041 4368 κηρύττειν,

466 4383 562 4436 καὶ
591 4381 727 4453 μηδέ
756 4379 940 4434 ὀϐολὸν
974 4380 1301 4450 κεκτημένοι
1332 4379 1538 4433 πείθειν
1581 4380 1688 4449 γῆν
1717 4382 1816 4435 καὶ
1845 4381 2043 4436 θάλατ-

464 4483 564 4519 ταν
590 4465 720 4536 περὶ
745 4465 844 4534 τῆς
877 4464 1253 4530 ἀναστάσεωςς
1287 4465 1336 4518 εἰ
1362 4463 1420 4516 δὲ
1447 4463 1604 4535 δόξης
1627 4464 1860 4537 ἐρῶντες
1885 4465 2044 4520 τοῦτο

466 4549 716 4612 ἐποίουν,
750 4547 930 4618 πολλῷ
965 4547 1166 4618 μᾶλλον
1207 4547 1274 4600 ἂν
1321 4547 1552 4611 ἕκαστος
1586 4549 1763 4619 ἐαυτῷ
1800 4549 2045 4621 δόγματα

467 4634 826 4702 ἐπεφήμισεν,
849 4631 971 4703 οὐχ).
996 4630 1074 4702 τῷ
1093 4629 1398 4684 ἀπελθόντι.
1423 4630 1563 4684 Ἀλλ’
1584 4633 1684 4684 ούκ
1705 4633 1771 4686 ἀν
1791 4633 2046 4706 ἐπείσθη-

469 4731 568 4768 σαν
611 4716 794 4776 αύτοίς
823 4715 872 4768 οἱ
916 4712 1224 4784 ἀνθρωποι;
1264 4713 1375 4770 Καὶ
1423 4713 1550 4784 περὶ
1578 4714 1722 4778 τίνος
1755 4715 2044 4782 ἀκούοντες

471 4796 672 4869 μᾶλλον
707 4796 1022 4864 ἐπίστευον;
1072 4797 1202 4867 περὶ
1251 4795 1462 4850 ἐκείνου
1508 4795 1603 4850 τοῦ
1650 4798 2044 4870 συλληφθέντος

469 4881 564 4937 καὶ
599 4879 1041 4950 σταυρωθέντος,
1088 4880 1124 4952 ἢ
1176 4880 1306 4952 περὶ
1346 4879 1528 4935 αὐτῶν
1567 4880 1677 4934 τῶν
1713 4881 1812 4946 τάς
1856 4886 2044 4957 χεῖρας

467 4963 814 5034 ἐκφυγόντων
855 4963 956 5027 τὰς
999 4962 1328 5028 Ἰουδαῖκάς;
1376 4963 1533 5027 Τίνος
1573 4963 1632 5019 δὲ
1663 4963 1869 5031 ἐνεκεν,
1920 4969 2042 5023 εἰπέ

469 5065 582 5114 μοι,
617 5046 902 5119 μέλλοντες
931 5057 952 5085 ο
984 5045 1143 5099 τοῦτο
1171 5049 1368 5111 ποιεῖν,
1411 5047 1512 5101 ούκ
1548 5047 1751 5114 εὐθέως
1777 5050 1878 5123 τὴν
1911 5052 2040 5106 ἰου-

464 5131 622 5184 δαίαν
650 5130 900 5198 ἀφέντες,
953 5131 1035 5192 εἰς
1085 5129 1186 5193 τὰς
1239 5129 1347 5196 ἔξω
1393 5131 1576 5194 πόλεις
1619 5131 1880 5202 ἀπῆλθον,
1925 5135 2042 5189 ἀλλ’

469 5212 614 5271 ινδον
641 5213 998 5284 ἐστρέφοντος
1035 5212 1160 5277 Πῶς
1207 5213 1284 5278 δὲ,
1332 5215 1381 5268 εί
1433 5215 1508 5286 μὴ
1553 5219 1756 5290 σημεῖα
1783 5219 2000 5275 ἐποίουν
2022 5261 2042 5286 ι

465 5296 713 5363 ιπειθον;
767 5297 877 5350 Kal
926 5297 976 5349 εἰ
1031 5296 1130 5367 μὲν
1179 5297 1396 5350 ἐποίουν
1424 5297 1662 5368 (ἐποίουν
1713 5300 1866 5374 γὰρ),
1901 5303 2040 5357 Θεοῦ

464 5379 697 5452 δύναμις
733 5375 799 5451 ἦν
826 5381 887 5434 τὸ
905 5379 1203 5451 γινόμενονο
1236 5381 1286 5437 εἰ
1315 5381 1372 5435 δὲ
1407 5381 1483 5456 μὴ
1517 5382 1730 5437 ἐποίουν
1757 5387 1850 5440 καὶ
1875 5389 2042 5459 ἐκρά-

463 5480 613 5527 τουν,
637 5463 770 5516 πολὺ
793 5463 1230 5535 θαυμαστότερον
1258 5459 1325 5536 ἦν
1353 5463 1415 5517 τὸ
1439 5465 1670 5536 συμϐάν.
1701 5467 1818 5522 Ούκ
1840 5470 2040 5542 ᾔδεσαν

478 5548 784 5613 Ἰουδαίους,
810 5547 930 5603 εἰπέ
957 5565 1066 5620 μοι,
1094 5551 1189 5604 καὶ
1214 5549 1312 5626 τὴν
1338 5550 1580 5623 πονηρὰν
1599 5552 1778 5610 αὐτῶν
1808 5555 2046 5628 μελέτην

526 5719 554 5783 f
586 5716 846 5783 Leggbqtur
888 5720 950 5781 μή
992 5719 1236 5781 λεγόμενα.
1318 5718 1348 5783 1}
1382 5719 1573 5779 Παθεῖν,
1613 5721 1744 5783 quod
1777 5721 1952 5771 deerat
1987 5725 2041 5772 in

463 5778 908 5846 editis,‘_habelui'
951 5785 998 5830 in
1042 5778 1197 5846 Regio
1251 5781 1358 5830 cod.
1433 5784 1466 5846 ,ο
1515 5778 1778 5845 ιεῃέὸαιιιι·
1824 5785 2039 5846 ἔμελλον,

463 5853 597 5962 ,ἐιωῇ
643 5843 705 5898 εἰς
744 5860 787 5894 τ,
829 5845 868 5894 ἐ.
913 5846 1021 5894 πολ.
1068 5840 1283 5903 ἐπῆλθον.
1328 5840 1474 5909 paqu
1517 5840 1640 5908 ροὲι.
1692 5846 1749 5895 Εἴ
1811 5840 1890 5907 μὲν
1945 5840 2036 5911 γάῤ

491 5919 674 5960 ποιουν.

2145 375 2239 428 καὶ
2265 376 2365 448 τὴν
2397 376 2606 447 φθόνων
2641 377 2920 450 γέμουσαν
2951 379 3167 452 ψυχήνς
3200 381 3312 435 Kal
3345 379 3458 454 7&9
3482 379 3729 436 Μωῦσέα

2144 457 2397 513 ἐλίθασαν
2430 461 2568 531 μετά
2593 461 2655 514 τὸ
2691 461 2921 531 πέλαγος
2942 463 3082 534 ὅπερ
3106 463 3436 530 ἐπέζευσαν,
3462 463 3607 535 μετά
3627 465 3730 534 τὴν

2147 539 2304 613 νίκην
2345 543 2440 596 καὶ
2473 543 2536 596 τὸ
2565 544 2830 615 τρόπαιον
2876 546 3054 600 ἐκεῖνο
3085 546 3146 600 τὸ
3197 546 3546 617 θαυμαστὸν,
3589 547 3732 617 ὅπερ

2147 623 2382 695 ἔστησαν
2407 627 2678 697 ἀναιμωτὶ
2718 629 2807 683 διά
2835 629 2944 684 τῶν
2977 630 3188 684 ἐκείνου
3227 621 3597 702 χειρῶν·κατά
3621 629 3734 684 τῶν

2144 710 2570 782 δουλωσαμένων
2594 711 2622 751 ά
2650 713 2847 778 αὐτοὺς
2881 715 3212 783 Αἰγυπτίων,
3252 714 3392 786 μετὰ
3428 716 3490 769 τὸ
3529 715 3732 786 μάννα,

2149 794 2290 864 μετά
2312 794 2412 859 τάς
2445 795 2652 868 πέτρας
2692 798 2790 852 καὶ
2828 800 2928 862 τάς
2974 800 3158 870 πηγὰς
3195 799 3304 854 τῶν
3336 799 3609 869 ποταμῶν
3632 799 3733 861 τὰς

2146 877 2355 932 ἐκεῖθεν
2400 879 2684 950 ραγείσας,
2719 880 2861 950 μετὰ
2902 882 2972 935 τὰ
3011 883 3182 953 μυρία
3212 881 3473 953 θαύματα
3525 884 3598 935 τά
3644 881 3735 934 ἐπὶ

2145 962 2246 1032 τῆς
2275 962 2550 1032 Αἰγύπτου
2577 965 2671 1018 καὶ
2694 965 2794 1035 τῆς
2831 965 3096 1038 Ἐρυθρᾶς
3117 967 3212 1018 καὶ
3240 966 3340 1036 τῆς
3356 966 3594 1036 ἐρήμου·
3638 963 3733 1017 Ἰε-

2150 1044 2347 1115 ρεμίαν
2369 1045 2450 1109 είς
2481 1046 2683 1101 λάκκον
2709 1047 2984 1113 ἐνέϐαλον,
3015 1052 3110 1102 καὶ
3134 1049 3362 1111 πολλοὺς
3383 1047 3494 1101 τῶν
3521 1064 3737 1120 προφη-

2147 1129 2256 1182 τῶν
2284 1131 2647 1199 κατέσφαξαν.
2670 1132 2935 1185 Ἀκουσον
2960 1133 3088 1201 γοῦν
3111 1133 3164 1186 τί
3188 1150 3352 1203 φησιν
3377 1131 3570 1195 Ἠλίας
3600 1132 3734 1201 μετά

2147 1212 2240 1266 τὸν
2273 1213 2502 1285 φοϐερὸν
2527 1213 2684 1284 λιμὸν
2729 1215 2937 1268 ἐκεῖνον
2973 1216 3066 1268 καὶ
3098 1215 3190 1269 τὸν
3224 1215 3548 1286 θαυμαστὸν
3584 1214 3736 1268 ύετδν

2150 1305 2242 1356 καὶ
2277 1304 2374 1376 τὴν
2401 1304 2678 1376 λαμπάδα,
2709 1307 2777 1377 ἣν
2833 1307 2898 1359 ἐκ
2947 1307 3054 1359 τῶν
3088 1307 3332 1378 οὐρανῶν
3384 1308 3733 1376 κατήνεγκε,

2151 1388 2244 1440 καὶ
2277 1387 2337 1442 τὸ
2364 1389 2666 1460 παράδοξον
2695 1389 3071 1461 όλοκαύτωμα,
3115 1391 3192 1454 ὡς
3245 1393 3591 1462 πορρωτάτω
3639 1390 3736 1459 τῆς

2150 1470 2334 1541 χώρας
2375 1471 2553 1524 αὐτῶν
2592 1472 2970 1543 ἐλαυνόμενος’
3017 1475 3212 1541 Κύριε,
3249 1474 3391 1540 τοὺς
3421 1472 3737 1543 προφήτας

2151 1569 2267 1607 σου
2305 1555 2685 1618 ἀπέκτειναν,
2736 1557 2808 1610 τὰ
2837 1557 3238 1625 θυσιαστήριά
3280 1574 3400 1612 σου
3443 1556 3739 1611 κατέσκα-

2149 1639 2298 1705 ψαν,
2330 1637 2491 1707 κάγὼ
2528 1639 2904 1708 ὑπελείφθην
2945 1641 3158 1708 μόνος,
3193 1641 3291 1694 καὶ
3345 1640 3600 1709 ζητοῦσι
3628 1639 3740 1707 τὴν

2151 1720 2362 1792 ψυχήν
2378 1741 2519 1791 μου.
2549 1721 2664 1794 [41]
2699 1724 2894 1778 Καίτοι
2921 1741 2984 1792 γε
3025 1726 3177 1779 ούδέν
3202 1726 3311 1780 τῶν
3338 1725 3597 1796 νομίμων
3626 1724 3736 1778 ἐχί-

2151 1822 2294 1860 νουν.
2349 1805 2572 1870 Τούτοις
2605 1804 2698 1862 οὖν
2729 1807 2891 1861 πόθεν
2921 1803 3066 1880 εἶχον
3094 1809 3414 1880 προσέχειν;
3450 1808 3580 1862 εἰπέ
3613 1823 3737 1880 μοι’

2151 1889 2384 1960 καὶγὰρ
2423 1889 2677 1944 ἁπάντων
2723 1885 2862 1962 ἦσαν
2917 1891 3140 1946 ἐκείνων
3198 1892 3603 1962 εὐτελέστεροι,
3652 1894 3739 1945 καὶ

2147 1970 2371 2026 τοιαῦτα
2393 1972 2799 2043 ἐκαινοτόμουν,
2820 1973 2886 2026 δι’
2903 1973 2939 2027 ἀ
2963 1975 3055 2028 καὶ
3079 1975 3168 2028 τὸν
3193 1975 3527 2030 Διδάσκαλον
3557 1976 3741 2028 ἐσταύ-

2153 2060 2352 2125 ρωσαν.
2388 2057 2496 2110 Kal
2522 2056 2698 2120 ἄλλως
2728 2056 2805 2121 δὲ,
2835 2058 2934 2129 ούχ
2967 2057 3140 2123 οὕτως
3175 2059 3346 2114 ἐδόκει
3385 2060 3566 2113 δεινὸν
3604 2055 3736 2114 εἶναι

2147 2139 2209 2192 τὸ
2233 2138 2326 2193 τὸν
2354 2141 2591 2210 Χριστὸν
2623 2138 2797 2194 ταῦτα
2841 2141 3043 2209 λέγειν,
3077 2145 3170 2196 καὶ
3197 2142 3442 2207 τούτους.
3486 2143 3600 2196 Τὸν
3647 2145 3737 2211 μὲν

2147 2222 2256 2294 7&9
2317 2221 2448 2286 ἴσως
2501 2223 2749 2293 ἐνόμιζον
2805 2224 2981 2295 ἐαυτῷ
3041 2225 3197 2291 δόξαν
3238 2227 3521 2296 κτώμενον
3567 2227 3735 2279 ταῦτα

2149 2307 2342 2372 ποιεῖν,
2366 2306 2589 2370 τούτους
2631 2307 2690 2361 δὲ
2747 2309 2840 2360 καί
2898 2309 3159 2378 μειζόνως
3209 2309 3276 2363 ἀν
3319 2311 3621 2382 ἐμίσησαν,
3648 2310 3735 2364 ἅτε

2149 2392 2290 2463 ὑπὲρ
2321 2391 2512 2464 ἐτέρου
2545 2390 2916 2462 πολεμοῦντας
2953 2395 3156 2456 αὐτοῖς.
3201 2393 3338 2447 Ἀλλ’
3367 2396 3418 2448 οἰ
3450 2396 3619 2464 νόμοι
3648 2397 3737 2448 αύ-

2146 2477 2261 2538 τοῖς
2316 2470 2576 2546 ἐϐοήθουν
2619 2476 2669 2528 οἰ
2712 2475 3032 2546 Ῥωμαίων;
3083 2476 3222 2530 Ἀλλ’
3249 2478 3356 2532 ἀπὸ
3383 2477 3604 2532 τούτων
3651 2481 3738 2532 καὶ

2148 2559 2517 2624 ἐνεποδίζοντο
2557 2559 2778 2630 μᾶλλονο
2813 2561 2907 2613 καὶ
2936 2559 3045 2631 7&9
3085 2560 3290 2629 ἔλεγονο
3323 2559 3451 2627 Πᾶς
3486 2565 3521 2617 ὁ
3551 2560 3738 2616 ποιῶν

2147 2641 2367 2696 ἑαυτὸν
2400 2643 2678 2705 ϐασιλέα,
2705 2645 2817 2697 οὐκ
2844 2643 2976 2698 ἔστι
3030 2645 3210 2713 φίλος
3262 2645 3369 2700 τοῦ
3407 2647 3735 2714 Καίσαρος.

2151 2725 2313 2781 Ὥστε
2340 2726 2502 2780 τοῦτο
2529 2727 2688 2796 μόνον
2733 2727 2915 2782 ἰκανὸν
2945 2724 3013 2800 ἦν
3045 2729 3358 2798 ἐμποδίσαι,
3389 2729 3474 2783 ὅτι
3512 2728 3614 2783 τοῦ
3654 2746 3737 2782 νο-

2153 2809 2436 2880 μισθέντος
2479 2805 2618 2863 εἰναι
2656 2811 2921 2880 τυράννου
2956 2812 3050 2866 καὶ
3085 2812 3325 2884 μαθηταὶ
3351 2808 3515 2885 ἦσαν,
3548 2814 3649 2866 καί
3671 2813 3736 2866 τά

2148 2893 2358 2948 ἐκείνου
2389 2894 2680 2965 κρατύνειν
2719 2893 3019 2950 ἐϐούλοντο.
3048 2896 3113 2948 Τί
3150 2897 3206 2950 δὲ
3237 2896 3374 2961 ὅλως
3407 2897 3617 2961 αὐτοὺς
3643 2899 3735 2950 ἐπ-

2147 2975 2282 3046 ῆρεν
2333 2979 2410 3040 είς
2459 2977 2745 3042 τοσούτους
2775 2977 3051 3043 κινδύνους
3083 2980 3377 3050 ἐμπεσεῖν;
3407 2979 3464 3032 τί
3511 2980 3576 3033 δὲ
3611 2984 3734 3052 περί

2150 3059 2313 3113 αὑτοῦ
2354 3060 2605 3129 λέγοντες
2657 3061 2874 3114 ἐδόκουν
2903 3059 3040 3116 εἶναι
3069 3061 3096 3101 ά
3124 3063 3375 3129 πιθανοί;
3419 3064 3504 3118 ὅτι
3548 3067 3733 3118 ἐσταυ-

2151 3142 2334 3214 ρώθης
2375 3144 2456 3197 ὅτι
2507 3144 2617 3197 ἀπὸ
2664 3145 2920 3214 γυναικὸς
2959 3145 3153 3216 ἐτέχθη
3189 3147 3454 3210 Ἰουδαίας
3485 3149 3731 3219 πτωχῆς,

2160 3226 2402 3298 Ἰουδαίῳ
2431 3227 2643 3281 τέκτονι
2673 3230 3192 3300 μεμνηστευμένηςς
3229 3230 3311 3283 ὅτι
3357 3231 3414 3297 ἐξ
3445 3231 3643 3296 ἔθνους
3666 3229 3734 3304 ῆν

2148 3313 2213 3380 τῇ
2251 3310 2544 3382 οἰκουμένῃ
2578 3311 3062 3382 άπεχθανομένου;
3106 3312 3268 3367 Ἀλλὰ
3321 3313 3499 3368 ταῦτα
3551 3317 3732 3370 πάντα

2147 3394 2268 3464 ούχί
2291 3393 2497 3448 πείθειν
2525 3395 2684 3464 μόνον
2732 3396 2828 3449 καὶ
2872 3395 3196 3464 ἐφέλκεσθαι
3242 3397 3371 3461 τοὺς
3405 3398 3728 3465 ἀκούοντας,

2146 3476 2286 3530 άλλά
2313 3477 2407 3530 καὶ
2436 3477 2832 3544 προσίστασθαι
2866 3480 3032 3534 πᾶσιν
3053 3475 3123 3550 ἦν
3160 3481 3335 3547 ἰκανά,
3368 3483 3463 3536 καὶ
3493 3484 3731 3552 μάλιστα

2145 3559 2214 3613 τά
2243 3561 2392 3631 παρά
2419 3559 2514 3613 τοῦ
2560 3561 2884 3631 σκηνοποιοῦ
2937 3564 3032 3616 καὶ
3069 3563 3165 3616 τοῦ
3200 3564 3395 3629 ἁλιέως
3431 3565 3729 3636 λεγόμενα.

2146 3642 2260 3695 Ούκ
2281 3642 2348 3696 ἂν
2371 3638 2463 3696 οῦν
2489 3643 2660 3697 ταῦτα
2701 3646 2878 3699 πάντα
2910 3647 3200 3718 ὲνενόησαν
3230 3650 3280 3702 οί
3312 3649 3554 3720 μαθηταί
3583 3667 3598 3714 ;
3641 3653 3734 3704 καὶ

2144 3725 2255 3798 γὰρ
2287 3727 2342 3780 αἰ
2370 3725 2540 3780 δειλαὶ
2568 3727 2755 3796 φύσεις
2784 3728 3000 3783 πλείονα
3032 3731 3140 3783 τῶν
3172 3732 3338 3786 ὄντων
3365 3735 3731 3789 ἀναπλάττειν

2144 3809 2420 3863 δύνανται·
2474 3810 2719 3864 τοιαῦται
2755 3811 2810 3865 δὲ
2832 3808 2971 3884 ἦσαν
3007 3815 3065 3868 αἱ
3109 3815 3352 3868 ἐκείνων.
3408 3816 3584 3870 Πόθεν
3638 3813 3734 3872 οὖν

2145 3893 2372 3965 ῆλπιζον
2421 3895 2824 3967 κατορθώσειν;
2871 3897 3072 3968 μᾶλλον
3116 3899 3170 3951 δέ
3217 3900 3315 3952 οὐκ
3344 3899 3606 3970 ῆλπισαν,
3640 3919 3731 3971 μυ-

2148 3979 2278 4049 ρίων
2298 3979 2468 4032 ὄντων
2487 3979 2595 4033 τῶν
2618 3979 2936 4048 ἀπαγόντων
2959 3992 2981 4020 ο
3006 3981 3224 4047 αὐτοὺς,
3256 3983 3310 4036 εί
3329 4000 3393 4051 γε
3427 3984 3503 4054 μὴ
3521 3985 3729 4058 ἀνέστη

2145 4065 2173 4116 ό
2195 4064 2449 4132 Χριστός.

2218 4152 2282 4199 σ’.
2312 4147 2426 4200 Οὐκ
2460 4144 2678 4217 εῦδηλον
2694 4146 2789 4200 καὶ
2807 4151 2920 4212 τοῖς
2951 4147 3152 4220 σφόδρα
3172 4149 3440 4219 ἀνοήτοις,
3470 4150 3553 4203 ὅτι
3581 4154 3634 4206 εἰ
3657 4153 3732 4224 μὴ

2144 4227 2398 4297 δαψιλοῦς
2426 4231 2520 4283 καὶ
2554 4231 2796 4301 μεγάλης
2823 4231 3135 4286 ἀπέλαυσαν
3157 4233 3398 4302 χάριτος,
3416 4233 3510 4286 καὶ
3534 4235 3730 4306 ἐνέχυ-

2149 4328 2218 4382 ρα
2242 4311 2342 4381 τῆς
2369 4313 2718 4377 ἀναστάσεως
2739 4312 2952 4379 ἔλαϐον,
2979 4316 3040 4368 ού
3069 4315 3227 4386 μόνον
3254 4315 3460 4384 πρᾶξαι
3483 4317 3584 4370 καὶ
3609 4320 3728 4371 ἐπι.

2146 4394 2418 4465 χειρῆσαι,
2443 4395 2556 4448 ἀλλ’
2582 4397 2704 4450 ούδέ
2725 4396 2978 4468 ἐννοῆσαι
3005 4397 3178 4451 ταῦτα
3203 4396 3496 4468 ἡδύναντο;
3522 4400 3590 4452 Εἰ
3617 4403 3727 4474 7&9

2144 4477 2413 4535 τοσούτων
2445 4479 2612 4533 ὄντων
2645 4479 2986 4552 κωλυμάτων
3031 4481 3167 4553 πρὸς
3198 4482 3259 4536 τὸ
3304 4481 3724 4552 βουλεύσασθαι,

2144 4561 2204 4617 ού
2227 4560 2368 4630 λέγω
2392 4563 2526 4631 πρὸς
2571 4565 2644 4616 τὸν
2673 4564 3037 4636 κατορθῶσαι,
3075 4565 3168 4619 καὶ
3203 4564 3598 4620 ἐϐουλεύσαντο
3637 4570 3726 4622 καὶ

2145 4647 2224 4710 εις
2250 4645 2410 4716 ἔργον
2432 4646 2698 4716 ἐξήγαγον
2725 4649 2822 4701 καὶ
2849 4648 3071 4717 μείζονα
3101 4648 3280 4720 πάσης
3300 4648 3509 4714 ἐλπίδος
3537 4651 3726 4722 ἐποίη-

2147 4748 2266 4796 σαν,
2299 4731 2462 4785 παντί
2503 4747 2604 4783 που
2638 4730 2817 4801 δῆλον,
2858 4733 2941 4786 ὅτι
2988 4733 3087 4786 οὐκ
3119 4731 3434 4806 ἀνθρωπίνῃ
3469 4733 3528 4786 δυ
3542 4736 3722 4804 δάμει,

2144 4815 2280 4870 ἀλλά
2322 4814 2443 4887 θείᾳ
2472 4815 2656 4885 χάριτι
2687 4815 2862 4869 πάντα
2895 4815 3228 4890 εἰργάζοντο.
3273 4817 3508 4883 Τούτους
3536 4821 3726 4874 τοίνυν

2143 4899 2270 4962 τοὺς
2316 4897 2508 4968 λόγους
2542 4897 2927 4969 γυμνάζωμεν,
2987 4898 3064 4970 μὴ
3107 4899 3228 4953 καθ’
3264 4901 3488 4964 ἑαυτοὺς
3537 4902 3722 4972 μόνον,

2145 4981 2280 5036 ἀλλά
2307 4983 2401 5036 καὶ
2446 4982 2585 5051 μετά
2613 4980 2876 5053 ἀλλήλων·
2911 4980 3054 5035 οὔτω
3075 4981 3121 5035 δ’
3158 4983 3226 5037 ἀν
3255 4983 3605 5056 εύκολωτέρα
3635 4989 3725 5055 γέ-

2146 5067 2274 5119 νοιτ’
2305 5064 2373 5119 ἀν
2401 5065 2534 5136 ἡμῖν
2570 5065 2664 5118 καὶ
2720 5066 2753 5132 ὴ
2789 5065 2899 5118 τῶν
2936 5064 3138 5118 λοιπῶν
3170 5063 3406 5136 εὕρεσις.
3433 5067 3612 5138 Μηδὲ,
3641 5071 3724 5123 ὃτι

2146 5148 2493 5220 χειροτέχνης
2531 5143 2600 5211 εἷ,
2641 5147 2928 5218 ἀλλοτρίαν
2957 5148 3056 5219 τὴν
3083 5148 3314 5219 μελέτην
3336 5148 3538 5222 ταύτην
3581 5147 3722 5207 εῖναι

2145 5233 2352 5303 νόμιζε.
2391 5235 2502 5288 Kal
2541 5235 2650 5304 7&9
2691 5233 2901 5296 Παῦλος
2952 5234 3272 5304 σκηνοποιὸς
3325 5229 3416 5306 ἦν,
3445 5235 3587 5290 ἀλλά
3630 5233 3726 5289 καὶ

2145 5318 2348 5389 πολλῆς
2401 5317 2706 5388 ἐνεπλήσθη
2759 5317 2879 5371 τότε
2937 5317 3178 5388 χάριτος,
3243 5319 3400 5390 φησί,
3468 5320 3724 5373 κάκεῖθεν

2143 5403 2356 5458 ἅπαντα
2389 5402 2704 5470 ἐφθέγγετο.
2746 5401 2904 5454 Ἀλλὰ
2933 5400 3029 5454 καὶ
3056 5400 3163 5474 πρὸ
3192 5400 3288 5471 τῆς
3312 5401 3533 5473 χάριτος
3570 5407 3724 5475 παρά

2141 5486 2266 5548 τοὺς
2297 5485 2463 5548 πόδας
2517 5485 2859 5556 Γαμαλιήλου
2902 5479 2992 5554 ἦν·
3042 5484 3136 5536 xal
3186 5484 3285 5553 τὴν
3337 5485 3498 5554 χάριν
3533 5484 3592 5536 δὲ
3637 5485 3723 5538 διὰ

2142 5568 2298 5621 τοῦτο
2335 5569 2549 5634 ἐλαϐεν,
2576 5567 2763 5638 ἐπειδὴ
2788 5566 3012 5636 γνώμην
3040 5565 3198 5632 ἀξίαν
3243 5567 3341 5635 τῆς
3368 5568 3590 5636 χάριτος
3629 5570 3722 5622 ἐπ-

2143 5651 2403 5720 εδείξατο,
2435 5652 2529 5706 καὶ
2559 5651 2697 5723 μετά
2725 5649 2899 5704 ταῦτα.
2927 5650 3087 5702 πάλιν
3123 5649 3221 5718 τὴν
3248 5650 3441 5718 τέχνην
3473 5651 3722 5720 μετεχεί-

2209 5847 2236 5886 (ί
2260 5847 2342 5907 Sit;
2380 5847 2503 5907 Reg.
2511 5883 2525 5907 ,
2551 5843 2754 5906 optime.
2777 5841 2954 5907 _Edili,
2980 5844 3150 5907 χειρῶν
3179 5845 3718 5907 καταδουλωσαμένων.

2158 5922 2179 5952 ε
2206 5899 2543 5975 uqebamr'dz'v
2567 5899 2675 5969 ῥοδι
2712 5899 2950 5954 ἐδόκουν(
2981 5899 3015 5942 ’ῖ
3050 5899 3312 5971 Legebalur
3351 5899 3658 5963 ὑπαγόντων.
