3864 6216
90 236 176 293 4⁵
732 282 733 285 γ
1220 235 1284 290 IN
1322 235 1579 291 EPISTJ
1628 239 1721 296 an
1757 240 1912 300 eoa.
1942 242 2257 303 HOMIL.V.
3315 261 3379 318 te

92 352 495 423 exspectarent
538 365 598 405 se
641 366 737 419 per
777 349 927 407 illum
967 358 1309 419 superaturos
1347 352 1506 406 esse?
1535 351 1695 422 Atqui

95 446 447 501 contrarium
475 445 891 514 exspectandum
919 451 1053 512 erat,
1079 442 1439 515 quia,etiamsi
1481 458 1703 514 supera-

100 537 221 591 turi
272 544 455 592 essent
475 576 491 600 ,
525 536 809 604 periissent
836 534 1136 603 deceptoris
1160 550 1355 589 nomen
1388 536 1439 589 in
1466 535 1698 590 medium

93 627 427 683 aﬂ'erentes.
472 625 565 683 Sin
595 634 770 680 autem
802 624 1047 680 volebant
1069 624 1247 694 priora
1276 626 1547 680 occultare
1569 664 1587 690 ,
1619 634 1700 678 ta-

94 735 248 776 cere
288 719 573 790 oportebat
600 734 614 770 :
646 733 768 772 nam
812 717 1091 773 decertare
1125 717 1295 787 magis
1323 718 1611 772 excitasset
1646 725 1702 772 et

94 812 325 868 bellum
353 822 406 868 et
434 812 622 867 risum.
654 809 807 865 Unde
833 823 964 879 ergo
996 809 1143 863 venit
1172 809 1278 862 illis
1300 810 1355 863 in
1384 817 1617 862 mentem
1645 817 1703 861 nt

94 904 238 961 haec
270 902 676 973 conﬁngerent?
705 918 826 956 nam
857 901 953 956 illa
989 917 1108 970 qua:
1144 901 1244 972 ipsi
1273 899 1572 965 audierant,
1602 916 1706 954 ex-

92 995 385 1052 ciderant.
434 994 587 1064 Quod
638 995 685 1048 si
720 1008 840 1048 cum
887 992 1066 1047 nullus
1108 1000 1254 1048 esset
1291 992 1473 1058 timor,
1503 991 1699 1046 multo-

92 1104 239 1144 rum
266 1087 734 1151 obliviscebantur,
764 1093 818 1139 et
849 1083 1090 1154 quredam
1143 1098 1249 1138 non
1295 1082 1660 1152 intelligebant
1680 1122 1696 1148 ,

92 1182 187 1236 ait.
245 1180 614 1250 evangelista,
664 1187 811 1232 tanto
871 1177 1183 1231 imminente
1245 1176 1520 1246 periculo,
1571 1190 1703 1245 quo-

94 1275 284 1329 modo
334 1290 441 1329 non
472 1272 651 1327 omnia
679 1271 747 1326 ab
790 1270 896 1325 illis
939 1269 1285 1325 avolassent?
1316 1271 1380 1324 Et
1407 1269 1532 1339 quid
1581 1267 1702 1323 dico

92 1365 308 1429 verba,
339 1380 461 1420 eum
492 1363 726 1418 futurum
774 1370 937 1426 esset,
971 1370 1028 1415 ut
1078 1358 1319 1430 magistri
1361 1374 1514 1414 amor
1555 1367 1701 1411 metu

94 1457 427 1513 futurorum
458 1455 655 1510 sensim
678 1452 1064 1508 marcesceret?
1092 1450 1233 1520 quod
1269 1450 1430 1505 etiam
1456 1448 1585 1519 ipsis
1604 1462 1703 1502 ex-

92 1549 425 1619 probravit.
454 1546 587 1602 Nam
622 1560 743 1601 cum
770 1552 925 1598 antea
954 1542 1165 1613 quidem
1188 1541 1257 1595 ab
1288 1540 1381 1596 illo
1412 1538 1703 1610 pendentes

98 1640 439 1711 frequenter
486 1639 895 1707 interrogarent,
925 1634 1044 1700 Quo
1070 1633 1257 1689 vadis?
1287 1642 1470 1702 postea
1497 1639 1699 1697 autem,

91 1746 240 1787 eum
272 1732 466 1801 longos
487 1729 653 1784 texuit
668 1742 968 1792 sermones,
994 1726 1131 1780 mala
1152 1738 1409 1780 enarrans
1434 1738 1551 1793 quae
1571 1729 1704 1777 tem-

92 1836 251 1890 pore
280 1822 461 1876 crucis
480 1819 625 1889 ipsos
642 1820 886 1873 invasura
912 1826 1088 1882 erant,
1109 1816 1407 1885 deindeque
1431 1822 1579 1870 metu
1602 1812 1703 1868 de-

91 1912 201 1966 ﬁxi
232 1928 363 1967 cum
388 1911 597 1966 hiantes
622 1909 699 1964 illi
723 1916 1021 1974 manerent,
1049 1908 1175 1963 audi
1200 1906 1467 1976 quomodo
1492 1906 1573 1962 eis
1600 1904 1705 1960 hoc

91 2002 363 2072 proferat
390 2001 575 2056 dicens
607 2020 621 2056 :
656 1999 823 2053 Nemo
849 2014 912 2054 ea:
950 1998 1089 2053 vobis
1116 1999 1394 2067 interrogat
1423 2013 1535 2062 me,
1592 1997 1704 2063 Quo

86 2097 254 2150 vadis
266 2096 294 2150 ?
308 2095 401 2150 sed
422 2095 541 2166 quia
567 2094 672 2148 lucc
696 2093 930 2163 loquutus
957 2108 1070 2145 sum
1088 2090 1243 2155 vobis,
1264 2090 1464 2145 tristitia
1480 2088 1703 2157 implevit

89 2203 192 2241 cor
222 2197 451 2240 vestrum
470 2183 648 2255 (Joan.
665 2183 756 2239 16.
776 2184 829 2239 5.
848 2182 994 2253 6).Si
1017 2196 1149 2252 ergo
1168 2190 1537 2249 exspectantes
1555 2180 1703 2235 illum

90 2278 434 2331 moriturum
452 2284 504 2330 et
520 2282 940 2329 resurrecturum
952 2287 1089 2336 esse,
1109 2272 1179 2325 ita
1191 2270 1460 2334 dolebant;
1474 2270 1518 2324 si
1532 2284 1705 2324 resur-

85 2376 328 2439 gentem
357 2368 505 2421 illum
530 2382 634 2419 non
658 2364 935 2429 vidissent,
964 2362 1233 2433 quomodo
1258 2378 1365 2417 non
1398 2361 1700 2431 periissent,

86 2470 150 2513 et
178 2459 240 2513 in
275 2459 450 2528 ipsam
496 2467 691 2510 terram
722 2454 915 2509 suﬁ‘odi
943 2469 1047 2509 non
1085 2452 1452 2520 studuissent,
1487 2461 1597 2506 tum
1635 2468 1700 2507 ex

86 2566 354 2607 inm-rore
396 2549 615 2615 fraudis,
648 2556 758 2603 tum
795 2563 860 2603 ex
888 2548 1081 2602 timore
1125 2544 1422 2600 futurorum
1454 2545 1703 2600 obsessi?

168 2643 233 2697 5.
264 2640 424 2697 Unde
442 2649 617 2695 autem
634 2648 687 2694 et
707 2637 953 2693 sublimia
974 2637 1082 2691 illis
1097 2636 1375 2708 dogmata?
1390 2635 1701 2691 sublimiora

87 2734 254 2788 enim
278 2733 429 2802 ipsos
450 2739 630 2801 postea
654 2730 931 2784 audituros
949 2743 1071 2784 esse
1092 2728 1255 2783 dixit:
1277 2742 1399 2781 nam
1419 2726 1602 2794 Multa,
1622 2726 1702 2781 in-

87 2846 123 2898 q
133 2826 246 2892 uit,
264 2825 427 2879 habeo
442 2825 573 2879 vobis
585 2824 767 2889 dicere,
783 2822 873 2877 sed
882 2838 984 2876 non
997 2822 1199 2892 potestis
1213 2831 1415 2892 portare
1430 2820 1578 2875 modo
1592 2818 1697 2893 (Ib.

88 2936 141 2974 υ.
155 2922 179 2975 1
192 2920 287 2991 2).
304 2918 397 2972 Illa
410 2917 571 2988 igitur
584 2932 700 2988 que
717 2929 822 2971 non
842 2915 1177 2983 dicebantur,
1198 2914 1507 2970 sublimiora
1525 2923 1698 2971 erant.

90 3011 265 3066 Unus
314 3020 494 3063 autem
536 3024 602 3061 ex
630 3006 911 3077 discipulis
955 3020 1055 3060 nec
1095 3006 1150 3060 in
1191 3004 1427 3060 Judaaam
1458 3020 1577 3059 eum
1606 3004 1701 3060 illo

89 3103 265 3157 abire
291 3100 546 3166 volebat,
590 3106 868 3169 postquam
898 3097 1133 3167 pericula
1155 3096 1396 3162 audivit;
1425 3096 1520 3152 sed
1549 3096 1698 3152 dice-

91 3195 219 3259 bat,
260 3191 509 3246 Abeamus
536 3199 584 3243 et
608 3206 730 3255 nos,
772 3198 826 3242 ut
868 3188 1144 3242 moriamur
1185 3203 1301 3241 cum
1345 3187 1438 3241 illo
1464 3185 1573 3258 (Id.
1606 3188 1695 3242 Η.

92 3286 169 3341 16
192 3289 261 3356 );
311 3298 456 3353 aegre
492 3281 670 3337 ferens
708 3279 850 3350 quod
893 3295 953 3335 se
991 3279 1309 3334 moriturum
1341 3286 1696 3348 exspectaret.

91 3378 269 3445 Quod
298 3376 349 3431 si
378 3390 498 3431 cum
529 3375 623 3429 illo
649 3388 872 3429 versans
892 3388 952 3429 se
972 3372 1289 3427 moriturum
1318 3370 1694 3441 exspectabat,

91 3474 351 3541 ideoque
393 3469 718 3540 refugiebat;
758 3467 960 3537 absque
1000 3482 1067 3524 eo
1106 3476 1159 3523 et
1186 3468 1398 3521 caeteris
1422 3466 1696 3536 discipulis

89 3567 236 3636 quid
288 3582 398 3620 non
438 3573 563 3619 tunc
601 3579 661 3618 se
716 3578 993 3632 passurum
1031 3562 1427 3631 exspectasset?
1470 3561 1538 3615 Et
1583 3576 1699 3615 ma-

89 3676 277 3732 gnum
336 3661 439 3714 hoc
494 3658 683 3713 fuisset
732 3655 1073 3725 impudentia:
1123 3665 1513 3723 argumentum.
1561 3654 1698 3721 Quid

89 3768 236 3823 ergo
296 3751 460 3805 etiam
522 3749 805 3803 dicendum
860 3747 1128 3802 habebant
1186 3747 1498 3801 exeuntes?
1566 3746 1697 3801 Nam

90 3844 424 3912 passionem
478 3839 692 3910 quidem
762 3837 964 3893 sciebat
1024 3837 1303 3891 universus
1373 3835 1520 3891 orbis
1576 3853 1589 3887 :
1645 3837 1698 3891 in

88 3937 213 3990 alto
262 3934 468 4004 quippe
519 3932 755 4002 patibulo
799 3945 1092 4000 suspensus
1134 3931 1323 3997 fuerat,
1356 3928 1409 3983 in
1452 3928 1695 3995 meridie,

90 4028 146 4081 in
215 4024 553 4093 metropoli,
586 4031 642 4078 et
684 4024 740 4076 in
783 4022 1017 4076 maximo
1063 4020 1151 4076 die
1207 4019 1365 4087 festo,
1415 4028 1470 4075 et
1516 4035 1544 4073 ιι
1593 4036 1699 4091 quo

93 4116 355 4171 maxime
388 4130 491 4168 non
531 4114 724 4170 licebat
763 4113 1065 4183 quempiam
1088 4113 1277 4167 abesse
1307 4131 1321 4167 :
1350 4115 1699 4169 resurrectio-

93 4224 230 4263 nem
259 4221 397 4261 rcro
419 4205 593 4260 nullus
620 4205 821 4260 sciebat
842 4213 1164 4269 exterorum,
1188 4204 1329 4274 quod
1352 4219 1456 4258 non
1478 4220 1698 4274 parvum

93 4304 211 4359 illis
239 4309 372 4357 erat
390 4300 849 4369 impedimentum,
873 4306 931 4354 ut
946 4314 1014 4353 ne
1036 4298 1437 4368 persuaderent.
1462 4298 1533 4352 Et
1557 4298 1699 4368 quod

93 4403 258 4450 esset
294 4392 543 4462 sepultus
578 4391 814 4445 omnium
852 4405 1070 4445 rumore
1109 4389 1414 4453 ferebatur;
1455 4390 1701 4460 quodque

92 4484 371 4553 discipuli
415 4498 609 4553 corpus
649 4482 807 4537 furati
849 4490 1049 4548 essent,
1100 4480 1297 4535 milites
1342 4496 1464 4536 cum
1500 4481 1700 4537 ludatis

93 4577 370 4634 omnibus
397 4576 646 4630 dicebant
675 4593 687 4629 :
720 4574 859 4645 quod
901 4583 1080 4629 autem
1108 4575 1521 4639 resurrexisset,
1553 4584 1703 4632 exte-

94 4682 296 4723 rorum
349 4680 511 4720 nemo
540 4665 761 4721 sciebat.
792 4664 1069 4720 Undenam
1108 4665 1525 4735 exspectabant,
1557 4681 1616 4721 se
1643 4667 1698 4722 id

93 4760 196 4813 toti
234 4757 361 4814 orbi
394 4771 740 4827 persuasuros
765 4756 918 4812 esse?
947 4756 1006 4811 Si
1034 4756 1175 4811 enim
1206 4766 1335 4825 post.
1366 4756 1507 4811 edita
1531 4758 1699 4813 mira-

93 4852 225 4905 cula
256 4848 507 4919 persuasi
527 4846 740 4902 fuerunt
755 4848 973 4915 milites,
991 4855 1051 4903 ut
1069 4848 1336 4902 contraria
1356 4857 1697 4916 testarentur,

96 4940 388 4994 undenam
441 4945 750 5007 sperassent
791 4936 841 4990 hi
888 4953 949 4993 se
993 4937 1111 4993 sine
1141 4937 1410 4993 miraculis
1439 4938 1700 5009 praedica-

98 5041 262 5086 turus
295 5044 438 5093 esse,
468 5044 533 5084 ac
561 5045 628 5085 ne
656 5029 871 5084 obolum
903 5029 1120 5100 quidem
1151 5031 1433 5097 habentes,
1464 5040 1619 5087 terrm
1644 5042 1701 5089 et

94 5123 238 5176 mari
282 5119 353 5174 de
407 5120 803 5174 resurrectione
852 5135 1207 5189 persuasuros
1250 5122 1412 5177 esse?
1451 5121 1604 5190 Quod
1654 5123 1700 5177 si

96 5226 165 5266 ex
218 5210 422 5280 gloria:
468 5224 651 5264 amore
681 5209 782 5265 hoc
811 5210 1064 5265 fecissent
1087 5252 1104 5277 ,
1143 5211 1313 5266 multo
1342 5213 1508 5283 magis
1533 5228 1701 5268 unus-

96 5304 340 5373 quisque
368 5300 563 5372 dogma
593 5302 691 5356 sibi
720 5302 1069 5367 attribuisset,
1111 5318 1217 5357 non
1243 5304 1292 5359 ei
1321 5304 1410 5374 qui
1451 5305 1700 5361 decesse-

99 5405 204 5447 rat.
255 5395 332 5447 At
389 5407 496 5446 non
537 5392 891 5449 credidissent
928 5393 1034 5448 illis
1068 5394 1351 5450 homines?
1379 5395 1446 5449 Et
1470 5395 1538 5452 de
1562 5411 1699 5467 quo-

98 5498 227 5537 nam
279 5483 455 5552 magis
509 5483 863 5539 credidissent
914 5484 1235 5540 audientes?
1273 5485 1340 5541 de
1386 5486 1551 5545 illone
1607 5490 1698 5559 qui

100 5572 541 5641 comprehensus
589 5584 642 5629 et
685 5576 972 5630 crucifixus
1018 5575 1212 5644 fuerat,
1268 5592 1335 5631 an
1363 5576 1430 5633 de
1460 5578 1566 5634 illis
1609 5581 1699 5652 qui

105 5664 427 5724 Judmorum
481 5682 671 5724 manus
716 5667 1049 5740 ell'ugerant?
1098 5671 1207 5725 Cur
1257 5679 1461 5741 autem,
1493 5690 1696 5747 quzrso,

1812 356 1913 412 hoc
1951 360 2138 417 facturi
2182 363 2375 418 erant?
2426 381 2533 422 non
2578 370 2756 425 statim
2784 371 3021 429 Judaeam
3052 375 3383 435 dimittentes

1809 464 2071 509 venerunt
2088 456 2138 509 in
2157 466 2406 513 externas
2420 461 2685 529 civitates,
2710 463 2802 518 sed
2824 465 2964 522 intus
2990 470 3344 526 versabantur
3359 473 3385 527 ?

1810 541 2089 610 Quomodo
2135 557 2311 603 autem
2361 554 2772 622 persuasissent,
2830 558 2930 612 nisi
2984 558 3130 628 signa
3177 561 3381 617 edidis-

1807 636 1971 689 sent?
2018 636 2073 693 Si
2105 638 2372 696 l‘aciebant
2400 644 2637 713 quidem,
2669 655 2724 701 et
2750 648 2932 717 utique
2963 650 3244 717 faciebant,
3282 653 3376 708 Dei

1806 728 1980 783 virtus
2007 741 2124 786 erat
2151 733 2204 787 id
2248 735 2390 805 quod
2415 736 2607 792 ﬁebat:
2636 739 2681 792 si
2720 752 2898 795 autem
2946 758 3050 796 non
3092 743 3379 813 faciebant,
3468 790 3469 793 η

1808 828 1862 875 et
1885 828 2058 875 tamen
2090 824 2390 891 vincebant,
2438 827 2594 897 longe
2625 830 2918 887 mirabilius
2942 842 3058 888 erat
3085 834 3235 889 illud.
3270 836 3379 890 An-

1808 925 1913 965 non
1936 912 2148 968 Judreos
2176 926 2454 984 noverant,
2503 934 2684 989 quaeso
2717 933 2788 987 te,
2834 934 2886 976 et
2923 923 3113 978 malam
3142 925 3378 994 ipsorum

1807 1010 2063 1068 mentem,
2093 1004 2394 1075 invidiaque
2425 1008 2639 1077 plenum
2660 1012 2938 1067 animum?
2970 1013 3184 1069 Etenim
3225 1017 3375 1090 Moy-

1807 1108 1900 1149 sen
1935 1094 2254 1163 lapidarunt,
2285 1109 2566 1170 postquam
2599 1118 2747 1159 mare
2772 1105 2991 1175 pedibus
3017 1109 3372 1177 transierant,

1810 1196 1927 1253 post
1955 1186 2228 1241 victoriam
2258 1198 2312 1244 et
2338 1198 2596 1260 tropmum
2627 1194 2753 1249 illud
2785 1197 3046 1263 mirabile,
3079 1198 3220 1269 quod
3246 1202 3371 1256 abs-

1807 1292 1912 1345 que
1940 1279 2198 1347 sanguine
2215 1295 2308 1349 per
2337 1296 2524 1337 manus
2539 1284 2655 1353 ejus
2677 1296 2964 1342 erexerunt
2990 1287 3060 1344 de
3091 1289 3378 1361 Egyptiis,

1807 1368 1894 1435 qui
1927 1368 2046 1421 illos
2072 1369 2123 1422 in
2153 1373 2461 1426 servitutem
2497 1374 2837 1444 redegerant,
2870 1386 2989 1446 post
3021 1394 3234 1445 manna,
3257 1393 3378 1452 post

1809 1466 1985 1525 petras
2015 1468 2069 1513 et
2095 1459 2374 1514 ﬂuviorum
2403 1461 2577 1517 fontes
2607 1465 2729 1520 inde
2753 1476 3052 1534 manantes,
3088 1480 3209 1538 post
3236 1473 3382 1528 mille

1808 1548 2060 1602 miracula
2091 1550 2141 1603 in
2166 1550 2419 1622 IEgypto,
2446 1553 2496 1606 in
2522 1554 2654 1608 mari
2685 1555 2888 1621 Rubro,
2914 1557 2967 1612 in
2997 1558 3211 1614 deserto
3240 1578 3253 1615 :
3287 1561 3382 1617 Je-

1808 1638 2029 1692 remiam
2074 1639 2125 1693 in
2166 1640 2338 1695 lacum
2385 1643 2703 1711 injecerunt,
2750 1656 2807 1701 et
2851 1648 3049 1704 multos
3092 1651 3381 1722 prophetas

1808 1728 2209 1785 interfecerunt.
2263 1732 2398 1787 Audi
2448 1737 2573 1804 quid
2623 1737 2766 1793 dicat
2813 1739 2992 1796 llelias
3022 1753 3143 1811 post
3186 1743 3380 1799 famem

1810 1821 1953 1876 illam
1998 1824 2313 1888 terribilem,
2366 1836 2422 1880 et
2465 1827 2764 1883 mirabilem
2795 1832 3049 1900 pluviam,
3096 1844 3150 1888 et
3178 1835 3383 1905 lampao

1808 1916 1927 1970 dem
1956 1917 2121 1981 illam,
2158 1933 2314 1985 quam
2336 1921 2404 1974 de
2423 1920 2566 1975 cadis
2591 1921 2919 1980 descendere
2940 1927 3162 1993 curavit,
3190 1936 3243 1982 et
3266 1939 3382 1983 stu-

1810 2008 2040 2078 pendunt
2063 2009 2188 2062 illud
2211 2009 2610 2077 holocaustum;
2644 2015 2826 2083 procul
2851 2017 2918 2071 ab
2946 2032 3131 2072 eorum
3159 2021 3380 2089 regione

1809 2100 2011 2166 cjectus
2052 2099 2330 2166 :Domine,
2359 2102 2631 2171 prophetas
2679 2112 2790 2159 tuos
2836 2106 3149 2173 occiderunt,
3197 2108 3385 2164 altaria

1809 2198 1896 2242 tua
1935 2190 2199 2242 diruerant
2219 2209 2238 2254 ,-
2280 2200 2327 2243 et
2371 2207 2461 2263 ego
2496 2193 2704 2249 relictus
2740 2212 2852 2250 sum
2889 2196 3047 2263 solus,
3078 2206 3127 2252 et
3154 2210 3385 2269 quierunt

1808 2279 2030 2332 quintam
2052 2296 2215 2333 meam
2234 2282 2310 2349 (5.
2334 2280 2462 2351 Reg.
2480 2283 2567 2337 ti).
2596 2282 2704 2356 10).
2736 2286 2894 2355 Atqui
2921 2286 2956 2341 ii
2986 2288 3130 2359 leges
3148 2304 3252 2343 non
3280 2290 3383 2344 im-

1810 2372 2100 2426 mutahant.
2127 2372 2279 2429 Unde
2308 2389 2453 2445 ergo,
2478 2391 2681 2446 quaeso,
2713 2377 2797 2432 his
2815 2379 3024 2434 animus
3051 2379 3385 2438 adhibendus

1807 2465 1968 2519 erat?
2014 2480 2137 2519 nam
2171 2468 2409 2522 omnium
2446 2468 2691 2524 vilissimi
2735 2480 2924 2538 erant;
2968 2481 3127 2544 atque
3155 2489 3217 2528 ea
3266 2474 3377 2543 ipsa

1806 2555 2155 2623 innovabant,
2184 2557 2255 2612 ob
2282 2573 2402 2628 qua:
2428 2559 2741 2630 Magistrum
2770 2561 2940 2618 Judaei
2971 2564 3374 2620 cruciﬁxerant.

1805 2647 2052 2717 Alioquin
2081 2662 2212 2703 vero
2250 2663 2356 2704 non
2403 2659 2511 2705 tam
2546 2667 2708 2722 grave
2740 2654 3025 2710 videbatur
3048 2670 3189 2723 esse,
3235 2658 3379 2727 quod

1804 2738 2049 2795 Christus
2087 2749 2143 2796 et
2189 2740 2265 2796 illi
2309 2741 2496 2797 eadem
2535 2744 2802 2801 dicerent.
2831 2745 2964 2802 Nam
2988 2747 3137 2802 illum
3164 2748 3379 2819 quidem

1805 2828 1944 2885 forte
1962 2830 2215 2900 putabant
2239 2831 2359 2886 ideo
2378 2833 2429 2886 id
2456 2833 2665 2900 iecisse,
2692 2845 2749 2890 ut
2767 2836 2867 2890 sibi
2886 2839 3107 2907 gloriam
3134 2849 3380 2909 pareret;

1805 2921 1925 2976 illos
1949 2930 2129 2976 autem
2159 2922 2320 2977 etiam
2352 2925 2521 2994 magis
2548 2924 2816 2991 odissent,
2856 2943 2977 2982 cum
3002 2943 3097 2998 pro
3124 2929 3230 2984 alio
3249 2945 3381 2984 Cuti-

1807 3020 1885 3066 tra
1913 3026 1973 3066 se
2001 3012 2197 3067 bellum
2220 3026 2488 3083 gererent.
2520 3014 2626 3069 Sed
2649 3030 2807 3085 Opem
2839 3018 2942 3072 illis
2968 3018 3211 3073 ferebant
3232 3023 3376 3092 leges

1804 3104 2209 3160 Romanorum?
2233 3104 2343 3159 lmo
2368 3106 2436 3160 ab
2463 3106 2569 3161 illis
2593 3108 2770 3177 magis
2796 3109 3221 3178 impediebantur
3250 3130 3262 3167 :
3292 3114 3377 3167 di-

1803 3197 1995 3251 cebant
2014 3197 2179 3262 enim,
2215 3195 2415 3263 Omnis,
2445 3198 2531 3266 qui
2558 3213 2612 3252 se
2632 3199 2797 3269 ipsum
2821 3216 2987 3271 regem
3008 3202 3149 3270 facit,
3180 3220 3280 3259 non
3305 3216 3381 3259 est

1802 3290 1996 3343 amicus
2016 3287 2230 3343 Cwsaris
2260 3288 2436 3357 (Joan.
2470 3288 2554 3344 l9.
2585 3288 2696 3362 12).
2725 3291 3060 3362 Quapropter
3086 3294 3185 3349 hoc
3206 3295 3379 3357 solum

1804 3381 2061 3451 impedire
2085 3389 2313 3451 poterat,
2341 3382 2591 3451 quoniam
2616 3383 2755 3452 eius,
2783 3385 2875 3454 qui
2907 3394 3162 3457 tyrannus
3185 3388 3375 3448 existi-

1802 3483 1976 3526 matus
2016 3471 2204 3538 fuerat,
2249 3472 2495 3543 discipuli
2542 3485 2724 3539 erant,
2756 3484 2811 3531 et
2856 3493 2943 3531 res
2976 3477 3092 3548 ejus
3125 3480 3379 3537 volebant

1804 3564 2039 3618 ﬁrmare.
2090 3563 2226 3630 Quid
2258 3578 2386 3634 ergo
2415 3564 2626 3618 tandem
2656 3566 2775 3621 illos
2805 3568 2976 3622 erexit
3002 3571 3202 3635 animo,
3243 3581 3301 3625 nt
3325 3573 3378 3627 in

1805 3665 1948 3711 tanta
1978 3656 2213 3727 pericula
2242 3656 2574 3712 inciderent?
2606 3659 2729 3729 quid
2759 3670 2934 3715 autem
2963 3662 3030 3716 de
3058 3663 3148 3717 illo
3191 3664 3375 3721 dicen-

1804 3757 1904 3815 tes,
1944 3749 2265 3803 videbantur
2314 3748 2418 3803 ﬁde
2456 3748 2638 3819 digni?
2681 3752 2821 3820 quod
2867 3753 3152 3810 cruciﬁxus
3189 3757 3381 3811 esset?

1804 3841 1943 3911 quod
1974 3856 2039 3895 ex
2068 3841 2289 3895 muliere
2312 3855 2544 3909 paupere
2567 3840 2748 3896 Judaea
2771 3853 2924 3898 natus
2951 3855 3115 3913 esset,
3143 3864 3260 3919 quae
3285 3850 3381 3905 de-

1803 3940 2054 4000 sponsata
2094 3931 2267 3985 fuerat
2310 3931 2497 3987 Judzeo
2546 3932 2737 3987 fabro?
2774 3936 2913 4003 quod
2938 3953 3005 3993 ex
3046 3949 3204 4009 gente
3237 3953 3381 3998 esset

1804 4025 1919 4080 orbi
1948 4024 2173 4079 odiosa?
2203 4024 2400 4079 Verum
2440 4023 2556 4080 haec
2582 4026 2759 4080 omnia
2795 4042 2899 4082 non
2932 4031 3091 4086 modo
3118 4047 3224 4087 non
3252 4045 3375 4104 apta

1805 4125 1958 4172 erant
1985 4116 2050 4171 ad
2076 4116 2479 4187 persuadendos
2512 4127 2567 4173 et
2605 4120 2917 4178 alliciendos
2961 4124 3254 4195 auditores,
3284 4129 3379 4184 sed

1804 4209 1869 4265 ad
1909 4224 2096 4264 omnes
2142 4208 2423 4264 adversum
2472 4210 2821 4268 concitandos
2860 4213 3091 4282 idonea;
3145 4221 3382 4277 maxime

1805 4308 1981 4355 autem
2011 4314 2039 4354 a
2078 4301 2430 4355 tentoriorum
2470 4303 2676 4358 artifice
2727 4312 2782 4359 et
2827 4320 2857 4358 a
2906 4307 3172 4376 piscatore
3213 4311 3375 4369 dicta.

1805 4393 1997 4445 Annon
2044 4390 2160 4446 haec
2200 4391 2377 4445 omnia
2418 4392 2472 4446 in
2517 4404 2749 4449 mentem
2783 4410 3040 4452 venerunt
3067 4400 3383 4473 discipulis?

1805 4498 1928 4537 nam
1959 4482 2156 4536 timidm
2186 4491 2389 4537 naturae
2420 4483 2570 4553 plura
2597 4501 2754 4555 quam
2781 4487 2888 4542 sint
2916 4503 3139 4559 possunt
3168 4496 3377 4550 conﬁn-

1803 4589 1933 4644 gere
1964 4592 1977 4626 :
2012 4573 2145 4627 tales
2170 4582 2322 4627 erant
2347 4573 2561 4628 illorum
2592 4585 2812 4632 natura).
2858 4579 3132 4636 Undenam
3160 4599 3288 4655 ergo
3323 4603 3385 4643 se

1804 4674 1951 4721 recte
1972 4673 2184 4719 acturos
2206 4666 2521 4734 sperarunt?
2546 4665 2657 4721 lmo
2678 4683 2782 4723 non
2805 4682 3128 4741 Sperassent,
3150 4691 3269 4731 eum
3301 4679 3383 4733 in-

1804 4771 2025 4812 numera
2046 4763 2228 4811 essent
2249 4771 2366 4825 qua:
2390 4756 2509 4812 illos
2540 4757 2889 4829 abducerent,
2918 4765 3018 4820 nisi
3049 4770 3378 4828 resurrexisa

1806 4856 1888 4903 set
1908 4846 2167 4903 Christus.

1876 4940 1929 4997 6.
1970 4942 2163 4995 Annon
2210 4940 2384 5010 palam
2432 4950 2515 4997 est
2561 4944 2647 4999 vel
2691 4946 3041 5018 stultissimis,
3093 4955 3234 5022 quod
3275 4957 3384 5011 nisi

1805 5031 2028 5087 uberem
2065 5040 2120 5086 et
2164 5047 2411 5101 magnam
2452 5038 2767 5107 consequuti
2811 5051 2993 5096 essent
3040 5046 3286 5115 gratiam,
3325 5060 3381 5104 et

1806 5123 2027 5193 pignora
2067 5123 2396 5193 accepissent
2446 5132 2871 5197 resurrectionis,
2917 5151 3021 5190 non
3064 5139 3221 5193 modo
3262 5140 3381 5199 hare

1808 5230 1915 5269 non
1964 5230 2123 5284 agere
2148 5223 2203 5269 et
2227 5217 2522 5288 suscipere,
2552 5221 2646 5275 sed
2679 5238 2747 5278 ne
2772 5226 3010 5295 cogitare
3035 5231 3244 5299 quidem
3277 5250 3376 5303 po.-

1808 5307 2076 5362 tuissent?
2101 5305 2158 5362 Si
2185 5309 2325 5362 enim
2360 5318 2437 5364 tot
2461 5312 2836 5381 impedimenta
2879 5331 3077 5387 essent,
3113 5338 3217 5378 non
3260 5325 3384 5381 dico

1807 5398 1873 5454 ad
1892 5407 2035 5454 recte
2062 5400 2344 5469 agendum,
2370 5402 2462 5457 sed
2493 5403 2558 5458 ad
2587 5408 3012 5477 consultandum,
3035 5422 3089 5468 et
3114 5418 3382 5473 consulta.

1805 5500 1931 5546 runt
1952 5500 2007 5547 et
2034 5493 2286 5563 prmelara
2313 5505 2568 5566 egerunt,
2602 5508 2655 5553 et
2687 5515 2803 5571 qua:
2849 5505 2993 5559 omni
3039 5521 3135 5577 spe
3181 5509 3384 5579 majora

1809 5594 1963 5644 erant
1991 5584 2054 5639 ad
2080 5583 2327 5640 effectum
2365 5587 2703 5645 deduxerunt
2732 5611 2746 5648 :
2782 5594 2950 5650 cuivis
2980 5598 3151 5666 palam
3181 5611 3263 5654 est
3289 5617 3382 5657 eos

1814 5693 1917 5735 nou
1950 5676 2175 5734 humana
2204 5681 2418 5747 virtute,
2450 5682 2545 5739 sed
2566 5683 2741 5741 divina
2766 5689 2936 5757 gratia
2965 5691 3141 5747 omnia
3168 5690 3382 5751 fecisse.
