  <div class='ocr_page' id='page_1' title='image "/cluster/home/n/w/nwhite01/storage/ocr_20150623/61/hvd.32044019190461/053.png"; bbox 0 0 3864 6310; ppageno 0'>
   <div class='ocr_carea' id='block_1_1' title="bbox 462 326 2995 403">
    <p class='ocr_par' dir='ltr' id='par_1_1' title="bbox 462 326 2995 403">
     <span class='ocr_line' id='line_1_1' title="bbox 462 326 2995 403; baseline 0.009 -24"><span class='ocrx_word' id='word_1_1' title='bbox 462 326 528 379; x_wconf 74' lang='grc' dir='ltr'><strong>ιτ</strong></span> <span class='ocrx_word' id='word_1_2' title='bbox 1176 330 1233 389; x_wconf 76' lang='grc' dir='ltr'><strong>ε.</strong></span> <span class='ocrx_word' id='word_1_3' title='bbox 1273 331 1549 391; x_wconf 73' lang='lat' dir='ltr'><strong>JOANNIS</strong></span> <span class='ocrx_word' id='word_1_4' title='bbox 1588 331 2059 390; x_wconf 76' lang='lat' dir='ltr'><strong>CIIRYSOSTOMI</strong></span> <span class='ocrx_word' id='word_1_5' title='bbox 2096 331 2417 397; x_wconf 72' lang='lat' dir='ltr'><strong>ABCIIIEP.</strong></span> <span class='ocrx_word' id='word_1_6' title='bbox 2458 338 2995 403; x_wconf 77' lang='lat' dir='ltr'><strong>CONSTANTINOP.</strong></span> 
     </span>
    </p>
   </div>
   <div class='ocr_carea' id='block_1_2' title="bbox 458 445 2041 518">
    <p class='ocr_par' dir='ltr' id='par_1_2' title="bbox 458 445 2041 518">
     <span class='ocr_line' id='line_1_2' title="bbox 458 445 2041 518; baseline -0.001 -17"><span class='ocrx_word' id='word_1_7' title='bbox 458 448 513 501; x_wconf 89' lang='lat' dir='ltr'><strong>In</strong></span> <span class='ocrx_word' id='word_1_8' title='bbox 542 446 627 505; x_wconf 87' lang='lat' dir='ltr'><strong>his</strong></span> <span class='ocrx_word' id='word_1_9' title='bbox 664 461 791 518; x_wconf 86' lang='lat' dir='ltr'><strong>ergo</strong></span> <span class='ocrx_word' id='word_1_10' title='bbox 818 445 1158 503; x_wconf 83' lang='lat' dir='ltr'><strong>sermonibus</strong></span> <span class='ocrx_word' id='word_1_11' title='bbox 1200 461 1299 502; x_wconf 91' lang='lat' dir='ltr'><strong>nos</strong></span> <span class='ocrx_word' id='word_1_12' title='bbox 1346 460 1720 514; x_wconf 77' lang='lat' dir='ltr'><strong>exerceamus,</strong></span> <span class='ocrx_word' id='word_1_13' title='bbox 1769 462 1875 501; x_wconf 92' lang='lat' dir='ltr'><strong>non</strong></span> <span class='ocrx_word' id='word_1_14' title='bbox 1901 445 2041 515; x_wconf 89' lang='lat' dir='ltr'><strong>apud</strong></span> 
     </span>
    </p>
   </div>
   <div class='ocr_carea' id='block_1_3' title="bbox 460 536 2043 605">
    <p class='ocr_par' dir='ltr' id='par_1_3' title="bbox 460 536 2043 605">
     <span class='ocr_line' id='line_1_3' title="bbox 460 536 2043 605; baseline -0.003 -11"><span class='ocrx_word' id='word_1_15' title='bbox 460 554 558 595; x_wconf 89' lang='lat' dir='ltr'><strong>nos</strong></span> <span class='ocrx_word' id='word_1_16' title='bbox 608 547 838 605; x_wconf 85' lang='lat' dir='ltr'><strong>tantum,</strong></span> <span class='ocrx_word' id='word_1_17' title='bbox 891 538 987 593; x_wconf 90' lang='lat' dir='ltr'><strong>sed</strong></span> <span class='ocrx_word' id='word_1_18' title='bbox 1031 553 1152 593; x_wconf 88' lang='lat' dir='ltr'><strong>cum</strong></span> <span class='ocrx_word' id='word_1_19' title='bbox 1195 537 1353 593; x_wconf 87' lang='lat' dir='ltr'><strong>aliis:</strong></span> <span class='ocrx_word' id='word_1_20' title='bbox 1401 538 1479 591; x_wconf 91' lang='lat' dir='ltr'><strong>sic</strong></span> <span class='ocrx_word' id='word_1_21' title='bbox 1517 536 1671 591; x_wconf 89' lang='lat' dir='ltr'><strong>nobis</strong></span> <span class='ocrx_word' id='word_1_22' title='bbox 1701 536 1906 592; x_wconf 82' lang='lat' dir='ltr'><strong>facilior</strong></span> <span class='ocrx_word' id='word_1_23' title='bbox 1940 539 2043 591; x_wconf 88' lang='lat' dir='ltr'><strong>erit</strong></span> 
     </span>
    </p>
   </div>
   <div class='ocr_carea' id='block_1_4' title="bbox 455 628 2037 699">
    <p class='ocr_par' dir='ltr' id='par_1_4' title="bbox 455 628 2037 699">
     <span class='ocr_line' id='line_1_4' title="bbox 455 628 2037 699; baseline -0.003 -14"><span class='ocrx_word' id='word_1_24' title='bbox 455 638 775 686; x_wconf 72' lang='lat' dir='ltr'><strong>cat-tororum</strong></span> <span class='ocrx_word' id='word_1_25' title='bbox 799 629 1054 685; x_wconf 87' lang='lat' dir='ltr'><strong>inventio.</strong></span> <span class='ocrx_word' id='word_1_26' title='bbox 1077 628 1257 699; x_wconf 83' lang='lat' dir='ltr'><strong>Neque</strong></span> <span class='ocrx_word' id='word_1_27' title='bbox 1275 629 1398 699; x_wconf 91' lang='lat' dir='ltr'><strong>quia</strong></span> <span class='ocrx_word' id='word_1_28' title='bbox 1425 643 1585 682; x_wconf 90' lang='lat' dir='ltr'><strong>manu</strong></span> <span class='ocrx_word' id='word_1_29' title='bbox 1611 636 1777 681; x_wconf 90' lang='lat' dir='ltr'><strong>artem</strong></span> <span class='ocrx_word' id='word_1_30' title='bbox 1799 641 2037 693; x_wconf 80' lang='lat' dir='ltr'><strong>exerces,</strong></span> 
     </span>
    </p>
   </div>
   <div class='ocr_carea' id='block_1_5' title="bbox 456 717 2041 789">
    <p class='ocr_par' dir='ltr' id='par_1_5' title="bbox 456 717 2041 789">
     <span class='ocr_line' id='line_1_5' title="bbox 456 717 2041 789; baseline -0.004 -13"><span class='ocrx_word' id='word_1_31' title='bbox 456 721 689 779; x_wconf 88' lang='lat' dir='ltr'><strong>alienum</strong></span> <span class='ocrx_word' id='word_1_32' title='bbox 729 720 833 775; x_wconf 90' lang='lat' dir='ltr'><strong>hoc</strong></span> <span class='ocrx_word' id='word_1_33' title='bbox 858 719 1089 775; x_wconf 90' lang='lat' dir='ltr'><strong>studium</strong></span> <span class='ocrx_word' id='word_1_34' title='bbox 1114 733 1234 775; x_wconf 86' lang='lat' dir='ltr'><strong>esse</strong></span> <span class='ocrx_word' id='word_1_35' title='bbox 1268 728 1442 789; x_wconf 91' lang='lat' dir='ltr'><strong>putes.</strong></span> <span class='ocrx_word' id='word_1_36' title='bbox 1473 718 1603 772; x_wconf 82' lang='lat' dir='ltr'><strong>Nam</strong></span> <span class='ocrx_word' id='word_1_37' title='bbox 1633 717 1824 771; x_wconf 82' lang='lat' dir='ltr'><strong>Paulus</strong></span> <span class='ocrx_word' id='word_1_38' title='bbox 1871 726 2041 771; x_wconf 84' lang='lat' dir='ltr'><strong>tento-</strong></span> 
     </span>
    </p>
   </div>
   <div class='ocr_carea' id='block_1_6' title="bbox 460 808 2041 883">
    <p class='ocr_par' dir='ltr' id='par_1_6' title="bbox 460 808 2041 883">
     <span class='ocr_line' id='line_1_6' title="bbox 460 808 2041 883; baseline -0.004 -15"><span class='ocrx_word' id='word_1_39' title='bbox 460 814 664 869; x_wconf 88' lang='lat' dir='ltr'><strong>riorum</strong></span> <span class='ocrx_word' id='word_1_40' title='bbox 688 811 867 883; x_wconf 90' lang='lat' dir='ltr'><strong>opifex</strong></span> <span class='ocrx_word' id='word_1_41' title='bbox 895 821 1045 878; x_wconf 90' lang='lat' dir='ltr'><strong>erat;</strong></span> <span class='ocrx_word' id='word_1_42' title='bbox 1076 811 1171 867; x_wconf 89' lang='lat' dir='ltr'><strong>sed</strong></span> <span class='ocrx_word' id='word_1_43' title='bbox 1219 821 1347 865; x_wconf 91' lang='lat' dir='ltr'><strong>tunc</strong></span> <span class='ocrx_word' id='word_1_44' title='bbox 1387 824 1600 880; x_wconf 90' lang='lat' dir='ltr'><strong>quoque</strong></span> <span class='ocrx_word' id='word_1_45' title='bbox 1640 809 1803 863; x_wconf 87' lang='lat' dir='ltr'><strong>multa</strong></span> <span class='ocrx_word' id='word_1_46' title='bbox 1851 808 2041 877; x_wconf 89' lang='lat' dir='ltr'><strong>plenus</strong></span> 
     </span>
    </p>
   </div>
   <div class='ocr_carea' id='block_1_7' title="bbox 456 899 2044 975">
    <p class='ocr_par' dir='ltr' id='par_1_7' title="bbox 456 899 2044 975">
     <span class='ocr_line' id='line_1_7' title="bbox 456 899 2044 975; baseline -0.004 -16"><span class='ocrx_word' id='word_1_47' title='bbox 456 914 574 960; x_wconf 90' lang='lat' dir='ltr'><strong>erat</strong></span> <span class='ocrx_word' id='word_1_48' title='bbox 600 904 791 975; x_wconf 89' lang='lat' dir='ltr'><strong>gratia,</strong></span> <span class='ocrx_word' id='word_1_49' title='bbox 820 913 979 974; x_wconf 87' lang='lat' dir='ltr'><strong>atque</strong></span> <span class='ocrx_word' id='word_1_50' title='bbox 1028 902 1153 959; x_wconf 90' lang='lat' dir='ltr'><strong>inde</strong></span> <span class='ocrx_word' id='word_1_51' title='bbox 1191 902 1371 958; x_wconf 89' lang='lat' dir='ltr'><strong>omnia</strong></span> <span class='ocrx_word' id='word_1_52' title='bbox 1400 902 1736 972; x_wconf 75' lang='lat' dir='ltr'><strong>loquebatur.</strong></span> <span class='ocrx_word' id='word_1_53' title='bbox 1790 899 1901 953; x_wconf 87' lang='lat' dir='ltr'><strong>lmo</strong></span> <span class='ocrx_word' id='word_1_54' title='bbox 1945 915 2044 953; x_wconf 89' lang='lat' dir='ltr'><strong>an-</strong></span> 
     </span>
    </p>
   </div>
   <div class='ocr_carea' id='block_1_8' title="bbox 459 991 2041 1068">
    <p class='ocr_par' dir='ltr' id='par_1_8' title="bbox 459 991 2041 1068">
     <span class='ocr_line' id='line_1_8' title="bbox 459 991 2041 1068; baseline -0.004 -16"><span class='ocrx_word' id='word_1_55' title='bbox 459 1006 512 1054; x_wconf 91' lang='lat' dir='ltr'><strong>te</strong></span> <span class='ocrx_word' id='word_1_56' title='bbox 552 998 779 1068; x_wconf 76' lang='lat' dir='ltr'><strong>gratiam</strong></span> <span class='ocrx_word' id='word_1_57' title='bbox 819 995 888 1051; x_wconf 90' lang='lat' dir='ltr'><strong>ad</strong></span> <span class='ocrx_word' id='word_1_58' title='bbox 932 995 1096 1066; x_wconf 86' lang='lat' dir='ltr'><strong>pedes</strong></span> <span class='ocrx_word' id='word_1_59' title='bbox 1125 994 1436 1051; x_wconf 88' lang='lat' dir='ltr'><strong>Gamalielis</strong></span> <span class='ocrx_word' id='word_1_60' title='bbox 1482 1003 1597 1048; x_wconf 87' lang='lat' dir='ltr'><strong>erat</strong></span> <span class='ocrx_word' id='word_1_61' title='bbox 1629 1001 1721 1047; x_wconf 87' lang='lat' dir='ltr'><strong>:et</strong></span> <span class='ocrx_word' id='word_1_62' title='bbox 1768 991 1886 1046; x_wconf 88' lang='lat' dir='ltr'><strong>ideo</strong></span> <span class='ocrx_word' id='word_1_63' title='bbox 1918 1006 2041 1059; x_wconf 88' lang='lat' dir='ltr'><strong>gra-</strong></span> 
     </span>
    </p>
   </div>
   <div class='ocr_carea' id='block_1_9' title="bbox 460 1086 2035 1160">
    <p class='ocr_par' dir='ltr' id='par_1_9' title="bbox 460 1086 2035 1160">
     <span class='ocr_line' id='line_1_9' title="bbox 460 1086 2035 1160; baseline -0.004 -15"><span class='ocrx_word' id='word_1_64' title='bbox 460 1091 588 1145; x_wconf 91' lang='lat' dir='ltr'><strong>tiam</strong></span> <span class='ocrx_word' id='word_1_65' title='bbox 617 1089 846 1160; x_wconf 83' lang='lat' dir='ltr'><strong>accepit,</strong></span> <span class='ocrx_word' id='word_1_66' title='bbox 878 1090 1001 1159; x_wconf 88' lang='lat' dir='ltr'><strong>quia</strong></span> <span class='ocrx_word' id='word_1_67' title='bbox 1031 1098 1263 1145; x_wconf 84' lang='lat' dir='ltr'><strong>mentem</strong></span> <span class='ocrx_word' id='word_1_68' title='bbox 1296 1088 1464 1159; x_wconf 89' lang='lat' dir='ltr'><strong>gratia</strong></span> <span class='ocrx_word' id='word_1_69' title='bbox 1493 1086 1708 1156; x_wconf 81' lang='lat' dir='ltr'><strong>dignam</strong></span> <span class='ocrx_word' id='word_1_70' title='bbox 1731 1086 2035 1151; x_wconf 78' lang='lat' dir='ltr'><strong>exhibebat,</strong></span> 
     </span>
    </p>
   </div>
   <div class='ocr_carea' id='block_1_10' title="bbox 452 1178 2037 1255">
    <p class='ocr_par' dir='ltr' id='par_1_10' title="bbox 452 1178 2037 1255">
     <span class='ocr_line' id='line_1_10' title="bbox 452 1178 2037 1255; baseline -0.003 -17"><span class='ocrx_word' id='word_1_71' title='bbox 452 1195 507 1238; x_wconf 90' lang='lat' dir='ltr'><strong>et</strong></span> <span class='ocrx_word' id='word_1_72' title='bbox 534 1192 721 1255; x_wconf 88' lang='lat' dir='ltr'><strong>postea</strong></span> <span class='ocrx_word' id='word_1_73' title='bbox 757 1198 944 1238; x_wconf 88' lang='lat' dir='ltr'><strong>rursus</strong></span> <span class='ocrx_word' id='word_1_74' title='bbox 967 1193 1136 1238; x_wconf 85' lang='lat' dir='ltr'><strong>artem</strong></span> <span class='ocrx_word' id='word_1_75' title='bbox 1169 1180 1472 1238; x_wconf 78' lang='lat' dir='ltr'><strong>exercebat.</strong></span> <span class='ocrx_word' id='word_1_76' title='bbox 1517 1179 1687 1234; x_wconf 88' lang='lat' dir='ltr'><strong>Nemo</strong></span> <span class='ocrx_word' id='word_1_77' title='bbox 1718 1178 1876 1249; x_wconf 81' lang='lat' dir='ltr'><strong>igitur</strong></span> <span class='ocrx_word' id='word_1_78' title='bbox 1905 1180 2037 1233; x_wconf 80' lang='lat' dir='ltr'><strong>arti-</strong></span> 
     </span>
    </p>
   </div>
   <div class='ocr_carea' id='block_1_11' title="bbox 451 1269 2035 1342">
    <p class='ocr_par' dir='ltr' id='par_1_11' title="bbox 451 1269 2035 1342">
     <span class='ocr_line' id='line_1_11' title="bbox 451 1269 2035 1342; baseline -0.001 -16"><span class='ocrx_word' id='word_1_79' title='bbox 451 1272 542 1327; x_wconf 91' lang='lat' dir='ltr'><strong>fex</strong></span> <span class='ocrx_word' id='word_1_80' title='bbox 586 1273 888 1337; x_wconf 86' lang='lat' dir='ltr'><strong>erubescat,</strong></span> <span class='ocrx_word' id='word_1_81' title='bbox 942 1273 1037 1327; x_wconf 89' lang='lat' dir='ltr'><strong>sed</strong></span> <span class='ocrx_word' id='word_1_82' title='bbox 1069 1271 1128 1338; x_wconf 90' lang='lat' dir='ltr'><strong>ii,</strong></span> <span class='ocrx_word' id='word_1_83' title='bbox 1174 1272 1265 1342; x_wconf 88' lang='lat' dir='ltr'><strong>qui</strong></span> <span class='ocrx_word' id='word_1_84' title='bbox 1306 1269 1508 1326; x_wconf 82' lang='lat' dir='ltr'><strong>frustra</strong></span> <span class='ocrx_word' id='word_1_85' title='bbox 1536 1270 1753 1323; x_wconf 89' lang='lat' dir='ltr'><strong>aluntur</strong></span> <span class='ocrx_word' id='word_1_86' title='bbox 1786 1277 1840 1323; x_wconf 91' lang='lat' dir='ltr'><strong>et</strong></span> <span class='ocrx_word' id='word_1_87' title='bbox 1877 1269 2035 1324; x_wconf 87' lang='lat' dir='ltr'><strong>otiosi</strong></span> 
     </span>
    </p>
   </div>
   <div class='ocr_carea' id='block_1_12' title="bbox 450 1361 2038 1434">
    <p class='ocr_par' dir='ltr' id='par_1_12' title="bbox 450 1361 2038 1434">
     <span class='ocr_line' id='line_1_12' title="bbox 450 1361 2038 1434; baseline -0.001 -17"><span class='ocrx_word' id='word_1_88' title='bbox 450 1371 594 1429; x_wconf 84' lang='lat' dir='ltr'><strong>sunt,</strong></span> <span class='ocrx_word' id='word_1_89' title='bbox 628 1368 718 1434; x_wconf 87' lang='lat' dir='ltr'><strong>qui</strong></span> <span class='ocrx_word' id='word_1_90' title='bbox 750 1364 931 1418; x_wconf 89' lang='lat' dir='ltr'><strong>multis</strong></span> <span class='ocrx_word' id='word_1_91' title='bbox 962 1373 1182 1417; x_wconf 91' lang='lat' dir='ltr'><strong>utuntur</strong></span> <span class='ocrx_word' id='word_1_92' title='bbox 1219 1363 1479 1417; x_wconf 87' lang='lat' dir='ltr'><strong>ministris</strong></span> <span class='ocrx_word' id='word_1_93' title='bbox 1523 1371 1578 1416; x_wconf 90' lang='lat' dir='ltr'><strong>et</strong></span> <span class='ocrx_word' id='word_1_94' title='bbox 1624 1361 1825 1432; x_wconf 78' lang='lat' dir='ltr'><strong>ingenti</strong></span> <span class='ocrx_word' id='word_1_95' title='bbox 1869 1362 2038 1416; x_wconf 88' lang='lat' dir='ltr'><strong>famu-</strong></span> 
     </span>
    </p>
   </div>
   <div class='ocr_carea' id='block_1_13' title="bbox 388 1448 2039 1525">
    <p class='ocr_par' dir='ltr' id='par_1_13' title="bbox 388 1448 2039 1525">
     <span class='ocr_line' id='line_1_13' title="bbox 388 1448 2039 1525; baseline 0.001 -16"><span class='ocrx_word' id='word_1_96' title='bbox 388 1448 389 1451; x_wconf 45' lang='grc'><em>“</em></span> <span class='ocrx_word' id='word_1_97' title='bbox 453 1456 559 1510; x_wconf 91' lang='lat' dir='ltr'><strong>latn</strong></span> <span class='ocrx_word' id='word_1_98' title='bbox 594 1454 859 1510; x_wconf 91' lang='lat' dir='ltr'><strong>fruuntur.</strong></span> <span class='ocrx_word' id='word_1_99' title='bbox 890 1454 1022 1511; x_wconf 86' lang='lat' dir='ltr'><strong>Nam</strong></span> <span class='ocrx_word' id='word_1_100' title='bbox 1057 1470 1269 1525; x_wconf 89' lang='lat' dir='ltr'><strong>semper</strong></span> <span class='ocrx_word' id='word_1_101' title='bbox 1307 1454 1635 1510; x_wconf 88' lang='lat' dir='ltr'><strong>laborantem</strong></span> <span class='ocrx_word' id='word_1_102' title='bbox 1665 1454 1758 1521; x_wconf 89' lang='lat' dir='ltr'><strong>ali,</strong></span> <span class='ocrx_word' id='word_1_103' title='bbox 1801 1454 2039 1523; x_wconf 84' lang='lat' dir='ltr'><strong>philoso-</strong></span> 
     </span>
    </p>
   </div>
   <div class='ocr_carea' id='block_1_14' title="bbox 452 1546 2033 1618">
    <p class='ocr_par' dir='ltr' id='par_1_14' title="bbox 452 1546 2033 1618">
     <span class='ocr_line' id='line_1_14' title="bbox 452 1546 2033 1618; baseline -0.001 -16"><span class='ocrx_word' id='word_1_104' title='bbox 452 1547 591 1618; x_wconf 76' lang='lat' dir='ltr'><strong>phia:</strong></span> <span class='ocrx_word' id='word_1_105' title='bbox 621 1564 788 1617; x_wconf 82' lang='lat' dir='ltr'><strong>genus</strong></span> <span class='ocrx_word' id='word_1_106' title='bbox 811 1558 893 1603; x_wconf 90' lang='lat' dir='ltr'><strong>est</strong></span> <span class='ocrx_word' id='word_1_107' title='bbox 924 1567 938 1603; x_wconf 89' lang='lat'><strong>:</strong></span> <span class='ocrx_word' id='word_1_108' title='bbox 972 1547 1160 1603; x_wconf 84' lang='lat' dir='ltr'><strong>horum</strong></span> <span class='ocrx_word' id='word_1_109' title='bbox 1191 1548 1384 1602; x_wconf 74' lang='lat' dir='ltr'><strong>anima:</strong></span> <span class='ocrx_word' id='word_1_110' title='bbox 1412 1547 1655 1616; x_wconf 87' lang='lat' dir='ltr'><strong>puriores</strong></span> <span class='ocrx_word' id='word_1_111' title='bbox 1675 1556 1822 1611; x_wconf 89' lang='lat' dir='ltr'><strong>sunt,</strong></span> <span class='ocrx_word' id='word_1_112' title='bbox 1844 1546 2033 1600; x_wconf 90' lang='lat' dir='ltr'><strong>horum</strong></span> 
     </span>
    </p>
   </div>
   <div class='ocr_carea' id='block_1_15' title="bbox 449 1636 2035 1708">
    <p class='ocr_par' dir='ltr' id='par_1_15' title="bbox 449 1636 2035 1708">
     <span class='ocr_line' id='line_1_15' title="bbox 449 1636 2035 1708; baseline -0.001 -15"><span class='ocrx_word' id='word_1_113' title='bbox 449 1648 659 1695; x_wconf 88' lang='lat' dir='ltr'><strong>mentes</strong></span> <span class='ocrx_word' id='word_1_114' title='bbox 689 1638 976 1695; x_wconf 79' lang='lat' dir='ltr'><strong>firmiores.</strong></span> <span class='ocrx_word' id='word_1_115' title='bbox 1006 1639 1136 1695; x_wconf 87' lang='lat' dir='ltr'><strong>Nam</strong></span> <span class='ocrx_word' id='word_1_116' title='bbox 1166 1640 1255 1708; x_wconf 92' lang='lat' dir='ltr'><strong>qui</strong></span> <span class='ocrx_word' id='word_1_117' title='bbox 1281 1640 1485 1693; x_wconf 88' lang='lat' dir='ltr'><strong>otiosus</strong></span> <span class='ocrx_word' id='word_1_118' title='bbox 1527 1647 1629 1704; x_wconf 89' lang='lat' dir='ltr'><strong>est,</strong></span> <span class='ocrx_word' id='word_1_119' title='bbox 1665 1636 1826 1691; x_wconf 88' lang='lat' dir='ltr'><strong>multa</strong></span> <span class='ocrx_word' id='word_1_120' title='bbox 1858 1638 2035 1705; x_wconf 90' lang='lat' dir='ltr'><strong>potius</strong></span> 
     </span>
    </p>
   </div>
   <div class='ocr_carea' id='block_1_16' title="bbox 451 1727 2033 1801">
    <p class='ocr_par' dir='ltr' id='par_1_16' title="bbox 451 1727 2033 1801">
     <span class='ocr_line' id='line_1_16' title="bbox 451 1727 2033 1801; baseline 0 -18"><span class='ocrx_word' id='word_1_121' title='bbox 451 1738 652 1786; x_wconf 88' lang='lat' dir='ltr'><strong>temere</strong></span> <span class='ocrx_word' id='word_1_122' title='bbox 692 1731 946 1801; x_wconf 86' lang='lat' dir='ltr'><strong>loquitur,</strong></span> <span class='ocrx_word' id='word_1_123' title='bbox 976 1739 1031 1785; x_wconf 91' lang='lat' dir='ltr'><strong>et</strong></span> <span class='ocrx_word' id='word_1_124' title='bbox 1058 1732 1223 1786; x_wconf 89' lang='lat' dir='ltr'><strong>multa</strong></span> <span class='ocrx_word' id='word_1_125' title='bbox 1263 1730 1456 1784; x_wconf 87' lang='lat' dir='ltr'><strong>frustra</strong></span> <span class='ocrx_word' id='word_1_126' title='bbox 1503 1729 1633 1799; x_wconf 89' lang='lat' dir='ltr'><strong>agit,</strong></span> <span class='ocrx_word' id='word_1_127' title='bbox 1683 1742 1747 1783; x_wconf 87' lang='lat' dir='ltr'><strong>ac</strong></span> <span class='ocrx_word' id='word_1_128' title='bbox 1776 1727 1908 1783; x_wconf 88' lang='lat' dir='ltr'><strong>nihil</strong></span> <span class='ocrx_word' id='word_1_129' title='bbox 1940 1744 2033 1797; x_wconf 93' lang='lat' dir='ltr'><strong>per</strong></span> 
     </span>
    </p>
   </div>
   <div class='ocr_carea' id='block_1_17' title="bbox 449 1820 2032 1892">
    <p class='ocr_par' dir='ltr' id='par_1_17' title="bbox 449 1820 2032 1892">
     <span class='ocr_line' id='line_1_17' title="bbox 449 1820 2032 1892; baseline -0.001 -16"><span class='ocrx_word' id='word_1_130' title='bbox 449 1829 612 1876; x_wconf 89' lang='lat' dir='ltr'><strong>totam</strong></span> <span class='ocrx_word' id='word_1_131' title='bbox 655 1821 795 1876; x_wconf 90' lang='lat' dir='ltr'><strong>diem</strong></span> <span class='ocrx_word' id='word_1_132' title='bbox 844 1831 1117 1892; x_wconf 87' lang='lat' dir='ltr'><strong>operatur,</strong></span> <span class='ocrx_word' id='word_1_133' title='bbox 1166 1820 1334 1875; x_wconf 90' lang='lat' dir='ltr'><strong>multo</strong></span> <span class='ocrx_word' id='word_1_134' title='bbox 1378 1820 1565 1890; x_wconf 90' lang='lat' dir='ltr'><strong>plenus</strong></span> <span class='ocrx_word' id='word_1_135' title='bbox 1619 1828 1837 1888; x_wconf 91' lang='lat' dir='ltr'><strong>torpore</strong></span> <span class='ocrx_word' id='word_1_136' title='bbox 1882 1837 1895 1873; x_wconf 91' lang='lat'><strong>:</strong></span> <span class='ocrx_word' id='word_1_137' title='bbox 1939 1820 2032 1889; x_wconf 88' lang='lat' dir='ltr'><strong>qui</strong></span> 
     </span>
    </p>
   </div>
   <div class='ocr_carea' id='block_1_18' title="bbox 443 1910 2036 1982">
    <p class='ocr_par' dir='ltr' id='par_1_18' title="bbox 443 1910 2036 1982">
     <span class='ocr_line' id='line_1_18' title="bbox 443 1910 2036 1982; baseline 0 -16"><span class='ocrx_word' id='word_1_138' title='bbox 443 1920 623 1967; x_wconf 86' lang='lat' dir='ltr'><strong>autem</strong></span> <span class='ocrx_word' id='word_1_139' title='bbox 655 1920 931 1982; x_wconf 85' lang='lat' dir='ltr'><strong>operatur,</strong></span> <span class='ocrx_word' id='word_1_140' title='bbox 984 1911 1116 1966; x_wconf 90' lang='lat' dir='ltr'><strong>nihil</strong></span> <span class='ocrx_word' id='word_1_141' title='bbox 1163 1910 1490 1980; x_wconf 81' lang='lat' dir='ltr'><strong>superfluum</strong></span> <span class='ocrx_word' id='word_1_142' title='bbox 1520 1912 1629 1964; x_wconf 91' lang='lat' dir='ltr'><strong>cito</strong></span> <span class='ocrx_word' id='word_1_143' title='bbox 1657 1910 1915 1981; x_wconf 86' lang='lat' dir='ltr'><strong>percipiet</strong></span> <span class='ocrx_word' id='word_1_144' title='bbox 1939 1926 2036 1966; x_wconf 87' lang='lat' dir='ltr'><strong>ne-</strong></span> 
     </span>
    </p>
   </div>
   <div class='ocr_carea' id='block_1_19' title="bbox 442 2001 2030 2072">
    <p class='ocr_par' dir='ltr' id='par_1_19' title="bbox 442 2001 2030 2072">
     <span class='ocr_line' id='line_1_19' title="bbox 442 2001 2030 2072; baseline 0 -16"><span class='ocrx_word' id='word_1_145' title='bbox 442 2017 549 2072; x_wconf 89' lang='lat' dir='ltr'><strong>que</strong></span> <span class='ocrx_word' id='word_1_146' title='bbox 591 2002 645 2056; x_wconf 92' lang='lat' dir='ltr'><strong>in</strong></span> <span class='ocrx_word' id='word_1_147' title='bbox 693 2002 945 2071; x_wconf 90' lang='lat' dir='ltr'><strong>operibus</strong></span> <span class='ocrx_word' id='word_1_148' title='bbox 985 2016 1085 2057; x_wconf 91' lang='lat' dir='ltr'><strong>nec</strong></span> <span class='ocrx_word' id='word_1_149' title='bbox 1131 2003 1185 2056; x_wconf 90' lang='lat' dir='ltr'><strong>in</strong></span> <span class='ocrx_word' id='word_1_150' title='bbox 1231 2001 1406 2057; x_wconf 79' lang='lat' dir='ltr'><strong>verbis</strong></span> <span class='ocrx_word' id='word_1_151' title='bbox 1450 2016 1549 2057; x_wconf 91' lang='lat' dir='ltr'><strong>nec</strong></span> <span class='ocrx_word' id='word_1_152' title='bbox 1584 2001 1638 2056; x_wconf 90' lang='lat' dir='ltr'><strong>in</strong></span> <span class='ocrx_word' id='word_1_153' title='bbox 1678 2010 1886 2068; x_wconf 88' lang='lat' dir='ltr'><strong>mente;</strong></span> <span class='ocrx_word' id='word_1_154' title='bbox 1922 2010 2030 2056; x_wconf 89' lang='lat' dir='ltr'><strong>tota</strong></span> 
     </span>
    </p>
   </div>
   <div class='ocr_carea' id='block_1_20' title="bbox 443 2092 2028 2163">
    <p class='ocr_par' dir='ltr' id='par_1_20' title="bbox 443 2092 2028 2163">
     <span class='ocr_line' id='line_1_20' title="bbox 443 2092 2028 2163; baseline 0 -15"><span class='ocrx_word' id='word_1_155' title='bbox 443 2093 585 2148; x_wconf 89' lang='lat' dir='ltr'><strong>enim</strong></span> <span class='ocrx_word' id='word_1_156' title='bbox 614 2093 792 2148; x_wconf 86' lang='lat' dir='ltr'><strong>anima</strong></span> <span class='ocrx_word' id='word_1_157' title='bbox 816 2108 1029 2163; x_wconf 86' lang='lat' dir='ltr'><strong>semper</strong></span> <span class='ocrx_word' id='word_1_158' title='bbox 1057 2094 1347 2149; x_wconf 88' lang='lat' dir='ltr'><strong>intenditur</strong></span> <span class='ocrx_word' id='word_1_159' title='bbox 1377 2092 1445 2147; x_wconf 88' lang='lat' dir='ltr'><strong>ad</strong></span> <span class='ocrx_word' id='word_1_160' title='bbox 1478 2092 1642 2147; x_wconf 90' lang='lat' dir='ltr'><strong>vitam</strong></span> <span class='ocrx_word' id='word_1_161' title='bbox 1683 2092 2028 2148; x_wconf 85' lang='lat' dir='ltr'><strong>laboriosam.</strong></span> 
     </span>
    </p>
   </div>
   <div class='ocr_carea' id='block_1_21' title="bbox 441 2184 2023 2256">
    <p class='ocr_par' dir='ltr' id='par_1_21' title="bbox 441 2184 2023 2256">
     <span class='ocr_line' id='line_1_21' title="bbox 441 2184 2023 2256; baseline -0.001 -17"><span class='ocrx_word' id='word_1_162' title='bbox 441 2185 521 2241; x_wconf 89' lang='lat' dir='ltr'><strong>Ne</strong></span> <span class='ocrx_word' id='word_1_163' title='bbox 546 2200 675 2255; x_wconf 88' lang='lat' dir='ltr'><strong>ergo</strong></span> <span class='ocrx_word' id='word_1_164' title='bbox 694 2185 1053 2255; x_wconf 89' lang='lat' dir='ltr'><strong>despiciamus</strong></span> <span class='ocrx_word' id='word_1_165' title='bbox 1076 2199 1172 2241; x_wconf 90' lang='lat' dir='ltr'><strong>eos</strong></span> <span class='ocrx_word' id='word_1_166' title='bbox 1194 2186 1284 2256; x_wconf 89' lang='lat' dir='ltr'><strong>qui</strong></span> <span class='ocrx_word' id='word_1_167' title='bbox 1312 2184 1496 2241; x_wconf 90' lang='lat' dir='ltr'><strong>labore</strong></span> <span class='ocrx_word' id='word_1_168' title='bbox 1520 2200 1771 2239; x_wconf 91' lang='lat' dir='ltr'><strong>manuum</strong></span> <span class='ocrx_word' id='word_1_169' title='bbox 1791 2185 2023 2249; x_wconf 79' lang='lat' dir='ltr'><strong>aluntur,</strong></span> 
     </span>
    </p>
   </div>
   <div class='ocr_carea' id='block_1_22' title="bbox 441 2277 2024 2349">
    <p class='ocr_par' dir='ltr' id='par_1_22' title="bbox 441 2277 2024 2349">
     <span class='ocr_line' id='line_1_22' title="bbox 441 2277 2024 2349; baseline -0.002 -16"><span class='ocrx_word' id='word_1_170' title='bbox 441 2278 539 2334; x_wconf 91' lang='lat' dir='ltr'><strong>sed</strong></span> <span class='ocrx_word' id='word_1_171' title='bbox 580 2279 756 2349; x_wconf 90' lang='lat' dir='ltr'><strong>potius</strong></span> <span class='ocrx_word' id='word_1_172' title='bbox 787 2279 907 2334; x_wconf 92' lang='lat' dir='ltr'><strong>illos</strong></span> <span class='ocrx_word' id='word_1_173' title='bbox 945 2277 1067 2333; x_wconf 86' lang='lat' dir='ltr'><strong>ideo</strong></span> <span class='ocrx_word' id='word_1_174' title='bbox 1110 2278 1297 2333; x_wconf 89' lang='lat' dir='ltr'><strong>beatos</strong></span> <span class='ocrx_word' id='word_1_175' title='bbox 1337 2277 1711 2348; x_wconf 62' lang='lat' dir='ltr'><strong>praedicemus.</strong></span> <span class='ocrx_word' id='word_1_176' title='bbox 1746 2277 2024 2345; x_wconf 61' lang='lat' dir='ltr'><strong>Quaenam,</strong></span> 
     </span>
    </p>
   </div>
   <div class='ocr_carea' id='block_1_23' title="bbox 439 2366 2025 2439">
    <p class='ocr_par' dir='ltr' id='par_1_23' title="bbox 439 2366 2025 2439">
     <span class='ocr_line' id='line_1_23' title="bbox 439 2366 2025 2439; baseline -0.002 -15"><span class='ocrx_word' id='word_1_177' title='bbox 439 2383 644 2438; x_wconf 72' lang='lat' dir='ltr'><strong>quaeso,</strong></span> <span class='ocrx_word' id='word_1_178' title='bbox 690 2377 775 2424; x_wconf 87' lang='lat' dir='ltr'><strong>est</strong></span> <span class='ocrx_word' id='word_1_179' title='bbox 804 2369 897 2423; x_wconf 90' lang='lat' dir='ltr'><strong>tibi</strong></span> <span class='ocrx_word' id='word_1_180' title='bbox 925 2370 1116 2439; x_wconf 84' lang='lat' dir='ltr'><strong>gratia,</strong></span> <span class='ocrx_word' id='word_1_181' title='bbox 1144 2377 1512 2438; x_wconf 67' lang='lat' dir='ltr'><strong>cunnaccepta</strong></span> <span class='ocrx_word' id='word_1_182' title='bbox 1549 2383 1579 2423; x_wconf 90' lang='lat' dir='ltr'><strong>a</strong></span> <span class='ocrx_word' id='word_1_183' title='bbox 1607 2377 1759 2438; x_wconf 87' lang='lat' dir='ltr'><strong>patre</strong></span> <span class='ocrx_word' id='word_1_184' title='bbox 1793 2366 2025 2423; x_wconf 74' lang='lat' dir='ltr'><strong>haeredi-</strong></span> 
     </span>
    </p>
   </div>
   <div class='ocr_carea' id='block_1_24' title="bbox 442 2459 2025 2530">
    <p class='ocr_par' dir='ltr' id='par_1_24' title="bbox 442 2459 2025 2530">
     <span class='ocr_line' id='line_1_24' title="bbox 442 2459 2025 2530; baseline 0 -17"><span class='ocrx_word' id='word_1_185' title='bbox 442 2467 571 2526; x_wconf 91' lang='lat' dir='ltr'><strong>tate,</strong></span> <span class='ocrx_word' id='word_1_186' title='bbox 617 2471 879 2529; x_wconf 90' lang='lat' dir='ltr'><strong>perpetno</strong></span> <span class='ocrx_word' id='word_1_187' title='bbox 924 2459 1057 2514; x_wconf 87' lang='lat' dir='ltr'><strong>nihil</strong></span> <span class='ocrx_word' id='word_1_188' title='bbox 1089 2461 1201 2530; x_wconf 88' lang='lat' dir='ltr'><strong>agis</strong></span> <span class='ocrx_word' id='word_1_189' title='bbox 1221 2500 1236 2525; x_wconf 96' lang='lat'><strong>,</strong></span> <span class='ocrx_word' id='word_1_190' title='bbox 1293 2459 1388 2516; x_wconf 89' lang='lat' dir='ltr'><strong>sed</strong></span> <span class='ocrx_word' id='word_1_191' title='bbox 1419 2460 1504 2515; x_wconf 92' lang='lat' dir='ltr'><strong>illa</strong></span> <span class='ocrx_word' id='word_1_192' title='bbox 1535 2460 1717 2514; x_wconf 88' lang='lat' dir='ltr'><strong>omnia</strong></span> <span class='ocrx_word' id='word_1_193' title='bbox 1744 2460 1883 2516; x_wconf 90' lang='lat' dir='ltr'><strong>bona</strong></span> <span class='ocrx_word' id='word_1_194' title='bbox 1912 2461 2025 2514; x_wconf 84' lang='lat' dir='ltr'><strong>fru-</strong></span> 
     </span>
    </p>
   </div>
   <div class='ocr_carea' id='block_1_25' title="bbox 440 2552 2025 2610">
    <p class='ocr_par' dir='ltr' id='par_1_25' title="bbox 440 2552 2025 2610">
     <span class='ocr_line' id='line_1_25' title="bbox 440 2552 2025 2610; baseline 0.001 -5"><span class='ocrx_word' id='word_1_195' title='bbox 440 2560 549 2606; x_wconf 88' lang='lat' dir='ltr'><strong>stra</strong></span> <span class='ocrx_word' id='word_1_196' title='bbox 571 2552 832 2607; x_wconf 89' lang='lat' dir='ltr'><strong>insumis?</strong></span> <span class='ocrx_word' id='word_1_197' title='bbox 852 2553 932 2607; x_wconf 73' lang='lat' dir='ltr'><strong>An</strong></span> <span class='ocrx_word' id='word_1_198' title='bbox 961 2553 1138 2608; x_wconf 87' lang='lat' dir='ltr'><strong>nescis</strong></span> <span class='ocrx_word' id='word_1_199' title='bbox 1167 2567 1474 2610; x_wconf 90' lang='lat' dir='ltr'><strong>nonomnes</strong></span> <span class='ocrx_word' id='word_1_200' title='bbox 1498 2553 1740 2608; x_wconf 88' lang='lat' dir='ltr'><strong>eamdem</strong></span> <span class='ocrx_word' id='word_1_201' title='bbox 1761 2554 2025 2609; x_wconf 90' lang='lat' dir='ltr'><strong>rationem</strong></span> 
     </span>
    </p>
   </div>
   <div class='ocr_carea' id='block_1_26' title="bbox 443 2644 2025 2716">
    <p class='ocr_par' dir='ltr' id='par_1_26' title="bbox 443 2644 2025 2716">
     <span class='ocr_line' id='line_1_26' title="bbox 443 2644 2025 2716; baseline -0.001 -17"><span class='ocrx_word' id='word_1_202' title='bbox 443 2644 749 2699; x_wconf 88' lang='lat' dir='ltr'><strong>reddituros</strong></span> <span class='ocrx_word' id='word_1_203' title='bbox 771 2660 870 2698; x_wconf 90' lang='lat' dir='ltr'><strong>nos</strong></span> <span class='ocrx_word' id='word_1_204' title='bbox 901 2660 1056 2710; x_wconf 88' lang='lat' dir='ltr'><strong>esse;</strong></span> <span class='ocrx_word' id='word_1_205' title='bbox 1085 2645 1182 2700; x_wconf 90' lang='lat' dir='ltr'><strong>sed</strong></span> <span class='ocrx_word' id='word_1_206' title='bbox 1202 2660 1296 2701; x_wconf 91' lang='lat' dir='ltr'><strong>eos</strong></span> <span class='ocrx_word' id='word_1_207' title='bbox 1335 2646 1427 2716; x_wconf 90' lang='lat' dir='ltr'><strong>qui</strong></span> <span class='ocrx_word' id='word_1_208' title='bbox 1451 2646 1534 2701; x_wconf 90' lang='lat' dir='ltr'><strong>hic</strong></span> <span class='ocrx_word' id='word_1_209' title='bbox 1557 2646 1607 2699; x_wconf 93' lang='lat' dir='ltr'><strong>in</strong></span> <span class='ocrx_word' id='word_1_210' title='bbox 1638 2645 1828 2716; x_wconf 87' lang='lat' dir='ltr'><strong>majori</strong></span> <span class='ocrx_word' id='word_1_211' title='bbox 1853 2645 2025 2700; x_wconf 89' lang='lat' dir='ltr'><strong>licen-</strong></span> 
     </span>
    </p>
   </div>
   <div class='ocr_carea' id='block_1_27' title="bbox 440 2736 2022 2807">
    <p class='ocr_par' dir='ltr' id='par_1_27' title="bbox 440 2736 2022 2807">
     <span class='ocr_line' id='line_1_27' title="bbox 440 2736 2022 2807; baseline 0.002 -18"><span class='ocrx_word' id='word_1_212' title='bbox 440 2736 509 2789; x_wconf 87' lang='lat' dir='ltr'><strong>tia</strong></span> <span class='ocrx_word' id='word_1_213' title='bbox 532 2744 587 2789; x_wconf 92' lang='lat' dir='ltr'><strong>et</strong></span> <span class='ocrx_word' id='word_1_214' title='bbox 615 2751 792 2790; x_wconf 87' lang='lat' dir='ltr'><strong>rerum</strong></span> <span class='ocrx_word' id='word_1_215' title='bbox 819 2737 972 2805; x_wconf 86' lang='lat' dir='ltr'><strong>copia</strong></span> <span class='ocrx_word' id='word_1_216' title='bbox 1002 2739 1281 2800; x_wconf 84' lang='lat' dir='ltr'><strong>vixerunt,</strong></span> <span class='ocrx_word' id='word_1_217' title='bbox 1313 2738 1561 2807; x_wconf 80' lang='lat' dir='ltr'><strong>gravius;</strong></span> <span class='ocrx_word' id='word_1_218' title='bbox 1609 2751 1704 2793; x_wconf 90' lang='lat' dir='ltr'><strong>eos</strong></span> <span class='ocrx_word' id='word_1_219' title='bbox 1726 2747 1905 2793; x_wconf 90' lang='lat' dir='ltr'><strong>autem</strong></span> <span class='ocrx_word' id='word_1_220' title='bbox 1932 2738 2022 2807; x_wconf 89' lang='lat' dir='ltr'><strong>qui</strong></span> 
     </span>
    </p>
   </div>
   <div class='ocr_carea' id='block_1_28' title="bbox 442 2826 2014 2898">
    <p class='ocr_par' dir='ltr' id='par_1_28' title="bbox 442 2826 2014 2898">
     <span class='ocr_line' id='line_1_28' title="bbox 442 2826 2014 2898; baseline 0.003 -18"><span class='ocrx_word' id='word_1_221' title='bbox 442 2826 495 2881; x_wconf 92' lang='lat' dir='ltr'><strong>in</strong></span> <span class='ocrx_word' id='word_1_222' title='bbox 539 2826 828 2891; x_wconf 89' lang='lat' dir='ltr'><strong>laboribus,</strong></span> <span class='ocrx_word' id='word_1_223' title='bbox 862 2828 913 2882; x_wconf 90' lang='lat' dir='ltr'><strong>in</strong></span> <span class='ocrx_word' id='word_1_224' title='bbox 942 2836 1257 2898; x_wconf 88' lang='lat' dir='ltr'><strong>paupertate</strong></span> <span class='ocrx_word' id='word_1_225' title='bbox 1286 2836 1343 2884; x_wconf 88' lang='lat' dir='ltr'><strong>et</strong></span> <span class='ocrx_word' id='word_1_226' title='bbox 1372 2829 1626 2883; x_wconf 60' lang='lat' dir='ltr'><strong>aerumnis</strong></span> <span class='ocrx_word' id='word_1_227' title='bbox 1656 2828 1818 2883; x_wconf 87' lang='lat' dir='ltr'><strong>vitam</strong></span> <span class='ocrx_word' id='word_1_228' title='bbox 1847 2827 2014 2884; x_wconf 85' lang='lat' dir='ltr'><strong>duxe—</strong></span> 
     </span>
    </p>
   </div>
   <div class='ocr_carea' id='block_1_29' title="bbox 3671 360 3751 414">
    <p class='ocr_par' dir='ltr' id='par_1_29' title="bbox 3671 360 3751 414">
     <span class='ocr_line' id='line_1_29' title="bbox 3671 360 3751 414; baseline 0.025 -1"><span class='ocrx_word' id='word_1_229' title='bbox 3671 360 3751 414; x_wconf 67' lang='grc'>48</span> 
     </span>
    </p>
   </div>
   <div class='ocr_carea' id='block_1_30' title="bbox 2148 449 3748 526">
    <p class='ocr_par' dir='ltr' id='par_1_30' title="bbox 2148 449 3748 526">
     <span class='ocr_line' id='line_1_30' title="bbox 2148 449 3748 526; baseline 0.016 -26"><span class='ocrx_word' id='word_1_230' title='bbox 2148 462 2207 501; x_wconf 92' lang='lat' dir='ltr'><strong>re</strong></span> <span class='ocrx_word' id='word_1_231' title='bbox 2226 487 2241 510; x_wconf 92' lang='lat'><strong>,</strong></span> <span class='ocrx_word' id='word_1_232' title='bbox 2271 449 2451 509; x_wconf 87' lang='lat' dir='ltr'><strong>mitius</strong></span> <span class='ocrx_word' id='word_1_233' title='bbox 2478 467 2599 509; x_wconf 87' lang='lat' dir='ltr'><strong>esse</strong></span> <span class='ocrx_word' id='word_1_234' title='bbox 2630 458 2958 515; x_wconf 85' lang='lat' dir='ltr'><strong>tractandos.</strong></span> <span class='ocrx_word' id='word_1_235' title='bbox 2992 459 3119 517; x_wconf 69' lang='lat' dir='ltr'><strong>Hmc</strong></span> <span class='ocrx_word' id='word_1_236' title='bbox 3153 472 3331 519; x_wconf 90' lang='lat' dir='ltr'><strong>autem</strong></span> <span class='ocrx_word' id='word_1_237' title='bbox 3356 481 3419 521; x_wconf 88' lang='lat' dir='ltr'><strong>ex</strong></span> <span class='ocrx_word' id='word_1_238' title='bbox 3444 467 3655 525; x_wconf 85' lang='lat' dir='ltr'><strong>Lazaro</strong></span> <span class='ocrx_word' id='word_1_239' title='bbox 3683 484 3748 526; x_wconf 88' lang='lat' dir='ltr'><strong>et</strong></span> 
     </span>
    </p>
   </div>
   <div class='ocr_carea' id='block_1_31' title="bbox 2143 538 3741 625">
    <p class='ocr_par' dir='ltr' id='par_1_31' title="bbox 2143 538 3741 625">
     <span class='ocr_line' id='line_1_31' title="bbox 2143 538 3741 625; baseline 0.018 -33"><span class='ocrx_word' id='word_1_240' title='bbox 2143 538 2307 595; x_wconf 85' lang='lat' dir='ltr'><strong>divite</strong></span> <span class='ocrx_word' id='word_1_241' title='bbox 2335 544 2612 600; x_wconf 85' lang='lat' dir='ltr'><strong>manifesta</strong></span> <span class='ocrx_word' id='word_1_242' title='bbox 2638 558 2786 603; x_wconf 91' lang='lat' dir='ltr'><strong>sunt.</strong></span> <span class='ocrx_word' id='word_1_243' title='bbox 2819 550 2899 606; x_wconf 91' lang='lat' dir='ltr'><strong>Tu</strong></span> <span class='ocrx_word' id='word_1_244' title='bbox 2928 566 3098 621; x_wconf 91' lang='lat' dir='ltr'><strong>certe,</strong></span> <span class='ocrx_word' id='word_1_245' title='bbox 3129 558 3217 625; x_wconf 89' lang='lat' dir='ltr'><strong>qui</strong></span> <span class='ocrx_word' id='word_1_246' title='bbox 3248 559 3315 613; x_wconf 88' lang='lat' dir='ltr'><strong>ad</strong></span> <span class='ocrx_word' id='word_1_247' title='bbox 3343 559 3520 617; x_wconf 89' lang='lat' dir='ltr'><strong>debita</strong></span> <span class='ocrx_word' id='word_1_248' title='bbox 3546 565 3741 620; x_wconf 79' lang='lat' dir='ltr'><strong>ofﬁcia</strong></span> 
     </span>
    </p>
   </div>
   <div class='ocr_carea' id='block_1_32' title="bbox 2146 632 3745 727">
    <p class='ocr_par' dir='ltr' id='par_1_32' title="bbox 2146 632 3745 727">
     <span class='ocr_line' id='line_1_32' title="bbox 2146 632 3745 727; baseline 0.019 -44"><span class='ocrx_word' id='word_1_249' title='bbox 2146 632 2257 685; x_wconf 91' lang='lat' dir='ltr'><strong>otio</strong></span> <span class='ocrx_word' id='word_1_250' title='bbox 2279 648 2385 687; x_wconf 91' lang='lat' dir='ltr'><strong>non</strong></span> <span class='ocrx_word' id='word_1_251' title='bbox 2429 651 2489 690; x_wconf 92' lang='lat' dir='ltr'><strong>es</strong></span> <span class='ocrx_word' id='word_1_252' title='bbox 2532 652 2681 702; x_wconf 91' lang='lat' dir='ltr'><strong>usus,</strong></span> <span class='ocrx_word' id='word_1_253' title='bbox 2720 640 2842 711; x_wconf 85' lang='lat' dir='ltr'><strong>jure</strong></span> <span class='ocrx_word' id='word_1_254' title='bbox 2871 647 3170 714; x_wconf 88' lang='lat' dir='ltr'><strong>accusaris;</strong></span> <span class='ocrx_word' id='word_1_255' title='bbox 3223 665 3422 722; x_wconf 84' lang='lat' dir='ltr'><strong>pauper</strong></span> <span class='ocrx_word' id='word_1_256' title='bbox 3463 671 3596 712; x_wconf 87' lang='lat' dir='ltr'><strong>vero</strong></span> <span class='ocrx_word' id='word_1_257' title='bbox 3640 661 3745 727; x_wconf 87' lang='lat' dir='ltr'><strong>qui</strong></span> 
     </span>
    </p>
   </div>
   <div class='ocr_carea' id='block_1_33' title="bbox 2143 722 3743 821">
    <p class='ocr_par' dir='ltr' id='par_1_33' title="bbox 2143 722 3743 821">
     <span class='ocr_line' id='line_1_33' title="bbox 2143 722 3743 821; baseline 0.019 -47"><span class='ocrx_word' id='word_1_258' title='bbox 2143 722 2407 821; x_wconf 72' lang='lat' dir='ltr'><strong>reliquum</strong></span> <span class='ocrx_word' id='word_1_259' title='bbox 2437 730 2697 798; x_wconf 88' lang='lat' dir='ltr'><strong>temporis</strong></span> <span class='ocrx_word' id='word_1_260' title='bbox 2716 732 2785 787; x_wconf 88' lang='lat' dir='ltr'><strong>ad</strong></span> <span class='ocrx_word' id='word_1_261' title='bbox 2813 732 2992 791; x_wconf 86' lang='lat' dir='ltr'><strong>debita</strong></span> <span class='ocrx_word' id='word_1_262' title='bbox 3021 738 3198 796; x_wconf 84' lang='lat' dir='ltr'><strong>officia</strong></span> <span class='ocrx_word' id='word_1_263' title='bbox 3225 741 3486 814; x_wconf 78' lang='lat' dir='ltr'><strong>adhibuit,</strong></span> <span class='ocrx_word' id='word_1_264' title='bbox 3515 722 3743 821; x_wconf 71' lang='lat' dir='ltr'><strong>magnis</strong></span> 
     </span>
    </p>
   </div>
   <div class='ocr_carea' id='block_1_34' title="bbox 2142 812 2603 875">
    <p class='ocr_par' dir='ltr' id='par_1_34' title="bbox 2142 812 2603 875">
     <span class='ocr_line' id='line_1_34' title="bbox 2142 812 2603 875; baseline 0.024 -11"><span class='ocrx_word' id='word_1_265' title='bbox 2142 812 2345 869; x_wconf 89' lang='lat' dir='ltr'><strong>fruetur</strong></span> <span class='ocrx_word' id='word_1_266' title='bbox 2370 820 2603 875; x_wconf 88' lang='lat' dir='ltr'><strong>coronis.</strong></span> 
     </span>
    </p>
   </div>
   <div class='ocr_carea' id='block_1_35' title="bbox 2212 907 3744 990">
    <p class='ocr_par' dir='ltr' id='par_1_35' title="bbox 2212 907 3744 990">
     <span class='ocr_line' id='line_1_35' title="bbox 2212 907 3744 990; baseline 0.021 -30"><span class='ocrx_word' id='word_1_267' title='bbox 2212 907 2402 964; x_wconf 81' lang='lat' dir='ltr'><strong>Contra</strong></span> <span class='ocrx_word' id='word_1_268' title='bbox 2426 912 2733 970; x_wconf 78' lang='lat' dir='ltr'><strong>theatrorum</strong></span> <span class='ocrx_word' id='word_1_269' title='bbox 2757 921 3063 988; x_wconf 74' lang='lat' dir='ltr'><strong>spectacula.</strong></span> <span class='ocrx_word' id='word_1_270' title='bbox 3086 952 3160 965; x_wconf 92' lang='lat'><strong>——</strong></span> <span class='ocrx_word' id='word_1_271' title='bbox 3177 927 3247 981; x_wconf 81' lang='lat' dir='ltr'><strong>At</strong></span> <span class='ocrx_word' id='word_1_272' title='bbox 3279 937 3332 983; x_wconf 90' lang='lat' dir='ltr'><strong>tu</strong></span> <span class='ocrx_word' id='word_1_273' title='bbox 3361 931 3603 989; x_wconf 75' lang='lat' dir='ltr'><strong>militiam</strong></span> <span class='ocrx_word' id='word_1_274' title='bbox 3630 936 3744 990; x_wconf 77' lang='lat' dir='ltr'><strong>ob-</strong></span> 
     </span>
    </p>
   </div>
   <div class='ocr_carea' id='block_1_36' title="bbox 2142 998 3743 1088">
    <p class='ocr_par' dir='ltr' id='par_1_36' title="bbox 2142 998 3743 1088">
     <span class='ocr_line' id='line_1_36' title="bbox 2142 998 3743 1088; baseline 0.021 -38"><span class='ocrx_word' id='word_1_275' title='bbox 2142 998 2337 1065; x_wconf 90' lang='lat' dir='ltr'><strong>tendis,</strong></span> <span class='ocrx_word' id='word_1_276' title='bbox 2379 1010 2434 1056; x_wconf 90' lang='lat' dir='ltr'><strong>et</strong></span> <span class='ocrx_word' id='word_1_277' title='bbox 2473 1005 2615 1073; x_wconf 90' lang='lat' dir='ltr'><strong>quod</strong></span> <span class='ocrx_word' id='word_1_278' title='bbox 2646 1007 2731 1062; x_wconf 89' lang='lat' dir='ltr'><strong>illa</strong></span> <span class='ocrx_word' id='word_1_279' title='bbox 2753 1008 3061 1068; x_wconf 85' lang='lat' dir='ltr'><strong>distinearis</strong></span> <span class='ocrx_word' id='word_1_280' title='bbox 3089 1015 3326 1088; x_wconf 78' lang='lat' dir='ltr'><strong>allegas?</strong></span> <span class='ocrx_word' id='word_1_281' title='bbox 3350 1020 3451 1077; x_wconf 87' lang='lat' dir='ltr'><strong>Sed</strong></span> <span class='ocrx_word' id='word_1_282' title='bbox 3482 1025 3604 1079; x_wconf 87' lang='lat' dir='ltr'><strong>talis</strong></span> <span class='ocrx_word' id='word_1_283' title='bbox 3633 1043 3743 1082; x_wconf 81' lang='lat' dir='ltr'><strong>ex-</strong></span> 
     </span>
    </p>
   </div>
   <div class='ocr_carea' id='block_1_37' title="bbox 2139 1090 3743 1174">
    <p class='ocr_par' dir='ltr' id='par_1_37' title="bbox 2139 1090 3743 1174">
     <span class='ocr_line' id='line_1_37' title="bbox 2139 1090 3743 1174; baseline 0.021 -32"><span class='ocrx_word' id='word_1_284' title='bbox 2139 1090 2344 1144; x_wconf 82' lang='lat' dir='ltr'><strong>cusatio</strong></span> <span class='ocrx_word' id='word_1_285' title='bbox 2372 1108 2476 1148; x_wconf 92' lang='lat' dir='ltr'><strong>non</strong></span> <span class='ocrx_word' id='word_1_286' title='bbox 2507 1104 2589 1151; x_wconf 90' lang='lat' dir='ltr'><strong>est</strong></span> <span class='ocrx_word' id='word_1_287' title='bbox 2613 1099 2805 1154; x_wconf 86' lang='lat' dir='ltr'><strong>rationi</strong></span> <span class='ocrx_word' id='word_1_288' title='bbox 2833 1116 3090 1161; x_wconf 84' lang='lat' dir='ltr'><strong>consona.</strong></span> <span class='ocrx_word' id='word_1_289' title='bbox 3128 1106 3259 1163; x_wconf 88' lang='lat' dir='ltr'><strong>Nam</strong></span> <span class='ocrx_word' id='word_1_290' title='bbox 3303 1111 3583 1171; x_wconf 87' lang='lat' dir='ltr'><strong>Cornelius</strong></span> <span class='ocrx_word' id='word_1_291' title='bbox 3610 1130 3743 1174; x_wconf 86' lang='lat' dir='ltr'><strong>erat</strong></span> 
     </span>
    </p>
   </div>
   <div class='ocr_carea' id='block_1_38' title="bbox 2139 1182 3741 1265">
    <p class='ocr_par' dir='ltr' id='par_1_38' title="bbox 2139 1182 3741 1265">
     <span class='ocr_line' id='line_1_38' title="bbox 2139 1182 3741 1265; baseline 0.02 -32"><span class='ocrx_word' id='word_1_292' title='bbox 2139 1182 2405 1248; x_wconf 91' lang='lat' dir='ltr'><strong>centurio,</strong></span> <span class='ocrx_word' id='word_1_293' title='bbox 2456 1196 2511 1240; x_wconf 91' lang='lat' dir='ltr'><strong>et</strong></span> <span class='ocrx_word' id='word_1_294' title='bbox 2559 1187 2767 1245; x_wconf 88' lang='lat' dir='ltr'><strong>balteus</strong></span> <span class='ocrx_word' id='word_1_295' title='bbox 2794 1192 2917 1247; x_wconf 83' lang='lat' dir='ltr'><strong>vitae</strong></span> <span class='ocrx_word' id='word_1_296' title='bbox 2939 1194 3237 1253; x_wconf 85' lang='lat' dir='ltr'><strong>institutum</strong></span> <span class='ocrx_word' id='word_1_297' title='bbox 3276 1201 3405 1257; x_wconf 86' lang='lat' dir='ltr'><strong>nihil</strong></span> <span class='ocrx_word' id='word_1_298' title='bbox 3442 1205 3602 1263; x_wconf 71' lang='lat' dir='ltr'><strong>lmsit.</strong></span> <span class='ocrx_word' id='word_1_299' title='bbox 3642 1209 3741 1265; x_wconf 87' lang='lat' dir='ltr'><strong>Tu</strong></span> 
     </span>
    </p>
   </div>
   <div class='ocr_carea' id='block_1_39' title="bbox 2140 1278 3737 1363">
    <p class='ocr_par' dir='ltr' id='par_1_39' title="bbox 2140 1278 3737 1363">
     <span class='ocr_line' id='line_1_39' title="bbox 2140 1278 3737 1363; baseline 0.021 -39"><span class='ocrx_word' id='word_1_300' title='bbox 2140 1286 2268 1326; x_wconf 89' lang='lat' dir='ltr'><strong>vero</strong></span> <span class='ocrx_word' id='word_1_301' title='bbox 2310 1288 2431 1330; x_wconf 93' lang='lat' dir='ltr'><strong>cum</strong></span> <span class='ocrx_word' id='word_1_302' title='bbox 2476 1278 2825 1339; x_wconf 85' lang='lat' dir='ltr'><strong>saltatoribus</strong></span> <span class='ocrx_word' id='word_1_303' title='bbox 2849 1294 2902 1340; x_wconf 87' lang='lat' dir='ltr'><strong>et</strong></span> <span class='ocrx_word' id='word_1_304' title='bbox 2932 1287 3111 1344; x_wconf 86' lang='lat' dir='ltr'><strong>mimis</strong></span> <span class='ocrx_word' id='word_1_305' title='bbox 3137 1290 3236 1347; x_wconf 87' lang='lat' dir='ltr'><strong>das</strong></span> <span class='ocrx_word' id='word_1_306' title='bbox 3258 1308 3500 1363; x_wconf 79' lang='lat' dir='ltr'><strong>operam,</strong></span> <span class='ocrx_word' id='word_1_307' title='bbox 3543 1310 3603 1355; x_wconf 89' lang='lat' dir='ltr'><strong>et</strong></span> <span class='ocrx_word' id='word_1_308' title='bbox 3637 1310 3737 1356; x_wconf 80' lang='lat' dir='ltr'><strong>to-</strong></span> 
     </span>
    </p>
   </div>
   <div class='ocr_carea' id='block_1_40' title="bbox 2139 1368 3740 1450">
    <p class='ocr_par' dir='ltr' id='par_1_40' title="bbox 2139 1368 3740 1450">
     <span class='ocr_line' id='line_1_40' title="bbox 2139 1368 3740 1450; baseline 0.019 -32"><span class='ocrx_word' id='word_1_309' title='bbox 2139 1373 2249 1420; x_wconf 91' lang='lat' dir='ltr'><strong>tum</strong></span> <span class='ocrx_word' id='word_1_310' title='bbox 2284 1368 2407 1423; x_wconf 66' lang='lat' dir='ltr'><strong>vita:</strong></span> <span class='ocrx_word' id='word_1_311' title='bbox 2442 1378 2653 1443; x_wconf 85' lang='lat' dir='ltr'><strong>tempus</strong></span> <span class='ocrx_word' id='word_1_312' title='bbox 2681 1374 2733 1429; x_wconf 93' lang='lat' dir='ltr'><strong>in</strong></span> <span class='ocrx_word' id='word_1_313' title='bbox 2760 1391 2921 1433; x_wconf 84' lang='lat' dir='ltr'><strong>scena</strong></span> <span class='ocrx_word' id='word_1_314' title='bbox 2944 1383 3242 1450; x_wconf 87' lang='lat' dir='ltr'><strong>consumis,</strong></span> <span class='ocrx_word' id='word_1_315' title='bbox 3271 1401 3375 1442; x_wconf 86' lang='lat' dir='ltr'><strong>non</strong></span> <span class='ocrx_word' id='word_1_316' title='bbox 3405 1392 3486 1445; x_wconf 92' lang='lat' dir='ltr'><strong>vel</strong></span> <span class='ocrx_word' id='word_1_317' title='bbox 3514 1394 3740 1449; x_wconf 73' lang='lat' dir='ltr'><strong>militia:</strong></span> 
     </span>
    </p>
   </div>
   <div class='ocr_carea' id='block_1_41' title="bbox 2139 1460 3737 1553">
    <p class='ocr_par' dir='ltr' id='par_1_41' title="bbox 2139 1460 3737 1553">
     <span class='ocr_line' id='line_1_41' title="bbox 2139 1460 3737 1553; baseline 0.019 -43"><span class='ocrx_word' id='word_1_318' title='bbox 2139 1460 2516 1518; x_wconf 89' lang='lat' dir='ltr'><strong>necessitatem</strong></span> <span class='ocrx_word' id='word_1_319' title='bbox 2588 1466 2673 1521; x_wconf 87' lang='lat' dir='ltr'><strong>vel</strong></span> <span class='ocrx_word' id='word_1_320' title='bbox 2732 1479 2931 1526; x_wconf 90' lang='lat' dir='ltr'><strong>metum</strong></span> <span class='ocrx_word' id='word_1_321' title='bbox 2983 1475 3384 1545; x_wconf 81' lang='lat' dir='ltr'><strong>magistratuum</strong></span> <span class='ocrx_word' id='word_1_322' title='bbox 3430 1481 3737 1553; x_wconf 87' lang='lat' dir='ltr'><strong>obtendis;</strong></span> 
     </span>
    </p>
   </div>
   <div class='ocr_carea' id='block_1_42' title="bbox 2135 1551 3736 1636">
    <p class='ocr_par' dir='ltr' id='par_1_42' title="bbox 2135 1551 3736 1636">
     <span class='ocr_line' id='line_1_42' title="bbox 2135 1551 3736 1636; baseline 0.019 -32"><span class='ocrx_word' id='word_1_323' title='bbox 2135 1551 2351 1620; x_wconf 88' lang='lat' dir='ltr'><strong>quando</strong></span> <span class='ocrx_word' id='word_1_324' title='bbox 2376 1564 2555 1611; x_wconf 90' lang='lat' dir='ltr'><strong>autem</strong></span> <span class='ocrx_word' id='word_1_325' title='bbox 2590 1567 2643 1615; x_wconf 88' lang='lat' dir='ltr'><strong>te</strong></span> <span class='ocrx_word' id='word_1_326' title='bbox 2667 1559 2735 1616; x_wconf 88' lang='lat' dir='ltr'><strong>ad</strong></span> <span class='ocrx_word' id='word_1_327' title='bbox 2765 1564 3048 1620; x_wconf 87' lang='lat' dir='ltr'><strong>ecclesiam</strong></span> <span class='ocrx_word' id='word_1_328' title='bbox 3087 1583 3359 1636; x_wconf 87' lang='lat' dir='ltr'><strong>vocamus,</strong></span> <span class='ocrx_word' id='word_1_329' title='bbox 3412 1583 3536 1631; x_wconf 91' lang='lat' dir='ltr'><strong>tunc</strong></span> <span class='ocrx_word' id='word_1_330' title='bbox 3556 1551 3736 1635; x_wconf 38' lang='lat' dir='ltr'><strong>imm;</strong></span> 
     </span>
    </p>
   </div>
   <div class='ocr_carea' id='block_1_43' title="bbox 2135 1645 3733 1738">
    <p class='ocr_par' dir='ltr' id='par_1_43' title="bbox 2135 1645 3733 1738">
     <span class='ocr_line' id='line_1_43' title="bbox 2135 1645 3733 1738; baseline 0.018 -41"><span class='ocrx_word' id='word_1_331' title='bbox 2135 1658 2286 1700; x_wconf 90' lang='lat' dir='ltr'><strong>mera</strong></span> <span class='ocrx_word' id='word_1_332' title='bbox 2313 1645 2474 1703; x_wconf 67' lang='lat' dir='ltr'><strong>affers</strong></span> <span class='ocrx_word' id='word_1_333' title='bbox 2504 1649 2903 1720; x_wconf 88' lang='lat' dir='ltr'><strong>impedimenta.</strong></span> <span class='ocrx_word' id='word_1_334' title='bbox 2936 1656 3005 1711; x_wconf 85' lang='lat' dir='ltr'><strong>Et</strong></span> <span class='ocrx_word' id='word_1_335' title='bbox 3041 1659 3170 1729; x_wconf 90' lang='lat' dir='ltr'><strong>quid</strong></span> <span class='ocrx_word' id='word_1_336' title='bbox 3197 1661 3347 1719; x_wconf 86' lang='lat' dir='ltr'><strong>dices</strong></span> <span class='ocrx_word' id='word_1_337' title='bbox 3374 1665 3426 1720; x_wconf 92' lang='lat' dir='ltr'><strong>in</strong></span> <span class='ocrx_word' id='word_1_338' title='bbox 3467 1667 3554 1722; x_wconf 82' lang='lat' dir='ltr'><strong>illa</strong></span> <span class='ocrx_word' id='word_1_339' title='bbox 3587 1670 3691 1726; x_wconf 81' lang='lat' dir='ltr'><strong>die</strong></span> <span class='ocrx_word' id='word_1_340' title='bbox 3713 1714 3733 1738; x_wconf 92' lang='lat'><strong>,</strong></span> 
     </span>
    </p>
   </div>
   <div class='ocr_carea' id='block_1_44' title="bbox 2134 1739 3735 1823">
    <p class='ocr_par' dir='ltr' id='par_1_44' title="bbox 2134 1739 3735 1823">
     <span class='ocr_line' id='line_1_44' title="bbox 2134 1739 3735 1823; baseline 0.018 -34"><span class='ocrx_word' id='word_1_341' title='bbox 2134 1749 2255 1790; x_wconf 90' lang='lat' dir='ltr'><strong>cum</strong></span> <span class='ocrx_word' id='word_1_342' title='bbox 2293 1739 2487 1796; x_wconf 89' lang='lat' dir='ltr'><strong>videris</strong></span> <span class='ocrx_word' id='word_1_343' title='bbox 2509 1741 2777 1800; x_wconf 86' lang='lat' dir='ltr'><strong>flammam</strong></span> <span class='ocrx_word' id='word_1_344' title='bbox 2808 1756 2863 1803; x_wconf 91' lang='lat' dir='ltr'><strong>et</strong></span> <span class='ocrx_word' id='word_1_345' title='bbox 2888 1749 3078 1806; x_wconf 89' lang='lat' dir='ltr'><strong>fluvios</strong></span> <span class='ocrx_word' id='word_1_346' title='bbox 3104 1753 3287 1823; x_wconf 90' lang='lat' dir='ltr'><strong>igneos</strong></span> <span class='ocrx_word' id='word_1_347' title='bbox 3312 1765 3365 1812; x_wconf 91' lang='lat' dir='ltr'><strong>et</strong></span> <span class='ocrx_word' id='word_1_348' title='bbox 3394 1758 3603 1816; x_wconf 87' lang='lat' dir='ltr'><strong>vincula</strong></span> <span class='ocrx_word' id='word_1_349' title='bbox 3634 1764 3735 1818; x_wconf 59' lang='lat' dir='ltr'><strong>in-</strong></span> 
     </span>
    </p>
   </div>
   <div class='ocr_carea' id='block_1_45' title="bbox 2133 1826 3733 1921">
    <p class='ocr_par' dir='ltr' id='par_1_45' title="bbox 2133 1826 3733 1921">
     <span class='ocr_line' id='line_1_45' title="bbox 2133 1826 3733 1921; baseline 0.018 -40"><span class='ocrx_word' id='word_1_350' title='bbox 2133 1826 2401 1895; x_wconf 77' lang='lat' dir='ltr'><strong>solubilis,</strong></span> <span class='ocrx_word' id='word_1_351' title='bbox 2455 1840 2510 1886; x_wconf 90' lang='lat' dir='ltr'><strong>et</strong></span> <span class='ocrx_word' id='word_1_352' title='bbox 2550 1835 2835 1892; x_wconf 86' lang='lat' dir='ltr'><strong>stridorem</strong></span> <span class='ocrx_word' id='word_1_353' title='bbox 2868 1839 3107 1897; x_wconf 88' lang='lat' dir='ltr'><strong>dentium</strong></span> <span class='ocrx_word' id='word_1_354' title='bbox 3136 1845 3369 1903; x_wconf 87' lang='lat' dir='ltr'><strong>audieris</strong></span> <span class='ocrx_word' id='word_1_355' title='bbox 3391 1851 3427 1905; x_wconf 52' lang='lat' dir='ltr'><strong>ib</strong></span> <span class='ocrx_word' id='word_1_356' title='bbox 3450 1853 3571 1921; x_wconf 89' lang='lat' dir='ltr'><strong>quis</strong></span> <span class='ocrx_word' id='word_1_357' title='bbox 3624 1854 3733 1911; x_wconf 77' lang='lat' dir='ltr'><strong>tibi</strong></span> 
     </span>
    </p>
   </div>
   <div class='ocr_carea' id='block_1_46' title="bbox 2134 1924 3743 2014">
    <p class='ocr_par' dir='ltr' id='par_1_46' title="bbox 2134 1924 3743 2014">
     <span class='ocr_line' id='line_1_46' title="bbox 2134 1924 3743 2014; baseline 0.021 -43"><span class='ocrx_word' id='word_1_358' title='bbox 2134 1924 2261 1974; x_wconf 92' lang='lat' dir='ltr'><strong>tunc</strong></span> <span class='ocrx_word' id='word_1_359' title='bbox 2304 1924 2740 1991; x_wconf 89' lang='lat' dir='ltr'><strong>patrocinabitur,</strong></span> <span class='ocrx_word' id='word_1_360' title='bbox 2771 1943 2893 1984; x_wconf 88' lang='lat' dir='ltr'><strong>cum</strong></span> <span class='ocrx_word' id='word_1_361' title='bbox 2927 1932 3127 1989; x_wconf 90' lang='lat' dir='ltr'><strong>videris</strong></span> <span class='ocrx_word' id='word_1_362' title='bbox 3153 1938 3433 2009; x_wconf 88' lang='lat' dir='ltr'><strong>artificem,</strong></span> <span class='ocrx_word' id='word_1_363' title='bbox 3452 1945 3539 2014; x_wconf 89' lang='lat' dir='ltr'><strong>qui</strong></span> <span class='ocrx_word' id='word_1_364' title='bbox 3569 1957 3743 2003; x_wconf 76' lang='lat' dir='ltr'><strong>recte</strong></span> 
     </span>
    </p>
   </div>
   <div class='ocr_carea' id='block_1_47' title="bbox 2132 2009 3727 2105">
    <p class='ocr_par' dir='ltr' id='par_1_47' title="bbox 2132 2009 3727 2105">
     <span class='ocr_line' id='line_1_47' title="bbox 2132 2009 3727 2105; baseline 0.02 -43"><span class='ocrx_word' id='word_1_365' title='bbox 2132 2009 2351 2077; x_wconf 79' lang='lat' dir='ltr'><strong>vixerit,</strong></span> <span class='ocrx_word' id='word_1_366' title='bbox 2403 2016 2551 2070; x_wconf 88' lang='lat' dir='ltr'><strong>omni</strong></span> <span class='ocrx_word' id='word_1_367' title='bbox 2594 2018 2763 2088; x_wconf 77' lang='lat' dir='ltr'><strong>gloria</strong></span> <span class='ocrx_word' id='word_1_368' title='bbox 2792 2020 3099 2091; x_wconf 87' lang='lat' dir='ltr'><strong>fruentem;</strong></span> <span class='ocrx_word' id='word_1_369' title='bbox 3152 2037 3203 2084; x_wconf 91' lang='lat' dir='ltr'><strong>te</strong></span> <span class='ocrx_word' id='word_1_370' title='bbox 3243 2046 3393 2100; x_wconf 91' lang='lat' dir='ltr'><strong>vero,</strong></span> <span class='ocrx_word' id='word_1_371' title='bbox 3445 2009 3534 2105; x_wconf 79' lang='lat' dir='ltr'><strong>qui</strong></span> <span class='ocrx_word' id='word_1_372' title='bbox 3567 2054 3727 2095; x_wconf 86' lang='lat' dir='ltr'><strong>nunc</strong></span> 
     </span>
    </p>
   </div>
   <div class='ocr_carea' id='block_1_48' title="bbox 2130 2100 3739 2200">
    <p class='ocr_par' dir='ltr' id='par_1_48' title="bbox 2130 2100 3739 2200">
     <span class='ocr_line' id='line_1_48' title="bbox 2130 2100 3739 2200; baseline 0.022 -48"><span class='ocrx_word' id='word_1_373' title='bbox 2130 2100 2319 2156; x_wconf 87' lang='lat' dir='ltr'><strong>sericis</strong></span> <span class='ocrx_word' id='word_1_374' title='bbox 2373 2102 2587 2162; x_wconf 90' lang='lat' dir='ltr'><strong>indutus</strong></span> <span class='ocrx_word' id='word_1_375' title='bbox 2649 2123 2710 2165; x_wconf 91' lang='lat' dir='ltr'><strong>es</strong></span> <span class='ocrx_word' id='word_1_376' title='bbox 2766 2114 3098 2171; x_wconf 82' lang='lat' dir='ltr'><strong>vestimentis</strong></span> <span class='ocrx_word' id='word_1_377' title='bbox 3139 2128 3194 2175; x_wconf 91' lang='lat' dir='ltr'><strong>et</strong></span> <span class='ocrx_word' id='word_1_378' title='bbox 3247 2122 3360 2179; x_wconf 92' lang='lat' dir='ltr'><strong>oles</strong></span> <span class='ocrx_word' id='word_1_379' title='bbox 3404 2100 3739 2200; x_wconf 64' lang='lat' dir='ltr'><strong>unguenta,</strong></span> 
     </span>
    </p>
   </div>
   <div class='ocr_carea' id='block_1_49' title="bbox 2132 2190 3736 2282">
    <p class='ocr_par' dir='ltr' id='par_1_49' title="bbox 2132 2190 3736 2282">
     <span class='ocr_line' id='line_1_49' title="bbox 2132 2190 3736 2282; baseline 0.021 -38"><span class='ocrx_word' id='word_1_380' title='bbox 2132 2190 2489 2250; x_wconf 87' lang='lat' dir='ltr'><strong>intolerabilia</strong></span> <span class='ocrx_word' id='word_1_381' title='bbox 2536 2200 2867 2269; x_wconf 84' lang='lat' dir='ltr'><strong>patientem?</strong></span> <span class='ocrx_word' id='word_1_382' title='bbox 2911 2209 3037 2276; x_wconf 90' lang='lat' dir='ltr'><strong>quid</strong></span> <span class='ocrx_word' id='word_1_383' title='bbox 3068 2210 3158 2266; x_wconf 93' lang='lat' dir='ltr'><strong>tibi</strong></span> <span class='ocrx_word' id='word_1_384' title='bbox 3190 2190 3736 2282; x_wconf 45' lang='lat' dir='ltr'><strong>proderunt&#39;divititx;</strong></span> 
     </span>
    </p>
   </div>
   <div class='ocr_carea' id='block_1_50' title="bbox 2131 2291 3743 2371">
    <p class='ocr_par' dir='ltr' id='par_1_50' title="bbox 2131 2291 3743 2371">
     <span class='ocr_line' id='line_1_50' title="bbox 2131 2291 3743 2371; baseline 0.021 -34"><span class='ocrx_word' id='word_1_385' title='bbox 2131 2292 2186 2338; x_wconf 89' lang='lat' dir='ltr'><strong>et</strong></span> <span class='ocrx_word' id='word_1_386' title='bbox 2225 2300 2403 2340; x_wconf 89' lang='lat' dir='ltr'><strong>rerum</strong></span> <span class='ocrx_word' id='word_1_387' title='bbox 2450 2291 2691 2346; x_wconf 91' lang='lat' dir='ltr'><strong>omnium</strong></span> <span class='ocrx_word' id='word_1_388' title='bbox 2750 2297 2944 2365; x_wconf 88' lang='lat' dir='ltr'><strong>copia?</strong></span> <span class='ocrx_word' id='word_1_389' title='bbox 2989 2302 3117 2369; x_wconf 92' lang='lat' dir='ltr'><strong>quid</strong></span> <span class='ocrx_word' id='word_1_390' title='bbox 3171 2304 3477 2365; x_wconf 85' lang='lat' dir='ltr'><strong>detrimenti</strong></span> <span class='ocrx_word' id='word_1_391' title='bbox 3519 2316 3743 2371; x_wconf 75' lang='lat' dir='ltr'><strong>artifici</strong></span> 
     </span>
    </p>
   </div>
   <div class='ocr_carea' id='block_1_51' title="bbox 2129 2372 3745 2472">
    <p class='ocr_par' dir='ltr' id='par_1_51' title="bbox 2129 2372 3745 2472">
     <span class='ocr_line' id='line_1_51' title="bbox 2129 2372 3745 2472; baseline 0.022 -45"><span class='ocrx_word' id='word_1_392' title='bbox 2129 2372 2283 2429; x_wconf 76' lang='lat' dir='ltr'><strong>affert</strong></span> <span class='ocrx_word' id='word_1_393' title='bbox 2326 2381 2655 2447; x_wconf 86' lang='lat' dir='ltr'><strong>paupertas?</strong></span> <span class='ocrx_word' id='word_1_394' title='bbox 2700 2382 2780 2438; x_wconf 85' lang='lat' dir='ltr'><strong>Ne</strong></span> <span class='ocrx_word' id='word_1_395' title='bbox 2822 2400 2951 2456; x_wconf 89' lang='lat' dir='ltr'><strong>ergo</strong></span> <span class='ocrx_word' id='word_1_396' title='bbox 2996 2399 3119 2445; x_wconf 91' lang='lat' dir='ltr'><strong>tunc</strong></span> <span class='ocrx_word' id='word_1_397' title='bbox 3164 2396 3441 2464; x_wconf 87' lang='lat' dir='ltr'><strong>patiamur,</strong></span> <span class='ocrx_word' id='word_1_398' title='bbox 3485 2417 3546 2456; x_wconf 87' lang='lat' dir='ltr'><strong>ea</strong></span> <span class='ocrx_word' id='word_1_399' title='bbox 3594 2421 3745 2472; x_wconf 27' lang='lat' dir='ltr'><strong>quas;</strong></span> 
     </span>
    </p>
   </div>
   <div class='ocr_carea' id='block_1_52' title="bbox 2130 2466 3741 2552">
    <p class='ocr_par' dir='ltr' id='par_1_52' title="bbox 2130 2466 3741 2552">
     <span class='ocr_line' id='line_1_52' title="bbox 2130 2466 3741 2552; baseline 0.023 -36"><span class='ocrx_word' id='word_1_400' title='bbox 2130 2479 2271 2519; x_wconf 90' lang='lat' dir='ltr'><strong>nunc</strong></span> <span class='ocrx_word' id='word_1_401' title='bbox 2295 2466 2547 2524; x_wconf 88' lang='lat' dir='ltr'><strong>dicuntur</strong></span> <span class='ocrx_word' id='word_1_402' title='bbox 2573 2472 2876 2542; x_wconf 85' lang='lat' dir='ltr'><strong>timeamus,</strong></span> <span class='ocrx_word' id='word_1_403' title='bbox 2924 2488 2979 2534; x_wconf 89' lang='lat' dir='ltr'><strong>et</strong></span> <span class='ocrx_word' id='word_1_404' title='bbox 3008 2490 3181 2539; x_wconf 89' lang='lat' dir='ltr'><strong>totum</strong></span> <span class='ocrx_word' id='word_1_405' title='bbox 3208 2486 3443 2545; x_wconf 87' lang='lat' dir='ltr'><strong>laborem</strong></span> <span class='ocrx_word' id='word_1_406' title='bbox 3470 2505 3741 2552; x_wconf 35' lang='lat' dir='ltr'><strong>nostrum.</strong></span> 
     </span>
    </p>
   </div>
   <div class='ocr_carea' id='block_1_53' title="bbox 2131 2557 3727 2643">
    <p class='ocr_par' dir='ltr' id='par_1_53' title="bbox 2131 2557 3727 2643">
     <span class='ocr_line' id='line_1_53' title="bbox 2131 2557 3727 2643; baseline 0.021 -32"><span class='ocrx_word' id='word_1_407' title='bbox 2131 2557 2184 2612; x_wconf 89' lang='lat' dir='ltr'><strong>in</strong></span> <span class='ocrx_word' id='word_1_408' title='bbox 2214 2562 2643 2618; x_wconf 88' lang='lat' dir='ltr'><strong>necessariarum</strong></span> <span class='ocrx_word' id='word_1_409' title='bbox 2678 2582 2854 2623; x_wconf 91' lang='lat' dir='ltr'><strong>rerum</strong></span> <span class='ocrx_word' id='word_1_410' title='bbox 2887 2574 3140 2641; x_wconf 83' lang='lat' dir='ltr'><strong>Operibus</strong></span> <span class='ocrx_word' id='word_1_411' title='bbox 3180 2593 3574 2640; x_wconf 88' lang='lat' dir='ltr'><strong>consumamus.</strong></span> <span class='ocrx_word' id='word_1_412' title='bbox 3640 2588 3727 2643; x_wconf 83' lang='lat' dir='ltr'><strong>fta</strong></span> 
     </span>
    </p>
   </div>
   <div class='ocr_carea' id='block_1_54' title="bbox 2128 2650 3733 2752">
    <p class='ocr_par' dir='ltr' id='par_1_54' title="bbox 2128 2650 3733 2752">
     <span class='ocr_line' id='line_1_54' title="bbox 2128 2650 3733 2752; baseline 0.022 -48"><span class='ocrx_word' id='word_1_413' title='bbox 2128 2650 2271 2704; x_wconf 87' lang='lat' dir='ltr'><strong>enim</strong></span> <span class='ocrx_word' id='word_1_414' title='bbox 2304 2653 2512 2722; x_wconf 90' lang='lat' dir='ltr'><strong>placato</strong></span> <span class='ocrx_word' id='word_1_415' title='bbox 2538 2656 2647 2712; x_wconf 90' lang='lat' dir='ltr'><strong>Deo</strong></span> <span class='ocrx_word' id='word_1_416' title='bbox 2676 2674 2773 2728; x_wconf 94' lang='lat' dir='ltr'><strong>pro</strong></span> <span class='ocrx_word' id='word_1_417' title='bbox 2802 2666 3035 2731; x_wconf 89' lang='lat' dir='ltr'><strong>peccatis</strong></span> <span class='ocrx_word' id='word_1_418' title='bbox 3067 2674 3369 2738; x_wconf 70' lang='lat' dir='ltr'><strong>prmteritis,</strong></span> <span class='ocrx_word' id='word_1_419' title='bbox 3413 2678 3733 2752; x_wconf 82' lang='lat' dir='ltr'><strong>additisque</strong></span> 
     </span>
    </p>
   </div>
   <div class='ocr_carea' id='block_1_55' title="bbox 2129 2737 3724 2843">
    <p class='ocr_par' dir='ltr' id='par_1_55' title="bbox 2129 2737 3724 2843">
     <span class='ocr_line' id='line_1_55' title="bbox 2129 2737 3724 2843; baseline 0.024 -50"><span class='ocrx_word' id='word_1_420' title='bbox 2129 2737 2283 2796; x_wconf 71' lang='lat' dir='ltr'><strong>bonis</strong></span> <span class='ocrx_word' id='word_1_421' title='bbox 2331 2745 2584 2813; x_wconf 87' lang='lat' dir='ltr'><strong>operibus</strong></span> <span class='ocrx_word' id='word_1_422' title='bbox 2630 2749 2858 2820; x_wconf 88' lang='lat' dir='ltr'><strong>futuris,</strong></span> <span class='ocrx_word' id='word_1_423' title='bbox 2902 2771 3124 2826; x_wconf 82' lang='lat' dir='ltr'><strong>regnum</strong></span> <span class='ocrx_word' id='word_1_424' title='bbox 3160 2763 3410 2823; x_wconf 67' lang='lat' dir='ltr'><strong>cazlorum</strong></span> <span class='ocrx_word' id='word_1_425' title='bbox 3458 2737 3724 2843; x_wconf 73' lang='lat' dir='ltr'><strong>consequi</strong></span> 
     </span>
    </p>
   </div>
   <div class='ocr_carea' id='block_1_56' title="bbox 2129 2833 3228 2915">
    <p class='ocr_par' dir='ltr' id='par_1_56' title="bbox 2129 2833 3228 2915">
     <span class='ocr_line' id='line_1_56' title="bbox 2129 2833 3228 2915; baseline 0.022 -31"><span class='ocrx_word' id='word_1_426' title='bbox 2129 2833 2422 2900; x_wconf 85' lang='lat' dir='ltr'><strong>poterimus</strong></span> <span class='ocrx_word' id='word_1_427' title='bbox 2443 2878 2459 2903; x_wconf 94' lang='lat'><strong>,</strong></span> <span class='ocrx_word' id='word_1_428' title='bbox 2489 2839 2658 2908; x_wconf 88' lang='lat' dir='ltr'><strong>gratia</strong></span> <span class='ocrx_word' id='word_1_429' title='bbox 2685 2853 2737 2896; x_wconf 91' lang='lat' dir='ltr'><strong>et</strong></span> <span class='ocrx_word' id='word_1_430' title='bbox 2764 2843 3109 2915; x_wconf 84' lang='lat' dir='ltr'><strong>benignitate,</strong></span> <span class='ocrx_word' id='word_1_431' title='bbox 3143 2862 3228 2907; x_wconf 92' lang='lat' dir='ltr'><strong>etc</strong></span> 
     </span>
    </p>
   </div>
   <div class='ocr_carea' id='block_1_57' title="bbox 2088 2964 3681 3015">
    <p class='ocr_par' dir='ltr' id='par_1_57' title="bbox 2088 2964 3681 3015">
     <span class='ocr_line' id='line_1_57' title="bbox 2088 2964 3681 3015; baseline 0.018 -39"><span class='ocrx_word' id='word_1_432' title='bbox 2088 2964 3681 3015; x_wconf 68' lang='lat'><strong>.__——__._.___________</strong></span> 
     </span>
    </p>
   </div>
   <div class='ocr_carea' id='block_1_58' title="bbox 1792 3037 2293 3101">
    <p class='ocr_par' dir='ltr' id='par_1_58' title="bbox 1792 3037 2293 3101">
     <span class='ocr_line' id='line_1_58' title="bbox 1792 3037 2293 3101; baseline 0.004 -3"><span class='ocrx_word' id='word_1_433' title='bbox 1792 3037 2143 3101; x_wconf 85' lang='lat' dir='ltr'><strong>HOMILIA</strong></span> <span class='ocrx_word' id='word_1_434' title='bbox 2193 3040 2293 3101; x_wconf 87' lang='lat' dir='ltr'><strong>VI.</strong></span> 
     </span>
    </p>
   </div>
   <div class='ocr_carea' id='block_1_59' title="bbox 445 3178 2017 3252">
    <p class='ocr_par' dir='ltr' id='par_1_59' title="bbox 445 3178 2017 3252">
     <span class='ocr_line' id='line_1_59' title="bbox 445 3178 2017 3252; baseline 0.001 -17"><span class='ocrx_word' id='word_1_435' title='bbox 445 3178 574 3235; x_wconf 76' lang='lat' dir='ltr'><strong>CAP.</strong></span> <span class='ocrx_word' id='word_1_436' title='bbox 604 3178 659 3233; x_wconf 73' lang='lat'><strong>2.</strong></span> <span class='ocrx_word' id='word_1_437' title='bbox 687 3195 741 3233; x_wconf 91' lang='lat' dir='ltr'><strong>v.</strong></span> <span class='ocrx_word' id='word_1_438' title='bbox 772 3181 824 3235; x_wconf 76' lang='grc' dir='ltr'><strong>ί.</strong></span> <span class='ocrx_word' id='word_1_439' title='bbox 864 3179 927 3234; x_wconf 87' lang='lat' dir='ltr'><strong>Et</strong></span> <span class='ocrx_word' id='word_1_440' title='bbox 954 3196 1067 3252; x_wconf 86' lang='lat' dir='ltr'><strong>ego,</strong></span> <span class='ocrx_word' id='word_1_441' title='bbox 1094 3183 1298 3251; x_wconf 77' lang='lat' dir='ltr'><strong>fratres,</strong></span> <span class='ocrx_word' id='word_1_442' title='bbox 1320 3198 1434 3236; x_wconf 86' lang='lat' dir='ltr'><strong>cum</strong></span> <span class='ocrx_word' id='word_1_443' title='bbox 1478 3185 1588 3237; x_wconf 79' lang='lat' dir='ltr'><strong>veni</strong></span> <span class='ocrx_word' id='word_1_444' title='bbox 1624 3183 1694 3236; x_wconf 84' lang='lat' dir='ltr'><strong>ad</strong></span> <span class='ocrx_word' id='word_1_445' title='bbox 1740 3198 1825 3238; x_wconf 82' lang='lat' dir='ltr'><strong>vos</strong></span> <span class='ocrx_word' id='word_1_446' title='bbox 1846 3225 1859 3250; x_wconf 96' lang='lat'><strong>,</strong></span> <span class='ocrx_word' id='word_1_447' title='bbox 1906 3187 2017 3239; x_wconf 80' lang='lat' dir='ltr'><strong>vent</strong></span> 
     </span>
    </p>
   </div>
   <div class='ocr_carea' id='block_1_60' title="bbox 506 3272 2021 3342">
    <p class='ocr_par' dir='ltr' id='par_1_60' title="bbox 506 3272 2021 3342">
     <span class='ocr_line' id='line_1_60' title="bbox 506 3272 2021 3342; baseline 0.005 -18"><span class='ocrx_word' id='word_1_448' title='bbox 506 3289 607 3325; x_wconf 85' lang='lat' dir='ltr'><strong>non</strong></span> <span class='ocrx_word' id='word_1_449' title='bbox 636 3272 688 3325; x_wconf 88' lang='lat' dir='ltr'><strong>in</strong></span> <span class='ocrx_word' id='word_1_450' title='bbox 718 3272 1025 3327; x_wconf 80' lang='lat' dir='ltr'><strong>sublimitate</strong></span> <span class='ocrx_word' id='word_1_451' title='bbox 1051 3275 1296 3328; x_wconf 80' lang='lat' dir='ltr'><strong>sermonis</strong></span> <span class='ocrx_word' id='word_1_452' title='bbox 1337 3283 1424 3327; x_wconf 87' lang='lat' dir='ltr'><strong>aut</strong></span> <span class='ocrx_word' id='word_1_453' title='bbox 1469 3275 1730 3342; x_wconf 73' lang='lat' dir='ltr'><strong>sapientia:</strong></span> <span class='ocrx_word' id='word_1_454' title='bbox 1750 3316 1765 3339; x_wconf 87' lang='lat'><strong>,</strong></span> <span class='ocrx_word' id='word_1_455' title='bbox 1816 3293 2021 3332; x_wconf 88' lang='lat' dir='ltr'><strong>annun-</strong></span> 
     </span>
    </p>
   </div>
   <div class='ocr_carea' id='block_1_61' title="bbox 508 3364 2020 3440">
    <p class='ocr_par' dir='ltr' id='par_1_61' title="bbox 508 3364 2020 3440">
     <span class='ocr_line' id='line_1_61' title="bbox 508 3364 2020 3440; baseline 0.006 -23"><span class='ocrx_word' id='word_1_456' title='bbox 508 3365 640 3417; x_wconf 88' lang='lat' dir='ltr'><strong>tians</strong></span> <span class='ocrx_word' id='word_1_457' title='bbox 664 3364 801 3419; x_wconf 81' lang='lat' dir='ltr'><strong>vobis</strong></span> <span class='ocrx_word' id='word_1_458' title='bbox 832 3366 1168 3419; x_wconf 87' lang='lat' dir='ltr'><strong>testimonium</strong></span> <span class='ocrx_word' id='word_1_459' title='bbox 1196 3365 1311 3420; x_wconf 87' lang='lat' dir='ltr'><strong>Dei.</strong></span> <span class='ocrx_word' id='word_1_460' title='bbox 1353 3367 1404 3420; x_wconf 74' lang='lat'><strong>2.</strong></span> <span class='ocrx_word' id='word_1_461' title='bbox 1444 3365 1566 3421; x_wconf 85' lang='lat' dir='ltr'><strong>Non</strong></span> <span class='ocrx_word' id='word_1_462' title='bbox 1617 3368 1751 3421; x_wconf 87' lang='lat' dir='ltr'><strong>enim</strong></span> <span class='ocrx_word' id='word_1_463' title='bbox 1788 3370 2020 3440; x_wconf 80' lang='lat' dir='ltr'><strong>judicavi</strong></span> 
     </span>
    </p>
   </div>
   <div class='ocr_carea' id='block_1_62' title="bbox 508 3456 2018 3529">
    <p class='ocr_par' dir='ltr' id='par_1_62' title="bbox 508 3456 2018 3529">
     <span class='ocr_line' id='line_1_62' title="bbox 508 3456 2018 3529; baseline 0.007 -23"><span class='ocrx_word' id='word_1_464' title='bbox 508 3472 588 3510; x_wconf 86' lang='lat' dir='ltr'><strong>me</strong></span> <span class='ocrx_word' id='word_1_465' title='bbox 612 3456 741 3514; x_wconf 77' lang='lat' dir='ltr'><strong>seire</strong></span> <span class='ocrx_word' id='word_1_466' title='bbox 764 3456 961 3527; x_wconf 85' lang='lat' dir='ltr'><strong>aliquid</strong></span> <span class='ocrx_word' id='word_1_467' title='bbox 988 3457 1042 3511; x_wconf 89' lang='lat' dir='ltr'><strong>in</strong></span> <span class='ocrx_word' id='word_1_468' title='bbox 1070 3457 1204 3513; x_wconf 84' lang='lat' dir='ltr'><strong>vobis</strong></span> <span class='ocrx_word' id='word_1_469' title='bbox 1227 3497 1244 3523; x_wconf 90' lang='lat'><strong>,</strong></span> <span class='ocrx_word' id='word_1_470' title='bbox 1272 3458 1370 3512; x_wconf 91' lang='lat' dir='ltr'><strong>nisi</strong></span> <span class='ocrx_word' id='word_1_471' title='bbox 1412 3456 1591 3513; x_wconf 74' lang='lat' dir='ltr'><strong>Iesum</strong></span> <span class='ocrx_word' id='word_1_472' title='bbox 1634 3456 1890 3515; x_wconf 81' lang='lat' dir='ltr'><strong>Christum</strong></span> <span class='ocrx_word' id='word_1_473' title='bbox 1913 3502 1929 3529; x_wconf 95' lang='lat'><strong>,</strong></span> <span class='ocrx_word' id='word_1_474' title='bbox 1970 3471 2018 3516; x_wconf 90' lang='lat' dir='ltr'><strong>et</strong></span> 
     </span>
    </p>
   </div>
   <div class='ocr_carea' id='block_1_63' title="bbox 507 3547 982 3615">
    <p class='ocr_par' dir='ltr' id='par_1_63' title="bbox 507 3547 982 3615">
     <span class='ocr_line' id='line_1_63' title="bbox 507 3547 982 3615; baseline 0.008 -17"><span class='ocrx_word' id='word_1_475' title='bbox 507 3548 640 3599; x_wconf 88' lang='lat' dir='ltr'><strong>hunc</strong></span> <span class='ocrx_word' id='word_1_476' title='bbox 664 3547 982 3615; x_wconf 73' lang='lat' dir='ltr'><strong>cruciﬁxum.</strong></span> 
     </span>
    </p>
   </div>
   <div class='ocr_carea' id='block_1_64' title="bbox 510 3637 2015 3713">
    <p class='ocr_par' dir='ltr' id='par_1_64' title="bbox 510 3637 2015 3713">
     <span class='ocr_line' id='line_1_64' title="bbox 510 3637 2015 3713; baseline 0.005 -21"><span class='ocrx_word' id='word_1_477' title='bbox 510 3638 563 3692; x_wconf 77' lang='lat' dir='ltr'><strong>l.</strong></span> <span class='ocrx_word' id='word_1_478' title='bbox 590 3637 731 3692; x_wconf 85' lang='lat' dir='ltr'><strong>Nihil</strong></span> <span class='ocrx_word' id='word_1_479' title='bbox 758 3646 840 3692; x_wconf 91' lang='lat' dir='ltr'><strong>est</strong></span> <span class='ocrx_word' id='word_1_480' title='bbox 866 3637 1013 3693; x_wconf 84' lang='lat' dir='ltr'><strong>Pauli</strong></span> <span class='ocrx_word' id='word_1_481' title='bbox 1041 3638 1218 3694; x_wconf 89' lang='lat' dir='ltr'><strong>anima</strong></span> <span class='ocrx_word' id='word_1_482' title='bbox 1266 3638 1333 3694; x_wconf 91' lang='lat' dir='ltr'><strong>ad</strong></span> <span class='ocrx_word' id='word_1_483' title='bbox 1379 3638 1760 3696; x_wconf 90' lang='lat' dir='ltr'><strong>decertandum</strong></span> <span class='ocrx_word' id='word_1_484' title='bbox 1803 3643 2015 3713; x_wconf 88' lang='lat' dir='ltr'><strong>acrius;</strong></span> 
     </span>
    </p>
   </div>
   <div class='ocr_carea' id='block_1_65' title="bbox 437 3728 2017 3804">
    <p class='ocr_par' dir='ltr' id='par_1_65' title="bbox 437 3728 2017 3804">
     <span class='ocr_line' id='line_1_65' title="bbox 437 3728 2017 3804; baseline 0.006 -22"><span class='ocrx_word' id='word_1_485' title='bbox 437 3728 545 3783; x_wconf 80' lang='lat' dir='ltr'><strong>imo</strong></span> <span class='ocrx_word' id='word_1_486' title='bbox 577 3730 747 3797; x_wconf 85' lang='lat' dir='ltr'><strong>potius</strong></span> <span class='ocrx_word' id='word_1_487' title='bbox 772 3744 877 3784; x_wconf 91' lang='lat' dir='ltr'><strong>non</strong></span> <span class='ocrx_word' id='word_1_488' title='bbox 903 3730 1042 3785; x_wconf 90' lang='lat' dir='ltr'><strong>illius</strong></span> <span class='ocrx_word' id='word_1_489' title='bbox 1071 3731 1249 3785; x_wconf 89' lang='lat' dir='ltr'><strong>anima</strong></span> <span class='ocrx_word' id='word_1_490' title='bbox 1280 3748 1295 3785; x_wconf 89' lang='lat'><strong>:</strong></span> <span class='ocrx_word' id='word_1_491' title='bbox 1323 3748 1428 3788; x_wconf 90' lang='lat' dir='ltr'><strong>non</strong></span> <span class='ocrx_word' id='word_1_492' title='bbox 1461 3734 1605 3788; x_wconf 88' lang='lat' dir='ltr'><strong>enim</strong></span> <span class='ocrx_word' id='word_1_493' title='bbox 1646 3734 1759 3804; x_wconf 91' lang='lat' dir='ltr'><strong>ipse</strong></span> <span class='ocrx_word' id='word_1_494' title='bbox 1803 3736 1905 3792; x_wconf 90' lang='lat' dir='ltr'><strong>hoc</strong></span> <span class='ocrx_word' id='word_1_495' title='bbox 1937 3738 2017 3793; x_wconf 84' lang='lat' dir='ltr'><strong>in-</strong></span> 
     </span>
    </p>
   </div>
   <div class='ocr_carea' id='block_1_66' title="bbox 434 3818 2017 3900">
    <p class='ocr_par' dir='ltr' id='par_1_66' title="bbox 434 3818 2017 3900">
     <span class='ocr_line' id='line_1_66' title="bbox 434 3818 2017 3900; baseline 0.006 -25"><span class='ocrx_word' id='word_1_496' title='bbox 434 3820 610 3884; x_wconf 81' lang='lat' dir='ltr'><strong>venit;</strong></span> <span class='ocrx_word' id='word_1_497' title='bbox 658 3818 752 3875; x_wconf 88' lang='lat' dir='ltr'><strong>sed</strong></span> <span class='ocrx_word' id='word_1_498' title='bbox 798 3819 931 3874; x_wconf 89' lang='lat' dir='ltr'><strong>nihil</strong></span> <span class='ocrx_word' id='word_1_499' title='bbox 978 3835 1073 3891; x_wconf 91' lang='lat' dir='ltr'><strong>par</strong></span> <span class='ocrx_word' id='word_1_500' title='bbox 1120 3822 1307 3892; x_wconf 73' lang='lat' dir='ltr'><strong>gratia:</strong></span> <span class='ocrx_word' id='word_1_501' title='bbox 1358 3824 1409 3878; x_wconf 91' lang='lat' dir='ltr'><strong>in</strong></span> <span class='ocrx_word' id='word_1_502' title='bbox 1458 3824 1552 3879; x_wconf 90' lang='lat' dir='ltr'><strong>illo</strong></span> <span class='ocrx_word' id='word_1_503' title='bbox 1581 3828 1855 3897; x_wconf 84' lang='lat' dir='ltr'><strong>aperanti,</strong></span> <span class='ocrx_word' id='word_1_504' title='bbox 1898 3846 2017 3900; x_wconf 73' lang='lat' dir='ltr'><strong>qua:</strong></span> 
     </span>
    </p>
   </div>
   <div class='ocr_carea' id='block_1_67' title="bbox 437 3910 2015 3990">
    <p class='ocr_par' dir='ltr' id='par_1_67' title="bbox 437 3910 2015 3990">
     <span class='ocr_line' id='line_1_67' title="bbox 437 3910 2015 3990; baseline 0.009 -25"><span class='ocrx_word' id='word_1_505' title='bbox 437 3911 617 3966; x_wconf 88' lang='lat' dir='ltr'><strong>omnia</strong></span> <span class='ocrx_word' id='word_1_506' title='bbox 646 3910 829 3965; x_wconf 89' lang='lat' dir='ltr'><strong>vincit.</strong></span> <span class='ocrx_word' id='word_1_507' title='bbox 859 3912 1001 3967; x_wconf 84' lang='lat' dir='ltr'><strong>Satis</strong></span> <span class='ocrx_word' id='word_1_508' title='bbox 1026 3912 1167 3967; x_wconf 90' lang='lat' dir='ltr'><strong>enim</strong></span> <span class='ocrx_word' id='word_1_509' title='bbox 1199 3924 1358 3968; x_wconf 86' lang='lat' dir='ltr'><strong>erunt</strong></span> <span class='ocrx_word' id='word_1_510' title='bbox 1402 3931 1463 3970; x_wconf 90' lang='lat' dir='ltr'><strong>ea</strong></span> <span class='ocrx_word' id='word_1_511' title='bbox 1483 3958 1500 3984; x_wconf 91' lang='lat'><strong>,</strong></span> <span class='ocrx_word' id='word_1_512' title='bbox 1539 3933 1656 3986; x_wconf 75' lang='lat' dir='ltr'><strong>qua:</strong></span> <span class='ocrx_word' id='word_1_513' title='bbox 1692 3920 1839 3990; x_wconf 90' lang='lat' dir='ltr'><strong>prius</strong></span> <span class='ocrx_word' id='word_1_514' title='bbox 1874 3922 2015 3979; x_wconf 87' lang='lat' dir='ltr'><strong>dicta</strong></span> 
     </span>
    </p>
   </div>
   <div class='ocr_carea' id='block_1_68' title="bbox 438 4000 2018 4084">
    <p class='ocr_par' dir='ltr' id='par_1_68' title="bbox 438 4000 2018 4084">
     <span class='ocr_line' id='line_1_68' title="bbox 438 4000 2018 4084; baseline 0.01 -29"><span class='ocrx_word' id='word_1_515' title='bbox 438 4011 596 4067; x_wconf 86' lang='lat' dir='ltr'><strong>sunt,</strong></span> <span class='ocrx_word' id='word_1_516' title='bbox 628 4000 694 4055; x_wconf 88' lang='lat' dir='ltr'><strong>ad</strong></span> <span class='ocrx_word' id='word_1_517' title='bbox 722 4000 1079 4071; x_wconf 89' lang='lat' dir='ltr'><strong>dejiciendum</strong></span> <span class='ocrx_word' id='word_1_518' title='bbox 1105 4002 1315 4059; x_wconf 90' lang='lat' dir='ltr'><strong>illorum</strong></span> <span class='ocrx_word' id='word_1_519' title='bbox 1347 4004 1539 4061; x_wconf 86' lang='lat' dir='ltr'><strong>fastum</strong></span> <span class='ocrx_word' id='word_1_520' title='bbox 1562 4049 1579 4075; x_wconf 90' lang='lat'><strong>,</strong></span> <span class='ocrx_word' id='word_1_521' title='bbox 1612 4010 1703 4079; x_wconf 91' lang='lat' dir='ltr'><strong>qui</strong></span> <span class='ocrx_word' id='word_1_522' title='bbox 1732 4013 1782 4066; x_wconf 89' lang='lat' dir='ltr'><strong>in</strong></span> <span class='ocrx_word' id='word_1_523' title='bbox 1804 4015 2018 4084; x_wconf 83' lang='lat' dir='ltr'><strong>sapien-</strong></span> 
     </span>
    </p>
   </div>
   <div class='ocr_carea' id='block_1_69' title="bbox 440 4091 2013 4165">
    <p class='ocr_par' dir='ltr' id='par_1_69' title="bbox 440 4091 2013 4165">
     <span class='ocr_line' id='line_1_69' title="bbox 440 4091 2013 4165; baseline 0.011 -21"><span class='ocrx_word' id='word_1_524' title='bbox 440 4091 509 4144; x_wconf 89' lang='lat' dir='ltr'><strong>tia</strong></span> <span class='ocrx_word' id='word_1_525' title='bbox 539 4091 944 4161; x_wconf 86' lang='lat' dir='ltr'><strong>gloriabantur;</strong></span> <span class='ocrx_word' id='word_1_526' title='bbox 976 4092 1083 4149; x_wconf 93' lang='lat' dir='ltr'><strong>imo</strong></span> <span class='ocrx_word' id='word_1_527' title='bbox 1113 4095 1193 4149; x_wconf 86' lang='lat' dir='ltr'><strong>vel</strong></span> <span class='ocrx_word' id='word_1_528' title='bbox 1221 4110 1344 4165; x_wconf 92' lang='lat' dir='ltr'><strong>pars</strong></span> <span class='ocrx_word' id='word_1_529' title='bbox 1387 4097 1649 4156; x_wconf 90' lang='lat' dir='ltr'><strong>dictorum</strong></span> <span class='ocrx_word' id='word_1_530' title='bbox 1693 4103 2013 4162; x_wconf 82' lang='lat' dir='ltr'><strong>sufﬁciebat.</strong></span> 
     </span>
    </p>
   </div>
   <div class='ocr_carea' id='block_1_70' title="bbox 440 4180 2017 4263">
    <p class='ocr_par' dir='ltr' id='par_1_70' title="bbox 440 4180 2017 4263">
     <span class='ocr_line' id='line_1_70' title="bbox 440 4180 2017 4263; baseline 0.01 -26"><span class='ocrx_word' id='word_1_531' title='bbox 440 4180 507 4237; x_wconf 87' lang='lat' dir='ltr'><strong>Ut</strong></span> <span class='ocrx_word' id='word_1_532' title='bbox 533 4191 711 4237; x_wconf 90' lang='lat' dir='ltr'><strong>autem</strong></span> <span class='ocrx_word' id='word_1_533' title='bbox 741 4184 1049 4251; x_wconf 65' lang='lat' dir='ltr'><strong>praeclarior</strong></span> <span class='ocrx_word' id='word_1_534' title='bbox 1075 4185 1145 4239; x_wconf 89' lang='lat' dir='ltr'><strong>sit</strong></span> <span class='ocrx_word' id='word_1_535' title='bbox 1174 4186 1393 4245; x_wconf 79' lang='lat' dir='ltr'><strong>victoria</strong></span> <span class='ocrx_word' id='word_1_536' title='bbox 1419 4232 1434 4256; x_wconf 93' lang='lat'><strong>,</strong></span> <span class='ocrx_word' id='word_1_537' title='bbox 1475 4191 1540 4246; x_wconf 90' lang='lat' dir='ltr'><strong>iis</strong></span> <span class='ocrx_word' id='word_1_538' title='bbox 1569 4209 1687 4263; x_wconf 70' lang='lat' dir='ltr'><strong>quae</strong></span> <span class='ocrx_word' id='word_1_539' title='bbox 1712 4196 1851 4253; x_wconf 88' lang='lat' dir='ltr'><strong>dicta</strong></span> <span class='ocrx_word' id='word_1_540' title='bbox 1890 4208 2017 4254; x_wconf 88' lang='lat' dir='ltr'><strong>sunt</strong></span> 
     </span>
    </p>
   </div>
   <div class='ocr_carea' id='block_1_71' title="bbox 434 4275 2011 4347">
    <p class='ocr_par' dir='ltr' id='par_1_71' title="bbox 434 4275 2011 4347">
     <span class='ocr_line' id='line_1_71' title="bbox 434 4275 2011 4347; baseline 0.011 -18"><span class='ocrx_word' id='word_1_541' title='bbox 434 4275 730 4329; x_wconf 88' lang='lat' dir='ltr'><strong>certamina</strong></span> <span class='ocrx_word' id='word_1_542' title='bbox 785 4275 965 4342; x_wconf 82' lang='lat' dir='ltr'><strong>addit,</strong></span> <span class='ocrx_word' id='word_1_543' title='bbox 1021 4279 1302 4347; x_wconf 86' lang='lat' dir='ltr'><strong>prostratis</strong></span> <span class='ocrx_word' id='word_1_544' title='bbox 1360 4281 1622 4340; x_wconf 84' lang='lat' dir='ltr'><strong>insultans</strong></span> <span class='ocrx_word' id='word_1_545' title='bbox 1669 4286 2011 4346; x_wconf 84' lang='lat' dir='ltr'><strong>adversariis.</strong></span> 
     </span>
    </p>
   </div>
   <div class='ocr_carea' id='block_1_72' title="bbox 436 4366 2010 4446">
    <p class='ocr_par' dir='ltr' id='par_1_72' title="bbox 436 4366 2010 4446">
     <span class='ocr_line' id='line_1_72' title="bbox 436 4366 2010 4446; baseline 0.011 -26"><span class='ocrx_word' id='word_1_546' title='bbox 436 4366 669 4422; x_wconf 84' lang='lat' dir='ltr'><strong>Attende</strong></span> <span class='ocrx_word' id='word_1_547' title='bbox 715 4376 894 4423; x_wconf 87' lang='lat' dir='ltr'><strong>autem</strong></span> <span class='ocrx_word' id='word_1_548' title='bbox 923 4386 936 4422; x_wconf 90' lang='lat'><strong>:</strong></span> <span class='ocrx_word' id='word_1_549' title='bbox 969 4368 1265 4426; x_wconf 88' lang='lat' dir='ltr'><strong>adduxerat</strong></span> <span class='ocrx_word' id='word_1_550' title='bbox 1306 4374 1643 4446; x_wconf 89' lang='lat' dir='ltr'><strong>prophetiam</strong></span> <span class='ocrx_word' id='word_1_551' title='bbox 1690 4379 1957 4437; x_wconf 88' lang='lat' dir='ltr'><strong>dicentem</strong></span> <span class='ocrx_word' id='word_1_552' title='bbox 1996 4400 2010 4437; x_wconf 91' lang='lat'><strong>:</strong></span> 
     </span>
    </p>
   </div>
   <div class='ocr_carea' id='block_1_73' title="bbox 440 4454 2019 4531">
    <p class='ocr_par' dir='ltr' id='par_1_73' title="bbox 440 4454 2019 4531">
     <span class='ocr_line' id='line_1_73' title="bbox 440 4454 2019 4531; baseline 0.013 -22"><span class='ocrx_word' id='word_1_553' title='bbox 440 4454 662 4511; x_wconf 83' lang='lat' dir='ltr'><strong>Perdant</strong></span> <span class='ocrx_word' id='word_1_554' title='bbox 709 4458 1012 4530; x_wconf 79' lang='lat' dir='ltr'><strong>sapientiam</strong></span> <span class='ocrx_word' id='word_1_555' title='bbox 1047 4462 1351 4531; x_wconf 87' lang='lat' dir='ltr'><strong>sapientium</strong></span> <span class='ocrx_word' id='word_1_556' title='bbox 1384 4480 1405 4520; x_wconf 89' lang='lat'><strong><em>:</em></strong></span> <span class='ocrx_word' id='word_1_557' title='bbox 1433 4468 1741 4526; x_wconf 87' lang='lat' dir='ltr'><strong>ostenderat</strong></span> <span class='ocrx_word' id='word_1_558' title='bbox 1786 4472 1881 4527; x_wconf 89' lang='lat' dir='ltr'><strong>Dei</strong></span> <span class='ocrx_word' id='word_1_559' title='bbox 1931 4489 2019 4529; x_wconf 88' lang='lat' dir='ltr'><strong>sa-</strong></span> 
     </span>
    </p>
   </div>
   <div class='ocr_carea' id='block_1_74' title="bbox 440 4549 2016 4626">
    <p class='ocr_par' dir='ltr' id='par_1_74' title="bbox 440 4549 2016 4626">
     <span class='ocr_line' id='line_1_74' title="bbox 440 4549 2016 4626; baseline 0.013 -26"><span class='ocrx_word' id='word_1_560' title='bbox 440 4549 733 4618; x_wconf 89' lang='lat' dir='ltr'><strong>pientiam,</strong></span> <span class='ocrx_word' id='word_1_561' title='bbox 764 4551 888 4621; x_wconf 89' lang='lat' dir='ltr'><strong>quia</strong></span> <span class='ocrx_word' id='word_1_562' title='bbox 941 4566 1036 4622; x_wconf 86' lang='lat' dir='ltr'><strong>per</strong></span> <span class='ocrx_word' id='word_1_563' title='bbox 1085 4568 1239 4620; x_wconf 90' lang='lat' dir='ltr'><strong>eam,</strong></span> <span class='ocrx_word' id='word_1_564' title='bbox 1295 4571 1415 4626; x_wconf 65' lang='lat' dir='ltr'><strong>quae</strong></span> <span class='ocrx_word' id='word_1_565' title='bbox 1462 4559 1688 4613; x_wconf 87' lang='lat' dir='ltr'><strong>stultitia</strong></span> <span class='ocrx_word' id='word_1_566' title='bbox 1740 4562 2016 4620; x_wconf 90' lang='lat' dir='ltr'><strong>videbatur</strong></span> 
     </span>
    </p>
   </div>
   <div class='ocr_carea' id='block_1_75' title="bbox 437 4643 2009 4723">
    <p class='ocr_par' dir='ltr' id='par_1_75' title="bbox 437 4643 2009 4723">
     <span class='ocr_line' id='line_1_75' title="bbox 437 4643 2009 4723; baseline 0.011 -30"><span class='ocrx_word' id='word_1_567' title='bbox 437 4653 578 4705; x_wconf 84' lang='lat' dir='ltr'><strong>esse,</strong></span> <span class='ocrx_word' id='word_1_568' title='bbox 600 4650 875 4697; x_wconf 85' lang='lat' dir='ltr'><strong>externam</strong></span> <span class='ocrx_word' id='word_1_569' title='bbox 904 4643 1296 4715; x_wconf 88' lang='lat' dir='ltr'><strong>philosophiam</strong></span> <span class='ocrx_word' id='word_1_570' title='bbox 1324 4650 1649 4717; x_wconf 86' lang='lat' dir='ltr'><strong>prostravit;</strong></span> <span class='ocrx_word' id='word_1_571' title='bbox 1679 4655 2009 4723; x_wconf 89' lang='lat' dir='ltr'><strong>ostenderat,</strong></span> 
     </span>
    </p>
   </div>
   <div class='ocr_carea' id='block_1_76' title="bbox 440 4731 2016 4816">
    <p class='ocr_par' dir='ltr' id='par_1_76' title="bbox 440 4731 2016 4816">
     <span class='ocr_line' id='line_1_76' title="bbox 440 4731 2016 4816; baseline 0.014 -33"><span class='ocrx_word' id='word_1_572' title='bbox 440 4731 584 4800; x_wconf 92' lang='lat' dir='ltr'><strong>quod</strong></span> <span class='ocrx_word' id='word_1_573' title='bbox 614 4734 832 4788; x_wconf 91' lang='lat' dir='ltr'><strong>stultum</strong></span> <span class='ocrx_word' id='word_1_574' title='bbox 865 4744 948 4791; x_wconf 91' lang='lat' dir='ltr'><strong>est</strong></span> <span class='ocrx_word' id='word_1_575' title='bbox 996 4737 1129 4804; x_wconf 91' lang='lat' dir='ltr'><strong>Dei,</strong></span> <span class='ocrx_word' id='word_1_576' title='bbox 1179 4739 1475 4810; x_wconf 88' lang='lat' dir='ltr'><strong>sapientius</strong></span> <span class='ocrx_word' id='word_1_577' title='bbox 1512 4756 1633 4797; x_wconf 88' lang='lat' dir='ltr'><strong>esse</strong></span> <span class='ocrx_word' id='word_1_578' title='bbox 1674 4742 2016 4816; x_wconf 89' lang='lat' dir='ltr'><strong>hominibus;</strong></span> 
     </span>
    </p>
   </div>
   <div class='ocr_carea' id='block_1_77' title="bbox 435 4821 2015 4908">
    <p class='ocr_par' dir='ltr' id='par_1_77' title="bbox 435 4821 2015 4908">
     <span class='ocr_line' id='line_1_77' title="bbox 435 4821 2015 4908; baseline 0.013 -32"><span class='ocrx_word' id='word_1_579' title='bbox 435 4821 744 4878; x_wconf 87' lang='lat' dir='ltr'><strong>ostenderat</strong></span> <span class='ocrx_word' id='word_1_580' title='bbox 765 4826 906 4895; x_wconf 90' lang='lat' dir='ltr'><strong>quod</strong></span> <span class='ocrx_word' id='word_1_581' title='bbox 937 4843 1039 4882; x_wconf 91' lang='lat' dir='ltr'><strong>non</strong></span> <span class='ocrx_word' id='word_1_582' title='bbox 1067 4829 1241 4885; x_wconf 92' lang='lat' dir='ltr'><strong>solum</strong></span> <span class='ocrx_word' id='word_1_583' title='bbox 1274 4846 1368 4901; x_wconf 89' lang='lat' dir='ltr'><strong>per</strong></span> <span class='ocrx_word' id='word_1_584' title='bbox 1397 4833 1609 4903; x_wconf 85' lang='lat' dir='ltr'><strong>ignaros</strong></span> <span class='ocrx_word' id='word_1_585' title='bbox 1628 4835 1893 4908; x_wconf 88' lang='lat' dir='ltr'><strong>docuerit,</strong></span> <span class='ocrx_word' id='word_1_586' title='bbox 1920 4843 2015 4899; x_wconf 83' lang='lat' dir='ltr'><strong>sed</strong></span> 
     </span>
    </p>
   </div>
   <div class='ocr_carea' id='block_1_78' title="bbox 440 4911 2017 4992">
    <p class='ocr_par' dir='ltr' id='par_1_78' title="bbox 440 4911 2017 4992">
     <span class='ocr_line' id='line_1_78' title="bbox 440 4911 2017 4992; baseline 0.016 -25"><span class='ocrx_word' id='word_1_587' title='bbox 440 4911 603 4967; x_wconf 85' lang='lat' dir='ltr'><strong>ctiam</strong></span> <span class='ocrx_word' id='word_1_588' title='bbox 636 4913 851 4984; x_wconf 87' lang='lat' dir='ltr'><strong>ignaros</strong></span> <span class='ocrx_word' id='word_1_589' title='bbox 876 4926 931 4971; x_wconf 89' lang='lat' dir='ltr'><strong>et</strong></span> <span class='ocrx_word' id='word_1_590' title='bbox 965 4917 1154 4975; x_wconf 88' lang='lat' dir='ltr'><strong>idiotas</strong></span> <span class='ocrx_word' id='word_1_591' title='bbox 1179 4924 1469 4979; x_wconf 89' lang='lat' dir='ltr'><strong>vocaverit.</strong></span> <span class='ocrx_word' id='word_1_592' title='bbox 1500 4924 1648 4982; x_wconf 90' lang='lat' dir='ltr'><strong>Nunc</strong></span> <span class='ocrx_word' id='word_1_593' title='bbox 1684 4932 1919 4988; x_wconf 85' lang='lat' dir='ltr'><strong>ostendit</strong></span> <span class='ocrx_word' id='word_1_594' title='bbox 1960 4944 2017 4992; x_wconf 91' lang='lat' dir='ltr'><strong>et</strong></span> 
     </span>
    </p>
   </div>
   <div class='ocr_carea' id='block_1_79' title="bbox 437 5004 2013 5090">
    <p class='ocr_par' dir='ltr' id='par_1_79' title="bbox 437 5004 2013 5090">
     <span class='ocr_line' id='line_1_79' title="bbox 437 5004 2013 5090; baseline 0.018 -34"><span class='ocrx_word' id='word_1_595' title='bbox 437 5004 611 5073; x_wconf 86' lang='lat' dir='ltr'><strong>ipsum</strong></span> <span class='ocrx_word' id='word_1_596' title='bbox 639 5005 779 5075; x_wconf 92' lang='lat' dir='ltr'><strong>quod</strong></span> <span class='ocrx_word' id='word_1_597' title='bbox 809 5008 1230 5078; x_wconf 59' lang='lat' dir='ltr'><strong>praedicabatur,</strong></span> <span class='ocrx_word' id='word_1_598' title='bbox 1273 5023 1332 5070; x_wconf 91' lang='lat' dir='ltr'><strong>et</strong></span> <span class='ocrx_word' id='word_1_599' title='bbox 1356 5016 1573 5072; x_wconf 89' lang='lat' dir='ltr'><strong>modum</strong></span> <span class='ocrx_word' id='word_1_600' title='bbox 1619 5021 2013 5090; x_wconf 81' lang='lat' dir='ltr'><strong>praedicationis</strong></span> 
     </span>
    </p>
   </div>
   <div class='ocr_carea' id='block_1_80' title="bbox 436 5094 2010 5182">
    <p class='ocr_par' dir='ltr' id='par_1_80' title="bbox 436 5094 2010 5182">
     <span class='ocr_line' id='line_1_80' title="bbox 436 5094 2010 5182; baseline 0.017 -34"><span class='ocrx_word' id='word_1_601' title='bbox 436 5094 567 5149; x_wconf 85' lang='lat' dir='ltr'><strong>satis</strong></span> <span class='ocrx_word' id='word_1_602' title='bbox 596 5095 757 5152; x_wconf 90' lang='lat' dir='ltr'><strong>fuisse</strong></span> <span class='ocrx_word' id='word_1_603' title='bbox 779 5098 845 5151; x_wconf 83' lang='lat' dir='ltr'><strong>ad</strong></span> <span class='ocrx_word' id='word_1_604' title='bbox 874 5102 1287 5169; x_wconf 83' lang='lat' dir='ltr'><strong>perturbandam</strong></span> <span class='ocrx_word' id='word_1_605' title='bbox 1308 5145 1325 5170; x_wconf 89' lang='lat'><strong>,</strong></span> <span class='ocrx_word' id='word_1_606' title='bbox 1369 5115 1423 5162; x_wconf 89' lang='lat' dir='ltr'><strong>et</strong></span> <span class='ocrx_word' id='word_1_607' title='bbox 1454 5125 1556 5165; x_wconf 93' lang='lat' dir='ltr'><strong>non</strong></span> <span class='ocrx_word' id='word_1_608' title='bbox 1595 5115 2010 5182; x_wconf 89' lang='lat' dir='ltr'><strong>perturbavissc.</strong></span> 
     </span>
    </p>
   </div>
   <div class='ocr_carea' id='block_1_81' title="bbox 437 5185 2011 5278">
    <p class='ocr_par' dir='ltr' id='par_1_81' title="bbox 437 5185 2011 5278">
     <span class='ocr_line' id='line_1_81' title="bbox 437 5185 2011 5278; baseline 0.019 -37"><span class='ocrx_word' id='word_1_609' title='bbox 437 5185 552 5242; x_wconf 86' lang='lat' dir='ltr'><strong>Non</strong></span> <span class='ocrx_word' id='word_1_610' title='bbox 575 5196 779 5244; x_wconf 88' lang='lat' dir='ltr'><strong>tantum</strong></span> <span class='ocrx_word' id='word_1_611' title='bbox 802 5192 942 5246; x_wconf 90' lang='lat' dir='ltr'><strong>enim</strong></span> <span class='ocrx_word' id='word_1_612' title='bbox 970 5193 1212 5264; x_wconf 90' lang='lat' dir='ltr'><strong>discipuli</strong></span> <span class='ocrx_word' id='word_1_613' title='bbox 1243 5197 1422 5255; x_wconf 71' lang='lat' dir='ltr'><strong>idiota:</strong></span> <span class='ocrx_word' id='word_1_614' title='bbox 1459 5213 1619 5271; x_wconf 90' lang='lat' dir='ltr'><strong>sunt,</strong></span> <span class='ocrx_word' id='word_1_615' title='bbox 1666 5207 1865 5278; x_wconf 89' lang='lat' dir='ltr'><strong>inquit;</strong></span> <span class='ocrx_word' id='word_1_616' title='bbox 1918 5197 2011 5271; x_wconf 86' lang='lat' dir='ltr'><strong>sed</strong></span> 
     </span>
    </p>
   </div>
   <div class='ocr_carea' id='block_1_82' title="bbox 436 5280 2012 5375">
    <p class='ocr_par' dir='ltr' id='par_1_82' title="bbox 436 5280 2012 5375">
     <span class='ocr_line' id='line_1_82' title="bbox 436 5280 2012 5375; baseline 0.018 -40"><span class='ocrx_word' id='word_1_617' title='bbox 436 5280 599 5335; x_wconf 88' lang='lat' dir='ltr'><strong>etiam</strong></span> <span class='ocrx_word' id='word_1_618' title='bbox 627 5294 728 5351; x_wconf 84' lang='lat' dir='ltr'><strong>ego</strong></span> <span class='ocrx_word' id='word_1_619' title='bbox 768 5284 860 5353; x_wconf 91' lang='lat' dir='ltr'><strong>qui</strong></span> <span class='ocrx_word' id='word_1_620' title='bbox 905 5286 1155 5354; x_wconf 54' lang='lat' dir='ltr'><strong>praedico.</strong></span> <span class='ocrx_word' id='word_1_621' title='bbox 1189 5288 1331 5355; x_wconf 89' lang='lat' dir='ltr'><strong>Ideo,</strong></span> <span class='ocrx_word' id='word_1_622' title='bbox 1356 5292 1545 5364; x_wconf 89' lang='lat' dir='ltr'><strong>inquit,</strong></span> <span class='ocrx_word' id='word_1_623' title='bbox 1576 5297 1643 5352; x_wconf 84' lang='lat' dir='ltr'><strong>Et</strong></span> <span class='ocrx_word' id='word_1_624' title='bbox 1663 5316 1753 5371; x_wconf 87' lang='lat' dir='ltr'><strong>ego</strong></span> <span class='ocrx_word' id='word_1_625' title='bbox 1775 5344 1790 5368; x_wconf 94' lang='lat'><strong>,</strong></span> <span class='ocrx_word' id='word_1_626' title='bbox 1830 5308 2012 5375; x_wconf 75' lang='lat' dir='ltr'><strong>fratres</strong></span> 
     </span>
    </p>
   </div>
   <div class='ocr_carea' id='block_1_83' title="bbox 434 5369 2002 5460">
    <p class='ocr_par' dir='ltr' id='par_1_83' title="bbox 434 5369 2002 5460">
     <span class='ocr_line' id='line_1_83' title="bbox 434 5369 2002 5460; baseline 0.021 -37"><span class='ocrx_word' id='word_1_627' title='bbox 434 5369 659 5443; x_wconf 89' lang='lat' dir='ltr'><strong>(rursus</strong></span> <span class='ocrx_word' id='word_1_628' title='bbox 688 5371 882 5430; x_wconf 88' lang='lat' dir='ltr'><strong>fratres</strong></span> <span class='ocrx_word' id='word_1_629' title='bbox 912 5389 1065 5432; x_wconf 86' lang='lat' dir='ltr'><strong>vocat</strong></span> <span class='ocrx_word' id='word_1_630' title='bbox 1086 5420 1100 5443; x_wconf 96' lang='lat'><strong>,</strong></span> <span class='ocrx_word' id='word_1_631' title='bbox 1127 5387 1462 5442; x_wconf 86' lang='lat' dir='ltr'><strong>utscrtnonis</strong></span> <span class='ocrx_word' id='word_1_632' title='bbox 1483 5369 2002 5460; x_wconf 38' lang='lat' dir='ltr'><strong>asperitatem&#39;emol.</strong></span> 
     </span>
    </p>
   </div>
   <div class='ocr_carea' id='block_1_84' title="bbox 434 5464 2013 5553">
    <p class='ocr_par' dir='ltr' id='par_1_84' title="bbox 434 5464 2013 5553">
     <span class='ocr_line' id='line_1_84' title="bbox 434 5464 2013 5553; baseline 0.018 -34"><span class='ocrx_word' id='word_1_633' title='bbox 434 5464 524 5519; x_wconf 86' lang='lat' dir='ltr'><strong>fiat</strong></span> <span class='ocrx_word' id='word_1_634' title='bbox 553 5464 572 5534; x_wconf 95' lang='lat'><strong>)</strong></span> <span class='ocrx_word' id='word_1_635' title='bbox 596 5505 611 5530; x_wconf 93' lang='lat'><strong>,</strong></span> <span class='ocrx_word' id='word_1_636' title='bbox 639 5467 752 5521; x_wconf 78' lang='lat' dir='ltr'><strong>veni</strong></span> <span class='ocrx_word' id='word_1_637' title='bbox 771 5509 786 5528; x_wconf 90' lang='lat'><strong>,</strong></span> <span class='ocrx_word' id='word_1_638' title='bbox 810 5485 911 5523; x_wconf 89' lang='lat' dir='ltr'><strong>non</strong></span> <span class='ocrx_word' id='word_1_639' title='bbox 940 5471 991 5524; x_wconf 89' lang='lat' dir='ltr'><strong>in</strong></span> <span class='ocrx_word' id='word_1_640' title='bbox 1023 5472 1326 5532; x_wconf 84' lang='lat' dir='ltr'><strong>sublimitate</strong></span> <span class='ocrx_word' id='word_1_641' title='bbox 1370 5483 1614 5539; x_wconf 85' lang='lat' dir='ltr'><strong>sermonis</strong></span> <span class='ocrx_word' id='word_1_642' title='bbox 1639 5526 1655 5553; x_wconf 93' lang='lat'><strong>,</strong></span> <span class='ocrx_word' id='word_1_643' title='bbox 1703 5494 2013 5548; x_wconf 83' lang='lat' dir='ltr'><strong>amtuntimts</strong></span> 
     </span>
    </p>
   </div>
   <div class='ocr_carea' id='block_1_85' title="bbox 432 5556 2009 5649">
    <p class='ocr_par' dir='ltr' id='par_1_85' title="bbox 432 5556 2009 5649">
     <span class='ocr_line' id='line_1_85' title="bbox 432 5556 2009 5649; baseline 0.018 -40"><span class='ocrx_word' id='word_1_644' title='bbox 432 5556 570 5612; x_wconf 74' lang='lat' dir='ltr'><strong>vobis</strong></span> <span class='ocrx_word' id='word_1_645' title='bbox 598 5560 939 5616; x_wconf 83' lang='lat' dir='ltr'><strong>testimonium</strong></span> <span class='ocrx_word' id='word_1_646' title='bbox 969 5563 1084 5622; x_wconf 88' lang='lat' dir='ltr'><strong>Dei.</strong></span> <span class='ocrx_word' id='word_1_647' title='bbox 1114 5568 1249 5635; x_wconf 85' lang='lat' dir='ltr'><strong>Quid</strong></span> <span class='ocrx_word' id='word_1_648' title='bbox 1272 5572 1438 5639; x_wconf 88' lang='lat' dir='ltr'><strong>enim,</strong></span> <span class='ocrx_word' id='word_1_649' title='bbox 1467 5575 1553 5631; x_wconf 92' lang='lat' dir='ltr'><strong>dic</strong></span> <span class='ocrx_word' id='word_1_650' title='bbox 1581 5594 1762 5648; x_wconf 74' lang='lat' dir='ltr'><strong>quaeso</strong></span> <span class='ocrx_word' id='word_1_651' title='bbox 1786 5624 1801 5649; x_wconf 89' lang='lat'><strong>,</strong></span> <span class='ocrx_word' id='word_1_652' title='bbox 1832 5585 1876 5639; x_wconf 89' lang='lat' dir='ltr'><strong>si</strong></span> <span class='ocrx_word' id='word_1_653' title='bbox 1914 5601 2009 5638; x_wconf 87' lang='lat' dir='ltr'><strong>vo-</strong></span> 
     </span>
    </p>
   </div>
   <div class='ocr_carea' id='block_1_86' title="bbox 433 5650 2011 5747">
    <p class='ocr_par' dir='ltr' id='par_1_86' title="bbox 433 5650 2011 5747">
     <span class='ocr_line' id='line_1_86' title="bbox 433 5650 2011 5747; baseline 0.02 -44"><span class='ocrx_word' id='word_1_654' title='bbox 433 5650 624 5706; x_wconf 90' lang='lat' dir='ltr'><strong>lnisscs</strong></span> <span class='ocrx_word' id='word_1_655' title='bbox 642 5652 693 5707; x_wconf 93' lang='lat' dir='ltr'><strong>in</strong></span> <span class='ocrx_word' id='word_1_656' title='bbox 721 5654 1045 5716; x_wconf 83' lang='lat' dir='ltr'><strong>sublimitate</strong></span> <span class='ocrx_word' id='word_1_657' title='bbox 1069 5664 1287 5720; x_wconf 84' lang='lat' dir='ltr'><strong>venire?</strong></span> <span class='ocrx_word' id='word_1_658' title='bbox 1317 5672 1639 5737; x_wconf 77' lang='lat' dir='ltr'><strong>poterasne?</strong></span> <span class='ocrx_word' id='word_1_659' title='bbox 1662 5673 1776 5745; x_wconf 82' lang='lat' dir='ltr'><strong>Ego</strong></span> <span class='ocrx_word' id='word_1_660' title='bbox 1796 5678 2011 5747; x_wconf 87' lang='lat' dir='ltr'><strong>quidem</strong></span> 
     </span>
    </p>
   </div>
   <div class='ocr_carea' id='block_1_87' title="bbox 431 5743 2008 5829">
    <p class='ocr_par' dir='ltr' id='par_1_87' title="bbox 431 5743 2008 5829">
     <span class='ocr_line' id='line_1_87' title="bbox 431 5743 2008 5829; baseline 0.02 -31"><span class='ocrx_word' id='word_1_661' title='bbox 431 5744 478 5798; x_wconf 81' lang='lat' dir='ltr'><strong>si</strong></span> <span class='ocrx_word' id='word_1_662' title='bbox 507 5743 828 5817; x_wconf 79' lang='lat' dir='ltr'><strong>Voluisscm,</strong></span> <span class='ocrx_word' id='word_1_663' title='bbox 862 5765 967 5807; x_wconf 87' lang='lat' dir='ltr'><strong>non</strong></span> <span class='ocrx_word' id='word_1_664' title='bbox 994 5756 1317 5825; x_wconf 81' lang='lat' dir='ltr'><strong>potuissent;</strong></span> <span class='ocrx_word' id='word_1_665' title='bbox 1348 5757 1591 5818; x_wconf 87' lang='lat' dir='ltr'><strong>Christus</strong></span> <span class='ocrx_word' id='word_1_666' title='bbox 1615 5743 1792 5822; x_wconf 58' lang='lat' dir='ltr'><strong>autem</strong></span> <span class='ocrx_word' id='word_1_667' title='bbox 1814 5743 1869 5824; x_wconf 38' lang='grc' dir='ltr'><strong>ἐἰ</strong></span> <span class='ocrx_word' id='word_1_668' title='bbox 1914 5786 2008 5829; x_wconf 78' lang='lat' dir='ltr'><strong>vo-</strong></span> 
     </span>
    </p>
   </div>
   <div class='ocr_carea' id='block_1_88' title="bbox 2126 3186 3718 3282">
    <p class='ocr_par' dir='ltr' id='par_1_88' title="bbox 2126 3186 3718 3282">
     <span class='ocr_line' id='line_1_88' title="bbox 2126 3186 3718 3282; baseline 0.026 -42"><span class='ocrx_word' id='word_1_669' title='bbox 2126 3186 2337 3255; x_wconf 88' lang='lat' dir='ltr'><strong>luisset,</strong></span> <span class='ocrx_word' id='word_1_670' title='bbox 2367 3193 2649 3261; x_wconf 89' lang='lat' dir='ltr'><strong>potuisset.</strong></span> <span class='ocrx_word' id='word_1_671' title='bbox 2681 3198 2786 3257; x_wconf 90' lang='lat' dir='ltr'><strong>Sed</strong></span> <span class='ocrx_word' id='word_1_672' title='bbox 2812 3203 3006 3272; x_wconf 87' lang='lat' dir='ltr'><strong>noluit,</strong></span> <span class='ocrx_word' id='word_1_673' title='bbox 3036 3212 3437 3282; x_wconf 74' lang='lat' dir='ltr'><strong>utsplenditlius</strong></span> <span class='ocrx_word' id='word_1_674' title='bbox 3458 3221 3718 3282; x_wconf 80' lang='lat' dir='ltr'><strong>redderet</strong></span> 
     </span>
    </p>
   </div>
   <div class='ocr_carea' id='block_1_89' title="bbox 2129 3284 3715 3386">
    <p class='ocr_par' dir='ltr' id='par_1_89' title="bbox 2129 3284 3715 3386">
     <span class='ocr_line' id='line_1_89' title="bbox 2129 3284 3715 3386; baseline 0.026 -54"><span class='ocrx_word' id='word_1_675' title='bbox 2129 3288 2414 3386; x_wconf 63' lang='lat' dir='ltr'><strong>tropaeum.</strong></span> <span class='ocrx_word' id='word_1_676' title='bbox 2440 3284 2671 3361; x_wconf 83' lang='lat' dir='ltr'><strong>ideoque</strong></span> <span class='ocrx_word' id='word_1_677' title='bbox 2695 3296 2944 3364; x_wconf 88' lang='lat' dir='ltr'><strong>superius</strong></span> <span class='ocrx_word' id='word_1_678' title='bbox 2968 3303 3255 3361; x_wconf 89' lang='lat' dir='ltr'><strong>ostendens</strong></span> <span class='ocrx_word' id='word_1_679' title='bbox 3280 3308 3382 3364; x_wconf 89' lang='lat' dir='ltr'><strong>hoc</strong></span> <span class='ocrx_word' id='word_1_680' title='bbox 3410 3311 3550 3367; x_wconf 90' lang='lat' dir='ltr'><strong>illius</strong></span> <span class='ocrx_word' id='word_1_681' title='bbox 3570 3332 3715 3386; x_wconf 85' lang='lat' dir='ltr'><strong>opus</strong></span> 
     </span>
    </p>
   </div>
   <div class='ocr_carea' id='block_1_90' title="bbox 2128 3370 3713 3479">
    <p class='ocr_par' dir='ltr' id='par_1_90' title="bbox 2128 3370 3713 3479">
     <span class='ocr_line' id='line_1_90' title="bbox 2128 3370 3713 3479; baseline 0.025 -54"><span class='ocrx_word' id='word_1_682' title='bbox 2128 3370 2311 3479; x_wconf 70' lang='lat' dir='ltr'><strong>fuisse,</strong></span> <span class='ocrx_word' id='word_1_683' title='bbox 2334 3375 2611 3450; x_wconf 90' lang='lat' dir='ltr'><strong>ipsiusque</strong></span> <span class='ocrx_word' id='word_1_684' title='bbox 2634 3384 2959 3445; x_wconf 82' lang='lat' dir='ltr'><strong>voluntatem</strong></span> <span class='ocrx_word' id='word_1_685' title='bbox 2988 3406 3137 3461; x_wconf 88' lang='lat' dir='ltr'><strong>esse,</strong></span> <span class='ocrx_word' id='word_1_686' title='bbox 3167 3406 3223 3451; x_wconf 92' lang='lat' dir='ltr'><strong>ut</strong></span> <span class='ocrx_word' id='word_1_687' title='bbox 3250 3398 3329 3453; x_wconf 92' lang='lat' dir='ltr'><strong>sic</strong></span> <span class='ocrx_word' id='word_1_688' title='bbox 3354 3400 3565 3460; x_wconf 89' lang='lat' dir='ltr'><strong>indocte</strong></span> <span class='ocrx_word' id='word_1_689' title='bbox 3588 3370 3713 3479; x_wconf 64' lang='lat' dir='ltr'><strong>ejus</strong></span> 
     </span>
    </p>
   </div>
   <div class='ocr_carea' id='block_1_91' title="bbox 2125 3464 3715 3555">
    <p class='ocr_par' dir='ltr' id='par_1_91' title="bbox 2125 3464 3715 3555">
     <span class='ocr_line' id='line_1_91' title="bbox 2125 3464 3715 3555; baseline 0.023 -38"><span class='ocrx_word' id='word_1_690' title='bbox 2125 3464 2346 3522; x_wconf 87' lang='lat' dir='ltr'><strong>verbum</strong></span> <span class='ocrx_word' id='word_1_691' title='bbox 2397 3472 2748 3542; x_wconf 52' lang='lat' dir='ltr'><strong>praedicetur,</strong></span> <span class='ocrx_word' id='word_1_692' title='bbox 2795 3477 3007 3536; x_wconf 89' lang='lat' dir='ltr'><strong>dicebat</strong></span> <span class='ocrx_word' id='word_1_693' title='bbox 3048 3500 3061 3536; x_wconf 89' lang='lat'><strong>:</strong></span> <span class='ocrx_word' id='word_1_694' title='bbox 3106 3485 3231 3542; x_wconf 89' lang='lat' dir='ltr'><strong>Non</strong></span> <span class='ocrx_word' id='word_1_695' title='bbox 3269 3492 3402 3546; x_wconf 84' lang='lat' dir='ltr'><strong>enim</strong></span> <span class='ocrx_word' id='word_1_696' title='bbox 3448 3496 3579 3550; x_wconf 84' lang='lat' dir='ltr'><strong>misit</strong></span> <span class='ocrx_word' id='word_1_697' title='bbox 3616 3464 3715 3555; x_wconf 52' lang='lat' dir='ltr'><strong>.me</strong></span> 
     </span>
    </p>
   </div>
   <div class='ocr_carea' id='block_1_92' title="bbox 2034 3556 3712 3657">
    <p class='ocr_par' dir='ltr' id='par_1_92' title="bbox 2034 3556 3712 3657">
     <span class='ocr_line' id='line_1_92' title="bbox 2034 3556 3712 3657; baseline 0.022 -48"><span class='ocrx_word' id='word_1_698' title='bbox 2034 3580 2035 3583; x_wconf 52' lang='grc' dir='ltr'><strong>η</strong></span> <span class='ocrx_word' id='word_1_699' title='bbox 2126 3556 2355 3615; x_wconf 79' lang='lat' dir='ltr'><strong>Christus</strong></span> <span class='ocrx_word' id='word_1_700' title='bbox 2376 3563 2667 3633; x_wconf 75' lang='lat' dir='ltr'><strong>baptizare,</strong></span> <span class='ocrx_word' id='word_1_701' title='bbox 2698 3567 2787 3623; x_wconf 83' lang='lat' dir='ltr'><strong>sed</strong></span> <span class='ocrx_word' id='word_1_702' title='bbox 2806 3573 3151 3642; x_wconf 77' lang='lat' dir='ltr'><strong>euangelizare</strong></span> <span class='ocrx_word' id='word_1_703' title='bbox 3173 3620 3185 3639; x_wconf 94' lang='lat'><strong>,</strong></span> <span class='ocrx_word' id='word_1_704' title='bbox 3215 3595 3316 3634; x_wconf 91' lang='lat' dir='ltr'><strong>non</strong></span> <span class='ocrx_word' id='word_1_705' title='bbox 3361 3584 3413 3637; x_wconf 88' lang='lat' dir='ltr'><strong>in</strong></span> <span class='ocrx_word' id='word_1_706' title='bbox 3457 3589 3712 3657; x_wconf 78' lang='lat' dir='ltr'><strong>sapientia</strong></span> 
     </span>
    </p>
   </div>
   <div class='ocr_carea' id='block_1_93' title="bbox 2123 3654 3707 3750">
    <p class='ocr_par' dir='ltr' id='par_1_93' title="bbox 2123 3654 3707 3750">
     <span class='ocr_line' id='line_1_93' title="bbox 2123 3654 3707 3750; baseline 0.021 -46"><span class='ocrx_word' id='word_1_707' title='bbox 2123 3655 2385 3709; x_wconf 84' lang='lat' dir='ltr'><strong>sermonis.</strong></span> <span class='ocrx_word' id='word_1_708' title='bbox 2416 3654 2513 3711; x_wconf 84' lang='lat' dir='ltr'><strong>Est</strong></span> <span class='ocrx_word' id='word_1_709' title='bbox 2538 3668 2718 3715; x_wconf 87' lang='lat' dir='ltr'><strong>autem</strong></span> <span class='ocrx_word' id='word_1_710' title='bbox 2746 3662 2913 3718; x_wconf 89' lang='lat' dir='ltr'><strong>multo</strong></span> <span class='ocrx_word' id='word_1_711' title='bbox 2931 3667 3122 3737; x_wconf 85' lang='lat' dir='ltr'><strong>majus,</strong></span> <span class='ocrx_word' id='word_1_712' title='bbox 3153 3669 3262 3728; x_wconf 90' lang='lat' dir='ltr'><strong>imo</strong></span> <span class='ocrx_word' id='word_1_713' title='bbox 3283 3674 3486 3732; x_wconf 89' lang='lat' dir='ltr'><strong>infinite</strong></span> <span class='ocrx_word' id='word_1_714' title='bbox 3506 3654 3707 3750; x_wconf 82' lang='lat' dir='ltr'><strong>majus,</strong></span> 
     </span>
    </p>
   </div>
   <div class='ocr_carea' id='block_1_94' title="bbox 2123 3744 3713 3833">
    <p class='ocr_par' dir='ltr' id='par_1_94' title="bbox 2123 3744 3713 3833">
     <span class='ocr_line' id='line_1_94' title="bbox 2123 3744 3713 3833; baseline 0.02 -35"><span class='ocrx_word' id='word_1_715' title='bbox 2123 3744 2264 3814; x_wconf 88' lang='lat' dir='ltr'><strong>quod</strong></span> <span class='ocrx_word' id='word_1_716' title='bbox 2288 3744 2391 3803; x_wconf 87' lang='lat' dir='ltr'><strong>hoc</strong></span> <span class='ocrx_word' id='word_1_717' title='bbox 2414 3749 2646 3805; x_wconf 88' lang='lat' dir='ltr'><strong>voluerit</strong></span> <span class='ocrx_word' id='word_1_718' title='bbox 2672 3750 2937 3824; x_wconf 88' lang='lat' dir='ltr'><strong>Christus,</strong></span> <span class='ocrx_word' id='word_1_719' title='bbox 2968 3773 3126 3828; x_wconf 89' lang='lat' dir='ltr'><strong>quam</strong></span> <span class='ocrx_word' id='word_1_720' title='bbox 3154 3764 3294 3833; x_wconf 91' lang='lat' dir='ltr'><strong>quod</strong></span> <span class='ocrx_word' id='word_1_721' title='bbox 3319 3768 3543 3825; x_wconf 83' lang='lat' dir='ltr'><strong>voluerit</strong></span> <span class='ocrx_word' id='word_1_722' title='bbox 3576 3744 3713 3829; x_wconf 67' lang='lat' dir='ltr'><strong>Dau-</strong></span> 
     </span>
    </p>
   </div>
   <div class='ocr_carea' id='block_1_95' title="bbox 2124 3836 3709 3936">
    <p class='ocr_par' dir='ltr' id='par_1_95' title="bbox 2124 3836 3709 3936">
     <span class='ocr_line' id='line_1_95' title="bbox 2124 3836 3709 3936; baseline 0.021 -46"><span class='ocrx_word' id='word_1_723' title='bbox 2124 3836 2224 3893; x_wconf 90' lang='lat' dir='ltr'><strong>lus.</strong></span> <span class='ocrx_word' id='word_1_724' title='bbox 2274 3838 2390 3895; x_wconf 89' lang='lat' dir='ltr'><strong>Non</strong></span> <span class='ocrx_word' id='word_1_725' title='bbox 2426 3856 2554 3913; x_wconf 89' lang='lat' dir='ltr'><strong>ergo</strong></span> <span class='ocrx_word' id='word_1_726' title='bbox 2592 3842 2895 3903; x_wconf 90' lang='lat' dir='ltr'><strong>facundiam</strong></span> <span class='ocrx_word' id='word_1_727' title='bbox 2934 3860 3245 3923; x_wconf 88' lang='lat' dir='ltr'><strong>ostentans,</strong></span> <span class='ocrx_word' id='word_1_728' title='bbox 3276 3857 3479 3929; x_wconf 91' lang='lat' dir='ltr'><strong>inquit,</strong></span> <span class='ocrx_word' id='word_1_729' title='bbox 3529 3880 3709 3936; x_wconf 83' lang='lat' dir='ltr'><strong>neque</strong></span> 
     </span>
    </p>
   </div>
   <div class='ocr_carea' id='block_1_96' title="bbox 2122 3931 3705 4015">
    <p class='ocr_par' dir='ltr' id='par_1_96' title="bbox 2122 3931 3705 4015">
     <span class='ocr_line' id='line_1_96' title="bbox 2122 3931 3705 4015; baseline 0.021 -33"><span class='ocrx_word' id='word_1_730' title='bbox 2122 3931 2359 3986; x_wconf 82' lang='lat' dir='ltr'><strong>externis</strong></span> <span class='ocrx_word' id='word_1_731' title='bbox 2381 3942 2619 3990; x_wconf 86' lang='lat' dir='ltr'><strong>armatus</strong></span> <span class='ocrx_word' id='word_1_732' title='bbox 2643 3940 2986 3998; x_wconf 89' lang='lat' dir='ltr'><strong>sermonibus</strong></span> <span class='ocrx_word' id='word_1_733' title='bbox 3005 3985 3018 4008; x_wconf 94' lang='lat'><strong>,</strong></span> <span class='ocrx_word' id='word_1_734' title='bbox 3046 3949 3304 4004; x_wconf 89' lang='lat' dir='ltr'><strong>annuntio</strong></span> <span class='ocrx_word' id='word_1_735' title='bbox 3338 3931 3705 4015; x_wconf 78' lang='lat' dir='ltr'><strong>testimonium</strong></span> 
     </span>
    </p>
   </div>
   <div class='ocr_carea' id='block_1_97' title="bbox 2126 4019 3703 4118">
    <p class='ocr_par' dir='ltr' id='par_1_97' title="bbox 2126 4019 3703 4118">
     <span class='ocr_line' id='line_1_97' title="bbox 2126 4019 3703 4118; baseline 0.02 -45"><span class='ocrx_word' id='word_1_736' title='bbox 2126 4019 2239 4075; x_wconf 91' lang='lat' dir='ltr'><strong>Dei.</strong></span> <span class='ocrx_word' id='word_1_737' title='bbox 2266 4020 2375 4078; x_wconf 89' lang='lat' dir='ltr'><strong>Nec</strong></span> <span class='ocrx_word' id='word_1_738' title='bbox 2394 4022 2547 4091; x_wconf 87' lang='lat' dir='ltr'><strong>dixit,</strong></span> <span class='ocrx_word' id='word_1_739' title='bbox 2573 4027 3032 4100; x_wconf 66' lang='lat' dir='ltr'><strong>praedicationem,</strong></span> <span class='ocrx_word' id='word_1_740' title='bbox 3059 4038 3174 4104; x_wconf 89' lang='lat' dir='ltr'><strong>sed,</strong></span> <span class='ocrx_word' id='word_1_741' title='bbox 3206 4040 3557 4100; x_wconf 82' lang='lat' dir='ltr'><strong>Testimonium</strong></span> <span class='ocrx_word' id='word_1_742' title='bbox 3581 4049 3703 4118; x_wconf 85' lang='lat' dir='ltr'><strong>Dei,</strong></span> 
     </span>
    </p>
   </div>
   <div class='ocr_carea' id='block_1_98' title="bbox 2120 4112 3704 4200">
    <p class='ocr_par' dir='ltr' id='par_1_98' title="bbox 2120 4112 3704 4200">
     <span class='ocr_line' id='line_1_98' title="bbox 2120 4112 3704 4200; baseline 0.023 -36"><span class='ocrx_word' id='word_1_743' title='bbox 2120 4112 2264 4183; x_wconf 88' lang='lat' dir='ltr'><strong>quod</strong></span> <span class='ocrx_word' id='word_1_744' title='bbox 2288 4114 2458 4183; x_wconf 87' lang='lat' dir='ltr'><strong>ipsum</strong></span> <span class='ocrx_word' id='word_1_745' title='bbox 2489 4118 2621 4173; x_wconf 88' lang='lat' dir='ltr'><strong>satis</strong></span> <span class='ocrx_word' id='word_1_746' title='bbox 2649 4130 2765 4176; x_wconf 85' lang='lat' dir='ltr'><strong>erat</strong></span> <span class='ocrx_word' id='word_1_747' title='bbox 2787 4125 2853 4178; x_wconf 88' lang='lat' dir='ltr'><strong>ad</strong></span> <span class='ocrx_word' id='word_1_748' title='bbox 2880 4132 3248 4189; x_wconf 82' lang='lat' dir='ltr'><strong>avertendum.</strong></span> <span class='ocrx_word' id='word_1_749' title='bbox 3295 4136 3516 4194; x_wconf 83' lang='lat' dir='ltr'><strong>Mortem</strong></span> <span class='ocrx_word' id='word_1_750' title='bbox 3556 4112 3704 4200; x_wconf 75' lang='lat' dir='ltr'><strong>enini</strong></span> 
     </span>
    </p>
   </div>
   <div class='ocr_carea' id='block_1_99' title="bbox 2121 4205 3709 4302">
    <p class='ocr_par' dir='ltr' id='par_1_99' title="bbox 2121 4205 3709 4302">
     <span class='ocr_line' id='line_1_99' title="bbox 2121 4205 3709 4302; baseline 0.022 -47"><span class='ocrx_word' id='word_1_751' title='bbox 2121 4205 2453 4262; x_wconf 89' lang='lat' dir='ltr'><strong>annuntians</strong></span> <span class='ocrx_word' id='word_1_752' title='bbox 2469 4208 2729 4267; x_wconf 88' lang='lat' dir='ltr'><strong>circuibat</strong></span> <span class='ocrx_word' id='word_1_753' title='bbox 2754 4233 2767 4267; x_wconf 91' lang='lat'><strong>:</strong></span> <span class='ocrx_word' id='word_1_754' title='bbox 2793 4215 2912 4271; x_wconf 85' lang='lat' dir='ltr'><strong>ideo</strong></span> <span class='ocrx_word' id='word_1_755' title='bbox 2932 4221 3205 4290; x_wconf 85' lang='lat' dir='ltr'><strong>subjunxit</strong></span> <span class='ocrx_word' id='word_1_756' title='bbox 3228 4243 3241 4278; x_wconf 92' lang='lat'><strong>:</strong></span> <span class='ocrx_word' id='word_1_757' title='bbox 3270 4226 3390 4284; x_wconf 83' lang='lat' dir='ltr'><strong>Non</strong></span> <span class='ocrx_word' id='word_1_758' title='bbox 3405 4233 3537 4285; x_wconf 87' lang='lat' dir='ltr'><strong>enim</strong></span> <span class='ocrx_word' id='word_1_759' title='bbox 3560 4236 3709 4302; x_wconf 82' lang='lat' dir='ltr'><strong>iudi-</strong></span> 
     </span>
    </p>
   </div>
   <div class='ocr_carea' id='block_1_100' title="bbox 2121 4296 3702 4394">
    <p class='ocr_par' dir='ltr' id='par_1_100' title="bbox 2121 4296 3702 4394">
     <span class='ocr_line' id='line_1_100' title="bbox 2121 4296 3702 4394; baseline 0.022 -47"><span class='ocrx_word' id='word_1_760' title='bbox 2121 4296 2231 4349; x_wconf 85' lang='lat' dir='ltr'><strong>cavi</strong></span> <span class='ocrx_word' id='word_1_761' title='bbox 2256 4313 2333 4351; x_wconf 88' lang='lat' dir='ltr'><strong>me</strong></span> <span class='ocrx_word' id='word_1_762' title='bbox 2354 4299 2482 4353; x_wconf 85' lang='lat' dir='ltr'><strong>scire</strong></span> <span class='ocrx_word' id='word_1_763' title='bbox 2504 4302 2703 4373; x_wconf 84' lang='lat' dir='ltr'><strong>aliquid</strong></span> <span class='ocrx_word' id='word_1_764' title='bbox 2726 4306 2779 4359; x_wconf 89' lang='lat' dir='ltr'><strong>in</strong></span> <span class='ocrx_word' id='word_1_765' title='bbox 2815 4307 2983 4377; x_wconf 81' lang='lat' dir='ltr'><strong>vobis,</strong></span> <span class='ocrx_word' id='word_1_766' title='bbox 3031 4313 3131 4367; x_wconf 85' lang='lat' dir='ltr'><strong>nisi</strong></span> <span class='ocrx_word' id='word_1_767' title='bbox 3173 4316 3351 4373; x_wconf 80' lang='lat' dir='ltr'><strong>Jesum</strong></span> <span class='ocrx_word' id='word_1_768' title='bbox 3395 4296 3651 4380; x_wconf 74' lang='lat' dir='ltr'><strong>Christian</strong></span> <span class='ocrx_word' id='word_1_769' title='bbox 3684 4369 3702 4394; x_wconf 92' lang='lat'><strong>,</strong></span> 
     </span>
    </p>
   </div>
   <div class='ocr_carea' id='block_1_101' title="bbox 2121 4386 3707 4481">
    <p class='ocr_par' dir='ltr' id='par_1_101' title="bbox 2121 4386 3707 4481">
     <span class='ocr_line' id='line_1_101' title="bbox 2121 4386 3707 4481; baseline 0.023 -42"><span class='ocrx_word' id='word_1_770' title='bbox 2121 4386 2349 4453; x_wconf 77' lang='lat' dir='ltr'><strong>[tuncque</strong></span> <span class='ocrx_word' id='word_1_771' title='bbox 2376 4393 2701 4461; x_wconf 74' lang='lat' dir='ltr'><strong>cruciﬁxum.</strong></span> <span class='ocrx_word' id='word_1_772' title='bbox 2730 4396 2842 4453; x_wconf 84' lang='lat' dir='ltr'><strong>Hoc</strong></span> <span class='ocrx_word' id='word_1_773' title='bbox 2860 4408 3036 4457; x_wconf 90' lang='lat' dir='ltr'><strong>autem</strong></span> <span class='ocrx_word' id='word_1_774' title='bbox 3059 4404 3289 4477; x_wconf 90' lang='lat' dir='ltr'><strong>dicebat,</strong></span> <span class='ocrx_word' id='word_1_775' title='bbox 3316 4412 3437 4481; x_wconf 89' lang='lat' dir='ltr'><strong>quia</strong></span> <span class='ocrx_word' id='word_1_776' title='bbox 3461 4386 3707 4475; x_wconf 53' lang='grc' dir='ltr'><strong>θείω-ηαξ</strong></span> 
     </span>
    </p>
   </div>
   <div class='ocr_carea' id='block_1_102' title="bbox 2120 4479 3707 4576">
    <p class='ocr_par' dir='ltr' id='par_1_102' title="bbox 2120 4479 3707 4576">
     <span class='ocr_line' id='line_1_102' title="bbox 2120 4479 3707 4576; baseline 0.022 -44"><span class='ocrx_word' id='word_1_777' title='bbox 2120 4479 2399 4549; x_wconf 76' lang='lat' dir='ltr'><strong>sapientiae</strong></span> <span class='ocrx_word' id='word_1_778' title='bbox 2421 4486 2643 4541; x_wconf 90' lang='lat' dir='ltr'><strong>omnino</strong></span> <span class='ocrx_word' id='word_1_779' title='bbox 2669 4504 2863 4559; x_wconf 88' lang='lat' dir='ltr'><strong>expers</strong></span> <span class='ocrx_word' id='word_1_780' title='bbox 2890 4505 3005 4550; x_wconf 89' lang='lat' dir='ltr'><strong>erat</strong></span> <span class='ocrx_word' id='word_1_781' title='bbox 3023 4537 3040 4563; x_wconf 93' lang='lat'><strong>,</strong></span> <span class='ocrx_word' id='word_1_782' title='bbox 3073 4507 3129 4553; x_wconf 93' lang='lat' dir='ltr'><strong>ut</strong></span> <span class='ocrx_word' id='word_1_783' title='bbox 3153 4501 3312 4557; x_wconf 83' lang='lat' dir='ltr'><strong>etiam</strong></span> <span class='ocrx_word' id='word_1_784' title='bbox 3335 4479 3585 4576; x_wconf 79' lang='lat' dir='ltr'><strong>superius</strong></span> <span class='ocrx_word' id='word_1_785' title='bbox 3610 4512 3707 4566; x_wconf 82' lang='lat' dir='ltr'><strong>di-</strong></span> 
     </span>
    </p>
   </div>
   <div class='ocr_carea' id='block_1_103' title="bbox 2122 4573 3707 4676">
    <p class='ocr_par' dir='ltr' id='par_1_103' title="bbox 2122 4573 3707 4676">
     <span class='ocr_line' id='line_1_103' title="bbox 2122 4573 3707 4676; baseline 0.022 -47"><span class='ocrx_word' id='word_1_786' title='bbox 2122 4573 2315 4631; x_wconf 88' lang='lat' dir='ltr'><strong>cebat:</strong></span> <span class='ocrx_word' id='word_1_787' title='bbox 2353 4575 2475 4631; x_wconf 83' lang='lat' dir='ltr'><strong>Veni</strong></span> <span class='ocrx_word' id='word_1_788' title='bbox 2507 4596 2608 4634; x_wconf 87' lang='lat' dir='ltr'><strong>non</strong></span> <span class='ocrx_word' id='word_1_789' title='bbox 2637 4582 2691 4636; x_wconf 89' lang='lat' dir='ltr'><strong>in</strong></span> <span class='ocrx_word' id='word_1_790' title='bbox 2728 4586 3034 4644; x_wconf 83' lang='lat' dir='ltr'><strong>sublimitate</strong></span> <span class='ocrx_word' id='word_1_791' title='bbox 3074 4598 3339 4652; x_wconf 86' lang='lat' dir='ltr'><strong>sermonis.</strong></span> <span class='ocrx_word' id='word_1_792' title='bbox 3387 4573 3515 4657; x_wconf 77' lang='lat' dir='ltr'><strong>Nam</strong></span> <span class='ocrx_word' id='word_1_793' title='bbox 3556 4608 3707 4676; x_wconf 79' lang='lat' dir='ltr'><strong>quod</strong></span> 
     </span>
    </p>
   </div>
   <div class='ocr_carea' id='block_1_104' title="bbox 2123 4663 3704 4757">
    <p class='ocr_par' dir='ltr' id='par_1_104' title="bbox 2123 4663 3704 4757">
     <span class='ocr_line' id='line_1_104' title="bbox 2123 4663 3704 4757; baseline 0.023 -39"><span class='ocrx_word' id='word_1_794' title='bbox 2123 4663 2236 4733; x_wconf 78' lang='lat' dir='ltr'><strong>ipse</strong></span> <span class='ocrx_word' id='word_1_795' title='bbox 2265 4664 2366 4721; x_wconf 93' lang='lat' dir='ltr'><strong>hoc</strong></span> <span class='ocrx_word' id='word_1_796' title='bbox 2391 4680 2575 4738; x_wconf 88' lang='lat' dir='ltr'><strong>posset</strong></span> <span class='ocrx_word' id='word_1_797' title='bbox 2601 4670 2801 4729; x_wconf 91' lang='lat' dir='ltr'><strong>habere</strong></span> <span class='ocrx_word' id='word_1_798' title='bbox 2829 4677 3005 4745; x_wconf 88' lang='lat' dir='ltr'><strong>palam</strong></span> <span class='ocrx_word' id='word_1_799' title='bbox 3031 4692 3134 4737; x_wconf 91' lang='lat' dir='ltr'><strong>est.</strong></span> <span class='ocrx_word' id='word_1_800' title='bbox 3161 4683 3326 4757; x_wconf 85' lang='lat' dir='ltr'><strong>Cujus</strong></span> <span class='ocrx_word' id='word_1_801' title='bbox 3359 4692 3501 4748; x_wconf 91' lang='lat' dir='ltr'><strong>enim</strong></span> <span class='ocrx_word' id='word_1_802' title='bbox 3532 4663 3704 4753; x_wconf 55' lang='lat' dir='ltr'><strong>vesti:</strong></span> 
     </span>
    </p>
   </div>
   <div class='ocr_carea' id='block_1_105' title="bbox 2122 4764 3702 4856">
    <p class='ocr_par' dir='ltr' id='par_1_105' title="bbox 2122 4764 3702 4856">
     <span class='ocr_line' id='line_1_105' title="bbox 2122 4764 3702 4856; baseline 0.022 -47"><span class='ocrx_word' id='word_1_803' title='bbox 2122 4764 2301 4812; x_wconf 85' lang='lat' dir='ltr'><strong>menta</strong></span> <span class='ocrx_word' id='word_1_804' title='bbox 2334 4769 2574 4815; x_wconf 90' lang='lat' dir='ltr'><strong>mortuos</strong></span> <span class='ocrx_word' id='word_1_805' title='bbox 2602 4764 2948 4835; x_wconf 86' lang='lat' dir='ltr'><strong>suscitarunt,</strong></span> <span class='ocrx_word' id='word_1_806' title='bbox 2971 4782 3025 4825; x_wconf 90' lang='lat' dir='ltr'><strong>et</strong></span> <span class='ocrx_word' id='word_1_807' title='bbox 3051 4776 3252 4832; x_wconf 73' lang='lat' dir='ltr'><strong>umbra:</strong></span> <span class='ocrx_word' id='word_1_808' title='bbox 3278 4784 3493 4839; x_wconf 90' lang='lat' dir='ltr'><strong>morbos</strong></span> <span class='ocrx_word' id='word_1_809' title='bbox 3525 4800 3702 4856; x_wconf 84' lang='lat' dir='ltr'><strong>expu-</strong></span> 
     </span>
    </p>
   </div>
   <div class='ocr_carea' id='block_1_106' title="bbox 2122 4846 3702 4940">
    <p class='ocr_par' dir='ltr' id='par_1_106' title="bbox 2122 4846 3702 4940">
     <span class='ocr_line' id='line_1_106' title="bbox 2122 4846 3702 4940; baseline 0.023 -40"><span class='ocrx_word' id='word_1_810' title='bbox 2122 4846 2325 4913; x_wconf 90' lang='lat' dir='ltr'><strong>lerunt,</strong></span> <span class='ocrx_word' id='word_1_811' title='bbox 2351 4850 2519 4907; x_wconf 92' lang='lat' dir='ltr'><strong>multo</strong></span> <span class='ocrx_word' id='word_1_812' title='bbox 2548 4854 2716 4924; x_wconf 88' lang='lat' dir='ltr'><strong>magis</strong></span> <span class='ocrx_word' id='word_1_813' title='bbox 2756 4856 2945 4929; x_wconf 68' lang='lat' dir='ltr'><strong>linguae</strong></span> <span class='ocrx_word' id='word_1_814' title='bbox 2968 4863 3267 4923; x_wconf 86' lang='lat' dir='ltr'><strong>facundiam</strong></span> <span class='ocrx_word' id='word_1_815' title='bbox 3292 4881 3498 4940; x_wconf 86' lang='lat' dir='ltr'><strong>poterat</strong></span> <span class='ocrx_word' id='word_1_816' title='bbox 3518 4846 3702 4938; x_wconf 81' lang='lat' dir='ltr'><strong>anima</strong></span> 
     </span>
    </p>
   </div>
   <div class='ocr_carea' id='block_1_107' title="bbox 2120 4941 3701 5038">
    <p class='ocr_par' dir='ltr' id='par_1_107' title="bbox 2120 4941 3701 5038">
     <span class='ocr_line' id='line_1_107' title="bbox 2120 4941 3701 5038; baseline 0.023 -44"><span class='ocrx_word' id='word_1_817' title='bbox 2120 4941 2412 5012; x_wconf 88' lang='lat' dir='ltr'><strong>suscipere.</strong></span> <span class='ocrx_word' id='word_1_818' title='bbox 2438 4944 2569 5000; x_wconf 90' lang='lat' dir='ltr'><strong>Nam</strong></span> <span class='ocrx_word' id='word_1_819' title='bbox 2595 4945 2698 5003; x_wconf 89' lang='lat' dir='ltr'><strong>hoe</strong></span> <span class='ocrx_word' id='word_1_820' title='bbox 2722 4950 2938 5019; x_wconf 89' lang='lat' dir='ltr'><strong>quidem</strong></span> <span class='ocrx_word' id='word_1_821' title='bbox 2984 4966 3067 5012; x_wconf 90' lang='lat' dir='ltr'><strong>est</strong></span> <span class='ocrx_word' id='word_1_822' title='bbox 3099 4958 3483 5033; x_wconf 87' lang='lat' dir='ltr'><strong>discipulorum</strong></span> <span class='ocrx_word' id='word_1_823' title='bbox 3504 5012 3521 5038; x_wconf 95' lang='lat'><strong>,</strong></span> <span class='ocrx_word' id='word_1_824' title='bbox 3563 4972 3701 5030; x_wconf 83' lang='lat' dir='ltr'><strong>illud</strong></span> 
     </span>
    </p>
   </div>
   <div class='ocr_carea' id='block_1_108' title="bbox 2118 5043 3701 5134">
    <p class='ocr_par' dir='ltr' id='par_1_108' title="bbox 2118 5043 3701 5134">
     <span class='ocr_line' id='line_1_108' title="bbox 2118 5043 3701 5134; baseline 0.023 -47"><span class='ocrx_word' id='word_1_825' title='bbox 2118 5043 2296 5090; x_wconf 88' lang='lat' dir='ltr'><strong>autem</strong></span> <span class='ocrx_word' id='word_1_826' title='bbox 2318 5046 2488 5092; x_wconf 88' lang='lat' dir='ltr'><strong>artem</strong></span> <span class='ocrx_word' id='word_1_827' title='bbox 2515 5054 2729 5096; x_wconf 91' lang='lat' dir='ltr'><strong>omnem</strong></span> <span class='ocrx_word' id='word_1_828' title='bbox 2755 5057 2989 5115; x_wconf 87' lang='lat' dir='ltr'><strong>superat.</strong></span> <span class='ocrx_word' id='word_1_829' title='bbox 3014 5051 3115 5117; x_wconf 83' lang='lat' dir='ltr'><strong>Qui</strong></span> <span class='ocrx_word' id='word_1_830' title='bbox 3159 5068 3289 5126; x_wconf 89' lang='lat' dir='ltr'><strong>ergo</strong></span> <span class='ocrx_word' id='word_1_831' title='bbox 3325 5061 3457 5116; x_wconf 90' lang='lat' dir='ltr'><strong>artis</strong></span> <span class='ocrx_word' id='word_1_832' title='bbox 3496 5065 3701 5134; x_wconf 81' lang='lat' dir='ltr'><strong>majora</strong></span> 
     </span>
    </p>
   </div>
   <div class='ocr_carea' id='block_1_109' title="bbox 2119 5128 3702 5223">
    <p class='ocr_par' dir='ltr' id='par_1_109' title="bbox 2119 5128 3702 5223">
     <span class='ocr_line' id='line_1_109' title="bbox 2119 5128 3702 5223; baseline 0.02 -42"><span class='ocrx_word' id='word_1_833' title='bbox 2119 5128 2287 5194; x_wconf 90' lang='lat' dir='ltr'><strong>novit,</strong></span> <span class='ocrx_word' id='word_1_834' title='bbox 2313 5130 2481 5185; x_wconf 91' lang='lat' dir='ltr'><strong>multo</strong></span> <span class='ocrx_word' id='word_1_835' title='bbox 2505 5135 2673 5203; x_wconf 88' lang='lat' dir='ltr'><strong>magis</strong></span> <span class='ocrx_word' id='word_1_836' title='bbox 2692 5138 2899 5194; x_wconf 90' lang='lat' dir='ltr'><strong>minora</strong></span> <span class='ocrx_word' id='word_1_837' title='bbox 2920 5145 3169 5209; x_wconf 89' lang='lat' dir='ltr'><strong>potuerit.</strong></span> <span class='ocrx_word' id='word_1_838' title='bbox 3195 5147 3300 5203; x_wconf 90' lang='lat' dir='ltr'><strong>Sed</strong></span> <span class='ocrx_word' id='word_1_839' title='bbox 3324 5167 3429 5207; x_wconf 93' lang='lat' dir='ltr'><strong>non</strong></span> <span class='ocrx_word' id='word_1_840' title='bbox 3454 5128 3702 5223; x_wconf 81' lang='lat' dir='ltr'><strong>permisit</strong></span> 
     </span>
    </p>
   </div>
   <div class='ocr_carea' id='block_1_110' title="bbox 2118 5217 3702 5305">
    <p class='ocr_par' dir='ltr' id='par_1_110' title="bbox 2118 5217 3702 5305">
     <span class='ocr_line' id='line_1_110' title="bbox 2118 5217 3702 5305; baseline 0.022 -34"><span class='ocrx_word' id='word_1_841' title='bbox 2118 5217 2403 5285; x_wconf 89' lang='lat' dir='ltr'><strong>Christus;</strong></span> <span class='ocrx_word' id='word_1_842' title='bbox 2456 5237 2631 5292; x_wconf 89' lang='lat' dir='ltr'><strong>neque</strong></span> <span class='ocrx_word' id='word_1_843' title='bbox 2677 5228 2820 5283; x_wconf 90' lang='lat' dir='ltr'><strong>enim</strong></span> <span class='ocrx_word' id='word_1_844' title='bbox 2866 5245 3284 5293; x_wconf 89' lang='lat' dir='ltr'><strong>consentaneum</strong></span> <span class='ocrx_word' id='word_1_845' title='bbox 3332 5217 3470 5298; x_wconf 61' lang='lat' dir='ltr'><strong>erat:</strong></span> <span class='ocrx_word' id='word_1_846' title='bbox 3508 5246 3702 5305; x_wconf 77' lang='lat' dir='ltr'><strong>Merito</strong></span> 
     </span>
    </p>
   </div>
   <div class='ocr_carea' id='block_1_111' title="bbox 2118 5310 3703 5401">
    <p class='ocr_par' dir='ltr' id='par_1_111' title="bbox 2118 5310 3703 5401">
     <span class='ocr_line' id='line_1_111' title="bbox 2118 5310 3703 5401; baseline 0.022 -38"><span class='ocrx_word' id='word_1_847' title='bbox 2118 5310 2280 5381; x_wconf 87' lang='lat' dir='ltr'><strong>igitur</strong></span> <span class='ocrx_word' id='word_1_848' title='bbox 2302 5312 2408 5381; x_wconf 88' lang='lat' dir='ltr'><strong>ait,</strong></span> <span class='ocrx_word' id='word_1_849' title='bbox 2440 5313 2560 5370; x_wconf 89' lang='lat' dir='ltr'><strong>Non</strong></span> <span class='ocrx_word' id='word_1_850' title='bbox 2584 5319 2719 5372; x_wconf 85' lang='lat' dir='ltr'><strong>enim</strong></span> <span class='ocrx_word' id='word_1_851' title='bbox 2732 5322 2965 5389; x_wconf 81' lang='lat' dir='ltr'><strong>judicavi</strong></span> <span class='ocrx_word' id='word_1_852' title='bbox 2985 5342 3064 5380; x_wconf 88' lang='lat' dir='ltr'><strong>me</strong></span> <span class='ocrx_word' id='word_1_853' title='bbox 3083 5329 3277 5401; x_wconf 81' lang='lat' dir='ltr'><strong>ahquid</strong></span> <span class='ocrx_word' id='word_1_854' title='bbox 3298 5335 3459 5401; x_wconf 84' lang='lat' dir='ltr'><strong>scire;</strong></span> <span class='ocrx_word' id='word_1_855' title='bbox 3487 5353 3609 5394; x_wconf 88' lang='lat' dir='ltr'><strong>nam</strong></span> <span class='ocrx_word' id='word_1_856' title='bbox 3644 5353 3703 5398; x_wconf 83' lang='lat' dir='ltr'><strong>et</strong></span> 
     </span>
    </p>
   </div>
   <div class='ocr_carea' id='block_1_112' title="bbox 2117 5405 3701 5491">
    <p class='ocr_par' dir='ltr' id='par_1_112' title="bbox 2117 5405 3701 5491">
     <span class='ocr_line' id='line_1_112' title="bbox 2117 5405 3701 5491; baseline 0.019 -31"><span class='ocrx_word' id='word_1_857' title='bbox 2117 5420 2216 5474; x_wconf 86' lang='lat' dir='ltr'><strong>ego</strong></span> <span class='ocrx_word' id='word_1_858' title='bbox 2239 5405 2339 5462; x_wconf 90' lang='lat' dir='ltr'><strong>hoc</strong></span> <span class='ocrx_word' id='word_1_859' title='bbox 2359 5408 2481 5465; x_wconf 84' lang='lat' dir='ltr'><strong>volo</strong></span> <span class='ocrx_word' id='word_1_860' title='bbox 2492 5411 2633 5480; x_wconf 87' lang='lat' dir='ltr'><strong>quod</strong></span> <span class='ocrx_word' id='word_1_861' title='bbox 2654 5422 2707 5467; x_wconf 91' lang='lat' dir='ltr'><strong>et</strong></span> <span class='ocrx_word' id='word_1_862' title='bbox 2728 5414 2970 5473; x_wconf 85' lang='lat' dir='ltr'><strong>Christus</strong></span> <span class='ocrx_word' id='word_1_863' title='bbox 2993 5422 3120 5476; x_wconf 83' lang='lat' dir='ltr'><strong>vult.</strong></span> <span class='ocrx_word' id='word_1_864' title='bbox 3146 5422 3270 5478; x_wconf 84' lang='lat' dir='ltr'><strong>Mihi</strong></span> <span class='ocrx_word' id='word_1_865' title='bbox 3291 5437 3466 5483; x_wconf 90' lang='lat' dir='ltr'><strong>autem</strong></span> <span class='ocrx_word' id='word_1_866' title='bbox 3489 5432 3701 5491; x_wconf 84' lang='lat' dir='ltr'><strong>videtur</strong></span> 
     </span>
    </p>
   </div>
   <div class='ocr_carea' id='block_1_113' title="bbox 2119 5497 3695 5584">
    <p class='ocr_par' dir='ltr' id='par_1_113' title="bbox 2119 5497 3695 5584">
     <span class='ocr_line' id='line_1_113' title="bbox 2119 5497 3695 5584; baseline 0.019 -33"><span class='ocrx_word' id='word_1_867' title='bbox 2119 5497 2372 5555; x_wconf 90' lang='lat' dir='ltr'><strong>humilius</strong></span> <span class='ocrx_word' id='word_1_868' title='bbox 2396 5501 2538 5573; x_wconf 92' lang='lat' dir='ltr'><strong>loqui</strong></span> <span class='ocrx_word' id='word_1_869' title='bbox 2566 5519 2688 5561; x_wconf 89' lang='lat' dir='ltr'><strong>cum</strong></span> <span class='ocrx_word' id='word_1_870' title='bbox 2712 5507 2850 5576; x_wconf 92' lang='lat' dir='ltr'><strong>illis,</strong></span> <span class='ocrx_word' id='word_1_871' title='bbox 2883 5526 3042 5580; x_wconf 89' lang='lat' dir='ltr'><strong>quam</strong></span> <span class='ocrx_word' id='word_1_872' title='bbox 3063 5529 3182 5570; x_wconf 91' lang='lat' dir='ltr'><strong>cum</strong></span> <span class='ocrx_word' id='word_1_873' title='bbox 3218 5518 3372 5584; x_wconf 85' lang='lat' dir='ltr'><strong>aliis,</strong></span> <span class='ocrx_word' id='word_1_874' title='bbox 3407 5532 3463 5576; x_wconf 90' lang='lat' dir='ltr'><strong>ut</strong></span> <span class='ocrx_word' id='word_1_875' title='bbox 3500 5523 3695 5582; x_wconf 72' lang='lat' dir='ltr'><strong>fastum</strong></span> 
     </span>
    </p>
   </div>
   <div class='ocr_carea' id='block_1_114' title="bbox 2117 5590 3707 5678">
    <p class='ocr_par' dir='ltr' id='par_1_114' title="bbox 2117 5590 3707 5678">
     <span class='ocr_line' id='line_1_114' title="bbox 2117 5590 3707 5678; baseline 0.018 -34"><span class='ocrx_word' id='word_1_876' title='bbox 2117 5590 2327 5647; x_wconf 83' lang='lat' dir='ltr'><strong>illorum</strong></span> <span class='ocrx_word' id='word_1_877' title='bbox 2356 5596 2754 5667; x_wconf 84' lang='lat' dir='ltr'><strong>comprimeret.</strong></span> <span class='ocrx_word' id='word_1_878' title='bbox 2797 5602 2931 5659; x_wconf 84' lang='lat' dir='ltr'><strong>Illud</strong></span> <span class='ocrx_word' id='word_1_879' title='bbox 2971 5622 3131 5678; x_wconf 89' lang='lat' dir='ltr'><strong>ergo,</strong></span> <span class='ocrx_word' id='word_1_880' title='bbox 3170 5608 3410 5667; x_wconf 74' lang='lat' dir='ltr'><strong>Iudicavi</strong></span> <span class='ocrx_word' id='word_1_881' title='bbox 3454 5632 3532 5669; x_wconf 88' lang='lat' dir='ltr'><strong>me</strong></span> <span class='ocrx_word' id='word_1_882' title='bbox 3568 5618 3707 5672; x_wconf 83' lang='lat' dir='ltr'><strong>nihit</strong></span> 
     </span>
    </p>
   </div>
   <div class='ocr_carea' id='block_1_115' title="bbox 2115 5683 3692 5771">
    <p class='ocr_par' dir='ltr' id='par_1_115' title="bbox 2115 5683 3692 5771">
     <span class='ocr_line' id='line_1_115' title="bbox 2115 5683 3692 5771; baseline 0.019 -36"><span class='ocrx_word' id='word_1_883' title='bbox 2115 5683 2272 5750; x_wconf 85' lang='lat' dir='ltr'><strong>scire,</strong></span> <span class='ocrx_word' id='word_1_884' title='bbox 2321 5685 2388 5740; x_wconf 89' lang='lat' dir='ltr'><strong>ad</strong></span> <span class='ocrx_word' id='word_1_885' title='bbox 2442 5686 2798 5748; x_wconf 84' lang='lat' dir='ltr'><strong>differentiam</strong></span> <span class='ocrx_word' id='word_1_886' title='bbox 2848 5706 3085 5754; x_wconf 69' lang='lat' dir='ltr'><strong>externae</strong></span> <span class='ocrx_word' id='word_1_887' title='bbox 3141 5702 3418 5771; x_wconf 81' lang='lat' dir='ltr'><strong>sapientiae</strong></span> <span class='ocrx_word' id='word_1_888' title='bbox 3475 5704 3692 5765; x_wconf 80' lang='lat' dir='ltr'><strong>dicitur.</strong></span> 
     </span>
    </p>
   </div>
   <div class='ocr_carea' id='block_1_116' title="bbox 2119 5774 3705 5874">
    <p class='ocr_par' dir='ltr' id='par_1_116' title="bbox 2119 5774 3705 5874">
     <span class='ocr_line' id='line_1_116' title="bbox 2119 5774 3705 5874; baseline 0.018 -45"><span class='ocrx_word' id='word_1_889' title='bbox 2119 5774 2231 5830; x_wconf 82' lang='lat' dir='ltr'><strong>Non</strong></span> <span class='ocrx_word' id='word_1_890' title='bbox 2261 5793 2401 5834; x_wconf 85' lang='lat' dir='ltr'><strong>cnnn</strong></span> <span class='ocrx_word' id='word_1_891' title='bbox 2418 5781 2536 5836; x_wconf 88' lang='lat' dir='ltr'><strong>veni</strong></span> <span class='ocrx_word' id='word_1_892' title='bbox 2563 5785 2903 5856; x_wconf 85' lang='lat' dir='ltr'><strong>syllogismos</strong></span> <span class='ocrx_word' id='word_1_893' title='bbox 2925 5802 3144 5848; x_wconf 76' lang='lat' dir='ltr'><strong>nectens</strong></span> <span class='ocrx_word' id='word_1_894' title='bbox 3159 5810 3329 5866; x_wconf 86' lang='lat' dir='ltr'><strong>neque</strong></span> <span class='ocrx_word' id='word_1_895' title='bbox 3342 5797 3705 5874; x_wconf 63' lang='lat' dir='ltr'><strong>sophismata,</strong></span> 
     </span>
    </p>
   </div>
  </div>
