3864 6216
19 316 88 366 47
1172 312 1238 369 ΙΝ
1269 311 1491 369 EPIST.
1526 311 1547 367 Ι
1578 312 1620 366 Α

1730 314 1864 374 20R.
1905 315 2142 373 HOMIL.
2179 316 2265 373 VI.
3206 321 3278 380 48

20 425 159 497 ριζε.
186 422 392 491 Μηδεὶς
418 424 598 480 τοίνυν
620 426 959 496 αἰσχυνέσθω
984 426 1093 480 τῶν
1120 430 1217 499 τὴν
1240 430 1437 503 τέχνην
1458 433 1603 505 ἐχόν-

18 524 148 571 των,
182 506 299 559 ἀλλ’
327 508 376 559 οί
420 508 539 578 είκῆ
565 509 888 579 τρεφόμενοι
936 512 1027 564 καὶ
1057 512 1376 583 ἀργοῦντες,
1406 517 1456 568 οἱ
1487 516 1603 570 δια-

17 590 197 653 κόνοις
226 590 554 660 κεχρημένοι
580 591 790 657 πολλοῖς
810 594 903 646 καὶ
918 594 1123 662 ἀφάτου
1148 595 1446 667 θεραπείας
1467 601 1603 653 άποο

16 670 299 735 λαύοντες.
332 673 405 726 Τὸ
432 674 541 746 γὰρ
568 675 856 740 διαπαντὸς
889 675 1256 748 ἐργαζόμενον
1282 680 1600 750 τρέφεσθαι,

16 756 340 825 φιλοσοφίας
368 752 505 821 εἶδός
528 761 664 812 ἐστι’
686 758 888 813 τούτων
916 763 970 813 αἱ
1001 762 1169 832 ψυχαὶ
1198 763 1599 833 καθαρώτεραι,

17 840 227 894 τούτων
256 843 312 895 αἱ
339 842 566 895 διάνοιαι
595 842 978 912 εὐτονώτεραι.
1004 844 1063 898 Ὀ
1085 845 1193 916 γὰρ
1220 845 1407 916 ἀργῶν
1433 847 1603 901 πολλά

18 923 143 992 εἰκῆ
179 926 381 994 μᾶλλον
414 924 728 995 φθέγγεται,
755 926 848 980 καὶ
878 926 1045 982 πολλά
1075 928 1201 998 είκῆ
1226 930 1479 1001 πράσσει,
1510 931 1603 985 καὶ

21 1005 134 1078 [62]
169 1007 463 1079 ἐργάζεται
497 1008 564 1062 δι’
596 1009 724 1079 ὅλης
758 1010 973 1081 ἡμέρας
1019 1011 1192 1076 οὐδὲν,
1238 1011 1437 1083 πολλῆς
1471 1015 1605 1085 νάρ-

18 1108 122 1161 κης
144 1091 625 1163 ἐμπεπλησμένος⁸
656 1092 684 1144 6
701 1092 755 1146 δὲ
786 1093 845 1145 ἐν
871 1094 1104 1165 ἐργασίᾳ
1129 1095 1203 1147 ὢν
1222 1095 1374 1148 οὐδὲν
1393 1097 1606 1166 ταχέως

18 1175 277 1244 περιττὸν
307 1176 670 1245 παραδέξεται
707 1174 830 1229 οὔτε
865 1178 924 1229 ἐν
950 1176 1133 1247 ἔργοις
1178 1176 1303 1231 οὔτε
1337 1180 1395 1230 ἐν
1424 1178 1606 1247 λόγοις

16 1256 142 1311 οὔτε
169 1259 231 1312 ἐν
259 1260 510 1323 ἐννοίαις·
538 1259 633 1331 ὂλη
662 1260 771 1330 γάρ
803 1261 979 1315 διόλου
1012 1262 1327 1316 συντέταται
1358 1262 1493 1333 πρὸς
1513 1264 1605 1317 τὸν

19 1341 281 1395 ἐπίπονον
321 1342 433 1412 βίον
463 1345 496 1414 ἡ
521 1344 691 1414 ψυχή.
716 1344 806 1413 Μὴ
830 1344 1009 1397 τοίνυν
1039 1347 1468 1417 καταφρονῶμεν
1496 1346 1607 1401 τῶν

19 1425 128 1479 ἀπὸ
154 1424 266 1480 τῶν
290 1427 488 1498 χειρῶν
512 1428 881 1499 τρεφομένων,
908 1428 1043 1482 ἀλλά
1068 1430 1161 1484 καὶ
1182 1430 1380 1499 μᾶλλον
1410 1431 1606 1496 αὐτοὺς

25 1509 426 1580 μακαρίζωμεν
470 1510 556 1564 διὰ
604 1512 781 1566 τοῦτο.
818 1511 957 1566 Ποία
997 1514 1103 1585 γάρ
1155 1529 1235 1566 σοι
1268 1514 1448 1585 χάρις,
1484 1514 1606 1568 είπέ

24 1610 137 1663 μοι,
176 1593 310 1646 ὅταν
342 1593 433 1647 τὸν
460 1594 661 1665 κλῆρον
714 1595 865 1666 παρὰ
920 1594 1012 1647 τοῦ
1044 1597 1250 1667 πατρὸς
1293 1597 1605 1669 δεξάμενος,

24 1674 193 1745 μηδὲν
222 1676 478 1746 πράττων
504 1677 770 1748 διατελῇς,
795 1677 931 1732 ἀλλὰ
958 1678 1240 1751 ἀναλώσῃς
1268 1680 1445 1733 πάντα
1470 1682 1611 1733 ἐκεῖ·

21 1778 89 1812 να
122 1761 248 1831 εἰκῆ
272 1778 286 1824 ς
310 1762 424 1814 Ούκ
465 1759 612 1824 οἶδας
666 1763 747 1815 ὃτι
781 1762 841 1815 ού
867 1762 1069 1825 πάντες
1094 1763 1185 1816 τὸν
1212 1762 1373 1816 αὐτὸν
1398 1763 1615 1817 ἀποδώ·

26 1859 197 1913 σομεν
236 1844 415 1912 λόγον,
446 1844 562 1898 ἀλλ’
586 1846 635 1899 οί
671 1845 769 1914 μὲν
814 1844 1058 1908 πλείονος
1098 1846 1333 1899 ἐνταῦθα
1370 1847 1613 1900 ἀπολαύ-

25 1939 224 1989 σαντες
253 1927 460 1990 ἀδείας,
487 1927 887 1999 χαλεπώτερον,
912 1929 961 1981 οί
985 1928 1041 1982 δὲ
1079 1929 1479 2001 κακωθέντεςῆ
1510 1930 1613 1983 πό-

22 2026 139 2071 νοις
201 2010 236 2081 ἢ
295 2012 455 2082 πενίᾳ
505 2013 537 2082 ἢ
574 2013 749 2083 ἑτέρῳ
778 2014 886 2068 τινὶ
926 2012 1173 2084 τοιούτῳ,
1215 2013 1607 2086 ἠμερώτερον;

24 2092 140 2147 Καὶ
168 2091 346 2146 ταῦτα
373 2094 479 2147 ἀπὸ
510 2094 604 2147 τοῦ
635 2094 888 2166 Λαζάρου
915 2096 1009 2150 καὶ
1045 2095 1142 2149 τοῦ
1174 2097 1430 2151 πλουσίου
1452 2097 1607 2169 δῆλα.

26 2175 99 2227 Σὺ
144 2175 246 2245 μὲν
277 2177 388 2246 γὰρ
418 2179 496 2241 είς
531 2178 680 2231 οὐδὲν
708 2178 826 2232 δέον
862 2181 929 2249 τῇ
971 2178 1133 2250 σχολῇ
1165 2180 1508 2251 χρησάμενος
1537 2183 1614 2235 εί-

27 2258 203 2323 κότως
231 2261 460 2332 ἐγκαλῇ,
484 2264 511 2315 6
535 2262 591 2315 δὲ
617 2262 781 2332 πένης
813 2264 907 2316 καὶ
942 2262 1080 2333 μετά
1117 2263 1372 2334 ἀσχολίας
1394 2264 1454 2317 τὸ
1476 2265 1612 2319 ὑπό-

28 2350 218 2403 λοιπον
240 2352 333 2427 τοῦ
371 2351 561 2424 καιροῦ
596 2355 674 2418 είς
710 2354 779 2407 τὰ
810 2353 998 2408 δέοντα
1024 2354 1328 2421 ἀναλώσας,
1361 2356 1613 2428 μεγάλων

30 2434 404 2491 ἀπολαύσεται
432 2437 543 2491 τῶν
579 2439 880 2507 στεφάνων.

114 2518 279 2573 ’Λλλά
318 2520 413 2575 καὶ
452 2521 738 2591 στρατείαν
784 2540 873 2595 μοι
922 2522 1205 2596 προϐάλλῃ
1247 2522 1482 2593 πάντως,
1522 2525 1618 2579 καὶ

55 2703 333 2721 ——

1702 431 1802 501 τῆς
1846 431 2101 502 ἀσχολίας
2138 430 2309 502 αὐτὴν
2336 430 2592 504 αίτιάσῃ;
2632 434 2770 488 Ἀλλ’
2796 433 2896 487 οὐκ
2934 434 2999 489 ἂν
3034 433 3143 506 ἔχοι
3190 436 3279 489 λό-

1702 528 1798 581 γον
1822 516 1856 585 ἡ
1882 513 2101 583 σκῆψις.
2125 514 2236 567 Καὶ
2260 511 2368 585 γὰρ
2394 515 2423 567 6
2443 516 2741 587 Κορνήλιος
2767 516 3167 587 ἑκατοντάρχης
3186 514 3277 589 ἦν,

1703 596 1796 648 καὶ
1834 596 1983 648 οὐδὲν
2012 598 2044 667 ἡ
2077 594 2221 666 ζώνη
2254 596 2352 667 τὴν
2390 597 2595 668 ἀκριϐῆ
2631 598 2907 651 πολιτείαν
2940 597 3276 669 παρέϐλαψε.

1703 681 1775 733 Σὺ
1799 679 1857 732 δὲ
1890 680 2019 733 ὅταν
2054 682 2351 751 ὀρχησταῖς
2388 681 2480 734 καὶ
2513 681 2701 753 μίμοις
2729 681 3016 753 σχολάζῃς,
3043 681 3134 733 καὶ
3161 680 3278 733 δια-

1704 765 1903 828 παντὸς
1939 765 2031 818 ἐπὶ
2060 764 2159 834 τῆς
2194 765 2399 835 σκηνῆς
2428 765 2725 836 ἀναλίσκῃς
2751 766 2842 817 τὸν
2884 765 3016 835 βίον,
3044 762 3278 833 οὐδαμοῦ

1703 852 1765 902 ού
1794 849 2086 920 στρατείας
2119 848 2386 918 ἀνάγκην,
2416 850 2515 902 οὐκ
2557 850 2834 919 ἀρχόντων
2870 847 3147 919 προϐάλλῃ
3187 847 3284 916 φό-

1705 932 1821 985 ϐον·
1868 933 1996 985 ὃταν
2044 931 2102 983 δέ
2152 932 2242 984 ἐπὶ
2295 932 2393 999 τὴν
2424 932 2717 1001 ἐκκλησίαν
2746 930 3020 1000 καλῶμεν,
3061 929 3182 981 τότε
3212 928 3282 981 τὰ

1707 1014 1879 1085 μυρία
1910 1013 2228 1084 κωλύματα.
2262 1014 2371 1066 Καὶ
2412 1013 2464 1066 τί
2494 1014 2635 1067 κατά
2682 1014 2780 1084 τὴν
2820 1013 3031 1084 ἡμέραν
3068 1010 3283 1081 ἐκείνην

1705 1099 1872 1167 ἐρεῖς.
1900 1098 2028 1149 ὅταν
2059 1097 2173 1167 ίδῃς
2204 1095 2303 1166 τὴν
2333 1095 2506 1164 φλόγα
2539 1096 2633 1150 καὶ
2664 1098 2795 1158 τοὺς
2841 1096 2934 1148 τοῦ
2972 1095 3141 1164 πυρὸς
3187 1109 3285 1147 πο-

1704 1181 1935 1251 ταμοὺς,
1981 1180 2076 1233 καὶ
2120 1179 2189 1233 τὰ
2223 1178 2398 1248 δεσμά
2445 1178 2514 1232 τά
2552 1178 2746 1243 ἄλυτα,
2796 1179 2890 1231 καὶ
2936 1175 3283 1248 βρυχομένων

1705 1265 1948 1338 ἀκούσῃς
1996 1264 2252 1329 όδόντων;
2308 1262 2393 1326 τίς
2448 1280 2542 1315 σου
2584 1263 2950 1333 προστήσεται
3001 1260 3142 1314 κατὰ
3185 1259 3285 1328 τὴν

1706 1349 1918 1419 ἡμέραν
1952 1348 2190 1418 ἐκείνην,
2218 1347 2344 1399 ὅταν
2380 1346 2497 1417 ἴδῃς
2534 1345 2625 1399 τὸν
2676 1345 2776 1417 μὲν
2812 1344 3157 1415 χειροτέχνην
3192 1341 3285 1394 καὶ

1707 1430 1883 1502 ὀρθῶς
1913 1429 2236 1501 βεϐιωκότα,
2272 1429 2452 1499 πάσης
2482 1428 2820 1482 ἀπολαύοντα
2862 1427 3050 1497 δόξης’
3090 1423 3286 1477 σαυτὸν

1706 1516 1763 1569 δὲ
1806 1514 1899 1567 τὸν
1957 1514 2052 1567 νῦν
2099 1516 2156 1566 ἐν
2208 1513 2472 1584 μαλακοῖς
2530 1513 2766 1582 ίματίοις
2808 1511 2935 1563 ὄντα
2966 1509 3058 1562 καὶ
3100 1506 3287 1579 μύρων

1710 1598 1962 1663 πνέοντα,
1990 1597 2268 1666 ἀνήκεστα
2286 1597 2599 1666 πάσχοντας
2631 1596 2684 1648 τί
2707 1612 2786 1648 σοι
2811 1594 2905 1647 τοῦ
2934 1592 3165 1647 πλούτου
3192 1589 3287 1644 καὶ

1707 1683 1808 1752 τῆς
1854 1680 2171 1752 περιουσίας
2216 1679 2369 1733 ἐσται
2413 1680 2638 1748 δφελοςς
2680 1678 2818 1733 τίδὲ
2852 1676 2930 1747 τῷ
2971 1674 3287 1747 χειροτέχνῃ

1708 1767 1810 1837 τῆς
1862 1765 2048 1827 πενίας
2106 1763 2337 1834 βλάϐος;
2369 1764 2466 1816 Ἷν¹
2490 1758 2582 1816 οῦν
2631 1762 2705 1833 μὴ
2744 1762 3004 1830 πάθωμεν
3037 1757 3208 1812 ταῦτα
3237 1770 3287 1819 ι,

1711 1849 2038 1920 φοϐηθῶμεν
2064 1848 2134 1901 τὰ
2162 1847 2434 1916 λεγόμενα
2458 1845 2574 1911 νῦν,
2604 1847 2698 1898 καὶ
2728 1844 2826 1914 τὴν
2859 1842 3115 1913 ἀσχολίαν
3148 1840 3289 1893 ἃπα-

1713 1952 1813 1988 σαν
1851 1936 1931 1997 είς
1957 1934 2055 2005 τὴν
2072 1932 2181 1986 τῶν
2207 1931 2525 1999 ἀναγκαίων
2554 1930 2897 2001 πραγμάτων
2926 1926 3291 1995 ἀναλώσωμεν

1709 2018 2010 2091 διατριϐήν.
2048 2017 2204 2073 Οὕτω
2250 2015 2358 2087 γὰρ
2392 2014 2807 2084 ἐξιλεωσάμενοι
2859 2011 2949 2065 τὸν
2980 2009 3110 2063 Θεὸν
3136 2007 3292 2091 ,ὑπὲρ

1716 2090 1845 2157 τῶν
1866 2101 2245 2173 παρελθόντων
2284 2098 2722 2169 ἁμαρτημάτων,
2775 2096 2870 2149 καὶ⁸
2916 2093 2985 2147 τὰ
3034 2090 3295 2173 μέλλοντα

1719 2171 2046 2256 προσθέντες
2076 2181 2495 2254 κατορθώματα,
2525 2178 2865 2251 δυνησόμεθα
2891 2177 2991 2247 τῆς
3021 2171 3295 2256 βασιλείας

1718 2253 1998 2340 ἐπιτυχεῖν
2015 2268 2125 2321 τῶν
2154 2253 2425 2338 οὐρανῶν,
2446 2263 2631 2335 χάριτι
2655 2264 2749 2318 καὶ
2775 2256 3175 2332 φιλανθρωπίᾳ,
3200 2253 3295 2307 καὶ

1716 2353 1786 2409 τὰ
1815 2353 1962 2425 ἑξῆς.

1787 2514 1815 2544 ⁸
1836 2513 2101 2578 ιερεὸαιιιν
2123 2512 2187 2575 μὴ
2206 2510 2316 2560 τότε
2330 2509 2571 2572 πάθωμεν.

336 2690 3278 2725 _________________________________________________._._

1490 2913 1733 2968 omum
1782 2916 1874 2981 qv.

41 3115 232 3185 Κάγὼ,
265 3112 545 3185 ἀδελφοὶ,
565 3113 761 3185 ἐλθὼν
782 3112 934 3183 πρὸς
957 3112 1135 3183 ὑμᾶς,
1157 3109 1349 3183 ἦλθον
1383 3114 1456 3169 οὐ
1495 3109 1625 3185 καθ’

110 3181 432 3255 ὗπεροχὴνί
470 3184 658 3254 λόγου
693 3182 731 3251 ἢ
772 3181 1013 3255 σοφίας,
1037 3181 1461 3254 καταγγέλλων
1487 3181 1629 3255 ύμῖν

109 3257 177 3337 ἶρ
200 3253 535 3337 μαρτύριον
705 3253 993 3337 Θεοῦ..ρύ
1039 3256 1150 3337 γὰρ
1176 3253 1383 3337 ἔκρινα
1403 3253 1519 3337 ’τοῦ
1549 3255 1629 3337 εῖτ

110 3323 285 3380 δέκαι
342 3342 398 3378 τι
422 3326 493 3378 ἐν
537 3324 702 3394 ὑμῖν,
736 3327 789 3378 εί
824 3324 911 3395 μὴ
940 3323 1176 3394 Ἰησοῦν
1204 3323 1483 3395 Χριστὸν,
1530 3323 1629 3377 καί

113 3396 337 3451 τοῦτον
370 3394 852 3465 ἐσταυρωμένον.

114 3508 185 3555 α’.
219 3499 388 3553 Ούδέν
410 3499 507 3569 τῆς
527 3499 742 3555 Παύλου
756 3499 936 3571 ψυχῆς
959 3498 1476 3570 ἀγωνιστικώτερον,
1500 3498 1631 3568 μᾶλ-

45 3583 133 3639 λον
167 3582 226 3635 δὲ
252 3582 314 3635 οὐ
334 3583 430 3652 τῆς
452 3582 660 3637 ἐκείνου
686 3582 864 3653 ψυχῆς
888 3598 902 3611 ·
925 3584 984 3636 ού
1016 3585 1122 3655 γάρ
1146 3584 1307 3647 αὐτὸς
1336 3583 1508 3636 ταῦτα
1537 3582 1629 3635 εὖ-

51 3680 243 3739 ρισκεν
266 3680 282 3696 °
309 3666 426 3721 ἀλλ’
452 3667 600 3720 οὐδὲν
649 3666 750 3736 τῆς
781 3667 1112 3737 ἐνεργούσης
1142 3668 1202 3721 ἐν
1232 3666 1382 3737 αὐτῷ
1410 3668 1632 3739 χάριτος

52 3751 164 3803 ἴσον
199 3749 383 3804 πάντα
421 3749 687 3821 νικώσης.
716 3750 897 3803 Ἱκανὰ
931 3750 1030 3820 μὲν
1070 3750 1181 3822 γὰρ
1209 3752 1304 3805 καὶ
1337 3752 1403 3804 τὰ
1424 3751 1633 3821 ἐμπρο-

54 3834 177 3887 σθεν
206 3834 482 3906 εἰρημένα
512 3836 841 3891 καταϐαλεῖν
869 3836 960 3890 τὸν
992 3835 1161 3903 τῦφον
1188 3835 1297 3888 τῶν
1328 3836 1421 3888 ἐπὶ
1466 3835 1633 3907 σοφίᾳ.

55 3916 165 3991 [45]
197 3917 615 3988 κομπαζόντων,
654 3919 853 3989 μᾶλλον
885 3919 941 3973 δὲ
993 3919 1090 3971 καὶ
1143 3918 1307 3990 μέρος
1338 3918 1447 3971 τῶν
1476 3920 1629 3989 είρη-

58 4001 257 4069 μένων.
292 4002 455 4054 Ὥστε
489 4002 545 4055 δὲ
568 4002 796 4073 λαμπρά
821 4002 1075 4071 γενέσθαι
1096 4002 1165 4056 τά
1193 4005 1506 4074 νικητήρια,
1539 4002 1637 4055 καὶ

57 4084 464 4153 ἐπαγωνίζεται
493 4088 606 4148 τοῖς
631 4085 888 4155 λεχθεῖσι,
914 4086 1187 4157 κειμένοις
1223 4089 1334 4151 τοῖς
1374 4086 1637 4149 ἐναντίοις

59 4169 432 4240 ἐπεμϐαίνων.
478 4168 675 4221 Σκόπει
722 4168 779 4221 δέ
802 4186 816 4207 ο
852 4170 1149 4240 Παρήγαγε
1175 4172 1274 4241 τὴν
1302 4170 1637 4241 προφητείαν

59 4253 152 4319 τὴν
174 4253 468 4320 λέγουσαν,
494 4251 578 4305 ὅτι
611 4251 832 4306 Ἀπολῶ
868 4253 981 4316 τὴν
1008 4253 1234 4323 σοφίαν
1260 4253 1378 4307 τῶν
1405 4244 1634 4323 οδοφῶνη

62 4336 227 4402 ἔδειξε
258 4336 355 4390 τοῦ
389 4335 523 4389 Θεοῦ
551 4335 645 4406 τὴν
675 4335 886 4405 σοφίαν,
921 4338 1002 4390 ὅτι
1031 4335 1120 4390 διὰ
1149 4338 1247 4406 τῆς
1272 4337 1531 4408 δοκούσης
1558 4334 1637 4394 εἶ-

63 4436 148 4473 ναι
180 4418 400 4491 μωρίας
423 4420 739 4489 κατήργησε
772 4419 870 4490 τὴν
896 4418 1095 4486 ἔξωθεν
1126 4420 1463 4490 φιλοσοφίαν,
1508 4421 1641 4475 ἔδει·

65 4501 151 4566 ξεν
181 4505 270 4557 ὅτι
304 4503 366 4556 τὸ
400 4503 582 4573 μωρὸν
611 4500 705 4554 τοῦ
760 4500 896 4555 Θεοῦ
938 4502 1244 4573 σοφώτερον
1271 4504 1382 4557 τῶν
1425 4504 1641 4576 ἀνθρὼ-

66 4606 204 4651 πων,
226 4586 430 4652 ἐδειξεν
455 4587 539 4639 δτι
564 4585 626 4638 ού
658 4586 818 4655 μόνον
839 4585 925 4639 διὰ
958 4586 1184 4639 ἰδιωτῶν
1206 4586 1466 4651 ἐδίδαξεν,
1507 4587 1645 4643 ἀλλά

68 4672 158 4724 καὶ
188 4668 412 4732 ἰδιώτας
463 4668 708 4722 ἐκάλεσε’
738 4668 831 4721 νῦν
872 4668 1113 4722 δείκνυσι
1150 4669 1230 4722 δτι
1278 4670 1373 4723 καὶ
1406 4671 1539 4724 αὐτὸ
1586 4669 1648 4724 τδ

70 4754 500 4825 κηρυττόμενον,
552 4753 644 4805 καὶ
676 4752 704 4804 6
758 4752 958 4823 τρόπος
1002 4752 1104 4822 τῆς
1150 4751 1432 4822 κηρύξεως
1488 4754 1647 4808 ίκανά

72 4837 373 4909 θορυϐῆσαι
401 4832 490 4907 ἦν,
527 4836 621 4888 καὶ
647 4836 748 4888 οὐκ
777 4835 1125 4905 ἐθορύϐησεν.
1156 4837 1229 4888 Ού
1265 4836 1373 4907 γὰρ
1398 4835 1459 4907 δὴ
1491 4837 1648 4907 μόνον

72 4930 116 4979 οἱ
155 4925 426 4997 μαθηταὶ,
459 4923 651 4994 φησὶν,
686 4922 918 4985 ίδιῶται,
960 4921 1093 4975 ἀλλά
1120 4922 1214 4975 καὶ
1240 4921 1351 4990 ἐγὼ
1381 4922 1409 4974 6
1448 4922 1651 4992 κηρύτ-

72 5026 197 5064 των.
231 5008 334 5061 Διά
385 5006 546 5059 τοῦτό
573 5018 706 5076 φησι
728 5020 743 5033 ’
774 5003 887 5058 Καὶ
926 5003 1060 5074 ἐγὼ,
1086 5004 1348 5073 ’ἀδελφοὶ
1382 5004 1564 5071 (πάλιν
1592 5004 1652 5057 τὸ

74 5092 177 5145 τῶν
204 5090 458 5160 ἀδελφῶν
484 5090 698 5160 τίθησιν
727 5089 916 5157 ὄνομα,
947 5088 1316 5142 καταλεαίνων
1348 5087 1443 5141 τοῦ
1490 5088 1651 5156 λόγου

76 5176 169 5243 τὴν
216 5173 581 5245 τραχύτητα),
624 5167 812 5241 ἦλθον
844 5172 915 5224 οὺ
948 5172 1072 5225 καθ’
1113 5171 1420 5241 ὑπεροχὴν
1456 5172 1642 5239 λόγου

78 5258 504 5328 καταγγέλλων
537 5255 681 5324 ὑμῖν
726 5255 791 5309 τὸ
836 5256 1159 5324 μαρτύριον
1216 5256 1321 5310 τοῦ
1380 5255 1549 5309 Θεοῦ.
1582 5254 1649 5308 Τί

83 5342 204 5410 γὰρ,
246 5340 374 5392 είπέ
404 5356 517 5408 μοι,
554 5339 603 5391 εί
631 5338 725 5391 καὶ
760 5337 980 5390 ἐϐούλου
1014 5338 1134 5391 καθ’
1158 5339 1433 5409 ὑπεροχὴν
1458 5338 1654 5403 ἐλθείνς

83 5422 339 5487 ἐδύνασος
376 5421 522 5488 Ἐγὼ
559 5420 660 5492 μὲν
693 5422 741 5473 εί
772 5419 1092 5490 ἐϐουλόμην,
1130 5422 1230 5475 ούκ
1256 5420 1321 5474 ἂν
1354 5420 1618 5492 ἐδυνήθην
1641 5435 1653 5448 ·

86 5507 113 5556 6
137 5505 191 5556 δὲ
229 5503 471 5575 Χριστὸς
507 5506 555 5557 εί
590 5503 875 5574 ἐϐουλήθη,
932 5504 1170 5559 ἐδύνατο.
1207 5504 1346 5557 Ἀλλ’
1378 5505 1477 5557 οὐκ
1507 5505 1660 5557 ἐϐου-

87 5587 239 5661 λήθη,
270 5589 359 5642 ἴνα
382 5588 760 5659 λαμπρότερον
791 5589 991 5659 ποιήσῃ
1023 5588 1083 5640 τὸ
1114 5590 1394 5661 τρόπαιον.
1430 5588 1521 5641 Διὸ
1560 5587 1655 5641 καὶ

91 5674 343 5745 ἀνωτέρω
395 5673 633 5735 δεικνὺς,
670 5673 751 5725 ὅτι
800 5672 963 5725 αὐτοῦ
995 5674 1215 5741 γέγονεν
1240 5674 1399 5745 ἔργον
1429 5673 1523 5727 καὶ
1560 5673 1655 5726 a6-

93 5757 181 5810 τοῦ
216 5758 468 5829 βούλημα
494 5753 563 5827 ῆν
589 5756 650 5809 τὸ
678 5756 848 5821 οὕτως
883 5758 1163 5822 ἰδιωτικῶς
1194 5757 1533 5828 κηρυχθῆναι
1563 5756 1655 5809 τὸν

93 5844 266 5909 λόγον,
300 5844 505 5913 ἔλεγεν·
547 5844 630 5895 Οὺ
658 5842 768 5910 γὰρ
797 5842 1113 5898 ἀπέστειλέ
1152 5861 1227 5912 με
1262 5842 1515 5913 Χριστὸς
1544 5841 1657 5905 βω-

100 5926 336 5995 πτίζειν,
373 5928 511 5983 ἀλλ’
552 5924 1044 5996 εὐαγγελίζεσθαι,
1078 5930 1184 5983 οὐκ
1214 5928 1282 5982 ἐν
1321 5926 1506 6000 σοφίᾳ
1552 5924 1654 5979 .26-

1730 3129 1863 3181 του.
1900 3113 2042 3168 Πολὺ
2072 3112 2131 3168 δὲ
2159 3112 2343 3185 μεῖζον
2364 3113 2459 3167 καὶ
2491 3112 2736 3183 ἀπείρως
2768 3108 2949 3183 μεῖζον
2973 3108 3067 3163 τοῦ
3094 3108 3307 3165 Παῦλον

1731 3195 1959 3267 θελῆσαι
1990 3197 2150 3253 τοῦτο
2178 3198 2240 3251 τὸ
2275 3198 2367 3252 τὸν
2420 3196 2656 3272 Χριστὸν
2707 3194 2955 3264 θελῆσαι.
3009 3192 3083 3247 Οὐ
3130 3194 3309 3247 τοίνυν

1730 3288 2063 3358 εύγλωττίαν
2093 3290 2560 3361 ἐπιδεικνύμενος,
2597 3288 2785 3360 φησιν,
2819 3286 2938 3339 ούδέ
2965 3287 3078 3350 τοῖς
3109 3285 3310 3351 ἔξωθεν

1730 3372 1911 3442 λόγοις
1958 3373 2301 3444 ὡπλισμένος
2337 3373 2695 3442 καταγγέλλω
2748 3370 2810 3424 τὸ
2862 3371 3165 3441 μαρτύριον
3213 3369 3309 3424 τοῦ

1730 3456 1888 3513 Θεοῦ.
1925 3458 2035 3510 Καὶ
2064 3458 2163 3511 οὐκ
2188 3455 2331 3522 εἷπε,
2367 3458 2440 3510 Τὸ
2463 3459 2747 3529 κήρυγμα,
2784 3453 2941 3516 ἀλλά,
2989 3454 3060 3508 Τὸ
3092 3456 3313 3524 μαρτύ-

1724 3558 1863 3610 ριον
1886 3542 1993 3596 τοῦ
2026 3541 2195 3609 Θεοῦ,
2230 3542 2258 3595 ὃ
2286 3542 2379 3596 καὶ
2420 3541 2551 3594 αὐτὸ
2601 3538 2783 3593 ἱκανὸν
2826 3533 2894 3610 ἦν
2922 3537 3230 3608 ἀποτρέψαι
3260 3550 3311 3592 ⁸.

1733 3625 1973 3680 Θάνατον
2000 3624 2109 3695 γὰρ
2157 3626 2373 3698 περιῄει
2411 3623 2717 3696 κηρύττωνε
2753 3620 2839 3674 διὰ
2871 3619 3030 3674 τοῦτο
3089 3620 3185 3674 καὶ
3218 3621 3318 3673 ἐπ-

1734 3711 1943 3781 ήγαγεν
1965 3726 1978 3739 ⁸
2016 3710 2096 3763 Οὐ
2127 3709 2240 3779 γὰρ
2272 3708 2479 3777 ἔκρινα
2508 3706 2613 3761 τοῦ
2652 3704 2876 3759 ειδέναι
2901 3721 2956 3758 τι
2981 3703 3052 3757 ὲν
3075 3703 3240 3772 ὑμῖν,
3264 3704 3319 3757 εί

1730 3793 1817 3863 μὴ
1852 3793 2090 3861 Ἰησοῦν
2143 3792 2423 3861 Χριστὸν,
2456 3790 2555 3843 καί
2596 3789 2814 3857 τοῦτον
2839 3784 3315 3857 ἐσταυρωμένον.

1736 3877 1910 3930 Τοῦτο
1932 3877 1987 3929 δὲ
2012 3876 2215 3945 ἔλεγεν,
2241 3874 2323 3929 ὅτι
2355 3873 2585 3929 καθόλου
2616 3872 2714 3943 τῆς
2741 3869 2940 3934 ἔξωθεν
2958 3868 3147 3939 σοφίας
3172 3868 3321 3921 ἐστὶν

1737 3962 1985 4032 ἄμοιρος,
2013 3962 2202 4031 ὥσπερ
2223 3956 2316 4015 οὖν
2342 3959 2438 4014 καὶ
2466 3957 2727 4028 ἀνωτέρω
2766 3954 2970 4022 ἔλεγεν·
2987 3952 3219 4007 *Ηλθον
3248 3953 3320 4006 οὐ

1737 4047 1865 4100 καθ’
1928 4043 2244 4112 ὑπεροχὴν
2292 4044 2499 4113 λόγου.
2533 4042 2658 4094 Ὅτι
2712 4040 2821 4108 γὰρ
2864 4032 2933 4108 ἦν
2974 4034 3196 4090 δυνατὸν
3226 4035 3323 4088 καὶ

1738 4126 1897 4182 τοῦτο
1924 4128 2089 4181 αὐτὸν
2122 4127 2291 4197 ἔχειν.
2314 4126 2495 4197 δῆλον.
2543 4117 2617 4178 Οῦ
2642 4120 2751 4192 γὰρ
2774 4120 2845 4175 τὰ
2875 4119 3065 4191 ἱμάτια
3094 4118 3321 4189 νεκροὺς

1738 4211 1956 4281 ἀνίστη,
1993 4212 2087 4264 καὶ
2120 4211 2176 4263 αἱ
2208 4209 2359 4262 σκιαὶ
2394 4208 2678 4278 νοσήματα
2700 4205 2954 4276 ῆλαυνον,
2989 4201 3168 4272 πολλῷ
3196 4200 3324 4272 μᾶλ-

1740 4294 1831 4349 λον
1865 4292 2200 4361 εύγλωττίαν
2228 4291 2466 4361 ἠδύνατο
2499 4287 2758 4355 δέξασθαι
2784 4287 2813 4327 ι)
2848 4288 2882 4357 ὴ
2909 4285 3079 4356 ψυχή.
3110 4284 3184 4337 Τὸ
3224 4283 3324 4355 μὲν

1742 4378 1851 4448 γάρ
1879 4378 1995 4430 ἐστι
2028 4376 2308 4447 μαθητῶν,
2343 4372 2405 4428 τό
2449 4373 2506 4426 δέ
2551 4373 2734 4425 πᾶσαν
2760 4368 3083 4440 ὑπερϐαίνει
3107 4367 3321 4438 τέχνην.

1754 4464 1815 4517 '0
1843 4462 2023 4516 τοίνυν
2044 4460 2113 4514 τὰ
2146 4458 2370 4531 μείζονα
2398 4458 2497 4529 τῆς
2523 4456 2720 4527 τέχνης
2751 4452 2927 4518 εἰδὼς,
2961 4450 3140 4522 πολλῷ
3166 4450 3325 4504 πλέον

1744 4545 1812 4601 τά
1844 4545 2109 4599 ἐλάσσονα
2144 4544 2365 4613 ἴσχυσεν
2405 4540 2491 4594 ἄν.
2524 4538 2663 4591 Ἀλλ’
2722 4536 2822 4589 οὐκ
2868 4534 3079 4603 ἀφῆκεν
3117 4535 3146 4586 6
3192 4535 3327 4604 Χρι-

1748 4630 1905 4693 στόςο
1940 4628 2002 4680 ού
2059 4626 2168 4699 γὰρ
2219 4624 2541 4694 συνέφερεν.
2602 4619 2844 4682 Εἰκότως
2888 4613 2983 4699 οὖν
3023 4616 3209 4685 λέγει·
3243 4617 3327 4699 Οὐ

1748 4712 1858 4783 γὰρ
1886 4709 2097 4779 ἔκρινὰ
2126 4698 2179 4763 τι
2212 4708 2457 4761 ειδέναι·
2494 4704 2590 4759 καὶ
2627 4704 2739 4773 γὰρ
2767 4702 2861 4755 καί¹
2884 4698 2994 4769 ἐγὼ
3014 4700 3171 4754 τοῦτο
3207 4698 3331 4769 βού-

1748 4798 1912 4867 λομαι
1943 4796 2082 4866 ὅπερ
2103 4794 2196 4849 καὶ
2229 4793 2257 4845 6
2283 4789 2541 4863 Χριστός.
2573 4787 2727 4859 Ἐμοὶ
2754 4786 2810 4839 δὲ
2837 4786 2987 4839 δοκεῖ
3017 4784 3112 4838 καὶ
3141 4800 3330 4839 ταπει-

1750 4880 1970 4951 νότερον
2004 4879 2188 4941 αὐτοῖς
2224 4874 2517 4945 διειλέχθαι
2550 4872 2749 4944 μᾶλλον
2788 4870 2821 4939 ἢ
2852 4871 2961 4932 τοῖς
2990 4867 3186 4951 ἄλλοις,
3236 4867 3327 4921 τὸν

1752 4949 1920 5033 τῦφον
1951 4963 2132 5017 αὐτῶν
2154 4958 2554 5015 καταστέλλων.
2585 4956 2659 5009 Τὸ
2683 4954 2883 5017 τοίνυν,
2914 4949 3104 5006 Οὐδὲν
3124 4951 3332 5019 ἔκρινα
3380 5014 3397 5033 .

1753 5047 1995 5108 εἰδέναι,
2023 5046 2158 5117 πρὸς
2196 5041 2604 5111 ἀντιδιαστολὴν
2627 5040 2726 5109 τῆς
2766 5036 2964 5103 ἔξωθεν
2993 5035 3205 5117 εἴρηται
3245 5050 3331 5086 σο-

1755 5132 1903 5203 φίας.
1935 5130 2008 5183 Ού
2039 5115 2146 5197 γὰρ
2185 5124 2349 5199 ἦλθον
2382 5122 2776 5191 συλλογισμοὺς
2815 5115 3201 5203 πλέκωνούδὲ
3246 5132 3331 5203 σο-

1757 5197 2027 5284 φίσματα,
2078 5211 2188 5264 οὐδ’
2211 5197 2345 5264 ἀλλο
2392 5226 2443 5261 τι
2492 5206 2666 5274 λέγων
2701 5204 2850 5274 ὑμῖν,
2876 5202 2910 5272 ἢ
2936 5201 3015 5254 ὅτι
3038 5201 3067 5253 ό
3095 5197 3335 5284 Χριστὸς

1758 5280 2101 5367 ἐσταυρώθη.
2145 5293 2372 5346 Ἐκεῖνοι
2420 5291 2517 5362 μὲν
2544 5288 2652 5359 γὰρ
2690 5286 2861 5358 μυρία
2891 5284 3046 5353 φασὶ,
3081 5280 3335 5367 καὶΑπερὶ

1764 5364 1973 5452 μυρίων
2004 5378 2222 5446 λέγουσι
2251 5375 2498 5447 μακροὺς
2533 5372 2830 5433 ἐλίττοντες
2858 5367 3108 5452 διαύλους
3136 5364 3333 5452 λόγων,

1761 5448 2262 5526 κατασκευάζοντες
2312 5458 2604 5529 λογισμοὺς
2638 5454 2751 5527 [44]
2793 5454 2887 5508 καὶ
2916 5448 3332 5519 συλλογισμοὺς,

1766 5548 1936 5620 μυρία
1980 5545 2317 5607 συντιθέντες
2359 5543 2702 5611 σοφίσματα’
2905 5529 3169 5625 δέᾍῆλθον
3199 5528 3336 5625 προς

1764 5618 1909 5705 ύμᾶς
1953 5631 2118 5703 μηδὲν
2146 5629 2275 5684 ἀλλο
2324 5627 2520 5694 λέγων,
2558 5625 2590 5695 ἢ
2621 5624 2703 5677 ὃτι
2738 5623 2766 5675 6
2793 5618 3029 5708 Χριστος
3058 5618 3339 5708 ἐσταυρώη

1765 5702 1854 5789 θη,
1890 5702 1984 5771 καὶ
2015 5702 2219 5778 πάντας
2248 5712 2488 5773 ἐκείνους
2524 5708 2839 5778 παρήλασα,
2870 5703 2898 5757 ὃ
2944 5702 3042 5773 τῆς
3087 5702 3181 5754 τοῦ
3235 5715 3337 5768 κη-

1835 5928 1849 5950 ⁸
1873 5929 2031 5991 Alius,
2054 5928 2343 5989 ἀποσιριοζλιι
2413 5923 2438 5963 b
2462 5922 2533 5973 Ita
2554 5920 2676 5983 RC3.
2694 5918 2824 5972 Edili
2849 5927 2981 5977 \ero,
3002 5910 3341 5965 ὑποδέξεσθαι.¹
