3864 6216
422 1257 454 1270 ς

521 354 852 426 νυττομένου
901 353 1186 424 δυνάμεως
1231 354 1459 424 σημεῖόν
1521 354 1670 406 ἐστιν
1702 349 1930 422 ἄφατον.
1982 347 2092 401 Καὶ

514 447 630 515 ἐγὼ
660 446 730 498 ἐν
755 446 1040 514 ἀσθενείᾳ
1067 445 1165 500 καὶ
1192 444 1264 499 ἐν
1301 447 1464 515 φόϐῳ
1495 446 1590 499 καί
1621 447 1691 499 ἐν
1716 449 1910 516 τρόμῳ
1941 449 2095 499 πολ»

513 534 604 600 λῷ
629 535 924 606 ἐγενόμην
947 535 1098 604 πρὸς
1135 534 1312 605 ὑμᾶς.
1349 536 1519 589 Τοῦτο
1565 537 1727 590 πάλιν
1756 538 1882 592 ἄλλο
1925 536 2098 606 κεφά-

514 624 686 680 λαιον.
738 627 811 681 Ού
842 626 951 698 γὰρ
983 627 1142 697 μόνον
1185 628 1234 680 οί
1292 626 1639 691 πιστεύοντες
1697 627 1926 693 ίδιῶται,
1976 627 2097 681 οὐδὲ

518 717 681 789 μόνον
722 718 751 770 6
790 717 960 787 λέγων
991 716 1228 788 ίδιώτης,
1257 717 1378 771 ούδέ
1411 718 1572 788 μόνον
1598 721 1627 774 6
1663 720 1863 790 τρόπος
1889 719 1989 788 τῆς
2017 719 2096 772 δι-

1267 241 1326 296 S.
1361 237 1642 296 JOANNIS
1675 227 2169 293 CHRYSOSTOMl
2208 230 2530 287 ARCHIEP.
2571 229 3116 286 CONSTANTINOP.

2203 339 2374 408 εἶπεν,
2414 347 2550 401 ἀλλὰ
2590 347 2859 418 πρότερον
2891 349 3258 416 Ηνεύματος,
3289 347 3388 402 καὶ
3411 348 3560 414 τότε,
3605 351 3797 404 Δυνά-

2199 454 2386 507 μεως·
2417 439 2630 504 δεικνὺς
2678 441 2760 493 ὄτι
2809 439 3158 509 πνευματικά
3198 435 3267 511 ἦν
3293 441 3363 494 τὰ
3390 441 3692 512 γινόμενα.
3724 443 3796 496 06

2202 531 2381 584 τοίνυν
2431 532 2728 603 ἐλάττωσίς
2765 534 2904 592 ἐστι,
2935 531 2998 585 :6
3042 530 3116 603 μὴ
3145 531 3232 585 διὰ
3257 532 3453 601 σοφίας
3481 534 3794 603 κατηγγελ-

2202 623 2360 694 μένον
2385 620 2525 678 εῐῦι
2551 625 2614 678 :6
2662 627 2950 697 κήρυγμα,
2975 625 3110 680 ἀλλὰ
3135 626 3229 679 καί
3263 626 3526 697 μέγιστος
3561 626 3792 693 κόσμος.

2197 715 2369 769 Τοῦτο
2393 715 2522 785 γοῦν
2550 717 2786 788 μάλιστα
2817 717 3088 771 δείκνυσιν
3116 717 3250 772 αὐτὸ
3276 717 3420 771 θεῖον
3443 717 3509 771 ὂν
3552 718 3656 770 καὶ
3698 719 3793 780 τὰς

513 808 812 872 δασκαλίας
868 809 1134 872 ἰδιωτείας
1162 809 1374 879 γέμων,
1403 811 1524 864 οὐδέ
1551 809 1710 882 μόνον
1743 810 1876 862 αὐτὸ
1901 808 1962 862 τὸ
1994 810 2098 880 κή-
2196 805 2352 878 ῥίζας
2377 805 2581 862 ἀνωθεν
2609 807 2732 878 ἔχον
2764 809 2829 863 ἐκ
2851 809 2960 862 τῶν
2987 808 3232 880 οὐρανῶν
3250 823 3264 838 ·
3324 809 3408 864 διὸ
3445 809 3548 862 καὶ
3575 809 3790 881 ἐπήγα-

516 916 704 970 ρυγμα
738 900 921 954 ίκανὸν
956 900 1291 972 θορυϐῆσαι·
1326 902 1561 974 σταυρὸς
1585 902 1696 974 γὰρ
1727 903 1822 956 καὶ
1865 901 2095 966 θάνατος

510 983 580 1061 ἦν
610 990 672 1044 :6
704 991 1228 1062 καταγγελλόμενον·
1275 993 1412 1048 ἀλλὰ
1445 996 1562 1064 μετ’
1599 993 1778 1048 αὐτῶν
1806 996 1902 1048 καὶ
1930 994 2093 1065 ἕτερα

511 1079 811 1151 κωλύματα
838 1078 928 1153 ἦν,
954 1084 1004 1135 οί
1031 1082 1268 1138 κίνδυνοι
1291 1087 1384 1138 καὶ
1409 1087 1465 1138 αἱ
1496 1086 1781 1141 ἐπιϐουλαὶ
1801 1087 1895 1141 καὶ
1914 1089 1942 1140 6
1961 1086 2091 1140 καθ-

509 1173 770 1243 ημερινὸς
822 1174 987 1241 φόϐος
1037 1174 1132 1228 καὶ
1170 1176 1232 1228 τὸ
1265 1176 1604 1231 ἐλαύνεσθαι.
1641 1180 1751 1232 Καὶ
1783 1179 1893 1249 γὰρ
1925 1179 2089 1232 ἀσθέ-

507 1281 658 1317 νειαν
709 1266 836 1328 τοὺς
884 1265 1158 1337 διωγμοὺς
1189 1268 1455 1338 πολλαχοῦ
1504 1287 1655 1341 φησι,
1711 1271 1964 1343 καθάπερ
1993 1274 2088 1326 καὶ

506 1355 765 1428 ἀλλαχοῦ·
791 1357 902 1429 Τὴν
928 1357 1216 1412 ἀσθένειαν
1238 1359 1336 1432 τὴν
1364 1364 1421 1414 ἐν
1448 1365 1510 1432 τῇ
1543 1363 1707 1432 σαρκί
1741 1381 1841 1434 μου
1871 1365 1971 1418 οὐκ
2001 1364 2088 1431 ὲξο

505 1449 862 1503 ουδενὼσατε·
906 1451 1000 1503 καὶ
1035 1451 1218 1515 πάλιν,
1254 1455 1322 1504 El
1351 1452 1689 1522 καυχᾶσθαι
1719 1454 1828 1518 δεῖ,
1872 1455 1943 1508 τὰ
1975 1455 2087 1524 τῆς

503 1541 822 1609 ἀσθενείας
855 1560 970 1609 μου
1009 1542 1414 1612 καυχήσομαι.
1448 1545 1652 1611 Ποίας;
1698 1546 1752 1597 '0
1787 1547 2084 1615 ἐθνάρχης

516 1633 714 1700 Ἀρέτα
762 1633 870 1687 τοῦ
915 1635 1226 1701 ,ϐασιλέως
1269 1637 1545 1705 ἐφρούρει
1600 1637 1716 1703 τὴν
1763 1641 2082 1708 Δαμασκη-

500 1723 625 1776 νῶν
659 1727 861 1788 πόλιν,
892 1726 1106 1780 πιάσαι
1131 1744 1208 1796 με
1238 1727 1449 1782 θέλων.
1483 1730 1591 1783 Καὶ
1628 1729 1812 1796 πάλιν,
1853 1733 1948 1784 Διὸ
1983 1734 2082 1785 εὐ-

497 1813 656 1868 δοκῶ
676 1815 747 1867 ἐν
767 1817 1133 1883 ἀσθενείαις.
1169 1814 1300 1872 Εἶτα
1334 1819 1508 1888 λέγων
1539 1821 1743 1889 ποίαις,
1778 1825 2076 1893 ἐπήγαγεν·

509 1905 613 1958 Ἐν
648 1906 918 1974 ὕϐρεσιν,
946 1909 1017 1961 ἐν
1041 1909 1334 1978 ἀνάγκαις
1361 1911 1460 1964 καὶ
1485 1912 1556 1965 ἐν
1583 1915 2006 1982 στενοχωρίαις
2034 1924 2075 1968 ⁸.

497 1998 608 2050 Καὶ
659 1998 753 2052 νῦν
801 1999 864 2052 :6
927 2001 1059 2054 αὐτὸ
1109 1999 1290 2070 λέγει·
1345 2001 1516 2056 είπὼν
1548 2005 1676 2076 γὰρ,
1727 2005 1834 2058 Καὶ
1866 2006 2079 2075 ἐγὼέν

495 2090 802 2157 ἀσθενείᾳ,
855 2091 954 2144 οὐκ
1001 2090 1134 2162 ἔστη
1172 2093 1334 2164 μέχρι
1362 2093 1577 2161 τούτου,
1627 2095 1761 2149 ἀλλὰ
1793 2097 1968 2167 δηλῶν
1993 2099 2075 2153 ὅτι

496 2183 782 2238 ἀσθένειαν
808 2185 934 2249 τοὺς
962 2185 1243 2250 κινδύνους
1271 2187 1446 2251 καλεῖ,
1483 2187 1644 2242 πάλιν
1668 2191 1937 2260 ἐπήγαγε·
1961 2192 2073 2246 Καὶ

491 2273 564 2326 ἐν
600 2275 762 2343 φόϐῳ
800 2275 897 2329 καί
950 2276 1021 2329 ἐν
1080 2277 1273 2348 τρόμῳ
1311 2277 1522 2343 πολλῷ
1580 2279 1874 2349 ἐγενόμην
1924 2282 2074 2351 πρὸς

492 2363 668 2432 ὑμᾶς.
721 2365 786 2418 Τί
817 2365 1027 2433 λέγεις;
1067 2367 1178 2419 Καὶ
1226 2366 1439 2430 Παῦλος
1468 2368 1716 2437 ἐφοϐεῖτο
1761 2371 2069 2439 κινδύνους;

505 2455 800 2524 Ἐφοϐεῖτο,
834 2458 927 2510 καὶ
959 2457 1164 2528 σφόδρα
1195 2457 1486 2512 ἐδεδοίκει·
1516 2460 1566 2512 εί
1597 2459 1706 2532 γὰρ
1737 2464 1830 2515 καὶ
1859 2464 2073 2528 Παῦλος

490 2537 578 2613 ἦν,
610 2543 724 2596 ἀλλ’
772 2543 1057 2614 ἄνθρωπος
1103 2541 1192 2616 ἦν.
1244 2547 1416 2600 Τοῦτο
1464 2548 1520 2601 δὲ
1551 2551 1653 2604 οὐκ
1687 2550 1941 2624 ἔγκλημα
1977 2555 2070 2609 τοῦ

492 2635 725 2701 Παύλου,
753 2637 868 2689 ἀλλ’
893 2637 1144 2692 ἀσθένεια
1183 2639 1282 2708 μὲν
1313 2641 1410 2710 τῆς
1441 2641 1681 2709 φύσεως,
1711 2644 1987 2715 ἐγκώμιον
2013 2647 2071 2700 δὲ

487 2729 587 2796 τῆς
622 2729 1014 2798 προαιρέσεως,
1041 2730 1122 2782 ὅτι
1153 2730 1248 2782 καὶ
1273 2730 1528 2794 δεδοικὼς
1552 2731 1779 2786 θάνατον
1807 2738 1900 2789 καὶ
1935 2737 2073 2808 πλη·-

487 2820 614 2887 γὰς,
649 2820 801 2873 οὐδὲν
832 2821 1052 2888 ἀνάξιον
1077 2821 1166 2875 διὰ
1217 2822 1309 2875 τὸν
1359 2823 1524 2892 φόϐον
1553 2823 1744 2878 τοῦτον
1776 2828 2031 2897 ἐποίησεν
2052 2845 2068 2862 ·

487 2913 564 2975 ὡς
591 2913 646 2965 οἵ
681 2929 743 2980 γε
778 2911 1048 2980 λέγοντες,
1076 2913 1158 2967 ὅτι
1192 2913 1292 2966 οὐκ
1320 2913 1568 2984 ἐφοϐεῖτο
1596 2916 1834 2988 πληγὰς,
1870 2919 1932 2970 οὐ
1975 2919 2070 2988 μό-

487 3021 578 3056 νον
605 3004 769 3057 αύτὺν
813 3005 874 3058 ού
923 3006 1303 3076 σεμνύνουσιν,
1343 3008 1480 3062 ἀλλά
1531 3010 1624 3064 καὶ
1670 3011 2068 3083 ύποτέμνονται

486 3096 620 3149 πολὺ
655 3097 762 3150 τῶν
796 3097 1060 3152 ἐπαίνων.
1096 3101 1160 3155 El
1191 3101 1299 3173 γὰρ
1343 3103 1444 3156 οὐκ
1471 3103 1738 3172 ἐφοϐεῖτο,
1765 3108 1896 3160 ποία
1919 3104 2070 3180 ’καρ-

482 3187 641 3258 τερία
695 3189 729 3255 ἢ
778 3190 909 3243 ποία
943 3190 1230 3262 φιλοσοφία
1261 3193 1322 3246 :6
1350 3196 1476 3259 τοὺς
1508 3195 1789 3262 κινδύνους
1840 3202 2064 3270 φέρειν;

497 3279 639 3348 Ἐγὼ
683 3280 794 3351 γὰρ
834 3281 923 3336 διὰ
954 3283 1112 3336 τοῦτο
1143 3284 1306 3338 αὐτὸν
1341 3285 1625 3358 θαυμάζω,
1667 3292 1750 3344 ὅτι
1801 3293 2069 3364 φοϐούμε-

484 3387 596 3432 νος.
625 3373 718 3424 καὶ
744 3373 842 3443 οὐχ
877 3374 1456 3446 ἁπλῶςφοϐούμενος,
1507 3381 1645 3436 ἀλλὰ
1699 3384 1795 3437 καὶ
1851 3385 2067 3456 τρέμων

480 3458 611 3522 τοὺς
664 3460 959 3527 κινδύνους,
1001 3463 1298 3530 διαπαντὸς
1346 3467 1548 3541 ἔδραμε
1611 3474 2065 3546 στεφανούμενος,

484 3549 577 3603 καὶ¹
609 3551 666 3603 ἐν
699 3553 872 3606 οὐδενὶ
917 3555 1024 3608 τῶν
1067 3557 1328 3612 κινδύνων
1382 3563 1662 3630 ἐνέδωκεν,
1715 3566 2066 3641 ἐκκαθαίρων

481 3642 581 3713 τὴν
631 3645 979 3718 οἰκουμένην,
1021 3649 1116 3702 καὶ
1160 3653 1437 3725 πανταχοῦ
1499 3656 1604 3726 γῆς
1656 3660 1750 3712 καὶ
1794 3658 2066 3733 θαλάττης

481 3735 543 3788 :6
595 3738 856 3809 κήρυγμα
913 3741 1171 3814 σπείρων.
1227 3749 1340 3800 Καὶ
1391 3751 1425 3802 ό
1477 3752 1662 3820 λόγος
1698 3769 1817 3821 μου
1854 3754 1954 3808 καί
1996 3753 2064 3808 τὸ

480 3826 758 3898 κήρυῃιιί
803 3848 944 3899 μου,
993 3835 1106 3887 οὐκ
1137 3834 1207 3888 ἐν
1241 3838 1470 3906 πειθοῖς
1519 3841 1897 3912 ἀνθρωπίνης
1958 3861 2064 3901 σο-

477 3919 623 3988 φίας
653 3921 878 3990 λόγοις.
929 3923 1240 3990 Τουτέστιν,
1287 3931 1389 3984 οὐκ
1438 3930 1577 4002 ἔχων
1603 3934 1703 4005 τὴν
1745 3934 1945 4000 ἔξωθεν
1973 3954 2063 3991 σο-

479 4011 631 4080 φίαν.
680 4011 744 4064 Εί
775 4013 956 4067 τοίνυν
1014 4017 1109 4070 καὶ
1156 4019 1217 4071 :6
1253 4022 1518 4093 κήρυγμα
1566 4025 1718 4078 οὐδὲν
1759 4023 1870 4097 εἶχε
1906 4045 2060 4082 σεσο-

480 4101 762 4172 φισμένον,
812 4105 908 4158 καὶ
953 4107 1002 4159 οί
1039 4107 1366 4180 καλούμενοι
1401 4113 1629 4177 ἰδιῶται,
1669 4117 1764 4170 καὶ
1794 4118 1822 4170 6
1852 4119 2060 4191 κηρύτ-

477 4213 585 4248 των
617 4196 876 4262 τοιοῦτος,
915 4201 1009 4253 καὶ
1038 4201 1279 4274 διωγμὸς
1318 4207 1526 4278 προσῆν
1574 4211 1668 4263 καὶ
1719 4211 1918 4282 τρόμος
1963 4215 2059 4268 καὶ

479 4287 664 4355 φόϐος,
715 4288 832 4351 πῶς
890 4291 1224 4365 ἐκράτησαν,
1275 4297 1396 4350 είπέ
1445 4315 1570 4369 μοις
1633 4301 1731 4355 Διά
1779 4303 1930 4369 θείας
1967 4307 2057 4360 δυ-

474 4377 716 4448 νάμεως.
768 4381 969 4452 Διόπερ
1003 4383 1197 4449 εἰπὼν,
1233 4386 1294 4439 '0
1346 4390 1533 4459 λόγος
1561 4408 1681 4460 μου
1723 4395 1819 4448 καί
1853 4396 1918 4450 τὸ
1945 4397 2057 4465 κή-

468 4468 666 4540 ρυγμά
688 4488 809 4540 μου
842 4474 954 4527 οὐκ
1004 4474 1076 4528 ἐν
1121 4478 1348 4543 πειθοῖς
1398 4478 1777 4549 ἀνθρωπίνης
1833 4487 2056 4554 σοφίας

468 4564 696 4632 λόγοις,
735 4566 1038 4637 ἐπήγαγεν·
1075 4568 1230 4623 Ἀλλ’
1269 4570 1338 4624 ἐν
1376 4569 1680 4638 ἀποδείξει
1709 4576 2057 4647 Πνεύματος

473 4657 572 4710 καί
603 4656 932 4726 δυνάμεως.

547 4763 610 4833 β’.
630 4761 780 4830 Εἶδες
802 4769 919 4830 πῶς
936 4767 998 4822 :6
1015 4769 1196 4840 μωρὸν
1225 4770 1319 4824 τοῦ
1347 4771 1480 4826 Θεοῦ
1500 4775 1804 4847 σοφώτερον
1818 4779 1928 4832 τῶν
1954 4780 2053 4834 ἀν-

469 4855 728 4928 θρώπων,
763 4861 854 4912 καὶ
900 4861 961 4913 τὸ
1009 4862 1232 4927 ἀσθενὲς
1260 4865 1646 4938 ίσχυρότερον;
1684 4871 1748 4922 Ol
1776 4871 1883 4943 γὰρ
1911 4871 2052 4927 ίδιῶ-

417 4987 438 5006 .
470 4963 562 5003 ται
593 4949 815 5002 τοιαῦτα
849 4967 1236 5022 κηρυττοντες,
1268 4955 1541 5027 δεδεμένοι
1573 4960 1667 5012 καὶ
1696 4961 2047 5035 ἐλαυνόμενοι

472 5041 850 5111 περιεγένοντο
898 5042 1006 5095 τῶν
1047 5042 1395 5102 ἐλαυνόντων.
1427 5049 1598 5102 Πόθεν
1625 5067 1638 5116 ;
1679 5053 1794 5106 Οὐκ
1817 5055 1926 5108 ἀπὸ
1952 5056 2047 5110 τοῦ

471 5129 569 5200 τὴν
614 5131 705 5185 διὰ
756 5132 1070 5204 Πνεύματος
1102 5141 1400 5207 παρασχεῖν
1423 5141 1644 5210 πίστιν;
1684 5145 1775 5198 κα)⁵
1815 5147 1923 5219 γὰρ
1952 5149 2048 5202 καὶ

470 5222 630 5276 τοῦτο
658 5224 774 5299 [45]
807 5227 1083 5293 ἀπόδειξις
1139 5229 1556 5306 ὼμολογημένη.
1594 5237 1688 5301 Τίς
1739 5239 1868 5312 γὰρ,
1918 5243 2043 5298 είπέ

472 5331 588 5382 μοι,
613 5317 754 5388 ὀρῶν
785 5321 1012 5392 νεκροὺς
1040 5321 1427 5394 ἀνισταμένους
1455 5329 1548 5382 καὶ
1571 5329 1830 5402 δαίμονας
1875 5335 2036 5390 ἐλαυ-

470 5405 749 5477 νομένους,
785 5412 886 5466 οὐκ
932 5413 999 5467 ἂν
1028 5416 1377 5481 κατεδέξατος
1415 5419 1551 5473 Ἀλλ’
1587 5423 1770 5498 ἐπειδή
1799 5428 1906 5481 είσι
1947 5431 2040 5485 καὶ

465 5497 726 5571 δυνάμεις
776 5505 1074 5576 ἀπατηλαὶ,
1125 5504 1236 5563 οἷαι
1283 5510 1394 5566 τῶν
1431 5513 1661 5584 γοήτων,
1693 5497 1785 5573 καὶ
1835 5521 2045 5593 ταύτην

468 5592 648 5647 ἀνεῖλε
699 5595 796 5666 τὴν
847 5598 1123 5655 ὑπόνοιαν,
1171 5601 1246 5655 Οὐ
1301 5602 1408 5675 γὰρ
1467 5604 1673 5672 ἁπλῶς,
1704 5592 2040 5682 Δυνάμεως,

467 5810 674 5924 πὲῑίιίο
713 5819 864 5869 multa
889 5820 1111 5883 deerant,
1139 5835 1248 5884 qua:
1284 5835 1345 5875 ex
1394 5824 1562 5877 codice
1607 5827 1762 5893 Regio
1803 5832 2035 5885 restituta

2193 912 2309 964 γεν·
2356 897 2480 950 Ἵνα
2522 898 2561 966 ἠ
2609 899 2818 965 πίστις
2849 898 3019 969 ὑμῶν
3039 898 3125 970 μὴ
3156 895 3199 970 ᾖ
3223 900 3294 953 ἐν
3331 901 3531 970 σοφίᾳ
3565 902 3790 970 ἀνθρὼν

2193 1000 2343 1052 πων,
2373 989 2514 1043 ἀλλ’
2542 990 2612 1043 ἐν
2642 989 2892 1060 δυνάμει
2932 991 3102 1046 Θεοῦ.
3137 988 3290 1056 Εἶδες
3323 992 3442 1056 πῶς
3475 995 3682 1062 σαφῶς
3708 995 3791 1047 διὰ

2194 1079 2413 1133 πάντων
2438 1081 2689 1146 ἀπέδειξε
2729 1082 2866 1136 πολὺ
2909 1083 3009 1153 τῆς
3043 1082 3312 1146 ἰδιωτείας
3336 1085 3399 1137 τὸ
3434 1084 3664 1154 κέρδος,
3700 1089 3788 1138 καὶ

2193 1171 2338 1240 μέγα
2370 1173 2469 1243 τῆς
2507 1173 2702 1242 σοφίας
2729 1175 2791 1228 τὸ
2838 1175 3074 1246 βλάϐος;
3109 1176 3257 1247 Αῦτη
3295 1177 3396 1245 μὲν
3427 1177 3544 1247 γὰρ
3573 1180 3788 1231 ἐκείνου

2188 1261 2280 1315 τὸν
2321 1265 2576 1334 σταυρὸν,
2631 1265 2818 1337 ἐκείνη
2868 1267 2927 1321 δὲ
2987 1267 3323 1339 ἀνεκήρυττε
3367 1269 3465 1323 τοῦ
3514 1270 3664 1323 Θεοῦ
3691 1270 3789 1339 τὴν

2187 1353 2418 1426 δύναμιν
2439 1374 2454 1389 ·
2486 1357 2626 1427 αῦτη
2681 1358 2819 1426 πρὸς
2861 1357 2938 1429 τῷ
2981 1359 3150 1430 μηδὲν
3180 1360 3460 1431 εὑρίσκειν
3495 1362 3614 1414 τῶν
3646 1362 3788 1415 δεόν-

2185 1461 2294 1498 των
2317 1447 2409 1499 καὶ
2443 1447 2527 1516 ἐφ’
2553 1449 2768 1513 ἑαυτοῖς
2792 1450 3099 1522 καυχᾶσθαι
3127 1454 3574 1522 παρεσκεύασεν,
3602 1454 3784 1522 ἐκείνη

2186 1537 2324 1608 πρὸς
2373 1539 2451 1610 τῷ
2509 1541 2607 1608 τὴν
2638 1541 2897 1613 ἀλήθειαν
2941 1542 3198 1608 δέξασθαι
3237 1546 3332 1597 καὶ
3377 1546 3469 1597 ἐπὶ
3523 1545 3605 1615 τῷ
3669 1546 3786 1616 Θεῷ

2185 1630 2621 1696 καλλωπίζεσθαι
2677 1634 2872 1688 ἐποίει.
2927 1636 3095 1690 Πάλιν
3149 1638 3182 1706 ἡ
3221 1635 3383 1706 σοφία
3431 1637 3784 1708 ἀνθρώπινον

2183 1720 2510 1778 ὑποπτεύειν
2534 1725 2594 1779 τὸ
2612 1726 2789 1796 δόγμα
2807 1727 3034 1792 πολλοὺς
3057 1728 3122 1782 ἂν
3145 1727 3381 1782 ἔπειθεν·
3416 1729 3566 1800 αῦτη
3593 1731 3783 1797 σαφῶς

2183 1813 2504 1868 ἀπεδείκνυε
2551 1816 2693 1870 θεῖον
2737 1818 2796 1872 ὃν
2825 1819 2922 1872 κα)⁸
2974 1821 3039 1874 ἐκ
3069 1819 3164 1873 τοῦ
3215 1821 3448 1892 οὐρανοῦ
3500 1822 3778 1876 καταϐὰν.

2183 1901 2352 1956 Ὅταν
2389 1906 2486 1974 μὲν
2532 1902 2626 1959 οῦν
2672 1909 2731 1962 ἐν
2763 1909 2929 1979 σοφίᾳ.
2981 1909 3155 1976 λόγων
3196 1910 3422 1980 γένηται
3468 1912 3780 1978 ἀπόδειξιςι

2181 1994 2443 2060 πολλάκις
2491 1998 2587 2052 καὶ
2630 1999 2680 2052 οἱ
2729 1999 3053 2072 φαυλότεροι
3087 2002 3352 2073 κρατοῦσι
3382 2003 3502 2057 τῶν
3533 2005 3778 2057 ἐπιεικε-

2179 2087 2408 2159 στέρων,
2441 2089 2734 2162 δεινότεροι
2765 2091 2945 2160 λέγειν
2975 2094 3150 2157 ὄντες,
3184 2095 3281 2149 καὶ
3309 2096 3370 2148 τὸ
3401 2096 3613 2165 ψεῦδος
3640 2115 3776 2167 παρ-

2177 2179 2390 2234 ελαύνει
2420 2181 2520 2251 τὴν
2542 2181 2823 2251 ἀλήθειαν.
2863 2183 3128 2238 Ἐνταῦθα
3155 2186 3211 2238 δὲ
3241 2187 3338 2256 οὐχ
3373 2187 3561 2249 οὕτως
3582 2203 3597 2216 ·
3655 2187 3771 2240 οῦτε

2175 2271 2285 2342 γὰρ
2311 2272 2491 2326 ἔπεισι
2518 2274 2578 2326 :6
2608 2273 2832 2344 Πνεῦμα
2859 2275 2920 2327 τὸ
2943 2275 3098 2344 ἅγιον
3125 2277 3420 2348 ἀκαθάρτῳ
3448 2277 3630 2348 ψυχῇ,
3654 2276 3772 2330 οὒτε

2175 2361 2399 2416 ἐπελθὸν
2424 2363 2648 2416 δύναται
2676 2363 2976 2434 ἡττηθῆναί
3016 2381 3170 2428 ποτε,
3203 2365 3305 2418 κᾶν
3345 2365 3546 2419 ἅπασα
3588 2366 3624 2436 ἡ
3667 2365 3774 2416 τῶν

2173 2449 2346 2520 λόγων
2375 2453 2509 2525 ἐπίῃ
2539 2453 2800 2523 δεινότης.
2842 2454 2906 2506 Ἢ
2934 2453 3044 2524 γὰρ
3067 2454 3155 2507 διὰ
3185 2454 3291 2508 τῶν
3317 2455 3502 2526 ἔργων
3536 2457 3636 2508 καὶ
3667 2455 3771 2508 τῶν

2175 2546 2420 2615 σημείων
2467 2545 2743 2610 ἀπόδειξις
2785 2547 2883 2616 τῆς
2916 2545 3005 2600 διὰ
3031 2546 3139 2599 τῶν
3162 2546 3338 2615 λόγων
3387 2546 3580 2616 πολλῷ
3607 2565 3769 2614 σαφε-

2174 2639 2365 2709 στέρα.
2403 2637 2540 2691 Ἀλλ’
2586 2637 2812 2690 ἐκείνων
2843 2639 2974 2700 ἴσως
3019 2639 3160 2692 είποι
3194 2656 3277 2702 τις
3320 2639 3405 2702 ἂν,
3441 2639 3530 2692 ὅτι
3569 2640 3636 2691 El
3666 2639 3769 2710 χρὴ

2169 2729 2232 2782 :6
2263 2730 2527 2799 κήρυγμα
2574 2731 2817 2798 κρατεῖν,
2867 2730 2963 2783 καὶ
3016 2730 3194 2798 λόγων
3240 2731 3302 2784 οὐ
3345 2731 3523 2783 δεῖται
3560 2731 3654 2784 ἵνα
3694 2731 3768 2800 μὴ

2171 2821 2380 2890 κενωθῇ
2405 2823 2433 2874 6
2463 2821 2717 2891 σταυρὸς,
2743 2820 2885 2884 τίνος
2911 2821 3098 2874 ἕνεκεν
3119 2819 3188 2874 τὰ
3216 2824 3419 2892 σημεῖα
3446 2823 3764 2875 κεκώλυται

2169 2912 2291 2978 νῦν;
2323 2913 2482 2976 Τίνος
2530 2913 2751 2978 ἓνεκενς
2808 2913 3055 2966 ἀπιστῶν
3091 2913 3290 2980 λέγεις,
3347 2914 3442 2966 καὶ
3499 2915 3633 2967 οὐδέ
3674 2917 3764 2968 Et!

2168 3002 2277 3056 τῶν
2311 3003 2627 3056 ἀποστόλων
2669 3002 2810 3056 αὐτὰ
2851 3003 3181 3072 γεγενῆσθαι
3231 3003 3763 3076 καταδεχόμενος,ἥ

2170 3093 2343 3157 ὅντως
2377 3093 2558 3164 ζητῶν
2607 3094 2830 3164 μαθεῖν;
2867 3094 2931 3148 Εί
2972 3094 3083 3164 γὰρ
3126 3092 3394 3157 ἀπιστῶν,
3425 3094 3575 3166 πρὸς
3606 3095 3766 3150 τοῦτο

2170 3187 2440 3258 στήσομαι
2471 3186 2711 3256 πρῶτον.
2744 3187 2806 3239 Εἰ
2836 3186 2944 3258 γὰρ
2977 3185 3078 3239 οὐκ
3108 3185 3327 3254 ἐγένετο
3363 3188 3583 3256 σημεῖα
3614 3188 3760 3245 τότε.

2167 3273 2286 3338 πῶς
2316 3273 2665 3346 ἐλαυνόμενοι
2697 3275 2793 3328 καὶ
2843 3273 3165 3344 διωκόμενοι
3197 3274 3291 3327 καὶ
3325 3272 3641 3344 τρέμοντες
3673 3277 3762 3328 καὶ

2165 3363 2458 3434 δεδεμένοι,
2529 3363 2625 3416 καὶ
2688 3363 2858 3416 κοινοὶ
2919 3361 3200 3432 γενόμενοι
3267 3361 3368 3432 τῆς
3419 3363 3760 3433 οἰκουμένης

2166 3453 2369 3526 ἐχθροὶ,
2408 3455 2503 3508 καὶ⁵
2536 3455 2680 3508 πᾶσι
2734 3453 2870 3526 πρὸς
2906 3451 2968 3506 :6
3003 3452 3188 3515 κακῶς
3219 3452 3416 3507 παθεῖν
3445 3455 3758 3524 προκείμε-

2166 3562 2267 3607 νοι,
2304 3545 2396 3600 καὶ
2424 3545 2574 3599 ούδέν
2601 3545 2813 3600 οἴκοθεν
2843 3543 3057 3616 ἔχοντες
3111 3544 3424 3613 ἐπαγωγὸν,
3471 3544 3540 3598 οὗ
3576 3545 3760 3614 λόγον,

2161 3635 2226 3690 οὐ
2254 3635 2632 3707 περιφάνειαν,
2662 3637 2722 3690 οὐ
2755 3635 3006 3702 πλοῦτον,
3033 3635 3094 3689 οὐ
3140 3636 3317 3699 πόλιν,
3349 3637 3450 3691 οῦκ
3478 3636 3668 3702 ἔθνος,
3699 3638 3758 3692 οὗ

2164 3729 2341 3797 γένος.
2375 3729 2478 3782 ούκ
2505 3729 2874 3800 ἐπιτήδευμα,
2905 3728 2966 3782 οὐ
2989 3728 3168 3796 δόξαν,
3209 3731 3308 3782 οὐκ
3335 3729 3464 3783 ἄλλο
3489 3730 3614 3782 τῶν
3645 3749 3753 3782 τοι-

2163 3822 2336 3876 ούτων
2363 3821 2542 3886 οὐδὲν,
2579 3821 2718 3876 ἀλλὰ
2751 3821 2928 3875 πάντα
2953 3820 3022 3874 τὰ
3057 3821 3296 3883 ἐναντία,
3335 3821 3635 3885 ίδιωτείαν,
3673 3825 3758 3875 εὑ-

2163 3913 2395 3977 τέλειαν,
2425 3913 2640 3976 πενίαν,
2679 3915 2858 3982 μῖσος,
2896 3911 3214 3982 ἀπέχθειαν,
3247 3912 3340 3965 καὶ
3370 3911 3509 3982 πρὸς
3543 3911 3754 3982 δήμους

2162 4005 2488 4079 ὁλοκλήρους
2532 4004 2830 4076 ἱστάμενοι,
2864 4005 2960 4057 καὶ
2987 4004 3212 4058 τοιαῦτα
3253 4003 3753 4073 καταγγέλλοντες,

2161 4097 2416 4164 ἔπειθον;
2471 4097 2582 4151 Καὶ
2613 4097 2723 4168 γὰρ
2756 4096 2821 4150 τὰ
2865 4095 3216 4166 ἐπιτάγματα
3275 4094 3443 4148 πολὺν
3479 4090 3605 4164 εἶχε
3663 4097 3752 4147 τις

2163 4187 2383 4260 μόχθον,
2438 4190 2532 4244 καὶ
2584 4189 2653 4244 τὰ
2710 4187 2955 4259 δόγματα
3001 4188 3129 4252 τοὺς
3178 4187 3494 4251 κινδύνους·
3563 4189 3664 4240 καὶ
3703 4190 3752 4240 ot

2159 4279 2450 4345 ἀκούοντες
2487 4281 2581 4334 καὶ
2636 4277 2919 4333 πείθεσθαι
2967 4278 3274 4351 μέλλοντες,
3306 4278 3400 4331 καὶ
3426 4282 3621 4350 τρυφῇ
3657 4283 3752 4333 καὶ

2162 4371 2304 4445 μέθῃ
2341 4370 2436 4424 καὶ
2491 4370 2661 4442 πολλῇ
2717 4370 3116 4443 συντραφέντες
3144 4366 3285 4442 ἦσαν
3318 4370 3503 4442 κακίᾳ.
3572 4373 3747 4426 Πόθεν

2155 4459 2249 4519 οῦν
2297 4463 2554 4529 ἔπεισανς
2606 4462 2727 4516 είπέ
2759 4479 2872 4532 μοι·
2903 4461 3068 4516 πόθεν
3107 4462 3169 4514 :6
3197 4461 3512 4526 ἀξιόπιστον
3541 4463 3746 4533 ἔσχον;

2158 4553 2334 4625 Ὅπερ
2366 4551 2475 4625 γὰρ
2503 4553 2674 4622 ἔφθην
2709 4551 2900 4616 εἰπὼν,
2928 4555 2977 4605 εἰ
3013 4551 3258 4624 σημείων
3285 4555 3456 4624 χωρὶς
3485 4552 3746 4617 ἔτεισαν,

2155 4646 2334 4717 πολλῷ
2366 4645 2549 4716 μεῖζον
2571 4645 2632 4699 :6
2657 4645 2843 4715 θαῦμα
2873 4645 3145 4714 φαίνεται.
3209 4644 3300 4716 Μὴ
3330 4645 3511 4698 τοίνυν
3544 4648 3612 4700 :6
3664 4649 3742 4720 μὴ

2153 4738 2397 4806 γίνεσθαι
2421 4737 2514 4792 νῦν
2545 4739 2769 4809 σημεῖα.
2803 4738 3102 4808 τεκμήριον
3126 4737 3282 4790 ποιοῦ
3313 4736 3409 4790 τοῦ
3457 4739 3540 4809 μὴ
3571 4756 3739 4808 γεγε-

2152 4830 2348 4902 νῆσθαι
2377 4829 2520 4885 τότε.
2556 4829 2670 4884 Καὶ
2711 4829 2820 4901 γὰρ
2853 4829 2948 4882 καὶ
2993 4829 3114 4882 τότε
3147 4830 3435 4900 χρησίμως
3467 4828 3593 4903 [46]
3622 4833 3738 4900 ἐγί-

2151 4941 2290 4986 νετο,
2321 4923 2416 4978 καὶ
2440 4921 2536 4976 νῦν
2563 4921 2849 4993 χρησίμως
2883 4923 2943 4975 οὺ
2995 4922 3223 4992 γίνεται.
3257 4923 3371 4975 Οὐκ
3423 4923 3737 4991 ἀναγκάζει

2149 5016 2206 5070 δέ
2235 5017 2296 5070 :6
2321 5015 2468 5085 λόγῳ
2497 5013 2782 5068 πείθεσθαι
2815 5013 2981 5084 μόνῳ,
3011 5011 3177 5066 τανῦν
3205 5015 3265 5066 ἐν
3295 5013 3461 5086 σοφίᾳ
3489 5010 3635 5070 εῖναι
3674 5017 3740 5069 :6

2149 5109 2432 5180 κήρυγμα.
2465 5107 2534 5160 Οἵ
2559 5123 2620 5160 τε
2652 5105 2761 5176 γὰρ
2789 5103 2850 5170 ἐξ
2877 5106 3050 5178 ἀρχῆς
3075 5105 3166 5160 τὸν
3208 5106 3366 5175 λόγον
3397 5107 3736 5178 σπείραντες

2151 5201 2358 5254 ἰδιῶται
2395 5194 2536 5269 ἦσαν
2587 5199 2681 5252 καὶ
2719 5197 2950 5269 ἀμαθεῖς
2982 5197 3031 5262 δ,
3063 5199 3156 5250 καὶ
3183 5198 3336 5252 οὐδὲν
3367 5199 3586 5253 οἴκοθεν
3615 5201 3734 5254 ἕλε-

2145 5307 2264 5355 γον,
2299 5289 2414 5343 ἀλλ’
2467 5289 2612 5359 ἅπερ
2665 5287 2912 5354 ἐδέξαντο
2943 5285 3092 5360 παρὰ
3121 5285 3216 5340 τοῦ
3243 5287 3403 5353 Θεοῦ,
3451 5289 3631 5344 ταῦτα
3658 5294 3728 5362 τῇ

2144 5383 2439 5455 οἰκουμένῃ
2469 5381 2730 5436 διέδωκαν
2751 5397 2764 5410 ·
2796 5380 2954 5451 ἡμεῖς
2979 5397 3038 5432 τε
3069 5379 3223 5433 αὐτοὶ
3238 5379 3355 5435 νῦν,
3389 5381 3453 5435 οὐ
3487 5382 3560 5438 τὸ
3595 5383 3730 5455 παρ’

2146 5475 2354 5530 ἑαυτῶν
2385 5474 2802 5545 ἐπεισφέρομεν,
2833 5470 2969 5525 ἀλλά
3016 5471 3053 5526 ἃ.
3098 5473 3228 5542 παρ’
3270 5473 3501 5526 ἐκείνων
3527 5473 3725 5529 ἐλάϐο-

2148 5583 2268 5637 μεν,
2298 5564 2470 5618 ταῦτα
2504 5565 2584 5628 είς
2623 5563 2868 5627 ἅπαντας
2905 5561 3156 5631 λέγομεν.
3200 5564 3310 5616 Καὶ
3337 5563 3462 5618 οὐδὲ
3491 5563 3590 5619 νῦν
3615 5566 3728 5620 ἀπὸ

2147 5655 2522 5726 συλλογισμῶν
2553 5651 2833 5724 πείθομεν,
2858 5649 2974 5704 ἀλλ’
3003 5650 3113 5704 ἀπὸ
3141 5650 3252 5706 τῶν
3280 5650 3447 5706 θείων
3483 5653 3729 5726 Γραφᾶν

2212 5896 2236 5936 ι»
2261 5894 2335 5945 Ita
2357 5893 2509 5957 Πρω
2535 5893 2654 5944 editi
2683 5905 2818 5954 vero,
2843 5893 3021 5942 ἰδιῶται
3050 5893 3130 5941 καὶ
3172 5890 3386 5955 ἀμαθεῖς.
