3864 6332
58 416 99 468 ις)
1078 395 1141 451 IN
1184 397 1448 453 EPISTJ
1503 402 1589 456 an
1631 399 1799 467 con,
1831 396 2054 452 nomn.
2098 396 2184 451 vr.
3165 398 3234 454 εο

57 540 171 589 neque
194 517 312 572 aliud
333 518 512 572 dicens
544 516 695 572 vobis
711 558 725 584 ,
750 531 905 587 quam
940 511 1079 580 quod
1106 510 1351 567 Christus
1376 508 1549 566 cruci-

58 622 148 669 tmts
164 615 233 668 sit.
255 612 321 665 Illi
344 626 571 681 namque
596 612 869 664 innumera
904 606 1131 672 dicunt,
1175 612 1231 660 ct
1266 604 1336 658 de
1378 602 1548 656 innu—

56 708 167 760 meris
186 706 317 773 longa
345 703 626 757 verborum
664 701 834 755 stadia
862 702 1154 768 explicant,
1179 694 1455 750 ratiocinia
1497 701 1550 745 et

58 798 311 869 sillogismos
366 803 721 864 apparantes,
768 791 932 846 millia
982 789 1308 843 adornantes
1365 782 1550 853 suphi-

58 902 172 942 sumta
199 906 210 940 :
237 902 324 956 ego
351 896 523 939 autem
565 884 686 937 veni
726 882 791 936 ad
843 896 940 936 vos
986 879 1119 935 nihil
1162 876 1307 932 aliud
1346 875 1548 939 dicens,

59 996 164 1049 quam
194 976 315 1049 quod
357 975 603 1031 Christus
645 973 943 1029 cruxiﬁxus
988 973 1097 1035 sit,
1137 978 1189 1025 et
1218 969 1339 1025 illos
1366 980 1555 1021 omnes

61 1070 310 1138 propulsari,
332 1067 466 1137 quod
498 1065 712 1120 virtutis
739 1070 857 1135 ejus
878 1081 966 1135 qm
997 1063 1318 1133 pratdicatur
1344 1059 1555 1129 signum

63 1160 362 1215 estinellaltile.
390 1160 441 1214 5.
473 1158 541 1211 Et
569 1176 661 1228 ego
685 1160 739 1212 in
769 1158 1068 1227 inﬁrmitate
1090 1166 1135 1209 et
1165 1156 1215 1207 in
1244 1155 1422 1207 timore
1437 1161 1483 1206 et
1504 1151 1558 1205 in

48 1269 212 1324 premere
234 1252 371 1306 multo
393 1253 469 1324 [ui
491 1252 639 1323 apud
664 1269 769 1306 vos.
800 1252 910 1306 lloc
955 1261 1037 1305 cst
1073 1264 1259 1303 rursus
1284 1245 1426 1300 aliud
1465 1259 1557 1298 ca-

48 1310 135 1415 luit
162 1345 249 1399 Non
276 1346 433 1399 solum
464 1346 611 1398 enim
649 1345 737 1413 qui
776 1342 1066 1398 credebant
1108 1339 1341 1406 indocti,
1388 1351 1560 1406 neque

68 1442 182 1491 salum
206 1438 240 1492 is
268 1439 345 1507 qui
375 1437 610 1507 loquitur
650 1436 847 1500 idiota,
891 1448 1065 1503 neque
1109 1439 1316 1486 tantum
1371 1427 1562 1482 modus

69 1532 249 1584 tiUCll'inT
274 1543 341 1581 cst
375 1528 675 1598 ignorantia
710 1528 932 1597 plenus,
977 1538 1155 1595 neque
1202 1531 1405 1577 tantum
1451 1521 1562 1590 ipsa

71 1623 294 1691 prrdicalio
334 1623 457 1675 Satis
497 1629 585 1674 est
638 1619 704 1673 ad
753 1615 1212 1682 conturbandum;
1255 1630 1386 1669 crux
1420 1615 1563 1669 enim

71 1725 105 1767 et
123 1727 229 1765 mors
253 1724 351 1765 erat
375 1710 513 1780 quod
544 1709 975 1766 annuntiabatur
1008 1726 1023 1763 :
1056 1706 1149 1761 sed
1175 1721 1295 1760 cum
1338 1705 1419 1759 his
1465 1703 1564 1757 alia

72 1822 223 1875 quoque
245 1804 605 1873 impedimenta
638 1812 813 1865 erant,
844 1800 1082 1871 pericula
1103 1842 1119 1866 ,
1166 1798 1371 1853 insidia:
1396 1839 1410 1863 ,
1440 1812 1573 1867 quo-

74 1900 240 1951 tidianus
277 1900 449 1962 timor,
494 1905 550 1949 ct
599 1893 746 1964 quod
802 1893 1150 1963 pellerentur.
1206 1889 1571 1945 Infirmitatem

76 2006 242 2059 namque
279 1989 426 2042 etiam
473 2002 621 2057 sazpe
672 1994 825 2040 vocat
862 1981 1329 2054 persequutiouem
1356 2020 1371 2047 ,
1418 1988 1475 2033 ut
1522 1987 1577 2033 et

74 2082 157 2133 alibi
182 2099 191 2133 :
218 2079 574 2145 lnlirmitatem,
598 2092 722 2148 quae
753 2084 834 2132 est
859 2076 914 2130 in
932 2089 1091 2131 carne
1108 2088 1246 2139 mea,
1267 2088 1371 2125 non
1390 2084 1575 2139 asper-

78 2175 151 2227 nati
188 2175 291 2227 estis
334 2170 478 2240 (Gal.
510 2171 567 2226 4.
611 2171 701 2226 15.
738 2169 870 2239 id);
911 2176 965 2222 et
1008 2178 1227 2229 rorsus,
1265 2164 1324 2219 Si
1371 2160 1581 2234 gloriari

79 2274 242 2329 oportet,
264 2263 306 2314 in
328 2262 619 2330 inﬁrmitate
648 2276 758 2313 mea
783 2256 1061 2329 gloriabor.
1107 2253 1389 2321 Quanam?
1431 2251 1578 2306 Prw-

81 2354 217 2421 βδέω
234 2353 372 2423 gentis
410 2353 575 2405 Arctoe
625 2350 762 2420 regis
793 2347 1221 2402 Damascenorum
1268 2346 1441 2399 urbem
1493 2360 1584 2398 cu-

81 2445 277 2508 stodiebat,
301 2443 457 2496 uolens
481 2459 559 2496 me
579 2440 1010 2511 comprehendere
1030 2439 1116 2509 (2.
1147 2436 1265 2494 Cor.
1310 2438 1396 2491 Η.
1436 2434 1505 2490 ’50
1541 2444 1585 2488 et

84 2535 173 2599 32).
197 2535 252 2589 Et
273 2548 465 2590 rursum
498 2552 511 2588 :
541 2533 678 2587 Ideo
704 2533 829 2585 mihi
866 2531 1040 2600 placeo
1083 2531 1138 2583 in
1182 2527 1584 2597 inﬁrmitatibus.

86 2627 232 2689 Deinde
253 2627 419 2681 dicens
447 2626 797 2695 quibusnam,
818 2623 1093 2693 subjuuxit
1120 2638 1134 2676 :
1160 2619 1224 2674 In
1253 2619 1588 2681 contumeliis,

89 2720 123 2773 ita
155 2720 471 2774 necessitatibus
534 2728 582 2773 et
642 2718 697 2770 in
742 2716 986 2788 angustiis
1036 2712 1176 2786 (Id.
1219 2710 1472 2782 12.10).
1528 2709 1595 2763 Ει

92 2830 187 2867 nunc
223 2813 307 2867 hoc
346 2815 509 2882 ipsum
556 2811 769 2882 profert
802 2828 815 2865 :
854 2825 976 2865 cum
1022 2808 1245 2863 dixisset
1295 2805 1438 2860 enim
1464 2845 1479 2870 ,
1526 2799 1596 2855 Et

92 2922 152 2974 ego
188 2906 227 2957 in
266 2906 571 2975 inﬁrmitate;
614 2920 726 2959 non
781 2903 868 2956 ltic
918 2900 1185 2966 substitit,
1223 2897 1319 2954 sed
1372 2893 1598 2950 infirmi-

95 3008 206 3049 latera
241 2999 490 3067 explicans
511 3040 526 3063 ,
554 2995 797 3066 pericula
830 3002 1021 3047 vocat:
1052 3004 1241 3045 rursus
1274 2986 1495 3058 adjicit,
1534 2982 1601 3037 lu

96 3088 219 3140 timore
239 3099 275 3141 et
294 3098 491 3142 tremore
515 3088 685 3141 multo
714 3087 791 3158 fui
817 3084 956 3154 apud
972 3100 1075 3137 vos.
1106 3080 1244 3150 Quid
1266 3077 1439 3134 dicis?
1466 3078 1603 3132 Pau-

98 3180 154 3231 lus
172 3196 339 3249 quoque
365 3182 581 3236 timebat
613 3177 890 3249 pericula?
915 3176 1159 3231 Timebat
1187 3184 1241 3228 et
1268 3170 1422 3225 valde
1451 3171 1606 3223 time-

99 3270 158 3323 [αἱ
179 3292 188 3325 :
209 3274 382 3328 etiamsi
415 3275 554 3328 enim
592 3272 790 3326 Paulus
820 3281 962 3325 esset
983 3312 997 3335 ,
1030 3280 1081 3321 at
1110 3267 1269 3322 homo
1312 3273 1445 3320 erat.
1495 3262 1606 3317 Hoc

100 3376 224 3417 autem
244 3382 332 3419 non
356 3376 466 3421 erat
488 3365 644 3420 Pauli
672 3366 899 3429 crimen,
931 3361 1025 3416 sed
1070 3359 1351 3415 infirmitas
1381 3364 1605 3419 naturai,

102 3466 137 3506 et
156 3459 357 3526 propositi
378 3459 723 3519 encomium,
755 3455 895 3526 quod
936 3463 1161 3509 mortem
1204 3462 1259 3507 et
1308 3451 1485 3521 plagas
1539 3450 1608 3503 ti-

104 3564 236 3614 mens,
268 3552 381 3605 nihil
424 3561 599 3605 tamen
657 3547 929 3618 indignum
960 3562 1027 3601 ex
1056 3546 1250 3600 timore
1278 3542 1463 3599 fecerit
1495 3558 1508 3594 :
1540 3541 1609 3594 ita

105 3641 219 3709 utqui
243 3642 401 3696 dicunt
428 3643 575 3695 illum
608 3658 719 3695 non
753 3639 995 3693 timuisse
1036 3638 1250 3707 plagas,
1301 3651 1405 3689 non
1453 3634 1613 3687 modo

104 3733 208 3785 illum
234 3751 319 3789 non
350 3735 613 3790 honorent
637 3775 651 3798 ,
684 3730 778 3785 sed
807 3739 862 3785 et
890 3730 1110 3784 multum
1139 3743 1203 3782 ex
1232 3725 1477 3780 laudibus
1520 3723 1614 3777 de-

106 3833 223 3875 mant.
248 3823 359 3876 Nam
380 3826 420 3878 si
453 3840 556 3879 non
589 3823 852 3884 timebat,
880 3837 1001 3891 qua:
1032 3817 1454 3889 perseverantia,
1495 3831 1615 3884 qua:

106 3915 365 3986 philosophia
390 3918 439 3972 in
472 3915 711 3973 ferendis
737 3912 1019 3985 periculis?
1042 3913 1150 3982 Ego
1172 3926 1300 3966 vero
1322 3909 1441 3965 ideo
1468 3909 1616 3962 illum

107 4006 300 4074 admiror,
329 4011 456 4080 quod
490 4012 691 4065 timens
712 4049 729 4072 ,
758 4022 858 4062 nec
884 4006 1045 4061 modo
1093 4006 1317 4067 timens,
1362 4002 1457 4057 sed
1512 4010 1621 4057 tre-

108 4114 216 4155 mens
258 4104 303 4156 in
350 4104 634 4172 periculis,
664 4116 880 4170 semper
923 4099 1159 4153 cucurrit
1205 4106 1492 4152 coronatus
1516 4136 1530 4159 ,
1564 4105 1619 4149 et

110 4192 199 4243 nulli
234 4196 379 4246 cessit
418 4194 697 4262 periculo,
736 4206 1036 4260 expurgans
1070 4188 1286 4255 orbem.
1336 4197 1392 4242 θῐ
1427 4186 1622 4254 ιιῢῑίιιιο

111 4290 311 4338 terrarum
335 4296 383 4338 ut
409 4286 636 4339 marium
666 4283 1098 4353 praedicationem
1124 4280 1413 4336 seminans.
1458 4279 1512 4333 4.
1558 4276 1625 4331 Et

113 4390 229 4427 mmo
248 4394 370 4431 meus
395 4387 438 4430 et
464 4378 763 4449 prwdicatio
793 4393 904 4429 mea
951 4392 1053 4429 non
1096 4371 1506 4445 persuasibilibus
1533 4370 1628 4424 Im-

113 4482 233 4521 m
264 4470 505 4540 sapientia:
561 4471 751 4530 verbis,
777 4467 829 4524 id
856 4478 958 4534 est,
984 4486 1088 4522 non
1120 4468 1327 4523 habens
1353 4476 1626 4520 externam

116 4558 383 4625 sapientiam.
412 4563 465 4617 Si
490 4563 656 4632 igitur
681 4570 735 4616 et
778 4559 1085 4630 praedicatio
1135 4558 1267 4613 nihil
1309 4558 1494 4612 habuit
1542 4571 1630 4611 so-

116 4646 298 4713 phistica:
320 4652 459 4715 artis,
483 4663 536 4708 et
561 4652 653 4722 qui
706 4650 1032 4704 vocabantur
1084 4650 1297 4712 idiotze,
1352 4657 1405 4703 et
1453 4648 1497 4701 is
1541 4647 1630 4717 qui

118 4740 373 4805 “dicabat
398 4745 515 4799 talis
546 4752 697 4806 erat,
728 4742 1017 4811 aderatque
1046 4740 1387 4811 persequutio
1410 4781 1426 4804 ,
1467 4747 1521 4794 et
1568 4739 1633 4790 ti—

120 4844 203 4883 mor
221 4843 265 4886 et
289 4844 491 4902 tremor,
524 4833 800 4906 quomodo
826 4835 1187 4904 superarunt?
1218 4832 1305 4887 dic
1335 4832 1484 4887 mihi.
1530 4832 1633 4887 Per

125 4920 301 4979 divinam
345 4930 616 4984 virtutem.
664 4927 791 4982 ideo
837 4942 958 4981 cum
1011 4925 1265 4990 dixisset,
1328 4924 1541 4979 Verbum
1586 4936 1633 4978 et

122 5017 350 5080 Ρτιτάὶωιὶο
397 5039 506 5077 mea
554 5039 659 5076 non
699 5022 751 5074 in
807 5019 1219 5091 persuasibilibus
1265 5020 1501 5072 humana:
1546 5035 1635 5073 sa-

123 5108 273 5172 pientia
293 5115 711 5184 verbis;adjecit,
744 5113 850 5169 Sed
889 5114 943 5167 in
985 5113 1268 5166 ostensione
1314 5112 1540 5182 Spiritus
1587 5119 1635 5163 et

125 5204 285 5257 virtutis.

172 5293 382 5354 Hiden‘
403 5299 671 5370 quomodo
684 5300 823 5371 quod
846 5300 1067 5355 stultum
1094 5307 1177 5353 est
1204 5298 1319 5364 Dei,
1343 5297 1638 5367 sapientius

126 5384 175 5435 sit
209 5386 511 5458 hominibus;
561 5403 617 5449 et
660 5393 800 5465 quod
854 5392 1159 5459 infirmum,
1200 5390 1425 5446 fortius?
1455 5390 1637 5446 ldiotaa

130 5473 208 5530 hec
231 5483 588 5552 praedicantes,
620 5486 779 5541 vincti
810 5496 863 5541 et
893 5486 1065 5556 pulsi,
1111 5485 1372 5556 pollentes
1419 5500 1478 5539 se
1516 5484 1637 5538 vin-

130 5567 299 5626 cebant?
324 5573 636 5632 Undenam?
661 5577 854 5634 Annon
886 5593 953 5634 ex
980 5594 1067 5645 eo,
1098 5578 1242 5649 quod
1274 5578 1636 5650 pet-Spiritum

132 5654 245 5723 ﬁdem
268 5668 589 5732 promerent?
620 5684 738 5723 nam
768 5669 821 5724 in
852 5670 1103 5727 confesso
1143 5682 1227 5728 est
1270 5670 1375 5729 hoc
1418 5678 1642 5729 demon-

130 5752 377 5811 “rationem
398 5774 534 5814 esse.
558 5760 686 5829 Quis
706 5763 849 5817 enim
875 5805 890 5828 ,
916 5779 1101 5834 quaeso
1123 5805 1141 5822 .
1168 5765 1356 5821 videns
1400 5774 1640 5821 mortuos

131 5850 397 5915 resurgentes
422 5862 475 5907 et
502 5851 777 5911 damnas
803 5854 1014 5927 pulsos,
1042 5870 1152 5914 non
1181 5857 1494 5915 admiserit?
1527 5858 1635 5917 Sed

1654 508 1777 577 quia
1809 519 1932 565 sunt
1954 509 2114 563 etiam
2143 508 2361 563 fallaces
2396 504 2616 561 virtutes
2640 548 2654 570 ,
2694 508 2877 577 quales
2936 514 3234 583 prmstigiu-

1655 609 1829 653 torum
1852 640 1866 662 ,
1898 598 2034 653 hanc
2061 615 2273 669 quoque
2295 602 2509 654 sustulit
2535 601 2915 671 suspicionem.
2947 603 3064 659 Non
3092 601 3240 659 enim

1654 691 1905 745 virtutem
1938 689 2070 744 dixit
2110 691 2322 756 solum,
2355 691 2449 746 sed
2480 694 2657 762 prius,
2690 692 2918 763 Spiritus
2943 738 2959 763 ,
2991 705 3046 751 et
3076 706 3200 751 tunc
3222 739 3237 756 .

1666 781 1880 838 Virtutis
1910 799 1927 838 :
1952 782 2240 839 ostendens
2269 800 2329 840 ea
2355 802 2472 856 qua:
2514 786 2710 842 fiebant
2752 789 3045 859 spiritualia
3097 806 3239 845 esse.

1657 871 1774 928 Non
1804 890 1932 944 ergo
1961 876 2262 931 imminutio
2288 888 2406 945 est,
2448 879 2589 949 quod
2640 882 2948 950 praedicatio
2992 897 3096 937 non
3146 898 3244 953 per

1658 968 1973 1037 sapientiam
2000 971 2312 1024 annuntiata
2349 972 2451 1038 sit,
2483 972 2575 1026 sed
2620 973 2907 1028 maximum
2953 988 3243 1031 ornamen-

1662 1069 1794 1114 tum.
1828 1060 1941 1115 lloc
1968 1076 2095 1131 ergo
2126 1063 2358 1119 maxime
2386 1064 2755 1125 demonstrat.
2788 1082 2905 1120 eam
2947 1081 3066 1120 esse
3109 1067 3245 1122 divi-

1662 1168 1818 1219 nam,
1848 1161 1900 1206 et
1928 1152 2137 1207 radices
2164 1168 2284 1209 esse
2315 1170 2578 1224 supernas
2608 1172 2671 1210 ex
2700 1158 2844 1211 caelis
2873 1174 2887 1211 :
2919 1166 3251 1228 quapropter
3324 1154 3329 1193 ἒ

1662 1245 1937 1314 subjunxit
1967 1264 1979 1299 :
2010 1246 2061 1300 ὕ.
2097 1244 2162 1301 Ut
2184 1247 2309 1316 ﬁdes
2334 1260 2496 1302 vestra
2524 1266 2623 1304 non
2654 1251 2719 1303 sit
2756 1252 2810 1304 in
2855 1251 3106 1322 sapientia
3152 1252 3246 1306 ἡο-
3329 1302 3333 1307 .

1664 1340 1857 1394 minum
1877 1381 1890 1404 ,
1920 1339 2009 1394 sed
2031 1339 2084 1393 in
2104 1341 2284 1394 uirtute
2312 1340 2426 1395 Dei.
2460 1342 2647 1397 Viden’
2673 1343 2943 1414 quomodo
2982 1345 3127 1400 clare
3154 1360 3251 1415 per

1666 1432 1844 1485 omnia
1875 1430 2159 1498 OStendat,
2192 1446 2441 1501 magnum
2482 1448 2602 1487 esse
2640 1433 2848 1488 lucrum
2895 1435 3248 1504 ignorantiae,

1668 1532 1722 1577 et
1769 1538 2019 1593 magnum
2065 1524 2341 1593 sapientiae
2387 1524 2662 1580 damnum.
2714 1526 2846 1581 Nam
2889 1529 3004 1582 haec
3043 1526 3257 1597 quidem

1671 1615 1839 1685 ipsius
1866 1630 2080 1670 crucem
2108 1656 2123 1682 ,
2152 1615 2241 1670 illa
2268 1631 2397 1671 vero
2444 1618 2540 1672 Dei
2591 1618 2843 1673 virtutem
2896 1618 3256 1688 praedicabat;

1674 1703 1788 1759 htcc
1812 1704 2080 1760 efficiebat
2101 1747 2115 1772 ,
2144 1717 2201 1761 ut
2225 1706 2355 1761 nihil
2384 1708 2686 1764 invenirent
2708 1726 2895 1765 eorum
2939 1724 3059 1779 qua;
3094 1724 3254 1780 opor-

1676 1798 1895 1864 tuisset,
1921 1808 1974 1852 et
2004 1799 2055 1853 in
2080 1788 2272 1869 Seipsis
2300 1799 2692 1869 gloriarentur;
2741 1801 2830 1855 illa
2874 1810 2934 1855 ut
2972 1802 3255 1858 veritatem

1677 1891 2012 1960 susciperent
2042 1899 2096 1945 et
2126 1890 2178 1945 in
2207 1892 2318 1945 Deo
2347 1892 2723 1960 gloriarentur.
2752 1893 2955 1948 Rursus
2994 1893 3257 1963 sapientia

1680 1985 1861 2039 multis
1883 1985 2269 2053 persuasisset,
2300 1992 2359 2039 ut
2380 1984 2669 2039 humanum
2701 2001 2820 2041 esse
2848 1985 3041 2055 dogma
3084 1985 3262 2055 suspi-

1680 2089 1969 2144 carentur;
2003 2077 2115 2133 lucc
2135 2094 2267 2133 vero
2290 2080 2433 2133 clare
2453 2078 2801 2144 ostendebat,
2843 2078 3078 2133 divinam
3121 2078 3263 2131 illam

1685 2184 1804 2225 esse
1835 2179 1887 2224 et
1913 2184 1978 2224 ex
2009 2171 2140 2225 caelo
2168 2169 2530 2225 descendisse.
2562 2170 2697 2224 Cum
2741 2186 2868 2240 ergo
2915 2171 2966 2225 in
3008 2152 3266 2238 sapientia

1686 2261 1973 2315 verborum
2004 2260 2061 2315 lit
2084 2260 2503 2328 demonstratio,
2533 2276 2676 2330 schc
2701 2262 3057 2316 modeStiorcs
3102 2275 3269 2329 supe-

1689 2361 1874 2407 rantur
1899 2367 1929 2405 a
1958 2351 2267 2421 pejoribus,
2298 2353 2420 2423 quia
2463 2352 2650 2422 majori
2697 2351 2910 2407 dicendi
2956 2352 3005 2405 vi
3064 2351 3268 2420 praediti

1689 2442 1901 2515 pejores
1941 2451 2097 2507 sunt,
2143 2453 2199 2497 et
2246 2443 2582 2500 mendacium
2624 2444 2773 2514 pellit
2818 2444 3119 2498 veritatem.
3178 2442 3275 2498 llic

1691 2545 1867 2591 autem
1897 2551 2003 2590 non
2034 2537 2113 2591 sic
2150 2553 2162 2588 :
2196 2552 2371 2607 neque
2397 2537 2538 2591 enim
2581 2537 2633 2590 in
2671 2536 2996 2591 immundam
3043 2537 3273 2590 animam

1694 2628 1989 2699 ingreditur
2016 2629 2487 2698 Spiritus-sanctus
2512 2671 2527 2694 ,
2576 2638 2629 2683 et
2672 2629 2947 2698 ingressus
2986 2642 3276 2697 numquam

1696 2729 1876 2790 potest
1902 2722 2179 2791 superari,
2211 2722 2421 2777 etiamsi
2461 2721 2674 2776 invadat
2703 2723 2877 2777 omnis
2918 2720 3129 2776 dicendi
3162 2706 3277 2774 vis.

1699 2812 1830 2867 Nam
1861 2813 2250 2868 demonstratio
2278 2829 2373 2883 per
2400 2829 2559 2885 opera
2588 2824 2643 2869 et
2665 2828 2763 2883 per
2791 2813 2940 2880 signa
2979 2813 3134 2882 longe
3174 2811 3282 2866 cla-

1700 2907 1813 2961 rior
1840 2914 1921 2960 est
1950 2905 2036 2959 illa
2063 2946 2078 2969 ,
2108 2920 2227 2974 qua:
2257 2906 2315 2959 fit
2344 2922 2438 2975 per
2468 2905 2651 2959 verba.
2682 2908 2751 2958 At
2798 2905 3011 2960 illorum
3056 2903 3285 2957 fortasse

1700 2996 1965 3066 quispiam
1996 2996 2211 3060 dixerit,
2240 2995 2283 3049 si
2318 2995 2746 3064 praedicationem
2779 2996 2993 3050 vincere
3018 3005 3281 3063 Oporteat,

1705 3100 1754 3143 et
1786 3089 2090 3158 eloquentia
2111 3103 2245 3157 opus
2276 3104 2380 3142 non
2412 3087 2572 3141 habet
2600 3096 2655 3140 ut
2680 3103 2747 3141 ne
2772 3102 2899 3141 crux
2929 3085 3286 3150 exinaniatur,

1706 3194 1872 3248 quare
1910 3179 2057 3247 signa
2103 3193 2243 3232 nunc
2290 3176 2600 3231 cessarunt“
2646 3176 2863 3243 Quare?
2914 3175 3291 3229 lucredulusne

1712 3271 1814 3325 hoc
1842 3270 2012 3335 dicis,
2045 3284 2141 3323 uec
2165 3268 2404 3323 admittis
2436 3268 2524 3321 illa
2556 3266 2693 3321 facta
2724 3266 2888 3321 fuisse
2931 3265 3290 3335 apostolorum

1713 3371 1952 3431 tempore
1977 3402 1991 3428 ,
2022 3376 2088 3415 an
2117 3375 2244 3416 vere
2271 3360 2374 3415 hoc
2407 3359 2649 3414 ediscere
2691 3358 2975 3428 quaerens?
3024 3356 3081 3410 Si
3124 3357 3297 3411 incre-

1712 3456 1870 3511 dulus
1896 3453 2043 3507 dicas
2066 3493 2082 3518 ,
2114 3451 2166 3506 in
2196 3466 2261 3506 eo
2287 3451 2517 3521 primum
2548 3449 2896 3504 immorabor.
2924 3448 2979 3509 Si
3005 3449 3146 3503 enim
3173 3457 3298 3501 tunc

1714 3564 1822 3602 non
1864 3547 1997 3600 facta
2039 3554 2165 3599 sunt
2192 3545 2341 3614 signa
2367 3585 2382 3610 ,
2408 3541 2673 3613 quomodo
2698 3542 2870 3612 pulsi,
2923 3541 3132 3607 vexati,
3186 3550 3297 3595 tre-

1717 3650 1923 3695 mentes
1947 3680 1963 3705 ,
1995 3638 2175 3704 vincti,
2208 3647 2261 3691 et
2289 3651 2600 3693 communes
2624 3637 2770 3691 orbis
2799 3636 2981 3690 hostes
3010 3634 3155 3701 facti,
3185 3649 3302 3689 om-

1718 3733 1981 3802 nibusque
2007 3730 2070 3785 ad
2098 3731 2235 3785 male
2266 3729 2571 3801 patiendum
2596 3730 2844 3799 expositi,
2877 3728 3005 3783 nihil
3036 3745 3101 3783 ex
3124 3744 3183 3783 se
3208 3726 3305 3782 ha-

1720 3825 1910 3880 bentes
1936 3824 2076 3894 quod
2106 3823 2376 3888 alliceret,
2407 3836 2510 3875 non
2539 3820 2894 3890 eloquentiam
2913 3861 2928 3884 ,
2974 3835 3081 3873 non
3125 3818 3305 3888 splen-

1720 3916 1907 3972 dorem
1930 3957 1945 3982 ,
1976 3929 2080 3969 non
2112 3914 2321 3968 divitias
2341 3953 2356 3978 ,
2388 3928 2494 3966 non
2525 3912 2747 3978 urbem,
2780 3928 2885 3965 non
2912 3920 3127 3980 gentem
3149 3951 3164 3973 ,
3193 3926 3303 3966 non

1722 4022 1915 4079 genus,
1938 4020 2043 4060 non
2073 4005 2407 4068 exercitium,
2437 4018 2544 4059 non
2570 4003 2814 4074 gloriam,
2846 4017 2951 4057 non
2979 4002 3123 4057 aliud
3148 4002 3308 4073 quid-

1728 4102 1867 4170 piam
1905 4098 2118 4163 simile;
2147 4096 2239 4151 sed
2267 4097 2444 4151 omnia
2473 4095 2763 4159 contraria,
2794 4093 3169 4161 ignorantiam,
3192 4093 3310 4148 vili-

1728 4200 1913 4255 tatem,
1944 4199 2338 4262 paupertatem,
2364 4188 2543 4243 odium
2566 4230 2581 4256 ,
2616 4187 2945 4245 inimicitiam
2967 4228 2980 4252 ,
3009 4196 3083 4263 get
3124 4196 3309 4242 contra

1728 4284 1956 4355 p0pulos
1984 4283 2219 4353 integros
2249 4291 2473 4346 stantes,
2505 4282 2737 4355 taliaque
2760 4280 3167 4345 annuntiantes,
3192 4294 3314 4349 per-

1729 4377 2063 4435 suadebant?
2086 4376 2218 4432 Nam
2238 4386 2503 4446 praecepta
2530 4376 2753 4431 multum
2780 4374 3016 4430 laborem
3046 4373 3313 4429 habebant

1730 4479 1787 4527 et
1806 4470 2051 4540 dogmata
2078 4468 2331 4540 periculis
2350 4470 2506 4539 plena
2530 4479 2682 4527 crant
2711 4489 2725 4524 :
2755 4482 2817 4522 ac
2841 4467 2926 4535 qui
2953 4467 3235 4523 audiebant
3257 4475 3315 4520 et

1733 4560 2090 4633 persuadendi
2144 4568 2338 4621 erant,
2394 4558 2447 4613 itt
2496 4558 2734 4625 deliciis,
2766 4558 3027 4613 ebrietate
3053 4568 3107 4611 et
3133 4556 3315 4612 multis

1735 4655 1878 4709 vitiis
1902 4661 2056 4708 erant
2103 4651 2336 4708 educati.
2384 4650 2574 4718 Unde,
2623 4665 2844 4720 qtneso,
2892 4646 3318 4719 persuaserunt?

1738 4746 1881 4801 unde
1906 4746 2009 4800 fide
2035 4744 2179 4814 digni
2209 4728 2402 4798 erant?
2433 4742 2561 4797 Nant
2589 4783 2603 4805 ,
2632 4752 2691 4795 ut
2725 4741 2832 4812 jam
2866 4740 2974 4796 dixi
2999 4782 3013 4805 ,
3042 4741 3085 4795 si
3115 4740 3319 4811 absque

1736 4836 1902 4907 signis
1921 4842 2320 4905 persuaserunt,
2352 4833 2518 4887 multo
2546 4832 2717 4903 majus
2745 4831 2951 4887 videtur
2979 4830 3318 4885 miraculum;

1738 4928 1815 4984 Ne
1845 4929 2022 5000 itaque
2052 4945 2115 4984 ex
2144 4944 2241 4994 eo,
2274 4928 2414 4998 quod
2442 4942 2583 4982 nunc
2605 4927 2752 4998 signa
2796 4942 2902 4981 non
2953 4925 3115 4993 ﬁant,
3163 4940 3323 4996 argu-

1710 5031 1977 5100 _mentum
2008 5021 2175 5076 ducas
2204 5031 2330 5075 tunc
2355 5020 2517 5075 etiam
2558 5035 2661 5073 non
2703 5018 2890 5076 fuisse.
2934 5018 3147 5074 Etenim
3191 5026 3320 5072 tunc

1739 5117 1942 5171 utiliter
1968 5115 2199 5179 flebant,
2232 5121 2287 5168 et
2312 5129 2454 5169 nunc
2480 5113 2680 5168 utiliter
2708 5129 2816 5169 non
2860 5113 3013 5170 fiunt.
3060 5112 3180 5168 Non
3228 5128 3326 5167 ue-

1740 5208 1978 5262 cessario
2024 5208 2265 5276 sequitur
2285 5214 2462 5261 autem
2487 5221 2555 5261 ex
2580 5220 2645 5260 eo
2674 5205 2816 5276 quod
2848 5220 2988 5260 nunc
3008 5205 3176 5261 verbo
3205 5212 3326 5259 tan-

1744 5310 1854 5356 tum
1884 5300 2158 5365 suadetur,
2187 5300 2403 5355 nuncin
2426 5299 2685 5369 sapientia
2716 5297 3150 5369 prmdicationem
3182 5313 3324 5354 esse.

1744 5395 1876 5451 Nam
1925 5395 2013 5465 qui
2059 5394 2127 5450 ab
2176 5392 2328 5450 initio
2370 5394 2589 5449 verbum
2643 5394 3014 5459 seminabant,
3056 5391 3238 5447 idiota:
3273 5401 3330 5447 et

1746 5488 1946 5547 indocti
1975 5497 2157 5552 erant,
2188 5496 2244 5543 et
2271 5487 2404 5548 nihil
2431 5503 2494 5543 ex
2522 5502 2580 5543 se
2608 5486 2888 5553 dicebant,
2911 5485 3005 5542 sed
3027 5501 3145 5557 qua:
3165 5500 3325 5540 acce-

1748 5592 1936 5654 perant
1959 5596 1988 5635 a
2017 5581 2128 5649 Deo
2146 5622 2162 5647 ,
2193 5581 2307 5636 haec
2331 5579 2446 5637 orbi
2476 5589 2738 5635 terrarum
2766 5578 3030 5634 dederunt
3072 5592 3089 5631 :
3127 5586 3182 5631 et
3226 5590 3326 5631 nos

1747 5674 1846 5744 ipsi
1874 5687 2048 5738 nunc,
2079 5688 2185 5730 non
2211 5687 2331 5743 quae
2360 5688 2390 5727 a
2414 5672 2572 5729 nobis
2598 5680 2720 5727 sunt
2750 5670 3008 5725 tradimus
3032 5708 3050 5735 ,
3079 5668 3172 5723 sed
3203 5682 3325 5738 qua:

1746 5769 1815 5823 ab
1858 5766 1988 5836 ipsis
2025 5767 2365 5837 accepimus,
2409 5765 2523 5821 haec
2569 5765 2822 5822 omnibus
2863 5765 3111 5820 dicimus.
3141 5759 3331 5832 Neque

1751 5876 1893 5917 nunc
1922 5859 2247 5933 syllogismis
2272 5857 2691 5931 persuademus;
2728 5858 2820 5916 sed
2865 5875 2931 5915 ex
2958 5853 3149 5912 divinis
3179 5849 3328 5907 Scri-
