3864 6316
518 341 576 396 5i
1239 335 1298 391 S.
1335 329 1613 391 JOANNIS
1649 325 1997 384 CIIRYSOST
2000 319 2120 379 0M1
2158 315 2473 411 ARCI'IIEP.
2510 310 3044 371 CUNSTANTINOP.
3800 299 3848 358 5

518 453 689 521 pluris
715 463 769 511 et
793 470 861 511 ex
892 455 978 521 iis,
1007 463 1280 528 qute'tunc
1304 449 1439 505 facta
1467 458 1591 503 sunt
1617 443 1804 516 signis,
1839 439 1997 494 ﬁdem
2019 435 2097 491 l'a-

522 551 694 605 cimus
719 549 783 606 iis
808 564 928 620 quae
954 527 1202 602 dicimus.
1230 545 1296 600 Et
1318 541 1393 598 illi
1419 553 1631 612 quoque
1652 546 1778 592 tunc
1804 548 1910 587 non
1939 527 2105 600 signis

525 649 729 698 tantum
757 639 1150 712 persuadebant
1170 679 1186 705 ,
1216 636 1309 692 sed
1337 636 1498 692 etiam
1543 627 1879 686 disserendo.
1935 621 2107 677 Verba

528 741 704 788 autem
751 731 1050 787 elﬁcaciora
1091 744 1121 784 a
1166 728 1332 798 signis
1378 723 1774 786 reddebantur,
1825 729 2035 772 necnon
2076 724 2108 766 a

527 823 851 880 testimoniis
879 822 1091 878 Veteris
1116 818 1446 876 Testamenti
1474 858 1488 880 ,
1522 831 1626 869 non
1657 823 1832 868 autem
1860 825 1889 863 a
1936 807 2110 878 gravi-

526 921 638 969 tate
667 922 722 969 et
743 913 1050 983 eloquentia
1071 912 1362 968 dictorum.
1387 908 1496 964 Cur
1519 921 1677 978 ergo,
1710 902 1920 974 inquies
1939 942 1954 966 ,
1984 908 2110 953 tunc

530 1003 678 1060 utilia
731 1004 880 1074 signa
928 1011 1116 1068 erant,
1170 1017 1311 1057 nunc
1360 1015 1466 1056 non
1523 998 1693 1054 item?
1739 995 2111 1065 Supponamus

529 1093 684 1167 (cum
711 1095 899 1151 Crzeco
927 1095 1070 1151 enim
1098 1094 1348 1165 disputo,
1390 1101 1444 1148 et
1483 1091 1604 1146 ideo
1645 1104 1741 1160 per
1786 1083 2110 1158 bypothesin

533 1185 657 1242 dico
696 1185 748 1241 id
798 1187 941 1257 quod
985 1187 1204 1242 omnino
1249 1184 1483 1239 futurum
1539 1182 1694 1253 est),
1749 1189 2114 1248 supponamus

532 1277 694 1349 igitur
715 1319 732 1344 ,
761 1286 818 1333 et
844 1279 1074 1348 patiatur
1101 1276 1408 1332 incredulus
1429 1276 1617 1329 saltem
1645 1271 1710 1327 ad
1737 1267 2117 1340 disputationis

535 1378 751 1440 tempus
776 1371 1024 1425 assentiri
1052 1369 1244 1436 dictis,
1274 1365 1422 1424 verbi
1460 1365 1632 1438 gratia
1657 1405 1672 1430 ,
1701 1361 1842 1435 quod
1872 1361 2118 1416 Christus

535 1477 796 1520 venturus
821 1465 893 1519 sit
925 1482 938 1519 :
969 1479 1088 1519 cum
1120 1478 1248 1534 ergo
1286 1461 1532 1518 Christus
1578 1457 1788 1513 venerit
1831 1463 1886 1512 et
1929 1467 2119 1510 omnes

537 1557 714 1628 angeli
739 1572 862 1612 cum
891 1571 956 1610 eo
974 1596 990 1620 ,
1024 1564 1078 1611 et
1109 1556 1248 1610 Deus
1271 1568 1392 1609 esse
1414 1561 1662 1606 ostensus
1689 1548 1880 1614 fuerit,
1909 1544 2120 1601 omnia-

537 1663 644 1718 que
671 1647 770 1718 ipsi
793 1645 1033 1716 subjecta
1073 1659 1232 1708 esse,
1272 1659 1450 1698 annon
1492 1641 1609 1711 ipse
1647 1638 1865 1694 Grzecus
1903 1632 2124 1691 credet?

540 1735 739 1793 Credet
785 1737 969 1807 utique
1015 1745 1070 1791 et
1117 1733 1402 1798 adorabit,
1449 1746 1514 1788 ac
1565 1731 1736 1786 Deum
1779 1741 1899 1783 esse
1943 1725 2120 1790 dicet,

541 1828 752 1886 etiamsi
777 1827 1066 1883 admodum
1102 1828 1350 1898 pertinax
1377 1823 1558 1880 fuerit.

613 1921 669 1978 ὅ.
695 1921 825 1989 Quis
849 1920 993 1976 enim
1023 1918 1210 1975 videns
1231 1919 1395 1973 caelos
1423 1922 1658 1986 apertos,
1687 1911 1858 1983 ipsum
1887 1909 1939 1964 in
1969 1907 2127 1963 nubi-

542 2015 644 2071 bus
664 2015 993 2076 venientem,
1012 2021 1271 2082 otumque
1285 2016 1486 2066 coetum
1504 2017 1858 2077 supernarum
1887 2001 2131 2056 Potesta-

545 2116 661 2163 tum
700 2104 1112 2169 circumfusum,
1143 2101 1335 2156 ﬂuvios
1377 2101 1562 2170 igneos
1605 2102 1920 2159 manantes,
1945 2105 2133 2146 omnes

547 2199 818 2256 adstantes
842 2211 906 2252 ac
926 2203 1234 2261 trementes,
1258 2207 1364 2249 non
1391 2189 1654 2256 adorabit,
1677 2198 1732 2244 et
1759 2187 1926 2242 Deum
1953 2183 2137 2239 existi-

549 2294 752 2351 mabit?
775 2292 913 2349 Num
933 2305 1079 2362 ergo.
1109 2290 1196 2345 dic
1214 2301 1416 2359 quaeso.
1440 2283 1680 2340 adoratio
1709 2291 1762 2338 et
1787 2279 2019 2350 cegnitio
2050 2276 2136 2330 illa

551 2387 739 2444 Grmco
768 2385 824 2440 in
849 2383 1008 2439 lldem
1050 2377 1416 2453 reputabitur?
1457 2375 1696 2432 Minime.
1743 2369 1963 2439 Quare?
2005 2367 2138 2434 Quia

554 2477 656 2532 hoc
682 2475 818 2531 ﬁdes
846 2489 953 2529 non
982 2481 1065 2528 est
1094 2488 1107 2526 :
1141 2470 1432 2526 necessitas
1459 2468 1656 2538 quippe
1677 2505 1692 2529 ,
1723 2473 1778 2518 et
1807 2475 1993 2518 eorum
2023 2473 2142 2528 qme

553 2579 812 2642 apparent
837 2565 1100 2623 evidentia
1126 2563 1179 2620 id
1210 2561 1407 2628 eﬂ'ecit,
1436 2575 1540 2615 non
1573 2553 1865 2612 voluntatis
1893 2565 2138 2623 propost-

556 2674 702 2727 tum;
732 2660 826 2718 sed
846 2676 874 2714 a
899 2656 1260 2729 magnitudine
1281 2669 1456 2709 rerum
1475 2666 1593 2722 qua:
1611 2648 1855 2703 videntur
1878 2651 2143 2713 pertracta

473 2734 477 2759 ἓ
558 2769 712 2810 mens
737 2752 853 2808 fuit.
882 2751 1065 2820 Itaque
1095 2759 1295 2820 quanto
1340 2745 1506 2814 magis
1544 2743 1686 2797 clara
1717 2749 1771 2795 et
1797 2738 1863 2792 ad
1892 2734 2144 2792 credendi

560 2842 934 2900 necessitatem
978 2837 1296 2894 adducentia
1336 2845 1459 2890 sunt
1494 2833 1584 2888 illa
1605 2875 1620 2897 ,
1646 2839 1792 2886 tanto
1817 2827 1984 2898 magis
2014 2825 2147 2880 ﬁdes

563 2938 838 2996 minuitur.
867 2935 990 2990 Ideo
1019 2948 1160 2989 nunc
1195 2933 1343 3002 signa
1379 2943 1486 2984 non
1517 2927 1671 2981 ﬁunt.
1701 2924 1768 2978 Et
1793 2921 1937 2994 quod
1963 2934 2051 2976 res
2075 2918 2146 2974 ita

563 3045 622 3085 se
645 3028 858 3093 habeat,
881 3025 1006 3081 audi
1035 3023 1161 3094 quid
1186 3022 1328 3078 dicat
1348 3019 1414 3074 ad
1437 3019 1698 3074 Thomam
1728 3031 1743 3069 :
1771 3012 1916 3068 Beati
1941 3012 2027 3082 qui
2048 3027 2149 3065 non

563 3120 814 3185 viderunt,
839 3127 884 3172 et
909 3115 1227 3172 crediderunt
1250 3111 1270 3184 (
1290 3111 1448 3165 Joan.
1475 3108 1568 3163 20.
1596 3105 1668 3160 29
1693 3105 1733 3176 ).
1767 3103 1930 3176 Igitur
1950 3109 2150 3173 quanto

563 3207 760 3268 Clarius
797 3219 1074 3267 ostensum
1122 3206 1332 3275 signum
1383 3201 1579 3265 fuerit,
1613 3205 1758 3253 tanto
1804 3194 1974 3265 magis
2026 3191 2150 3248 ﬁdei

566 3319 775 3360 merces
803 3301 1078 3358 minuitur.
1112 3299 1293 3367 Itaque
1323 3295 1369 3351 si
1398 3293 1559 3350 etiam
1586 3304 1728 3346 nunc
1761 3288 1910 3358 signa
1939 3287 2150 3349 ﬁerent,

570 3398 673 3451 hoc
708 3394 882 3466 ipsum
913 3391 1176 3448 eveniret.
1220 3386 1374 3457 Quod
1402 3395 1578 3440 autem
1606 3391 1730 3436 tunc
1758 3395 1862 3434 non
1892 3379 2027 3433 ultra
2059 3392 2154 3446 per

570 3489 728 3543 ﬁdem
761 3485 907 3542 illum
938 3480 1206 3555 cognituri
1235 3479 1426 3545 simus,
1459 3473 1779 3546 signiﬁcavit
1823 3469 2020 3526 Paulus
2071 3469 2154 3523 di-

567 3593 696 3634 cens
725 3598 738 3634 :
773 3577 926 3632 Nunc
963 3577 1094 3630 enim
1122 3590 1208 3643 per
1236 3571 1388 3641 ﬁdem
1428 3565 1765 3631 ambulamus,
1796 3579 1897 3617 non
1927 3579 2016 3632 per
2039 3576 2156 3630 spe-

570 3671 696 3725 ciem
743 3667 971 3738 (ἰὼν.
1002 3666 1054 3722 5-
1079 3664 1168 3736 7).
1209 3661 1280 3718 Ut
1323 3669 1448 3715 tunc
1492 3657 1586 3714 tibi
1625 3653 1902 3721 credenti,
1934 3668 2021 3708 res
2062 3651 2154 3706 illa

575 3776 680 3816 non
724 3757 1099 3829 imputabitur,
1133 3751 1275 3825 quod
1306 3751 1446 3806 clara
1480 3758 1532 3803 et
1556 3747 1832 3802 manifesta
1862 3744 1929 3799 sit
1959 3762 1972 3798 :
2003 3744 2071 3797 ita
2102 3752 2157 3798 et

573 3865 716 3908 nunc
735 3893 750 3916 ,
777 3851 822 3905 si
851 3849 970 3904 talia
999 3849 1148 3919 signa
1178 3845 1388 3907 ﬁerent,
1433 3839 1611 3912 qualia
1639 3837 1888 3892 antehac.
1933 3834 2157 3903 Quando

574 3943 718 4000 enim
751 3941 837 3997 illa
867 3937 1260 4001 admiserimus,
1289 3949 1407 4004 qum
1433 3931 1580 3986 nullo
1607 3929 1766 3984 modo
1791 3928 1914 3982 ullis
1940 3925 2154 3981 ratioci-

580 4033 682 4087 niis
712 4029 934 4086 inveniri
966 4035 1210 4099 possunt,
1252 4034 1377 4078 tunc
1406 4022 1537 4077 ﬁdes
1573 4031 1676 4075 est.
1711 4019 1834 4074 Ideo
1857 4017 2156 4088 gehennam

575 4126 930 4181 comminatur
977 4120 1189 4192 quidem
1213 4159 1229 4185 ,
1273 4117 1366 4173 sed
1396 4116 1482 4171 illa
1513 4130 1618 4169 non
1649 4119 1867 4183 apparet
1897 4129 1910 4166 :
1943 4125 2062 4166 nam
2109 4108 2156 4162 si

578 4227 880 4290 appareret,
913 4217 1140 4287 idipsum
1174 4227 1357 4268 rursus
1396 4210 1653 4265 eveniret.
1688 4205 1933 4275 Alioquin
1959 4217 2088 4257 vero
2113 4201 2157 4257 si

581 4313 728 4382 signa
759 4310 976 4381 quaeris,
1007 4322 1147 4362 nunc
1182 4307 1342 4361 etiam
1373 4305 1520 4374 signa
1552 4300 1776 4364 videbis,
1816 4296 2020 4352 etiamsi
2055 4309 2159 4348 non

578 4403 838 4475 ejusmodi
867 4402 1002 4466 sint,
1038 4397 1408 4471 praedictiones
1460 4395 1764 4448 innumeras
1792 4388 1858 4443 de
1887 4387 2046 4441 rebus
2073 4385 2156 4438 in.

579 4489 1182 4557 numerabilihus,orbis
1205 4485 1629 4544 conversionem,
1662 4480 2007 4535 barbarorum
2038 4473 2160 4545 phi-

579 4588 876 4658 losophiam
899 4627 914 4652 ,
949 4583 1238 4654 agrestium
1290 4591 1497 4633 morum
1551 4573 1920 4632 mutationem,
1948 4567 2161 4638 pietatis

579 4681 970 4738 extensionem.
992 4677 1198 4746 Ecquas
1222 4664 1623 4744 prtedictiones?
1641 4664 1871 4734 inquies;
1899 4676 2019 4715 nam
2044 4669 2162 4729 post

580 4789 668 4830 res
687 4773 852 4828 factas
875 4769 1124 4841 praedicta
1147 4774 1270 4820 sunt
1295 4759 1490 4816 omniai
1515 4773 1632 4828 qua:
1653 4768 1808 4825 supra
1836 4765 2163 4807 commemo-

579 4876 693 4922 rata
715 4875 859 4920 sunt.
879 4860 1245 4930 Quandonam,
1273 4855 1356 4909 ubi
1387 4863 1440 4907 et
1465 4865 1493 4903 a
1520 4845 1751 4918 quo?dic
1771 4843 1900 4899 mihi
1922 4858 1938 4910 ;
1961 4851 2016 4930 et
2041 4850 2164 4896 ante

583 4959 712 5021 quot
734 4925 941 5004 annos?
965 4945 1043 5015 vis
1067 4952 1192 4997 ante
1219 4934 1618 5008 quinquaginta,
1641 4937 1957 4984 autcentum
1978 4925 2002 4978 ?
2025 4930 2164 4980 Ante

583 5017 795 5098 centum
824 5055 871 5094 et
885 5052 951 5107 go
977 5048 1146 5089 annos
1177 5029 1307 5085 nihil
1338 5025 1599 5081 habebant
1644 5020 1900 5090 scriptum
1929 5017 2160 5088 penitus.

581 5128 862 5200 Quomodo
890 5141 1017 5195 ergo
1045 5123 1290 5192 dogmata
1319 5115 1536 5173 retinuit
1562 5113 1725 5175 orbis,
1749 5119 1804 5166 et
1830 5109 1929 5164 alia
1957 5107 2159 5174 omnia,

582 5238 703 5277 cum
743 5217 1003 5275 memoria
1033 5215 1098 5267 ad
1127 5212 1178 5268 id
1207 5226 1314 5266 non
1343 5206 1612 5263 sufﬁciat?
1635 5202 1898 5259 undenam
1925 5202 2165 5256 scierunt

583 5317 802 5371 Petrum
833 5311 996 5366 fuisse
1021 5307 1140 5379 palo
1164 5303 1422 5360 afﬁxam?
1470 5299 1737 5371 quomodo
1763 5298 1908 5352 venit
1936 5298 1987 5351 in
2017 5312 2166 5350 men-

585 5407 712 5476 tem,
742 5419 798 5463 ut
827 5403 1054 5476 posteris
1088 5399 1466 5472 prmdiccrent;
1494 5394 1640 5450 verbi
1665 5394 1830 5465 gratia
1853 5391 1993 5462 quod
2007 5389 2177 5445 Evan-

583 5503 780 5574 gelium
809 5497 1206 5571 praedicandum
1233 5494 1302 5548 sit
1327 5507 1421 5564 per
1446 5490 1755 5546 universum
1783 5484 1990 5549 orbem,
2021 5481 2164 5552 quod

585 5595 800 5650 Iudaica
852 5599 1122 5646 cessatura
1170 5587 1273 5642 sint
1298 5627 1312 5652 ,
1357 5598 1458 5639 nec
1498 5582 1639 5637 ultra
1668 5574 2034 5634 restituenda?
2062 5573 2165 5640 Qui

590 5701 714 5740 vero
744 5685 949 5739 animas
977 5695 1102 5736 snas
1127 5693 1223 5750 pro
1250 5674 1627 5748 pr:edicattone
1651 5667 2001 5730 tradiderunt,
2033 5678 2165 5734 quo-

589 5777 750 5836 modo
788 5775 1170 5834 sustinuissent
1207 5767 1643 5842 praidicationem
1689 5760 2039 5818 adulteratam
2086 5754 2172 5810 vi-

2220 429 2389 489 dere?
2414 427 2685 500 quomodo
2708 426 2972 482 creditum
3022 424 3209 480 luisset
3241 421 3622 494 scriptoribus,
3652 415 3848 490 signi

2213 520 2584 580 cessantibus?
2611 517 2882 590 quomodo
2926 527 3106 573 autem
3136 515 3334 585 scripta
3365 525 3420 570 et
3449 513 3501 569 in
3531 511 3838 568 barbaro

2215 631 2333 671 rum
2349 623 2406 670 et
2433 614 2486 670 in
2510 611 2760 668 Indorum
2786 611 2939 676 lines,
2969 621 3024 666 et
3058 610 3111 664 in
3143 610 3288 679 ipsos
3311 607 3509 663 Oceani
3540 603 3848 662 termino

2216 709 2508 774 venissent,
2539 705 2585 761 si
2615 707 2650 761 ii
2676 705 2766 776 qui
2793 701 3163 760 dicebantﬁde
3177 700 3322 771 digni
3345 714 3450 754 non
3475 697 3683 754 erant?
3709 692 3848 762 Qui

2218 817 2342 858 nam
2367 810 2546 856 autem
2578 809 2732 856 erant
2755 799 3068 868 scriptores,
3101 804 3156 852 et
3185 786 3400 865 quando
3422 833 3438 860 ,
3471 802 3525 848 et
3553 790 3704 846 ubi?
3742 804 3848 860 qu

2217 895 2286 951 de
2314 909 2474 950 causa
2503 891 2872 965 scripserunt?
2895 906 3028 946 nam
3069 895 3128 945 ut
3165 889 3390 960 gloriam
3419 885 3523 942 sibi
3554 883 3848 943 concilia

2219 988 2380 1044 rent?
2407 1003 2505 1044 cur
2531 1001 2660 1058 ergo
2686 986 2853 1041 libros
2894 985 3012 1040 aliis
3052 983 3353 1038 nominibus
3383 981 3830 1050 inscripserunt

2221 1081 2291 1136 At
2319 1080 2420 1135 hoc
2447 1081 2686 1135 iecerunt
2715 1087 2770 1133 ut
2798 1077 2992 1148 dogma
3015 1074 3477 1131 commendarent.
3520 1074 3611 1127 An
3647 1078 3721 1125 ut
3761 1084 3848 1122 ve

2222 1171 2379 1226 rum?
2404 1186 2470 1225 an
2502 1178 2561 1224 ut
2589 1169 2822 1225 falsum?
2863 1183 2986 1223 nam
3015 1167 3060 1222 si
3089 1174 3146 1221 ut
3173 1165 3365 1220 falsum
3391 1161 3700 1228 habebant,
3741 1176 3847 1215 no;

2223 1259 2489 1315 accessuri
2525 1274 2644 1315 esse
2678 1258 3023 1325 videbantur;
3049 1256 3095 1312 si
3128 1264 3184 1312 ut
3211 1271 3418 1321 verum,
3447 1253 3676 1309 ﬁctione
3705 1267 3848 1319 οιιιι

2226 1368 2334 1407 non
2373 1362 2491 1407 erat
2527 1349 2667 1406 sicut
2704 1359 2757 1405 tu
2798 1349 2953 1406 dicis.
3004 1348 3255 1419 Alioquin
3287 1361 3418 1402 vero
3444 1343 3848 1416 praedictione

2229 1444 2364 1500 tales
2387 1452 2530 1512 sunt,
2561 1453 2618 1498 ut
2644 1443 2712 1498 ad
2741 1448 2979 1514 praesens
3007 1456 3177 1512 usque
3205 1449 3414 1510 tempus
3445 1453 3553 1493 non
3582 1436 3848 1510 potueri

2229 1536 2383 1592 dictis
2412 1538 2493 1592 vis
2519 1536 2722 1593 inferri.
2766 1534 2899 1591 Nam
2943 1535 3120 1591 diruta
3155 1545 3282 1589 sunt
3318 1531 3664 1604 Jerosolynta
3718 1539 3844 1585 ant

2230 1629 2428 1684 multos
2452 1643 2641 1684 annos.
2670 1627 2807 1684 Sunt
2831 1637 2885 1683 et
2911 1627 3030 1681 alia:
3061 1625 3460 1697 praedictiones,
3485 1639 3613 1694 qius:
3644 1622 3730 1678 ab
3766 1622 3847 1677 illi

2233 1729 2475 1792 tempore
2513 1721 2579 1775 ad
2620 1734 2786 1790 usque
2812 1718 3096 1775 adventum
3126 1718 3244 1790 ejus
3267 1717 3633 1773 extenduntur
3653 1757 3670 1783 ,
3711 1731 3847 1787 qua

2234 1822 2292 1867 ut
2333 1813 2416 1868 vis
2442 1813 2722 1880 examina;
2753 1822 2811 1868 ut
2839 1821 2922 1868 est
2951 1811 3084 1868 illud
3105 1853 3120 1880 ,
3151 1809 3365 1881 Semper
3416 1809 3685 1864 vobiscum
3735 1826 3848 1863 sun

2234 1920 2392 1976 usque
2436 1905 2504 1959 ad
2551 1906 3028 1960 consummationem
3075 1903 3250 1958 swculi
3297 1901 3507 1974 (Matth.
3533 1901 3636 1957 28.
3695 1900 3822 1970 20)

2236 2007 2308 2064 et,
2344 1997 2512 2066 Super
2540 1999 2671 2052 hanc
2699 2007 2897 2069 petram
2935 1995 3198 2065 wdiﬁcabo
3243 1991 3524 2049 Ecclesium
3549 2009 3744 2046 meam
3768 2034 3789 2058 ,
3822 2008 3848 2045 ε

2240 2099 2399 2161 porta:
2436 2088 2588 2160 inferi
2616 2105 2717 2143 non
2761 2085 3100 2160 prmalebuut
3145 2086 3385 2141 adversus
3425 2101 3533 2141 eam
3582 2084 3733 2155 (Id.
3769 2083 3848 2137 16

2242 2180 2381 2250 18);
2425 2190 2502 2246 et,
2557 2179 2926 2235 Praedicabitur
2972 2181 3070 2234 hoc
3114 2178 3426 2250 evangelium
3468 2177 3522 2231 in
3567 2177 3848 2232 universa

2242 2283 2412 2343 gentes
2435 2270 2455 2346 (
2484 2272 2572 2326 Id.
2598 2273 2691 2330 Ἠ.
2721 2273 2788 2327 Η
2817 2273 2836 2343 )
2864 2288 2879 2339 ;
2908 2281 2962 2327 et
2982 2313 2996 2335 ,
3019 2270 3229 2326 Dicetur
3252 2312 3268 2337 ,
3296 2270 3595 2341 ubicumque
3643 2270 3843 2341 praedi

2225 2375 2410 2427 catum
2439 2368 2588 2438 fuerit
2635 2366 2729 2420 hoc
2773 2365 3122 2438 evangelium,
3151 2375 3198 2420 et
3239 2365 3373 2436 quod
3416 2365 3533 2436 fecit
3562 2363 3584 2437 (
3614 2362 3721 2418 Id.
3763 2364 3848 2419 26

2248 2457 2350 2530 15)
2397 2458 2511 2514 Ι]ωο
2555 2459 2785 2524 mulier;
2817 2470 2872 2514 et
2897 2459 3016 2513 aliae
3064 2459 3329 2530 plurimm.
3379 2457 3665 2516 Undenam
3719 2474 3848 2529 (ξι-ες

2249 2551 2446 2605 veritas
2474 2549 2632 2620 hujus
2675 2551 3054 2620 praedictionis,
3085 2551 3131 2605 si
3175 2560 3292 2606 erat
3319 2550 3673 2618 ﬁgmentum?
3707 2567 3848 2622 quo

2250 2642 2410 2697 modo
2449 2651 2614 2712 portae
2663 2641 2818 2698 inferi
2858 2657 2963 2698 non
3004 2643 3396 2713 praevaluerunt
3435 2643 3704 2699 adversus
3750 2645 3847 2700 Ecl

2250 2732 2509 2788 clesiam?
2557 2733 2826 2804 quomodo
2874 2748 3090 2804 semper
3133 2734 3410 2788 uobiscum
3440 2741 3524 2790 est
3549 2733 3848 2790 Christus'

2251 2824 2434 2895 Neque
2482 2826 2648 2894 enim,
2700 2825 2745 2880 si
2797 2826 3075 2882 nobiscum
3120 2840 3226 2879 non
3271 2833 3434 2891 esset,
3482 2824 3746 2881 Ecclesia
3778 2829 3848 2880 vi-

2253 2915 2432 2970 cisset.
2474 2914 2755 2983 Quomodo
2783 2911 3132 2984 Evangelium
3169 2915 3364 2986 ubique
3417 2925 3685 2971 terrarum
3727 2933 3848 2988 pro

2256 3018 2500 3078 pagatum
2549 3009 2669 3064 est?
2713 3007 2997 3064 Sufﬁciunt
3041 3018 3218 3063 autem
3267 3015 3322 3062 et
3365 3007 3455 3078 qui
3507 3018 3698 3064 contra
3761 3026 3848 3063 nos

2253 3100 2592 3172 disputarunt
2643 3102 2710 3156 ad
2761 3103 3119 3158 testimonium
3185 3101 3513 3172 antiquitatis
3577 3101 3848 3158 librorum

2257 3203 2560 3248 nosu‘orum
2599 3191 2909 3261 ferendum,
2941 3209 3136 3264 nempe
3166 3191 3354 3248 Celsus
3386 3191 3463 3266 (a)
3487 3201 3544 3248 et
3570 3191 3848 3250 Bataneo<

2258 3293 2338 3341 tes
2364 3287 2450 3356 qui
2481 3295 2599 3356 post
2625 3285 2774 3341 illum
2805 3285 2935 3349 fuit;
2964 3302 3071 3341 non
3102 3286 3244 3340 enim
3284 3285 3738 3342 contradieehant
3771 3290 3848 3355 iis,

2257 3393 2376 3448 quae
2401 3388 2519 3448 post
2547 3377 2665 3433 illos
2689 3377 2829 3433 edita
2856 3377 3066 3434 fuerant
3094 3398 3108 3433 :
3139 3378 3374 3449 alioquin
3400 3378 3559 3433 etiam
3589 3388 3748 3435 totus
3772 3397 3848 3436 or.

2258 3469 2360 3533 bis,
2392 3471 2480 3541 qui
2511 3485 2616 3524 uno
2641 3484 2908 3526 consensu
2937 3469 2991 3524 id
3015 3471 3268 3539 suscepit.
3315 3468 3498 3540 Neque
3527 3480 3713 3537 certe,
3756 3473 3847 3526 nis

2258 3564 2427 3636 gratia
2454 3564 2684 3635 Spiritus
2713 3574 2893 3628 esset,
2922 3573 3099 3618 tantus
3131 3562 3316 3618 luisset
3341 3578 3639 3619 consensus
3666 3579 3697 3617 a
3737 3565 3848 3620 lini.

2260 3655 2362 3712 bus
2383 3656 2448 3711 ad
2482 3655 2617 3712 ﬁnes
2661 3669 2831 3727 usque
2877 3663 3070 3719 terrae;
3103 3653 3196 3709 sed
3225 3653 3334 3709 cito
3359 3653 3687 3724 deprehensi
3714 3653 3848 3710 fuis-

2260 3756 2383 3804 sent
2420 3748 2497 3802 illi
2544 3747 2882 3818 deceptores,
2914 3760 3086 3817 neque
3140 3755 3244 3800 tam
3297 3745 3552 3816 praeclara
3591 3756 3754 3814 gesta
3796 3763 3848 3802 et

2262 3840 2526 3910 ﬁgmentis
2550 3849 2604 3894 et
2627 3839 2918 3894 mendaciis
2946 3847 3095 3909 parta
3123 3838 3511 3893 constitissent.
3540 3837 3743 3893 Annon
3777 3841 3848 3891 vi-

2260 3933 2356 3988 des
2388 3942 2553 3987 totum
2579 3931 2765 3987 orbem
2795 3930 3174 3987 accedentem?
3199 3929 3519 3985 exstinctum
3561 3930 3848 3984 errorem?

2263 4027 2647 4083 monachorum
2678 4025 3073 4097 philosophiam
3104 4025 3222 4095 plus
3251 4040 3410 4093 quam
3438 4023 3603 4078 solem
3635 4022 3848 4093 fulgen-

2265 4119 2415 4173 tem?
2445 4117 2708 4188 virginum
2739 4117 2976 4172 choros?
3000 4116 3137 4187 piam
3163 4116 3471 4185 religionem
3493 4114 3632 4184 apud
3661 4115 3848 4168 barba

2264 4213 2386 4267 r05?
2407 4211 2504 4265 sub
2533 4226 2640 4264 uno
2659 4210 2789 4280 jugo
2819 4209 3114 4264 servientes
3157 4205 3389 4260 omnes?
3434 4204 3616 4275 Neque
3644 4207 3800 4260 enim
3827 4221 3848 4259 ε

2264 4305 2418 4360 nobis
2457 4314 2662 4358 tantum
2707 4303 2821 4357 hree
2869 4301 3122 4372 prredicta
3165 4299 3342 4366 fuere,
3371 4298 3463 4354 sed
3505 4299 3611 4369 jam
3655 4301 3791 4354 olim
3826 4315 3848 4353 a

2263 4397 2678 4469 prophetis.Non
2699 4395 2842 4452 enim
2861 4392 2978 4448 illas
2998 4406 3209 4462 quoque
3229 4389 3527 4446 confutabis
3547 4389 3848 4461 praedictio

2267 4503 2393 4545 nes:
2417 4489 2534 4543 libri
2562 4503 2790 4556 namque
2807 4493 2933 4540 sunt
2952 4483 3088 4554 apud
3113 4483 3358 4537 inimicos
3381 4490 3623 4545 nostros;
3652 4480 3848 4535 etiam-

2231 4569 2236 4576 ’
2265 4596 2372 4652 que
2397 4579 2536 4649 apud
2559 4575 2996 4646 Crmeos,quibus
3025 4573 3335 4629 curantibus
3386 4573 3438 4626 in
3477 4570 3722 4626 Grzecam
3754 4571 3848 4626 lim

2265 4689 2422 4744 guam
2447 4670 2689 4726 translati
2716 4680 2860 4723 sunt.
2892 4665 3051 4722 Multa
3081 4679 3296 4736 quoque
3331 4663 3409 4719 illi
3447 4661 3514 4717 de
3542 4662 3622 4716 bis
3652 4663 3848 4732 pracdi-

2266 4777 2413 4832 cunt,
2447 4763 2792 4820 ostendentes
2820 4761 2987 4816 Deum
3015 4773 3136 4814 esse
3166 4759 3312 4814 illum
3339 4757 3427 4827 qui
3459 4765 3717 4812 venturus
3746 4765 3844 4810 est.

2339 4861 2391 4914 4.
2420 4858 2520 4912 Cur
2541 4872 2640 4908 non
2661 4869 2832 4908 omnes
2849 4851 3070 4905 homines
3091 4849 3316 4904 credant.
3337 4877 3404 4888 —-
3419 4847 3702 4916 Quomodo
3718 4859 3848 4916 ergo

2269 4967 2373 5006 non
2403 4961 2590 5004 omnes
2628 4959 2769 5001 nunc
2803 4941 3063 4998 credunt?
3099 4941 3231 5010 Quia
3281 4940 3332 4994 in
3374 4938 3524 5011 pejus
3563 4951 3652 4992 res
3683 4950 3848 4992 versa:

2269 5053 2414 5107 sunt,
2455 5050 2510 5097 et
2550 5054 2649 5094 nos
2691 5037 2745 5092 in
2785 5051 2942 5091 causa
2986 5047 3350 5089 sumusznam
3392 5030 3604 5086 demum
3643 5028 3711 5084 ad
3754 5042 3846 5082 nos

2268 5139 2492 5194 vertitur
2521 5133 2713 5187 oratio.
2743 5129 2857 5185 Non
2884 5126 3026 5184 enim
3049 5142 3115 5181 ex
3132 5120 3296 5195 signis
3321 5134 3443 5178 tunc
3463 5121 3635 5176 solum
3662 5120 3842 5175 crede.

2269 5235 2426 5296 bant;
2453 5227 2544 5285 sed
2568 5227 2729 5282 etiam
2752 5239 2818 5280 ex
2840 5223 2944 5277 vita
2968 5221 3119 5275 tnulti
3147 5218 3214 5273 ad
3239 5215 3596 5272 accedendum
3627 5213 3842 5269 induce-

2270 5328 2482 5383 bantur.
2509 5321 2641 5377 Nam
2671 5319 2746 5374 ait
2775 5317 2863 5372 ille
2888 5334 2901 5370 :
2929 5314 3118 5368 Luceat
3138 5313 3228 5367 lux
3247 5321 3408 5365 ucstra
3437 5325 3610 5362 coram
3629 5305 3840 5361 homini-

2270 5419 2379 5482 bus,
2409 5426 2464 5470 ut
2493 5413 2692 5468 videant
2719 5425 2873 5478 opera
2901 5416 3064 5461 vestra
3085 5405 3232 5470 bona,
3258 5411 3304 5457 et
3329 5401 3610 5474 gloriﬁcent
3643 5398 3840 5452 Patrem

2270 5519 2516 5574 uestrum,
2561 5505 2647 5577 qui
2690 5519 2744 5557 tn
2780 5500 2917 5554 cadis
2964 5507 3036 5553 est
3084 5497 3104 5569 (
3134 5494 3219 5550 Id.
3270 5495 3324 5550 5.
3358 5494 3419 5548 16
3451 5492 3496 5564 ).
3532 5489 3684 5546 Tunc
3719 5487 3834 5542 Erat

2272 5603 2496 5658 omnium
2526 5616 2611 5654 cor
2636 5607 2683 5654 et
2709 5596 2880 5651 anima
2912 5610 3016 5648 una
3035 5631 3050 5658 ,
3094 5601 3141 5645 et
3179 5590 3347 5646 nullus
3377 5586 3638 5659 quidpiam
3669 5599 3832 5640 eorum

2337 5760 2411 5825 (a)
2433 5759 2517 5809 Hic
2534 5754 2706 5808 Celsus
2728 5760 2820 5814 est,
2845 5760 3010 5803 contra
3034 5762 3182 5814 quem
3206 5747 3393 5814 scripsit
3423 5745 3678 5808 origenes.
