3864 6216
145 227 206 285 π
1170 216 1503 294 ‘IN'EPIST.
1544 219 1567 272 ι
1632 218 1726 273 AD
1764 214 1918 272 con.
1965 217 2193 271 unum.
2239 218 2347 274 vu.
2815 180 2818 182 ’
3046 214 3053 223 '
3335 229 3404 284 δι

147 357 246 413 qua
264 339 493 406 habebat,
517 339 713 394 dicebat
726 355 833 393 esse
850 338 1111 411 praprium
1129 356 1146 405 ;
1167 337 1256 393 sed
1275 336 1524 392 habebant
1545 332 1717 391 omnia

147 435 454 499 rommsnia,
488 443 536 487 et
572 432 886 486 dividebatur
924 432 1141 502 singulis
1187 441 1334 501 prout
1371 430 1549 500 cuique
1591 446 1718 501 opus

142 537 241 583 erat
270 526 406 598 (Act.
439 527 496 582 4.
524 525 615 582 32.
646 525 771 596 55};
803 534 855 580 ct
881 526 1045 580 vitam
1074 525 1302 596 agebant
1323 524 1637 596 angelicam.
1660 522 1718 579 Si

138 631 273 671 nunc
308 618 377 671 ita
403 616 508 671 .ﬁat
529 657 545 682 ,
590 626 756 671 totum
783 615 967 671 orbem
996 619 1200 687 absque
1239 616 1405 687 signis
1432 626 1711 671 converte-

78 712 81 715 λ
136 725 270 765 mus.
304 709 533 764 interim
579 716 747 774 vero,
788 711 879 781 qui
922 711 1111 765 volunt
1153 711 1382 765 salutem
1424 711 1717 780 consequi.

141 802 410 855 attendant
456 801 744 871 Scripturis
767 818 782 854 :
808 803 918 857 illic
955 803 1100 857 enim
1145 802 1258 857 haec
1290 803 1545 873 praeclare
1573 812 1718 871 gesta

141 895 440 960 invenient,
486 904 647 964 atque
693 894 776 949 his
804 896 963 964 longe
995 896 1164 965 plura.
1196 895 1324 950 Nam
1354 895 1452 965 ipsi
1481 894 1720 964 magistri

141 988 289 1057 longe
335 988 420 1041 illa
449 986 805 1057 superabant,
838 987 1051 1041 infame
1077 997 1130 1041 et
1162 987 1251 1041 siti
1277 996 1331 1041 et
1358 985 1598 1040 nuditate
1622 985 1720 1039 de-

129 1091 339 1153 gentes.
372 1082 479 1136 Nos
508 1092 686 1136 autem
712 1080 961 1136 volumus
988 1081 1170 1135 multis
1202 1081 1303 1135 frui
1331 1081 1555 1145 deliciis,
1583 1079 1721 1133 otio-

136 1189 238 1245 que
257 1189 322 1229 ac
351 1172 586 1228 licentia.
619 1175 690 1227 At
714 1188 821 1227 non
848 1173 962 1233 illi;
992 1172 1100 1227 imo
1125 1173 1462 1227 clamabant:
1485 1172 1564 1224 Ad
1590 1171 1720 1225 hanc

137 1281 289 1331 usque
319 1266 496 1317 horam
522 1265 772 1318 esurimus
800 1273 847 1318 et
873 1263 1091 1329 sitimua,
1123 1273 1169 1316 et
1198 1264 1325 1316 nudi
1357 1279 1532 1316 sumus
1565 1272 1611 1314 et
1637 1277 1721 1314 co-

130 1359 302 1430 laphis
333 1358 596 1424 credimur,
625 1366 673 1410 et
701 1355 960 1411 instabiles
988 1372 1160 1411 sumus
1185 1356 1262 1427 (1.
1288 1354 1404 1409 Cor.
1429 1355 1483 1409 4.
1511 1354 1619 1425 Η).
1657 1353 1721 1408 Et

136 1453 267 1506 alius
295 1449 513 1521 quidem
542 1465 571 1504 a
598 1449 931 1520 Jerosolyma
960 1464 1129 1519 usque
1154 1449 1219 1502 ad
1248 1448 1515 1518 Illyricum
1534 1462 1719 1503 curre-

140 1545 255 1607 bat;
299 1542 437 1596 alius
467 1542 521 1597 in
548 1540 829 1607 ludorum,
871 1540 1009 1594 alius
1054 1540 1107 1593 in
1150 1539 1453 1593 Maurorum
1486 1546 1715 1602 terram,

132 1637 273 1690 alius
293 1633 359 1688 ad
385 1635 518 1689 alias
541 1642 717 1703 partes
740 1633 887 1689 orbis
913 1651 926 1688 :
951 1648 1049 1688 nos
1072 1642 1249 1687 autem
1274 1648 1340 1686 ne
1362 1647 1389 1685 a
1415 1633 1581 1701 patria
1604 1630 1722 1700 qui-

135 1731 253 1785 dem
281 1728 463 1799 egredi
486 1726 769 1793 audemus,
799 1726 893 1782 sed
918 1725 1140 1781 delicias
1164 1725 1452 1795 qua2rimus
1475 1724 1722 1795 aedesque

136 1819 462 1883 splendidas,
486 1828 541 1874 et
561 1819 716 1872 aliam
739 1833 953 1873 omnem
975 1832 1153 1872 rerum
1174 1815 1405 1886 copiam.
1429 1815 1559 1882 Quis
1579 1816 1721 1870 enim

136 1921 376 1967 nOstrum
406 1911 631 1967 esurivit
656 1926 906 1980 umquam
940 1920 1156 1980 pr0pter
1181 1909 1401 1963 verbum
1434 1908 1563 1964 Dei?
1602 1909 1721 1977 quis

130 2004 192 2059 in
230 2004 521 2058 solitudine
550 2002 682 2058 fuit?
710 2003 831 2072 quis
875 2002 1033 2071 longe
1064 2001 1435 2071 peregrinatus
1460 2000 1576 2054 est?
1603 2000 1722 2069 quis

130 2112 201 2151 ex
226 2094 539 2150 doctoribus
578 2109 645 2148 ex
672 2093 857 2149 labore
886 2106 1140 2147 manuum
1174 2092 1380 2156 vivens,
1413 2090 1534 2145 aliis
1564 2104 1720 2161 Opem

136 2187 298 2242 tulit?
346 2187 467 2257 quis
497 2195 723 2241 mortem
751 2184 1003 2241 sustinuit
1046 2183 1446 2255 quotidianam?
1474 2184 1605 2237 Hinc
1629 2183 1722 2252 qui

137 2282 419 2337 uobiscum
437 2291 582 2344 sunt,
604 2279 902 2351 ignaviores
919 2278 1072 2333 ﬁunt.
1094 2279 1303 2332 Etenim
1325 2279 1371 2333 si
1392 2280 1512 2349 quis
1531 2278 1723 2333 viderit

138 2374 339 2428 milites
369 2382 425 2427 et
450 2372 634 2436 duces,
666 2387 787 2426 cum
820 2370 979 2437 fame,
1026 2369 1115 2424 siti
1161 2381 1215 2425 et
1253 2380 1425 2425 morte
1467 2371 1723 2440 malisque

137 2464 391 2518 omnibus
416 2471 791 2518 concertantes
812 2503 826 2526 ,
875 2460 1044 2531 frigus
1084 2470 1137 2515 et
1174 2461 1407 2529 pericula
1440 2461 1724 2531 omniaque

136 2556 376 2612 ferentes
403 2556 615 2610 leonum
642 2556 809 2608 instar
826 2564 885 2608 et
906 2564 1124 2609 strenue
1145 2563 1365 2625 agentes
1386 2572 1398 2618 ;
1424 2554 1724 2624 deindeque

130 2649 535 2722 philosqiphiam
567 2648 711 2703 illam
740 2647 1013 2703 solventes
1037 2688 1052 2712 ,
1083 2655 1138 2701 et
1164 2647 1438 2702 molliores
1465 2646 1721 2712 etiectos',

131 2742 381 2814 pecuni-J2
411 2741 633 2811 cupidos
657 2782 670 2805 ,
712 2739 1161 2810 negOtiationibus
1190 2748 1244 2793 et
1282 2741 1360 2794 rei
1387 2739 1724 2809 cauponarize

138 2836 457 2900 studentes,
500 2844 557 2890 et
593 2835 661 2889 ab
703 2834 948 2889 hostibus
986 2833 1259 2898 devictos;
1302 2843 1555 2887 extrema:
1582 2841 1727 2887 esset

137 2932 392 2987 amentia:
420 2933 606 2985 harum
648 2944 826 2983 rerum
868 2943 1080 2983 causam
1109 2942 1377 2997 quaerere.
1410 2926 1521 2981 lloc
1545 2934 1725 2981 autem

139 3026 204 3078 de
246 3022 405 3077 nobis
453 3031 509 3076 et
555 3020 623 3074 de
666 3019 959 3089 majoribus
1006 3020 1205 3073 nostris
1246 3016 1727 3086 cogitemusznam

139 3116 381 3169 omnium
413 3110 742 3168 imbecillimi
764 3112 886 3166 facti
915 3124 1119 3175 sumus,
1145 3118 1199 3163 et
1223 3110 1343 3164 vitte
1368 3109 1728 3179 prwsentiad-

138 3209 287 3263 dicti.
317 3208 472 3275 Quod
498 3207 541 3262 si
573 3208 821 3261 iuventus
850 3205 1114 3275 quispiam
1145 3203 1304 3258 fuerit
1331 3204 1607 3275 vestigium
1637 3204 1732 3257 ha-

142 3302 278 3356 bens
318 3299 519 3354 veteris
560 3298 871 3368 sapientiae,
909 3298 955 3350 is
984 3296 1114 3350 foris
1152 3304 1206 3351 et
1242 3296 1461 3350 urbibus
1494 3295 1729 3359 relictis,

144 3405 308 3463 atque
351 3393 405 3448 in
449 3392 727 3446 hominum
772 3390 951 3444 medio
989 3390 1191 3443 versari
1222 3398 1276 3444 et
1304 3388 1436 3443 alios
1469 3387 1735 3443 moderari

140 3499 389 3549 cessans,
417 3482 485 3537 ad
513 3492 723 3537 montes
751 3498 809 3535 se
834 3480 1078 3535 confert:
1102 3480 1147 3534 si
1175 3481 1294 3550 quis
1322 3496 1456 3534 vero
1486 3494 1735 3534 secessus

1825 347 2038 388 causam
2071 333 2391 399 sciscitatur,
2422 348 2638 389 causam
2686 334 2777 391 ille
2826 324 3028 407 prefert
3062 336 3270 394 veniam
3305 355 3413 395 non

1824 434 2141 494 merentem.
2169 425 2246 481 Ne
2269 442 2504 497 peream,
2533 426 2726 498 inquit,
2756 444 2819 483 ac
2844 445 2911 484 ne
2939 429 3184 486 hebetior
3208 431 3274 486 ad
3302 432 3416 489 vir-

1827 529 1992 575 tutem
2022 520 2143 574 {iam
2166 564 2179 585 ,
2209 519 2409 577 resilio.
2440 521 2508 575 Et
2537 530 2735 591 quanto
2760 522 2950 577 melius
2980 532 3144 588 esset,
3174 522 3419 581 hebetio-

1816 628 1939 668 rem
1968 623 2018 668 te
2049 614 2162 668 fieri
2192 622 2245 668 et
2272 614 2406 668 alios
2434 615 2660 679 lucrari,
2697 631 2857 686 quam
2891 616 2941 670 in
2972 617 3081 671 alto
3110 627 3415 673 manentem

1826 706 2020 761 fratres
2049 707 2328 777 despicere
2358 710 2691 778 pereuntes?
2731 709 2955 776 Quando
2986 711 3147 779 igitur
3188 712 3278 766 alii
3310 712 3419 767 vir-

1827 806 1990 852 tutem
2020 814 2124 852 non
2153 809 2362 865 curant,
2396 799 2483 854 alii
2511 800 2599 871 qui
2625 816 2808 854 curam
2832 800 2947 869 ejus
2971 800 3188 869 habent,
3214 804 3280 857 ab
3304 805 3419 859 acie

1826 892 2005 961 procul
2048 893 2305 948 recedunt
2326 913 2356 966 ,·
2388 894 2654 963 quomodo
2682 894 3104 964 expugnabimus
3134 895 3420 951 inimicos?

1824 982 1956 1038 Nam
1986 985 2193 1039 etiamsi
2225 1001 2365 1040 nunc
2390 987 2540 1056 signa
2568 997 2767 1053 essent,
2800 987 3042 1058 quisnam
3068 989 3420 1058 persuadere-

1826 1079 1953 1133 tur?
1997 1086 2088 1131 aut
2118 1079 2236 1148 quis
2266 1095 2332 1135 ex
2362 1080 2599 1134 externis
2630 1079 2786 1133 nobis
2813 1081 3050 1135 animum
3097 1081 3378 1137 adhiberet
3397 1123 3414 1148 ,

1826 1170 2059 1240 nequitia
2081 1170 2157 1224 sic
2176 1171 2632 1242 supergrediente.
2654 1171 2787 1226 Nam
2805 1173 2911 1227 vita
2932 1183 3078 1228 recte
3098 1176 3418 1229 actamultis

1824 1262 2038 1317 videtur
2065 1278 2183 1317 esse
2214 1264 2381 1334 magis
2410 1263 2513 1318 tide
2539 1264 2721 1336 digna.
2752 1264 2911 1335 Signa
2956 1265 3101 1320 enim
3145 1267 3284 1336 apud
3315 1268 3417 1322 im-

1816 1352 2089 1424 pudentes
2116 1363 2170 1409 et
2197 1354 2367 1408 malos
2395 1354 2640 1410 homines
2662 1354 2713 1410 in
2742 1372 2958 1427 pravam
2986 1356 3214 1427 aliquam
3237 1359 3417 1427 διιερί-

1820 1447 2033 1501 cionem
2073 1448 2330 1513 venient;
2375 1447 2479 1502 vita
2526 1460 2702 1504 autem
2747 1466 2876 1519 pura
2925 1451 3098 1520 ipsum
3131 1466 3191 1505 os
3219 1451 3420 1505 diaboli

1825 1540 2036 1595 abunde
2062 1540 2342 1596 obstruere
2387 1542 2605 1611 poterit.
2656 1541 2781 1597 Haec
2811 1552 2990 1597 autem
3020 1541 3142 1597 dico
3169 1553 3223 1598 et
3248 1544 3421 1611 impe-

1826 1635 2065 1691 rantibus
2096 1644 2150 1691 et
2180 1634 2406 1706 imperio
2434 1636 2745 1706 parentibus
2770 1677 2784 1702 ,
2817 1646 2869 1691 et
2901 1652 3009 1707 prae
3039 1638 3252 1692 caeteris
3281 1637 3411 1692 mihi

1826 1727 1949 1798 ipsi,
1996 1736 2053 1782 ut
2096 1726 2255 1782 vitam
2297 1726 2645 1781 exhibeamus
2684 1728 3006 1792 mirabilem,
3047 1738 3100 1782 et
3147 1744 3268 1782 cum
3316 1743 3414 1782 nos

1830 1820 1976 1889 ipsos
2003 1819 2493 1889 eomposuerimus,
2519 1820 2802 1889 praesentia
2827 1802 3005 1874 omnia
3035 1820 3417 1890 despiciamus.

1826 1913 2243 1970 Contemnamus
2265 1915 2566 1985 pecuniam,
2589 1924 2644 1970 et
2664 1931 2768 1970 non
2790 1926 3196 1971 contemnamus
3214 1915 3419 1985 gehen-

1828 2022 1949 2061 nam
1974 2024 1990 2061 :
2017 2007 2377 2077 despiciamus
2400 2008 2623 2078 gloriam
2649 2047 2667 2075 ,
2700 2014 2755 2063 et
2784 2024 2850 2062 ne
2890 2006 3251 2077 despiciamus
3277 2007 3421 2062 salu-

1830 2109 1935 2154 tem
1965 2117 1979 2154 :
2004 2098 2091 2153 hic
2116 2098 2404 2154 snbeamus
2429 2098 2681 2155 sudorem
2712 2107 2767 2155 et
2795 2100 3057 2165 laborem,
3092 2108 3148 2155 ut
3177 2114 3282 2153 non
3313 2099 3421 2155 illic

1829 2190 2124 2246 incidamus
2153 2190 2204 2244 in
2240 2190 2583 2260 supplicium.
2633 2191 2723 2247 Sic
2753 2206 2875 2246 cum
2907 2191 3190 2260 gentilibus
3220 2191 3420 2246 bellum

1827 2296 2094 2350 geramus,
2118 2281 2195 2335 sic
2216 2280 2333 2334 illos
2356 2280 2684 2336 abducamus
2708 2281 2760 2335 in
2784 2283 3147 2351 captivitatem
3176 2282 3422 2336 libertate

1827 2376 2274 2447 praestantiorem.
2322 2375 2526 2431 Verum
2574 2376 2689 2431 haec
2732 2391 2877 2445 saepe
2931 2385 2987 2431 et
3033 2375 3343 2446 frequenter
3390 2391 3419 2428 a

1828 2468 1983 2523 nobis
2005 2468 2277 2536 dicuntur,
2310 2484 2435 2523 raro
2462 2478 2641 2524 autem
2674 2469 2828 2524 fiunt.
2856 2467 3124 2524 Cteterum
3167 2468 3279 2523 sive
3308 2467 3423 2522 lure

1830 2560 1958 2614 [iant
1979 2601 1995 2624 ,
2026 2561 2136 2614 sive
2163 2576 2273 2613 non
2305 2562 2431 2615 fiant
2452 2603 2465 2623 ,
2494 2576 2705 2631 aequum
2737 2571 2819 2616 est
2862 2577 2958 2631 per
2997 2575 3058 2615 ea
3088 2574 3184 2615 vos
3209 2559 3422 2615 assidue

1830 2667 2073 2707 monere.
2125 2652 2182 2707 Si
2232 2652 2373 2706 enim
2426 2654 2578 2708 bonis
2629 2652 2810 2709 verbis
2862 2652 3078 2723 quidam
3124 2651 3419 2721 decipiunt,

1831 2744 2000 2797 multo
2030 2745 2197 2814 magis
2222 2761 2319 2813 par
2346 2754 2430 2799 est
2470 2760 2566 2800 eos
2590 2786 2604 2811 ,
2655 2745 2748 2814 qui
2776 2745 2841 2799 ad
2875 2745 3153 2800 veritatem
3188 2744 3420 2808 ducunt,

1831 2850 1938 2889 non
1967 2834 2243 2905 defatigari
2276 2836 2328 2890 in
2358 2836 2587 2891 dicendo
2618 2852 2678 2891 ea
2706 2853 2825 2906 qua:
2858 2845 2981 2891 sunt
3008 2836 3183 2890 utilia.
3214 2835 3345 2890 Nam
3378 2838 3423 2889 si

1830 2926 2154 2996 deceptores
2182 2936 2258 2981 tot
2286 2928 2547 2982 machinis
2590 2938 2810 2982 utuntur
2838 2927 3130 2996 :ypecunias
3157 2927 3298 2981 enim
3327 2927 3427 2981 im-

1837 3020 2111 3090 pendunt,
2136 3022 2297 3075 verba
2328 3019 2623 3086 adhibent,
2651 3019 2884 3091 pericula
2910 3020 3163 3086 subeunt,
3193 3027 3248 3073 et
3290 3034 3425 3088 prin-

1837 3112 2068 3167 fecturas
2096 3121 2403 3167 ostentant:
2431 3114 2597 3167 multo
2638 3112 2806 3182 magis
2846 3128 2943 3168 nos
2968 3153 2982 3177 ,
3012 3114 3105 3182 qui
3147 3127 3176 3166 a
3218 3111 3427 3166 fallacia

1836 3205 2170 3269 abducimus,
2202 3216 2256 3260 et
2289 3206 2529 3276 pericula
2559 3215 2613 3261 et
2639 3215 2841 3261 mortes
2868 3215 2921 3258 et
2947 3205 3123 3259 omnia
3153 3204 3423 3259 sustinere

1838 3308 2051 3369 oportet
2076 3340 2091 3364 ,
2138 3308 2275 3354 utet
2305 3314 2401 3353 nos
2430 3300 2576 3370 ipsos
2602 3309 2657 3354 et
2685 3299 2821 3353 alios
2852 3299 3040 3353 luerati
3066 3340 3080 3364 ,
3112 3308 3165 3353 et
3194 3297 3426 3352 inimicis

1841 3391 2280 3461 inexpugnabiles
2324 3392 2467 3459 lacti,
2508 3391 2770 3462 promissa
2820 3391 2959 3446 bona
3004 3405 3423 3460 consequamur,

1846 3484 2017 3554 gratia
2045 3492 2099 3539 et
2126 3484 2477 3557 benignitate,
2510 3494 2615 3540 etc.

1521 3692 1872 3757 HOMILIA
1914 3698 2052 3758 VII.

126 3852 269 3908 Car.
307 3850 370 3906 2.
399 3865 451 3905 v.
484 3848 537 3904 6.
572 3846 891 3918 Sapientiam
918 3854 1083 3899 autem
1113 3845 1361 3914 loquimur
1399 3844 1530 3897 inter
1560 3841 1733 3913 perfe—

208 3955 319 3998 ctos
334 3960 355 4007 ;
388 3941 693 4010 sapientiam
717 3955 831 3993 vero
856 3954 959 3992 non
988 3937 1141 4008 hujus
1170 3937 1346 3991 saeculi
1366 3977 1379 4001 ,
1412 3951 1569 4006 neque
1592 3935 1736 4003 prin-

208 4038 393 4107 cipum
421 4034 575 4104 hujus
600 4034 797 4097 amuli,
834 4033 922 4101 qui
962 4033 1326 4095 destruantur;
1361 4031 1415 4084 7.
1444 4028 1533 4082 sed
1572 4027 1738 4097 loqui-

204 4146 331 4182 mur
357 4125 458 4181 Dei
486 4126 785 4195 sapientium
811 4125 864 4176 in
890 4123 1147 4193 mysterio,
1175 4137 1290 4190 quin
1313 4121 1606 4175 abscondita
1632 4127 1737 4184 est,

206 4239 373 4295 quam
425 4219 797 4291 pradestiuavit
841 4217 983 4272 Deus
1026 4226 1145 4270 ante
1192 4217 1379 4270 uacula
1420 4215 1475 4268 in
1526 4213 1742 4284 gloriam

210 4326 470 4370 nostram.

210 4410 265 4465 1.
301 4407 571 4462 Tenebrae
618 4403 866 4459 videntur
900 4417 1029 4458 esse
1070 4402 1189 4457 luce
1218 4400 1633 4471 opportuniores
1680 4396 1745 4453 iis

130 4501 230 4569 qui
263 4500 523 4554 laborant
558 4496 771 4561 oculis;
814 4494 1042 4565 ideoque
1083 4493 1251 4563 magis
1278 4492 1344 4546 ad
1376 4490 1744 4545 adumbratam

141 4591 430 4647 amiculam
457 4587 792 4657 confugiunt.
822 4587 934 4641 Hoc
975 4586 1136 4641 etiam
1168 4600 1267 4640 usu
1304 4584 1448 4639 venit
1494 4583 1548 4637 in
1593 4582 1749 4654 spiri-

145 4684 273 4738 tuali
318 4681 612 4752 sapientia.
648 4680 739 4735 Dei
786 4678 1002 4749 quidem
1029 4677 1290 4749 sapientia
1324 4677 1563 4732 externis
1591 4674 1746 4729 vide-

143 4776 307 4831 batur
333 4790 461 4831 esse
490 4773 713 4830 stultitia
744 4790 759 4838 ;
786 4787 976 4827 eorum
1005 4786 1136 4827 vero
1161 4770 1447 4841 sapientia,
1477 4783 1597 4838 qua:
1623 4782 1749 4822 vere

145 4871 382 4927 stultitia
420 4876 558 4935 erat,
588 4867 656 4922 ab
676 4866 817 4937 ipsis
844 4864 1105 4937 sapientia
1128 4872 1376 4935 reputate
1408 4861 1529 4915 fuit'
1560 4860 1627 4915 Et
1651 4875 1747 4929 pe-

145 4962 304 5020 rinde
329 4959 704 5030 contingebat,
729 4973 790 5013 ac
819 4958 863 5012 si
893 4958 1013 5027 quis
1038 4956 1299 5026 sapientia
1325 4964 1380 5009 et
1409 4963 1526 5009 arte
1553 4952 1750 5023 guber-

148 5054 313 5109 nandi
340 5061 526 5115 utens,
558 5049 899 5120 polliceretur
914 5062 973 5103 se
994 5048 1111 5102 sine
1136 5061 1271 5100 nave
1297 5055 1351 5100 et
1374 5044 1506 5099 velis
1533 5043 1752 5114 pelagus

148 5145 484 5201 immensum
512 5157 637 5198 esse
662 5141 1098 5196 transmissurum
1124 5157 1139 5206 ;
1186 5137 1488 5209 deindeque
1522 5143 1754 5191 tentaret

148 5235 457 5292 ratiociniis
503 5235 731 5305 probare
767 5234 869 5288 hoc
897 5232 1010 5287 fieri
1047 5246 1245 5302 posse;
1278 5230 1416 5285 alius
1442 5244 1571 5284 vero
1603 5229 1751 5298 quis.

150 5332 293 5402 piam
326 5329 575 5385 omnium
605 5326 908 5397 imperitus,
943 5326 1084 5391 navi,
1117 5325 1462 5395 gubernatori
1487 5334 1544 5378 et
1574 5321 1750 5377 nautis

152 5440 274 5481 sese
308 5423 684 5486 committens,
731 5421 810 5476 sic
838 5435 959 5475 cum
1002 5424 1289 5474 securitate
1319 5418 1612 5488 navigaret.
1646 5416 1757 5471 Hu-

150 5520 240 5590 jus
255 5517 412 5575 enim
439 5533 501 5573 ea
523 5531 641 5587 quae
661 5514 869 5569 videtur
889 5528 1009 5568 esse
1031 5512 1313 5582 imperitia,
1336 5512 1475 5565 illius
1497 5510 1757 5580 sapientia

158 5614 464 5681 Sapientior
488 5617 651 5665 esset.
686 5608 828 5663 Bona
851 5606 1049 5675 quippe
1069 5615 1152 5660 est
1180 5619 1267 5658 ars
1283 5602 1635 5674 gubernandi,
1660 5598 1757 5656 sed

159 5720 282 5763 eum
310 5706 523 5775 majora
540 5718 696 5774 quam
718 5715 815 5771 par
832 5700 900 5753 sit
928 5698 1230 5767 pollicetur,
1260 5698 1484 5753 stultitia
1510 5696 1754 5769 quadam

518 5809 784 5862 ίἈτιιοι..
834 5801 951 5861 Gn.
999 5799 1159 5864 LXI.

1838 3855 1959 3911 est;
1990 3855 2047 3900 ut
2076 3855 2130 3901 et
2165 3847 2340 3901 omnis
2365 3860 2475 3913 ars,
2504 3862 2623 3917 qua:
2651 3862 2759 3902 non
2785 3844 2897 3900 suis
2931 3852 3183 3900 contenta
3213 3853 3294 3899 est
3327 3854 3436 3899 ter-

1845 3939 2023 3994 minis.

1918 4030 2183 4102 Sapientia
2217 4032 2636 4103 philosOphorum
2662 4041 2949 4085 exterarum
2977 4030 3190 4085 stultitia
3217 4039 3343 4083 erat.
3368 4058 3437 4069 -—-

1848 4124 1937 4181 Sic
1978 4126 2137 4179 etiam
2178 4136 2401 4181 externa
2432 4125 2692 4196 sapientia
2728 4123 2918 4179 fuisset
2961 4124 3241 4193 sapientia,
3274 4122 3316 4177 si
3344 4137 3435 4177 usa

1849 4227 1993 4274 esset
2019 4218 2218 4289 Spiritu
2251 4237 2263 4272 :
2303 4216 2397 4273 sed
2422 4217 2545 4288 quia
2575 4217 2674 4271 sibi
2720 4216 2894 4270 omnia
2942 4216 3206 4286 permisit,
3253 4230 3351 4269 nec
3382 4230 3437 4272 se

1850 4309 2048 4364 auxilio
2092 4310 2197 4365 ullo
2236 4324 2371 4381 Opus
2418 4309 2615 4365 habere
2642 4309 2865 4380 putavit,
2908 4307 3131 4362 stultitia
3173 4308 3304 4361 facta
3337 4317 3438 4373 est,

1851 4404 1950 4457 etsi
1994 4403 2262 4458 videretur
2306 4403 2565 4473 sapientia
2603 4417 2744 4458 esse.
2783 4402 3120 4471 Quapropter
3149 4414 3266 4454 cum
3297 4400 3440 4469 prius
3484 4424 3488 4428 ί

1852 4496 1996 4552 illam
2020 4511 2083 4550 ex
2112 4496 2272 4550 rebus
2300 4494 2428 4565 ipsis
2454 4493 2803 4560 confutasset,
2838 4503 2964 4547 tunc
2996 4492 3137 4546 illam
3166 4491 3440 4546 stultitiam

1854 4589 2097 4652 vocavit;
2128 4595 2327 4643 etcum
2354 4586 2500 4657 prius
2526 4586 2621 4640 Dei
2655 4584 2969 4655 sapientiam
2993 4598 3056 4637 ex
3089 4583 3300 4637 illorum
3324 4596 3440 4637 seu.

1855 4680 2018 4736 tentia
2068 4676 2344 4734 stultitiam
2377 4687 2662 4743 vocasset,
2710 4687 2834 4731 tunc
2872 4672 3108 4729 ostendit
3145 4674 3295 4729 illam
3327 4689 3443 4730 esse
3500 4688 3533 4757 ί·

1855 4773 2169 4844 sapientiam
2198 4771 2218 4845 (
2249 4788 2371 4827 nam
2395 4782 2517 4843 post
2545 4769 2887 4841 probationes
2915 4777 3040 4824 tunc
3066 4767 3298 4822 maxime
3328 4783 3443 4836 pos.

1857 4876 1979 4922 sunt
1998 4865 2426 4919 contradicentes
2451 4863 2653 4932 pudore
2679 4860 2940 4929 sulfundi)
2967 4878 2978 4913 :
3010 4870 3065 4915 et
3086 4858 3160 4913 ait
3187 4876 3200 4914 :
3226 4858 3446 4929 Sapien~
3498 4855 3503 4875 ’

1859 4958 1979 5012 tiam
1995 4967 2162 5010 autent
2182 4957 2435 5026 loquimur
2458 4956 2588 5009 inter
2610 4958 2876 5025 perfectos.
2900 4952 3031 5007 Nam
3061 4966 3182 5006 cum
3210 4966 3332 5021 ego,
3360 4950 3456 5021 qui

1858 5051 2051 5105 stultus
2073 5063 2192 5103 esse
2218 5055 2273 5102 et
2299 5048 2456 5102 stulta
2499 5045 2792 5116 praedicare
2817 5045 3097 5099 existimor
3113 5084 3128 5108 ,
3151 5042 3456 5113 sapientem

1860 5155 2207 5213 superavero,
2235 5154 2340 5194 non
2386 5154 2481 5209 per
2516 5137 2795 5192 stultitiam
2828 5135 3076 5207 superavi
3114 5133 3454 5205 sapientiam,

1861 5235 1955 5291 sed
1987 5250 2081 5304 per
2107 5233 2419 5303 sapientiam
2451 5231 2823 5301 perlectiorem
2842 5272 2858 5298 ,
2887 5238 2942 5285 et
2971 5238 3169 5284 tantam
3200 5237 3459 5298 tantoque

1864 5327 1952 5381 illa
1986 5325 2265 5395 majorem,
2298 5334 2355 5379 ut
2376 5325 2465 5378 illa
2493 5322 2713 5378 stultitia
2741 5337 2861 5377 esse
2887 5320 3151 5376 videatur.
3177 5318 3303 5375 ldeo
3331 5329 3459 5373 cum

1862 5420 2009 5490 prius
2050 5419 2194 5472 illam
2222 5417 2298 5471 ita
2332 5424 2609 5482 vocasset,
2641 5424 2700 5469 ut
2727 5414 2805 5469 illi
2835 5422 2962 5469 tunc
2992 5412 3338 5468 nominabant
3359 5448 3377 5476 ,
3402 5417 3454 5466 et

1864 5526 1927 5565 ex
1958 5509 2118 5566 rebus
2143 5509 2274 5578 ipsis
2300 5508 2577 5563 victoriam
2616 5505 2979 5573 exhibuisset,
3011 5504 3236 5574 illosque
3266 5501 3455 5557 admo-

1863 5603 1989 5658 dum
2032 5603 2221 5657 stultos
2256 5616 2378 5658 esse
2408 5600 2690 5670 probasset
2730 5616 2745 5654 :
2788 5598 2857 5656 de
2885 5606 3083 5653 caetero
3125 5611 3319 5651 nomen
3350 5593 3455 5668 ipsi

1868 5696 1995 5759 dat,
2019 5693 2157 5768 quod
2199 5693 2251 5751 ei
2278 5692 2599 5761 conveniat,
2639 5689 2860 5747 dicens:
2887 5688 3211 5759 Sapientiam
3237 5702 3353 5742 vero
3381 5686 3455 5740 ξος

3058 5787 3102 5841 h-
