3864 6310
444 240 514 295 53-;
1194 224 1248 282 ε.
1282 221 1559 282 JOANNIS
1597 222 2073 283 CHRYSOSTOMI
2112 225 2424 287 ARCHIEP.
2465 232 2998 296 CONSTAN'I'INOP.
3655 246 3725 307 56

438 343 634 413 quimur
661 337 789 393 inter
819 342 1083 408 perfectos.
1110 336 1436 410 Sapientiam
1463 350 1642 397 autem
1670 341 1799 397 dicit
1827 343 2019 411 praedi-

437 435 700 490 cationetn
735 442 789 487 et
813 432 1029 487 modmn
1074 431 1292 499 salutis,
1328 448 1520 504 nempe
1549 434 1755 488 salvum
1785 432 1897 489 ﬁeri
1931 449 2026 501 per

434 540 685 589 crucem;
721 523 985 592 perfectos
1012 532 1221 594 autem,
1255 540 1350 581 eos
1387 525 1478 596 qui
1529 521 1892 581 crediderunt.
1925 525 2024 581 Et-

389 627 412 644 θ
433 619 578 672 enim
602 618 676 672 illi
702 618 917 687 perfecti
939 627 1082 684 sunt,
1104 626 1194 690 qtti
1220 620 1449 674 humana
1470 618 1710 674 videntes
1726 634 1847 675 esse
1872 621 2027 675 valde

432 710 668 775 inﬁrma,
702 710 897 781 illaque
924 709 1302 781 despicientes,
1351 726 1664 781 persuasum
1699 710 1895 767 habent
1936 713 2023 766 illa

434 803 563 860 nihil
593 804 693 860 sibi
721 803 986 868 conferre,
1007 804 1303 876 cujnsmodi
1331 805 1547 861 fuerunt
1578 805 1784 864 ﬁdeles.
1805 806 2026 875 Sapien-

433 899 555 950 tiam
594 905 759 951 autem
788 913 889 951 non
928 896 1083 967 hujus
1121 897 1314 952 surculi.
1363 896 1475 967 Ubi
1504 913 1734 968 namque
1764 899 1905 952 tttilis
1942 906 2026 953 est

432 996 652 1042 externa
683 988 963 1057 sapientia,
991 1005 1113 1059 qua:
1140 988 1226 1043 hic
1253 988 1693 1059 quidem’desinit
1717 998 1773 1045 et
1798 989 2023 1045 ulterius

431 1094 539 1133 non
568 1078 928 1150 progreditur,
969 1095 1143 1150 neque
1180 1079 1269 1134 hic
1312 1079 1569 1151 prodesse
1598 1090 1769 1150 potest
1801 1082 1886 1147 iis,
1930 1082 2021 1151 qui

427 1169 517 1225 illa
545 1180 669 1226 sunt
696 1172 941 1242 praediti?
970 1171 1246 1243 Principes
1266 1180 1442 1227 autem
1471 1172 1651 1227 seculi
1676 1171 1761 1227 hic
1786 1187 1891 1227 non
1915 1171 2027 1227 dae-

432 1278 619 1318 moncs
662 1263 922 1334 quosdam
963 1262 1115 1331 dicit,
1149 1274 1204 1318 ut
1233 1262 1451 1335 quidam
1499 1264 1875 1333 suspicantur;
1925 1263 2021 1320 sed

430 1370 549 1422 eos,
596 1354 685 1425 qui
719 1356 769 1411 in
809 1355 1156 1425 dignitatibus
1184 1364 1239 1411 et
1281 1354 1335 1411 itt
1379 1356 1717 1425 magistratu,
1764 1356 1854 1428 qui
1905 1372 2023 1413 rem

430 1446 576 1502 illam
618 1448 927 1510 existimant
968 1446 1313 1518 praeclaram.
1346 1446 1718 1517 philos0phos,
1750 1456 2018 1515 oratores,

429 1540 769 1609 scriptores:
815 1556 936 1594 nam
979 1540 1035 1594 hi
1067 1554 1214 1610 sarpe
1244 1540 1578 1611 imperabant
1616 1549 1669 1595 et
1709 1541 2022 1612 plerumque

426 1629 613 1700 populi
644 1630 893 1686 ductores
932 1640 1106 1686 erant.
1136 1630 1306 1702 Hujus
1334 1642 1510 1686 autem
1538 1632 1718 1686 surculi
1753 1631 2021 1703 principes

430 1722 676 1784 vocavit,
709 1722 830 1792 quia
865 1722 1102 1792 ipsorum
1144 1723 1427 1792 imperium
1472 1738 1578 1778 non
1610 1723 1745 1778 ultra
1787 1738 2022 1794 praesens

428 1814 684 1869 szeculnm
728 1814 1011 1883 procedit:
1045 1814 1395 1885 quamobrem
1441 1813 1713 1885 subjunxit
1743 1832 1755 1868 :
1792 1815 1893 1883 Qui
1936 1816 2023 1869 de-

426 1914 720 1969 struuntur;
750 1920 815 1960 ex
842 1920 900 1960 re
926 1906 1037 1975 ipsa
1064 1906 1209 1960 illam
1232 1904 1518 1962 confutans
1544 1915 1598 1962 et
1625 1922 1688 1960 ex
1719 1905 1782 1960 iis
1810 1905 1898 1977 qui
1932 1905 2020 1961 illa

428 2006 672 2053 utuntur.
715 1997 848 2053 Cum
881 1996 1208 2052 ostendisset
1242 1998 1386 2052 enim
1417 1996 1562 2051 illam
1594 1995 1779 2052 falsam
1817 2012 1938 2052 esse
1966 2006 2020 2053 et

429 2092 646 2146 stultam
669 2133 683 2158 ,
716 2102 770 2147 et
801 2090 934 2146 nihil
965 2090 1205 2147 invenire
1236 2105 1393 2160 posse
1413 2132 1427 2157 ,
1460 2090 1833 2159 inﬁrmamqne
1859 2105 2018 2146 esse:

428 2187 667 2241 ostendit
700 2187 861 2241 etiam
908 2201 1073 2256 parvo
1102 2195 1345 2256 tempore
1374 2186 1690 2242 consistere.
1725 2186 1832 2242 Sed
1857 2185 2022 2257 loqui-

370 2298 373 2305 ·
428 2293 546 2330 mur
577 2276 669 2330 Dei
695 2278 1000 2343 sapientiam
1029 2278 1080 2331 in
1108 2278 1363 2348 mysterio.
1392 2276 1459 2332 In
1478 2291 1584 2347 quo
1610 2275 1904 2348 mysterio?
1927 2276 2023 2331 At-

372 2400 373 2407 η
427 2370 517 2439 qni
554 2369 681 2423 dicit
714 2370 959 2425 Christus
990 2388 1003 2425 :
1040 2370 1191 2437 Quod
1224 2370 1277 2424 in
1317 2387 1439 2425 aure
1472 2371 1718 2435 audistis,
1752 2370 2023 2439 preedicate

428 2478 581 2531 super
610 2471 734 2515 tecta
766 2458 979 2531 (Matth.
1007 2461 1091 2517 10.
1116 2462 1228 2533 27).
1253 2460 1534 2528 Quomodo
1557 2477 1684 2532 ergo
1707 2462 1850 2516 illam
1868 2469 2023 2517 vocat

428 2554 785 2626 mysterium?
811 2552 944 2620 Quia
976 2568 1149 2624 neque
1177 2553 1400 2624 angelus
1431 2568 1604 2624 neque
1633 2553 2019 2623 archangelus,

378 2680 389 2687 ρ
428 2662 604 2717 neque
627 2646 729 2699 ulla
754 2655 930 2700 creata
957 2655 1192 2715 potestas
1219 2646 1268 2700 id
1293 2656 1511 2701 noverat
1538 2654 1822 2717 antequam
1848 2644 2017 2700 ﬁeret.

428 2737 556 2794 ldeo
586 2739 679 2802 ait,
714 2736 781 2792 Ut
812 2738 1094 2792 innotescat
1122 2755 1254 2792 nunc
1284 2739 1653 2810 principatibus
1682 2748 1726 2793 et
1757 2739 2021 2809 potestati-

374 2876 377 2879 ν
430 2834 523 2888 bus
561 2836 613 2888 in
643 2833 924 2889 ca'lestibus
963 2850 1053 2903 per
1096 2832 1375 2887 Ecclesium
1420 2834 1742 2907 multiformis
1773 2833 2022 2902 sapientia

432 2924 534 2980 Dei
562 2923 781 2993 (Ephes.
814 2925 868 2979 5.
898 2924 1013 2995 10).
1045 2923 1157 2979 lloc
1183 2933 1359 2980 autem
1392 2923 1519 2980 fecit
1550 2924 1687 2979 Deus
1719 2939 1815 2980 nos
1847 2924 2021 2980 hono—

431 3033 582 3081 rans,
613 3025 671 3071 ut
696 3017 976 3072 nobiscum
1007 3016 1255 3071 audirent
1288 3016 1563 3088 mysteria.
1596 3016 1727 3073 Nam
1764 3032 1859 3072 nos
1887 3032 2021 3088 quo-

430 3124 538 3180 que
566 3109 662 3173 eis,
698 3123 831 3180 quos
863 3108 1015 3165 nobis
1044 3108 1327 3165 fecerimus
1357 3110 1715 3175 amicos,-hoc
1739 3125 2024 3179 argumen-

428 3210 543 3257 tum
569 3203 797 3257 dicimus
818 3217 938 3257 esse
958 3202 1209 3256 amicitia:
1233 3212 1453 3267 nostras,
1483 3201 1625 3273 quod
1648 3202 1849 3257 nemini
1877 3204 2023 3271 prius

376 3322 379 3341 ε
428 3310 590 3365 quam
617 3295 748 3364 ipsis
774 3303 979 3349 secreta
1012 3294 1333 3349 revelemus.
1363 3293 1597 3349 Audiant
1629 3295 1661 3349 ii
1691 3295 1779 3365 qui
1827 3295 2021 3365 praedi-

376 3430 379 3433 .
428 3386 700 3441 cationem
753 3385 1080 3452 traducunt,
1149 3385 1503 3457 omnibusque
1560 3386 2021 3443 indiscriminatim

428 3476 749 3547 margaritas
782 3485 837 3530 et
878 3476 1068 3547 dogma
1096 3478 1372 3531 enuntiant
1403 3485 1457 3531 et
1498 3487 1680 3532 sancta
1721 3478 1941 3532 canibus
1968 3486 2023 3535 et

428 3570 610 3642 porcis
638 3568 1029 3640 super-ﬁnisque
1058 3569 1351 3624 ratiociniis
1382 3569 1688 3640 projiciunt.
1714 3569 2022 3641 Mysterium

429 3679 664 3734 namque
713 3663 1029 3734 probatione
1074 3680 1208 3734 opus
1257 3679 1362 3719 non
1412 3663 1608 3733 habet;
1641 3665 1734 3720 sed
1777 3666 1827 3721 id
1882 3665 2022 3737 quod

433 3765 519 3812 est
569 3761 937 3811 annuntiatur.
993 3756 1205 3812 Etenim
1260 3773 1365 3812 non
1419 3759 1523 3813 erit
1576 3766 1747 3813 totum
1818 3768 2020 3830 myste-

431 3846 573 3902 rium
626 3845 908 3912 divinum,
951 3861 1071 3902 cum
1124 3863 1154 3901 a
1201 3857 1252 3903 te
1313 3848 1429 3919 ipso
1482 3849 1681 3920 aliquid
1730 3851 2019 3907 addideris.

431 3937 682 4008 Alioquin
711 3953 841 3993 vero
870 3940 1185 4011 mysterium
1222 3949 1465 4004 vocatur,
1493 3943 1615 4012 quia
1653 3957 1758 3998 non
1801 3959 1918 4014 qua:
1948 3946 2024 4000 vi-

432 4027 645 4095 demus,
674 4029 981 4099 credimus,
1006 4030 1099 4086 séd
1143 4031 1246 4085 alia
1288 4032 1552 4097 videmus,
1574 4034 1678 4089 alia
1727 4036 2019 4093 credimus.

432 4118 578 4174 Talis
622 4135 855 4191 namque
894 4130 983 4177 est
1025 4124 1403 4194 mysteriorum
1455 4137 1761 4181 nostrorum
1812 4140 2021 4184 natura.

432 4212 556 4269 Alio
587 4213 746 4284 igitur
776 4214 935 4269 modo
963 4231 1090 4286 ego,
1135 4226 1189 4272 et
1225 4218 1330 4272 alio
1367 4218 1602 4276 inﬁdelis
1632 4223 1773 4278 circa
1806 4223 1921 4280 haec
1947 4225 2024 4281 af-

435 4299 559 4358 fecti
589 4319 793 4359 sumus.
826 4303 1002 4360 Audio
1028 4322 1147 4378 ego,
1178 4309 1320 4379 quod
1347 4310 1633 4368 cruciﬁxus
1659 4314 1727 4367 sit
1752 4313 2019 4381 Christus,

435 4406 493 4454 et
523 4400 638 4468 ejus
665 4413 787 4469 erga
817 4399 1062 4456 homines
1098 4416 1334 4457 amorem
1366 4404 1543 4458 statim
1581 4406 1849 4472 admiror;
1878 4408 2024 4464 audit

434 4492 526 4546 ille
547 4534 561 4557 ,
596 4500 651 4546 et
688 4491 1107 4548 imbecillitatem
1140 4505 1286 4566 putat
1314 4514 1328 4549 :
1360 4498 1519 4552 audio
1549 4500 1689 4570 quod
1722 4516 1908 4556 servus
1948 4504 2023 4557 fa-

435 4592 555 4638 ctus
581 4584 670 4649 sit,
698 4592 752 4637 et
784 4586 1169 4655 provtdentiam
1199 4587 1467 4655 admiror;
1495 4592 1642 4645 audit
1672 4592 1761 4647 ille
1781 4603 1835 4647 et
1859 4594 2023 4648 dede-

433 4691 531 4730 cus
552 4691 670 4732 esse
692 4688 844 4748 putat
866 4697 880 4733 :
904 4680 1063 4735 audio
1084 4681 1225 4752 quod
1249 4691 1491 4739 mortuus
1513 4685 1601 4749 sit,
1624 4694 1678 4740 et
1698 4686 1764 4742 de
1786 4688 2020 4756 potentia

436 4768 553 4838 ejus
595 4769 950 4841 obstupesco.
999 4775 1143 4843 quod
1180 4790 1208 4828 a
1248 4786 1421 4832 morte
1454 4794 1558 4833 non
1590 4789 1873 4850 superatus
1914 4782 2018 4851 sit,

432 4861 545 4917 imo
571 4863 727 4916 etiam
759 4874 983 4920 mortem
1011 4866 1342 4933 dissolverit;
1371 4870 1519 4926 audit
1546 4872 1636 4928 ille
1655 4915 1670 4940 ,
1699 4883 1751 4930 et
1776 4875 2019 4932 imbecil-

435 4953 641 5033 litatem
686 4955 1006 5024 suSpicatur.
1053 4958 1182 5013 Cum
1223 4962 1371 5015 audit
1407 4963 1497 5019 ille
1526 4967 1975 5023 resurrectionem
1998 5011 2015 5035 ,

430 5046 668 5101 fabulam
700 5062 820 5104 esse
852 5059 1037 5118 putat;
1069 5067 1168 5121 ego
1200 5068 1328 5108 vero
1355 5065 1468 5124 post
1496 5068 1745 5128 acceptas
1772 5075 1836 5115 ex
1860 5062 2020 5117 rebus

429 5136 562 5207 ipsis
589 5137 1092 5207 demonstrationes,
1128 5144 1218 5197 Dei
1255 5149 1607 5203 meonomiam
1635 5150 1822 5208 adoro.
1852 5152 2020 5209 Lava-

432 5246 584 5283 crmn
627 5231 851 5286 audiens
897 5233 1020 5301 ille,
1065 5251 1257 5303 aquam
1303 5247 1503 5294 tantum
1550 5258 1671 5299 esse
1710 5254 1886 5313 putat;
1918 5264 2019 5318 ego

429 5336 560 5375 vero
593 5336 695 5376 non
721 5322 861 5392 quod
892 5325 1099 5381 videtur
1123 5329 1295 5383 solum
1321 5332 1544 5402 aspicio,
1576 5335 1668 5390 sed
1692 5338 1850 5393 etiam
1876 5343 2021 5410 puri-

431 5410 735 5468 ﬁcationem
762 5415 957 5471 anima:
984 5434 1080 5486 per
1107 5420 1382 5489 Spiritum.
1413 5424 1693 5482 Existimat
1720 5431 1806 5486 ille
1844 5434 2016 5487 solum

432 5502 563 5557 mihi
586 5503 825 5560 ablutum
858 5520 975 5563 esse
1001 5524 1228 5580 corpus;
1261 5530 1360 5586 ego
1387 5527 1563 5573 autem
1591 5522 1753 5577 credo
1782 5524 2015 5580 animam

428 5610 644 5663 quoque
670 5611 855 5666 puram
885 5609 938 5654 et
964 5613 1200 5657 sanctam
1231 5604 1421 5663 factam
1464 5626 1583 5668 esse
1602 5656 1618 5679 ,
1649 5623 1703 5671 et
1729 5621 1904 5687 cogito
1930 5633 2018 5674 se-

433 5684 696 5754 pulcrum,
718 5693 1183 5766 resurrectioncm,
1206 5702 1704 5777 sanctiﬁcatiouem,
1728 5684 2007 5783 justitiam,

2137 345 2562 417 redemptionem
2587 393 2603 417 ,
2650 352 2992 425 adoptionem
3014 397 3029 421 ,
3063 344 3416 418 hereditatem
3436 403 3453 431 ,
3496 380 3724 437 regnum

2130 436 2386 493 cadorum
2406 481 2421 505 ,
2450 440 2632 497 datum
2664 444 2941 515 Spiritum.
2972 446 3088 505 Non
3114 452 3256 506 enim
3296 469 3362 509 ex
3399 457 3512 511 visu
3538 436 3726 528 judico

2131 529 2220 585 illa
2248 547 2368 624 quae
2393 547 2685 606 apparent,
2727 539 2823 595 sed
2859 543 3054 597 mentis
3088 546 3278 603 oculis.
3322 549 3495 605 Audio
3523 567 3723 624 corpus

2128 621 2366 689 Christi;
2401 627 2560 682 aliter
2588 643 2688 700 ego
2729 629 2929 687 dictum
2961 635 3233 707 intelligo,
3278 640 3434 696 aliter
3463 621 3725 703 inﬁdelis.

2201 716 2255 771 2.
2286 719 2365 774 Ac
2394 721 2848 790 quemadmodum
2886 730 3035 796 pueri
3080 730 3248 788 libros
3277 734 3550 801 videntes,
3602 738 3714 794 lite-

2130 822 2311 864 rarum
2347 810 2455 865 vim
2488 828 2593 868 non
2621 817 2833 882 sciunt,
2866 834 2965 874 nec
3006 835 3067 876 ea
3112 834 3311 879 norunt
3345 841 3465 897 qua:
3496 829 3725 895 vident;

2130 899 2240 956 imo
2266 917 2395 957 vero
2416 904 2459 958 si
2488 904 2569 960 vir
2593 905 2866 964 literarum
2896 910 3174 983 imperitus
3194 916 3297 982 sit,
3329 916 3431 973 hoc
3462 919 3589 975 item
3620 921 3723 990 ipsi

2130 997 2383 1064 eveniet;
2416 998 2506 1068 qui
2529 1015 2658 1055 vero
2682 1004 2888 1071 peritus
2916 1016 3020 1072 est,
3055 1009 3273 1064 multam
3303 1012 3474 1067 literis
3503 1015 3721 1069 insitam

2128 1087 2239 1143 vim
2269 1089 2534 1158 inveniet,
2568 1093 2708 1150 vitas
2737 1096 2975 1168 integras
3017 1109 3072 1155 et
3116 1101 3401 1159 historias:
3432 1116 3486 1161 et
3513 1110 3724 1177 episto-

2129 1179 2236 1236 lam
2283 1182 2563 1254 imperitus
2607 1188 2914 1261 accipiens,
2963 1191 3203 1250 chartam
3250 1212 3370 1253 esse
3414 1201 3624 1270 putabit
3667 1210 3726 1259 et

2127 1284 2522 1347 atramentum;
2557 1283 2761 1354 peritus
2792 1301 2923 1343 vero
2952 1297 3005 1343 et
3044 1305 3234 1347 vocem
3262 1293 3479 1364 audiet,
3510 1305 3567 1353 et
3594 1313 3723 1357 eum

2125 1369 2349 1427 absente
2376 1372 2638 1444 disseret,
2670 1386 2726 1433 et
2749 1379 2889 1449 quod
2919 1381 3148 1439 voluerit
3173 1400 3359 1441 rursus
3398 1403 3496 1458 per
3533 1390 3725 1448 literas

2126 1460 2270 1518 dicet
2294 1480 2309 1519 :
2338 1464 2407 1521 ita
2433 1466 2595 1522 etiam
2628 1468 2679 1524 in
2707 1473 2963 1542 mysterio
2984 1476 3163 1530 evenit
3190 1493 3205 1531 :
3236 1476 3475 1536 inﬁdeles
3500 1483 3722 1553 quidem

2125 1556 2337 1612 etiamsi
2376 1559 2624 1628 audiant,
2655 1564 2842 1620 audire
2886 1581 2992 1622 non
3019 1568 3296 1638 videntur;
3329 1573 3513 1630 ﬁdeles
3536 1586 3722 1633 autem

2126 1648 2215 1718 qui
2257 1664 2352 1718 per
2380 1648 2637 1720 Spiritum
2670 1655 2917 1724 peritiam
2958 1658 3192 1727 habent,
3235 1662 3341 1717 vim
3381 1666 3723 1723 reconditam

2126 1740 2329 1798 vident.
2364 1742 2477 1801 Hoc
2519 1746 2679 1817 igitur
2721 1749 3005 1807 declarans
3042 1753 3236 1810 Paulus
3275 1755 3516 1826 dicebat,
3567 1760 3725 1828 Quod

2126 1849 2260 1888 nunc
2282 1852 2480 1908 quoque
2503 1842 2571 1894 sit
2597 1843 2949 1898 absconditum
2971 1847 3109 1913 quod
3134 1849 3443 1917 praedicatur
3460 1868 3479 1906 :
3504 1870 3726 1921 pereun-

2124 1929 2255 1983 tibus
2297 1932 2463 2000 enim,
2507 1934 2713 2005 inquit.
2756 1946 2828 1991 est
2866 1937 3212 1996 absconditum
3256 1942 3346 2016 (2.
3376 1944 3495 2000 Cor.
3535 1947 3589 2002 ι.
3626 1949 3717 2017 3).

2124 2019 2376 2091 Alioquin
2398 2032 2578 2080 autem
2605 2027 3037 2095 medicationem
3064 2034 3429 2092 admirabilem
3455 2041 3717 2099 ostendit.

2126 2109 2200 2166 Ita
2229 2113 2368 2168 solet
2406 2130 2601 2172 vocare
2626 2117 2897 2189 Scriptura
2942 2122 3062 2189 illa,
3107 2140 3226 2195 qua:
3268 2137 3459 2196 printer
3482 2146 3633 2200 spem
3662 2143 3723 2189 et

2127 2216 2290 2274 supra
2318 2216 2553 2262 mentem
2588 2208 2873 2266 humanam
2900 2224 3043 2269 sunt.
3078 2216 3204 2271 ldeo
3229 2218 3355 2274 alibi
3397 2235 3612 2291 quoque
3637 2224 3723 2279 di-

2125 2295 2219 2360 cit,
2251 2296 2549 2368 Mysteriunt
2575 2317 2740 2355 meum
2766 2305 2891 2358 mihi
2916 2315 2963 2359 et
2989 2309 3111 2362 meis
3138 2308 3239 2379 (Is.
3269 2309 3358 2366 24.
3390 2311 3479 2382 7);
3511 2324 3566 2367 et
3592 2330 3721 2371 rur-

2127 2400 2242 2441 sum
2272 2387 2467 2443 Paulns
2496 2407 2508 2442 :
2542 2388 2674 2446 Ecce
2699 2396 2990 2465 mysterium
3030 2399 3167 2453 vobis
3210 2400 3324 2455 dico
3353 2417 3372 2456 :
3399 2419 3569 2459 omnes
3599 2406 3720 2476 qui-

2126 2479 2240 2532 dem
2261 2496 2361 2534 non
2383 2482 2708 2553 dormiemus,
2731 2503 2903 2543 omnes
2920 2497 3087 2544 autem
3106 2491 3482 2548 immutabimur
3497 2496 3546 2565 (i
3561 2538 3573 2549 .
3592 2496 3717 2553 Cor.

2126 2571 2215 2627 15.
2246 2572 2360 2663 Si).
2393 2574 2503 2629 Etsi
2532 2591 2694 2647 porro
2722 2579 2917 2650 ubique
2946 2583 3281 2651 praedicatur,
3310 2585 3468 2641 etiam
3492 2589 3571 2643 sic
3599 2606 3722 2663 my-

2127 2662 2349 2718 sterium
2395 2676 2497 2721 est.
2531 2667 2744 2723 Etenim
2790 2671 3005 2741 utjussi
3050 2689 3270 2740 sumus,
3313 2675 3455 2746 quod
3494 2679 3545 2734 in
3585 2695 3721 2737 aure

2126 2755 2428 2813 audivinms
2470 2760 2763 2829 prtedicare
2803 2778 2967 2835 super
3007 2773 3142 2821 tecta
3178 2784 3192 2823 :
3234 2767 3311 2823 sic
3347 2769 3482 2839 jussi
3527 2787 3720 2829 sumus

2126 2858 2311 2903 sancta
2340 2865 2447 2905 non
2475 2851 2606 2908 dare
2632 2853 2874 2920 canibus,
2906 2871 3079 2927 neque
3110 2859 3371 2929 projicere
3397 2866 3718 2934 margaritas

2126 2948 2252 2996 ante
2298 2956 2515 3011 porcos.
2545 2943 2676 2999 Nam
2705 2946 2792 3001 alii
2834 2958 2956 3004 sunt
2983 2950 3241 3008 animales
3262 2992 3277 3016 ,
3305 2964 3360 3008 et
3386 2969 3489 3009 non
3521 2957 3719 3013 intelli-

2125 3041 2282 3103 gunt;
2313 3033 2403 3088 alii
2434 3035 2674 3092 velamen
2702 3037 2900 3095 habent
2923 3056 3016 3097 cor
3040 3058 3197 3100 suum
3224 3045 3499 3116 obtegens,
3529 3060 3583 3105 et
3606 3065 3715 3107 non

2127 3124 2327 3181 vident.
2360 3128 2499 3199 Ergo
2527 3132 2836 3201 mysterium
2869 3133 2998 3189 illud
3034 3147 3115 3190 est
3142 3138 3395 3206 maxime,
3424 3140 3563 3210 quod
3592 3145 3716 3213 qui-

2126 3213 2248 3269 dem
2292 3217 2487 3288 ubique
2530 3222 2870 3290 prmdicatur,
2902 3240 3007 3279 non
3053 3230 3392 3297 cognoscitur
3425 3241 3604 3287 autem
3647 3235 3718 3291 ab

2127 3304 2193 3359 iis
2221 3307 2311 3376 qui
2352 3316 2550 3364 rectam
2581 3328 2686 3366 non
2717 3312 2915 3369 habent
2941 3327 3210 3385 mentem;
3250 3320 3510 3377 revelatur
3534 3333 3713 3381 autem

2128 3410 2234 3451 non
2261 3413 2291 3452 a
2320 3400 2577 3470 sapientia
2599 3443 2615 3468 ,
2655 3404 2748 3459 sed
2776 3418 2806 3460 a
2834 3404 3034 3476 Spiritu
3078 3418 3295 3478 sancto,
3328 3423 3582 3482 quantum
3616 3432 3717 3472 nos

2127 3503 2411 3560 possumus
2434 3494 2699 3565 accipere.
2730 3496 3089 3563 Quamobrem
3118 3518 3225 3556 non
3260 3505 3588 3561 aberraverit
3611 3548 3627 3572 ,
3669 3510 3714 3563 si

2127 3585 2247 3655 quis
2273 3586 2434 3641 etiam
2463 3588 2761 3644 secundum
2793 3590 2894 3646 hoc
2921 3597 3235 3663 mysterium
3259 3597 3603 3667 appellaverit
3624 3618 3717 3657 ar—

2126 3689 2358 3744 canum;
2389 3694 2561 3750 neque
2590 3682 2734 3736 enim
2764 3684 2919 3738 nobis
2949 3685 3193 3741 ﬁdelibus
3218 3689 3409 3745 tradita
3438 3691 3532 3746 fuit
3560 3693 3716 3762 plena

2126 3770 2243 3837 ejus
2272 3772 2543 3841 perceptio
2565 3782 2621 3829 et
2639 3788 2887 3831 accurata
2916 3779 3125 3835 notitia.
3149 3780 3483 3853 Quapropter
3506 3784 3718 3843 dicebat

2128 3862 2360 3929 Paulus,
2403 3864 2489 3922 Ea:
2518 3878 2662 3937 parte
2700 3873 3048 3939 cognoscimus
3085 3883 3130 3927 et
3170 3890 3233 3928 ea:
3268 3886 3411 3946 parte
3437 3880 3718 3949 prop/teta-

2126 3972 2259 4011 mus.
2298 3956 2537 4013 Videmus
2562 3962 2695 4015 enim
2722 3978 2856 4017 nunc
2893 3981 2984 4034 per
3009 3967 3267 4035 speculum
3288 3969 3434 4038 quasi
3476 3970 3529 4023 in
3555 3973 3720 4043 (enig-

2125 4057 2280 4115 mate,
2328 4059 2446 4104 tunc
2490 4061 2659 4106 autem
2689 4054 2821 4122 {acie
2843 4056 2911 4109 ad
2940 4056 3120 4124 {aciem
3147 4059 3226 4129 (ι.
3246 4059 3364 4114 Cor.
3396 4060 3484 4115 i3.
3512 4062 3565 4117 9.
3599 4063 3716 4133 12).

2128 4139 2251 4196 ldeo
2284 4140 2447 4206 dicit,
2479 4140 2759 4213 Loquimur
2786 4147 3088 4217 sapientiam
3114 4149 3167 4202 in
3193 4152 3583 4221 mysterio,un
3596 4152 3718 4206 abs-

2127 4231 2359 4310 condita.
2396 4242 2505 4302 est,
2537 4251 2691 4304 quam
2719 4237 3092 4307 prwdestinavit
3126 4239 3267 4297 Deus
3308 4253 3424 4297 ante
3448 4246 3639 4298 stecula
3665 4247 3715 4297 iu

2140 4335 2367 4403 gloriam
2390 4349 2646 4388 nostrum.
2678 4332 3070 4396 Absconditam,
3095 4332 3143 4385 id
3160 4343 3262 4395 est,
3285 4332 3427 4383 nulla
3450 4344 3514 4384 ex
3538 4344 3729 4398 super-

2141 4424 2228 4480 nis
2246 4426 2601 4496 potestatibus
2619 4434 2745 4482 ante
2759 4442 2861 4483 nos
2880 4424 3096 4490 didicit;
3121 4424 3201 4477 vel
3218 4422 3361 4492 quod
3385 4436 3561 4491 neque
3581 4422 3726 4474 nmi-

2128 4510 2165 4563 ti
2195 4525 2335 4565 nunc
2362 4525 2595 4572 norunt:
2628 4513 2731 4570 hoc
2774 4516 2916 4570 enim
2956 4516 3260 4572 declaratur
3294 4534 3361 4574 ex
3402 4519 3516 4586 illo,
3551 4519 3717 4587 Quam

2126 4603 2504 4674 pra’destinavit
2550 4606 2604 4660 in
2650 4607 2868 4678 gloriam
2910 4618 3132 4664 nostram
3158 4627 3178 4665 :
3216 4626 3537 4681 quamquam
3588 4614 3716 4668 alibi

2125 4696 2287 4765 dicat,
2313 4698 2378 4753 In
2405 4700 2623 4770 gloriam
2648 4720 2793 4756 suam
2819 4702 3037 4774 (Ephes.
3062 4704 3113 4760 l.
3142 4703 3254 4775 19).
3279 4706 3437 4761 Suam
3458 4709 3599 4762 enim
3632 4723 3718 4762 re.

2127 4798 2269 4858 putat
2299 4791 2523 4861 gloriam
2546 4793 2772 4849 salutem
2793 4807 3064 4863 nostram;
3096 4808 3154 4853 ut
3177 4800 3335 4853 etiam
3360 4800 3570 4854 divitias
3590 4815 3717 4855 suas

2125 4889 2278 4935 vocat
2298 4922 2315 4947 ,
2350 4882 2559 4939 etiamsi
2585 4884 2699 4954 ipse
2729 4885 2799 4940 sit
2826 4886 3083 4941 bonorum
3112 4888 3340 4953 divitite,
3368 4899 3422 4943 et
3451 4890 3599 4944 nullo
3629 4891 3712 4943 in-

2124 4971 2304 5043 digeat
2342 4984 2398 5028 ut
2423 4976 2491 5028 sit
2518 4974 2688 5029 dives.
2726 4974 3142 5044 Prwdestinavit,
3178 4980 3374 5050 inquit,
3406 4995 3557 5036 suam
3588 4997 3715 5052 erga

2126 5079 2224 5119 nos
2251 5065 2641 5133 providentiam
2671 5068 2930 5125 indicans.
2957 5071 3032 5125 Illi
3060 5072 3199 5125 enim
3233 5074 3465 5127 maxime
3491 5088 3589 5127 nos
3618 5073 3716 5128 lto-

2125 5176 2316 5216 norare
2341 5169 2395 5216 et
2413 5176 2596 5217 amare
2617 5165 3013 5230 existimantur,
3042 5168 3130 5237 qui
3160 5168 3312 5222 nobis
3331 5183 3361 5222 a
3392 5169 3549 5238 longo
3581 5180 3717 5223 tem-

2126 5266 2253 5321 pore
2284 5254 2419 5307 bona
2462 5252 2707 5310 conferre
2739 5257 2906 5326 parati
2944 5266 3102 5322 sunt,
3136 5259 3186 5311 id
3213 5260 3353 5328 quod
3387 5259 3585 5315 faciunt
3614 5277 3714 5333 pa-

2124 5353 2305 5399 rentes
2335 5345 2495 5400 ﬁliis:
2529 5347 2727 5403 etenim
2771 5349 2815 5402 si
2849 5358 3121 5418 postremo
3163 5351 3293 5405 dant
3333 5353 3624 5423 pecunias,
3660 5354 3713 5410 id

2119 5436 2321 5505 jamdiu
2366 5447 2420 5492 et
2448 5438 2519 5494 ab
2544 5439 2696 5495 initio
2736 5442 3082 5511 prmmeditati
3117 5445 3344 5498 fuerant.
3374 5444 3485 5500 lloc
3514 5446 3713 5501 Paulus

2123 5546 2264 5586 nunc
2302 5543 2526 5589 conatur
2560 5535 2844 5591 ostendere
2867 5577 2881 5601 ,
2913 5537 3052 5606 quod
3099 5538 3238 5594 Deus
3273 5555 3370 5594 nos
3414 5556 3627 5610 semper
3657 5554 3714 5597 et

2119 5623 2229 5695 jam
2257 5627 2384 5683 olim
2411 5631 2700 5695 amaverit,
2732 5646 2854 5687 cum
2890 5631 3129 5687 nondum
3172 5634 3277 5687 nati
3307 5648 3567 5689 essemus.
3598 5634 3713 5690 Nisi

2126 5718 2269 5775 enim
2307 5731 2574 5791 amasset,
2620 5723 2830 5780 divitias
2870 5726 3023 5783 nobis
3062 5742 3168 5782 non
3198 5726 3707 5797 pra‘dcstinavisset.
