3864 6216
385 249 450 306 57
1073 242 1132 296 S.
1175 237 1462 298 JOANNIS
1500 227 1984 294 CIIRYSOSTOMI
2026 227 2348 285 ARCIIIEP.
2391 221 2938 282 CONSTANTINOP.
3583 221 3662 277 58

373 369 426 420 εί
464 363 538 435 μὴ
571 359 766 432 ὲφίλει,
797 358 888 413 τδν
915 357 1146 412 πλοῦτον
1169 357 1300 428 ἡμῖν
1331 355 1628 428 προώρισε.
1657 354 1749 424 Μὴ
1775 351 1956 404 τοίνυν

369 457 632 526 ἐννοήσῃς
679 453 778 525 τὴν
831 449 1068 522 ἐνμέσῳ
1099 448 1399 518 γενομένην
1447 447 1680 518 ἔχθραν·
1717 444 1954 517 πρεσϐυ-

367 551 505 620 τέρα
537 547 646 618 γὰρ
673 543 740 616 ἦν
766 544 936 614 αὐτῆς
965 545 998 614 ἡ
1021 541 1188 612 φιλία.
1217 541 1290 594 T6
1307 541 1386 604 δὲ,
1411 540 1529 608 Πρό
1551 537 1672 593 τῶν
1699 537 1950 602 αἰώνων,

367 641 432 694 τὸ
471 639 642 693 ἀΐδιόν
681 651 846 708 φησισ
907 635 1000 688 καὶ
1056 633 1164 704 γὰρ
1216 629 1450 701 ἀλλαχοῦ
1485 629 1628 683 οῦτω
1655 629 1804 696 λέγει
1831 645 1846 659 ο
1895 628 1958 681 '0

369 731 664 799 ὑπάρχων
693 729 806 797 πρὸ
833 727 952 781 τῶν
980 725 1229 778 αἰώνων.
1258 723 1629 795 Εὑρεθήσεται
1657 722 1837 776 τοίνυν
1863 718 1958 774 καὶ

372 828 400 878 6
431 827 556 888 Υἱὸς
584 823 756 885 οὕτως
789 821 956 885 ἀΐδιος
986 819 1080 872 ῶν.
1123 819 1230 872 Καὶ
1263 817 1371 888 γὰρ
1403 817 1532 888 περὶ
1565 815 1730 869 αὐτοῦ
1767 832 1956 885 φησιν,

373 916 454 968 ὅτι
504 913 570 966 δι’
619 911 783 964 αὑτοῦ
826 911 952 972 τοὺς
985 908 1188 972 αἰῶνας
1219 907 1492 979 ἐποίησεν,
1539 907 1674 978 ὅπερ
1706 908 1823 960 ἐστὶ
1852 903 1958 975 πρὸ

373 1007 482 1060 τῶν
529 1001 738 1059 αἰώνων
793 1003 1080 1074 ὑπάρχειν.
1153 1001 1211 1054 Ὀ
1261 1000 1370 1072 γὰρ
1411 1000 1640 1070 ποιητὴς
1695 999 1802 1069 1:96
1849 997 1958 1050 τῶν

373 1101 696 1172 ποιημάτων
734 1097 956 1168 εὗδηλον
986 1098 1089 1150 ὅτι.
1132 1097 1237 1150 Ἦν
1269 1093 1466 1162 οὐδεὶς
1497 1092 1617 1148 τῶν
1648 1093 1959 1164 ἀρχόντων

372 1194 480 1247 τοῦ
507 1191 726 1257 αἰῶνος
752 1190 968 1244 τούτου
993 1187 1284 1258 ἔγνωκενο
1309 1189 1361 1240 εἰ
1384 1185 1492 1257 γὰρ
1518 1185 1750 1254 ἕγνωσα
1761 1202 1817 1248 ν,
1845 1185 1956 1238 οὐκ

372 1286 453 1340 ἂν
493 1285 595 1338 τὸν
636 1285 858 1352 Κύριον
895 1279 1006 1348 τῆς
1053 1281 1240 1348 δόξης
1279 1281 1692 1348 ἐσταύρωσαν.
1747 1275 1956 1330 Οὐκοῦν

373 1378 490 1432 οὐδὲ
522 1376 884 1446 ἐγκλημάτων
911 1373 1050 1426 εἰσὶν
1079 1370 1240 1438 ἄξιοι,
1276 1371 1328 1423 εί
1352 1387 1414 1440 γε
1442 1363 1514 1440 μὴ
1555 1369 1822 1436 ἔγνωσαν,
1861 1370 1957 1422 καὶ

375 1471 734 1542 ἐσταύρωσαν
751 1479 801 1520 ε.
848 1466 960 1519 Καὶ
985 1467 1034 1518 εἰ
1082 1463 1156 1534 μὴ
1189 1453 1407 1534 ᾔδεσαν,
1455 1459 1572 1524 πῶς
1621 1459 1808 1528 ἔλεγεν
1857 1459 1956 1512 αύ-

373 1567 506 1625 τοῖς,
539 1559 646 1616 Καὶ
675 1559 778 1629 ἐμὲ
807 1557 1028 1618 οἴδατε,
1054 1556 1151 1610 καί
1182 1553 1382 1608 οἴδατε
1422 1554 1608 1608 πόθεν
1643 1552 1763 1621 εἰμί
1781 1567 1798 1615 ;
1821 1551 1958 1622 Περὶ

371 1653 482 1724 γὰρ
507 1651 600 1706 τοῦ
631 1651 864 1705 Πιλάτου
901 1650 1064 1718 φησὶν
1088 1649 1120 1718 ή
1149 1645 1362 1717 Γραφὴ,
1387 1647 1468 1699 ὅτι
1505 1646 1606 1710 οὐκ
1636 1645 1751 1716 ᾔδει
1775 1663 1786 1676 ’
1812 1645 1958 1708 εἰκὸς

371 1746 426 1800 δὲ
455 1745 587 1817 μηδὲ
631 1743 721 1796 τὸν
751 1739 868 1815 [55]
916 1739 1165 1811 Ἡρώδην
1195 1739 1412 1792 εἰδέναι.
1449 1737 1682 1802 Τούτους
1722 1738 1787 1791 ἀν
1814 1737 1956 1792 εἴποι

371 1857 454 1904 τις
489 1837 772 1893 καλεῖσθαι
795 1837 1062 1906 ἄρχοντας
1093 1831 1186 1886 τοῦ
1216 1831 1413 1894 αἰῶνος
1437 1831 1650 1884 τούτου.
1685 1831 1746 1884 Εἰ
1774 1830 1828 1884 δὲ
1861 1833 1956 1884 καὶ

373 1933 502 2004 περὶ
535 1931 642 1984 τῶν
703 1927 974 1982 Ἰουδαίων
1016 1926 1111 1979 καὶ
1144 1925 1273 1996 περὶ
1318 1924 1426 1977 τῶν
1466 1922 1657 1995 ἱερέων
1699 1923 1842 1978 είποι
1871 1939 1958 1986 τις

371 2021 615 2075 ἄντοῦτο
638 2017 916 2088 λέγεσθαι,
946 2017 1046 2070 οὐκ
1069 2015 1134 2070 ἂν
1163 2013 1400 2086 ἁμάρτοι
1421 2029 1432 2042 ·
1468 2013 1560 2066 καὶ
1590 2012 1698 2082 γάρ
1727 2013 1958 2076 ἐκείνοις

373 2115 561 2182 φησιν,
603 2112 754 2166 Οὔτε
798 2111 903 2180 ἐμὲ
953 2110 1174 2172 οἴδατε,
1210 2109 1350 2163 οὔτε
1389 2108 1496 2162 τὸν
1536 2107 1768 2175 Πατέρα
1812 2125 1952 2176 μου.

371 2205 499 2270 Πῶς
525 2200 616 2260 οὖν
651 2203 910 2274 ἀνωτέρω
941 2204 1094 2272 φησὶ,
1127 2202 1236 2256 Καὶ
1257 2201 1360 2271 ἐμὲ
1379 2199 1599 2266 οἴδατε,
1625 2199 1724 2253 καὶ
1756 2199 1956 2254 οἴδατε

370 2299 559 2352 πόθεν
607 2299 726 2367 ειμι
745 2313 763 2361 ;
823 2295 982 2350 Ἀλλά
1017 2295 1100 2358 τίς
1152 2297 1181 2350 6
1222 2294 1420 2366 τρόπος
1452 2293 1553 2364 τῆς
1590 2291 1958 2362 ἀναγνώσεως

369 2389 576 2460 ταύτης
629 2389 726 2444 καί⁸
773 2387 856 2452 τίς
904 2388 1142 2458 ἐκείνης,
1197 2387 1254 2440 ἑν
1294 2387 1408 2450 τοῖς
1461 2385 1954 2458 Εὐαγγελίοις·ἧδη

370 2485 618 2554 εἴρηταιο
673 2479 789 2547 καὶ,
837 2479 979 2533 ὥστε
1015 2480 1088 2550 μὴ
1121 2479 1361 2550 συνεχῶς
1393 2479 1456 2532 16
1505 2477 1638 2533 αὐτὸ
1677 2477 1956 2551 στρέφειν,

371 2572 964 2652 ἑκεῇπαραπέμπομεν
991 2571 1115 2634 τοὺς
1149 2569 1598 2640 ἐντυγχάνοντας.

441 2665 511 2734 γ’.
543 2665 608 2740 Ἰξί
637 2660 765 2731 οῦν;
797 2661 1016 2732 ἀφείθη,
1035 2663 1219 2730 φησὶν,
1247 2661 1704 2725 αὺτοῖςτὺὲπὶτοῦ
1721 2663 1956 2736 σταυροῦ

370 2759 704 2829 ἀμάρτημα;
743 2755 839 2810 καὶ
871 2754 980 2826 γάρ
1007 2751 1193 2808 εἶπεν·
1229 2755 1406 2824 ’Ἄφες
1457 2755 1680 2822 αὐτοῖς.
1727 2757 1790 2810 EE
1829 2775 1958 2828 μετ-

368 2850 617 2920 ενόησαν,
643 2847 858 2918 ἀφείθη.
907 2845 1017 2899 Καὶ
1041 2845 1150 2918 γὰρ
1171 2848 1198 2900 6
1229 2847 1452 2918 μυρίαις
1479 2845 1656 2917 βαλὼν
1686 2849 1843 2919 χερσὶ
1866 2849 1956 2903 τὸν

369 2943 658 3009 Στέφανον,
709 2939 802 2994 καὶ
834 2937 1031 3002 διώξας
1078 2939 1176 3010 τὴν
1222 2939 1550 3010 Ἐκκλησίαν
1581 2939 1814 3004 Παῦλος,
1855 2941 1954 3010 τῆς

381 3032 709 3106 Ἐκκλησίας
729 3032 1042 3104 προστάτης
1071 3031 1310 3100 ἐγένετο.
1345 3031 1532 3096 Οὕτως
1560 3027 1652 3086 οῦν
1681 3033 1956 3098 κάκείνοις

367 3126 564 3198 ἀφείθη
593 3127 706 3190 τοῖς
737 3123 1046 3196 βουληθεῖσι
1071 3125 1443 3194 μεταγνῶναι’
1477 3123 1505 3177 ὃ
1529 3123 1592 3198 δὴ
1625 3125 1718 3178 καὶ
1745 3127 1773 3178 6
1804 3124 1954 3179 Παῦ-

365 3220 454 3282 λος
491 3217 627 3289 βοῶν
657 3217 810 3286 ἔλεγε
832 3232 846 3246 ⁸
880 3217 1045 3285 Λέγω
1083 3211 1222 3270 οὖν·
1254 3216 1351 3284 Μὴ
1383 3216 1680 3270 ἔπταισαν
1705 3219 1806 3271 ἵνα
1845 3218 1954 3272 πέ-

365 3327 556 3375 σωσι;
604 3309 701 3378 Μὴ
748 3308 998 3380 γένοιτο.
1049 3309 1159 3361 Καὶ
1193 3309 1377 3372 πάλιν,
1432 3308 1572 3376 Μὴιι
1607 3307 1892 3364 ἀπώσατο
1921 3313 1956 3365 ὁ

369 3401 516 3469 Θεὸς
543 3403 650 3454 τὸν
691 3399 848 3456 λαόν
884 3400 1072 3454 αὑτοῦ
1119 3399 1192 3453 ὃν
1229 3399 1536 3471 προέγνω;
1567 3401 1664 3471 Μὴ
1697 3401 1950 3472 γένοιτο.

366 3493 503 3548 Εἶτα
528 3493 741 3556 δεικνὺς
778 3493 859 3546 ὅτι
889 3491 990 3545 οὐκ
1031 3491 1366 3564 ἀπεκλείσθη
1407 3493 1586 3548 αὐτῶν
1613 3497 1647 3567 ἡ
1673 3496 1950 3566 μετάνοια,

364 3587 668 3657 τεκμήριον
707 3585 810 3654 τὴν
866 3585 1202 3654 ἐπιστροφὴν
1251 3583 1352 3657 τὴν
1404 3585 1601 3638 ἑαυτοῦ
1659 3587 1953 3658 παρήγαγε

365 3681 540 3751 λέγων
563 3698 575 3712 ·
611 3677 720 3734 Καὶ
751 3677 861 3749 γὰρ
893 3677 1006 3748 ἐγὼ
1047 3679 1421 3749 Ἰσραηλίτης
1451 3679 1586 3750 εἰμί.
1619 3680 1691 3733 Τὸ
1716 3681 1793 3740 δὲ.
1832 3684 1954 3736 Οὐκ

366 3773 662 3841 ἔγνωσαν,
696 3769 816 3840 ἐμοὶ
843 3769 989 3822 δοκεῖ
1015 3769 1076 3822 ού
1108 3771 1236 3840 περὶ
1267 3769 1504 3840 Χριστοῦ
1535 3769 1766 3824 ἐνταῦθα
1797 3773 1951 3843 είρῆ·

371 3862 514 3928 σθαι,
549 3861 683 3916 ἀλλά
719 3861 847 3932 περὶ
891 3861 1060 3931 αὐτῆς
1095 3859 1189 3916 τοῦ
1239 3861 1568 3934 πράγματος
1600 3863 1698 3935 τῆς
1745 3866 1952 3919 οἰκονοε

373 3957 530 4028 μίας’
561 3949 696 4020 οἷον,
727 3955 780 4008 τί
809 3951 1058 4007 ἐϐούλετο
1089 3954 1117 4007 ό
1140 3953 1368 4018 θάνατος
1390 3955 1484 4008 καὶ
1505 3955 1534 4007 6
1563 3956 1817 4028 σταυρὸς,
1852 3958 1950 4012 οὐκ

368 4049 608 4120 ⁴ᾔδεισαν.
657 4047 767 4100 Καὶ
797 4045 906 4118 γὰρ
937 4046 1029 4100 καὶ
1057 4048 1174 4100 ἐκεῖ
1206 4047 1307 4100 οὐκ
1351 4043 1524 4114 εἶπεν,
1569 4049 1653 4102 ὅτι
1697 4049 1826 4120 Ἐμὲ
1851 4051 1952 4106 ούκ

366 4140 592 4202 οἴδασιν,
627 4137 765 4198 ἀλλ’,
801 4139 924 4190 Οὺκ
951 4136 1154 4190 οἴδασι
1185 4138 1242 4190 τί
1259 4137 1522 4204 ποιοῦσι,
1551 4141 1816 4207 τουτέστι,
1850 4143 1950 4213 τὴν

367 4229 680 4300 οἰκονομίαν
707 4229 805 4298 τὴν
833 4227 1168 4298 τελουμένην
1193 4229 1288 4282 καὶ
1315 4228 1380 4282 16
1405 4231 1704 4300 μυστήριον
1727 4231 1952 4300 ἀγνοοῦ-

370 4339 474 4374 σιν.
503 4320 580 4375 Οὐ
607 4321 720 4390 γὰρ
743 4321 964 4391 ⁴ᾔδεσαν,
991 4321 1071 4373 ὅτι
1091 4318 1236 4372 οὕτω
1264 4320 1476 4392 λάμψαι
1500 4321 1612 4392 ἔχει
1637 4324 1664 4375 6
1693 4325 1944 4396 σταυρὸς,

365 4417 448 4468 ὅτι
501 4415 602 4486 τῆς
650 4413 976 4484 οἰκουμένης
1013 4413 1226 4481 γίνεται
1261 4414 1502 4486 σωτηρία
1548 4415 1766 4470 καὶτοῦ
1812 4417 1946 4471 Θεοῦ

366 4509 503 4581 1:96;
529 4509 656 4572 τοὺς
681 4505 1003 4578 ἀνθρώπους
1037 4505 1373 4579 καταλλαγὴ,
1407 4509 1500 4561 καὶ
1529 4509 1562 4579 ἡ
1594 4510 1746 4574 πόλις
1769 4511 1948 4565 αὐτῶν

365 4601 657 4662 ἁλώσεται,
681 4599 774 4652 καὶ
794 4597 944 4652 δεινά
973 4597 1370 4670 ύποστήσονται
1404 4597 1472 4651 τά
1497 4598 1722 4670 ἔσχατα.
1746 4601 1946 4670 Σοφίαν

365 4695 420 4749 δὲ
445 4695 538 4750 καὶ
566 4693 657 4746 τὸν
685 4691 922 4765 Χριστὸν
945 4691 1102 4745 καλεῖ
1126 4692 1220 4746 καὶ
1249 4691 1340 4744 τὸν
1376 4692 1607 4762 σταυρὸν
1635 4695 1729 4746 καὶ
1763 4693 1822 4746 τὸ
1845 4696 1945 4765 κή-

370 4801 576 4857 ρυγμα.
603 4781 886 4852 Εὑκαίρως
913 4783 968 4835 δὲ
995 4782 1200 4854 Κύριον
1221 4781 1380 4854 δόξης
1405 4783 1686 4838 ἐκάλεσεν.
1727 4785 1946 4857 Ἐπειδὴ

366 4881 476 4948 γάρ
517 4877 546 4926 6
601 4877 832 4945 σταυρὸς
881 4874 1098 4939 ἀδοξίας
1149 4870 1288 4929 εἶναι
1325 4875 1494 4938 δοκεῖ,
1543 4875 1814 4930 δείκνυσιν
1863 4879 1946 4933 ὅτι

370 4968 582 5039 μεγάλη
613 4963 681 5037 ἦν
711 4967 840 5031 δόξα
865 4969 894 5020 6
941 4967 1190 5038 σταυρός.
1242 4967 1401 5021 Ἀλλά
1439 4968 1682 5040 μεγάλης
1715 4971 1824 5024 ἔδει
1855 4989 1946 5024 σο-

367 5063 516 5129 φίας,
549 5060 609 5112 ού
641 5058 800 5130 μόνον
821 5059 884 5112 16
912 5059 1004 5111 16v
1035 5057 1168 5114 Θεὸν
1195 5059 1418 5124 εἰδέναι,
1447 5060 1586 5115 ἀλλὰ
1613 5064 1707 5115 καὶ
1754 5062 1946 5132 μαθεῖν

365 5154 459 5207 τοῦ
489 5152 624 5207 Θεοῦ
651 5153 752 5222 τὴν
781 5151 1094 5222 οἰκονομίαν
1122 5151 1324 5220 ταύτην
1343 5171 1356 5184 ’
1390 5157 1424 5222 ἡ
1461 5155 1518 5207 δὲ
1549 5153 1746 5220 ἔξωθεν
1781 5157 1945 5226 σοφία

367 5245 489 5315 οὐχὶ
531 5243 628 5297 τοῦ
669 5243 940 5314 προτέρου
995 5243 1176 5312 μόνον,
1215 5243 1348 5297 ἀλλά
1387 5246 1482 5298 καὶ
1530 5247 1718 5300 τούτου
1751 5248 1944 5317 γέγονε

369 5339 619 5407 κώλυμα.
669 5337 879 5402 Ἀλλὰ,
937 5335 1130 5402 καθὼς
1185 5339 1528 5406 τέτραπται.
1565 5338 1604 5393 ἁ
1636 5341 1944 5412 ὀφθαλμός

369 5433 479 5484 οὐκ
513 5425 694 5496 εἶδεν,
740 5428 840 5483 καί
867 5423 976 5495 οὖς
1015 5429 1126 5484 οὐκ
1157 5429 1406 5498 ἤκουσε,
1434 5431 1530 5485 καὶ
1563 5433 1658 5488 ἐπὶ
1693 5435 1946 5502 καρδίαν

365 5523 684 5592 ανθρώπου
733 5523 846 5575 οὐκ
893 5521 1096 5590 ἀνέϐη,
1142 5521 1181 5578 ἂ
1219 5523 1547 5594 ἡτοίμασεν
1581 5527 1612 5579 ό
1649 5527 1794 5594 Θεὸς
1821 5528 1945 5595 τοῖς

369 5613 684 5684 ἀγαπῶσιν
719 5615 924 5669 αὐτόν.

371 5850 456 5958 κῆ·
517 5847 690 5902 Deerat
730 5827 950 5900 tom'm:
999 5847 1244 5901 οὐκοῦν...
1338 5847 1367 5890 b
1393 5849 1658 5914 Legebamr
1682 5851 1819 5918 Λέγω
1845 5854 1942 5922 οὖν,

373 5945 390 5958 .
429 5927 478 5958 7..
1323 5931 1328 5936 ⁷
1837 5955 1840 5958 -
1929 5933 1934 5942 '

373 5927 478 5964 ξυμ
1323 5931 1328 5936 ~
1837 5955 1840 5958 _
1929 5933 1934 5942 .

2133 345 2244 398 Καὶ
2265 343 2366 398 ποῦ
2389 343 2704 414 γέγραπται
2723 338 2926 403 ταῦτας
2945 336 3296 408 Λέγεταιγάρ
3311 337 3660 409 γεγράφθαι,

2061 437 2157 492 καὶ
2187 436 2317 490 ὅταν
2349 434 2424 506 μὴ
2471 433 2562 487 διά
2586 430 2698 487 τῶν
2732 431 3014 502 ῥημάτων,
3062 429 3200 484 ἀλλά
3231 430 3300 482 δι’
3331 429 3518 484 αὐτῶν
3541 430 3662 484 τῶν

2063 530 2408 600 πραγμάτων
2439 527 2670 594 κείμενα
2691 521 2750 596 ᾗ,
2783 524 2860 587 ὼς
2885 523 2978 576 ἐπὶ
3001 522 3106 576 τῶν
3141 521 3396 594 ἱστοριῶν
3415 538 3430 553 ·
3459 521 3494 592 ἦ
3521 523 3660 576 ὅταν

2057 624 2118 676 τὸ
2150 623 2282 676 αύτδ
2317 623 2416 694 μὲν
2445 619 2624 692 νόημα
2655 619 2908 692 κείμενον
2936 613 2992 690 ᾗ,
3029 616 3102 688 μὴ
3127 617 3214 671 ἐπ’
3249 617 3508 672 αὐτῶνδὲ
3543 617 3662 670 τῶν

2063 716 2346 787 ῥημάτων,
2391 713 2465 777 ὡς
2491 711 2749 768 ἐνταῦθα.
2775 710 2852 764 T6
2881 709 3012 780 γὰρ,
3058 705 3160 775 Οἷς
3195 709 3308 762 οὐκ
3339 709 3660 780 ἀνηγγέλη

2061 809 2193 876 περί
2230 807 2439 870 αὑτοῦ,
2467 806 2740 876 ὄψονται,
2777 803 2876 858 καί
2917 803 2976 858 οἳ
3019 805 3132 858 οὐκ
3169 804 3472 870 ἀκηκόασι
3503 820 3662 856 συν-

2057 901 2304 968 ήσουσι·
2325 898 2482 954 τοῦτο
2503 897 2699 952 ταυτόν
2721 899 2840 952 ἐστι
2860 897 3032 968 τῷ,¹Ἀ
3051 897 3358 967 όφθαλμιῖς
3377 896 3490 952 οὐκ
3501 892 3654 954 εἶδε.

2059 985 2160 1048 καί
2205 988 2314 1058 οὖς
2357 994 2468 1046 οὐκ
2501 991 2790 1060 ἤκουσεν.
2843 991 2914 1042 Ἢ
2953 989 3109 1044 τοῦτο
3143 991 3324 1042 τοίνυν
3363 989 3556 1058 φησὶν,
3613 989 3652 1058 ἦ

2058 1085 2206 1150 εἰκὸς
2231 1085 2324 1138 καὶ
2346 1084 2656 1156 γεγράφθαι
2677 1085 2735 1136 ὲν
2769 1082 2993 1152 βίϐλοις,
3025 1083 3122 1136 καὶ
3147 1080 3444 1152 ἠφανίσθαι
3465 1081 3536 1134 τά
3571 1081 3654 1150 βε·

2059 1177 2204 1232 ϐλία.
2243 1178 2352 1232 Καὶ
2397 1177 2507 1248 γὰρ
2556 1175 2730 1230 πολλὰ
2771 1175 3038 1247 διεφθάρη
3093 1175 3296 1246 βιϐλία,
3341 1175 3440 1228 καὶ
3491 1174 3656 1240 όλὲγα

2057 1270 2310 1340 διεσώθη,
2357 1271 2454 1324 καὶ
2495 1270 2588 1324 ἐπὶ
2635 1271 2736 1340 τῆς
2771 1269 3046 1340 προτέρας
3095 1270 3502 1340 αἰχμαλωσίας.
3539 1269 3654 1322 Καὶ

2057 1361 2216 1416 τοῦτο
2247 1361 2405 1432 δῆλον
2433 1364 2490 1414 ὲν
2523 1363 2644 1424 ταῖς
2675 1359 2795 1432 [54]
2827 1361 3374 1431 Παραλειπομέναις·
3413 1361 3510 1414 καὶ
3539 1363 3654 1430 γάρ

2057 1471 2222 1523 φησιν
2241 1455 2270 1507 6
2295 1452 2641 1519 Ἀπόστολος,
2655 1454 2737 1506 ὅτι
2763 1452 2910 1506 Ἀπὸ
2931 1451 3217 1522 Σαμουὴλ
3238 1453 3336 1506 καὶ
3362 1451 3484 1506 τῶν
3501 1453 3652 1520 ἑξῆς

2057 1545 2386 1614 προφητῶν
2418 1544 2642 1608 πάντες
2673 1541 2948 1613 εἰρήκασι
3000 1544 3134 1612 περί
3171 1545 3381 1600 αὐτοῦ.
3429 1547 3544 1598 Καὶ
3589 1549 3650 1598 οὐ

2057 1635 2277 1698 πάντως
2306 1634 2531 1704 φέρεται
2561 1632 2733 1686 ταῦτα
2753 1650 2766 1663 ⁸
2797 1635 2892 1686 τὸν
2911 1634 2968 1687 δὲ
2992 1633 3203 1688 Παῦλον
3230 1635 3326 1690 ἆτε
3361 1637 3652 1708 νομομαθῆ

2059 1727 2188 1782 ὅντα
2214 1728 2307 1780 καὶ
2340 1726 2618 1798 Πνεύματι
2650 1725 3020 1798 φθεγγόμενον
3047 1727 3194 1791 εἰκὸς
3225 1727 3426 1782 εἰδέναι
3469 1729 3654 1784 πάντα

2061 1821 2200 1893 μετά
2231 1819 2536 1892 ἀκριϐείας.
2571 1819 2682 1873 Καὶ
2709 1819 2759 1872 τί
2786 1819 2930 1888 λέγω
2961 1821 3088 1890 περὶ
3114 1822 3211 1892 τῆς
3233 1821 3650 1894 αἰχμαλωσίαςς

2059 1914 2169 1968 Καὶ
2207 1913 2318 1983 γὰρ
2352 1912 2460 1984 πρὸ
2506 1913 2607 1982 τῆς
2635 1913 3018 1986 αἰχμαλωσίας
3057 1913 3228 1968 πολλά
3259 1915 3534 1985 ἠφάνιστο
3569 1916 3656 1986 βι-

2059 2005 2204 2071 ϐλία,
2233 2004 2343 2058 τῶν
2383 2005 2655 2058 Ἰουδαίων
2681 2007 2761 2070 εἰς
2790 2005 3030 2075 ἐσχάτην
3058 2007 3314 2060 ἀσέϐειαν
3341 2006 3658 2072 ἐξοκειλάν-

2057 2115 2185 2153 των.
2220 2098 2328 2152 Καὶ
2354 2096 2512 2167 δῆλον
2537 2097 2602 2150 ἐκ
2631 2096 2722 2150 τοῦ
2768 2097 2958 2160 τέλους
2983 2098 3081 2167 τῆς
3111 2098 3378 2170 τετάρτης
3409 2099 3520 2152 τῶν
3551 2100 3658 2153 Βα-

2060 2189 2307 2244 σιλειῶν’
2359 2190 2420 2244 τὸ
2457 2189 2566 2262 γάρ
2617 2189 3038 2260 Δευτερονόμιον
3073 2189 3230 2260 μόλις
3275 2207 3380 2243 που
3419 2190 3656 2263 εὓρηται

2059 2285 2118 2336 ἐν
2147 2281 2354 2353 κοπρίᾳ
2382 2282 2894 2352 κατακεχωσμένον.
2952 2281 3161 2345 ’Ἄλλως
3205 2282 3261 2336 δὲ
3297 2283 3405 2336 εἰσὶ
3447 2283 3548 2336 καὶ
3571 2283 3656 2336 διε-

2061 2373 2194 2429 πλαῖ
2239 2373 2510 2445 πολλαχοῦ
2553 2377 2881 2446 προφητεῖαι
2913 2377 3024 2438 τοῖς
3067 2381 3460 2447 συνετωτέροις
3485 2378 3658 2430 εὐκα-

2057 2469 2346 2540 τάληπτοι,
2383 2467 2442 2532 ἐξ
2483 2461 2557 2521 ὧν
2583 2468 2755 2522 πολλά
2781 2469 2889 2522 τῶν
2915 2467 3142 2537 ἀσαφῶν
3171 2469 3320 2522 ἔστιν
3348 2470 3558 2540 εὑρεῖν.
3585 2469 3656 2521 Τί

2058 2558 2183 2628 οῦν;
2215 2562 2314 2616 οὐκ
2339 2558 2478 2616 εἶδεν
2503 2561 2803 2633 ὀφθαλμὸς,
2835 2561 2871 2616 ἃ
2899 2563 3198 2634 ἡτοίμασεν
3227 2565 3255 2617 ό
3285 2563 3452 2628 Θεός;
3479 2565 3652 2634 Οὐχί·

2059 2657 2142 2720 τίς
2173 2656 2282 2726 γὰρ
2325 2655 2434 2708 τῶν
2470 2653 2774 2725 ἀνθρώπων
2813 2651 2920 2709 εἶδε
2958 2659 3024 2710 τά
3069 2655 3476 2728 οἰκονομεῖσθαι
3519 2657 3654 2725 μέλ·-

2057 2748 2248 2814 λοντα;
2294 2743 2440 2818 *Λρα
2468 2741 2561 2800 οῦν
2585 2747 2706 2800 οὐδὲ
2748 2744 2841 2812 οὖς
2873 2748 3127 2818 ἤκουσεν,
3153 2747 3272 2802 οὐδὲ
3303 2749 3396 2801 ἐπὶ
3419 2749 3656 2820 καρδίαν

2057 2840 2347 2912 ἀνθρώπου
2373 2840 2540 2911 ἀνέϐη
2558 2857 2572 2906 ;
2589 2841 2681 2895 καὶ
2701 2841 2850 2906 πῶς;
2871 2843 2932 2896 Εἰ
2957 2841 3068 2912 γὰρ
3087 2844 3136 2896 οἰ
3167 2843 3448 2914 προφῆται
3469 2839 3652 2904 εἷπον.

2057 2933 2198 3000 πῶς,
2228 2934 2412 3007 φησὶν,
2447 2930 2540 3000 οῦς
2585 2937 2686 2990 οὐκ
2712 2936 2964 3006 ἤκουσεν,
2999 2937 3120 2990 οὐδὲ
3157 2939 3248 2992 ἐπὶ
3279 2937 3512 3008 καρδίαν
3551 2939 3654 2992 ἀν-

2057 3027 2278 3098 θρώπου
2313 3027 2520 3097 ἀνέϐη;
2555 3030 2670 3084 Οὐκ
2707 3029 2910 3101 ἀνέϐη⁹
2943 3029 3006 3082 οὐ
3037 3030 3146 3100 γὰρ
3180 3031 3306 3098 περὶ
3339 3030 3524 3084 αὐτῶν
3553 3033 3652 3100 μδ-

2055 3137 2144 3172 νον
2169 3120 2357 3190 φησὶν,
2379 3121 2516 3174 ἀλλά
2545 3120 2674 3190 περὶ
2699 3120 2882 3192 πάσης
2905 3124 3006 3192 τῆς
3027 3121 3380 3192 ἀνθρωπίνης
3405 3122 3648 3192 φύσεως.

2056 3213 2122 3265 Τί
2159 3208 2287 3276 οῦν;
2322 3214 2372 3265 οἰ
2409 3212 2684 3283 προφῆται
2723 3213 2826 3267 οὐκ
2873 3214 3150 3284 ἥκουσανς
3199 3217 3480 3270 Ἤκουσαν
3529 3218 3651 3286 μὲν,

2055 3303 2172 3357 ἀλλ’
2194 3305 2294 3358 οὐκ
2320 3300 2388 3376 ἦν
2421 3303 2712 3374 ἀνθρώπου
2737 3300 2833 3362 οῦς
2869 3305 2930 3359 16
2956 3301 3050 3368 οῦς
3083 3305 3148 3358 16
3187 3307 3556 3377 προφητικὸν·
3585 3309 3650 3360 οὑ

2055 3394 2164 3465 γάρ
2205 3393 2280 3459 ὠς
2327 3393 2606 3465 ἄνθρωποι
2639 3395 2899 3466 ἤκουσαν,
2935 3395 3050 3448 ἀλλ’
3087 3395 3164 3459 ὡς
3211 3397 3514 3467 προφῆται.
3555 3397 3654 3450 Διό

2057 3497 2212 3550 φησι,
2255 3479 2596 3548 Προσέθηκέ
2647 3499 2752 3551 μοι
2800 3482 2978 3537 ὠτίον
3015 3473 3282 3547 ἀκούειν,
3320 3485 3420 3556 τὴν
3473 3503 3652 3556 προσ-

2055 3571 2230 3644 θήκην
2263 3573 2363 3643 τὴν
2403 3572 2511 3625 ἀπὸ
2553 3571 2649 3626 τοῦ
2685 3573 3006 3644 Πνεύματος
3034 3575 3228 3644 λέγων.
3263 3577 3425 3630 Ὅθεν
3463 3577 3646 3649 δῆλον,

2053 3664 2136 3716 ὅτι
2156 3664 2284 3734 πρὶν
2306 3663 2338 3734 ἢ
2359 3663 2610 3730 ἀκοῦσαι,
2632 3663 2754 3718 οὐδὲ
2777 3667 2868 3719 ἐπὶ
2889 3667 3118 3738 καρδίαν
3141 3667 3431 3738 ἀνθρώπου
3455 3670 3644 3740 ἀνέϐη.

2053 3759 2210 3812 Μετά
2239 3759 2348 3828 γάρ
2371 3758 2469 3830 τὴν
2497 3757 2592 3810 τοῦ
2637 3759 2953 3829 Πνεύματος
2997 3761 3142 3814 δόσιν
3190 3763 3288 3814 οὐκ
3332 3759 3401 3836 ἦν
3449 3766 3648 3835 καρδία

2053 3849 2364 3922 ἀνθρώπου,
2419 3849 2558 3904 ἀλλὰ
2589 3851 2788 3922 καρδία
2828 3854 3176 3924 πνευματικὴ
3209 3857 3240 3926 ἡ
3277 3855 3382 3910 τῶν
3435 3874 3648 3930 προφη-

2052 3941 2182 4006 τῶν,
2224 3941 2479 4012 καθάπερ
2509 3945 2604 3996 καὶ
2635 3943 2792 4008 αὐτὸς
2821 3961 2984 4018 φησι’
3019 3944 3191 4000 Νοῦν
3219 3949 3484 4016 Χριστοῦ
3511 3950 3650 4019 ἐχο-

2048 4052 2184 4104 μεν.
2235 4036 2301 4087 Ὃ
2349 4035 2408 4088 δὲ
2453 4035 2623 4104 λέγει,
2676 4027 2836 4090 τοῦτό
2879 4039 3026 4090 ἐστι·
3064 4039 3202 4110 Πρὶν
3249 4040 3282 4110 ἦ
3321 4040 3648 4112 Πνεύματος

2052 4128 2360 4182 ἀπολαῦσαι
2403 4128 2498 4182 καὶ
2542 4128 2734 4198 μαθεῖν
2761 4129 2830 4184 τά
2869 4129 3178 4202 ἀπόρρητα,
3219 4132 3340 4185 οὐδὲ
3368 4133 3531 4203 ἡμῶν
3559 4151 3646 4198 τις

2051 4222 2174 4276 οὐδὲ
2214 4221 2322 4274 τῶν
2351 4221 2649 4293 προφητῶν
2690 4223 2830 4276 αὐτὰ
2870 4223 3139 4293 ἐνενόησε.
3181 4225 3302 4288 Πῶς
3333 4225 3463 4298 γὰρ,
3503 4227 3642 4280 ὅπου

2050 4313 2174 4368 οὐδὲ
2197 4314 2419 4383 ἄγγελοι
2449 4313 2591 4368 αύτά
2619 4313 2852 4386 ᾔδεσαν;
2883 4315 2948 4368 Τί
2975 4317 3084 4387 γὰρ
3111 4317 3218 4388 χρὴ
3253 4317 3456 4386 λέγειν,
3481 4321 3638 4390 φησι,

2054 4407 2184 4480 περὶ
2211 4406 2320 4460 τῶν
2349 4407 2629 4478 ἀρχόντων
2673 4406 2768 4460 τοῦ
2797 4408 2992 4471 αἰῶνος
3018 4410 3235 4474 τούτου,
3277 4412 3412 4464 ὅπου
3447 4429 3510 4480 γε
3543 4413 3638 4464 06-

2049 4502 2162 4565 δεῖς
2213 4499 2517 4572 ἀνθρώπιον
2545 4499 2721 4554 ταῦτα
2749 4499 3039 4570 ἠπίστατο,
3066 4501 3187 4554 οὐδὲ
3230 4504 3286 4555 αἱ
3335 4503 3448 4557 ἀνω
3481 4504 3640 4559 δυνά-

2052 4611 2206 4664 μεις;
2241 4595 2374 4646 Ποῖα
2405 4593 2471 4664 δὴ
2505 4593 2708 4656 ταῦτα;
2743 4593 2863 4646 Ὅτι
2903 4593 2990 4647 διὰ
3021 4597 3120 4664 τῆς
3182 4595 3447 4666 δοκούσης
3496 4593 3636 4650 εἶναι

2053 4685 2265 4758 μωρίας
2296 4686 2389 4740 τοῦ
2437 4686 2796 4758 κηρύγματος
2833 4689 3100 4762 κρατήσει
3137 4687 3236 4758 τῆς
3266 4689 3630 4760 .οίκουμένης,

2049 4779 2144 4832 καὶ
2170 4778 2240 4832 τὰ
2271 4779 2400 4850 ἔθνη
2431 4779 2888 4850 εἰσενεχθήσεται,
2939 4779 3033 4833 καὶ
3059 4781 3142 4834 ὅτι
3171 4781 3492 4854 καταλλαγὴ
3537 4781 3634 4836 τοῦ

2047 4873 2186 4928 Θεοῦ
2219 4873 2356 4945 πρὸς
2379 4872 2702 4946 ἀνθρώπους
2735 4871 2906 4936 ἔσται,
2955 4874 3049 4928 καὶ
3077 4873 3319 4928 τοσαῦτα
3350 4877 3486 4946 ἡμῖν
3512 4875 3634 4946 ἥξει

2047 4951 2116 5020 τά
2161 4965 2362 5036 ἀγαθά.
2409 4966 2535 5030 Πῶς
2585 4960 2680 5018 οὖν
2721 4965 3000 5036 Εγνωμενς
3042 4965 3214 5035 Ἡμῖν
3251 4967 3342 5030 δὲ,
3375 4969 3566 5036 φησὶν,
3597 4971 3634 5024 ὁ

2051 5057 2196 5124 Θεὸς
2243 5057 2606 5126 ἀπεκάλυψε
2641 5056 2740 5110 διὰ
2781 5057 2890 5114 τοῦ
2923 5058 3268 5125 Πνεύματος
3301 5058 3514 5114 αὐτοῦ.
3553 5059 3628 5112 οι

2045 5152 2132 5206 διὰ
2155 5152 2256 5221 τῆς
2277 5150 2476 5217 ἔξωθεν
2503 5151 2694 5219 σοφίας
2715 5167 2729 5180 ·
2755 5149 2896 5220 αὕτη
2921 5151 3054 5220 γάρ,
3085 5151 3338 5220 καθάπερ
3355 5167 3440 5214 τις
3473 5150 3632 5221 θερα-

2047 5243 2231 5306 παινὶς
2277 5242 2622 5313 ἡτιμωμένη,
2651 5243 2754 5295 οὐκ
2793 5241 2992 5312 ἀφείθη
3025 5241 3170 5294 ἔνδον
3207 5242 3492 5309 εἰσελθεῖν,
3537 5246 3628 5298 καὶ

2047 5331 2368 5405 παρακύψαι
2402 5335 2482 5395 εἰς
2511 5335 2579 5386 τά
2611 5332 2906 5386 δεσποτικὰ
2939 5336 3232 5405 μυστήρια.

2115 5427 2176 5479 δ’.
2203 5427 2365 5497 Ὁρᾷς
2397 5426 2591 5479 ὃσοντὸ
2605 5425 2766 5498 μέσον
2778 5427 3078 5495 τῆςσοφίας
3104 5427 3305 5497 ταύτης
3333 5428 3624 5500 κάκείνηςς

2048 5520 2227 5590 "A1159
2261 5517 2482 5588 ἄγγελοι
2508 5519 2607 5572 οὐκ
2634 5519 2896 5587 ἔγνωσαν,
2923 5520 3096 5573 ταῦτα
3127 5521 3275 5591 ἡμᾶς
3301 5523 3624 5576 ἐπαίδευσεν

2045 5611 2208 5682 αῦτη.
2261 5612 2327 5664 Ἤ
2354 5612 2410 5665 δὲ
2451 5610 2651 5678 ἔξωθεν
2689 5613 2998 5666 τούναντίον
3035 5613 3322 5683 ἐποίησεν·
3351 5613 3414 5667 οὐ
3467 5615 3626 5685 μόνον

2110 5853 2132 5884 ε
2157 5851 2238 5910 εἰσ
2290 5849 2474 5914 Regius
2525 5849 2700 5914 codex.
2739 5849 2874 5914 rEdlli
2910 5863 3064 5914 yet-0,
3089 5851 3144 5899 τὸ
3181 5852 3359 5914 μαθεῖν,
3406 5859 3459 5903 ει
3489 5865 3621 5914 mox,

2047 5915 2102 5961 τὸ
2145 5914 2262 5976 μετά
2287 5913 2518 5978 ἀγγέλων,
2549 5920 2604 5964 οι
2639 5913 2696 5962 τὸ
2730 5913 2809 5962 διὰ
2849 5911 2938 5962 τοῦ
2973 5911 3263 5976 ΙΙνεύματος,
