3864 6216
186 301 240 359 5,
1200 269 1266 326 lN
1303 265 1518 326 EPIST.
1560 264 1581 320 ι
1643 263 1734 321 AD
1773 260 1926 318 con.
1968 261 2195 321 uenit.
2222 267 2331 325 vn.
3354 282 3423 337 δε

183 419 244 479 Nc
260 423 370 481 ergo
386 401 582 475 cogites
600 414 719 456 eam
738 410 857 467 quae
882 388 1185 449 intercessit
1208 382 1542 442 inimicitiam
1563 397 1577 446 ;
1609 388 1726 433 erat

182 476 418 568 cnim—illa
445 495 714 565 antiquior
742 486 998 543 amicitia.
1030 481 1163 537 Illud
1201 490 1379 534 autem
1400 517 1417 544 ,
1456 476 1587 529 Ante
1625 486 1725 526 sa:-

182 602 302 664 ητα,
329 601 575 650 internum
611 585 711 641 sibi
753 582 868 637 vult
896 598 910 635 :
940 594 1062 633 nam
1099 586 1152 631 et
1181 572 1308 629 alibi
1337 573 1409 627 ita
1447 568 1682 637 loquitur
1708 582 1723 618 :

186 657 266 759 Qui
288 657 351 743 est
373 692 486 737 ante
513 676 719 733 satcula.
758 671 1063 729 invenietur
1088 679 1220 737 ergo
1258 663 1419 719 etiam
1456 658 1623 716 Filius
1651 657 1730 711 sic

182 748 381 842 internus
406 786 545 830 esse.
574 768 709 826 Nam
740 766 807 821 de
835 764 952 834 ipso
975 760 1127 826 dicit,
1160 756 1300 829 quod
1324 769 1419 825 per
1448 754 1621 822 ipsum
1648 748 1729 804 fe-

181 878 293 936 ccrit
312 868 493 927 saecula
521 864 709 937 (Hebr.
738 861 789 915 1.
819 858 901 927 2),
928 854 1070 928 quod
1093 860 1177 908 est
1203 860 1327 906 ante
1348 847 1542 903 stecula
1569 857 1690 899 esse
1714 860 1728 895 :

182 971 256 1036 aui
281 964 389 1022 fecit
412 936 575 1020 enim,
602 962 725 1009 ante
750 952 841 1007 illa
864 966 983 1021 qua:
1012 949 1145 1001 facta
1166 951 1294 1000 sunt
1317 949 1454 997 erat.
1477 939 1530 994 8.
1567 936 1732 1004 Quam

183 1078 305 1119 nemo
344 1056 623 1127 principum
666 1048 817 1118 hujus
863 1042 1037 1100 δίει-ιιιὶ
1075 1036 1306 1110 cognovit
1333 1051 1352 1090 :
1380 1036 1423 1089 si
1464 1033 1600 1087 enim
1642 1046 1731 1083 co-

182 1125 448 1227 gnovissent,
491 1157 764 1214 numquam
809 1136 1086 1192 Dominum
1128 1132 1304 1203 gloria:
1341 1125 1731 1189 cruciﬁxissent.

184 1214 319 1314 atqui
353 1256 415 1296 ne
450 1232 777 1292 accusationi
821 1227 1037 1299 quidem
1081 1231 1234 1279 erant
1263 1218 1517 1283 obuoxii,
1555 1214 1732 1284 .siqui-

185 1312 286 1389 dein
317 1346 377 1381 ex
419 1322 726 1395 ignorantia
762 1317 1174 1374 cruciﬁxerunt.
1209 1312 1264 1367 Si
1289 1319 1468 1365 autem
1493 1322 1600 1363 non
1630 1322 1727 1362 co-

186 1428 473 1497 gnoverunt,
493 1414 766 1487 quomodo
793 1411 1010 1466 diccbat
1043 1426 1055 1461 :
1088 1406 1155 1460 Et
1186 1422 1264 1459 me
1293 1404 1479 1467 nostis,
1510 1410 1559 1455 et
1589 1400 1726 1453 unde

180 1494 261 1578 sim
286 1518 427 1574 nostis
462 1513 652 1586 (Joan.
684 1512 737 1565 7.
768 1507 907 1580 es)?
939 1507 1013 1562 De
1048 1504 1217 1559 Pilato
1243 1500 1386 1556 enim
1422 1496 1552 1552 dicit
1593 1494 1738 1550 Scri-

184 1624 346 1684 ptura,
375 1606 511 1679 quod
551 1619 662 1659 non
702 1600 945 1662 noverit;
979 1593 1269 1650 verisimile
1309 1598 1488 1645 autem
1527 1594 1612 1643 est
1637 1598 1737 1639 uec

182 1679 415 1762 llerodem
454 1697 692 1753 novisse.
724 1693 831 1747 llos
859 1688 1059 1745 dixerit
1087 1685 1352 1756 quispiam
1383 1680 1563 1737 vocari
1588 1679 1735 1749 prin-

181 1802 308 1868 cipes
331 1792 476 1863 hujus
499 1787 704 1846 saeculi.
737 1783 891 1852 Quod
918 1782 962 1836 si
992 1781 1060 1835 de
1085 1777 1283 1833 ludatis
1309 1785 1364 1829 et
1390 1774 1457 1828 de
1480 1771 1736 1827 sacerdo-

182 1867 304 1948 tibus
330 1888 518 1943 dixerit
542 1882 807 1955 quispiam
834 1878 950 1933 hinc
970 1873 1217 1944 intelligi,
1242 1886 1347 1926 non
1372 1867 1695 1924 aberraverit
1721 1878 1737 1928 ;

183 2002 286 2042 nam
313 1984 409 2038 illis
431 1994 645 2051 quoque
674 1976 804 2031 dicit
829 1991 842 2027 :
877 1970 991 2027 Nec
1018 1986 1096 2023 me
1120 1967 1308 2029 nostis,
1341 1980 1500 2033 neque
1533 1960 1737 2015 Patrem

179 2096 323 2135 uirum
353 2076 369 2148 (
397 2074 485 2129 Id.
518 2074 571 2128 8.
604 2071 672 2127 i9
697 2070 738 2141 ).
776 2063 1057 2137 Quomodo
1090 2076 1220 2131 ergo
1259 2057 1505 2128 superius
1567 2054 1736 2121 dixit,

180 2176 238 2229 Et
260 2190 330 2227 me
362 2146 536 2233 nostis,
561 2175 611 2221 et
648 2164 782 2218 unde
817 2162 913 2217 sim
942 2155 1143 2212 nostis?
1168 2153 1272 2210 Sed
1303 2151 1423 2222 quis
1451 2149 1522 2204 sit
1547 2146 1739 2203 modus

178 2266 317 2334 hujus
340 2273 390 2316 et
424 2260 564 2314 illius
591 2254 857 2319 lectionis,
892 2252 943 2305 in
974 2246 1280 2318 Evangeliis
1306 2243 1508 2297 dictum
1540 2247 1656 2303 est;
1685 2245 1739 2293 et

179 2328 253 2410 ne-
278 2352 397 2408 illud
439 2347 774 2420 frequentius
814 2353 1124 2404 versemus,
1175 2350 1241 2395 eo
1288 2332 1612 2390 remittimus
1657 2328 1738 2383 le-

174 2458 352 2503 ctores.

235 2540 286 2594 3.
305 2535 434 2604 Quid
451 2532 606 2604 ergo?
628 2529 910 2587 remissum
938 2534 1022 2581 est
1042 2523 1168 2587 illis,
1193 2519 1335 2592 quod
1358 2518 1498 2573 circa
1521 2530 1736 2572 crucem

174 2631 474 2685 admiserunt
495 2623 798 2697 peccatum?
816 2636 936 2676 nam
955 2617 1110 2677 dixit,
1130 2614 1344 2671 Remitte
1361 2611 1486 2666 illis.
1502 2609 1560 2665 Si
1577 2606 1740 2679 paeni-

175 2725 373 2780 tentiam
396 2729 621 2792 egerunt
644 2758 661 2785 ,
685 2715 971 2772 remissum
1015 2719 1118 2766 est.
1160 2707 1294 2764 Nam
1321 2705 1413 2777 qui
1440 2701 1739 2758 innumeris

174 2817 397 2873 manibus
412 2811 740 2882 Stephanum
758 2808 830 2863 im
839 2805 992 2877 petiit
1004 2814 1058 2860 et
1072 2800 1366 2858 Ecclesium
1384 2803 1739 2868 persequutus

174 2921 245 2966 est
266 2952 279 2976 ,
304 2910 514 2969 Paulus,
552 2902 807 2960 Ecclesia:
836 2909 1093 2972 patronus
1122 2896 1295 2951 factus
1319 2902 1420 2949 est.
1461 2890 1552 2947 Sic
1577 2889 1741 2960 igitur

177 3002 320 3057 etiam
349 2999 452 3055 illis
492 2996 785 3054 remissum
824 3004 928 3057 est,
961 2989 1052 3061 qui
1076 2987 1346 3045 voluerint
1370 2982 1741 3056 pmnitentiam

170 3111 342 3166 agere:
361 3092 500 3163 quod
527 3092 690 3147 etiam
715 3088 911 3144 Paulus
929 3086 1169 3141 clamans
1180 3080 1394 3136 dicebat
1415 3095 1427 3131 :
1447 3076 1577 3131 Dico
1597 3091 1737 3147 ergo,

173 3188 301 3243 Nam
324 3188 442 3257 quid
469 3184 828 3252 offenderunt,
862 3191 916 3233 ut
943 3174 1227 3231 caderent?
1256 3172 1397 3227 Absit
1424 3171 1441 3240 (
1467 3170 1617 3225 Rom.
1648 3168 1747 3223 iis

172 3284 225 3337 il
252 3282 291 3351 ).
310 3282 368 3335 Et
394 3280 612 3343 iterum,
639 3275 781 3329 Nunt
810 3272 999 3338 repulit
1018 3268 1273 3323 Dominus
1303 3264 1736 3337 pppulumsuttm,

170 3390 301 3445 quem
328 3372 575 3442 prtescirit
597 3371 624 3425 ?
652 3368 793 3423 Absit
819 3364 981 3439 (Ibid.
1010 3378 1058 3417 υ.
1085 3360 1163 3433 i).
1196 3358 1399 3415 Deinde
1420 3355 1734 3417 ostendens,

170 3468 294 3537 quod
338 3482 440 3520 nou
488 3464 599 3518 sint
641 3458 845 3517 exclusi
886 3473 917 3511 a
962 3452 1312 3527 pmoitentia,
1358 3456 1729 3520 argumentum

169 3559 366 3616 adducit
393 3555 761 3630 panitentiam
785 3565 932 3605 suam
963 3548 1149 3603 dicens
1176 3562 1190 3598 ι
1217 3542 1354 3597 Nam
1378 3552 1426 3596 et
1445 3557 1533 3611 ego
1561 3538 1741 3592 Israe-

168 3655 248 3707 lita
272 3629 405 3705 sum.
438 3650 577 3705 Illud
600 3655 801 3708 autem,
837 3641 957 3695 Non
986 3644 1343 3709 cognoverunt,
1376 3632 1585 3688 videtur
1610 3629 1749 3684 mihi

168 3760 261 3797 una
284 3744 347 3798 de
366 3742 580 3797 Christo
606 3738 806 3793 dictum
835 3734 921 3788 hic
949 3732 1130 3793 fuisse,
1149 3729 1241 3783 sed
1271 3728 1338 3782 de
1364 3726 1441 3781 rei
1465 3725 1745 3793 dispensa-

168 3836 301 3889 tione
329 3851 339 3890 :
370 3832 522 3888 verbi
561 3828 733 3900 gratia
754 3867 771 3894 ,
807 3824 932 3895 quid
963 3822 1062 3877 sibi
1101 3820 1299 3874 vellent
1328 3832 1473 3872 mors
1511 3822 1569 3870 et
1610 3828 1740 3868 crux

167 3925 480 3981 nesciebant.
510 3922 723 3976 Etenim
753 3933 856 3971 non
884 3915 1012 3970 dicit
1058 3912 1131 3988 ilri
1153 3952 1168 3976 ,
1197 3911 1280 3967 Me
1308 3925 1412 3964 non
1442 3913 1741 3970 noverunt;

165 4020 251 4073 sed
273 4060 289 4084 ,
334 4016 584 4070 Nesciunt
629 4010 753 4083 quid
794 4009 987 4078 faciunt
1017 4004 1186 4077 (Luc.
1229 4002 1321 4057 25.
1354 4002 1423 4056 5i
1449 4000 1503 4071 );
1536 3999 1588 4053 id
1619 4009 1742 4064 est,

166 4108 507 4164 meuuomhm
533 4120 658 4175 quae
679 4099 950 4173 peragitur
970 4107 1026 4151 et
1055 4098 1366 4166 mysterium
1394 4108 1499 4147 non
1529 4098 1745 4145 norunt.

164 4202 269 4256 Non
297 4200 439 4255 enim
487 4197 776 4260 sciebant,
825 4191 1058 4246 futurum
1104 4202 1224 4242 esse
1285 4194 1343 4239 ut
1388 4200 1519 4239 crux
1548 4184 1616 4236 ita
1662 4197 1748 4236 re-

167 4294 465 4360 splemleret
488 4332 503 4355 ,
539 4304 644 4344 nec
669 4283 808 4355 quod
838 4284 989 4338 lieret
1018 4281 1164 4335 salus
1202 4277 1349 4333 orbis
1377 4318 1390 4341 ,
1414 4287 1469 4332 et
1498 4275 1596 4331 Dei
1621 4290 1743 4329 cum

167 4387 461 4442 hominibus
488 4377 860 4438 reconciliatio
886 4417 902 4443 ,
933 4389 1106 4445 neque
1136 4374 1374 4427 futurum
1415 4368 1561 4423 urbis
1599 4367 1747 4422 exci-

164 4479 299 4534 dium
324 4520 338 4539 .
366 4492 468 4533 nec
495 4474 645 4548 quod
670 4481 908 4528 extrema
936 4468 1011 4525 illi
1046 4465 1256 4536 passuri
1285 4474 1487 4519 essent.
1520 4460 1750 4533 Sapien-

166 4572 280 4626 tiam
306 4580 485 4625 antem
515 4574 677 4622 vocat
705 4573 760 4621 et
782 4563 1055 4619 Christum
1084 4568 1137 4614 et
1164 4572 1378 4613 crucem
1413 4564 1466 4611 et
1487 4554 1749 4626 praedica-

167 4666 374 4718 tionem.
414 4662 738 4732 Opportune
763 4670 889 4711 vero
912 4662 968 4708 et
999 4652 1283 4707 Dominum
1309 4646 1492 4719 gloriae
1515 4644 1749 4702 vocavit.

165 4755 286 4821 Quia
314 4757 456 4808 enim
486 4767 630 4807 crux
674 4744 1029 4819 ignominiosa
1074 4743 1286 4797 videtur
1316 4755 1435 4795 esse
1456 4781 1472 4806 ,
1518 4736 1754 4793 ostendit

168 4862 365 4901 crucem
393 4860 518 4901 esse
545 4857 795 4913 magnam
822 4837 1074 4909 gloriam.
1116 4835 1220 4891 Sed
1249 4848 1439 4904 magna
1467 4847 1604 4902 epus
1636 4839 1753 4886 erat

165 4940 409 5008 sapientia
442 4954 552 4992 non
585 4935 748 4990 modo
772 4933 838 4987 ad
870 4932 1035 4985 Deum
1063 4927 1495 4999 cognoscendum
1524 4966 1539 4988 ,
1573 4924 1666 4979 sed
1696 4933 1752 4979 et

166 5026 225 5077 ad
249 5024 564 5080 discendam
612 5022 751 5074 banc
780 5017 874 5073 Dei
898 5017 1256 5072 meouomiam
1286 5029 1301 5068 :
1327 5022 1546 5067 externa
1575 5018 1751 5064 autem

167 5117 415 5187 sapientia
446 5132 559 5171 non
595 5110 763 5183 priori
789 5118 995 5166 tantum
1020 5149 1036 5173 ,
1065 5105 1161 5161 sed
1188 5105 1312 5159 huic
1337 5102 1497 5159 etiam
1526 5100 1752 5173 impedi-

167 5220 337 5264 mento
360 5211 478 5265 fuit.
516 5209 575 5264 9.
609 5205 738 5273 Sed,
789 5214 845 5257 ut
869 5202 1113 5271 scriptum
1136 5206 1228 5265 est,
1265 5196 1457 5251 Oculus
1484 5210 1586 5248 non
1611 5193 1754 5255 vidit,

168 5320 247 5357 nec
270 5305 409 5359 auris
434 5301 640 5356 audivit
664 5341 677 5363 ,
723 5308 813 5351 nec
838 5302 892 5350 in
919 5311 1006 5349 cor
1032 5292 1251 5347 hominis
1280 5289 1610 5345 ascenderunt
1637 5301 1751 5360 quia

170 5396 462 5463 preparavit
499 5393 647 5448 Deus
673 5387 995 5460 diligentibus
1020 5402 1093 5441 se.

234 5485 384 5541 Multi
429 5486 728 5555 Scriptura:
767 5496 927 5536 sacra:
970 5479 1086 5534 libri
1125 5476 1330 5548 perditi.
1354 5474 1514 5528 -——Et
1544 5472 1757 5527 ubinam

171 5583 351 5650 scripta
381 5590 510 5637 sunt
543 5579 666 5633 hare
693 5577 765 5645 (α)
787 5578 808 5629 ‘l
836 5575 1037 5630 Dicitur
1062 5613 1078 5640 ,
1128 5570 1393 5639 Scriptum
1416 5575 1525 5633 est,
1551 5564 1761 5621 etiamsi

229 5736 297 5796 (α)
343 5736 436 5785 llic
476 5741 625 5783 notat
663 5727 1152 5796 Antlreas_D_otttimtts
1175 5762 1189 5786 ,
1223 5725 1646 5796 Chrysostqmutn,
1680 5722 1763 5785 qui

174 5785 335 5858 alia;
350 5799 555 5848 ubinam
582 5794 861 5857 reperiatur
878 5791 927 5841 in
940 5790 1140 5840 Veteris
1156 5785 1454 5840 'restatiienti
1471 5787 1607 5838 libris
1631 5785 1766 5843 locus

1834 393 1935 432 non
1962 385 2160 450 verlns,
2179 385 2272 440 sed
2290 386 2344 443 in
2371 387 2531 445 rebus
2554 390 2683 462 ipsis
2703 391 2817 449 haec
2845 398 3015 465 posita
3040 395 3169 463 sint,
3193 406 3246 452 ut
3268 396 3320 452 in
3341 396 3419 453 hi-

1832 471 2037 571 ξίυξίίδὶ
2062 477 2141 530 Vel
2162 476 2208 532 Si
2229 479 2341 549 ipse
2368 482 2582 548 quidem
2606 500 2795 541 sensus
2816 491 3137 558 reperiatur,
3166 490 3289 543 licet
3314 506 3417 543 non

1833 568 1962 630 llibis
1983 568 2158 623 verbis
2174 573 2315 625 sicut
2346 572 2451 628 hic.
2477 576 2610 629 Illud
2629 576 2796 645 enim,
2823 580 3016 645 Quibus
3038 598 3137 634 non
3152 586 3421 636 annuntia-

1835 662 1938 705 tttnt
1961 668 2031 709 est
2049 658 2111 711 de
2128 661 2237 725 illo,
2260 664 2518 731 videbunt;
2532 679 2578 722 et
2598 672 2689 740 qui
2701 687 2801 725 non
2821 672 3114 733 audierunt,
3140 676 3421 745 intelligent

1837 757 1856 824 (
1884 753 2031 811 Rom.
2060 758 2146 812 15.
2167 756 2262 828 21)
2289 777 2303 823 ;
2339 758 2439 814 hoc
2468 760 2697 830 idipsuni
2726 773 2807 819 est
2831 773 2990 833 atque
3026 765 3153 819 illtid
3183 789 3204 833 ,·
3231 766 3421 821 Oculus

1836 866 1938 903 non
1966 851 2089 904 vidit
2113 893 2129 917 ,
2160 868 2251 905 nec
2276 853 2415 906 auris
2441 854 2655 911 audit-it.
2704 856 2809 910 Atii
2837 855 2937 911 huc
2963 856 3123 927 igitur
3152 858 3303 923 dicit;
3332 870 3422 913 aut

1836 940 2129 996 verisimile
2169 952 2251 997 est
2283 943 2539 1014 scriptum
2586 946 2751 1001 fuisse
2797 947 2847 1001 in
2908 948 3080 1014 libris,
3126 950 3215 1018 qui
3252 951 3424 1019 perie-

1838 1040 1964 1087 rint.
2017 1033 2148 1088 Naiti
2209 1036 2363 1091 multi
2423 1036 2544 1092 libri
2610 1037 2804 1107 perditi
2850 1040 3093 1101 fuerunt,
3151 1050 3206 1097 ct
3268 1044 3423 1111 pauci

1838 1125 2034 1180 servati
2060 1136 2204 1194 sunt,
2234 1129 2394 1183 etiam
2424 1130 2473 1183 in
2508 1130 2673 1200 prima
2707 1132 3034 1201 captivitate.
3071 1135 3135 1189 Et
3162 1136 3261 1188 hoc
3303 1151 3427 1205 pcr-

1839 1217 2079 1286 spieunm
2105 1219 2264 1274 estin
2293 1222 2713 1293 Paralipomenis
2742 1243 2755 1277 :
2786 1224 3073 1278 diciteuim
3096 1228 3381 1294 Apostolus
3405 1267 3422 1293 ,

1840 1310 1883 1364 Α
1915 1311 2155 1367 Samuele
2179 1323 2227 1367 et
2272 1316 2333 1369 iis
2361 1317 2448 1383 qui
2477 1327 2650 1388 postea
2678 1318 2885 1387 fuerunt
2911 1322 3172 1391 prop/telis
3193 1361 3207 1386 ,
3252 1337 3426 1376 omnes

1839 1406 1903 1459 de
1930 1405 2020 1460 illo
2052 1409 2287 1462 dixerunt
2314 1413 2330 1476 (
2358 1409 2468 1463 Aet.
2511 1412 2562 1466 '5.
2589 1409 2702 1482 24).
2738 1413 2808 1465 At
2833 1428 2938 1467 non
2963 1413 3181 1467 omnino
3210 1413 3326 1470 haec
3355 1415 3426 1469 ita

1840 1496 2090 1553 feruntur
2119 1520 2133 1554 :
2167 1500 2393 1556 Paulum
2435 1512 2614 1559 autem
2646 1513 2917 1575 tamquam
2948 1505 3080 1576 legis
3109 1506 3336 1576 petitam
3368 1517 3424 1562 et

1838 1606 1903 1644 ex
1931 1590 2133 1660 Spiritu
2178 1592 2485 1662 loquentem
2530 1595 2824 1652 verisimile
2850 1606 2931 1652 est
2956 1600 3132 1651 omnia
3176 1610 3425 1653 accurate

1839 1680 2081 1738 εεὶνὶεεθ.
2108 1683 2173 1737 Et
2193 1684 2319 1754 quid
2344 1684 2467 1741 dico
2491 1685 2558 1741 de
2584 1687 2931 1757 captivitate?
2962 1704 3087 1743 nam
3114 1691 3274 1745 etiam
3301 1702 3426 1744 ante

1839 1776 2199 1845 captivitatem
2230 1778 2379 1832 multi
2411 1778 2617 1847 periere
2647 1779 2791 1844 libri,
2821 1780 3020 1835 inda-is
3050 1782 3100 1835 in
3128 1791 3425 1835 extremam

1842 1870 2168 1939 impietatem
2196 1870 2427 1941 delapsis
2473 1890 2487 1926 :
2538 1872 2675 1943 quod
2710 1872 2884 1942 palam
2914 1885 2995 1927 est
3024 1890 3085 1928 ex
3118 1875 3224 1929 line
3252 1876 3427 1944 quarti

1844 1962 1963 2019 libri
1993 1963 2321 2033 Regnorum.
2362 1965 2838 2020 Dcutcronomium
2867 1968 3009 2019 enim
3043 1967 3130 2021 vix
3156 1977 3427 2036 repertum

1844 2056 1941 2109 luit
1989 2056 2042 2110 in
2082 2057 2420 2127 sterquilinio
2463 2057 2758 2114 defossum.
2801 2058 3050 2129 Alioquin
3095 2066 3273 2114 autem
3306 2069 3431 2115 sunt

1842 2161 1987 2215 saipe
2011 2146 2170 2201 etiam
2198 2148 2438 2218 duplices
2464 2149 2758 2219 prephetim
2783 2191 2799 2216 ,
2826 2149 3244 2219 Sapientiaribus
3275 2150 3428 2205 facile

1841 2239 2088 2308 cognitae,
2123 2255 2190 2294 ex
2236 2240 2428 2309 quibus
2477 2242 2686 2296 acetilta
2740 2244 2903 2296 multa
2940 2253 3160 2312 possunt
3203 2245 3426 2315 percipi.

1842 2331 1979 2397 Quid
2006 2332 2174 2402 ergo?
2217 2349 2323 2387 non
2356 2332 2488 2387 vidit
2512 2334 2703 2389 oculus
2734 2351 2851 2403 qua:
2893 2335 3215 2405 prteparatit
3250 2337 3389 2390 Deus
3408 2340 3429 2389 ’ξ

1841 2424 1957 2480 Non
1983 2441 1996 2477 :
2029 2426 2149 2495 quis
2174 2426 2314 2480 enim
2340 2425 2618 2481 hominum
2650 2427 2779 2482 vidit
2805 2442 2889 2492 ea,
2921 2444 3039 2498 qum
3067 2427 3431 2499 dispensanda

1822 2514 2029 2573 'erant?
2044 2518 2178 2574 Num
2198 2535 2326 2590 ergo
2350 2536 2525 2590 neque
2547 2521 2692 2575 auris
2714 2521 2938 2588 audivit,
2959 2536 3055 2577 nec
3073 2521 3125 2576 in
3144 2538 3238 2577 cor
3259 2522 3434 2583 ιιοιιιίτ

1841 2610 1924 2665 nis
1942 2611 2335 2667 ascenderunt?
2360 2622 2415 2667 et
2433 2612 2729 2683 quomodo?
2750 2613 2795 2668 si
2816 2613 2957 2668 enim
2986 2613 3260 2686 propheta:
3280 2613 3431 2668 dixe-

1842 2714 1987 2774 runt,
2018 2705 2247 2776 inquies,
2275 2706 2545 2777 quomodo
2570 2707 2718 2762 auris
2750 2721 2855 2761 non
2886 2707 3106 2773 audivit,
3135 2720 3231 2761 nec
3256 2705 3307 2759 in
3332 2720 3429 2760 cor

1843 2800 2076 2857 hominis
2115 2802 2514 2856 ascenderunt?
2558 2800 2674 2856 Non
2719 2802 3077 2856 ascenderunt
3110 2819 3123 2855 :
3152 2816 3255 2855 non
3284 2800 3429 2854 enim

1842 2891 1909 2947 de
1929 2892 2058 2962 ipsis
2086 2894 2218 2948 solis
2255 2893 2509 2963 loquitur,
2538 2893 2634 2948 sed
2670 2895 2828 2949 etiam
2855 2892 2923 2948 de
2952 2892 3199 2947 universa
3244 2902 3432 2946 natura

1847 2988 2100 3042 humana.
2143 2987 2279 3056 Quid
2305 2987 2471 3058 ergo?
2507 2989 2783 3057 propheta:
2814 3003 2920 3040 non
2948 2985 3275 3039 audierunt?
3321 2990 3433 3039 Au-

1846 3082 2062 3137 dierunt
2087 3081 2324 3152 quidem;
2354 3091 2408 3136 at
2434 3097 2539 3137 non
2569 3091 2684 3137 erat
2711 3082 2857 3136 auris
2885 3079 3141 3145 hominis,
3170 3079 3265 3135 sed
3288 3079 3437 3133 auris

1847 3176 2157 3247 prophetica
2190 3195 2203 3231 :
2235 3192 2339 3230 non
2369 3176 2512 3231 enim
2540 3186 2595 3230 ut
2623 3174 2871 3230 homines
2897 3173 3222 3239 audierunt,
3250 3173 3346 3245 sed
3378 3182 3436 3226 ut

1844 3269 2142 3339 prophetae.
2182 3269 2523 3339 Quapropter
2548 3268 2716 3323 dicit:
2751 3268 2945 3338 Adjccit
2984 3267 3109 3321 milii
3152 3284 3327 3320 aurem
3363 3270 3431 3319 ad

1845 3363 2163 3419 audiendum
2210 3362 2384 3434 (lsai.
2451 3363 2542 3419 50.
2591 3362 2708 3433 4);
2749 3361 3110 3433 atljcctioncm
3154 3375 3183 3414 a
3228 3360 3435 3429 Spiritu

1844 3458 2040 3513 factam
2088 3457 2294 3512 dicens.
2354 3455 2508 3511 Unde
2555 3455 2892 3510 manifestum
2949 3462 3069 3521 est,
3116 3452 3258 3524 quod
3288 3452 3441 3521 prius

1844 3568 2004 3623 quam
2032 3551 2240 3606 audiret
2266 3591 2281 3617 ,
2313 3567 2413 3607 nec
2435 3550 2488 3604 in
2520 3565 2613 3605 cor
2651 3549 2866 3620 quidem
2896 3548 3129 3604 hominis
3170 3547 3431 3602 ascende-

1846 3653 1989 3700 rant.
2030 3643 2161 3699 Nam
2191 3653 2469 3714 postquam
2499 3642 2653 3696 datus
2681 3643 2909 3711 Spiritus
2936 3641 3107 3696 luerat
3129 3681 3145 3706 ,
3188 3655 3281 3694 cur
3308 3655 3433 3709 pro-

1846 3741 2127 3809 plictarum
2159 3752 2263 3790 non
2291 3746 2405 3790 erat
2433 3751 2524 3789 cur
2557 3734 2791 3789 hominis
2820 3774 2834 3801 ,
2868 3734 2961 3788 sed
2988 3748 3083 3787 cor
3112 3732 3387 3802 Spirituale
3417 3770 3435 3796 ,

1848 3828 2297 3902 quemadmodum
2338 3838 2392 3885 et
2420 3830 2533 3898 ipse
2558 3829 2672 3893 ait,
2706 3827 2928 3881 Mentem
2972 3825 3163 3882 Christi
3192 3826 3433 3879 habemus

1848 3924 1868 3997 (
1896 3927 1944 3979 l.
1967 3924 2083 3979 Cor.
2114 3923 2169 3977 2.
2212 3923 2279 3977 16
2301 3922 2344 3993 ).
2387 3921 2539 3990 Quod
2584 3921 2712 3975 dicit
2736 3930 2935 3983 autem,
2972 3919 3277 3989 hujusmodi
3306 3928 3388 3973 est
3420 3937 3434 3971 :

1849 4024 2133 4086 antequam
2163 4014 2362 4083 Spiritu
2401 4014 2703 4068 frueremur
2729 4024 2783 4066 et
2819 4028 3011 4066 arcana
3046 4011 3435 4076 edisceremus,

1852 4124 1950 4164 nec
1978 4124 2044 4162 ex
2072 4103 2350 4162 nubis'nec
2373 4122 2435 4162 ex
2462 4105 2737 4176 preplietis
2757 4105 3025 4176 quispiam
3051 4119 3112 4159 ea
3145 4103 3429 4159 intellexit.

1852 4203 2132 4271 Quomodo
2152 4202 2316 4268 enim,
2343 4216 2463 4255 cum
2491 4215 2589 4255 nec
2618 4200 2791 4269 angeli
2814 4198 3029 4269 quidem
3055 4198 3167 4267 ipsa
3194 4198 3438 4252 nossent?

1854 4295 1989 4365 Quid
2012 4296 2178 4361 enim,
2206 4293 2398 4365 inquit,
2426 4291 2713 4347 dicendum
2735 4302 2818 4346 est
2842 4291 2908 4345 de
2933 4290 3259 4360 principibus
3280 4290 3439 4360 hujus

1853 4391 2035 4447 saeculi
2058 4431 2073 4455 ,
2102 4404 2222 4444 cum
2263 4387 2442 4442 nullus
2470 4387 2629 4440 homo
2654 4400 2715 4440 ea
2745 4386 2908 4441 sciret
2933 4422 2947 4449 ,
2995 4399 3167 4453 neque
3191 4398 3442 4453 superine

1858 4485 2197 4554 potestates?
2229 4481 2486 4548 Quaenam
2514 4487 2692 4536 autem
2728 4490 2857 4533 sunt
2885 4479 2975 4533 ea?
2999 4477 3150 4545 Quod
3181 4492 3275 4546 per
3301 4489 3446 4546 praes

1857 4575 2143 4631 dicationis
2187 4572 2489 4638 stultitiam,
2541 4588 2661 4641 qua:
2708 4570 2832 4625 talis
2875 4584 2993 4623 esse
3042 4568 3344 4635 videbatur,
3388 4577 3446 4625 et

1856 4677 2045 4738 gentes
2093 4665 2446 4730 inducentur,
2493 4672 2547 4719 ct
2597 4663 2688 4718 Dei
2735 4677 2855 4717 cum
2900 4661 3207 4715 hominibus
3254 4675 3443 4716 recini-

1858 4764 2055 4820 ciliatio
2076 4763 2179 4818 erit
2197 4802 2212 4827 ,
2234 4772 2289 4816 et
2319 4770 2396 4815 tot
2416 4768 2667 4828 tantaque
2699 4757 2853 4812 nobis
2877 4765 3100 4810 ventura
3128 4764 3251 4809 sunt
3279 4755 3433 4809 bona.

1861 4857 2144 4926 Quomodo
2172 4872 2299 4925 ergo
2328 4853 2698 4924 cognovimus?
2728 4851 2815 4906 10.
2847 4849 3008 4905 Nobis
3032 4859 3218 4915 autem,
3251 4848 3443 4917 inquit,

1860 4950 2094 5005 reuelauit
2130 4948 2261 5001 Deus
2292 4962 2380 5018 per
2413 4945 2667 5013 Spiritum
2692 4960 2859 4999 suunt.
2902 4942 3021 4997 Non
3047 4956 3140 5010 per
3164 4953 3443 4997 externam

1864 5042 2181 5112 sapientiam
2208 5057 2221 5093 :
2246 5039 2344 5107 ipsi
2370 5037 2512 5093 enim
2543 5047 2805 5105 tamquam
2828 5034 3021 5091 ancilla
3048 5032 3290 5105 quaedam
3313 5048 3445 5086 catt-

1868 5142 2083 5203 tcmptie
2103 5146 2208 5185 non
2239 5130 2553 5199 permissum
2574 5128 2674 5183 luit
2696 5128 2837 5183 intus
2862 5125 3094 5198 ingredi,
3118 5135 3170 5180 et
3192 5124 3447 5196 mysteria

1869 5226 2143 5284 Dominica
2173 5224 2455 5292 inspicere.

1942 5323 1995 5376 4.
2037 5318 2227 5375 Viden’
2253 5326 2510 5388 quantum
2536 5315 2828 5372 discrimen
2861 5313 3005 5371 inter
3028 5313 3169 5369 hanc
3207 5322 3262 5369 et
3305 5311 3450 5367 illam

1874 5461 1976 5516 ille,
2000 5470 2110 5524 cum
2134 5452 2321 5524 Paulus
2340 5450 2456 5524 inde
2479 5460 2725 5524 sumptum
2764 5453 2972 5524 indicat2
2996 5449 3452 5524 oculusnon'ri/lit,

1870 5511 2119 5575 nec'am‘is
2142 5516 2342 5573 audiit“,
2368 5521 2485 5573 etc.,
2523 5511 2621 5564 non
2652 5517 2926 5566 advel-tisse
2959 5515 3115 5565 locum
3138 5514 3273 5563 illum
3297 5511 3454 5575 learn,

1874 5573 1958 5637 ubi
1990 5585 2095 5632 haec
2128 5594 2223 5629 non
2256 5578 2313 5627 ad
2348 5576 2540 5642 literam
2570 5579 2770 5642 qmdem
2791 5614 2805 5638 ,
2852 5579 2939 5629 sed
2976 5580 3149 5642 eodem
3184 5589 3335 5626 sensu
3379 5573 3453 5622 fe-

1876 5655 2066 5703 rantur,
2092 5654 2269 5704 nempe
2293 5652 2396 5701 cap.
2422 5639 2499 5689 δι.
2524 5651 2563 5691 Α
2583 5639 2763 5704 siccato
2782 5654 2876 5690 non
2908 5639 3182 5697 audierunt,
3200 5650 3353 5699 neque
3373 5648 3459 5687 att-

1877 5712 2012 5761 ribus
2027 5703 2349 5771 perceperunt
2374 5714 2391 5752 :
2414 5706 2698 5771 Oculusnon
2720 5703 2862 5766 cidit,
2889 5712 3036 5766 Deus,
3070 5705 3240 5768 absque
3261 5708 3326 5765 te,
3344 5711 3456 5765 qua:

1876 5792 1966 5841 pm
1981 5770 2166 5840 parasti
2192 5770 2573 5833 “spectantibus
2595 5775 2656 5821 te.
