3864 6374
425 401 498 461 59
1153 400 1215 461 Β.
1250 399 1528 462 JOANNIS
1562 397 2044 458 CllRYSOSTOMl
2076 393 2397 451 ARClllEP.
2431 395 2965 458 CONSTANTINOP.
3638 401 3711 459 σο

424 516 787 588 sapientiam!
815 518 947 587 Quae
974 517 1149 591 angeli
1178 533 1285 574 non
1316 527 1585 575 noverunt
1608 558 1622 582 .
1658 532 1723 573 ea
1762 530 1860 571 nos
1893 513 2009 569 lucc

425 610 624 665 docuit.
668 611 899 667 Externa
946 626 1077 667 vero
1124 611 1451 667 contrarium
1494 609 1619 665 fecit
1668 626 1682 662 :
1725 623 1830 663 non
1854 607 2014 661 modo

426 719 533 759 non
563 702 776 768 docuit,
829 702 923 759 sed
950 704 1112 759 etiam
1144 703 1418 774 impedivit
1447 712 1503 758 ct
1530 701 1701 756 arcuit
1732 717 1746 755 :
1778 709 1833 755 et
1862 708 2012 770 post-

423 809 584 863 quam
616 794 701 848 illa
750 794 887 849 facta
934 794 1183 860 fuerunt,
1218 796 1304 850 illa
1349 794 1656 849 obscuravit
1697 802 1751 847 et
1798 807 2010 847 crucem

426 886 706 941 exinaniit.
745 886 860 941 Non
892 902 1020 957 ergo
1042 903 1105 942 ex
1135 902 1201 943 eo
1221 929 1234 952 ,
1268 888 1407 957 quod
1431 886 1797 951 didicerimus,
1831 894 2013 937 osten-

423 978 570 1032 ditur
597 979 768 1033 honor
797 979 951 1035 nobis
975 992 1263 1035 concessus
1282 1020 1299 1047 ,
1345 994 1445 1034 nec
1473 994 1538 1034 ex
1567 992 1635 1034 eo
1656 1020 1670 1044 ,
1715 976 1857 1048 quod
1889 992 2011 1031 cum

425 1071 630 1142 angelis
658 1071 1005 1128 didicerimus
1029 1089 1042 1137 ;
1094 1072 1188 1128 sed
1215 1088 1279 1129 ex
1312 1088 1376 1127 eo
1402 1114 1417 1137 ,
1449 1072 1590 1143 quod
1620 1087 1714 1141 per
1743 1070 2004 1141 Spiritum

424 1161 544 1230 ejus
593 1161 958 1217 didicerimus.
1006 1163 1207 1218 Deinde
1252 1173 1528 1233 postquam
1580 1163 2005 1233 magnitudinem

423 1252 699 1317 ostendit,
750 1255 825 1308 ait
878 1273 890 1309 :
942 1254 1050 1308 Nisi
1082 1254 1350 1324 Spiritus,
1402 1254 1491 1323 qui
1518 1254 1619 1308 scit
1647 1268 1841 1308 arcana
1877 1253 2008 1317 Dei,

429 1345 719 1401 revelasset
740 1388 755 1412 ,
809 1361 915 1400 non
944 1346 1338 1401 didieissemus.
1380 1345 1453 1399 lta
1484 1345 1708 1401 curabat
1740 1346 1876 1399 Deus
1906 1386 1923 1408 ,
1954 1353 2013 1398 nt

426 1438 478 1490 in
536 1438 746 1493 arcanis
798 1448 961 1495 esset.
1021 1438 1357 1508 Quapropter
1403 1439 1496 1494 illo
1546 1453 1681 1508 opus
1725 1437 2010 1493 habuimus

425 1534 645 1586 doctore
668 1572 683 1595 ,
732 1533 822 1600 qui
855 1532 969 1586 hare
998 1532 1142 1588 clare
1168 1533 1349 1588 sciret.
1393 1532 1619 1603 Spiritus
1663 1532 1796 1587 enim
1839 1533 2009 1586 omnia

425 1632 699 1690 serutamr,
729 1625 881 1679 etiam
903 1626 1160 1696 profunda
1190 1625 1299 1680 Dei.
1327 1626 1415 1680 Η.
1449 1625 1575 1693 Quis
1595 1626 1726 1680 enim
1748 1624 2009 1678 hominum

424 1716 516 1769 erit
543 1731 657 1787 qua:
699 1726 814 1770 sunt
846 1717 1064 1771 hominis
1087 1758 1102 1783 ,
1154 1718 1251 1772 nisi
1293 1719 1503 1788 spiritus
1531 1717 1748 1771 hominis
1772 1757 1787 1785 ,
1831 1718 1917 1786 qui
1954 1716 2008 1770 in

423 1812 534 1876 ipso
559 1810 675 1864 est?
703 1808 787 1864 Ita
813 1820 864 1865 et
881 1827 996 1881 qua:
1023 1811 1120 1866 Dei
1147 1822 1265 1866 sunt
1287 1828 1432 1865 nemo
1454 1811 1593 1865 novit
1611 1853 1624 1875 ,
1658 1811 1756 1865 nisi
1779 1810 2008 1881 Spiritus

422 1901 539 1957 Dei.
585 1901 670 1955 ΓΞ.
715 1901 828 1956 Nos
854 1911 1020 1956 autem
1066 1920 1166 1956 non
1196 1904 1432 1973 spiritum
1460 1904 1638 1956 mundi
1681 1903 1966 1973 accepimus
1989 1945 2004 1968 ,

418 1996 509 2048 sul
540 1995 789 2065 Spiritum
816 1997 903 2066 qui
947 2012 1010 2049 ea:
1040 1994 1145 2049 Deo
1176 2006 1279 2062 est,
1312 2005 1366 2049 ut
1413 1996 1635 2050 sciamus
1659 2011 1774 2065 quae
1818 2011 1849 2048 a
1893 1994 2005 2049 Deo

421 2089 609 2141 donata
638 2097 755 2142 sunt
784 2087 946 2141 nobis.
978 2088 1079 2142 llic
1105 2089 1245 2142 enim
1275 2087 1428 2152 illud,
1453 2087 1688 2150 scrutari,
1720 2103 1828 2141 non
1856 2086 2006 2156 igno-

421 2178 665 2242 rantiam,
694 2178 787 2233 sed
818 2189 1121 2234 accuratam
1152 2180 1428 2235 scientiam
1460 2179 1680 2235 iudicat.
1704 2179 1813 2233 Hac
1844 2180 2005 2249 igitur

423 2271 661 2327 dictione
685 2274 846 2326 etiam
877 2272 955 2328 de
977 2274 1086 2327 Deo
1118 2274 1339 2343 loquens
1370 2288 1496 2327 usus
1524 2280 1608 2327 est
1638 2272 1822 2326 dicens
1856 2291 1868 2326 :
1904 2270 2004 2338 Qui

418 2375 586 2420 autent
611 2376 870 2421 scrutatur
911 2369 1069 2421 corda
1091 2409 1105 2432 ,
1139 2369 1275 2422 norit
1314 2369 1427 2438 quis
1464 2368 1537 2420 sit
1554 2383 1730 2421 sensus
1773 2366 2002 2435 Spiritus

406 2460 439 2532 (
466 2460 617 2515 Rom.
659 2460 709 2516 8.
737 2459 807 2514 27
835 2462 874 2529 ).
921 2460 1121 2516 Deinde
1147 2476 1267 2517 cum
1298 2471 1552 2515 accurate
1585 2460 1839 2532 loquutus
1860 2468 2005 2514 esset

416 2555 485 2610 de
505 2554 809 2625 cognitione
834 2556 1080 2625 Spiritus,
1099 2564 1150 2609 et
1170 2554 1495 2610 ostendisset
1517 2569 1633 2609 eam
1662 2554 1732 2608 ita
1755 2569 2002 2623 exsequa-

415 2646 460 2699 ri
501 2647 793 2717 cognitioni
825 2647 954 2714 Dei,
989 2655 1044 2701 ut
1070 2647 1179 2717 ipsa
1213 2645 1445 2701 hominis
1472 2646 1705 2717 cognitio
1733 2646 1832 2701 sibi
1863 2646 1996 2716 ipsi;

412 2749 471 2795 et
495 2739 769 2795 docuisset
795 2755 893 2795 nos
921 2742 1099 2796 omnia
1131 2741 1255 2796 inde
1281 2740 1550 2807 didicisse,
1571 2748 1627 2796 et
1657 2739 1779 2795 inde
1806 2755 1998 2795 neces-

411 2833 557 2888 sario
580 2874 596 2901 ,
647 2833 923 2903 subjunxit
950 2851 966 2890 :
996 2835 1082 2890 l5.
1127 2834 1255 2901 Qua:
1280 2836 1432 2890 etiam
1468 2836 1722 2908 loquimur
1745 2878 1760 2903 ,
1794 2852 1895 2890 non
1944 2837 1999 2890 in

410 2926 574 2981 doctis
610 2927 846 2982 humana
886 2928 1150 2999 sapientia:
1174 2927 1373 2993 verbis;
1419 2930 1509 2984 sed
1531 2930 1584 2984 in
1613 2931 1841 2984 doctrina
1868 2929 1995 3001 Spi-

407 3021 535 3073 ritus
582 3021 782 3086 sancti,
843 3019 1194 3090 spiritualibus
1253 3021 1546 3092 spirituaf‘ta
1610 3034 1992 3091 comparantes.

408 3112 605 3168 Viden"
622 3128 736 3185 quo
773 3128 873 3169 nos
911 3112 1195 3169 deduxerit
1238 3113 1307 3169 ab
1348 3115 1667 3170 auctoritate
1706 3115 1946 3171 doctoris
1970 3116 1997 3169 Ρ

405 3205 582 3263 Tanto
597 3208 739 3263 enim
763 3208 867 3263 illis
888 3222 1074 3263 sumus
1089 3207 1464 3278 sapientiores,
1488 3216 1747 3279 quantum
1770 3210 1997 3264 interest

406 3299 547 3354 inter
561 3297 903 3353 Platonem‘et
922 3296 1176 3368 Spiritum
1194 3307 1456 3354 sanctum.
1476 3298 1555 3354 llli
1577 3300 1718 3354 enim
1740 3309 2000 3356 externos

404 3398 647 3445 oratores
672 3389 869 3446 habent
898 3389 1199 3461 magistros,
1230 3406 1326 3444 nos
1350 3400 1526 3445 autem
1560 3391 1815 3460 Spiritum
1864 3407 1997 3447 san-

403 3489 569 3536 ctum.
610 3480 745 3549 Quid
773 3480 881 3536 sibi
916 3481 1031 3535 vult
1072 3490 1271 3547 autem,
1297 3482 1602 3552 Spiritualia
1646 3483 1999 3553 spiritualibus

404 3584 757 3645 comparantes
778 3575 804 3629 ?
830 3574 1057 3643 Quando
1096 3576 1371 3645 spirituale
1410 3576 1565 3631 fuerit
1589 3587 1642 3633 et
1668 3576 1891 3633 dubium
1912 3621 1928 3646 ,
1958 3596 1995 3635 a-

405 3667 772 3738 spiritualibus
798 3669 1098 3723 testimonia
1128 3670 1401 3725 ducimus:
1428 3679 1512 3735 ut,
1529 3672 1760 3742 exempli
1783 3687 1943 3728 causa
1968 3715 1983 3741 ,

402 3759 977 3830 resurrexitChristus,
1002 3762 1120 3831 quia
1143 3762 1217 3817 de
1237 3761 1451 3833 Virgine
1470 3773 1622 3818 natus
1643 3774 1744 3820 est.
1765 3766 1994 3823 Addueo

403 3854 729 3922 testimonia,
763 3856 957 3926 figuras
981 3863 1035 3910 et
1063 3854 1567 3925 demonstrationes,
1600 3858 1750 3915 Jonas
1780 3860 1833 3915 in
1865 3871 1986 3917 ceto

400 3962 617 4016 moras,
657 3958 713 4004 et
758 3949 1127 4004 liberationem
1166 3964 1286 4020 quae
1330 3959 1511 4019 postea
1542 3951 1670 4019 fuit,
1721 3953 1983 4010 sterilium

401 4050 606 4112 partus,
636 4041 784 4098 Sara:
810 4052 865 4097 et
893 4041 1153 4098 Rebeccae
1175 4052 1229 4097 et
1253 4052 1568 4099 ceterarum
1598 4060 1619 4098 ε·
1646 4044 1898 4102 arborum
1932 4047 1984 4103 in

399 4134 649 4206 paradiso
701 4134 1105 4206 productionem
1158 4150 1264 4190 non
1308 4135 1467 4206 jacds
1497 4138 1832 4207 seminibus,
1876 4155 1982 4196 non

399 4227 651 4283 demissis
698 4227 991 4293 imbribus,
1039 4243 1145 4282 non
1192 4228 1344 4284 sulco
1391 4227 1550 4283 ﬁcto.
1593 4228 1790 4285 Futura
1837 4232 1980 4287 enim

398 4319 764 4390 figurabantur
802 4327 858 4375 et
895 4319 1338 4375 describehautur
1363 4326 1645 4391 tamquam
1688 4322 1742 4377 in
1794 4322 1980 4379 umbra

397 4410 708 4481 prioribus,
759 4420 818 4465 ut
864 4425 925 4466 ea
979 4410 1327 4466 crederentur
1376 4426 1499 4467 cum
1539 4411 1876 4471 advenirent.
1918 4416 1985 4470 Et

397 4501 633 4559 ostendo
646 4516 856 4557 rursum
877 4502 1148 4573 quomodo
1168 4501 1330 4558 homo
1354 4518 1420 4559 ex
1444 4513 1608 4573 terra,
1639 4514 1695 4561 et
1716 4508 1985 4577 quomodo

396 4607 467 4649 ex
511 4594 628 4649 solo
658 4593 778 4650 viro
817 4594 1009 4651 mulier
1036 4594 1155 4650 sine
1196 4595 1309 4651 ullo
1352 4597 1495 4652 coitu
1526 4615 1539 4651 :
1570 4600 1841 4669 quomodo
1870 4600 1983 4671 ipsa

398 4697 544 4743 terra
570 4704 633 4744 ex
662 4689 828 4745 nihilo
853 4731 871 4758 ,
910 4687 1187 4745 Creatoris
1216 4690 1453 4761 potentia
1487 4691 1685 4763 ubique
1709 4692 1777 4748 ad
1805 4694 1983 4749 omnia

397 4779 718 4835 sufficiente.
761 4780 835 4835 lta
861 4781 1232 4853 spiritualibus
1261 4782 1559 4853 spiritualia
1588 4798 1844 4855 comparo
1869 4826 1884 4851 ,
1929 4797 1986 4843 et

400 4888 661 4943 nusquam
687 4888 823 4942 Opus
858 4873 1029 4930 habeo
1062 4884 1283 4931 externa
1314 4875 1574 4945 sapientia
1603 4892 1779 4948 neque
1817 4880 1984 4936 ratio-

398 4964 555 5019 ciniis
603 4979 779 5034 neque
834 4965 1258 5033 probationibus.
1302 4965 1387 5020 llli-
1431 4982 1662 5038 namque
1714 4969 1984 5026 infirmam

402 5066 639 5112 mentem
664 5055 979 5112 concutiunt
1006 5066 1058 5113 et
1084 5058 1423 5126 conturbant,
1446 5075 1546 5115 nec
1572 5060 1772 5132 aliquid
1792 5078 1981 5118 eorum

398 5165 520 5218 qua
545 5148 730 5205 dicunt
756 5148 1130 5206 demonstrare
1156 5160 1417 5221 possunt;
1449 5153 1543 5208 sed
1572 5162 1627 5209 et
1651 5155 1979 5211 contrarium

402 5242 632 5307 faciunt;
667 5241 882 5295 turbant
910 5240 1077 5312 magis
1101 5282 1117 5309 ,
1165 5241 1395 5312 caligine
1441 5244 1648 5314 replent
1677 5255 1731 5300 et
1774 5245 1985 5301 dubita-

402 5335 548 5387 tione
586 5333 776 5387 multa.
808 5331 933 5389 ldeo
978 5334 1090 5399 ait,
1125 5333 1490 5405 Spirilualilms
1525 5336 1816 5406 spiritantia
1841 5354 1982 5392 com-

400 5437 656 5496 parantes.
699 5425 888 5481 Viden‘
929 5434 984 5480 ut
1013 5441 1460 5497 supervacaneam
1488 5430 1802 5498 sapientiam
1836 5430 1979 5503 illam

399 5520 680 5576 ostendit?
708 5536 807 5575 nec
832 5521 1007 5575 solum
1038 5536 1489 5591 supervacaneam
1508 5564 1522 5587 ,
1555 5523 1648 5577 sed
1678 5534 1733 5579 et
1760 5533 1981 5578 contra-

399 5616 537 5670 riam
566 5624 621 5669 et
665 5615 899 5669 noxiam.
939 5614 1075 5670 Nam
1108 5630 1230 5670 cum
1261 5614 1394 5669 dixit
1417 5656 1433 5681 ,
1480 5614 1547 5670 Ut
1586 5632 1686 5670 non
1721 5624 1988 5670 evacuatur

399 5723 528 5762 crux
555 5706 764 5777 Christi,
795 5717 871 5774 et,
908 5707 974 5764 Ut
1004 5725 1106 5762 non
1127 5709 1191 5765 sit
1214 5709 1269 5763 in
1298 5710 1555 5779 sapientia
1580 5710 1841 5763 hominum
1857 5710 1984 5779 ﬁdes

402 5809 595 5869 nostra,
624 5799 726 5857 hoc
750 5800 1086 5873 signiﬁcavit.
1115 5802 1211 5857 Hic
1235 5812 1414 5857 autem
1439 5802 1669 5858 ostendit
1695 5816 1800 5856 non
1833 5817 1991 5867 posse

403 5910 539 5967 eos,
585 5896 675 5969 qui
722 5895 822 5969 ipsi
866 5893 1145 5955 conﬁdunt
1187 5903 1238 5952 et
1288 5902 1458 5949 totum
1502 5894 1601 5964 ipsi
1649 5894 1986 5965 permittunt,

2115 511 2312 583 aliquid
2340 512 2471 569 utile
2501 513 2727 571 discere.
2764 516 2852 572 Η.
2886 516 3135 573 Animalis
3155 518 3293 573 enim
3317 519 3488 585 homo,
3509 518 3707 590 inquit,

2118 619 2219 657 non
2244 604 2458 675 percipit
2486 622 2545 659 ea
2597 623 2711 677 quis
2735 618 2850 662 sunt
2873 607 3116 679 Spiritus.
3148 608 3373 679 Oportet
3398 611 3559 681 igitur
3583 626 3707 665 eam

2117 695 2265 765 prius
2284 697 2570 766 deponere.
2593 699 2731 767 Quid
2752 699 2943 770 igitur?
2966 702 3316 772 reprobatane
3339 713 3443 771 est,
3470 705 3704 774 inquies,

2117 796 2336 843 externa
2382 790 2687 858 sapientia?
2739 792 2901 862 Atqui
2949 808 3084 863 opus
3136 804 3220 851 est
3264 796 3383 850 Dei.
3443 795 3599 852 Unde
3649 796 3704 851 id

2116 882 2366 935 constat?
2409 881 2524 939 Non
2557 884 2698 938 enim
2729 884 2815 939 ille
2844 885 2971 941 fecit
3000 888 3166 957 ipsam
3193 929 3209 954 ,
3260 890 3355 945 sed
3387 900 3444 945 tu
3473 890 3702 945 adinve-

2116 971 2241 1026 niSIi
2274 990 2286 1026 :
2320 989 2441 1028 nam
2479 974 2565 1030 hic
2594 977 2909 1046 sapientiam
2940 991 3095 1034 vocat
3133 983 3400 1037 euriosam
3434 984 3702 1054 perquisi-

2116 1063 2315 1118 tionem
2363 1074 2417 1119 et
2455 1069 2781 1136 superﬂuam
2812 1069 3132 1124 facundiam.
3194 1071 3250 1127 Si
3293 1074 3412 1143 quis
3440 1089 3568 1129 vero
3597 1074 3706 1127 hn-

2116 1168 2326 1208 manant
2374 1156 2709 1225 prudentiam
2741 1158 2825 1213 hic
2854 1160 3075 1231 intelligi
3103 1162 3279 1229 dicat,
3321 1164 3402 1219 sic
3440 1167 3604 1219 etiam
3650 1164 3705 1218 in

2115 1247 2267 1317 culpa
2291 1263 2369 1303 es.
2402 1249 2480 1303 Tu
2501 1250 2642 1305 enim
2668 1252 2809 1307 illam
2829 1253 3102 1324 deturpas,
3130 1258 3220 1326 qui
3242 1257 3486 1313 illamaie
3508 1260 3705 1325 uteris,

2114 1340 2204 1409 qui
2231 1339 2297 1393 ad
2329 1341 2417 1396 Dei
2446 1341 2699 1397 damnum
2729 1355 2783 1400 et
2821 1345 3175 1404 ofl'ensionem
3216 1350 3289 1406 ab
3315 1350 3403 1404 illa
3448 1351 3617 1421 exigis
3648 1351 3705 1405 id

2112 1430 2254 1497 quod
2285 1446 2387 1486 non
2418 1432 2597 1490 habet.
2627 1435 2759 1504 Quia
2788 1437 2947 1508 igitur
2973 1439 3025 1493 in
3055 1440 3142 1494 illa
3171 1440 3419 1511 gloriaris
3446 1453 3498 1498 et
3528 1443 3703 1499 Deum

2112 1522 2255 1579 bello
2284 1524 2492 1595 itnpetis
2513 1569 2526 1589 .
2557 1528 2672 1599 ejus
2700 1530 2787 1586 ille
2818 1532 3236 1589 imbecillitatem
3264 1535 3518 1591 ostendit.
3560 1536 3704 1592 Nam

2112 1615 2248 1672 bona
2276 1634 2491 1691 quoque
2518 1636 2604 1677 res
2630 1633 2711 1678 est
2740 1626 2983 1695 corporis
3022 1626 3221 1691 robur;
3264 1628 3358 1682 sed
3396 1629 3519 1698 quia
3562 1628 3703 1684 Cain

2110 1707 2202 1763 illo
2232 1723 2336 1764 non
2383 1722 2440 1765 ut
2486 1715 2719 1782 oportuit
2748 1730 2875 1770 usus
2901 1726 3013 1784 est,
3044 1717 3291 1773 dissolvit
3319 1718 3469 1773 illum
3505 1720 3650 1775 Deus
3676 1762 3695 1787 ,

2109 1809 2161 1855 et
2190 1808 2248 1855 ut
2274 1810 2527 1859 tremeret
2555 1805 2749 1861 effecit.
2780 1806 2973 1862 Vinum
2997 1825 3207 1879 quoque
3234 1810 3431 1865 bonum
3452 1820 3568 1877 est;
3599 1813 3701 1867 sed

2110 1892 2230 1961 quia
2259 1894 2609 1951 immoderate
2635 1896 2727 1952 illo
2754 1898 2833 1953 usi
2861 1910 2986 1955 sunt
3006 1900 3197 1968 Judzei,
3225 1902 3341 1971 ejus
3371 1917 3525 1956 usuin
3550 1903 3703 1958 Deus

2108 1986 2477 2042 sacerdotibus
2504 1990 2722 2044 omnino
2751 1991 3049 2047 interdixit.
3079 1993 3342 2061 Quoniam
3366 2009 3498 2064 ergo
3523 2006 3577 2049 tu
3601 2011 3696 2049 sa-

2109 2077 2305 2145 pientia
2333 2079 2399 2133 ad
2429 2080 2521 2135 Dei
2554 2081 2863 2151 despectum
2889 2098 3020 2138 usus
3050 2100 3115 2139 es
3136 2126 3151 2151 ,
3179 2095 3232 2139 et
3262 2085 3519 2155 majorem
3545 2086 3697 2141 illam

2108 2171 2329 2239 exegisti
2355 2210 2371 2238 ,
2402 2188 2559 2242 quam
2587 2174 2729 2229 vires
2757 2175 2980 2241 ferrent,
3009 2176 3079 2231 ab
3115 2192 3209 2247 spe
3242 2176 3471 2233 humana
3506 2187 3559 2234 te
3588 2180 3689 2233 ab-

2106 2262 2340 2329 ducens,
2392 2266 2508 2333 ejus
2536 2264 2900 2324 inﬁrmitatem
2931 2269 3186 2324 ostendit.
3229 2270 3494 2326 Animalis
3539 2271 3693 2326 enim

2106 2363 2186 2408 est
2212 2394 2226 2418 ,
2255 2355 2344 2424 qui
2375 2363 2540 2409 totum
2568 2355 2660 2411 dat
2692 2357 2898 2428 frigidis
2926 2358 3222 2416 ratiociniis
3245 2402 3259 2425 ,
3306 2371 3361 2416 et
3398 2376 3505 2416 non
3535 2370 3693 2431 putat

2104 2460 2164 2499 se
2212 2446 2321 2500 ullo
2346 2460 2579 2516 superno
2624 2449 2823 2504 auxilio
2869 2465 3005 2520 opus
3043 2450 3246 2507 habere
3274 2492 3290 2515 ,
3345 2451 3489 2522 quod
3538 2463 3694 2508 certe

2103 2541 2334 2593 amentia
2361 2551 2461 2594 est.
2491 2539 2621 2594 Nam
2650 2541 2797 2597 dedit
2822 2542 2966 2597 illam
2993 2544 3146 2609 Deus,
3181 2553 3240 2599 ut
3265 2545 3435 2600 discat
3458 2555 3513 2600 et
3528 2560 3695 2615 opem

2102 2646 2252 2687 suam
2290 2633 2547 2702 accipiat;
2600 2649 2708 2689 non
2734 2644 2791 2688 ut
2816 2650 2936 2691 eam
2962 2636 3067 2690 sibi
3091 2636 3191 2706 ipsi
3235 2636 3483 2693 sufﬁcere
3511 2648 3685 2707 putet.

2104 2723 2323 2778 Etenim
2344 2724 2483 2778 oculi
2515 2725 2725 2795 pulchri
2752 2735 2807 2781 et
2834 2727 2991 2781 utiles
3021 2736 3179 2794 sunt;
3212 2728 3305 2782 sed
3334 2729 3377 2783 si
3420 2728 3694 2784 voluerint

2101 2815 2218 2870 sine
2246 2816 2366 2871 luce
2400 2816 2585 2872 videre
2611 2859 2626 2885 ,
2675 2818 2811 2873 nihil
2838 2819 2988 2889 juvat
3016 2820 3135 2875 illos
3176 2821 3551 2891 pulchritudo,
3599 2824 3695 2878 vei

2101 2908 2313 2979 propria
2345 2909 2532 2973 virtus,
2566 2910 2675 2966 imo
2700 2910 2861 2966 etiam
2890 2910 3057 2967 laedit.
3084 2911 3177 2968 Sic
3203 2914 3382 2984 itaque
3406 2915 3610 2981 anima,
3637 2916 3685 2970 si

2101 3000 2327 3057 voluerit
2366 3001 2484 3057 sine
2510 3000 2709 3072 Spiritu
2751 3003 2934 3059 videre
2956 3045 2973 3071 ,
3020 3004 3123 3059 sibi
3150 3004 3249 3075 ipsi
3282 3005 3671 3076 impedimento

2098 3102 2201 3148 est.
2240 3093 2520 3159 Quomodo
2548 3093 2740 3165 igitur,
2793 3094 3034 3165 inquies,
3064 3096 3293 3152 antehac
3324 3113 3418 3168 per
3442 3098 3682 3168 seipsam

2096 3184 2274 3240 omnia
2300 3184 2561 3241 videbat?
2586 3186 2885 3256 Numquam
2924 3202 2954 3241 a
2995 3188 3191 3258 seipsa,
3221 3188 3315 3245 scd
3342 3188 3530 3245 habuit
3558 3206 3681 3247 rem

2096 3287 2329 3335 creatam
2359 3295 2463 3351 pro
2490 3280 2629 3335 libro
2656 3284 2986 3351 propositam
3019 3282 3073 3336 in
3102 3283 3282 3338 medio
3311 3300 3327 3338 :
3358 3284 3480 3355 quia
3509 3300 3643 3342 vero
3663 3327 3683 3353 ,

2096 3371 2315 3427 dimissa
2355 3373 2439 3427 via
2476 3388 2582 3443 qua
2628 3374 2769 3429 Deus
2806 3374 2971 3444 jussit
3004 3374 3253 3432 homines
3279 3377 3571 3446 incedere,
3624 3390 3686 3437 ut

2094 3478 2193 3534 per
2242 3465 2526 3520 visibilium
2572 3466 3021 3537 pulchritudinem
3066 3477 3287 3525 nossent
3329 3470 3687 3541 Creatorem,

2095 3556 2386 3611 ratiociniis
2413 3557 2650 3613 scientiae
2676 3569 2883 3630 sceptra
2910 3560 3295 3617 commiserunt
3316 3603 3334 3629 ,
3380 3564 3431 3618 in
3460 3564 3685 3634 pelagus

2093 3649 2380 3720 impietatis
2406 3650 2600 3706 infirmi
2646 3651 2819 3707 effecti
2847 3652 3075 3708 demersi
3104 3663 3271 3719 sunt,
3313 3654 3492 3710 statim
3518 3657 3683 3728 abys-

2093 3757 2210 3798 sum
2254 3744 2516 3798 malorum
2561 3744 2875 3801 inducentes
2903 3788 2919 3814 ,
2948 3762 3010 3801 ac
3036 3747 3276 3804 dicentes
3306 3749 3438 3804 nihil
3468 3766 3537 3805 ex
3566 3767 3685 3809 non

2091 3835 2422 3891 exstantibus
2449 3835 2585 3903 fieri,
2611 3837 2705 3892 sed
2726 3853 2789 3893 ex
2815 3838 3034 3893 materia
3061 3839 3315 3910 ingenita;
3345 3842 3485 3898 unde
3509 3844 3675 3899 etiam

2092 3928 2328 3985 haereses
2356 3930 2664 3985 innumeras
2707 3941 3033 4001 pepererunt
3063 3950 3075 3986 :
3106 3944 3160 3989 et
3191 3935 3241 3988 in
3271 3936 3335 3990 iis
3359 3951 3479 4005 qua:
3520 3938 3685 3995 valde

2090 4019 2319 4075 absurda
2363 4028 2519 4074 erant
2546 4032 2952 4088 convenerunt;
2996 4024 3050 4077 in
3079 4025 3273 4094 quibus
3310 4036 3489 4082 autem
3522 4028 3676 4084 vide—

2091 4114 2286 4170 bantur
2312 4114 2508 4185 aliquid
2536 4131 2722 4170 sanum
2761 4121 2908 4186 quasi
2937 4117 2991 4170 in
3023 4117 3208 4170 umbra
3238 4120 3509 4174 somniare
3535 4163 3551 4188 ,
3583 4121 3681 4177 di-

2090 4208 2223 4262 vulsi
2250 4221 2314 4262 ac
2341 4208 2493 4262 divisi
2521 4217 2680 4272 sunt,
2711 4216 2768 4263 ut
2794 4208 3044 4280 utrinque
3081 4210 3475 4266 deriderentur.
3515 4212 3681 4280 Quod

2090 4300 2233 4357 enim
2262 4313 2332 4355 ex
2363 4314 2469 4354 non
2500 4300 2833 4355 exstantibus
2863 4299 2994 4355 nihil
3024 4301 3151 4366 fiat,
3185 4317 3289 4356 una
3317 4316 3506 4359 omnes
3534 4320 3676 4375 pene

2089 4396 2338 4451 dixerunt
2378 4403 2432 4450 et
2475 4395 2673 4465 scripto
2721 4394 3095 4450 tradiderunt:
3123 4395 3281 4467 idque
3320 4412 3512 4468 magno
3547 4415 3681 4455 cum

2092 4488 2290 4545 studio.
2333 4488 2389 4543 ln
2434 4487 2664 4544 absurda
2692 4486 2872 4558 itaque
2899 4488 3020 4543 illos
3048 4489 3259 4559 impulit
3304 4489 3571 4547 diabolus.
3618 4494 3680 4549 hs

2089 4583 2307 4639 utilibus
2352 4593 2529 4638 autem
2557 4625 2573 4649 ,
2620 4581 2708 4637 ubi
2759 4581 3077 4637 videbantur
3124 4598 3221 4637 ceu
3286 4583 3339 4637 in
3390 4585 3681 4655 aenigmate

2089 4678 2285 4747 aliquid
2315 4693 2381 4734 ex
2408 4676 2649 4749 quaesitis
2675 4676 2913 4732 invenire
2932 4716 2948 4742 ,
2979 4677 3032 4731 in
3058 4675 3140 4730 bis
3165 4717 3181 4741 ,
3212 4676 3450 4747 inquam,
3479 4692 3678 4734 contra

2089 4784 2155 4825 se
2176 4784 2475 4841 pugnavere
2522 4784 2537 4821 :
2582 4768 2731 4823 verbi
2774 4768 2945 4835 gratia
2973 4809 2988 4833 ,
3035 4767 3179 4838 quod
3234 4769 3556 4825 immortalis
3606 4774 3679 4827 sit

2089 4867 2286 4929 anima,
2309 4864 2453 4936 quod
2473 4863 2642 4917 virtus
2666 4861 2811 4917 nullo
2834 4870 2988 4932 egeat
3009 4872 3353 4917 externorum
3380 4879 3395 4916 :
3416 4878 3479 4918 ac
3499 4880 3678 4935 neque

2090 4974 2154 5014 ex
2183 4957 2500 5014 necessitate
2522 4995 2539 5023 ,
2584 4969 2759 5025 neque
2782 4968 2851 5009 ex
2878 4951 2993 5008 fato
3013 4953 3186 5009 bonos
3230 4955 3386 5023 fieri,
3437 4966 3535 5012 aut
3565 4974 3678 5014 non

2092 5050 2243 5105 tales.

2162 5144 2216 5200 5.
2246 5139 2496 5198 Vidistin’
2523 5138 2721 5196 diaboli
2758 5137 3059 5194 malitiam?
3096 5136 3278 5195 Sicubi
3316 5139 3438 5196 illos
3473 5141 3683 5213 aliquid

2091 5247 2401 5307 corruptum
2427 5234 2604 5288 dicere
2626 5233 2789 5298 vidit,
2822 5232 2875 5287 id
2904 5231 3082 5287 eﬁecit
3104 5241 3161 5287 ut
3182 5247 3374 5289 omnes
3399 5238 3683 5291 consenti-

2092 5340 2211 5387 rent
2237 5346 2250 5395 ;
2278 5325 2447 5382 sicubi
2473 5341 2596 5380 vero
2617 5322 2814 5394 aliquid
2836 5338 3021 5378 sanum
3050 5323 3311 5394 proferre,
3335 5324 3469 5380 alios
3489 5338 3688 5384 contra

2095 5422 2239 5492 ipsos
2261 5417 2581 5480 concitavit;
2610 5424 2668 5470 ut
2690 5415 2919 5471 absurda
2947 5431 3054 5470 non
3078 5416 3389 5471 exciderent
3410 5431 3691 5476 consensu

2095 5513 2429 5578 confirmata,
2453 5521 2506 5567 et
2534 5509 2681 5566 utilia
2713 5508 3015 5564 diffluerent
3045 5509 3193 5563 varie
3229 5509 3521 5565 intellecta.
3548 5512 3695 5571 Vide

2096 5604 2363 5676 quomodo
2390 5603 2566 5658 anima
2589 5601 2784 5673 ubique
2815 5600 2884 5656 sit
2908 5600 3196 5668 imbecilla,
3226 5616 3398 5672 neque
3424 5601 3527 5657 sibi
3567 5607 3667 5659 sui
3677 5639 3692 5647 -

2098 5700 2258 5756 ficiat.
2289 5698 2343 5754 ld
2372 5713 2500 5753 vero
2537 5696 2660 5766 jure
2696 5694 2889 5750 merito
2932 5693 3128 5749 factum
3158 5703 3257 5748 est.
3290 5693 3347 5749 Si
3386 5693 3528 5750 enim
3559 5711 3692 5754 cum

2099 5796 2221 5853 talis
2245 5798 2379 5851 facta
2405 5795 2494 5863 sit,
2521 5793 2797 5850 contendit
2824 5808 2882 5849 se
2912 5793 3058 5848 nullo
3084 5809 3217 5865 opus
3243 5793 3460 5862 habere,
3490 5805 3546 5849 et
3570 5810 3637 5850 se
3663 5812 3692 5848 a

2102 5893 2211 5948 Deo
2229 5888 2476 5957 abducit;
2504 5888 2605 5943 nisi
2628 5886 2749 5943 talis
2776 5886 2909 5943 facta
2929 5894 3093 5958 esset,
3121 5887 3172 5941 in
3200 5904 3355 5961 quant
3380 5902 3485 5943 non
3508 5902 3691 5943 anten-
