3864 6216
156 262 211 319 59
1131 261 1199 318 IN
1237 261 1455 319 EPIST.
1499 259 1518 314 l
1556 259 1646 314 AD
1676 258 1709 313 C

1822 300 1833 313 .
1873 257 2103 317 IIOMIL.
2148 261 2236 319 VII

3301 269 3368 327 ιο

156 381 239 434 οὐκ
260 371 578 436 ἐπαίδευσεν,
602 371 734 427 ἀλλά
761 373 854 429 καὶ
883 374 1123 429 ἐκώλυσε
1153 379 1245 431 καὶ
1264 378 1573 447 διετείχισε,
1597 373 1690 427 καὶ
1792 374 2102 445 χρησίμων.
2147 377 2410 447 Ψυχικός
2434 376 2552 450 [56]
2582 378 2693 448 γὰρ
2727 377 2865 446 ἀτοοί
2878 394 3055 446 ωπος,
3082 382 3266 451 φησὶν,
3295 386 3371 439 οὐ

156 460 271 533 μετὰ
294 457 348 511 τὸ
376 456 626 522 γενέσθαι
660 455 955 522 ἐπεσκίαξε
1006 461 1118 523 τοῖς
1158 462 1567 531 γεγενημένοις,
1596 456 1689 509 τὸν
1795 456 2027 527 δέχεται
2052 459 2125 514 τὰ
2156 461 2262 515 τοῦ
2304 463 2668 532 Πνεύματος.
2699 463 2792 513 Δεῖ
2829 461 3006 515 τοίνυν
3044 463 3212 533 αὐτὴν
3239 467 3371 519 ἀπο-

152 544 350 615 σταυρδν
393 540 641 596 κενοῦσα.
688 541 762 594 Οὐ
808 541 987 595 τοίνυν
1024 542 1103 613 τῷ
1153 544 1344 613 μαθεῖν
1390 554 1411 581 ο
1443 542 1682 595 δείκνυσι

152 630 232 700 τὴν
262 628 329 689 είς
368 626 510 695 ἡμᾶς
549 623 733 694 τιμὴν,
771 626 867 678 καὶ
899 626 976 696 τῷ
1008 627 1146 696 μετά
1178 627 1423 697 ἀγγέλων
1464 624 1679 697 μαθεῖν,

152 712 266 768 ἀλλὰ
298 707 482 778 καὶτῷ
510 707 599 760 διὰ
781 708 874 762 τοῦ
907 708 1229 781 Πνεύματος
1270 708 1435 763 αὑτοῦ
1469 709 1683 778 μαθεῖν.

151 793 262 851 Εἶτα
279 790 477 854 δεικνὺς
496 790 556 843 τὸ
590 791 837 859 μέγεθος,
865 794 1050 863 φησὶν,
1077 794 1159 847 ὅτι
1181 794 1243 847 El
1276 793 1350 864 μὴ
1379 792 1440 846 τὺ
1463 790 1686 861 Πνεῦμα

151 881 203 935 τὸ
226 876 563 945 ἐπιστάμενον
595 875 663 928 τὰ
691 876 977 947 ἀπόρρητα
1009 877 1102 931 τοῦ
1130 876 1285 940 Θεοῦ,
1318 876 1687 944 ἀπεκάλυψεν,

150 965 234 1018 οὐκ
262 961 319 1014 ἂν
359 957 650 1028 ἐμάθομεν.
684 957 840 1011 Οῦτω
870 959 1334 1031 περισπούδαστον
1364 958 1442 1030 τῷ
1473 957 1589 1028 Θεῷ
1629 957 1689 1010 τὸ

153 1049 353 1120 πρᾶγμα
377 1039 461 1113 ἦν,
492 1041 631 1095 ὥστε
670 1044 728 1096 ἐν
767 1045 877 1107 τοῖς
919 1046 1247 1117 ἀπορρήτοις
1282 1041 1439 1098 εἶναι.
1473 1043 1563 1097 Διὸ
1597 1043 1691 1096 καὶ

156 1132 337 1186 ἐκείνου
390 1125 683 1196 ἐδεήθημεν
745 1127 1065 1181 διδασκάλου
1123 1129 1216 1181 τοῦ
1273 1127 1445 1182 ταῦτα
1506 1125 1692 1194 σαφῶς

154 1216 347 1275 εἰδότος.
400 1210 465 1263 Τὸ
512 1210 620 1279 γὰρ
663 1211 903 1280 Πνεῦμα
945 1213 1163 1276 πάντα,
1221 1214 1405 1280 φησὶν,
1454 1210 1689 1279 ἐρευνᾷ,

156 1300 240 1355 καί
266 1298 329 1351 τὰ
356 1295 511 1363 ,ϐάθη
555 1296 662 1349 τοῦ
701 1297 869 1350 Θεοῦ.
906 1300 1002 1359 Τίς
1030 1298 1138 1368 γὰρ
1176 1299 1338 1352 οἶδεν
1369 1295 1694 1365 ἀνθρώπων

152 1385 213 1439 τὰ
251 1380 346 1436 τοῦ
384 1380 716 1447 ἀνθρώπου,
756 1383 805 1433 εί
833 1380 919 1449 μὴ
960 1382 1027 1435 τό
1064 1383 1301 1451 πνεῦμα
1331 1382 1437 1436 τοῦ
1472 1378 1694 1447 ἀνθρώ-

154 1483 255 1523 που
282 1465 341 1520 τὸ
376 1464 443 1517 ἐν
480 1462 676 1528 αὐτῷ;
720 1464 882 1516 Οὕτω
921 1464 1017 1517 καὶ
1054 1464 1125 1518 τὰ
1154 1465 1260 1519 τοῦ
1303 1464 1451 1519 Θεοῦ
1494 1465 1695 1531 οὐδεὶς

151 1548 311 1613 οἶδεν,
341 1548 390 1600 εί
425 1544 510 1614 μὴ
551 1544 618 1598 τό
664 1546 905 1615 Πνεῦμα
949 1546 1056 1601 τοῦ
1085 1548 1255 1602 Θεοῦ.
1294 1548 1483 1618 Ἡμεῖς
1513 1548 1582 1602 δὲ
1621 1549 1694 1602 οὐ

154 1636 209 1689 τὸ
226 1632 444 1699 πνεῦμα
466 1629 573 1684 τοῦ
598 1632 830 1699 κόσμου
850 1630 1160 1701 ἐλάϐομεν,
1190 1632 1351 1687 ἀλλὰ
1370 1633 1436 1686 τὸ
1454 1633 1697 1701 Πνεῦμα

150 1720 209 1775 τό
239 1719 301 1772 ἐκ
337 1714 434 1769 τοῦ
482 1714 651 1778 Θεοῦ,
702 1715 804 1768 ἵνα
847 1715 1096 1784 εἰδῶμεν
1139 1718 1212 1771 τὰ
1245 1716 1366 1771 ὑπὸ
1406 1717 1512 1771 τοῦ
1548 1716 1695 1770 Θεοῦ

152 1799 486 1873 χαρισθέντα
529 1797 692 1867 ἡμῖν.
744 1799 817 1851 οὐ
853 1799 963 1870 γάρ
1008 1800 1251 1868 ἀγνοίας.
1288 1800 1401 1853 ἀλλ’
1422 1798 1697 1871 ἀκριϐοῦς

150 1886 379 1953 γνώσεως
431 1881 667 1935 ἐνταῦθα
718 1880 777 1934 τὸ
822 1881 1078 1949 ἐρευνᾶν
1126 1882 1474 1937 ἐνδεικτικόν.
1512 1883 1697 1955 Ταύτῃ

150 1969 265 2037 γοῦν
293 1970 353 2038 τῇ
384 1966 524 2032 λέξει
556 1965 650 2018 καὶ
677 1965 770 2016 ἐπὶ
792 1964 884 2017 τοῦ
913 1964 1047 2018 Θεοῦ
1081 1965 1347 2036 κέχρηται
1381 1966 1551 2034 λέγων
1573 1982 1587 1996 ⁶
1636 1965 1698 2017 '0

150 2052 211 2106 δὲ
231 2048 478 2119 ἐρευνῶν
522 2049 625 2114 τὰς
668 2048 937 2117 καρδίας,
961 2045 1085 2103 οἶδε
1115 2050 1171 2102 τί
1192 2050 1258 2102 τὸ
1281 2051 1556 2118 φρόνημα
1592 2048 1698 2102 τοῦ

149 2137 489 2203 Πνεῦματος.
532 2128 665 2185 Εἶτα
692 2132 819 2203 περὶ
844 2132 941 2202 τῆς
974 2131 1067 2185 τοῦ
1096 2131 1412 2201 Πνεύματος
1446 2130 1701 2199 γνώσεως

154 2219 274 2289 μετά
294 2216 573 2288 ἀκριϐείας
593 2214 779 2280 είπὼν,
805 2216 899 2268 καὶ
927 2215 1140 2278 διδάξας
1162 2216 1242 2268 ὃτι
1263 2214 1437 2278 οὕτως
1464 2212 1700 2279 ἐξισάζει

149 2303 270 2372 πρὸς
310 2301 404 2373 τὴν
436 2299 531 2353 τοῦ
576 2299 709 2352 Θεοῦ
757 2299 980 2368 γνῶσιν,
1012 2299 1087 2362 ὡς
1116 2300 1148 2370 ἡ
1176 2299 1464 2370 ἀνθρώπου
1501 2297 1701 2366 γνῶσις

147 2387 273 2457 αὑτὴ
319 2385 451 2456 πρὸς
500 2382 719 2455 ἑαυτὴν,
770 2384 864 2437 καὶ
913 2383 1091 2447 δείξας
1124 2384 1206 2437 ὅτι
1259 2383 1437 2436 πάντα
1489 2384 1700 2436 ἐκεῖθεν

147 2471 420 2541 ἐμάθομεν,
447 2470 546 2522 καὶ
572 2468 884 2537 ἀναγκαίως
912 2467 1138 2533 ἐκεῖθεν,
1170 2468 1449 2539 ἐπήγαγεν
1468 2484 1481 2498 ο
1514 2469 1572 2520 Ἀ
1602 2466 1699 2519 καὶ

147 2552 450 2622 λαλοῦμεν,
486 2553 599 2605 οὐκ
631 2552 702 2604 ἐν
738 2550 1038 2616 διδακτοῖς
1066 2551 1447 2619 ἀνθρωπίνης
1479 2550 1704 2618 σοφίας

146 2638 351 2707 λόγοις,
371 2634 511 2691 ἀλλ’
534 2635 602 2688 ἐν
624 2634 924 2700 διδακτοῖς
945 2634 1291 2703 Πνεύματος
1313 2635 1506 2705 ἁγίου,
1530 2648 1707 2688 πνευ-

146 2720 395 2792 ματικοῖς
442 2718 817 2786 πνευματικὰ
866 2719 1319 2787 συγκρίνοντες.
1386 2719 1548 2789 Ὁρᾷς
1600 2717 1701 2771 ποῦ

147 2809 280 2877 ἡμᾶς
308 2806 586 2875 ἀνήγαγεν
614 2807 722 2859 ἀπὸ
750 2804 850 2874 τῆς
876 2802 1034 2870 ἀξίας
1065 2800 1160 2856 τοῦ
1188 2801 1538 2866 διδασκάλους
1570 2801 1707 2854 Τοσ-

146 2891 289 2949 οῦτον
324 2890 430 2962 γὰρ
464 2891 630 2961 ἡμεῖς
672 2888 893 2941 ἐκείνων
937 2885 1253 2957 σοφώτεροι,
1288 2886 1413 2939 ὅσον
1446 2885 1505 2939 τὸ
1542 2885 1706 2956 μέσον

148 2975 414 3037 Πλάτωνός
444 2990 508 3027 τε
539 2972 633 3025 καὶ
680 2969 994 3041 Πνεύματος
1021 2968 1196 3037 ἁγίου.
1225 2970 1288 3022 Οί
1319 2968 1421 3040 μὲν
1443 2968 1552 3036 γὰρ
1582 2969 1708 3031 τοὺς

146 3058 326 3124 ἔξωθεν
373 3059 615 3130 ῥήτορας
660 3046 1291 3126 έχουσι”διδασκάλους,
1344 3053 1507 3124 ἡμεῖς
1554 3052 1612 3106 δὲ
1649 3053 1711 3107 τὸ

148 3142 353 3211 Πνεῦμα
384 3142 446 3194 τὸ
493 3141 672 3209 ἅγιον.
709 3138 772 3191 Τί
802 3138 860 3191 δέ
900 3138 1037 3201 ἐστι,
1066 3137 1496 3207 Πνευματικοῒς
1526 3152 1712 3191 πνευ-

146 3226 345 3295 ματικὰ
399 3223 871 3293 συγκρίνοντες;
954 3221 1121 3274 Ὅταν
1176 3220 1549 3292 πνευματικὸν
1612 3221 1708 3274 καὶ¹

146 3312 374 3380 ἄπορονι
406 3303 463 3380 ᾗ,
504 3305 615 3359 ἀπὸ
648 3305 756 3358 τῶν
807 3303 1196 3374 πνευματικῶν
1252 3304 1351 3368 τὰς
1408 3303 1712 3376 μαρτυρίας

146 3394 353 3463 ἄγομεν.
401 3386 533 3445 Οἴον
574 3390 739 3458 λέγω,
786 3390 868 3442 ὅτι
894 3389 1093 3459 ἀνέστη
1144 3390 1172 3441 6
1200 3389 1452 3460 Χριστὸς,
1483 3389 1564 3442 ὅτι
1604 3389 1712 3442 ἀπὸ

146 3476 406 3544 Παρθένου
435 3472 724 3545 ἐγεννήθη.
772 3471 1016 3543 Παράγω
1047 3472 1354 3543 μαρτυρίας
1384 3472 1479 3525 καὶ
1506 3473 1713 3534 τύπους

146 3562 232 3613 καὶ
251 3559 576 3623 ἀποδείξεις,
599 3556 695 3610 τοῦ
737 3557 892 3610 Ἰωνᾶ
917 3556 1017 3626 τὴν
1047 3558 1105 3610 ἐν
1128 3555 1206 3627 τῷ
1232 3556 1388 3625 κήτει
1408 3554 1710 3626 διατριϐὴν,

144 3647 232 3698 καὶ
255 3644 349 3715 τὴν
404 3643 549 3715 μετά
582 3639 755 3695 ταῦτα
801 3639 1146 3711 ἀπαλλαγὴν,
1176 3639 1285 3692 τῶν
1330 3639 1559 3711 στειρῶν
1587 3640 1714 3703 τοὺς

144 3730 404 3790 τοκετοὺς,
456 3728 563 3797 τῆς
592 3725 827 3798 Σάρρας,
863 3726 963 3794 τῆς
999 3722 1301 3786 Ῥεϐέκκας
1345 3724 1439 3776 καὶ
1469 3723 1578 3777 τῶν
1604 3723 1716 3776 λοι-

146 3812 272 3875 πῶν,
330 3812 430 3881 τὴν
476 3812 539 3863 ἐν
574 3808 654 3878 τῷ
703 3807 1020 3878 παραδείσῳ
1068 3807 1177 3860 τῶν
1221 3806 1451 3879 δένδρων
1480 3806 1716 3878 βλάστην

143 3895 533 3965 γεγενημένην,
580 3894 639 3946 οὐ
697 3892 1027 3963 σπερμάτων
1085 3890 1553 3963 καταϐληθέντων,
1623 3893 1719 3965 οὐχ

146 3979 307 4032 ὑετῶν
353 3975 823 4045 κατενεχθέντων,
870 3975 973 4028 οὐκ
1018 3972 1252 4037 αῦλακος
1284 3975 1715 4046 ἀνατμηθείσης.

143 4065 220 4117 Τά
261 4065 371 4135 γὰρ
432 4061 700 4134 μέλλοντα
732 4059 1079 4113 διεπλάττετο
1124 4058 1219 4111 καὶ
1267 4059 1608 4131 διεγράφετο,
1645 4061 1722 4124 ὡς

146 4150 198 4202 ἐν
230 4150 374 4218 σκιᾷ,
425 4149 547 4210 τοῖς
582 4144 892 4217 προτέροις,
928 4142 1016 4195 ἵνα
1047 4140 1312 4215 πιστευθῇ
1340 4143 1516 4197 ταῦτα
1545 4160 1722 4213 παρα-

143 4232 423 4303 γενόμενα.
481 4229 599 4283 Καὶ
657 4227 908 4296 δείκνυμι
955 4223 1142 4289 πάλιν,
1187 4223 1305 4289 πῶς
1334 4226 1443 4279 ἀπὸ
1496 4226 1600 4297 γῆς
1628 4227 1722 4282 ἄν-

147 4317 377 4387 θρωπος,
432 4314 532 4367 καὶ
591 4310 711 4374 πῶς
761 4309 870 4363 ἀπὸ
920 4306 1211 4380 ἀνθρώπου
1271 4309 1434 4377 μόνου
1479 4311 1513 4380 η
1559 4310 1721 4380 γυνὴ,

146 4401 233 4454 καὶ
259 4398 502 4470 οὐδαμοῦ
561 4394 839 4459 συνουσία,
868 4392 985 4456 πῶς
1029 4391 1167 4464 αὐτὴ
1201 4394 1235 4463 ἡ
1261 4396 1332 4464 γῆ
1362 4393 1456 4446 ἀπ’
1488 4394 1720 4457 οὐδενὸς,

144 4485 236 4552 τῆς
260 4484 552 4551 δυνάμεως
577 4480 675 4533 τοῦ
702 4475 1047 4549 Δημιουργοῦ
1082 4476 1356 4547 πανταχοῦ
1384 4476 1519 4549 πρὸς
1546 4477 1724 4531 πάντα

145 4566 435 4639 ἀρκούσης.
460 4565 624 4618 Οὕτω
647 4563 1038 4632 πνευματικοῖς
1062 4560 1407 4629 πνευματικά
1428 4560 1723 4632 συγκρίνω,

149 4654 237 4707 καὶ
271 4649 516 4721 οὐδαμοῦ
576 4647 768 4719 χρείαν
801 4644 907 4715 ἔχω
964 4644 1065 4715 τῆς
1104 4643 1303 4708 ἔξωθεν
1337 4643 1549 4712 σοφίας,
1603 4643 1725 4696 οὐδὲ

153 4735 420 4806 λογισμῶν
468 4732 598 4786 οὐδὲ
656 4727 1040 4800 παρασκευῶν.
1090 4728 1317 4780 Ἐκεῖνοι
1348 4726 1459 4798 γὰρ
1493 4726 1588 4778 καὶ
1624 4742 1730 4779 πα-

156 4819 514 4890 ρασαλεύουσι
557 4814 659 4886 τὴν
706 4812 906 4881 ἀσθενῆ
969 4809 1210 4863 διάνοιαν
1272 4810 1366 4862 καὶ
1415 4807 1726 4879 θορυϐοῦσι,

152 4887 239 4955 καὶ
284 4900 571 4965 ἀποδεῖξαι
620 4895 807 4966 σαφῶς
854 4893 1003 4948 οὐδὲν
1057 4887 1135 4945 ὧν
1184 4892 1439 4961 λέγουσιν
1489 4892 1725 4963 ἔχουσιν,

148 4986 275 5039 ἀλλὰ
295 4986 386 5040 καὶ
409 4979 732 5038 τούναντίον
761 4976 977 5032 ποιοῦσι
993 4991 1007 5005 ⁸
1032 4976 1357 5047 ταράττουσι
1386 4975 1605 5045 μᾶλλον,
1633 4976 1731 5029 καὶ

151 5068 306 5137 ζόφου
332 5066 616 5139 πληροῦσι
631 5063 727 5116 καὶ
746 5061 981 5133 ἀπορίας
1006 5060 1225 5131 πολλῆς.
1247 5060 1341 5113 Διό
1361 5077 1515 5132 φησιν·
1548 5064 1731 5115 Πνευ.

148 5152 416 5223 Μτικοῖς
465 5145 846 5216 πνευματικὰ
876 5144 1328 5215 συγκρίνοντες.
1375 5146 1558 5215 Ὁρᾷς,
1612 5145 1731 5208 πῶς

151 5235 405 5306 περιττὴν
425 5232 609 5301 αὐτὴν
629 5230 899 5283 δείκνυσιν
919 5246 933 5294 ;
957 5228 1018 5282 ού
1039 5228 1197 5297 μόνον
1218 5227 1276 5280 δὲ
1300 5230 1577 5299 περιττὴν,
1596 5228 1733 5281 ἀλλά

156 5320 239 5370 καὶ
260 5317 518 5373 ἐναντίαν
546 5314 643 5367 καὶ
669 5312 959 5382 βλαϐεράν.
988 5312 1099 5364 Καὶ
1121 5310 1233 5381 γὰρ
1257 5312 1316 5364 τὸ
1349 5313 1521 5364 εἰπεῖν
1548 5352 1563 5376 ,
1601 5312 1735 5366 Ἵνα

151 5404 227 5469 μὴ
252 5399 489 5466 κενωθῇ
524 5399 560 5452 ὁ
590 5394 853 5464 σταυρὸς
878 5394 984 5448 τοῦ
1013 5394 1271 5462 Χριστοῦ
1293 5434 1308 5458 ,
1337 5395 1454 5459 καὶ,
1491 5396 1625 5450 "Ira
1646 5394 1733 5464 μὴ

153 5478 189 5553 ᾖ
222 5485 289 5537 ἐν
313 5484 510 5553 σοφίᾳ
551 5477 880 5547 ἀνθρώπων
912 5479 950 5547 ἡ
983 5479 1188 5544 πίστις
1213 5477 1401 5545 ἡμῶν,
1426 5477 1584 5531 τοῦτο
1614 5479 1737 5548 ἐδή-

156 5566 335 5622 λωσεν.
380 5561 659 5619 Ἐνταῦθα
686 5562 744 5614 δὲ
767 5561 1056 5625 δείκνυσιν,
1080 5562 1161 5615 ὅτι
1187 5561 1443 5615 ἀδύνατον
1476 5561 1739 5634 θαρροῦν-

158 5666 244 5715 τας
276 5652 370 5703 καὶ
407 5649 472 5703 τὸ
521 5646 636 5700 πᾶν
673 5645 1066 5716 ἐπιτρέποντας
1105 5645 1263 5717 αὐτῇ,
1312 5646 1503 5717 μαθεῖν
1541 5665 1591 5700 τι
1630 5646 1739 5701 τῶν

222 5937 247 5964 ⁸
271 5932 426 5985 Savil.
449 5931 501 5984 in
524 5943 707 5994 σηιξη
740 5930 1033 5996 ἀπόβρητον.

1798 540 1983 595 θέσθαι
2039 543 2325 615 πρότερον.
2382 546 2448 599 Τί
2500 539 2629 612 οῦν;
2680 543 3051 614 διαϐέϐληται,
3104 548 3289 617 φησὶν,
3332 548 3366 619 ἡ

1804 625 2019 696 σοφίαή
2057 626 2291 694 ἔξωθενς
2324 629 2517 683 Καίτοι
2545 628 2707 699 ἔργον
2748 628 2863 681 ἐστὶ
2889 628 2982 681 τοῦ
3011 629 3166 682 Θεοῦ.
3204 630 3372 685 Πόθεν

1798 705 1994 775 δῆλον;
2038 709 2113 762 Ού
2141 709 2251 782 γὰρ
2287 711 2449 776 αὐτὸς
2486 711 2655 782 αὐτὴν
2698 711 2974 781 ἐποίησεν,
3006 712 3141 765 ἀλλὰ
3173 714 3237 767 σὺ
3274 714 3373 767 ἐπ-

1799 789 2049 862 εξεῦρες·
2086 795 2181 847 καὶ
2215 796 2324 866 γὰρ
2359 796 2549 865 σοφίαν
2592 793 2825 849 ἐνταῦθα
2845 796 2905 848 τὸ
2950 797 3239 868 περίεργον
3270 798 3372 868 τῆς

1800 875 2083 947 ζητήσεως
2115 877 2285 947 λέγει,
2309 880 2405 933 καὶ
2429 879 2527 950 τὴν
2555 878 2818 949 περιττὴν
2843 879 3194 948 εὐγλωττίαν.
3230 882 3292 935 Εί
3315 883 3373 936 δὲ

1799 957 1898 1030 τὴν
1934 959 2146 1014 σύνεσιν
2175 964 2273 1033 τὴν
2309 963 2661 1034 ἀνθρωπίνην
2689 962 2821 1034 φαίη
2855 981 2939 1027 τις
2974 964 3136 1017 αὐτὸν
3171 964 3373 1033 λέγειν,

1800 1044 1895 1095 καὶ
1931 1044 2072 1097 οὕτω
2103 1047 2164 1099 τὸ
2189 1047 2439 1118 ἔγκλημα
2471 1048 2580 1100 σόν.
2608 1048 2679 1100 Σὺ
2712 1048 2820 1119 γὰρ
2850 1048 3015 1119 αὐτὴν
3045 1048 3372 1116 διαϐάλλεις,

1800 1131 1829 1181 ό
1853 1130 2039 1195 κακῶς
2074 1134 2431 1202 κεχρημένος,
2458 1133 2487 1184 6
2523 1132 2663 1195 πρὸς
2694 1132 2896 1202 βλάϐην
2927 1132 3023 1186 καὶ
3063 1133 3377 1187 ἐναντίωσιν

1802 1211 1960 1275 Θεοῦ,
1986 1216 2013 1266 ό
2038 1214 2284 1267 ἀπαιτῶν
2314 1216 2485 1286 αὐτὴν
2508 1216 2653 1287 ἅπερ
2687 1216 2786 1269 οὐκ
2808 1211 2970 1284 εἶχεν.
3018 1218 3168 1269 Ἐπεὶ
3196 1214 3289 1271 οῦν
3320 1219 3377 1268 tv

1804 1297 1940 1367 αὐτῇ
1966 1300 2239 1368 καυχᾶσαι
2270 1299 2363 1352 καὶ
2390 1300 2508 1370 Θεῷ
2530 1299 2807 1371 πολεμεῖς,
2835 1299 3060 1371 ἤλεγξεν
3085 1300 3256 1370 αὐτῆς
3280 1300 3378 1369 τὴν

1803 1381 2107 1435 ἀσθένειαν.
2149 1382 2299 1434 Ἐπεὶ⁵
2322 1383 2414 1436 καὶ
2440 1383 2589 1451 ἰσχὺς
2613 1382 2861 1453 σώματος
2884 1383 3071 1436 καλόν·
3096 1384 3208 1436 ἀλλ’
3231 1385 3379 1435 ἐπει-

1803 1463 1867 1533 δὴ
1899 1464 2000 1517 οὐκ
2048 1466 2128 1528 είς
2162 1465 2280 1517 δέον
2322 1466 2590 1536 ἐχρήσατο
2627 1466 2764 1537 αὐτῇ
2808 1468 2836 1519 ὁ
2874 1466 3035 1528 Κάῖν,
3077 1467 3382 1537 παρέλυσεν

1805 1548 1965 1601 αὑτὸν
1987 1550 2015 1601 ό
2041 1549 2193 1613 Θεὸς,
2216 1550 2308 1602 καὶ
2324 1549 2548 1621 τρέμειν
2575 1550 2817 1620 ἐποίησε.
2849 1549 2952 1603 Καὶ
2974 1551 3003 1602 6
3030 1546 3169 1613 οἶνος
3195 1550 3381 1604 καλόψ

1805 1632 1920 1685 ἀλλ’
1953 1633 2139 1704 ἐπειδὴ
2168 1630 2423 1704 ἀμέτρως
2452 1633 2760 1687 ἀπέλαυσαν
2785 1635 2833 1687 οἱ
2865 1634 3128 1697 Ἰουδαῖοι,
3151 1634 3391 1687 καθόλου

1806 1720 1919 1780 τοῖς
1966 1717 2200 1789 ἱερεῦσιν
2245 1717 2625 1787 ἀπηγόρευσεν
2650 1720 2678 1771 6
2719 1718 2852 1782 Θεὸς
2892 1717 2986 1772 τοῦ
3032 1717 3246 1788 καρποῦ
3284 1716 3383 1787 τὴν

1808 1801 2021 1872 χρῆσιν.
2071 1799 2226 1853 Ἐπεὶ
2272 1796 2365 1854 οῦν
2421 1800 2516 1853 καὶ
2569 1801 2633 1853 σὺ
2680 1803 2744 1871 τῇ
2791 1800 2952 1872 σοφίᾳ
3000 1804 3081 1864 είς
3127 1802 3397 1871 ἀθέτησιν.

1809 1885 2110 1953 ἀπεχρήσω
2137 1882 2231 1937 τοῦ
2281 1883 2436 1947 Θεοῦ,
2471 1883 2565 1936 καὶ
2616 1883 2838 1952 μείζονα
2878 1884 3165 1955 άπῄτησας
3214 1883 3399 1953 αὐτὴν

1808 1968 1907 2038 τῆς
1943 1968 2145 2031 οἰκείας
2171 1967 2374 2037 ἰσχύος,
2402 1968 2633 2035 ἀπάγων
2666 1983 2724 2019 σε
2750 1966 2850 2036 τῆς
2875 1966 3221 2037 ἀνθρωπίνης
3241 1966 3387 2018 ἐλπί-

1808 2052 1918 2113 δος,
1948 2048 2147 2116 ἔδειξεν
2173 2052 2343 2120 αὐτῆς
2372 2051 2470 2121 τὴν
2501 2050 2804 2105 ἀσθένειαν.
2840 2051 2949 2103 Καὶ
2977 2050 3085 2122 γὰρ
3106 2051 3198 2103 καὶ
3223 2049 3383 2119 ψυχιο

1812 2135 1906 2197 κός
1937 2138 2085 2186 ἐστιν
2112 2136 2139 2187 6
2166 2134 2224 2187 τὸ
2252 2136 2359 2187 πᾶν
2400 2137 2513 2197 τοῖς
2542 2134 2822 2204 λογισμοῖς
2853 2136 2964 2197 τοῖς
3004 2134 3267 2204 ψυχροῖςὶ)
3307 2133 3389 2185 δι-

1809 2218 1952 2285 δοὺς,
1988 2219 2082 2271 καὶ
2111 2218 2184 2289 μὴ
2208 2218 2443 2288 νομίζων
2473 2218 2677 2273 ἄνωθέν
2710 2235 2852 2281 τινος
2877 2217 3082 2271 δεῖσθαι
3115 2216 3386 2287 βοηθείας.

1810 2304 1947 2373 ὅπερ
1977 2304 2125 2356 ἐστὶν
2154 2302 2359 2365 ἀνοίας.
2394 2304 2502 2355 Καὶ
2521 2303 2630 2372 γὰρ
2662 2303 2859 2355 ἔδωκεν
2883 2302 3050 2372 αὐτὴν
3076 2302 3104 2349 6
3122 2301 3277 2362 Θεὸς.
3300 2300 3389 2353 ἵνα

1816 2385 2062 2458 μανθάνῃ
2090 2385 2186 2438 καὶ
2208 2385 2427 2456 δέχηται
2466 2386 2526 2438 τὸ
2556 2387 2685 2457 παρ’
2717 2384 2903 2448 αὐτοῦ,
2956 2386 3055 2455 οὐχ
3090 2385 3177 2437 ἴνα
3219 2385 3387 2452 ἐαυτῇ

1813 2470 1952 2542 αὑτὴ
1982 2471 2174 2541 ἀρκεῖν
2202 2469 2420 2540 νομίζῃ.
2450 2470 2559 2522 Καὶ
2580 2470 2688 2539 γὰρ
2713 2472 2760 2522 οἱ
2803 2469 3070 2539 ὀφθαλμοὶ
3109 2467 3263 2521 καλοί
3296 2466 3392 2519 καὶ

1813 2556 2097 2626 χρήσιμοι,
2128 2552 2241 2607 ἀλλ’
2270 2552 2365 2605 ἐὰν
2388 2552 2685 2623 βούλωνται
2719 2553 2888 2623 χωρὶς
2918 2552 3092 2621 φωτὸς
3119 2552 3270 2622 όρᾷν,
3297 2548 3389 2601 οῦ-

1812 2639 1898 2692 δέν
1936 2638 2134 2700 αὐτοὺς
2171 2637 2230 2690 τὸ
2272 2636 2465 2699 κάλλος
2489 2636 2728 2707 ὀνίνησιν
2754 2636 2875 2688 οὐδὲ
2922 2637 2957 2705 ἡ
3007 2634 3184 2687 οἰκεία
3217 2634 3390 2702 ἰσχὺς,

1814 2720 1949 2775 ἀλλά
1986 2722 2077 2775 καὶ
2117 2720 2515 2792 παραϐλάπτει.
2546 2720 2703 2774 Οῦτω
2744 2720 2923 2773 τοίνυν
2966 2720 3059 2772 καὶ
3086 2716 3253 2787 ψυχὴ,
3297 2714 3393 2768 ἐὰν

1817 2804 2055 2876 βουληθῇ
2105 2805 2274 2875 χωρὶς
2335 2804 2653 2875 Πνεύματος
2699 2802 2938 2873 βλέπειν,
2978 2802 3074 2855 καὶ⁸
3140 2799 3393 2869 ἐμπόδιον

1816 2891 1983 2960 ἑαυτῇ
2018 2891 2250 2958 γίνεται.
2281 2889 2405 2952 Πῶς
2430 2886 2526 2943 οῦν
2550 2889 2655 2959 πρὸ
2687 2887 2899 2948 τούτου,
2929 2886 3115 2955 φησὶν,
3146 2885 3239 2960 ἀφ’
3269 2884 3395 2936 «ἐαυ-⁸

1816 2970 1915 3040 τῆς
1945 2970 2122 3023 πάντα
2148 2968 2321 3040 ὲώρα;
2355 2968 2623 3021 Οὐδέποτε
2644 2968 2736 3036 ἀφ’
2772 2966 2991 3035 ἑαυτῆς,
3019 2964 3132 3017 ἀλλ’
3163 2959 3276 3032 εἶχε
3296 2960 3396 3030 τὴν

1818 3053 1996 3106 κτίσιν
2025 3052 2145 3105 ἀντὶ
2171 3050 2376 3121 βιϐλίου
2404 3051 2772 3119 προκειμένην
2799 3050 2857 3101 ἐν
2881 3048 3031 3118 μέσῳ
3051 3062 3065 3077 ·
3099 3044 3285 3116 ἐπειδὴ
3312 3044 3394 3105 δὲ.

1819 3139 2050 3207 ἀφέντες
2075 3135 2288 3206 βαδίσαι
2310 3135 2407 3205 τὴν
2428 3134 2566 3197 ὁδὸν,
2598 3135 2666 3205 ἢν
2691 3134 2875 3197 αὐτοῖς
2909 3133 2937 3185 ό
2957 3131 3088 3193 Θεὸς
3116 3128 3395 3193 ἐκέλευσε,

1820 3218 1916 3271 καὶ
1946 3216 2031 3270 διὰ
2069 3215 2160 3269 τοῦ
2202 3214 2429 3277 κάλλους
2469 3214 2579 3267 τῶν
2616 3214 2911 3284 ὁρωμένων
2944 3209 3148 3279 γνῶναι
3176 3208 3267 3261 τὸν
3292 3210 3398 3277 Δη-

1824 3299 2084 3372 μιουργὸν
2109 3339 2124 3365 ,
2162 3298 2442 3368 λογισμοῖς
2475 3296 2544 3350 τά
2584 3297 2840 3367 σκῆπτρα
2870 3295 2969 3363 τῆς
3020 3292 3276 3361 γνώσεως
3315 3293 3407 3343 ἐν-

1822 3379 2115 3450 εχείρισαν,
2152 3379 2229 3441 είς
2271 3378 2502 3445 πέλαγος
2534 3375 2788 3438 ἀσεϐείας
2832 3373 3231 3443 ἀσθενήσαντες
3267 3388 3401 3423 κατη-

1822 3463 2037 3525 έδυσαν,
2059 3462 2260 3526 εὐθέως
2292 3461 2390 3532 τὴν
2430 3460 2667 3514 ἄϐυσσον
2692 3457 2800 3513 τῶν
2840 3456 3026 3512 κακῶν
3059 3456 3398 3532 εἰσάγοντες,

1822 3543 1916 3596 καὶ
1950 3542 2196 3605 εἰπόντες
2232 3531 2384 3594 οὐδὲν
2429 3538 2489 3605 ἐξ
2527 3539 2629 3592 οὐκ
2669 3539 2837 3591 ὄντων
2869 3535 3140 3605 γίνεσθαι,
3176 3532 3292 3586 ἀλλ’
3342 3531 3403 3596 ἐξ

1825 3624 1958 3696 ῦλης
1979 3626 2296 3696 ἀγεννήτου,
2326 3624 2446 3677 ὅθεν
2466 3622 2560 3675 καὶ
2580 3621 2779 3692 μυρίας
2799 3620 2986 3673 ἔτεκον
3012 3616 3283 3696 αἱρέσειςξ
3310 3615 3404 3696 καὶ

1825 3706 1884 3759 ἐν
1914 3687 2175 3776 ¹μέντοῖς
2195 3703 2401 3775 σφόδρα
2428 3687 3109 3770 ἀτόποις-συνηνέχθησαν,
3148 3696 3205 3749 ἐν
3237 3694 3293 3747 δὲ
3319 3687 3402 3755 οἷς

1826 3790 2042 3844 ἐδόκουν
2086 3787 2236 3857 ὑγιές
2274 3804 2325 3840 τι
2360 3786 2463 3840 κᾶν
2494 3784 2569 3848 ὡς
2607 3786 2664 3838 ἐν
2696 3786 2875 3845 σκιαῖς
2909 3778 3271 3857 ὀνειρώττειν,

1826 3867 2006 3938 λὴλοις
2039 3853 2473 3938 συνερράγησαν,
2510 3863 2575 3916 ἵν’
2610 3861 2949 3933 ἑκατέρωθεν
2986 3853 3402 3925 καταγελασθῶ-

1830 3970 1933 4007 σιν.
1963 3953 2082 4005 Ὅτι
2118 3952 2214 4021 μὲν
2241 3950 2353 4021 γὰρ
2386 3947 2445 4014 ἐξ
2484 3948 2594 4001 οὐκ
2620 3947 2788 4000 ὄντων
2815 3945 2965 3998 οὐδὲν
2993 3942 3225 4008 γίνεται,
3263 3938 3405 4021 πάνθ

1829 4053 1919 4097 τες
1946 4033 2079 4105 ὁμοῦ
2111 4019 2295 4104 σχεδὸν
2321 4019 2475 4085 εἷπον
2520 4034 2613 4083 καὶ
2657 4027 2922 4098 ἔγραψαν,
2959 4025 3054 4079 καὶ
3081 4019 3405 4105 οῦτω-μετά

1830 4098 2034 4183 πολλῆς
2068 4098 2176 4181 τῆξ
2223 4111 2475 4181 σπουδῆς.
2526 4110 2615 4162 Ἐν
2654 4111 2767 4170 τοῖς
2809 4106 3032 4168 ἀτόποις
3073 4098 3166 4156 οὖν
3206 4101 3406 4183 ηλασεν

1832 4179 2029 4261 αὐτοῦς
2062 4197 2090 4249 6
2126 4179 2377 4260 διάϐολος,
2403 4179 2422 4228 έ
2453 4196 2511 4248 ἐν
2548 4194 2606 4249 δὲ
2630 4196 2742 4256 τοῖς
2773 4190 3065 4263 χρησίμοις
3100 4188 3157 4239 ἐν
3185 4179 3265 4248 οἷς
3292 4182 3407 4237 ἐδο-

1835 4283 1931 4348 ξαν
1973 4280 2074 4335 κᾶν
2105 4282 2163 4333 ἐν
2192 4278 2483 4349 αίνίγματί
2503 4296 2555 4332 τι
2575 4276 2685 4331 τῶν
2724 4273 3073 4349 ζητουμένων
3112 4268 3407 4349 εὑρίσκειν,

1834 4345 1892 4414 tv
1920 4360 2128 4423 τούτοις
2155 4345 2381 4421 ἐαυτοῦς
2404 4356 2751 4427 ἐπολέμησαν
2776 4369 2788 4382 ’
2824 4348 2956 4413 οἷον,
2978 4351 3059 4403 ὅτι
3089 4345 3408 4427 ἀθάνατος

1832 4440 1999 4512 ψυχὴ,
2027 4439 2119 4492 καὶ
2147 4440 2228 4492 ὃτι
2252 4439 2284 4509 ή
2308 4437 2478 4508 ἀρετὴ
2496 4425 2712 4497 οὐδενὸς
2737 4434 2904 4486 δεῖται
2936 4430 3044 4483 τῶν
3073 4425 3290 4512 ἔξωθεν,
3314 4425 3411 4512 καὶ

1835 4507 2043 4579 δτιηούκ
2063 4507 2307 4594 ἀνάγκης
2337 4522 2455 4577 οὐδὲ
2469 4507 2816 4593 εἱμαρμένης
2835 4516 2894 4570 τὸ
2916 4512 3164 4585 γενέσθαι
3189 4507 3408 4571 καλοὺς,

1834 4609 1873 4681 ἢ
1901 4608 1976 4679 μὴ
2003 4606 2296 4673 τοιούτους.

1906 4719 1966 4766 ε’.
1983 4707 2133 4775 Εἶδες
2152 4708 2246 4763 τοῦ
2257 4707 2498 4763 διαϐόλου
2510 4702 2845 4775 κακουργίαν
2864 4718 2880 4767 ;
2904 4701 2969 4755 Εί
2985 4717 3089 4753 που
3100 4717 3152 4754 τι
3163 4699 3412 4770 διεφθαρ·

1839 4797 2003 4867 μένον
2023 4790 2163 4849 εἶδεν
2190 4792 2459 4858 εἰπόντας,
2482 4789 2773 4860 ὁμονοῆσαι
2802 4786 3008 4849 πάντας
3036 4784 3290 4856 ἐποίησεν
3319 4801 3331 4815 ο
3350 4782 3416 4867 γεῐ

1838 4866 1941 4933 που
1975 4879 2033 4933 δέ
2065 4896 2118 4932 τι
2167 4878 2317 4945 ύγιές
2349 4872 2752 4945 φθεγξαμένους
2776 4909 2791 4932 ,
2828 4870 3047 4941 ἐτέρους
3081 4867 3198 4921 κατ’
3234 4866 3411 4919 αὐτῶν

1840 4963 1955 5037 [57]
1989 4962 2291 5033 διήγειρενο
2338 4958 2479 5012 ὥστε
2526 4958 2661 5027 μήτε
2719 4953 2788 5007 τὰ
2824 4953 3003 5007 ἀτοπα
3039 4952 3312 5037 ἐκπεσεῖνῌ
3342 4949 3410 5018 τῇ

1842 5032 2131 5117 συμφωνίᾳ
2164 5042 2541 5115 βεϐαιούμενα,
2584 5040 2679 5093 καὶ
2714 5038 2779 5092 τὰ
2816 5038 3062 5110 χρήσιμα
3091 5032 3410 5117 διαρρυῆναι

1841 5115 2113 5193 ποικίλως
2141 5127 2441 5199 βαλλόμενα
2458 5136 2506 5179 α.
2539 5124 2682 5194 Ὅρα
2718 5124 2836 5184 πῶς
2861 5118 3134 5187 πανταχοῦ
3162 5118 3350 5178 ἄτονος
3368 5115 3416 5199 κῆ

1840 5213 2010 5286 ψυχὴ,
2036 5213 2131 5267 καὶ
2143 5197 2249 5266 οὐκ
2279 5212 2436 5278 ἀρκεῖ
2460 5210 2650 5278 ἑαυτῇ.
2683 5205 2793 5260 Καὶ
2820 5204 2980 5258 τοῦτο
3006 5203 3229 5286 εἰκότως
3250 5197 3411 5286 γεγέ-

1843 5279 2022 5369 νηται.
2061 5297 2123 5350 Εἰ
2172 5294 2279 5366 γὰρ
2308 5292 2531 5360 τοιαύτη
2574 5292 2826 5359 γεγονυῖα
2861 5279 3415 5369 φιλονεικεῖῌμηδενὺς

1845 5362 2032 5456 χρείαν
2069 5362 2259 5452 ἔχειν(
2293 5378 2389 5433 καὶ
2434 5377 2637 5445 ἀπάγει
2679 5370 3010 5456 ἑαυτηντοῦ
3059 5365 3216 5456 Θεοῦ..
3251 5366 3300 5417 εί

1842 5447 2068 5535 τοιαύτη
2098 5447 2411 5532 ἐγεγένητο,
2436 5460 2538 5514 ποῦ
2566 5458 2666 5512 οὐκ
2691 5456 2758 5539 ἂν
2786 5452 3041 5539 ἐξῶλισθε
3073 5453 3305 5539 μανίας;
3352 5447 3417 5539 E3

1845 5548 2086 5604 λαϐοῦσα
2115 5546 2271 5617 σῶμα
2303 5543 2513 5614 θνητὸν,
2543 5540 2650 5595 ἀπὸ
2691 5536 2919 5610 ψευδοῦς
2950 5535 3293 5604 ὑποσχέσεως
3322 5535 3416 5617 τοῦ

1846 5632 2091 5689 διαϐόλου
2119 5613 2484 5701 προσεδόκησε
2504 5622 2683 5694 πολλῷ
2707 5620 2932 5693 μείζονα
2951 5635 2964 5649 ·
3003 5618 3260 5675 Ἕσεσθε
3285 5613 3418 5685 γὰρ,

1912 5864 1941 5905 ιν
1970 5863 2050 5911 Sic
2069 5861 2271 5924 Regius.
2288 5858 2415 5924 Editi
2441 5855 2831 5922 νει*ο,λογισμοΐς
2850 5855 3111 5915 τῆς·Μῆς,
3134 5854 3417 5913 Ρθτρθηωδ

1857 5930 1880 5959 ⁶
1906 5923 2165 5994 Legebaluf
2192 5923 2436 5985 νοούμενα.
