3864 6316
155 327 207 386 ε,
1206 304 1272 362 IN
1314 305 1527 386 EPlS't‘.
1559 305 1580 361 ι
1641 307 1718 366 At

1822 306 1928 366 0R.
1968 305 2198 366 HOMIL.
2240 305 2382 368 νιι..
3349 347 3423 406 η

157 471 269 520 tiam
290 455 607 515 incidisset?
624 455 680 511 Si
706 467 829 509 cum
849 447 1078 505 mortale
1097 461 1294 516 corpus
1315 443 1628 516 accepisset,
1659 459 1725 499 cx

158 556 268 610 faba
292 550 487 606 diaboli
518 547 882 618 promissione
919 542 1088 596 multo
1126 541 1328 608 majora
1361 536 1727 606 exspectavit;

158 647 295 701 Erilis
317 644 482 705 enim,
512 640 708 710 inquit,
736 637 865 692 sicut
889 634 962 687 dii
987 632 1136 703 (Gen.
1163 631 1216 686 5.
1241 631 1296 700 5)
1322 647 1334 692 ;
1363 630 1408 685 si
1441 629 1540 683 hoc
1563 629 1724 682 etiam

155 739 213 791 ab
240 736 381 790 initio
405 731 711 799 accepisset
755 723 1084 786 immortale,
1112 735 1218 790 quo
1254 735 1359 774 non
1400 727 1543 774 esset
1575 718 1725 775 dela-

158 827 413 899 psalNam
441 825 606 878 etiam
636 830 756 891 post
791 817 919 873 illud
946 832 1005 872 se
1030 815 1317 884 ingenitam
1345 826 1464 866 esse
1488 811 1643 876 dixit,
1671 818 1728 864 et

155 938 210 976 ex
238 919 458 974 essentia
492 915 615 979 Dei,
645 928 741 983 per
769 908 1040 980 putridum
1067 921 1129 961 os
1156 904 1588 960 Manichaeorum.
1616 902 1722 956 0c-

154 1013 346 1069 cssione
365 1010 526 1063 etiam
552 1007 716 1074 hujus
734 1002 908 1058 morbi
931 999 1178 1055 diabolus
1197 997 1329 1052 deos
1347 995 1487 1066 apud
1507 994 1724 1052 Grmcos

154 1106 352 1168 strinxit.
385 1101 510 1156 Ideo
539 1073 755 1155 videtur
795 1096 926 1152 mihi
960 1095 1098 1149 Deus
1127 1073 1446 1147 laboriosam
1472 1090 1720 1142 virtutem

155 1201 342 1260 iecisse,
367 1197 604 1250 animam
631 1192 912 1247 inflectens
936 1197 991 1244 et
1014 1186 1284 1242 deducens
1309 1183 1377 1238 ad
1404 1181 1723 1237 mode-ratio—

156 1308 278 1346 nem.
295 1289 358 1345 Ut
372 1300 553 1342 autem
571 1286 750 1341 discas
772 1283 874 1336 hoc
890 1296 1008 1336 esse
1024 1294 1229 1343 verum,
1247 1285 1302 1330 ut
1321 1277 1440 1346 quis
1455 1291 1519 1330 ex
1546 1275 1720 1344 parvis

154 1398 376 1452 agnum
406 1379 682 1447 conjiciat,
712 1374 942 1444 idipsum
968 1371 1236 1426 discamus
1261 1384 1327 1424 ex
1359 1365 1629 1420 lsraelitis.
1657 1365 1719 1419 Hi

154 1475 272 1528 cim
300 1489 419 1528 cum
449 1473 614 1524 vitam
641 1476 864 1539 agerent
888 1479 993 1519 non
1022 1461 1365 1524 laboriosam,
1391 1468 1443 1512 et
1467 1458 1517 1511 in
1544 1457 1721 1526 quiete

153 1568 416 1637 degerent:
450 1563 763 1618 felicitatem
791 1560 935 1613 illam
967 1572 1070 1610 non
1109 1555 1359 1616 ferentes,
1389 1552 1439 1604 in
1478 1550 1722 1620 impieta-

156 1670 243 1714 tem
265 1667 382 1712 sunt
411 1655 642 1724 delapsi.
673 1651 811 1719 Quid
842 1665 969 1719 ergo
1001 1648 1140 1701 Deus
1171 1642 1396 1715 postea?
1423 1641 1613 1697 Multas
1642 1641 1720 1694 in-

153 1752 253 1804 tulit
272 1750 434 1819 leges,
469 1748 685 1800 illorum
713 1757 903 1797 arcens
927 1740 1214 1795 licentiam.
1238 1736 1306 1790 Et
1331 1744 1390 1790 ut
1411 1735 1584 1788 discas
1607 1733 1720 1788 haec

153 1843 315 1912 legalia
341 1842 406 1894 ad
442 1840 697 1892 virtutem
730 1848 837 1888 non
867 1832 1129 1894 conferre,
1160 1829 1252 1884 sed
1284 1844 1378 1897 pro
1409 1828 1559 1880 freno
1587 1841 1721 1895 quo-

150 1935 272 2002 piam
295 1931 411 1986 data
443 1929 630 1989 fuisse,
660 1942 783 1997 quae
817 1924 910 1978 ot'n
938 1923 1272 1977 occasionem
1301 1919 1568 1984 tollerent,
1595 1917 1716 1971 andi

148 2024 256 2091 quid
280 2023 344 2077 de
375 2023 481 2075 illis
504 2021 649 2074 dicat
689 2018 948 2088 propheta
974 2033 986 2068 :
1014 2013 1146 2068 Dedi
1187 2014 1291 2067 illis
1331 2021 1583 2082 prwcepta
1616 2028 1720 2065 non

147 2121 261 2169 bona
284 2115 494 2184 (Ezech.
522 2113 615 2168 20.
643 2112 760 2182 25).
791 2108 927 2176 Quid
957 2107 1057 2162 sibi
1083 2105 1198 2161 vult
1223 2104 1371 2168 illud,
1396 2103 1516 2157 Non
1543 2102 1719 2156 bona?

143 2209 268 2260 .\ihil
295 2222 544 2276 magnum
574 2203 641 2258 ad
671 2204 918 2256 virtutem
949 2198 1276 2254 conferentia
1306 2215 1320 2250 ε
1348 2196 1467 2251 ideo
1493 2195 1718 2264 subjun-

142 2302 212 2367 git
235 2317 248 2353 :
271 2297 670 2366 Justiﬁcationes
698 2295 752 2348 in
791 2292 971 2363 quibus
999 2308 1100 2344 non
1134 2291 1314 2343 vivent.
1347 2287 1594 2341 Animalis
1618 2304 1713 2340 αωο-

142 2403 230 2444 tan
263 2393 408 2445 homo
455 2404 562 2443 non
597 2387 821 2458 percipit
864 2402 924 2438 ea
965 2399 1076 2452 qua:
1115 2392 1231 2436 sunt
1263 2381 1507 2450 Spiritus.
1537 2379 1664 2435 Jure
1695 2397 1710 2435 :

139 2481 573 2550 «jucundxtiodum
600 2479 746 2534 enim
772 2477 856 2532 bis
877 2476 1045 2532 oculis
1066 2491 1225 2529 nemo
1245 2473 1490 2528 didicerit
1509 2488 1567 2527 ea
1595 2488 1716 2542 qua:

139 2575 189 2628 in
213 2575 351 2627 ea-lis
380 2581 543 2636 sunt,
573 2571 652 2625 sic
683 2584 782 2624 nec
809 2568 984 2622 anima
1013 2567 1126 2621 sola
1155 2581 1217 2622 ea
1247 2581 1365 2636 qua:
1393 2574 1518 2619 sunt
1547 2563 1717 2634 Spiri-

139 2677 234 2719 tus.
265 2667 325 2719 Et
352 2665 480 2733 quid
524 2665 648 2718 dico
685 2677 748 2717 ea
787 2676 908 2731 qum
937 2661 987 2712 in
1017 2658 1208 2714 cmlis?
1235 2657 1417 2728 Neque
1447 2674 1508 2712 ea
1535 2657 1713 2711 omnia

137 2775 242 2826 qus
263 2761 310 2811 in
336 2768 500 2812 terra.
533 2757 665 2811 Nam
694 2755 879 2825 procul
908 2754 1146 2809 videntes
1169 2753 1352 2808 turrim
1379 2752 1710 2823 quadratam,

138 2850 402 2904 rotundam
447 2865 568 2904 eam
607 2863 730 2903 esse
777 2857 1023 2916 putamus
1052 2864 1064 2900 :
1093 2856 1175 2901 est
1212 2855 1390 2902 autem
1434 2845 1711 2901 oculorum

136 2944 363 3014 deceptio
386 2944 509 2998 talis
533 2944 736 3012 Opinio.
769 2943 844 2996 lta
872 2942 1030 2996 etiam
1056 2940 1270 3012 quando
1296 2955 1383 2996 res
1413 2941 1594 3010 procul
1619 2955 1712 3010 poo

135 3037 252 3089 sitas
277 3050 370 3105 per
398 3044 638 3090 mentem
674 3033 848 3088 solam
875 3033 990 3104 quis
1019 3033 1324 3096 examinat,
1352 3033 1552 3087 multus
1577 3047 1712 3087 con-

133 3135 375 3196 sequetur
405 3126 570 3180 risus.
612 3124 729 3179 Non
767 3124 940 3179 solum
974 3109 1116 3178 enim
1147 3124 1321 3195 qualia
1347 3124 1438 3177 illa
1474 3123 1581 3178 sint
1605 3141 1712 3179 non

133 3216 340 3282 videbit,
370 3217 467 3271 sed
499 3216 662 3284 etiam
690 3215 962 3285 contraria
984 3216 1048 3269 iis
1075 3229 1194 3270 esse
1220 3215 1458 3284 putabit:
1487 3215 1712 3286 ideoque

135 3309 390 3378 subjunin
422 3324 438 3361 :
470 3309 710 3362 Stultitia
738 3309 975 3362 enim-est
1002 3308 1099 3362 illi.
1143 3308 1254 3363 lloc
1290 3317 1466 3363 autem
1509 3323 1614 3362 nou
1645 3325 1711 3365 ex

136 3405 201 3454 rei
227 3411 412 3455 natura
444 3402 710 3470 provenit,
737 3400 832 3456 sed
859 3415 926 3455 ex
947 3400 1309 3455 imbecillitate
1335 3401 1471 3470 ejus,
1493 3401 1580 3471 qui
1606 3417 1711 3455 non

137 3503 295 3559 potest
319 3509 505 3546 eorum
535 3492 956 3562 magnitudinem
989 3507 1082 3562 per
1116 3492 1298 3546 oculos
1329 3492 1523 3546 anima:
1547 3493 1711 3546 attin-

136 3599 268 3651 gere.
297 3585 497 3640 Deinde
516 3585 633 3654 ejus
654 3585 730 3640 rei
753 3598 968 3638 causam
989 3599 1054 3638 ex
1078 3584 1304 3638 adverso
1328 3583 1474 3652 ponit
1493 3583 1712 3638 dicens:

138 3676 260 3742 Quia
297 3694 398 3729 non
435 3677 573 3730 novit
615 3676 753 3746 quod
795 3675 1126 3743 spiritualiter
1161 3677 1490 3728 exanimetur.
1520 3674 1574 3728 Id
1601 3684 1736 3742 est,

133 3770 263 3839 quod
295 3785 356 3823 ea
383 3787 504 3840 quae
532 3771 803 3838 dicuntur,
832 3770 935 3823 ﬁde
975 3768 1264 3838 indigeant,
1297 3785 1396 3824 nec
1422 3770 1716 3826 rationibus

134 3862 508 3933 comprehendi
533 3864 737 3933 possint
762 3880 774 3914 :
804 3877 987 3916 eorum
1018 3860 1212 3932 quippe
1237 3862 1542 3932 magnitudo
1568 3878 1717 3916 tuen-

137 3959 193 4007 tis
221 3965 419 4010 nostrze.
444 3955 702 4009 vilitatem
731 3955 889 4024 longo
915 3954 1089 4024 spatio
1114 3964 1350 4022 superat.
1378 3954 1718 4024 Quapropter

135 4049 232 4103 ait:
266 4050 348 4104 15.
384 4048 687 4119 Spiritualis
725 4057 891 4101 autem
909 4047 1111 4118 judicat
1137 4047 1346 4120 omnia;
1369 4048 1476 4117 ipse
1500 4055 1665 4101 autem
1684 4064 1718 4100 a

137 4142 320 4194 nemine
341 4141 637 4211 judicatur.
665 4139 800 4194 Nam
829 4139 919 4209 qui
947 4138 1124 4205 videt,
1152 4139 1331 4192 omnia
1362 4137 1574 4206 quidem
1602 4139 1718 4209 ipse

136 4234 288 4302 videt,
309 4235 474 4288 etiam
500 4247 566 4287 ea
591 4248 710 4301 qua:
739 4231 806 4285 ad
835 4245 944 4286 non
969 4230 1240 4286 videntem
1265 4231 1571 4300 pertinent;
1598 4246 1719 4301 qua:

136 4333 300 4380 autem
327 4325 502 4395 ipsius
525 4363 542 4389 ,
571 4338 731 4378 nemo
757 4339 862 4378 non
889 4323 1182 4378 videntium
1211 4323 1422 4394 aspicit.
1451 4324 1526 4378 lta
1555 4325 1718 4380 etiam

139 4431 298 4482 nunc,
328 4424 518 4470 nostra
546 4414 764 4485 quidem
791 4423 845 4468 et
872 4429 936 4468 ea
964 4429 1082 4484 qua:
1123 4414 1412 4470 infidelium
1448 4423 1574 4470 sunt
1599 4429 1718 4469 om-

141 4508 216 4562 nia
237 4524 336 4563 nos
363 4509 569 4562 scimus
592 4546 611 4574 ,
642 4516 824 4562 nostra
852 4516 1031 4562 autem
1064 4506 1135 4559 illi
1179 4521 1284 4560 non
1326 4507 1477 4561 item.
1506 4506 1718 4562 Etenim

140 4605 320 4656 scimus
347 4617 471 4672 qua:
497 4601 566 4654 sit
599 4601 941 4670 prmsentium
973 4615 1150 4655 rerum
1178 4610 1390 4666 natura,
1412 4617 1530 4670 qua:
1552 4601 1622 4658 sit
1642 4600 1722 4656 fu-

144 4703 368 4748 turorum
410 4694 679 4764 dignitas,
712 4693 837 4763 quid
879 4692 1110 4747 mtmdus
1140 4703 1259 4763 post
1287 4692 1402 4747 haec
1429 4693 1718 4760 efﬁcietur,

142 4797 190 4838 et
214 4791 332 4856 quid
375 4793 648 4858 patientur
689 4797 1038 4858 peccatores,
1069 4788 1261 4858 quibus
1307 4803 1434 4843 vero
1481 4788 1722 4845 fruentur

142 4877 272 4946 justi.
293 4892 349 4936 et
375 4881 520 4950 quod
550 4882 750 4935 nullius
780 4881 934 4950 pretii
957 4882 1064 4935 sint
1087 4897 1174 4936 res
1198 4890 1512 4950 prmsentes,
1541 4891 1594 4937 et
1619 4883 1722 4937 sci-

147 4988 248 5026 Inus
267 5016 281 5039 ,
313 4985 370 5027 et
397 4975 612 5027 illorum
640 4973 898 5028 vilitatem
938 4974 1211 5043 arguimus
1234 4973 1550 5045 (dijudicare
1577 4975 1721 5029 enim

146 5075 216 5116 est
239 5068 499 5136 arguere)
526 5083 541 5131 ;
573 5075 628 5121 et
664 5065 808 5136 quod
847 5065 1020 5120 futura
1051 5067 1159 5120 sint
1188 5067 1510 5122 immortalia
1533 5075 1587 5122 et
1615 5067 1720 5121 im-

149 5157 367 5214 mobilia.
397 5159 524 5212 llaec
551 5159 730 5212 omnia
757 5159 904 5212 novit
926 5157 1240 5228 spiritualis,
1261 5169 1316 5214 et
1341 5160 1464 5230 quid
1495 5161 1725 5231 patietur

148 5248 376 5305 animalis
418 5266 541 5304 cutn
582 5250 715 5320 illuc
757 5250 1031 5320 migrarit,
1064 5260 1119 5305 et
1167 5267 1399 5321 quonam
1427 5251 1633 5308 fruetur
1663 5252 1719 5308 ﬁ.

148 5339 268 5394 dolis
285 5357 408 5396 cum
433 5343 560 5396 hinc
579 5343 928 5408 abscesserit,
956 5359 1182 5413 quarum
1213 5361 1390 5401 rerum
1418 5347 1554 5402 nihil
1577 5349 1726 5403 novit

152 5434 398 5490 animalis.
439 5435 800 5504 Quamobrem
835 5437 1034 5491 claram
1075 5437 1337 5494 dictorum
1379 5441 1720 5497 demonstra-

156 5525 332 5580 tionem
371 5529 701 5599 suhjungens
746 5527 1002 5583 dicebat:
1033 5529 1119 5585 lli.
1160 5530 1284 5595 Quis
1323 5533 1454 5586 enim
1492 5533 1722 5603 cognouit

158 5631 332 5672 sensim
361 5618 603 5687 Domini,
636 5621 722 5691 qui
748 5619 960 5675 instruet
989 5623 1143 5677 eum?
1174 5620 1284 5676 Nos
1312 5633 1480 5678 autem
1509 5634 1722 5679 utentem

158 5705 322 5763 (ἔιγὶδή
351 5713 612 5766 habemus.
646 5713 703 5767 Id
727 5721 832 5779 est,
863 5727 925 5769 ea
951 5729 1070 5785 qua:
1097 5715 1149 5771 in
1175 5725 1357 5775 mente
1379 5718 1573 5774 Christi
1601 5728 1725 5776 sunt

163 5815 246 5858 nos
277 5806 505 5876 scimus,
534 5823 743 5864 necnon
783 5822 848 5864 ea
885 5824 1005 5878 quas
1047 5810 1161 5887 ipse
1199 5812 1310 5868 vult
1351 5823 1404 5870 et
1443 5815 1717 5877 revelavit.

1833 443 2138 544 Quiauenim
2169 449 2303 544 dixit
2344 455 2596 522 Spiritum
2629 463 2926 536 revelasse;
2960 487 3027 527 ne
3063 476 3183 544 quis
3221 475 3416 541 Filium

1832 536 2079 631 repellat,
2106 542 2399 610 subjunxit,
2427 548 2585 604 etiam
2609 550 2877 614 Christum
2909 561 3023 620 hare
3050 536 3206 625 nobis
3236 536 3418 631 esten-

1833 625 1977 682 disse
2005 647 2020 683 :
2048 647 2152 686 non
2197 633 2299 690 hoc
2343 637 2558 703 dicens,
2590 659 2686 699 nos
2728 652 2905 705 omnia
2947 670 3068 724 qua:
3111 659 3225 729 ipse

1831 721 2006 787 scire;
2036 723 2128 777 sed
2159 729 2332 781 omnia
2362 746 2481 800 quae
2519 739 2718 793 scimus
2760 757 2864 796 non
2897 721 3288 810 humana-esse
3309 798 3324 824 ,
3357 721 3419 813 ot

1830 811 1936 904 sint
1965 825 2232 883 suspecta,
2255 820 2350 874 sed
2381 827 2574 880 mentis
2603 828 2743 886 illius
2767 843 2822 888 et
2845 839 3158 904 spiritualia.

1899 903 1951 957 6.
1981 904 2210 1002 Mentem
2240 911 2380 967 enim
2407 931 2566 985 quam
2594 922 2663 978 de
2700 922 2785 980 his
2812 927 3101 1002 habemus,
3131 947 3188 992 ut
3213 939 3411 1000 Christi

1825 1000 2378 1096 mentemAliabetnus;
2405 1009 2454 1064 id
2475 1023 2577 1079 est,
2599 1020 2958 1088 cognitionem
2983 1000 3140 1096 quam
3160 1030 3230 1087 de
3251 1035 3414 1092 rebus

1825 1089 1964 1193 ﬁdei.
1994 1091 2252 1193 habe-mus
2275 1138 2290 1163 ,
2329 1101 2657 1170 spiritualem
2695 1111 2953 1173 habemus
2977 1089 3102 1180 ;-ita
3137 1131 3194 1178 ut
3226 1089 3411 1193 jurea

1824 1183 2036 1239 nemine
2063 1187 2434 1256 dijudicemur.
2457 1195 2642 1267 Neque
2669 1205 2812 1260 enim
2841 1219 3016 1276 potest
3041 1183 3286 1273 animalis
3313 1221 3413 1276 ho-

1824 1288 1914 1378 mo
1942 1275 2117 1331 divina
2147 1295 2489 1351 cognoscere.
2516 1289 2640 1346 Ideo
2661 1275 2890 1364 dicebat,
2925 1303 3051 1370 Quis
3070 1289 3202 1364 enim
3222 1330 3411 1386 cogno-

1928 1379 2140 1425 mentem
2170 1373 2413 1432 Domini?
2441 1394 2671 1440 mentem
2701 1367 3104 1454 nostramvcirca
3138 1420 3222 1460 res
3253 1367 3404 1473 istas,

1823 1457 1964 1511 illius
1988 1474 2108 1516 esse
2137 1475 2368 1521 mentem
2395 1469 2598 1528 dicens.
2635 1478 2698 1532 Et
2727 1480 2874 1547 illud,
2905 1486 3004 1551 Qui
3028 1457 3381 1552 instruet

1822 1552 2259 1660 non‘si‘neeausa
2287 1561 2500 1629 adjecit,
2530 1567 2622 1622 sed
2651 1573 2940 1642 respiciens
2965 1581 3030 1635 ad
3058 1583 3110 1637 id
3131 1589 3270 1656 quod
3292 1543 3406 1660 jani

1821 1639 1974 1708 dixit,
1998 1643 2329 1715 Spiritualem
2349 1671 2493 1710 nemo
2515 1639 2778 1729 diiudicat.
2802 1666 2857 1722 Si
2879 1673 3020 1726 enim
3047 1639 3406 1751 nemo‘poie-s-t

1822 1747 1981 1788 nosse
2011 1747 2239 1794 mentem
2273 1743 2501 1812 Domini,
2529 1753 2696 1807 multo
2727 1760 2904 1814 minus
2931 1775 3101 1830 potest
3129 1743 3276 1826 illum
3307 1775 3407 1829 do-

1819 1839 1943 1880 cere
1969 1835 2022 1881 et
2047 1831 2317 1901 corrigere
2349 1855 2361 1890 :
2394 1836 2494 1894 hoc
2521 1845 2661 1898 enim
2701 1849 2802 1902 sibi
2843 1855 2954 1908 vult
2983 1856 3109 1912 illud
3131 1901 3145 1923 ,
3181 1863 3280 1927 Qui
3318 1867 3403 1920 in-

1819 1929 1974 2022 struet
1997 1938 2128 1978 eunt.
2160 1925 2345 1982 Viden'
2372 1937 2641 2001 quomodo
2669 1943 2902 2012 undique
2937 1953 3157 2018 repellat
3185 1925 3401 2028 sapien-

1821 2013 1946 2067 tiam
1978 2025 2252 2115 externam
2272 2062 2286 2086 ,
2317 2034 2372 2078 et
2401 2027 2728 2095 spiritualem
2762 2037 2909 2104 plura
2941 2013 3010 2096 (ιι-
3031 2049 3230 2115 majora
3247 2013 3403 2110 .scire

1818 2107 2102 2206 ostendat?
2129 2112 2258 2178 Quia
2290 2117 2432 2172 enim
2462 2135 2639 2176 causa:
2667 2125 2772 2180 illa:
2796 2130 3032 2201 (nempe,
3065 2107 3134 2191 Ui
3163 2157 3263 2195 non
3290 2107 3402 2214 glo:

1817 2203 1972 2300 rietn‘r
1996 2203 2157 2255 omnis
2185 2221 2345 2271 caro;
2374 2220 2427 2263 et
2453 2213 2592 2280 quod
2627 2215 2748 2271 ideo
2781 2221 2952 2277 Stulta
2983 2227 3158 2300 elegit,
3193 2245 3246 2286 ut
3273 2203 3403 2291 cyon-

1818 2289 2049 2356 funderet
2078 2296 2365 2365 sapientes;
2393 2312 2466 2364 et,
2500 2303 2567 2358 Ut
2592 2323 2692 2361 non
2722 2326 2984 2369 evacuetur
3012 2289 3138 2376 crux
3165 2325 3398 2398 Christi),

1818 2383 2120 2484 inﬁdelibus
2147 2407 2250 2444 non
2281 2393 2568 2453 admodum
2605 2398 2710 2456 ﬁde
2735 2405 2908 2475 dignm
2939 2427 3110 2484 neque
3141 2383 3398 2476 inducent

1819 2484 1916 2538 tes,
1951 2479 2034 2533 vel
2066 2486 2384 2542 necessaria:
2409 2497 2464 2543 et
2492 2492 2646 2548 utiles
2676 2497 2990 2556 videbantur
3017 2479 3157 2574 esse,
3181 2510 3399 2570 demum

1815 2569 2036 2634 apponit
2076 2572 2367 2643 principem
2404 2594 2655 2650 causam;
2686 2587 2808 2656 quia
2850 2589 2951 2647 hoc
2979 2569 3210 2654 maxime
3238 2569 3400 2658 modo
3482 2621 3488 2634 ·

1819 2659 2000 2730 videre
2035 2677 2319 2731 possumus
2339 2711 2353 2733 ,
2384 2685 2448 2726 ex
2480 2688 2586 2742 quo
2621 2678 2868 2735 sublimia
2899 2694 2954 2740 et
2979 2701 3172 2744 arcana
3199 2704 3249 2746 et
3279 2711 3400 2765 qua:

1814 2767 1973 2821 supra
2004 2771 2100 2810 nos
2127 2770 2250 2814 sunt
2276 2762 2416 2818 scire
2444 2767 2729 2834 possimus.
2761 2772 2894 2828 Nam
2925 2762 3399 2841 evacuabatur—ra-

1816 2845 1910 2908 tio,
1940 2849 2082 2916 quod
2109 2866 2194 2916 ea,
2227 2869 2344 2921 quae
2375 2869 2534 2925 supra
2565 2875 2662 2914 nos
2690 2875 2834 2931 sunt,
2868 2882 2965 2936 per
3002 2880 3277 2929 externam
3307 2893 3398 2932 sa-

1816 2939 2070 3040 pientiam
2097 2945 2554 3040 comprehendere
2582 2968 2686 3007 non
2719 2971 3017 3025 possemus.
3053 2964 3234 3020 Vidcn'
3255 2972 3399 3040 quod

1812 3032 1890 3086 sic
1935 3035 2104 3103 magis
2141 3037 2455 3095 conferebat
2497 3043 2738 3101 ediscere
2777 3065 2807 3102 a
2850 3052 3096 3120 Spiritu?
3137 3069 3218 3112 est
3253 3032 3395 3116 enim

1818 3123 1934 3179 haec
1970 3125 2212 3181 doctrina
2256 3138 2311 3184 et
2348 3129 2596 3189 facillima
2635 3147 2690 3191 et
2723 3140 3040 3201 clarissima.
3082 3145 3195 3202 Nos
3231 3161 3399 3207 autem

1812 3229 2024 3274 mentem
2053 3220 2242 3276 Christi
2269 3223 2523 3281 habemus.
2569 3228 2678 3284 Hoc
2717 3241 2831 3298 est,
2863 3237 3194 3305 spiritualem
3216 3284 3228 3304 ,
3259 3243 3404 3298 divi-

1820 3327 1939 3365 nam
1963 3353 1979 3377 ,
2013 3313 2300 3369 humanum
2331 3317 2463 3372 nihil
2502 3319 2811 3382 habentem.
2844 3326 2959 3382 Non
2990 3333 3132 3386 enim
3163 3334 3405 3391 Platonis

1813 3419 1913 3468 nec
1938 3405 2252 3476 Pythagora:
2274 3423 2454 3477 sensa,
2480 3413 2573 3468 sed
2603 3415 2847 3473 Christus
2875 3435 2971 3476 sua
3002 3428 3166 3480 menti
3201 3439 3410 3485 nostrae

1814 3497 2020 3550 indidit.
2053 3498 2174 3552 Ideo
2196 3499 2353 3570 igitur
2379 3504 2580 3571 pudore
2600 3507 2913 3578 aflieianmr,
2938 3514 3137 3583 dilecti,
3161 3527 3217 3572 et
3236 3521 3406 3575 vitam.

1813 3589 2165 3648 exhibeamus
2192 3595 2448 3664 Optimam
2478 3616 2490 3652 :
2519 3603 2736 3670 quando
2757 3615 2813 3658 et
2843 3606 2956 3675 ipse
2990 3607 3092 3664 hoc
3122 3611 3245 3667 facit
3287 3631 3404 3671 ma-

1815 3698 1930 3750 gna:
1953 3684 2200 3740 amicitia:
2224 3700 2619 3758 argumentum,
2642 3709 2772 3749 eum
2787 3697 2940 3751 nobis
2959 3715 3150 3756 arcana
3177 3708 3408 3770 revelat,

1815 3775 2001 3832 dicens
2035 3795 2048 3832 :
2081 3777 2204 3833 Non
2241 3782 2354 3852 jam
2391 3799 2478 3837 vos
2513 3785 2682 3839 dicam
2719 3805 2887 3843 servos
2913 3806 2934 3844 :
2959 3809 3129 3848 omnes
3154 3796 3284 3850 enim
3315 3815 3413 3854 vos

1816 3871 1968 3924 amici
2004 3873 2102 3926 mei
2130 3873 2246 3926 estis
2273 3889 2291 3928 :
2325 3876 2443 3946 quia
2473 3878 2645 3930 omnia
2677 3895 2794 3948 qua:
2828 3882 3001 3936 audivi
3035 3899 3067 3936 a
3105 3885 3265 3942 Patre
3291 3905 3411 3945 mea.

1816 3963 2111 4018 annuntiaui
2136 3964 2272 4018 nobis
2300 3967 2510 4035 (Joan..
2539 3969 2632 4023 15.
2661 3970 2800 4041 i5);
2834 3972 2884 4026 id
2915 3983 3018 4042 est,
3050 3991 3170 4030 cum
3212 3978 3410 4036 ﬁducia

1819 4053 2012 4109 tradidi
2037 4055 2208 4111 vobis.
2245 4057 2299 4112 Si
2325 4067 2502 4114 autem
2536 4059 2638 4117 hoc
2665 4063 2837 4118 solum
2865 4075 2947 4120 est
2973 4067 3221 4125 amicitiae
3245 4083 3415 4142 argui-

1819 4158 2090 4218 mentum,
2121 4150 2318 4218 ﬁdere;
2349 4167 2470 4207 cum
2509 4155 2682 4224 palam
2713 4157 2784 4212 sit
2807 4171 2929 4212 eum
2959 4175 3062 4214 non
3096 4163 3254 4218 modo
3279 4179 3410 4221 cum

1820 4242 2011 4298 ﬁducia
2033 4244 2314 4305 verborum
2343 4248 2596 4318 mysteria
2628 4249 2930 4318 tradidisse,
2959 4253 3054 4308 sed
3081 4255 3266 4311 eadem
3291 4258 3408 4327 ipsa

1819 4335 2071 4404 operibus
2101 4336 2252 4392 nobis
2280 4338 2524 4409 largitum
2554 4355 2674 4396 esse
2693 4383 2709 4404 ,
2739 4343 2911 4413 cogi-ta
2937 4354 3151 4415 quanta:
3181 4347 3307 4403 illud
3335 4350 3408 4404 sis

1820 4428 2088 4483 amicitim.
2140 4429 2249 4484 llac
2288 4445 2416 4499 ergo
2454 4432 2522 4486 de
2561 4449 2622 4487 re
2666 4434 2870 4504 pudore
2906 4435 3243 4493 afﬁciamur:
3275 4442 3410 4495 etsi

1823 4522 1964 4574 nulla
1993 4522 2146 4577 nobis
2177 4533 2318 4577 tanta
2349 4525 2608 4579 habeatur
2628 4528 2890 4597 gehenute
2920 4530 3096 4597 ratio;
3122 4539 3178 4584 at
3214 4531 3283 4585 sit
3307 4546 3409 4587 no-

1821 4613 1904 4668 bis
1943 4614 2186 4684 gehenna
2225 4616 2545 4683 terribilius,
2579 4620 2719 4687 quod
2763 4635 2888 4690 erga
2923 4621 3058 4676 adeo
3093 4623 3323 4678 amicum
3353 4633 3414 4680 et

1823 4707 2118 4762 beneﬁcum
2143 4708 2332 4779 ingrati
2357 4709 2525 4764 simus
2547 4727 2561 4764 :
2585 4726 2758 4780 neque
2783 4720 2842 4765 ut
2863 4715 3176 4782 mercenarii
3202 4715 3404 4783 famuli,

1822 4801 1915 4855 sed
1943 4809 2000 4854 ut
2027 4801 2115 4855 filii
2145 4809 2200 4855 et
2227 4801 2378 4856 liberi
2400 4803 2577 4857 omnia
2603 4802 2858 4859 faciamus
2882 4814 3102 4875 propter
3119 4809 3411 4864 amicitiam

1823 4889 2032 4956 Patris;
2062 4899 2116 4946 et
2146 4891 2358 4946 tandem
2389 4907 2663 4948 cessemus
2693 4897 2890 4949 mundo
2930 4897 3126 4954 addicti
3167 4915 3289 4956 esse
3308 4943 3324 4968 ,
3353 4912 3410 4956 ut

1822 4981 1981 5035 etiam
2007 4993 2194 5052 gentes
2223 4983 2425 5053 pudore
2449 4984 2759 5040 afﬁciamus.
2788 4985 2918 5041 Nam
2947 5004 3086 5044 nunc
3107 5005 3226 5045 cum
3252 4995 3430 5048 velim

1824 5085 2009 5129 contra
2041 5075 2163 5130 illos
2187 5075 2481 5145 disputare,
2505 5093 2694 5138 renuo.
2725 5094 2793 5134 ne
2818 5080 2943 5134 dtnn
2970 5081 3088 5136 illos
3113 5085 3416 5140 rationibus

1825 5176 1879 5222 ct
1907 5167 2212 5237 dogmatum
2245 5170 2470 5224 veritate
2510 5171 2774 5225 vincimus
2795 5212 2812 5237 ,
2844 5173 3114 5239 ingentem
3152 5174 3306 5228 nobis
3338 5177 3416 5228 ri-

1827 5277 1945 5316 sum
1987 5279 2048 5315 ex
2089 5263 2210 5316 vitm
2249 5265 2646 5332 comparatione
2688 5265 2974 5320 inferamus
3006 5284 3019 5320 :
3049 5267 3263 5337 quando
3307 5268 3412 5326 illi.

1829 5354 1918 5422 qui
1950 5354 2120 5408 errori
2151 5353 2348 5407 addicti
2387 5364 2512 5409 sunt
2535 5397 2548 5419 ,
2579 5364 2633 5409 et
2669 5356 2756 5426 qui
2797 5357 2927 5410 nihil
2956 5356 3259 5426 hujusmodi
3293 5373 3410 5427 per-

1829 5462 2042 5500 suasum
2072 5445 2288 5511 habent,
2313 5447 2659 5516 philoSOphim
2682 5448 2810 5502 dant
2835 5463 3085 5517 cperam;
3115 5466 3210 5503 nos
3233 5461 3413 5505 autem

1831 5540 1988 5609 plane
2015 5540 2339 5593 contrarium
2374 5540 2615 5596 faciinus.
2648 5541 2896 5596 Attamen
2925 5542 3095 5596 dicam
3131 5560 3145 5596 :
3176 5544 3418 5597 fortassis

1827 5632 1970 5686 enim
1997 5673 2010 5695 ,
2045 5630 2286 5687 fortassis
2321 5632 2578 5687 adversus
2621 5634 2743 5688 illos
2787 5649 3020 5704 pugnare
3056 5635 3410 5702 meditantes,

1826 5724 1931 5778 vita
1965 5724 2130 5779 etiam
2171 5723 2274 5778 illis
2314 5724 2564 5778 meliores
2602 5725 2741 5780 effici
2787 5726 3188 5780 contendamus.
3236 5725 3429 5792 Nuper-

1828 5819 2104 5888 dirchtun,
2149 5818 2420 5888 apostolos
2461 5833 2524 5873 ea
2565 5832 2694 5889 qua).
2727 5819 3085 5888 praedicarunt
3123 5832 3412 5888 utunquam
