3864 6216
435 339 510 395 65
1166 330 1228 389 8.
1255 326 1534 387 JOANNIS
1569 318 2042 383 CllRYSOSTOMl
2078 311 2394 374 ARClllEP.
2435 312 2966 372 (IONSTANTINOP.
3655 309 3722 368 σι

429 455 818 530 praedicaturos
855 450 1019 506 fuisse
1040 489 1055 508 .
1094 447 1196 502 nisi
1227 446 1403 500 divina
1446 451 1695 498 movente
1729 440 1934 511 gratia;
1961 448 2018 494 et

429 567 538 606 non
580 546 744 604 modo
785 545 837 600 id
876 560 982 600 non
1011 539 1347 614 perfecturos
1369 580 1384 605 ,
1414 537 1507 592 sed
1543 551 1716 606 neque
1741 533 1842 588 hac
1867 533 1934 588 de
1961 546 2023 587 re

428 641 827 700 c0nsultaturos
846 638 1029 692 fuisse.
1051 635 1162 704 Age
1183 647 1330 698 vero,
1355 629 1516 684 hodie
1535 642 1746 700 quoque
1766 641 1882 682 eam
1905 639 2020 680 rem

429 735 785 797 excutiamus,
809 727 1278 795 ostendamusque,
1307 739 1410 778 non
1441 723 1678 791 potuisse
1703 733 1798 774 eos
1826 717 1876 771 id
1903 729 2022 772 sus-

429 827 612 898 cipere
637 823 721 878 vel
745 822 980 889 cogitare
998 860 1014 883 ,
1039 817 1141 873 nisi
1181 815 1452 870 Christum
1474 827 1656 868 secum
1681 809 2020 872 habuissent;

431 936 539 976 non
579 917 704 989 quia
750 912 1000 969 imbecilli
1041 909 1305 965 adversus
1343 906 1543 969 fortes;
1569 919 1674 958 non
1702 903 1825 972 quia
1871 900 2022 970 pauci

429 1018 615 1067 contra
658 1007 893 1070 multos;
941 1017 1049 1058 non
1087 1002 1208 1072 quia
1255 1013 1519 1070 pauperes
1559 1005 1748 1051 contra
1788 993 2020 1052 divites:

432 1117 539 1155 non
563 1099 688 1170 quia
717 1096 915 1152 indocti
939 1102 1125 1149 contra
1152 1093 1424 1162 sapientes
1451 1089 1620 1144 aciem
1651 1085 1981 1142 instruebant
2005 1102 2019 1140 :

429 1193 525 1248 sed
551 1191 674 1262 quia
703 1189 1060 1260 praejudicata:
1083 1185 1350 1257 opinionis
1376 1199 1567 1253 magna
1592 1182 1674 1236 vis
1699 1189 1834 1236 erat.
1862 1179 2022 1234 Scitis

431 1287 574 1341 enim
621 1284 754 1339 nihil
793 1281 932 1352 apud
975 1281 1221 1336 homines
1262 1277 1486 1332 validius
1521 1290 1643 1331 esse
1664 1273 1859 1329 veteris
1887 1287 2021 1327 con-

431 1376 728 1432 suetudinis
753 1373 1052 1446 tyrannide.
1076 1370 1432 1440 Quamobrem
1455 1367 1664 1423 etiamsi
1693 1381 1797 1421 non
1821 1365 2025 1422 duode-

432 1468 537 1523 cim
561 1476 766 1522 tantum
789 1479 1012 1520 numero
1038 1463 1282 1526 fuissent,
1307 1475 1480 1530 neque
1508 1459 1579 1514 ita
1606 1459 1738 1513 viles
1763 1467 1820 1513 et
1840 1458 2024 1528 quales

434 1571 616 1626 erant;
655 1558 750 1614 sed
787 1558 925 1612 alius
951 1556 1099 1612 orbis
1125 1554 1315 1609 fuisset
1341 1552 1466 1608 huic
1494 1567 1608 1622 par,
1635 1565 1698 1606 ac
1723 1549 2025 1605 multitudi-

435 1667 558 1708 nem
599 1650 912 1706 habuissent
951 1647 1191 1703 adversae
1226 1646 1328 1701 sibi
1371 1643 1666 1715 aequalem,
1708 1643 1816 1697 imo
1856 1639 2025 1696 multo

435 1745 692 1815 majorem
711 1782 727 1806 ,
755 1742 833 1797 sic
859 1754 1072 1811 quoque
1099 1736 1333 1794 difficilis
1359 1751 1449 1791 res
1476 1734 1687 1790 fuisset.
1725 1732 1836 1788 lllis
1872 1747 2026 1788 nam-

434 1853 540 1908 que
578 1851 736 1905 Opem
780 1833 984 1888 ferebat
1025 1828 1357 1886 consuetudo
1380 1868 1396 1894 ,
1423 1827 1507 1882 his
1532 1841 1664 1881 vero
1692 1823 1901 1880 novitas
1926 1822 2025 1878 ad-

435 1928 769 1984 versabatur.
806 1925 952 1981 Nihil
991 1924 1135 1980 enim
1177 1922 1248 1976 ita
1286 1921 1466 1976 turbat
1509 1919 1782 1984 animum,
1814 1915 2020 1971 etiamsi

435 2019 566 2074 utile
605 2017 877 2089 quidpiam
917 2013 1276 2086 aggrediatur,
1307 2021 1365 2067 ut
1408 2011 1663 2065 innovare
1699 2017 1754 2064 et
1790 2007 2026 2078 peregri-

436 2128 564 2170 num
612 2110 739 2181 quid
783 2109 1074 2175 inducere,
1106 2107 1337 2162 maxime
1363 2121 1483 2160 cum
1511 2104 1580 2159 de
1615 2103 1760 2159 cultu
1802 2102 2024 2172 religio-

434 2204 519 2258 nis
562 2211 617 2257 et
660 2202 729 2256 de
782 2201 875 2256 Dei
921 2199 1088 2269 gloria
1116 2200 1307 2270 agitur.
1356 2199 1420 2252 Et
1439 2205 1637 2268 quanta
1664 2195 1734 2250 sit
1763 2194 1918 2264 hujus
1945 2195 2024 2250 rei

432 2293 534 2356 vis,
559 2293 668 2363 jam
700 2292 872 2361 palam
906 2291 1118 2346 faciam.
1167 2290 1346 2345 Primo
1383 2289 1508 2343 illud
1539 2288 1714 2342 dicam
1737 2328 1753 2352 ,
1795 2287 2024 2342 alteram

434 2388 598 2443 fuisse
623 2387 988 2442 difficultatem
1015 2386 1156 2442 circa
1191 2383 1425 2440 Iudaeos.
1455 2382 1587 2438 Nam
1615 2382 1757 2454 quod
1791 2381 1856 2436 ad
1893 2397 2025 2452 gen-

432 2481 555 2536 tiles
570 2489 795 2551 spectat,
813 2489 869 2535 et
887 2479 1016 2536 deos
1034 2489 1086 2534 et
1106 2479 1352 2549 dogmata
1375 2477 1586 2532 illorum
1615 2475 2026 2532 confutabantur

431 2573 612 2627 omnia
636 2589 652 2639 ;
681 2571 823 2641 apud
847 2571 1062 2627 Judaeos
1091 2581 1269 2625 autem
1295 2584 1398 2624 non
1428 2569 1498 2624 ita
1525 2568 1867 2639 disputabant
1891 2583 1905 2620 :
1929 2566 2024 2623 sed

431 2681 499 2721 ex
526 2665 866 2736 dogmatibus
895 2665 1061 2719 multa
1087 2663 1436 2734 abrogabant,
1464 2662 1630 2717 Deum
1667 2676 1796 2716 vero
1822 2661 1911 2731 qui
1943 2660 2024 2716 le-

431 2772 553 2827 gem
601 2765 855 2826 posuerat
895 2755 1124 2811 adorare
1163 2755 1426 2824 jubebant
1463 2769 1479 2805 :
1520 2761 1577 2808 et
1616 2768 1738 2808 cum
1783 2752 2026 2808 dicerent

432 2855 686 2918 oportere
713 2846 1070 2916 legislatorem
1099 2846 1306 2911 colere,
1335 2844 1632 2912 addebant,
1665 2843 1742 2900 Nc
1769 2843 1821 2899 in
1849 2844 2025 2899 omni-

431 2936 533 2993 bus
573 2937 888 3007 obsequaris
929 2937 1030 3006 legi
1073 2936 1143 2991 ab
1179 2937 1274 2990 illo
1300 2937 1524 3006 positae;
1554 2935 1705 2992 verbi
1732 2936 1901 3006 gratia
1925 2975 1939 2997 ,
1968 2935 2023 2991 in

430 3029 809 3086 observatione
834 3029 1061 3093 sabbati,
1087 3037 1180 3082 aut
1207 3027 1649 3094 circumcisionis,
1679 3036 1772 3081 aut
1815 3027 2024 3082 sacrifi-

430 3121 664 3186 ciorum,
692 3128 783 3175 aut
821 3120 1048 3175 aliorum
1091 3120 1367 3175 similium.
1396 3118 1578 3190 Itaque
1604 3135 1710 3176 non
1743 3120 1903 3176 modo
1931 3135 2017 3177 sa-

427 3213 690 3270 crificium
734 3212 1120 3284 impedimento
1155 3221 1308 3279 erat;
1346 3213 1440 3268 sed
1483 3215 1641 3268 etiam
1684 3215 1861 3285 quod,
1899 3231 2025 3272 cum

430 3307 600 3363 Deum
625 3307 878 3378 juberent
905 3307 1154 3372 adorare,
1183 3307 1378 3360 multas
1406 3306 1571 3376 ipsius
1594 3307 1738 3378 leges
1763 3308 2025 3378 abrogare

375 3429 384 3438 -
429 3399 804 3469 prmeiperent.
845 3397 1000 3469 Apud
1035 3397 1266 3468 gentiles
1301 3407 1478 3453 autem
1519 3413 1710 3469 magna
1747 3407 1867 3454 erat
1890 3414 2024 3455 con-

431 3491 731 3548 suetudinis
760 3493 1020 3564 tyrannis.

499 3588 554 3641 7.
600 3585 813 3641 Etenim
855 3585 1064 3642 etiamsi
1109 3585 1297 3642 decem
1331 3599 1595 3640 annorum
1645 3593 1876 3651 tantum,
1923 3599 2027 3641 nec

427 3676 551 3731 dico
581 3676 712 3731 tanti
757 3677 1046 3747 temporis;
1093 3677 1195 3732 etsi
1244 3691 1532 3747 paucorum
1580 3675 1881 3742 hominum,
1923 3689 2026 3732 nec

431 3770 552 3824 dico
576 3768 738 3821 totius
761 3767 910 3823 orbis
930 3766 1367 3823 consuetudinem
1393 3766 1628 3838 aggressi
1656 3766 1731 3820 illi
1757 3764 2019 3821 fuissent:

431 3863 512 3917 sic
550 3875 764 3931 quoque
809 3861 1031 3915 mutatio
1069 3859 1302 3915 difficilis
1333 3859 1540 3915 fuisset.
1581 3859 1736 3914 Nunc
1763 3869 1940 3914 autem
1971 3865 2026 3915 et

433 3951 692 4022 sophista:
723 3961 777 4006 et
800 3959 1043 4006 oratores
1063 3959 1118 4006 et
1145 3960 1320 4020 patres
1342 3959 1396 4005 et
1413 3951 1496 4004 avi
1521 3960 1574 4005 et
1593 3951 1768 4017 abavi,
1799 3960 1853 4006 et
1873 3949 2025 4007 multi

433 4043 801 4113 antiquiores,
844 4056 1031 4098 errore
1074 4050 1231 4097 erant
1277 4041 1631 4111 praeoccupati
1682 4059 1697 4097 :
1751 4051 1806 4097 et
1845 4048 2022 4110 terra,

437 4149 609 4199 mare,
649 4141 894 4198 montes,
937 4133 1124 4197 saltus,
1174 4131 1526 4187 barbarorum
1576 4133 1756 4188 omnia
1801 4146 2022 4204 genera,

439 4225 748 4282 Graecorum
772 4223 952 4294 populi
974 4239 1181 4287 omnes,
1204 4222 1493 4293 sapientes,
1513 4222 1713 4290 idiota»,
1736 4222 2024 4295 principes,

438 4319 662 4382 subditi,
685 4317 942 4374 mulieres
959 4326 1013 4372 et
1027 4316 1150 4384 viri,
1165 4315 1399 4386 juvenes
1411 4325 1465 4371 et
1481 4330 1660 4383 senes,
1677 4315 2030 4382 herietservi,

437 4411 692 4484 agricolae
712 4419 768 4466 et
787 4408 1041 4474 artifices,
1065 4408 1154 4478 qui
1179 4408 1339 4464 urbes
1358 4417 1413 4464 et
1437 4407 1530 4478 qui
1556 4407 1703 4462 vicos
1723 4405 2027 4461 incolebant

437 4521 646 4562 omnes.
680 4503 749 4559 Et
770 4519 865 4575 par
884 4511 1000 4559 erat
1021 4502 1140 4558 illos
1162 4515 1350 4556 omnes
1369 4499 1785 4556 catechumenos
1804 4497 1984 4554 dicere
2006 4512 2022 4552 :

434 4599 573 4669 Quid
603 4599 704 4654 hoc
724 4597 844 4654 est?
873 4611 1132 4652 omnesne
1158 4595 1249 4666 qui
1277 4594 1463 4649 orbem
1504 4593 1745 4648 incolunt
1773 4600 1899 4646 sunt
1924 4589 2025 4646 de—

435 4691 612 4764 eepti?
644 4689 920 4760 sophistae,
953 4699 1220 4756 oratores,
1263 4687 1593 4758 philosophi,
1627 4687 1942 4755 scriptores,
1970 4695 2026 4741 et

441 4783 528 4853 qui
573 4795 715 4836 nunc
739 4790 865 4836 sunt
904 4789 960 4836 et
1002 4781 1091 4852 qui
1137 4788 1263 4835 ante
1302 4777 1542 4844 fuerunt,
1595 4777 1927 4849 Pythagoras
1971 4785 2029 4833 et

440 4873 612 4939 Plato,
637 4872 824 4938 duces,
868 4873 1140 4938 wnsules,
1174 4871 1550 4940 imperatores,
1581 4870 1792 4925 urbium
1822 4872 1890 4927 ab
1925 4871 2030 4926 ini-

437 4963 514 5020 tio
541 4965 686 5018 cives
715 4971 766 5018 et
796 4960 1126 5028 fundatores,
1159 4961 1371 5017 barbari
1398 4971 1454 5017 et
1488 4961 1706 5018 Graeci?
1739 4972 1794 5018 et
1819 4962 2029 5018 duode-

435 5057 542 5113 cim
570 5058 867 5128 piscatores
895 5069 960 5110 ac
985 5055 1335 5111 tentoriorum
1364 5055 1603 5110 artifices
1645 5063 1808 5126 atque
1846 5055 2027 5128 publi-

435 5149 580 5215 cani,
626 5149 735 5204 illis
779 5148 1030 5204 omnibus
1059 5155 1184 5203 sunt
1227 5148 1626 5218 sapientiores?
1662 5158 1718 5204 et
1753 5149 1875 5220 quis
1913 5149 2028 5205 hac

436 5241 579 5297 ferre
603 5238 879 5312 potuerit?
904 5241 1152 5294 Attamen
1176 5239 1290 5293 haec
1315 5253 1419 5294 non
1448 5239 1718 5308 dixerunt,
1747 5256 1848 5297 nec
1873 5241 2026 5313 c0gi-

438 5343 640 5402 tarunt,
665 5333 759 5390 sed
786 5333 950 5404 quieti
989 5332 1326 5398 sustinuere;
1359 5342 1729 5404 noveruntque
1756 5334 1878 5390 illos
1904 5349 2028 5392 esse

439 5427 680 5484 omnium
728 5425 1152 5494 sapientissimos
1185 5442 1198 5478 :
1230 5423 1457 5496 ideoque
1499 5439 1690 5481 omnes
1734 5441 2026 5496 superave-

444 5529 589 5574 runt.
619 5518 684 5572 Et
711 5526 770 5572 ut
794 5517 992 5584 discas,
1034 5525 1234 5586 quanta
1284 5517 1356 5571 sit
1391 5515 1473 5573 vis
1515 5517 1934 5585 consuetudinis,
1961 5534 2025 5575 ea

443 5608 537 5667 Dei
567 5620 832 5681 praecepta
858 5625 1002 5681 saape
1027 5609 1318 5682 superavit.
1348 5610 1413 5664 Et
1435 5609 1561 5682 quid
1581 5610 1702 5666 dico
1724 5621 1985 5684 praecepta
2002 5614 2028 5668 ἲ

443 5695 562 5770 ipsa
591 5716 802 5772 quoque
835 5700 1119 5758 beneficia.
1145 5698 1318 5758 Judaei
1345 5701 1488 5758 enim
1518 5716 1713 5758 manna
1743 5703 2022 5774 habentes,

439 5795 750 5866 quaerebant
779 5791 937 5861 allia;
973 5800 1028 5852 et
1067 5793 1316 5855 libertate
1339 5795 1608 5865 fruentes,
1639 5795 1914 5868 servitutis
1939 5810 2027 5853 re-

2125 432 2488 489 cordabantur
2529 441 2584 486 et
2633 429 2921 500 Egyptum
2971 425 3282 498 frequenter
3331 426 3597 495 Optabam
3651 430 3724 484 ob

2125 523 2604 589 consuetudinem;
2649 521 2786 576 adeo
2831 522 3109 594 tyrannica
3137 530 3220 576 est
3244 519 3610 576 consuetudo.
3658 518 3726 576 Et

2134 617 2180 671 si
2206 617 2338 672 velis
2374 617 2536 672 etiam
2565 616 2632 669 ab
2677 615 2878 670 exteris
2927 613 2979 669 id
3023 614 3255 680 discere,
3301 613 3502 669 dicitur
3538 614 3722 680 Plato,

2127 707 2335 762 etiamsi
2365 707 2528 777 probe
2555 708 2716 763 sciret
2740 721 2978 762 errorem
3000 721 3122 762 esse
3145 721 3230 773 ea,
3261 722 3382 776 qua:
3409 705 3482 762 de
3505 706 3620 761 diis
3644 706 3728 760 di-

2125 797 2407 863 cebautur,
2432 797 2500 852 ad
2529 796 2696 853 festos
2719 797 2835 852 dies
2858 796 3114 854 colendos
3139 807 3196 853 et
3219 798 3285 853 ad
3309 807 3506 853 caetera
3535 797 3724 852 omnia

2125 905 2185 946 se
2209 890 2512 956 demisisse,
2555 902 2613 946 ut
2642 894 2732 960 qui
2765 907 2871 946 non
2920 899 3104 962 posset
3138 891 3592 948 consuetudinem
3625 893 3724 946 im-

2127 997 2386 1053 pugnare,
2416 998 2479 1038 ac
2509 998 2568 1038 re
2596 982 2708 1053 ipsa
2741 998 2773 1038 a
2815 985 3073 1054 magistro
3116 983 3221 1040 hoc
3256 984 3576 1040 edidicerat.
3625 984 3724 1041 llic

2127 1076 2269 1131 enim
2300 1092 2420 1131 cum
2448 1077 2499 1132 in
2527 1078 2890 1146 suspicionem
2923 1079 3288 1135 innovationis
3317 1080 3577 1146 venisset,
3613 1089 3726 1135 tan-

2130 1178 2238 1223 tum
2266 1170 2434 1224 abfuit
2462 1181 2516 1224 ut
2543 1171 2684 1242 quod
2717 1171 2935 1242 optabat
2965 1174 3267 1242 perficeret,
3294 1174 3531 1228 utetiam
3555 1174 3720 1228 vitam

2127 1265 2389 1330 amiserit,
2420 1267 2626 1346 etiamsi
2652 1267 2897 1336 apologia
2919 1283 3038 1322 sese
3061 1277 3356 1338 purgasset.
3381 1267 3520 1334 Quot
3553 1268 3719 1323 etiam

2127 1374 2268 1413 nunc
2297 1359 2823 1415 videmus-homines
2848 1375 2914 1415 ex
2955 1359 3304 1430 praejutlicata
3356 1361 3622 1431 opinioae
3667 1361 3718 1416 in

2128 1453 2398 1520 impietate
2427 1452 2692 1519 detentos,
2727 1452 2818 1522 qui
2851 1452 2981 1507 nihil
3027 1464 3250 1523 possunt
3291 1453 3491 1508 rationi
3521 1468 3722 1508 conso-

2128 1560 2252 1598 num
2281 1545 2482 1610 dicere,
2526 1560 2648 1600 cum
2696 1554 3018 1600 accusantur
3056 1545 3199 1615 quod
3237 1556 3292 1602 ut
3331 1547 3566 1617 gentiles
3592 1562 3720 1602 sen-

2128 1637 2280 1699 tiant,
2311 1636 2654 1708 allegantque
2689 1647 2890 1708 patres,
2922 1653 3052 1694 avos
3089 1647 3145 1693 et
3172 1639 3440 1708 proavos?
3469 1637 3598 1693 Ideo
3625 1654 3723 1695 ex-

2128 1738 2363 1785 terorutn
2405 1729 2621 1799 quidam
2660 1729 3102 1785 consuetudinem
3132 1729 3424 1785 secundam
3472 1741 3721 1787 naturam

2128 1831 2339 1876 vocant.
2369 1821 2500 1876 Cum
2529 1831 2708 1877 autem
2737 1821 2791 1877 in
2822 1821 3164 1893 dogmatibus
3184 1822 3527 1878 consuetudo
3547 1823 3718 1888 adest,

2129 1929 2189 1969 ea
2244 1913 2450 1970 firmior
2496 1924 2580 1970 est
2637 1932 2652 1970 :
2704 1915 2883 1970 omnia
2935 1915 3079 1970 enim
3134 1916 3342 1971 facilius
3392 1919 3725 1972 mutaverint

2128 2029 2284 2082 quam
2317 2013 2538 2068 cultum.
2579 2013 2644 2067 Et
2686 2012 2859 2082 pudor
2901 2027 3007 2066 una
3053 2027 3176 2066 cum
3220 2012 3619 2068 consuetudine
3656 2012 3720 2066 ad

2129 2103 2528 2174 impediendum
2549 2105 2677 2158 satis
2699 2113 2834 2166 erat,
2860 2111 2915 2159 et
2935 2102 3075 2174 quod
3097 2102 3378 2159 videantur
3399 2105 3454 2159 in
3476 2116 3719 2159 extrema

2127 2207 2403 2253 senectute
2440 2197 2739 2262 dediscere,
2781 2197 3050 2268 etiamque
3084 2197 3152 2251 ab
3191 2197 3258 2252 iis
3297 2198 3387 2269 qui
3419 2200 3606 2253 minus
3645 2201 3721 2253 in-

2128 2289 2448 2360 telligerent.
2484 2288 2696 2358 thuid
2735 2287 2967 2350 miraris,
3007 2287 3051 2342 si
3083 2286 3136 2342 iu
3179 2287 3357 2342 anima
3385 2288 3440 2343 id
3482 2289 3718 2355 eveniat,

2126 2381 2340 2452 quando
2366 2381 2524 2436 etiam
2577 2378 2630 2434 in
2669 2394 2898 2450 corpore
2928 2393 3177 2450 magnam
3221 2379 3328 2434 vim
3376 2381 3720 2436 consuetudo

2129 2474 2308 2529 habet.
2355 2473 2731 2542 Apostolorum
2765 2485 2894 2526 vero
2928 2479 3169 2541 tempore
3192 2471 3337 2526 aliud
3379 2481 3500 2527 erat
3547 2472 3718 2542 majus

2126 2563 2588 2637 impedimentum,
2622 2563 2765 2634 quod
2796 2579 2901 2619 non
2934 2564 3094 2619 modo
3120 2564 3456 2620 consuetudo
3483 2575 3594 2619 tam
3620 2582 3717 2620 an-

2126 2660 2271 2732 tiqua
2298 2669 2612 2724 mutaretur,
2639 2659 2732 2714 sed
2761 2658 2924 2714 etiam
2954 2658 3095 2730 quod
3123 2659 3348 2713 mutatio
3370 2659 3460 2714 illa
3483 2675 3609 2715 cum
3631 2677 3719 2729 pe—

2126 2752 2296 2810 riculo
2327 2751 2497 2807 fieret.
2529 2751 2645 2806 Non
2674 2751 2833 2806 modo
2859 2750 3002 2806 enim
3023 2766 3054 2805 a
3075 2751 3472 2806 consuetudine
3499 2753 3570 2806 ad
3593 2769 3719 2807 ron.

2125 2845 2459 2901 suetudinem
2481 2843 2780 2907 trahebant,
2801 2843 2892 2899 sed
2909 2858 2939 2897 a
2961 2842 3351 2899 consuetudine
3369 2845 3716 2898 securitatem

2128 2938 2360 2994 habente
2398 2937 2466 2993 ad
2493 2954 2582 2994 res
2609 2937 2849 3008 pericula
2879 2937 3212 2993 minitantes.
3245 2936 3577 2994 Credentem
3605 2949 3714 2994 sta-

2126 3031 2220 3086 tim
2258 3029 2536 3086 accidebat
2575 3029 2858 3100 publicari,
2903 3029 3050 3100 pelli,
3074 3045 3104 3085 a
3131 3029 3300 3100 patria
3340 3030 3622 3094 excidere,
3651 3030 3716 3085 ab

2125 3123 2375 3179 omnibus
2400 3123 2524 3178 odio
2552 3122 2757 3185 haberi,
2789 3137 3126 3178 communem
3149 3121 3359 3179 hostem
3382 3137 3506 3178 esse
3527 3133 3584 3178 et
3608 3125 3717 3178 suis

2125 3226 2181 3271 et
2218 3215 2430 3271 alienis.
2482 3215 2664 3287 Itaque
2712 3215 2924 3270 etiamsi
2965 3224 3250 3272 vocassent
3297 3232 3328 3270 a
3373 3215 3617 3271 novitate
3651 3217 3714 3270 ad

2125 3309 2590 3376 consuetudinem,
2619 3311 2779 3364 etiam
2808 3309 2888 3364 sic
2929 3308 3164 3364 difficilis
3197 3323 3287 3364 res
3331 3309 3523 3364 fuisset
3553 3327 3568 3364 :
3598 3324 3713 3363 cum

2125 3409 2303 3456 autem
2327 3417 2354 3454 a
2377 3400 2767 3456 consuetudine
2794 3399 2860 3455 ad
2899 3399 3190 3456 novitatem
3223 3412 3502 3467 vocarent,
3526 3411 3581 3456 ct
3607 3403 3714 3456 haec

2125 3494 2378 3549 adessent
2406 3492 2566 3558 mala,
2592 3491 2762 3563 cogita
2785 3499 3044 3562 quantum
3071 3502 3187 3546 erat
3212 3492 3340 3547 illud
3369 3493 3717 3562 impedimen-

2129 3594 2260 3640 tum.
2297 3584 2499 3639 Practer
2526 3599 2589 3639 ea
2618 3593 2796 3639 autem
2833 3599 2951 3654 quae
2981 3583 3122 3638 dicta
3151 3592 3297 3650 sunt,
3324 3582 3472 3638 aliud
3503 3599 3613 3637 non
3643 3584 3715 3637 Ie-

2125 3679 2243 3734 vius
2269 3685 2406 3742 erat,
2447 3675 2588 3747 quod
2618 3675 2969 3731 mutationem
3009 3675 3282 3731 difficilem
3323 3675 3602 3731 redderet.
3639 3675 3718 3729 Ad

2126 3769 2568 3826 consuetudinem
2599 3767 2741 3822 enim
2781 3778 2836 3824 et
2865 3769 2931 3823 ad
2979 3767 3212 3840 pericula
3257 3767 3312 3823 id
3351 3767 3546 3833 addas,
3578 3767 3714 3837 quod

2128 3863 2242 3918 haec
2268 3872 2531 3934 prmcepta
2562 3863 2876 3918 onerosiora
2906 3872 3108 3929 essent,
3138 3869 3190 3917 et
3216 3876 3301 3925 ea,
3332 3875 3363 3913 a
3399 3861 3599 3930 quibus
3623 3860 3714 3914 ab-

2127 3956 2413 4021 ducebant,
2442 3955 2573 4010 levia
2603 3963 2656 4010 et
2687 3954 2878 4009 facilia.
2919 3953 3050 4009 Nam
3090 3969 3120 4008 a
3150 3951 3505 4008 fornicatione
3535 3951 3604 4007 ad
3633 3967 3719 4007 ca-

2127 4049 2360 4103 stitatem
2398 4047 2682 4113 vocabant,
2731 4047 2800 4102 ah
2847 4061 3032 4101 amore
3072 4045 3196 4100 vita:
3242 4044 3312 4099 ad
3359 4053 3622 4110 mortem,
3651 4044 3717 4098 ab

2128 4138 2388 4196 ebrietate
2406 4138 2471 4194 ad
2484 4137 2775 4210 jejunium,
2793 4154 2824 4194 a
2844 4138 2958 4192 risu
2973 4135 3040 4192 ad
3060 4137 3325 4209 lacrymas
3362 4145 3419 4190 et
3460 4151 3719 4206 compun-

2128 4229 2384 4296 ctionem,
2413 4228 2481 4282 ab
2507 4229 2727 4284 avaritia
2753 4228 2820 4283 ad
2848 4237 3235 4299 paupertatem,
3267 4243 3297 4283 a
3331 4229 3625 4285 securitate
3651 4226 3715 4281 ad

2129 4315 2364 4393 pericula
2393 4339 2408 4376 :
2435 4330 2490 4376 et
2519 4318 2616 4391 per
2645 4323 2824 4377 omnia
2851 4332 3147 4377 extremam
3173 4321 3460 4392 exigebant
3495 4335 3718 4377 accura-

2129 4415 2366 4480 tionem;
2396 4429 2517 4469 nam
2543 4415 2617 4469 ait
2648 4431 2661 4469 :
2690 4413 2979 4486 Turpitudo
3017 4425 3066 4470 et
3094 4415 3461 4483 stultiloquium
3497 4425 3544 4470 et
3574 4431 3717 4469 scuro

2127 4505 2292 4558 rilitas
2321 4521 2383 4559 ne
2410 4515 2587 4559 exeant
2611 4506 2675 4558 ab
2711 4521 2799 4560 ore
2837 4514 2998 4560 vestro
3029 4504 3243 4576 (Ephes.
3287 4505 3341 4562 5.
3375 4505 3456 4577 ι).
3502 4505 3572 4560 Et
3608 4505 3718 4560 haec

2127 4596 2378 4652 dicebant
2405 4595 2490 4664 iis,
2521 4597 2610 4667 qui
2643 4595 2775 4651 nihil
2802 4596 2947 4651 aliud
2977 4596 3220 4652 sciebant
3247 4612 3408 4667 quam
3437 4596 3710 4660 inebriari,

2129 4688 2301 4743 ventri
2335 4686 2630 4758 indulgere,
2661 4687 2727 4742 iis
2748 4687 2835 4758 qui
2862 4686 2978 4743 dics
3001 4686 3165 4743 festos
3192 4687 3440 4758 agebant.
3482 4703 3591 4742 non
3614 4689 3715 4742 alie

2131 4781 2292 4838 modo
2316 4782 2693 4846 consistentes,
2726 4796 2884 4851 quam
2916 4795 2983 4836 ex
3016 4779 3361 4851 turpitudine,
3391 4780 3505 4834 risu
3529 4789 3585 4834 et
3606 4780 3714 4834 uni-

2131 4888 2285 4928 versa
2311 4872 2597 4929 comoedia.
2627 4871 2810 4942 itaque
2840 4889 2944 4927 non
2967 4871 3127 4928 modo
3153 4871 3295 4943 quod
3324 4871 3713 4942 philosOphiam

2131 4967 2425 5036 exigerent,
2447 4980 2675 5021 onerosa
2705 4966 2793 5020 illa
2817 4975 3078 5037 praecepta
3105 4975 3294 5032 erant;
3324 4965 3420 5022 sed
3446 4966 3595 5036 quod
3622 4966 3716 5020 ho-
3779 5014 3784 5017 .

2132 5058 2368 5115 minibus
2393 5058 2783 5130 proferrentur,
2829 5059 2920 5130 qui
2958 5059 3011 5114 in
3061 5059 3275 5115 licentia
3299 5101 3315 5124 ,
3364 5059 3716 5129 turpitudine,

2131 5151 2498 5222 stultiloquio,
2535 5151 2646 5206 risu
2687 5151 2953 5220 rebusque
2995 5150 3217 5206 comicis
3266 5149 3481 5205 educati
3516 5159 3716 5205 essent.

2130 5242 2260 5311 Quis
2283 5243 2427 5298 enim
2469 5242 2560 5312 qui
2607 5242 2660 5297 in
2693 5241 2889 5297 talibus
2915 5241 3077 5296 vitam
3120 5240 3350 5308 duxerit,
3381 5257 3508 5296 cum
3551 5240 3716 5303 audit,

2134 5333 2254 5388 Nisi
2279 5334 2390 5403 quis
2419 5333 2563 5388 tollat
2591 5349 2793 5388 crucem
2821 5350 2967 5387 suam
3009 5342 3058 5388 et
3095 5343 3333 5402 sequatur
3366 5349 3465 5399 me,
3506 5348 3610 5386 non
3651 5338 3720 5386 est

2132 5443 2212 5480 me
2236 5426 2420 5498 dignus
2451 5425 2663 5496 (Matth.
2695 5427 2786 5482 10.
2815 5427 2943 5497 38);
2975 5435 3048 5492 et,
3091 5425 3213 5480 Non
3251 5425 3362 5480 veni
3389 5441 3566 5496 pacem
3604 5424 3721 5478 mit-

2131 5528 2249 5583 tere,
2280 5519 2369 5572 sed
2403 5519 2651 5590 gladium,
2693 5529 2740 5572 et
2780 5533 3023 5588 separare
3058 5519 3310 5572 hominem
3351 5533 3385 5570 a
3425 5526 3568 5588 patre
3604 5531 3716 5580 suo,

2133 5621 2179 5666 ct
2209 5611 2371 5681 ﬁliam
2400 5629 2432 5665 α
2463 5624 2624 5667 matre
2665 5631 2756 5667 sua
2785 5613 2804 5684 (
2837 5612 2975 5667 Ibid.
3006 5629 3054 5668 υ.
3101 5614 3172 5668 54
3201 5611 3243 5685 ),
3273 5628 3379 5666 non
3430 5612 3720 5681 obtorpue-

2132 5704 2237 5761 rit?
2260 5706 2380 5776 quis
2409 5718 2587 5762 autem
2614 5707 2862 5774 audiens,
2899 5707 3013 5762 Nisi
3049 5706 3169 5777 quis
3205 5703 3597 5760 renuntiaverit
3625 5701 3718 5755 do-

2138 5796 2270 5865 mui,
2298 5798 2483 5870 patriae
2509 5807 2565 5856 ct
2589 5798 2811 5866 divitiis,
2846 5814 2951 5856 non
2981 5808 3065 5856 est
3093 5813 3178 5855 me
3215 5797 3409 5872 dignus
3447 5794 3602 5868 (Luc.
3637 5792 3722 5850 ιι
