3864 6216
433 292 506 348 65
1118 287 1177 344 S.
1217 287 1506 374 JOANNIS
1542 285 2026 342 CHIHSOSTOMJ

2132 285 2397 346 RCBIEP.
2435 287 2996 350 CONSTANTINOP.
3659 301 3734 358 66

429 405 648 479 μῆσων
677 404 794 474 ἤδη
819 405 1180 478 ἐμοίχευσεν·
1201 405 1399 476 αὐτὴν
1437 401 1754 477 ὀφθεῖσαν
1799 405 1916 470 καὶ,
1969 403 2028 457 '0

433 479 712 570 ὀργισθεὶς
752 497 916 568 εικῆ,
961 501 1040 562 είς
1083 499 1306 568 γέενναν
1337 500 1621 562 πεσεῖται,
1648 497 1771 550 τίνα
1817 495 1920 548 οὐκ
1962 493 2030 548 ἂν

433 589 544 642 τῶν
561 589 682 643 τότε
705 590 1084 662 ἀπεσόϐησενς
1119 591 1260 644 Ἀλλ’
1279 593 1432 662 ὅμως
1457 591 1670 653 πάντες
1695 589 2023 660 ἐπέδραμον,

436 682 532 734 καὶ
561 679 747 740 πολλοὶ
781 683 877 734 καὶ
919 682 1062 753 ὑπὲρ
1099 681 1167 736 τά
1209 683 1516 754 σκάμματα
1551 682 1798 752 ἥλλοντο.
1831 679 1898 734 Τί
1937 675 2031 732 οὗν

437 775 636 838 α”ιτοὺς
691 775 964 845 ἐπήγετο;
1023 775 1122 828 οὐκ
1179 774 1404 847 εὔδηλον
1453 775 1535 828 ὅτι
1571 777 1604 848 ή
1647 773 1878 844 δύναμις
1934 769 2030 826 τοῦ

437 865 876 936 κηρυττομένου;
910 866 974 918 EE
995 866 1124 938 ἱγάρ
1159 865 1234 938 μὴ
1262 865 1420 920 τοῦτο
1453 861 1522 938 ἦν
1545 905 1560 930 ,
1614 865 1931 918 τούναντίον
1976 863 2034 917 δέ

434 950 526 1028 ἦν,
573 955 772 1008 ἐκεῖνοι
805 953 904 1026 μὲν
934 949 1114 1020 οὗτοι,
1147 949 1294 1008 οὗτοι
1324 955 1380 1008 δὲ
1410 951 1554 1026 ἦσαν
1582 956 1804 1018 ἐκεῖνοι,
1841 950 1930 1025 ἆρ’
1967 953 2032 1008 ἂν

439 1047 660 1100 εὔκολον
702 1041 770 1118 ἦν
797 1047 944 1118 ἔχειν
983 1049 1079 1102 καὶ
1111 1047 1341 1102 ἐλκῠσαι
1373 1046 1502 1112 τοὺς
1545 1047 2031 1118 ἐναντιουμένους;

441 1140 556 1192 Οὐκ
589 1137 735 1192 ἐστιν
771 1140 972 1192 εἰπεῖν.

503 1261 575 1325 η’.
605 1255 770 1308 Ὥστε
789 1255 876 1309 διὰ
893 1255 1114 1310 πάντων
1139 1253 1416 1310 δείκνυται
1435 1256 1556 1310 θεία
1586 1255 1814 1326 δύναμις
1831 1249 1968 1308 οὖσα
1995 1257 2029 1326 ή

441 1347 862 1420 κατορθώσασα.
911 1347 1065 1402 Ἐπεὶ
1099 1347 1262 1400 πόθεν
1303 1347 1547 1414 ἔπεισαν,
1590 1348 1713 1400 είπέ
1760 1365 1872 1418 μοι,
1903 1348 2033 1411 τοὺς

437 1435 672 1507 χαύνους
697 1437 813 1510 [6‘2]
849 1439 942 1491 καὶ
971 1439 1096 1500 τοὺς
1129 1436 1505 1508 διαρρέοντας,
1538 1439 1630 1492 ἐπὶ
1673 1439 1764 1493 τὸν
1796 1438 2031 1509 σκληρὸν

437 1530 535 1584 καὶ
575 1533 786 1603 τραχὺν
816 1531 1072 1602 φέροντες
1100 1527 1251 1599 βίον;
1293 1528 1454 1584 Ἀλλά
1482 1531 1550 1584 τὰ
1583 1531 1682 1602 μὲν
1709 1530 2030 1602 παραγγέλ-

441 1641 586 1692 ματα
615 1621 838 1677 τοιαῦτα
858 1640 872 1654 ’
903 1623 1103 1692 ἴδωμεν
1125 1623 1182 1676 δὲ
1213 1625 1426 1694 μήποτε
1452 1622 1512 1675 τὸ
1537 1622 1716 1692 δόγμα
1739 1621 2032 1691 ἐπαγωγὸν

434 1713 524 1786 ἦν.
577 1716 686 1770 Καὶ⁵
732 1716 838 1786 μὴν
895 1716 989 1768 καὶ
1039 1714 1198 1770 τοῦτο
1246 1719 1433 1770 ἱκανὸν
1484 1711 1552 1786 ἦν
1587 1717 1714 1780 τοὺς
1767 1717 2032 1780 ἀπίστους

435 1808 800 1877 ἀποσοϐῆσαι.
831 1807 896 1860 Τί
919 1806 1029 1876 γάρ
1058 1807 1248 1878 ἔλεγον
1275 1811 1323 1862 οἱ
1350 1808 1758 1880 κηρύσσοντες;
1790 1808 1914 1860 Ὅτι
1940 1806 2032 1860 τὸν

435 1901 855 1972 ἐσταυρωμένον
903 1899 987 1952 δεῖ
1019 1904 1372 1971 προσκυνεῖν,
1407 1902 1504 1954 καὶ
1540 1900 1728 1954 τοῦτον
1763 1899 1896 1954 Θεὸν
1946 1917 2032 1954 νο-

439 1993 622 2066 μίζειν
641 2033 656 2058 ,
681 1994 776 2046 τὸν
807 1995 872 2046 ἐκ
902 1995 1162 2062 γυναικὸς
1201 1995 1538 2064 γεννηθέντα
1580 1994 1864 2058 Ἰουδαίας.
1919 1995 2032 2047 Καὶ

435 2083 522 2146 τίς
547 2081 614 2136 ἂν
633 2083 848 2148 τούτοις
875 2083 1127 2154 ἐπείσθη,
1163 2085 1237 2156 μὴ
1267 2085 1420 2149 θείας
1449 2085 1736 2156 δυνάμεως
1759 2103 2032 2158 προηγου-

441 2169 644 2246 μένης
681 2176 804 2228 Ὅτι
839 2176 936 2246 μέν
967 2173 1078 2249 γάρ
1107 2177 1428 2249 ἐσταυρώθη
1461 2178 1556 2230 καὶ
1581 2178 1756 2248 ἐτάφη
1779 2221 1791 2242 ,
1829 2179 2034 2240 πάντες

437 2261 578 2320 είδον
595 2284 612 2300 ο
635 2267 716 2322 ὅτι
737 2267 796 2320 δὲ
821 2269 1021 2340 ἀνέστη
1045 2269 1141 2322 καὶ
1163 2269 1386 2341 ἀνῆλθε,
1415 2270 1554 2342 πλὴν
1579 2270 1690 2324 τῶν
1713 2269 2030 2323 ἀποστόλων

437 2359 614 2422 οὐῖεὶς
658 2359 942 2414 ἐθεάσατο.
989 2359 1134 2414 Ἀλλ’
1167 2361 1526 2432 ἐπαγγελίαις
1561 2361 1761 2426 αὐτοὺς
1793 2363 2026 2432 ἐπῆραν,

439 2453 594 2522 φησὶ,
622 2452 717 2506 καὶ
753 2451 911 2522 ψόφῳ
947 2454 1212 2526 ῥημάτων
1239 2455 1552 2524 ἠπάτησαν.
1585 2455 1757 2508 Τοῦτο
1795 2455 1892 2525 μὲν
1937 2449 2030 2508 οὖν

437 2545 572 2600 αὐτὸ
625 2545 862 2616 μάλιστα
896 2545 1162 2612 δείκνυσι,
1211 2546 1306 2600 καὶ
1349 2547 1522 2618 χωρὶς
1570 2547 1678 2599 τῶν
1723 2546 2030 2617 εἰρημένων

437 2639 716 2700 ἁπάντων,
750 2639 830 2690 ὅτι
859 2637 960 2690 οὐκ
1001 2637 1150 2690 ἐστιν
1182 2637 1368 2709 ἀπάτη
1400 2639 1470 2691 τά
1513 2638 1780 2708 ἡμέτερα.
1815 2637 1896 2690 Τὰ
1931 2637 2030 2708 μὲν

437 2732 546 2804 γὰρ
569 2731 812 2802 δυσχερῆ
835 2731 1016 2784 πάντα
1039 2731 1292 2784 ἐντεῦθεν
1319 2730 1624 2784 συνέϐαινε·
1651 2729 1720 2784 τά
1742 2731 1798 2784 δέ
1819 2729 2032 2800 χρηστᾶ

441 2825 580 2895 μετά
609 2825 706 2896 τὴν
749 2825 1048 2880 ἀνάστασιν
1097 2823 1538 2894 ἐπαγγείλασθαι
1579 2823 1708 2878 ἔδει.
1755 2824 1897 2876 Αὐτὸ
1931 2824 2031 2894 μέν

437 2915 530 2970 οὖν
582 2919 740 2972 τοῦτο
787 2917 974 2988 (πάλιν
1005 2917 1116 2988 γὰρ
1169 2915 1300 2986 ἐρῶ)
1354 2915 1596 2970 δείκνυσι
1653 2915 1796 2970 θεῖον
1847 2916 1908 2970 ὃν
1965 2917 2030 2970 τὸ

437 3010 704 3082 ἡμέτερον
734 3011 1020 3081 κήρυγμα.
1053 3007 1155 3062 Διά
1180 3007 1232 3062 τί
1257 3007 1370 3077 γάρ
1393 3009 1584 3078 μηδεὶς
1609 3009 1720 3062 τῶν
1744 3010 2030 3062 πιστευόν-

435 3121 544 3156 των
560 3098 733 3168 εἶπεν,
757 3103 840 3156 ὅτι
861 3101 936 3155 Οὐ
963 3101 1224 3174 πρόσειμι
1239 3101 1362 3154 οὐδέ
1389 3101 1676 3172 ἀνέχομαιο
1701 3101 1772 3154 τά
1786 3101 2028 3172 δυσχερῆ

438 3211 530 3265 μοι
559 3193 794 3247 ἐνταῦθα
821 3193 1088 3258 ἀπειλεῖς,
1119 3195 1214 3247 καὶ⁵
1237 3193 1309 3247 τά
1341 3194 1559 3265 χρηστά
1599 3194 1740 3265 μετά
1765 3195 1866 3266 τὴν
1895 3195 2028 3248 ἀνά-

439 3303 630 3340 σῖασιν
661 3285 1016 3356 ἐπαγγέλλῃ;
1049 3285 1216 3338 πόθεν
1243 3285 1354 3356 γὰρ
1393 3285 1572 3357 δῆλον,
1617 3287 1700 3340 ὃτι
1733 3287 2032 3350 ἀνάστασις

438 3381 626 3446 ἐσταις
657 3379 740 3444 τίς
780 3378 887 3432 τῶν
923 3377 1268 3432 ἀπελθόντων
1297 3373 1430 3450 ἦλθε
1457 3395 1472 3444 ;
1506 3379 1588 3444 τίς
1622 3379 1732 3432 τῶν
1761 3381 2030 3451 κειμένων

438 3471 674 3542 ἀνέστη;
704 3471 787 3536 τίς
817 3469 1022 3522 τούτων
1048 3464 1170 3522 εἷπε
1199 3471 1252 3522 τί
1281 3471 1436 3524 ἔσται
1487 3472 1626 3542 μετά
1651 3472 1748 3543 τὴν
1778 3473 2029 3527 ἐντεῦθεν

439 3563 790 3634 ἀποδημίαν;
831 3561 975 3615 Ἀλλ’
1003 3559 1155 3614 οὐδὲν
1181 3559 1387 3616 τούτων
1419 3563 1520 3617 οὐκ
1543 3565 1859 3635 ἐνενόησαν,
1893 3565 2030 3620 ἀλλά

441 3655 536 3708 καὶ
571 3655 669 3718 τὰς
707 3653 888 3724 ψυχὰς
929 3653 1220 3706 ἀπέδωκαν
1269 3654 1410 3726 ὑπὲρ
1458 3654 1553 3708 τοῦ
1598 3657 2028 3728 σταυρωθέντος.

443 3749 606 3800 Ὠστε
635 3744 766 3798 αὐτὸ
793 3743 956 3798 τοῦτο
987 3745 1226 3814 μάλιστα
1262 3747 1508 3818 μεγάλης
1531 3748 1820 3818 δυνάμεως
1847 3745 1938 3820 ἦν,
1969 3752 2029 3804 τὸ

442 3837 714 3912 μηδέποτε
753 3837 920 3908 μηδὲν
947 3837 1190 3894 τοιοῦτον
1229 3838 1572 3902 ἀκούσαντας
1605 3839 1800 3910 ἀθρόον
1839 3843 2028 3896 πεῖσαι

441 3931 570 4001 περὶ
603 3929 856 4000 μεγάλων
887 3929 1032 3983 οὕτω
1065 3931 1433 4002 πραγμάτων,
1473 3933 1566 3986 καὶ
1605 3933 2026 4004 παρασκευάσαι

437 4023 512 4074 τά
549 4022 649 4092 μὲν
677 4019 913 4093 δυσχερῆ
949 4021 1350 4087 καταδέξασθαι
1377 4024 1471 4077 ἐπὶ
1494 4025 1596 4096 τῆς
1627 4025 1844 4097 πείρας,
1869 4028 1938 4080 τὰ
1969 4026 2028 4081 δὲ

439 4113 654 4185 χρηστά
689 4116 748 4170 ἐν
773 4113 986 4169 ἐλπίσιν
1015 4114 1181 4186 ἐχειν.
1229 4117 1295 4172 Et
1324 4115 1382 4170 δὲ
1430 4119 1677 4187 ἡπάτων,
1715 4121 2026 4177 τούναντίον

437 4207 506 4260 ἂν
545 4207 808 4280 ἐποίησαν
835 4208 1060 4278 μᾶλλονο
1101 4209 1170 4262 τά
1203 4209 1302 4280 μὲν
1329 4211 1541 4281 χρηστά
1575 4211 1824 4266 ἐντεῦθεν
1851 4216 2028 4286 ἐπηγ-

438 4297 712 4366 γείλαντο,
741 4299 810 4352 τά
837 4299 895 4352 δέ
921 4297 1131 4368 φοϐερὰ
1157 4299 1420 4370 ἐσίγησαν
1449 4299 1536 4364 ἂν,
1565 4301 1658 4354 καὶ
1685 4302 1753 4355 τά
1781 4304 2026 4375 παρόντα

439 4391 532 4444 καὶ
555 4389 626 4442 τι
655 4389 941 4461 μέλλοντα.
973 4389 1132 4444 Οὕτω
1156 4391 1266 4462 γάρ
1297 4394 1346 4445 οἱ
1379 4393 1698 4458 ἀπατῶντες
1733 4395 1828 4448 καὶ
1853 4395 1902 4448 οἱ
1931 4411 2024 4448 κο-

437 4483 759 4547 λακεύοντες
799 4484 1068 4538 ποιοῦσιν·
1105 4483 1258 4538 οὐδὲν
1285 4488 1461 4557 τραχὺ
1489 4485 1610 4540 οὐδέ
1639 4487 1874 4560 ἐπαχθὲς
1903 4491 2025 4544 οὐδέ

435 4577 692 4646 φορτικὸν
733 4577 1130 4647 προτείνουσιν,
1158 4576 1297 4632 άλλά
1325 4580 1636 4634 τούναντίον
1665 4583 1832 4636 ἅπανο
1865 4582 2025 4638 τοῦτο

437 4667 545 4734 γάρ
577 4667 724 4720 ἐστιν
759 4667 968 4737 ἀπάτη.
1015 4667 1156 4720 Ἀλλ’
1200 4671 1233 4738 ή
1263 4653 1446 4735 ἄνοια,
1472 4671 1628 4742 φησὶ,
1662 4673 1771 4725 τῶν
1811 4673 2023 4728 πολλῶν

436 4755 726 4826 πεισθῆναι
755 4756 982 4828 ἐποίησε
1013 4760 1126 4821 τοῖς
1159 4758 1498 4829 λεγομένοις.
1532 4763 1574 4812 Τ
1582 4761 1597 4814 ί
1626 4762 1767 4832 φής;
1797 4763 1886 4816 ὅτε
1917 4763 2024 4818 ὑπὸ

437 4847 700 4920 Ἕλλησιν
743 4843 916 4920 ἦσαν,
957 4851 1060 4904 οὐκ
1109 4847 1250 4922 ἦσαν
1289 4852 1533 4924 ἀνόητοι,
1587 4854 1703 4908 ἀλλ’
1747 4855 1836 4908 ὅτε
1885 4856 2022 4928 πρὸς

437 4943 584 5013 ἡμᾶς
617 4943 980 5013 μετέστησαν,
1005 4943 1128 4996 τότε
1157 4946 1378 5018 ἀνόητοι
1409 4947 1668 5017 γεγόνασι
1697 4965 1716 5015 ;
1745 4949 1924 5004 καίτοι
1955 4967 2020 5020 γε

435 5036 535 5088 οὐκ
557 5036 748 5098 ἄλλους
789 5035 1129 5106 ἀνθρώπους,
1151 5037 1274 5090 οὐδὲ
1301 5037 1358 5103 ἐξ
1386 5039 1554 5112 ἀλλης
1577 5041 1900 5116 οἰκουμένης
1923 5044 2020 5098 λα-

437 5127 624 5192 ϐόντες
669 5127 894 5181 ἔπεισαν
929 5130 976 5180 οἱ
1020 5129 1327 5184 ἀπόστολοι.
1359 5133 1553 5187 Καίτοι
1590 5135 1658 5188 τὰ
1694 5138 1794 5207 μὲν
1827 5139 2018 5210 Ἑλλή-

435 5237 542 5272 νων
581 5219 768 5283 άπλῶς
800 5221 1072 5290 κατεῖχον,
1113 5221 1184 5273 τά
1217 5221 1274 5274 δέ
1304 5223 1549 5296 ἡμέτερα
1581 5230 1720 5298 μετά
1753 5231 2016 5286 κινδύνων

435 5311 814 5378 κατεδέξαντο·
860 5311 1002 5366 ὥστε
1041 5315 1090 5366 εἰ
1127 5313 1268 5384 μετά
1315 5315 1472 5385 λόγου
1517 5321 1824 5390 κρείττονος
1875 5327 2016 5380 αὐτά

431 5409 708 5476 κατεῖχον,
749 5405 1004 5460 τοσοῦτον
1034 5408 1217 5472 αὐτοῖς
1261 5411 1614 5480 ἐντραφέντες
1657 5417 1846 5486 χρόνον
1871 5460 1884 5481 ,
1917 5419 2016 5472 οὐκ

435 5489 502 5544 ἂν
545 5489 726 5544 αὐτῶν
759 5491 1118 5562 ἀπέστησαν,
1160 5493 1254 5545 καὶ⁸
1298 5495 1536 5564 μάλιστα
1577 5497 1666 5550 ὅτε
1711 5501 1828 5554 οὐδὲ
1856 5503 2015 5555 ἀκιν-

432 5579 602 5644 δύνως
639 5581 943 5652 ἀποστῆναι
979 5583 1126 5652 ἐνῆν.
1171 5581 1322 5636 Ἐπεὶ
1369 5584 1424 5638 δὲ
1464 5584 1710 5654 ἔγνωσαν
1755 5589 1814 5654 ἐξ
1843 5591 2016 5662 αὐτῆς

431 5675 540 5730 τῶν
577 5677 920 5756 πραγμάτων
951 5677 1048 5748 τῆς
1093 5677 1308 5746 φύσεως
1331 5719 1346 5744 ,
1377 5681 1458 5734 ὅτι
1490 5679 1661 5748 γέλως
1699 5685 1880 5738 ἐκεῖνα
1924 5687 2017 5740 καὶ

433 5767 630 5837 πλάνη,
663 5765 750 5820 διά
779 5765 938 5820 τοῦτο
987 5767 1083 5821 καὶ
1135 5767 1382 5824 θανάτων
1421 5771 1864 5844 ἀπειλουμένων,
1906 5777 2014 5829 τῶν

439 5857 537 5926 μὲν
566 5857 812 5928 συνήθων
834 5859 1218 5931 ἀπεπήδησαν,
1245 5864 1322 5928 είς
1345 5864 1402 5918 δὲ
1423 5865 1492 5917 τὰ
1523 5865 1684 5919 καινὰ
1713 5865 2016 5938 ηὐτομόλη-

429 5965 544 6020 σαν,
571 5951 664 6006 ἅτε
695 5951 886 6008 τούτου
930 5953 1030 6026 μὲν
1053 5955 1144 6010 τοῦ
1172 5956 1441 6028 δόγματος
1471 5959 1610 6014 κατὰ
1639 5959 1802 6030 φύσιν
1831 5961 2004 6026 ὄντος,

2137 403 2354 458 ἐκείνου
2379 405 2438 458 δὲ
2468 405 2622 476 παρὰ
2659 405 2846 477 φύσιν.
2901 407 3042 464 Ἀλλ’
3081 409 3289 466 οίκέται
3313 451 3328 476 ,
3359 411 3566 484 φησὶν,
3587 406 3734 486 ἦσαν

2136 493 2186 544 οί
2218 493 2552 558 πεισθέντες,
2583 497 2678 550 καὶ
2703 500 2966 564 γυναῖκες
2987 500 3084 556 καὶ
3111 499 3290 555 τίτθαι
3315 502 3413 554 καὶ
3445 505 3608 571 μαῖαι
3637 507 3736 560 καὶ

2137 581 2403 652 εὐνοῦχοι.
2433 584 2684 638 Μάλιστα
2729 585 2829 656 μὲν
2865 587 2966 640 οὐκ
2993 588 3102 642 ἀπὸ
3127 588 3336 644 τούτων
3365 593 3498 660 ἡμῖν
3525 595 3563 662 ἡ
3607 593 3734 647 Ἐκ-

2137 673 2342 743 κλησία
2370 677 2670 747 συνέστηκε
2707 679 2890 749 μόνον,
2915 683 3010 735 καὶ
3043 681 3204 736 τοῦτο
3231 683 3392 755 δῆλον
3415 684 3652 738 ἀπασινθ
3683 689 3736 740 εἰ

2131 763 2188 816 δέ
2237 765 2350 818 ἀπὸ
2385 767 2596 820 τούτων
2625 808 2642 834 ,
2689 769 2849 824 τοῦτο
2885 772 3127 842 μάλιστά
3163 776 3280 828 ἐστι
3326 776 3388 828 τὸ
3425 775 3626 831 ποιοῦν
3673 779 3736 832 τὺ

2131 857 2396 934 κήρυγμα
2427 857 2542 931 [65]
2575 859 2912 930 θαυμαστὸν,
2949 865 3032 918 ὅτι
3070 865 3297 920 τοιαῦτα
3330 867 3612 940 δόγματα,
3643 863 3736 924 οἷα

2132 947 2362 1002 Πλάτων
2410 949 2502 1004 καὶ
2550 951 2600 1004 οἱ
2639 954 2761 1006 κατ’
2795 953 3004 1009 ἐκεῖνον
3053 957 3155 1010 οὐκ
3199 957 3428 1029 ἴσχυσαν
3473 962 3734 1031 ἐννοῆσαι

2131 1036 2264 1100 ὅλως
2293 1048 2331 1104 ⁸,
2370 1032 2629 1114 ἐξαίφνης
2673 1043 2899 1114 ἴσχυσαν
2928 1049 2975 1100 οί
3009 1047 3202 1113 ἀλιεῖς,
3230 1048 3292 1102 τὸ
3331 1053 3552 1106 πάντων
3583 1055 3734 1124 ἀμα-

2133 1131 2390 1186 θέστατον
2415 1134 2598 1210 γένος,
2646 1137 2856 1191 πείθειν
2898 1139 3321 1206 καταδέξασθαι.
3353 1144 3488 1197 Οὐδὲ
3531 1147 3652 1218 γὰρ
3685 1149 3732 1200 εἰ

2132 1225 2431 1296 φρονίμους
2481 1227 2708 1284 ἔπεισαν
2771 1230 2964 1302 μόνον,
2999 1231 3141 1286 οὕτω
3193 1233 3501 1306 θαυμαστὸν
3541 1233 3620 1309 ἦν
3673 1239 3732 1292 τὸ

2131 1315 2374 1382 γεγονός·
2408 1316 2600 1384 ἐπειδὴ
2630 1318 2686 1372 δὲ
2715 1319 2932 1386 οἰκέτας
2961 1322 3058 1376 καὶ
3087 1321 3276 1388 τίτθας
3309 1327 3402 1378 καὶ
3429 1325 3730 1398 εὐνούχους

2132 1408 2214 1470 είς
2239 1408 2494 1464 τοσοῦτον
2513 1412 2724 1482 ήγαγον
2746 1413 3084 1485 φιλοσοφίας,
3111 1416 3188 1482 ὡς
3212 1419 3465 1488 ἀγγέλοις
3493 1421 3734 1492 ἐφαμίϊ

2131 1495 2257 1560 λους
2289 1501 2536 1571 ποιῆσαι,
2563 1505 2836 1578 μεγίστην
2857 1507 2955 1578 τῆς
2983 1507 3134 1572 θείας
3159 1510 3424 1580 ἐμπνοίας
3457 1515 3732 1582 παρεῖχον

2131 1591 2423 1658 ἀπόδειξιν.
2466 1597 2575 1650 Καὶ
2616 1599 2726 1670 γὰρ
2771 1601 2819 1654 εί
2855 1601 2954 1670 μὲν
2993 1601 3188 1674 εὐτελῆ
3232 1619 3354 1656 τινα
3399 1603 3732 1668 ἐπέταττον,

2131 1678 2245 1754 εἶχε
2267 1683 2424 1754 λόγον
2449 1689 2579 1752 ἴσως
2597 1691 2660 1744 τὸ
2677 1691 2776 1762 τὴν
2799 1691 3002 1748 τούτων
3025 1691 3198 1748 πειθὼ
3218 1695 3299 1759 είς
3319 1693 3606 1760 ἀπόδειξιν
3631 1696 3732 1766 τῆς

2131 1773 2408 1842 εὐτελείας
2433 1778 2540 1832 τῶν
2568 1780 2878 1852 λεγομένων
2903 1785 3327 1855 προϐάλλεσθαι·
3352 1787 3400 1839 εί
3420 1787 3476 1840 δὲ
3501 1787 3732 1858 μεγάλα

2132 1867 2228 1922 καὶ
2258 1869 2438 1940 ὑψηλά
2466 1873 2558 1925 καὶ
2585 1873 2936 1948 ἀνθρωπίνην
2965 1877 3152 1948 σχεδὸν
3181 1879 3589 1950 ὑπερϐαίνοντα
3623 1879 3732 1948 φύ·

2135 1978 2238 2026 σιν,
2276 1963 2369 2015 καὶ
2408 1963 2621 2035 ὑψηλῆς
2656 1965 2884 2038 δεόμενα
2914 1969 3154 2034 διανοίας
3193 1969 3542 2042 ἐφιλοσόφουν
3567 2011 3586 2032 .
3617 1971 3732 2042 ὅσῳ

2132 2053 2200 2106 ἂν
2229 2054 2411 2127 δείξῃς
2431 2056 2698 2128 ἀνοήτους
2721 2059 2850 2122 τοὺς
2881 2060 3226 2128 πεισθέντας,
3252 2063 3492 2134 τοσούτῳ
3517 2063 3730 2134 μᾶλλον

2132 2146 2508 2213 ἀποδεικνύεις
2537 2149 2737 2216 σοφοὺς
2776 2151 2870 2204 καὶ
2915 2151 3065 2218 θείας
3095 2155 3318 2226 χάριτος
3349 2155 3730 2228 πεπληρωμέ-

2133 2254 2256 2302 νους
2285 2239 2412 2304 τοὺς
2447 2239 2766 2306 πείσαντας.
2805 2242 2970 2296 Ἀλλὰ
2996 2248 3062 2318 τῇ
3094 2247 3368 2320 ὑπερϐολῇ
3399 2248 3509 2302 τῶν
3539 2251 3728 2320 ἐπαγ-

2128 2328 2348 2396 γελιῶν,
2373 2329 2562 2400 φησὶν,
2586 2331 2834 2386 ἔπεισαν.
2865 2335 3009 2388 Αὐτὸ
3039 2338 3096 2390 δὲ
3125 2337 3284 2392 τοῦτο
3305 2339 3366 2392 οὐ
3391 2339 3726 2411 θαυμάζεις,

2131 2421 2251 2473 εἰπέ
2304 2439 2416 2491 μοι,
2467 2423 2586 2487 πῶς
2636 2423 2868 2480 ἔπεισαν
2927 2429 3069 2497 μετά
3125 2429 3354 2484 θάνατον
3409 2432 3728 2506 προσδοκᾷν

2133 2513 2342 2568 ἔπαθλα
2376 2517 2470 2568 καὶ
2499 2517 2770 2586 ἀμοιϐάς;
2817 2519 2956 2586 Ἐγὼ
2987 2522 3096 2593 γάρ
3125 2523 3258 2576 αὐτὸ
3287 2523 3448 2577 τοῦτο
3479 2526 3726 2597 ἐκπλήτ·

2132 2623 2320 2676 τομαι.
2383 2606 2544 2660 Ἀλλά
2597 2609 2692 2662 καὶ
2736 2609 2896 2664 τοῦτο
2929 2611 3034 2665 ὐπό
3069 2613 3288 2676 ἀνοίας,
3350 2616 3506 2686 φησί.
3547 2617 3726 2682 Ποίας

2133 2699 2339 2762 ἀνοίας,
2379 2700 2502 2752 εἰπέ
2537 2717 2650 2770 μοι,
2679 2700 2876 2766 ταῦτα,
2911 2703 2993 2756 ὅτι
3030 2705 3064 2775 ή
3105 2703 3252 2776 ψυχὴ
3281 2707 3574 2772 ἀθάνατος,
3629 2711 3724 2762 καὶ

2130 2789 2480 2862 δικαστήριον
2507 2793 2802 2847 ἀδέκαστον
2839 2795 2978 2866 μετὰ
3000 2795 3092 2849 τὸν
3118 2797 3354 2850 ἐνταῦθα
3377 2799 3526 2870 ἡμᾶς
3545 2801 3724 2871 λήψε-

2129 2897 2220 2932 ται
2253 2880 2388 2950 βίον,
2423 2887 2516 2937 καὶ
2547 2884 2780 2950 εὐθύνας
2815 2889 2910 2940 καὶ
2948 2889 3208 2958 ῥημάτων
3245 2889 3338 2942 καὶ
3371 2893 3722 2962 πραγμάτων

2129 2971 2224 3023 καὶ
2272 2971 2488 3026 ἐννοιῶν
2527 2974 2771 3046 δώσομεν
2813 2975 2889 3047 τῷ
2931 2979 3000 3030 τά
3033 2979 3326 3052 ἀπόρρητα
3371 2981 3538 3034 εἰδότι
3571 2983 3714 3054 Θεῷ,

2129 3065 2374 3128 καὶτοὺς
2409 3065 2510 3135 μὲν
2545 3069 2750 3131 κακοὺς
2779 3067 3026 3140 ὀψόμεθα
3058 3071 3480 3144 κολαζομένους,
3503 3077 3636 3140 τοὺς
3660 3078 3718 3132 δέ

2129 3157 2368 3228 ἀγαθοὺς
2407 3163 2876 3232 στεφανουμένους
2897 3179 2914 3226 ;
2955 3161 3142 3216 Ταῦτα
3177 3165 3285 3236 γάρ
3321 3167 3445 3238 οὐχὶ
3489 3169 3714 3236 ἀνοίας,

2129 3250 2267 3304 ἀλλά
2298 3254 2397 3321 τῆς
2429 3251 2696 3322 μεγίστης
2731 3251 2849 3305 ἐστὶ
2881 3252 2907 3291 ιι
2935 3253 3277 3324 φιλοσοφίας.

2201 3343 2268 3398 θ’.
2311 3341 2560 3396 Λύτὸσῦν
2587 3343 2767 3408 τοῦτο,
2797 3347 2918 3398 εἰπέ
2957 3363 3068 3416 μοι,
3107 3347 3168 3400 τὸ
3207 3355 3568 3424 καταφρονεῖν
3607 3354 3718 3410 τῶν

2131 3437 2436 3508 παρόντων,
2471 3436 2530 3489 τὸ
2567 3437 2713 3506 μέγα
2742 3437 2989 3508 νομίζειν
3018 3441 3244 3511 ἀρετὴν,
3275 3443 3334 3496 τὺ
3367 3447 3446 3514 μη
3475 3445 3546 3498 τά
3577 3441 3720 3500 ἆθλα

2131 3529 2362 3582 ἐνταῦθα
2383 3528 2592 3600 ζητεῖν,
2607 3529 2748 3582 ἀλλά
2767 3531 3082 3602 περαιτέρω
3103 3535 3354 3604 προῖέναι
3373 3540 3498 3600 ταῖς
3513 3539 3718 3606 ἐλπίσι,

2130 3623 2224 3676 καὶ
2251 3624 2430 3693 ψυχὴν
2463 3622 2638 3688 οὕτως
2674 3623 2892 3676 εὔτονον
2929 3625 3076 3694 ἐχειν
3109 3629 3204 3679 καὶ
3235 3629 3464 3699 πιστὴν,
3499 3631 3578 3694 ὡς
3609 3651 3717 3704 μη-

2128 3715 2241 3768 δενὶ
2267 3717 2378 3768 τῶν
2407 3717 2693 3786 παρόντων
2725 3717 2914 3769 δεινῶν
2943 3718 3084 3789 πρὸς
3113 3719 3213 3781 τάς
3245 3721 3548 3792 μελλούσας
3577 3743 3718 3796 παρ-

2129 3807 2517 3878 εμποδίζεσθαι
2572 3807 2815 3873 ἐλπίδας,
2871 3809 3044 3881 πόσης
3093 3811 3158 3864 ἂν
3213 3813 3297 3882 εἴη
3359 3815 3716 3886 φιλοσοφίαςς

2143 3901 2300 3956 Ἀλλὰ
2347 3901 2526 3974 βούλει
2569 3903 2663 3956 καὶ
2698 3903 2879 3956 αὐτῶν
2923 3903 3032 3956 τῶν
3082 3905 3426 3974 ἐπαγγελιῶν
3471 3911 3566 3962 καὶ
3609 3911 3718 3962 τῶν

2127 3997 2491 4078 προρρήσεων
2529 3997 2722 4066 μαθεῖν
2765 3997 2862 4068 τὴν
2903 3997 3131 4068 δύναμιν
3152 4038 3166 4064 ,
3199 4002 3292 4053 καὶ
3322 4001 3420 4074 τὴν
3454 4003 3718 4074 ἀλήθειαν

2126 4089 2236 4138 των
2269 4085 2375 4155 πρὸ
2411 4083 2638 4152 τούτων,
2673 4085 2782 4140 τῶν
2815 4091 2952 4158 μετὰ
3003 4091 3206 4156 ταῦτα;
3253 4092 3362 4145 Θέα
3399 4109 3490 4163 μοι
3529 4095 3718 4166 σειρὰν

2128 4179 2334 4250 χρυσῆν
2383 4177 2725 4248 πλεκομένην
2760 4181 3021 4246 ποικίλως
3065 4183 3126 4248 ἐξ
3172 4184 3368 4256 ἀρχῆς.
3425 4181 3560 4240 Εῐπέ
3588 4205 3716 4242 τινα

2127 4272 2312 4336 αὐτοῖς
2351 4271 2482 4344 περὶ
2523 4271 2720 4326 ἐαυτοῦ
2768 4274 2865 4326 καὶ
2911 4276 3042 4346 περὶ
3085 4275 3194 4332 τῶν
3239 4277 3578 4350 Ἐκκλησιῶν
3617 4285 3716 4336 καὶ

2129 4358 2258 4427 περὶ
2305 4355 2416 4412 τῶν
2453 4357 2757 4428 μελλόντων
2800 4361 3170 4430 πραγμάτων,
3205 4364 3302 4416 καὶ
3333 4363 3511 4420 λέγων
3553 4367 3714 4422 ἐθαυ-

2129 4452 2304 4522 ματού
2315 4468 2434 4524 ργει
2443 4491 2456 4506 .

2196 4545 2404 4600 οὐκοῦν
2441 4545 2550 4599 ἀπὸ
2591 4545 2692 4616 τῆς
2723 4544 3004 4610 ἐκϐάσεως
3039 4545 3152 4602 τῶν
3199 4549 3510 4620 εἰρημένων
3556 4551 3712 4622 δῆλον

2124 4641 2206 4694 ὃτι
2242 4639 2336 4693 καὶ
2365 4640 2434 4692 τα
2465 4638 2718 4710 θαύματα
2751 4638 2925 4710 ἀληθῆ
2948 4682 2963 4708 ,
3001 4643 3095 4694 καὶ
3131 4640 3200 4694 τά
3241 4641 3510 4712 μέλλοντα
3541 4645 3708 4714 ἐπηγ-

2125 4733 2382 4804 γελμένα.
2422 4733 2540 4786 ἰνα
2569 4733 2626 4786 δέ
2653 4733 2745 4784 καὶ
2773 4733 3110 4803 σαφέστερον
3135 4733 3360 4803 γένηται
3389 4733 3452 4787 τὸ
3475 4736 3706 4808 λεγόμε-

2123 4845 2233 4892 νον,
2252 4827 2339 4878 ἐπ’
2369 4825 2548 4880 αὐτῶν
2569 4824 2704 4878 αὐτὸ
2725 4825 2938 4896 ποιήσω
2951 4823 3059 4877 τῶν
3085 4827 3426 4896 πραγμάτων
3449 4831 3702 4900 φανερόν.

2135 4919 2424 4991 Ἀνέστησε
2469 4918 2563 4972 τὸν
2601 4919 2852 4990 Λάζαρον
2912 4920 3121 4990 ῥήματι
3175 4919 3324 4988 μόνῳ
3375 4918 3556 4991 ψιλῷ,
3615 4925 3706 4976 καὶ

2123 5015 2304 5080 ζῶντα
2358 5013 2595 5080 ἔδειξεν·
2650 5007 2771 5066 εἷπε
2825 5011 3009 5077 πάλιν,
3059 5013 3141 5066 ὅτι
3187 5013 3382 5067 Πύλαι
3431 5013 3584 5082 ᾅδου
3633 5016 3704 5070 οὐ

2123 5107 2570 5176 κατισχύσουσι
2599 5103 2712 5172 τῆς
2753 5103 3134 5172 Ἐκκλησίαςο
3161 5103 3278 5168 καὶ,
3306 5107 3390 5158 ὅτι
3433 5105 3497 5158 '0
3524 5123 3702 5160 κατα-

2119 5195 2314 5254 λιπὼν
2347 5194 2574 5262 πατέρα
2609 5195 2648 5262 ἢ
2681 5193 2912 5264 μητέρα
2957 5195 3560 5250 ἑκατονταπλασίονα
3591 5197 3701 5266 λή-

2119 5291 2296 5358 ψεται
2325 5285 2396 5340 ἐν
2423 5283 2506 5350 τῷ
2533 5283 2702 5338 αἰῶνι
2733 5286 2939 5350 τούτῳ,
2970 5285 3068 5339 καὶ
3101 5285 3254 5354 ζωὴν
3283 5287 3528 5344 αἰώνιον
3557 5297 3704 5360 κλη-

2111 5379 2466 5450 ρονομήσει.
2507 5377 2719 5432 Οὐκοῦν
2751 5379 2812 5432 τὸ
2845 5380 2942 5448 μὲν
2977 5378 3164 5450 θαῦμα
3193 5379 3272 5446 ἓν,
3305 5381 3368 5434 τὸ
3394 5382 3489 5436 τοῦ
3521 5383 3702 5448 Λαζά-

2121 5491 2218 5545 ρου
2239 5491 2253 5504 ·
2287 5473 2345 5526 αἱ
2377 5473 2436 5526 δὲ
2479 5471 2819 5542 προρρήσεις
2853 5471 2968 5533 δύο,
3003 5473 3036 5540 ή
3077 5473 3175 5544 μὲν
3217 5473 3456 5528 ἐνταῦθα
3485 5473 3698 5528 δεικνυο

2122 5565 2280 5636 μένη,
2310 5566 2344 5634 ή
2369 5565 2422 5616 δὲ
2449 5565 2506 5616 ἐν
2523 5562 2602 5632 τῷ
2627 5561 2898 5634 μέλλοντι.
2920 5563 3120 5616 Σκόπει
3139 5563 3317 5618 τοίνυν
3341 5565 3462 5628 πῶς
3485 5567 3700 5620 ᾶπαντα

2118 5657 2184 5710 δι’
2203 5657 2450 5730 ἀλλήλων
2468 5657 2960 5720 κατασκευάζεται.
2987 5657 3052 5710 Εἰ
3072 5657 3170 5726 μὲν
3187 5657 3298 5728 γάρ
3315 5673 3400 5720 τις
3417 5656 3698 5725 ἀπιστοίη,

2117 5751 2196 5804 ὅτι
2229 5749 2480 5821 Λάζαρος
2510 5748 2710 5820 ἀνέστη
2731 5788 2746 5816 ,
2781 5749 2887 5802 ἀπὸ
2917 5752 3014 5822 τῆς
3049 5751 3406 5824 προρρήσεως
3439 5751 3542 5820 τῆς
3572 5751 3700 5822 περὶ

2183 5919 2202 5939 ο
2235 5910 2404 5958 Deerat
2425 5909 2566 5964 ὅλως.
2633 5906 2664 5946 b
2683 5909 2800 5957 Post
2823 5908 2952 5956 hanc
2977 5919 3146 5970 vocem
3167 5905 3300 5956 addit
3323 5905 3512 5970 Regius
3541 5905 3694 5956 codex

2161 5973 2244 5986 .5.

2127 5973 2180 6020 το
2207 5973 2256 6020 δὲ
2295 5972 2516 6020 τάναντία
2541 5971 2718 6020 τούτων
2747 5972 2950 6033 νομίζειν
2983 5969 3160 6026 ἀνοίας.
