3864 6216
146 251 211 304 65
469 273 472 276 ί
1203 237 1265 291 IN
1307 233 1570 291 EPlST.|
1633 234 1717 288 AD

1831 231 1918 288 )R.
1963 231 2195 290 l-iOMlL.
2239 235 2350 291 Vli.
2599 239 2602 242 ’
2980 233 2983 236 ⁴
3347 242 3418 295 66

144 367 252 430 '55),
279 379 387 420 non
408 360 747 427 dubitaverit,
772 373 877 413 non
907 353 1305 427 repudiaverit?
1325 356 1573 409 Attamen
1603 366 1711 406 non

142 459 298 516 modo
338 472 442 511 non
473 455 884 525 obtorpuerunt,
921 466 1026 504 non
1056 448 1216 502 modo
1257 461 1362 501 non
1393 455 1720 516 respueruut

144 548 253 604 lucc
280 549 593 608 audientes;
624 543 718 597 sed
744 542 906 597 etiam
933 539 1304 604 accurrebant,
1345 548 1399 592 et
1425 537 1492 590 ad
1538 537 1718 606 gravia

142 641 460 704 iusiliebant,
497 654 559 692 ac
601 651 720 707 qua:
757 633 1204 704 prtecipiebantur
1229 630 1574 700 arripiebant.
1608 631 1719 682 Au-

140 734 252 790 dire
275 744 451 790 autem
473 730 628 790 illud,
663 729 735 783 De
761 726 904 781 omni
930 725 1091 780 verbo
1111 725 1286 779 otioso
1311 724 1573 778 rationem
1601 722 1719 776 red-

137 825 296 881 dituri
323 837 506 879 sumus
533 819 748 892 (Matth.
783 818 868 873 12.
894 815 986 890 36)
1016 832 1032 882 ;
1061 826 1134 881 et,
1166 815 1269 882 Qui
1294 814 1501 884 respicit
1530 811 1718 866 mulie-

137 933 241 970 rem
269 915 338 969 ad
369 911 820 983 concupiscendum
855 926 987 972 eam,
1016 909 1132 979 jam
1173 907 1449 962 mchatus
1488 913 1560 960 est
1607 917 1719 958 eam

140 1011 366 1081 (Matth.
398 1010 452 1065 5.
497 1007 647 1077 28);
693 1014 784 1068 et,
829 1004 932 1070 Qui
969 1003 1214 1058 irascitur
1259 1011 1496 1067 temere,
1530 999 1581 1052 in
1622 1013 1718 1068 ge-

138 1105 367 1159 hennam
394 1101 592 1155 incidet
615 1115 630 1164 ;
657 1111 817 1167 quem
840 1105 945 1149 non
974 1094 1241 1163 abegisset
1264 1106 1453 1146 eorum
1475 1090 1566 1158 qui
1595 1101 1721 1145 tunc

135 1193 328 1249 erant?
358 1197 603 1247 Attamen
642 1203 834 1244 omnes
877 1187 1251 1247 accurrebant,
1284 1192 1339 1239 et
1367 1183 1518 1237 multi
1555 1184 1716 1238 etiam

135 1297 284 1358 septa
317 1284 704 1340 trausiliebant.
733 1280 870 1350 Quid
896 1295 1025 1350 ergo
1046 1279 1168 1332 illos
1190 1275 1474 1331 inducebat
1494 1275 1517 1326 Ἰ
1537 1289 1718 1328 auuon

133 1380 302 1435 virtus
327 1379 444 1449 ejus
464 1377 553 1448 qui
587 1374 990 1446 praedicabatur,
1015 1379 1073 1425 ut
1097 1369 1270 1440 palam
1292 1375 1376 1423 est
1397 1369 1422 1420 Ἰ
1444 1366 1553 1421 Nisi
1575 1366 1717 1420 enim

136 1471 236 1526 hoc
258 1482 402 1527 esset
426 1480 481 1525 et
508 1466 836 1525 contrarium
865 1470 1030 1531 esset,
1053 1472 1109 1519 et
1137 1463 1209 1518 illi
1239 1461 1326 1534 isti
1358 1459 1603 1522 fuissent,
1629 1459 1715 1514 isti

132 1577 262 1618 vero
293 1563 370 1616 illi
395 1579 410 1627 ;
439 1577 505 1615 an
535 1560 723 1614 fuisset
749 1556 902 1613 facile
932 1541 1295 1626 repugnantes
1321 1551 1568 1608 trahere?
1604 1550 1717 1605 Dici

133 1665 280 1711 certe
303 1656 354 1710 id
383 1671 486 1709 non
516 1661 709 1723 potest.

199 1749 258 1804 8.
301 1747 485 1818 Itaque
520 1761 615 1816 per
655 1743 832 1799 omnia
873 1740 1176 1797 ostenditur
1202 1739 1436 1795 divinam
1463 1739 1714 1793 vlrtutem

131 1843 300 1899 fuisse
323 1857 444 1914 quae
471 1842 585 1896 haec
611 1839 852 1911 perfecit.
885 1837 1016 1891 Nam
1045 1835 1206 1900 unde,
1247 1839 1448 1904 quaiso,
1493 1845 1718 1903 persua-

130 1945 319 1992 serunt
364 1933 613 1989 mollibus
642 1940 696 1987 et
719 1930 1105 1993 diffluentibus,
1148 1927 1214 1981 ad
1255 1930 1418 1980 vitam
1459 1924 1718 1980 ducentes

130 2030 320 2083 duram
345 2036 401 2083 et
427 2025 710 2096 asperam?
736 2021 842 2079 Sed
871 2030 1134 2092 praecepta
1160 2019 1375 2090 quidem
1414 2016 1716 2087 ltujusmodi

127 2132 286 2179 erant
315 2140 329 2176 :
363 2121 641 2177 videamus
670 2127 847 2173 autem
881 2132 950 2170 an
985 2116 1176 2186 dogma
1203 2118 1312 2168 vim
1357 2111 1578 2166 haberet
1605 2110 1721 2164 alli-

127 2213 330 2269 ciendi.
365 2213 522 2282 Atqui
550 2210 652 2266 hoc
682 2212 852 2279 ipsum
899 2209 1029 2262 satis
1056 2215 1171 2261 erat
1199 2205 1264 2259 ad
1305 2203 1596 2274 abigendos
1635 2203 1717 2254 in-

127 2306 342 2361 fideles.
402 2304 539 2371 Quid
584 2302 728 2358 enim
773 2300 1024 2356 dicebant
1069 2299 1125 2364 ii,
1175 2297 1265 2367 qui
1318 2294 1718 2366 praedicabant?

99 2399 460 2456 -Crucifixum
491 2412 610 2452 esse
640 2393 970 2450 adorandum
1000 2391 1258 2460 illumque
1289 2391 1453 2444 Deum
1481 2401 1602 2442 esse
1628 2403 1720 2456 pu-

128 2493 378 2557 tandum,
411 2491 500 2559 qui
531 2505 595 2544 ex
642 2487 824 2544 Juda'a
871 2485 1097 2539 muliere
1125 2492 1281 2537 natus
1317 2490 1481 2537 esset.
1523 2479 1719 2550 Ecquis

125 2587 234 2641 illis
263 2584 608 2647 credidisset,
649 2580 749 2636 nisi
786 2585 1036 2633 movente
1065 2576 1242 2630 divina
1287 2575 1526 2630 virtute?
1564 2573 1718 2641 Quod

125 2679 272 2732 enim
307 2675 599 2732 crucifixus
633 2683 687 2729 et
716 2672 957 2742 sepultus
985 2669 1192 2735 fuisset,
1221 2683 1411 2723 omnes
1441 2668 1714 2732 sciebant;

126 2769 272 2842 quod
291 2777 470 2824 autem
500 2765 883 2822 resurrexisset
906 2773 962 2818 et
989 2762 1339 2826 ascendisset,
1375 2769 1570 2832 praeter
1591 2774 1720 2829 apo-

123 2865 302 2918 stolos
352 2877 513 2916 nemo
548 2859 772 2914 viderat.
815 2860 884 2912 At
923 2854 1204 2926 promissis
1246 2853 1369 2908 illos
1419 2852 1716 2923 erigebant,

124 2958 362 3028 inquies,
397 2965 452 3011 ct
491 2955 772 3010 verborum
817 2966 951 3006 sono
995 2949 1345 3021 deceperunt.
1394 2949 1504 3002 lloc
1543 2949 1717 3017 ipsum

123 3065 258 3106 vero
293 3049 525 3104 maxime
572 3045 808 3101 ostendit
851 3053 1048 3114 praeter
1087 3058 1147 3097 ea
1195 3041 1372 3095 omnia
1421 3055 1540 3110 qua:
1579 3040 1718 3093 dicta

123 3151 275 3205 sunt,
325 3157 415 3195 res
443 3149 656 3194 nostras
696 3155 800 3192 non
832 3151 953 3192 esse
996 3135 1276 3188 fallaciam.
1312 3132 1444 3187 Nam
1479 3131 1718 3186 difficilia

124 3235 311 3290 omnia
346 3233 471 3288 hinc
499 3231 847 3293 eveniebant;
889 3228 1037 3282 utilia
1066 3241 1195 3281 vero
1219 3235 1340 3296 post
1361 3225 1718 3280 resurrectio-

122 3343 252 3382 nem
295 3323 535 3396 promitti
565 3321 865 3392 oportebat.
910 3319 1022 3374 lloc
1061 3320 1236 3390 ipsum
1278 3326 1479 3380 autem,
1525 3317 1717 3371 iterum

122 3422 334 3484 dicam,
352 3417 588 3474 ostendit
611 3414 1040 3486 praedicationem
1063 3421 1300 3485 nostram
1321 3410 1551 3466 divinam
1573 3425 1715 3465 esse.

119 3517 234 3571 Cur
263 3515 411 3569 cnim
441 3528 598 3567 nemo
623 3508 953 3564 credentium
979 3505 1134 3568 dixit,
1158 3504 1272 3560 Non
1301 3503 1522 3568 accedo,
1547 3518 1719 3573 neque

118 3606 270 3663 ferre
296 3620 517 3674 possunt
542 3620 557 3659 :
584 3599 822 3656 difficilia
850 3596 978 3654 mihi
1002 3596 1088 3652 hic
1109 3594 1477 3660 comminaris,
1505 3603 1559 3648 et
1581 3594 1719 3648 bona

125 3691 253 3749 post
289 3672 738 3737 resurrectionem
783 3679 1085 3750 promittis?
1122 3680 1386 3731 undenam
1434 3675 1603 3744 liquet
1632 3688 1723 3727 re-

119 3771 525 3827 surrectionem
561 3769 789 3822 futuram
833 3768 992 3824 esse?
1026 3768 1146 3836 quis
1190 3783 1376 3822 eorum
1422 3767 1510 3836 qui
1540 3765 1722 3818 deces-

113 3871 326 3918 serunt
363 3860 547 3915 venit?
573 3862 688 3930 quis
734 3843 1087 3914 mortuorum
1114 3859 1449 3913 resurrexit?
1477 3858 1596 3928 quis
1629 3857 1727 3910 ho-

113 3970 243 4008 rum
270 3951 415 4007 dixit
435 3953 560 4022 quid
584 3948 814 4006 futurum
839 3953 907 4008 sit
933 3961 1054 4024 post
1080 3963 1316 4006 nostrum
1344 3952 1464 4005 hinc
1491 3949 1724 4006 exitum?

113 4045 182 4100 At
227 4044 372 4100 nihil
417 4043 607 4098 ltorum
653 4043 986 4115 cogitarunt;
1019 4044 1112 4098 sed
1142 4054 1195 4098 et
1223 4045 1429 4097 animas
1459 4042 1727 4097 dederunt

108 4152 215 4208 pro
273 4137 574 4194 Crucifixo.
625 4137 807 4208 Itaque
851 4137 954 4192 hoc
1002 4137 1174 4207 ipsum
1220 4139 1467 4194 maximae
1514 4138 1725 4194 virtutis

105 4241 258 4296 erat,
287 4231 438 4301 quod
467 4246 586 4285 cum
617 4231 745 4284 nihil
780 4231 971 4285 horum
1004 4247 1254 4303 umquam
1285 4232 1583 4300 audissent,
1608 4242 1722 4287 sta-

108 4323 209 4377 tim
243 4322 325 4379 de
357 4323 519 4377 tantis
550 4323 709 4378 rebus
739 4325 1219 4394 persuaderentur,
1250 4334 1306 4380 et
1335 4340 1455 4380 sese
1498 4340 1727 4396 appara-

106 4426 238 4470 rent
274 4424 340 4468 ut
367 4414 606 4469 difficilia
651 4417 703 4470 in
755 4417 1183 4484 experimentum
1229 4422 1555 4487 acciperent,
1585 4419 1726 4473 bona

105 4522 252 4561 vero
288 4508 350 4562 in
377 4521 473 4576 spe
499 4506 779 4562 haberent.
811 4507 868 4561 Si
901 4517 1077 4562 autem
1123 4508 1377 4578 decipere
1407 4509 1724 4578 voluissent,

105 4599 464 4654 contrarium
500 4600 693 4654 facturi
743 4610 924 4666 erant;
959 4601 1044 4655 hic
1074 4601 1212 4655 bona
1254 4601 1646 4671 promisissent,
1673 4611 1728 4656 et

107 4691 395 4748 terribilia
443 4694 770 4760 tacuissent,
821 4701 929 4748 tam
981 4694 1266 4764 prmsentia
1314 4710 1472 4764 quatn
1528 4693 1722 4750 futura.

106 4785 185 4842 Ita
235 4790 394 4846 enim
445 4786 625 4844 facere
669 4789 846 4843 Solent
887 4791 974 4859 qui
1017 4788 1294 4860 decipiunt
1321 4799 1376 4845 et
1401 4791 1722 4845 adulantur:

102 4880 251 4935 nihil
289 4895 548 4946 asperum
600 4879 795 4935 durum
828 4881 911 4934 vel
943 4896 1230 4953 onerosum
1279 4893 1602 4952 proponunt,
1633 4888 1726 4940 scil

99 4971 461 5028 contrarium
486 4981 656 5027 totum
680 4989 694 5036 ;
727 4971 842 5027 haec
868 4973 1068 5044 quippe
1096 4973 1302 5029 fallacia
1331 4987 1432 5029 est.
1457 4974 1561 5030 Sed
1592 4976 1729 5028 tnul-

99 5077 298 5119 torum
326 5067 587 5127 amentia,
605 5066 836 5133 inquies,
861 5065 983 5121 fecit
1007 5077 1060 5120 ut
1079 5067 1237 5122 dictis
1261 5068 1417 5122 fidem
1444 5067 1722 5124 haberent.

101 5158 257 5223 Quid
315 5156 494 5212 dic-s?
535 5157 752 5226 quando
802 5160 903 5213 sub
955 5157 1161 5214 Graecis
1209 5159 1378 5226 fuere,
1425 5177 1526 5216 non
1575 5172 1731 5216 erant

97 5251 303 5317 stulti;
345 5250 441 5305 sed
472 5251 692 5318 quando
721 5251 785 5305 ad
821 5267 916 5306 nos
950 5257 1190 5308 trans'ati
1223 5265 1376 5316 sunt,
1411 5266 1534 5309 tunc
1579 5257 1729 5311 stulti

99 5346 458 5400 ενπευι-ιιιιιῖ)
491 5345 652 5415 Atqui
688 5362 792 5400 non
821 5347 956 5401 alios
991 5347 1257 5414 homines,
1295 5365 1467 5418 neque
1510 5367 1574 5404 ex
1624 5353 1732 5407 alio

97 5439 244 5492 orbe
264 5437 612 5505 accipientes
634 5439 861 5506 apostoli
884 5439 947 5492 ad
974 5440 1129 5493 fidem
1157 5440 1511 5497 deduxerunt.
1532 5445 1732 5510 Quam-

99 5549 276 5603 quam
312 5533 602 5603 gentilium
633 5536 874 5589 instituta
903 5535 1219 5604 simpliciter
1245 5537 1516 5601 tenebant,
1547 5549 1729 5596 nostra

100 5641 243 5678 vero
276 5639 412 5679 cum
440 5625 682 5694 periculo
707 5637 1059 5696 susceperunt
1087 5644 1102 5683 :
1129 5628 1305 5700 itaque
1329 5633 1373 5686 si
1398 5647 1516 5687 cum
1542 5635 1730 5704 majori

101 5717 336 5772 ratione
372 5715 459 5770 illa
493 5715 816 5784 tenuissent,
838 5733 959 5774 cum
990 5728 1140 5778 tanto
1171 5732 1411 5787 tempore
1434 5725 1485 5782 in
1509 5726 1612 5782 illis
1643 5727 1726 5784 vi-

1829 348 2056 412 xissent,
2083 365 2191 404 non
2215 348 2281 404 ab
2305 349 2409 408 illis
2425 347 2836 418 abscessissent,
2867 353 3002 408 cum‘
3029 354 3263 410 maxime
3305 373 3409 413 non

1827 444 2030 512 absque
2052 439 2290 513 periculo
2324 445 2616 499 abscedere
2643 455 2883 514 possent.
2918 447 3206 518 Postquam
3233 463 3410 508 autem

1825 553 1892 592 ex
1926 537 2036 606 ipsa
2063 553 2243 591 rerum
2280 549 2470 592 natura
2498 548 2886 609 cognoverunt,
2915 541 3139 598 ridicula
3181 544 3266 597 illa
3293 560 3415 601 esse

1826 638 1881 682 et
1909 643 2095 694 errore
2125 629 2316 698 plena;
2347 629 2491 695 ideo,
2513 645 2634 685 cum
2661 630 2825 686 etiam
2857 633 3046 688 mortis
3067 634 3420 692 minatjnten-

1779 738 1784 742 ·
1828 726 2089 786 tarentur,
2120 733 2151 773 a
2177 722 2449 775 consuetis
2472 723 2797 788 resilierunt,
2825 725 2973 779 et'ad
3002 741 3138 781 nova
3163 729 3418 800 confuge-

1826 821 1971 877 runt,
2013 822 2198 880 utpote
2243 828 2365 868 cum
2418 814 2521 869 hoc
2574 815 2766 886 dogma
2822 818 3112 873 secundum
3167 830 3412 876 naturam

1779 929 1790 934 -
1825 912 1988 968 esset,
2021 902 2151 958 illud
2193 919 2320 959 vero
2364 916 2562 974 pratter
2587 917 2852 963 naturam.
2889 911 2958 964 At
2985 913 3074 980 qui
3099 913 3413 977 credebant,

1785 1027 1792 1034 -
1827 993 2052 1064 inquies,
2070 1004 2229 1051 erant
2261 995 2465 1060 famuli,
2496 999 2768 1065 mulieres,
2801 1003 3057 1067 nutrices,
3095 1003 3414 1059 obstetrices

1787 1105 1790 1110 '
1823 1096 1881 1141 et
1901 1087 2154 1142 eunuchi.
2185 1090 2253 1146 At
2281 1105 2386 1143 non
2411 1106 2474 1145 ex
2514 1089 2598 1144 his
2623 1092 2798 1145 solum
2827 1093 2980 1148 nobis
3014 1096 3306 1150 constituta
3333 1107 3416 1151 est

1825 1177 2087 1242 Ecclesia,
2134 1180 2276 1248 quod
2307 1181 2509 1252 utique
2538 1191 2621 1236 est
2657 1183 2906 1238 omnibus
2949 1186 3288 1241 manifestum
3323 1205 3337 1241 :
3369 1189 3415 1243 si

1791 1278 2006 1322 .autem
2049 1269 2118 1323 ab
2162 1269 2266 1334 his,
2299 1270 2401 1325 hoc
2461 1273 2693 1330 maxime
2749 1273 3187 1342 praedicationem
3239 1277 3414 1331 admi-

1824 1359 2051 1415 rabilem
2095 1360 2310 1427 reddit,
2351 1361 2495 1432 quod
2543 1364 2670 1418 talia
2737 1363 2988 1434 dogmata
3016 1407 3033 1432 ,
3081 1382 3200 1437 qua:
3263 1369 3415 1424 Plato

1787 1462 1884 1510 ‘et
1935 1456 2018 1510 sui
2077 1457 2335 1527 temporis
2393 1458 2484 1512 alii
2551 1460 2858 1530 excogitare
2920 1476 3026 1516 non
3085 1469 3412 1532 potuerunt,

1825 1549 2004 1603 statim
2050 1551 2323 1618 potuerint
2364 1553 2675 1620 piscatores,
2722 1554 2959 1609 omnium
2992 1556 3414 1614 iudoctissimum

1824 1657 2014 1712 genus,
2037 1643 2104 1696 ad
2133 1644 2496 1711 recipiendum
2526 1647 2797 1702 inducere.
2829 1648 3012 1719 Neque
3031 1651 3194 1716 enim,
3218 1653 3261 1706 si
3286 1669 3381 1723 pru
3399 1684 3416 1694 -

1824 1732 2074 1789 dentibus
2104 1734 2278 1789 solum
2325 1738 2741 1805 persuasissent,
2787 1740 2925 1794 adeo
2965 1741 3278 1798 admiranda
3327 1761 3416 1798 res

1825 1825 2013 1881 fuisset
2040 1843 2054 1880 :
2083 1841 2205 1880 cum
2231 1842 2364 1881 vero
2402 1827 2649 1896 famulos,
2683 1833 2921 1887 nutrices
2951 1843 3005 1887 et
3031 1836 3310 1891 eunuchos
3347 1839 3413 1890 ad

1828 1925 2028 1973 tantam
2055 1917 2376 1974 deduxerint
2402 1920 2820 1991 pltilosOphiam,
2855 1933 2910 1978 ut
2941 1925 3061 1980 illos
3084 1928 3288 1994 angelis
3317 1945 3381 1998 pa

1827 2025 1915 2066 res
1943 2010 2189 2078 fecerint,
2225 2029 2469 2084 magnam
2501 2017 2782 2086 praebuere
2812 2017 3006 2073 divinae
3051 2019 3418 2088 inspirationis

1827 2103 2368 2162 demonstrationem.
2411 2107 2545 2162 Nam
2588 2111 2631 2162 si
2685 2111 2808 2164 vilia
2857 2112 3102 2181 quzedam
3143 2118 3419 2184 pr:ccepis-

1828 2207 1969 2262 sent,
2003 2207 2148 2252 esset
2192 2197 2330 2254 forte
2372 2201 2567 2254 rationi
2615 2212 3036 2258 consentaneum
3074 2221 3259 2261 eorum
3308 2226 3422 2278 per-

1828 2291 2134 2345 suasionem
2188 2291 2252 2346 ad
2313 2291 2783 2348 demonstrandam
2841 2295 3106 2375 dit-torum
3159 2299 3416 2354 vilitatem

1829 2381 2066 2449 proferre
2097 2398 2110 2433 :
2136 2381 2180 2435 si
2207 2391 2385 2438 autem
2427 2398 2616 2454 magna
2643 2396 2697 2438 et
2737 2386 2982 2441 sublimia
3027 2388 3418 2462 humanamque

1830 2484 2072 2526 naturam
2102 2472 2211 2527 fere
2236 2477 2565 2543 superantia,
2590 2492 2709 2546 quae
2736 2477 2948 2532 sublimi
2977 2492 3155 2535 mente
3176 2495 3310 2550 Opus
3335 2483 3421 2536 ha-

1831 2567 1977 2633 bent,
2009 2567 2559 2638 philosophabantur;
2603 2586 2709 2640 quo
2737 2573 2905 2642 magis
2941 2574 3131 2628 stultos
3170 2578 3422 2634 ostendes

1782 2713 1795 2730 ,
1828 2675 1922 2716 eos
1949 2663 2036 2732 qui
2067 2664 2305 2731 persuasi
2342 2672 2486 2730 sunt,
2535 2679 2601 2720 eo
2644 2666 2810 2736 magis
2855 2667 3124 2737 sapientes
3154 2679 3208 2724 et
3235 2669 3415 2725 divina

1829 2759 1998 2826 gratia
2029 2759 2263 2826 repletos
2302 2758 2556 2814 ostendes
2600 2774 2695 2814 eos
2736 2760 2826 2830 qui
2871 2773 3270 2830 persuaserunt.
3313 2764 3416 2819 Sd

1831 2848 2194 2918 magnitudine
2252 2851 2675 2919 promissorum.
2727 2853 2956 2922 inquies,
3018 2869 3417 2924 persuaserunt.

1832 2941 1913 2993 An
1946 2939 2046 2994 hoc
2083 2940 2258 3009 ipsum
2304 2955 2409 2994 non
2460 2940 2693 3004 miraris,
2741 2943 3010 3011 quomodo
3053 2949 3422 3014 persuaserint

1831 3033 1958 3101 illis,
1989 3045 2045 3088 ut
2073 3044 2193 3103 post
2222 3044 2449 3089 mortem
2493 3035 2710 3105 praemia
2739 3045 2792 3090 et
2827 3036 3102 3093 mercedes
3137 3051 3416 3110 exspecta-

1831 3126 1992 3182 rent?
2024 3128 2134 3196 Ego
2159 3141 2288 3183 vero
2314 3129 2412 3180 hac
2440 3127 2552 3196 ipsa
2591 3127 2660 3181 de
2703 3142 2760 3180 re
2801 3127 3142 3198 obstupesco.
3189 3131 3259 3185 At
3295 3131 3419 3196 hoc.

1833 3220 2062 3289 inquies,
2101 3234 2166 3274 ex
2205 3219 2471 3273 stultitia?
2501 3218 2765 3286 Quanam,
2807 3235 2991 3288 quaeso
3035 3230 3116 3286 te,
3171 3223 3415 3285 stultitia.

1830 3312 1970 3382 quod
2002 3311 2178 3366 anima
2211 3311 2527 3364 immortalis
2552 3310 2643 3373 sit,
2675 3320 2728 3363 et
2759 3310 3014 3377 judicium
3056 3313 3420 3384 incorruptum

1831 3412 1954 3474 post
1985 3403 2125 3456 hanc
2170 3403 2330 3456 vitam
2388 3416 2488 3456 nos
2533 3412 2881 3470 excepturum
2914 3413 3018 3467 est,
3076 3412 3132 3458 et
3180 3410 3420 3462 rationes

1832 3496 2139 3558 verborum,
2178 3510 2359 3550 rerum
2405 3503 2460 3549 et
2495 3495 2877 3563 cogitationum
2904 3495 3151 3552 dabimus
3192 3499 3301 3554 Deo
3330 3503 3422 3571 qui

1831 3586 1979 3641 novit
2002 3600 2220 3649 arcana,
2248 3594 2301 3640 et
2329 3585 2501 3646 malos
2530 3585 2744 3655 quidem
2774 3587 3006 3655 punitos,
3035 3571 3202 3642 lautos
3239 3581 3418 3644 autem

1830 3684 2115 3728 coronatos
2159 3672 2492 3728 ridebimus?
2519 3675 2648 3732 Haec
2693 3678 2835 3731 enim
2883 3695 2988 3733 non
3021 3676 3282 3750 stultitim,
3313 3689 3412 3736 sed

1825 3765 2074 3819 maxima:
2105 3765 2460 3835 phil030phire
2489 3776 2631 3822 sunt.

1897 3854 1950 3910 9.
1985 3855 2092 3909 lloc
2125 3856 2308 3926 igitur,
2341 3857 2425 3912 dic
2472 3859 2631 3926 mihi,
2659 3861 2941 3930 prtesentia
2978 3878 3256 3934 spernere,
3299 3879 3414 3918 ma-

1826 3959 1982 4016 gnam
2032 3961 2143 3998 rem
2195 3961 2314 4000 esse
2367 3948 2619 4004 virtutem
2671 3959 2874 4018 putare.
2907 3968 3013 4007 non
3063 3955 3147 4008 hic
3192 3954 3412 4024 prmmia

1825 4053 2087 4108 quaerere,
2115 4039 2207 4092 sed
2257 4039 2482 4094 ulterius
2527 4055 2621 4110 spe
2673 4045 2938 4112 progredi,
2967 4045 3306 4114 animamque
3335 4045 3414 4098 sic

1827 4139 2162 4185 constantem
2197 4140 2252 4184 et
2294 4131 2348 4185 in
2380 4131 2482 4186 fide
2530 4132 2738 4187 firmam
2788 4144 2991 4198 tenere,
3022 4135 3092 4188 ita
3124 4143 3235 4188 uta
3267 4135 3412 4190 nullo

1828 4225 2090 4279 malorum
2123 4225 2466 4295 praesentium
2493 4227 2558 4281 ad
2585 4226 2813 4282 futuram
2853 4245 3004 4298 spem
3047 4229 3407 4298 impediatur:

1828 4317 1961 4384 haec,
1998 4321 2236 4385 inquam,
2284 4331 2496 4384 quanta:
2545 4319 2742 4383 fuerint
2786 4321 3171 4391 philosophiae?
3198 4320 3301 4376 Sed
3333 4321 3412 4374 vis

1825 4409 2064 4479 ipsorum
2088 4415 2478 4480 promissorum
2503 4425 2557 4468 et
2586 4413 2990 4483 praedictionum
3019 4416 3122 4468 vim
3147 4414 3410 4478 ediscere,

1825 4515 1880 4560 et
1910 4506 2189 4560 veritatem
2221 4522 2407 4560 eorum
2455 4522 2573 4577 quae
2605 4517 3026 4576 praecesserunt,
3059 4519 3114 4562 et
3143 4525 3260 4578 qua:
3295 4522 3418 4579 post

1828 4598 2002 4653 futura
2024 4600 2188 4654 sunt?
2219 4600 2352 4657 Vide
2380 4601 2508 4656 mihi
2531 4613 2774 4658 catenam
2802 4617 3019 4657 auream
3049 4603 3194 4657 varie
3219 4602 3289 4657 ab
3315 4603 3418 4658 ini-

1827 4692 1903 4746 tio
1931 4707 2252 4748 connexam.
2273 4692 2418 4748 Dixit
2445 4695 2551 4751 illis
2581 4695 2822 4766 qumdam
2845 4697 2913 4752 de
2932 4697 3113 4767 seipso
3140 4706 3197 4752 et
3222 4697 3290 4752 de
3319 4696 3421 4754 Ee-

1827 4785 2007 4840 clesiis
2028 4784 2204 4858 deque
2229 4787 2419 4844 futuris
2450 4788 2644 4856 rebus;
2678 4797 2731 4844 et
2764 4789 2877 4844 haec
2904 4789 3133 4846 dicendo
3161 4790 3414 4845 miracula

1827 4879 2040 4933 edebat.

1899 4969 2088 5026 Christi
2135 4971 2367 5028 doctrina
2407 4983 2454 5028 et
2505 4975 2767 5030 miraculis
2813 4994 2878 5032 ea:
2918 4993 2981 5032 ea:
3027 4977 3416 5046 prcedt'rtionum

1828 5073 2006 5118 eventu
2036 5067 2300 5122 asseritur.
2321 5097 2390 5107 —
2410 5067 2486 5122 Ex
2513 5079 2709 5124 eventu
2740 5086 2870 5140 ergo
2900 5088 3109 5132 eorum,
3130 5089 3247 5141 qua:
3279 5087 3418 5140 prte-

1829 5158 1970 5213 dieta
1999 5171 2143 5224 sunt,
2181 5161 2461 5229 perspicua
2495 5174 2618 5216 sunt
2648 5173 2700 5218 et
2731 5167 2983 5219 miracula
3014 5177 3066 5219 et
3095 5164 3266 5219 futura
3299 5180 3418 5234 pro.

1831 5253 2014 5306 missa.
2049 5253 2115 5308 Ut
2144 5264 2322 5308 autem
2351 5254 2552 5311 clarius
2593 5255 2664 5310 sit
2712 5256 2787 5323 id,
2818 5258 2956 5326 quod
2989 5257 3189 5312 dictum
3219 5268 3322 5320 est,
3354 5271 3421 5311 ex

1831 5345 1965 5415 ipsis
2007 5346 2165 5399 rebus
2216 5347 2343 5401 illud
2390 5349 2774 5420 comprobabo.
2824 5349 3111 5405 Suscitavit
3158 5349 3418 5406 Lazarum

1830 5438 1946 5492 Solo
1996 5439 2182 5503 verbo,
2214 5447 2267 5493 et
2313 5439 2494 5494 vivum
2537 5440 2769 5494 ostendit
2803 5441 2975 5494 :dixit
3010 5458 3215 5506 rursus,
3249 5443 3418 5498 Porltl

1829 5531 1982 5602 inferi
2005 5547 2103 5584 non
2132 5531 2478 5602 prtcvalebunt
2503 5533 2745 5588 adversus
2771 5532 3050 5588 Ecclesium
3086 5534 3300 5605 (Matth.
3331 5535 3414 5590 l6.

1833 5623 1956 5698 58);
1987 5631 2062 5689 et,
2089 5624 2188 5689 Qui
2218 5624 2422 5694 reliquit
2465 5635 2658 5695 patrem
2685 5635 2732 5679 et
2755 5636 2988 5690 matrem,
3014 5628 3303 5693 centuplum
3328 5641 3414 5679 ao-

1831 5715 1980 5787 ct'piet
2028 5716 2080 5770 in
2129 5715 2224 5771 hoc
2267 5717 2490 5784 sa'culo,
2539 5725 2587 5770 et
2635 5719 2790 5772 vitam
2837 5725 3081 5772 retentam
3138 5717 3413 5786 possidebit
