3864 6216
513 232 579 290 6⁸1
898 220 900 223 ’
1243 223 1308 284 ,S.
1345 220 1624 280 JOANNIS
1660 217 2135 277 CIIRYSOSTOMI
2176 220 2493 280 ARClllEP.
2535 225 3066 287 (.ONSTANTINOP.
3719 241 3764 296 es

510 342 727 406 (Matth.
758 340 848 398 l9.
870 338 991 412 29).
1022 337 1166 411 Ergo
1193 335 1513 393 miraculum
1541 333 1760 406 quidem
1799 342 1881 390 est
1912 349 2100 396 unum,

504 450 706 506 nempe
722 431 908 488 Lazari
931 448 948 498 ;
970 428 1348 499 praedictiones
1363 441 1494 481 vero
1515 424 1658 492 dum,
1683 439 1910 495 quarum
1933 423 2101 480 altera

509 527 598 583 hic
612 537 827 582 ostensa
841 534 942 588 est,
957 523 1122 579 altera
1142 522 1193 576 in
1211 519 1389 575 futuro
1405 517 1526 574 erit.
1545 515 1836 572 Considera
1850 525 1908 570 ut
1920 515 2100 571 omnia

509 618 650 674 inter
661 624 1039 688 secomparata
1059 610 1428 683 probantur.Si
1442 609 1562 680 quis
1575 609 1716 665 enim
1735 623 1842 690 non
1855 613 2102 663 crederet

508 711 820 765 suscitatam
842 708 1006 763 fuisse
1021 707 1304 770 Lazarum,
1321 719 1387 760 ex
1408 702 1754 773 praedictione
1771 716 1890 772 qua:
1905 699 1973 757 de
1996 699 2103 755 Ec-

506 802 668 857 clesia
686 802 826 857 dicta
842 809 943 865 est,
963 798 1147 854 credat
1160 797 1421 852 miraculo
1441 811 1454 847 :
1476 811 1596 850 nam
1615 794 1758 864 quod
1777 804 1850 849 tot
1863 803 1987 850 ante
2001 809 2099 848 an-

507 912 604 950 nos
620 895 932 966 prtedictum
950 895 1142 959 fuerat,
1158 902 1284 948 tunc
1299 891 1478 946 evenit
1491 900 1546 947 et
1559 890 1719 946 linem
1733 892 1961 961 accepit.
1975 890 2102 946 Por-

505 996 575 1043 tae
595 988 737 1043 enim
769 987 922 1043 inferi
941 986 1200 1042 adversus
1223 983 1516 1039 Ecclesiam
1547 997 1654 1038 non
1679 981 2094 1052 praevaluerunt.

502 1079 604 1148 Qui
635 1095 766 1150 ergo
791 1080 844 1135 in
874 1077 1226 1151 praedictione
1251 1076 1532 1132 veritatem
1568 1074 1723 1142 dixit,
1755 1074 2095 1145 perspicuum

502 1182 584 1226 est
611 1170 754 1243 quod
784 1176 947 1227 etiam
975 1168 1292 1225 miraculum
1323 1167 1513 1223 fecerit
1544 1183 1560 1222 :
1592 1166 1682 1236 qui
1711 1180 1838 1220 vero
1867 1165 2095 1220 miracu-

500 1261 613 1318 lum
651 1262 837 1328 edidit,
869 1272 924 1316 ct
961 1262 1052 1332 qui
1079 1275 1142 1315 ea
1171 1275 1290 1330 qua:
1319 1259 1527 1314 dixerat
1552 1257 1618 1312 ad
1648 1257 1812 1312 tinem
1841 1255 2087 1324 deduxit,

501 1353 676 1422 palam
705 1361 792 1407 est
816 1351 956 1420 quod
983 1351 1144 1406 etiam
1171 1350 1221 1403 in
1250 1348 1597 1420 praedictione
1625 1346 1928 1403 futurorum
1960 1362 2091 1403 vera

499 1442 666 1508 dicat,
697 1458 915 1513 nempe,
960 1440 1264 1508 Ceutuplum
1293 1439 1521 1509 recipiet,
1565 1447 1613 1493 et
1650 1438 1807 1491 vitam
1849 1448 2093 1492 cateruam

501 1535 772 1605 possidebit
803 1536 866 1601 is,
899 1534 990 1605 qui
1032 1532 1311 1602 praesentia
1352 1529 1600 1599 despicit.
1639 1528 1770 1596 Qum
1807 1529 1950 1583 enim
1977 1528 2090 1598 jam

497 1626 633 1681 facta
663 1634 720 1680 et
741 1626 882 1680 dicta
906 1632 1050 1689 sunt,
1084 1622 1136 1677 in
1172 1622 1394 1694 pignora
1437 1620 1668 1675 maxima
1713 1618 1864 1674 dedit
1903 1634 2090 1674 eorum

493 1734 615 1789 qure
641 1727 900 1775 eventura
925 1725 1072 1772 sunt.
1113 1716 1238 1770 llaec
1268 1717 1446 1785 itaque
1475 1713 1656 1768 omnia
1684 1721 1738 1768 et
1779 1711 1865 1767 his
1891 1712 2087 1767 similia

490 1829 560 1869 ex
592 1811 895 1878 Evangeliis
921 1810 1238 1880 colligentes
1269 1807 1401 1877 ipsis
1427 1805 1694 1869 dicamus,
1744 1803 1954 1874 illisque
1992 1818 2087 1860 ora

491 1905 858 1961 obstruamus.
911 1900 970 1956 Si
1021 1900 1144 1970 quis
1183 1913 1313 1953 vero
1357 1896 1553 1952 dixerit
1586 1914 1600 1951 :
1628 1894 1909 1964 Quomodo
1957 1909 2088 1966 ergo

492 1995 712 2052 tandem
753 2009 858 2048 non
903 1992 1200 2049 exstinctus
1230 1989 1327 2045 fuit
1364 1989 1555 2045 error?
1597 1987 1702 2044 hoc
1739 1986 2036 2043 dixerimus
2066 2005 2082 2042 :

491 2090 604 2146 Vos
633 2090 684 2144 in
715 2101 875 2144 causa
903 2086 1057 2152 estis,
1085 2085 1176 2155 qui
1199 2083 1458 2137 adversus
1485 2081 1711 2136 salutem
1743 2089 1974 2135 vestram
2001 2094 2088 2136 se-

488 2183 722 2238 ditiones
757 2178 968 2252 agitatis
1000 2196 1013 2232 :
1045 2194 1166 2232 nam
1208 2177 1352 2232 Deus
1393 2191 1482 2231 res
1522 2175 1592 2230 ita
1637 2173 1994 2245 dispensavit,
2028 2182 2086 2229 ut

488 2289 558 2329 ne
583 2272 822 2343 reliquiae
867 2270 1083 2340 quidem
1139 2267 1427 2338 impietatis
1476 2277 1748 2322 maneant.
1801 2265 1876 2321 Ea
1923 2280 2076 2337 ergo,

487 2380 608 2433 qua:
633 2364 772 2420 dicta
815 2371 962 2428 sunt,
994 2362 1174 2432 paucis
1204 2369 1534 2430 repetamus.
1574 2358 1828 2426 Quaenam
1859 2368 1943 2414 est
1987 2359 2082 2413 ha-

488 2471 608 2510 rum
653 2470 832 2510 rerum
880 2452 1105 2508 natura?
1141 2468 1268 2508 num
1297 2459 1356 2507 ut
1401 2451 1656 2506 imbecilli
1704 2461 2081 2521 superentura

488 2545 818 2618 potentibus.
849 2560 917 2599 an
947 2543 1148 2598 secus?
1177 2543 1265 2612 qui
1304 2541 1475 2598 facilia
1512 2541 1720 2607 dicunt,
1751 2557 1819 2596 an
1859 2543 1950 2612 qui
1977 2542 2080 2598 dif-

489 2637 753 2691 ficiliora?
781 2636 869 2705 qui
896 2651 1016 2690 cum
1044 2634 1296 2704 periculis
1319 2634 1616 2697 attrahunt,
1645 2648 1712 2687 an
1740 2635 1829 2704 qui
1854 2636 2082 2690 secure?

485 2730 575 2801 qui
602 2730 878 2796 innovant,
907 2743 973 2783 au
1005 2727 1093 2798 qui
1120 2725 1566 2790 consuetudinem
1609 2725 1819 2780 firmant
1841 2726 1864 2779 ?
1888 2725 1978 2797 qui
2024 2706 2088 2782 in.

483 2837 731 2894 asperam
753 2821 894 2876 viam
915 2820 1139 2886 ducunt,
1167 2835 1235 2874 an
1267 2819 1358 2890 qui
1380 2819 1431 2873 in
1463 2817 1721 2873 facilem?
1748 2818 1782 2872 ii
1809 2817 1902 2888 qui
1927 2833 1955 2871 a
1987 2833 2081 2887 pa—

483 2916 604 2970 triis
649 2913 906 2969 institutis
952 2911 1249 2975 abducunt,
1279 2926 1347 2964 an
1394 2909 1429 2964 ii
1472 2909 1564 2980 qui
1607 2924 1713 2964 non
1761 2909 2078 2980 peregrinas

479 3005 628 3076 leges
663 3003 937 3060 statuunt?
966 3003 1000 3057 ii
1031 3002 1120 3072 qui
1170 3010 1451 3072 postquam
1483 2999 1610 3055 hinc
1651 2999 2075 3055 abscesserimus

476 3097 658 3154 omnia
689 3097 828 3152 bona
868 3095 1212 3166 pollicentur,
1257 3108 1324 3148 an
1364 3093 1399 3147 ii
1441 3093 1530 3163 qui
1563 3093 1615 3147 in
1662 3093 1917 3162 praesenti
1963 3094 2073 3150 vita

475 3190 800 3246 adulantur?
829 3189 981 3244 multi
1011 3203 1041 3242 a
1065 3189 1274 3259 paucis,
1304 3202 1372 3240 an
1395 3186 1550 3257 pauci
1574 3204 1602 3240 a
1631 3187 1852 3242 multis?
1881 3187 1950 3241 At
1977 3203 2073 3244 vos

2209 337 2388 404 etiam,
2421 338 2648 410 inquies,
2677 341 2765 398 hic
2787 344 3124 413 promisistis.
3145 344 3280 414 Quid
3303 347 3393 405 hic
3411 349 3758 420 promisimus:

2207 429 2554 487 Peccatorum
2600 435 2976 491 remissionem
3014 446 3070 492 et
3111 438 3384 497 lavacrum
3426 445 3760 513 regeneratio.

2207 525 2308 580 nis.
2338 523 2472 580 Vere
2498 525 2717 594 quidem
2750 527 3013 598 baptisma
3042 530 3160 600 plus
3191 533 3352 589 habet
3391 535 3520 591 boni
3558 537 3614 591 in
3653 535 3754 597 futu

2204 614 2299 669 ris.
2335 615 2401 670 Et
2441 615 2634 671 Paulus
2669 619 2866 674 clamat
2905 621 3091 678 dicens
3123 640 3138 678 :
3171 622 3364 680 Μογικὶ
3405 629 3540 681 enim
3582 631 3760 695 cuius
3832 683 3833 690 η

2201 705 2302 758 vita
2328 716 2490 761 vestra
2510 709 2804 764 abscondita
2831 722 2905 765 est
2931 729 3048 766 cum
3072 712 3272 770 Christo
3301 718 3352 772 in
3383 719 3513 774 Deo.
3550 722 3678 776 Cum
3699 742 3764 776 as-

2203 807 2299 852 tem
2322 801 2423 854 vita
2443 810 2604 855 vestra
2634 804 2961 876 manifestata
2985 808 3158 876 fuerit,
3203 819 3321 864 tunc
3345 822 3394 864 et
3420 829 3509 868 vos
3541 831 3663 868 cunt
3685 819 3765 887 ipso

2199 893 2510 962 apparebitis
2533 893 2585 948 in
2611 895 2777 965 gloria
2808 895 2944 968 (Col.
2974 899 3026 954 5.
3054 899 3110 955 5.
3140 900 3221 971 4).
3251 899 3306 958 Si
3329 914 3512 959 autem
3544 906 3634 962 hic
3659 925 3759 977 quo

2197 999 2303 1054 que
2327 983 2489 1039 habet
2515 986 2676 1053 bona,
2706 998 2763 1042 ut
2800 997 2948 1045 certe
2983 989 3164 1060 habet,
3205 1003 3260 1049 et
3304 994 3405 1050 hoc
3435 1013 3657 1067 quoque
3685 1019 3764 1055 nu-

2196 1090 2360 1146 gnum
2390 1086 2474 1131 est
2499 1077 2842 1143 miraculum,
2873 1081 3016 1151 quod
3045 1084 3318 1153 potuerint
3346 1090 3679 1157 persuadere
3701 1093 3761 1156 iis,

2195 1168 2286 1236 qui
2315 1167 2453 1221 mala
2481 1169 2720 1224 fecerant
2745 1170 3048 1240 innumera,
3079 1183 3137 1229 et
3173 1175 3318 1246 quod
3355 1194 3520 1234 nemo
3549 1180 3689 1236 alius
3711 1183 3762 1239 lc-

2194 1269 2363 1322 cerat,
2392 1259 2509 1315 fore
2537 1270 2595 1315 ut
2619 1263 2800 1316 omnia
2819 1262 3187 1333 abluerentur,
3213 1276 3268 1322 et
3295 1270 3497 1327 nullius
3519 1273 3760 1330 scelerum

2194 1366 2414 1408 suorum
2439 1355 2704 1410 rationem
2732 1367 2915 1413 essent
2937 1358 3219 1416 reddituri.
3249 1361 3433 1435 Itaque
3450 1381 3511 1420 ea
3531 1367 3606 1422 de
3633 1385 3761 1424 causa

2193 1447 2426 1503 maxime
2453 1447 2705 1504 admirari
2747 1451 3050 1520 oportebat,
3093 1453 3238 1524 quod
3271 1454 3516 1514 barbaris
3545 1459 3759 1516 homini~

2192 1537 2293 1594 bus
2319 1537 2704 1611 persuaseﬁnt,
2735 1551 2794 1598 ut
2827 1543 2986 1598 talem
3023 1543 3584 1618 (idem.susciperent,
3618 1561 3672 1604 et
3694 1552 3764 1606 bo-

2191 1647 2314 1686 nam
2351 1632 2418 1687 de
2450 1633 2639 1688 futuris
2665 1649 2816 1704 spem
2863 1635 3140 1703 haberent,
3181 1651 3244 1692 ac
3271 1637 3511 1709 deposita
3544 1642 3760 1710 priorum

2191 1733 2534 1795 peccatorum
2581 1725 2826 1794 sarcina,
2874 1742 2995 1782 cum
3053 1743 3244 1800 magna
3286 1731 3452 1786 animi
3504 1733 3762 1790 alacritate

2189 1818 2384 1875 deinde
2408 1834 2506 1888 pro
2530 1819 2726 1876 virtute
2747 1819 2962 1877 labores
2989 1822 3346 1893 susciperent,
3375 1834 3431 1880 et
3466 1826 3534 1882 ad
3563 1829 3760 1884 sensilia

2189 1911 2334 1966 nulla
2369 1910 2658 1977 inbiarent,
2706 1913 3065 1986 omnibusque
3095 1919 3371 1988 corporeis
3412 1920 3583 1976 rebus
3622 1937 3761 1992 supe-

2187 2003 2361 2060 riores
2389 2003 2584 2068 effecti,
2612 2005 2907 2076 spiritualia
2933 2009 3241 2080 acciperent
3273 2011 3413 2067 dona
3446 2031 3462 2066 :
3493 2030 3561 2070 ac
3598 2015 3760 2081 Persa.

2187 2095 2454 2162 Sarmata,
2485 2095 2702 2152 Maurus
2741 2105 2799 2152 et
2837 2096 3019 2166 Indus,
3059 2100 3262 2157 scirent
3285 2102 3478 2158 animm
3515 2107 3764 2176 expiatio-

2185 2201 2332 2254 nem,
2379 2187 2473 2244 Dei
2521 2189 2853 2260 polentiam,
2897 2199 2953 2246 et
2994 2191 3377 2262 benignitatem
3425 2195 3758 2262 ineffabilem,

2184 2280 2308 2336 fidei
2335 2280 2754 2351 philosophiam,
2783 2280 3018 2351 Spiritus
3041 2283 3212 2338 sancti
3234 2284 3543 2354 adventum,
3586 2304 3760 2361 corpo-

2183 2388 2306 2428 rum
2361 2372 2837 2439 resurrectionem,
2889 2382 2946 2428 et
2982 2373 3104 2429 vita:
3139 2375 3459 2433 immortaus
3500 2379 3760 2450 dogmata.

2183 2466 2310 2522 llaec
2338 2465 2538 2537 quippe
2571 2465 2750 2520 omnia
2787 2475 2844 2520 et
2883 2465 2966 2520 his
2997 2467 3147 2536 plura
3189 2467 3541 2525 barbarorum
3582 2489 3762 2543 genera

2183 2559 2478 2629 piscatores
2530 2557 2584 2614 in
2631 2556 2898 2630 baptismo
2946 2561 3218 2631 mysteriis
3265 2563 3565 2632 initiantes,
3603 2566 3762 2636 philo-

2181 2649 2399 2720 sophari
2441 2657 2752 2705 suaserunt.
2783 2648 2911 2704 llzec
2938 2649 3118 2722 itaque
3155 2654 3335 2708 omnia
3370 2667 3631 2713 accurate
3670 2673 3764 2713 ser-

2179 2754 2389 2808 vantes,
2435 2743 2523 2798 illa
2571 2743 2652 2799 eis
2698 2742 2962 2811 dicamus,
3008 2756 3064 2800 et
3107 2759 3138 2799 a
3187 2747 3292 2802 vita
3336 2762 3552 2819 quoque
3601 2761 3761 2811 nostra

2181 2835 2698 2893 demonstrationem
2755 2851 2972 2892 rursum
3037 2837 3168 2907 ipsis
3215 2837 3620 2907 exhibeamus,
3673 2861 3760 2914 quo

2180 2933 2431 3004 utrinque
2477 2941 2533 2987 et
2579 2946 2679 2987 nos
2719 2931 2950 2987 salutem
2988 2945 3385 3002 consequamur
3427 2946 3486 2992 et
3533 2937 3666 2994 illos
3707 2942 3760 2992 ad

2180 3024 2276 3081 Dei
2300 3024 2524 3096 gloriam
2550 3022 2886 3080 attrahamus
2915 3041 2930 3078 :
2959 3023 3083 3095 quia
3119 3024 3220 3097 ipsi
3247 3034 3330 3083 est
3373 3027 3553 3099 gloria
3595 3031 3654 3086 in
3676 3045 3760 3086 ςτ-

2177 3118 2321 3174 cula.
2351 3117 2546 3173 Amen.

479 3318 3759 3344 Mm

1875 3391 2222 3456 HOMILIA
2265 3392 2436 3454 Vlll.

491 3537 621 3595 CAP.
654 3539 708 3595 3.
737 3553 792 3592 v.
823 3537 874 3592 l.
905 3535 970 3591 Et
1009 3552 1135 3609 ego,
1176 3537 1390 3607 fratres,
1431 3552 1536 3590 non
1576 3535 1718 3606 potui
1759 3536 1896 3591 vobis
1938 3534 2075 3608 loqui

551 3638 608 3684 ut
635 3628 1004 3698 spiritualibus,
1033 3626 1122 3682 sed
1149 3637 1200 3680 ut
1227 3626 1535 3691 carnalibus,
1566 3637 1822 3698 tamquam
1843 3630 2072 3698 parvulis

551 3722 606 3776 in
633 3719 854 3776 Christo.
883 3720 937 3774 2.
973 3718 1077 3773 Lac
1104 3718 1240 3773 vobis
1273 3727 1446 3787 potum
1473 3718 1626 3785 dedi,
1655 3728 1701 3771 et
1731 3735 1832 3772 non
1860 3735 2026 3772 escam
2051 3734 2071 3773 :

554 3815 781 3868 nondum
800 3813 931 3866 enim
951 3813 1210 3882 poteratis.
1233 3809 1342 3866 Sed
1364 3827 1426 3865 ne
1442 3826 1574 3864 nunc
1591 3809 1790 3882 quidem
1817 3812 2021 3882 potestis
2046 3827 2064 3868 :

557 3906 728 3960 adhuc
756 3906 888 3959 enim
919 3905 1150 3959 carnales
1174 3904 1310 3958 estis.

555 4000 610 4053 l.
640 3997 771 4052 Cum
820 4005 1099 4052 externam
1150 3995 1471 4065 sapientiam
1502 3994 1832 4052 confutasset
1856 4038 1872 4064 ,
1903 4005 1959 4053 et
1989 3997 2072 4053 fa-

478 4102 620 4147 stum
650 4096 766 4161 ejus
793 4105 1008 4146 omnem
1042 4086 1362 4158 dejecisset,
1402 4088 1466 4143 ad
1499 4089 1640 4144 aliud
1686 4099 2068 4160 argumentum

478 4187 644 4240 vertit.
691 4183 822 4238 Nam
871 4182 1166 4237 verisimile
1195 4190 1278 4237 est
1322 4183 1442 4237 illos
1481 4181 1719 4237 dieturos
1765 4183 1968 4238 fuisse:
2012 4183 2069 4239 Si

479 4275 740 4342 Platonis,
767 4283 860 4329 aut
886 4274 1224 4345 Pythagorae,
1257 4281 1349 4326 aut
1374 4272 1651 4342 cujusdam
1682 4273 1900 4328 alterius
1934 4274 2070 4344 phi-

478 4367 687 4439 losophi
746 4367 889 4421 dicta
936 4365 1412 4426 annuntiarcmus,
1463 4365 1586 4434 jure
1634 4366 1704 4420 ita
1756 4366 1968 4438 longam
2014 4369 2068 4422 in

477 4477 575 4517 nos
616 4462 939 4517 instituisses
967 4461 1263 4516 orationem
1292 4478 1306 4514 :
1335 4458 1380 4514 si
1429 4469 1606 4514 autem
1655 4475 1718 4516 ea
1775 4478 1894 4532 qua:
1944 4473 2071 4517 sunt

475 4557 706 4626 Spiritus
735 4556 1116 4611 annnntiamus
1136 4595 1151 4621 ,
1179 4569 1274 4608 cur
1320 4563 1597 4608 externam
1636 4555 1951 4624 sapientiam
1978 4570 2070 4610 sus

476 4649 650 4718 deque
693 4649 915 4703 versas?
959 4647 1241 4717 Quomodo
1272 4656 1450 4702 autem
1497 4646 1600 4701 hic
1632 4647 1860 4717 repellat
1900 4648 2065 4705 audi:

479 4738 548 4792 Et
588 4757 677 4810 ego
696 4781 712 4806 ,
737 4744 920 4812 fratres
939 4781 953 4804 ,
978 4757 1078 4794 non
1109 4740 1250 4810 potui
1276 4739 1412 4792 vobis
1453 4738 1589 4809 loqui
1614 4749 1668 4792 ut
1693 4739 2063 4808 spiritualibus.

481 4833 624 4888 Sane
645 4834 856 4904 quidem
874 4834 1078 4888 etiamsi
1100 4833 1318 4904 perfecti
1342 4833 1555 4898 essetis,
1579 4833 1771 4902 inquit,
1799 4845 1852 4889 et
1881 4834 1933 4889 in
1958 4837 2067 4906 spi-

481 4928 778 4991 ritualibus,
800 4943 972 4997 neque
992 4927 1071 4982 sic
1093 4936 1365 4998 oporteret
1384 4925 1595 4992 efferri;
1622 4941 1794 4996 neque
1810 4927 1950 4982 enim
1974 4945 2068 4985 ve-

482 5032 586 5076 stra
611 5017 959 5084 annuntiatis,
979 5035 1150 5088 neque
1166 5035 1226 5074 ea
1243 5035 1360 5089 qua:
1379 5018 1478 5088 ipsi
1499 5033 1560 5072 ex
1582 5019 1737 5072 vobis
1756 5021 2061 5077 invenistis:

483 5128 622 5169 nunc
648 5122 824 5168 autem
850 5127 1024 5177 neque
1047 5112 1132 5166 illa
1163 5111 1310 5166 scitis
1333 5121 1389 5165 ut
1415 5113 1554 5166 scire
1581 5121 1826 5180 oportet,
1857 5112 1951 5167 sed
1972 5113 2062 5168 di-

479 5207 669 5275 scipuli
702 5205 833 5259 estis
859 5215 912 5259 et
940 5204 1176 5258 omnimn
1208 5203 1486 5272 postremi.
1514 5204 1692 5274 Itaque
1717 5205 1761 5257 si
1787 5203 1856 5259 de
1883 5215 2061 5260 exter-

483 5313 549 5354 na
593 5295 807 5367 quidem
854 5295 1116 5365 sapientia
1157 5296 1322 5348 altum
1367 5296 1584 5363 sapitis,
1625 5296 1736 5366 jam
1783 5298 2060 5365 probatum

481 5398 564 5446 est
587 5388 728 5443 illam
757 5387 890 5442 nihil
914 5401 1035 5443 esse
1055 5429 1070 5451 ,
1095 5387 1186 5442 sed
1215 5398 1266 5441 et
1289 5387 1342 5441 in
1373 5386 1737 5457 spiritualibus
1760 5387 1914 5444 nobis
1937 5405 2058 5446 esse

478 5481 802 5540 contrariam
831 5497 846 5533 :
875 5479 920 5534 si
951 5489 1128 5533 autem
1151 5477 1218 5534 de
1247 5477 1630 5548 spiritualilms,
1659 5481 1709 5533 in
1736 5481 1817 5534 his
1846 5496 2062 5551 quoque

478 5571 622 5644 quod
652 5573 828 5627 minus
863 5580 948 5628 est
977 5571 1182 5626 habetis
1205 5614 1218 5636 ,
1252 5581 1306 5626 et
1342 5571 1481 5625 inter
1509 5572 1724 5626 ultimos
1754 5574 1904 5629 estis.
1937 5575 2061 5629 Ideo

479 5665 590 5729 ait,
619 5662 741 5718 Non
767 5664 906 5734 potui
933 5663 1070 5719 vobis
1097 5663 1233 5733 loqui
1262 5673 1316 5718 ut
1351 5663 1720 5742 spiritualibus.
1753 5665 1865 5720 Non
1897 5666 2058 5731 dixit,

479 5755 596 5813 Non
627 5756 876 5828 loquutus
901 5772 1041 5825 sum,
1068 5774 1132 5812 ne
1161 5757 1430 5816 videretur
1450 5769 1513 5814 ex
1551 5756 1744 5814 invidia
1768 5774 1880 5815 rem
1901 5772 2054 5825 esse;

2191 3536 2285 3592 sed
2318 3536 2600 3607 dupliciter
2630 3536 2841 3593 illorum
2885 3551 3102 3592 sensum
3137 3537 3372 3594 evertit:
3406 3554 3514 3595 uno
3558 3540 3765 3613 quidem

2180 3629 2344 3684 modo
2369 3628 2690 3696 ostendens,
2723 3628 2866 3700 quod
2901 3629 3136 3700 perfecta
3176 3632 3456 3699 nesciant;
3479 3635 3660 3690 altero
3685 3651 3765 3688 au-

2185 3733 2329 3787 tem,
2359 3721 2501 3793 quod
2551 3721 2651 3793 ipsi
2685 3722 2737 3776 in
2788 3737 2949 3776 causa
2980 3723 3089 3777 sint
3116 3723 3258 3794 quod
3303 3726 3589 3794 nesciant;
3623 3730 3768 3782 tertio

2179 3813 2339 3867 etiam
2362 3853 2378 3880 ,
2409 3813 2549 3884 quod
2590 3813 2839 3869 ostendat
2877 3813 3000 3868 illos
3039 3829 3106 3869 ne
3151 3831 3292 3870 nunc
3337 3817 3559 3888 quidem
3592 3833 3762 3888 posse.

2179 3903 2311 3959 Nam
2356 3904 2498 3974 quod
2530 3904 2682 3959 initio
2721 3918 2827 3959 non
2863 3905 3170 3976 potuerint,
3204 3921 3270 3962 ex
3302 3917 3494 3963 natura
3539 3907 3769 3965 fortasse

2180 3997 2258 4050 rei
2302 4005 2455 4051 erat:
2488 4011 2810 4066 quamquam
2857 4013 2925 4052 ne
2969 3995 3110 4052 hanc
3152 3998 3370 4066 quidem
3402 4000 3509 4055 illis
3552 4003 3769 4071 reliquit

2181 4087 2567 4144 defensionem.
2609 4087 2726 4142 Non
2755 4089 2898 4144 enim
2928 4087 3056 4144 dicit
3081 4089 3204 4144 illos
3235 4090 3358 4145 ideo
3382 4092 3643 4148 sublimia
3674 4111 3769 4148 nun

2184 4181 2523 4251 suscepisse,
2571 4181 2713 4252 quod
2762 4197 2866 4235 non
2914 4192 3130 4252 possent
3167 4183 3475 4252 suscipere,
3520 4186 3626 4240 sed
3657 4188 3768 4255 quia

2177 4273 2422 4328 carnales
2466 4282 2641 4328 erant.
2675 4273 2869 4327 Verum
2900 4273 2951 4328 in
2987 4273 3248 4344 principio
3288 4275 3505 4345 quidem
3535 4277 3628 4332 sic
3669 4296 3768 4331 nun

2177 4363 2370 4418 fuisset
2392 4365 2812 4434 reprehensione
2834 4363 3088 4436 dignum;
3116 4364 3210 4418 sed
3237 4380 3359 4420 cum
3388 4375 3602 4422 tantum
3631 4369 3771 4424 eﬂlu-

2175 4456 2344 4511 xisset
2372 4464 2614 4526 tempus,
2657 4455 2893 4509 nondum
2925 4455 2992 4510 ad
3044 4454 3364 4525 perfectiora
3417 4461 3770 4528 pervenisse,

2176 4549 2229 4604 id
2252 4557 2507 4605 extremae
2533 4556 2649 4604 erat
2678 4548 2924 4619 ignaviae.
2954 4548 3064 4604 llac
3093 4565 3306 4620 quoque
3325 4549 3395 4605 de
3425 4566 3487 4606 re
3513 4550 3771 4607 Hebr-tos

2174 4652 2424 4711 accusat,
2457 4643 2550 4697 sed
2592 4658 2696 4697 non
2728 4657 2850 4698 cum
2893 4650 3040 4697 tanta
3081 4641 3445 4697 vehementia.
3486 4643 3627 4699 Nam
3659 4646 3772 4700 illos

2174 4735 2388 4807 quidem
2416 4735 2546 4789 dicit
2567 4734 2638 4788 ob
2677 4733 3052 4790 tribulationes
3084 4735 3215 4789 tales
3245 4749 3404 4799 esse,
3454 4734 3556 4792 hos
3588 4747 3771 4792 autem

2175 4829 2246 4886 ob
2276 4829 2527 4900 nequitiae
2555 4827 2884 4884 desiderium
2910 4846 2923 4882 :
2958 4827 3060 4882 hoc
3089 4837 3266 4883 autem
3300 4839 3353 4884 et
3378 4827 3513 4884 illud
3542 4847 3665 4884 non
3689 4831 3772 4884 in-

2173 4931 2255 4979 ter
2283 4938 2342 4979 se
2371 4923 2518 4994 paria
2548 4931 2690 4978 sunt.
2724 4923 2794 4978 Et
2819 4922 3051 4978 ostendit
3084 4938 3143 4978 se
3173 4923 3294 4978 illos
3335 4925 3557 4995 quidem
3595 4925 3776 4980 inere-

2172 5028 2319 5086 pare,
2347 5016 2446 5070 hos
2473 5026 2648 5070 autem
2677 5016 2844 5085 magis
2873 5016 3224 5081 excitantem,
3248 5015 3363 5071 haec
3387 5031 3513 5071 cum
3539 5019 3779 5072 veritate

2171 5109 2393 5164 dixisse.
2437 5108 2530 5162 His
2558 5108 2753 5178 quippe
2796 5108 2954 5176 dicit,
2998 5108 3105 5163 Sed
3145 5125 3302 5178 neque
3331 5125 3472 5162 nunc
3514 5113 3773 5180 potestis:

2171 5201 2278 5257 illis
2330 5209 2548 5256 autem:
2605 5200 2932 5271 Quapropter
2987 5201 3369 5255 intermittentes
3415 5202 3779 5257 inchoationis

2173 5295 2361 5351 Christi
2387 5311 2664 5348 sermonem
2684 5336 2700 5360 ,
2731 5295 2800 5347 ad
2843 5294 3199 5364 perfectionem
3240 5294 3473 5364 feramur
3503 5295 3706 5367 (Hebr.
3727 5299 3779 5352 6.

2173 5389 2226 5443 l.
2255 5397 2301 5442 et
2330 5385 2422 5452 9);
2451 5396 2498 5442 et
2533 5402 2746 5441 rursum
2783 5405 2796 5440 :
2841 5385 3158 5451 Conﬁdimus
3185 5386 3248 5439 de
3290 5385 3427 5441 vobis
3463 5389 3700 5443 meliora
3739 5398 3783 5442 et

2169 5481 2322 5534 saluti
2363 5480 2643 5545 lavrentia,
2689 5479 2781 5533 etsi
2821 5483 2892 5532 ita
2933 5478 3206 5546 loquimur.
3240 5478 3304 5532 Et
3342 5480 3632 5548 quomodo
3666 5498 3780 5546 eos,

2168 5571 2257 5643 qui
2291 5581 2494 5626 tantum
2521 5570 2778 5640 Spiritum
2806 5582 3160 5640 acceperant,
3191 5571 3438 5625 carnales
3489 5574 3782 5641 appellat,

2169 5679 2305 5735 quos
2334 5664 2485 5718 initio
2517 5665 2680 5719 tantis
2717 5673 2800 5719 est
2821 5663 3064 5720 laudibus
3093 5666 3494 5736 prosequulus?
3523 5665 3681 5732 Quia
3713 5668 3782 5721 illi

2170 5772 2382 5830 quoque
2409 5756 2650 5814 carnales
2682 5765 2867 5829 erant,
2913 5757 3105 5829 quibus
3142 5757 3272 5814 dicit
3301 5756 3570 5815 Dominus
3602 5776 3620 5814 :
3658 5757 3782 5815 Dis-
