3864 6216
456 217 524 270 69
1135 205 1196 262 S.
1235 201 1530 262 JOANNIS
1563 197 2054 258 CHRYSOSTOMI
2095 197 2410 252 AliClllEP.
2451 195 3008 256 CONSTANTINOP.
3661 203 3730 254 το

455 331 594 401 πρὸς
617 323 714 391 οὓς
759 341 922 397 φησιν
948 325 977 378 6
1001 323 1226 396 Κύριος
1268 321 1558 392 Ὑπάγετε
1581 322 1686 375 ἀπ’
1719 319 1886 388 ἐμοῦ,
1929 318 2041 401 οὐκ

455 399 590 471 οἶδα
609 411 786 482 ὑμᾶς,
816 411 870 463 οί
893 407 1264 478 ἐργαζόμενοι
1291 407 1407 474 τὴν
1423 406 1710 474 ἀνομίαν·
1741 403 1919 456 καίτοι
1949 399 2042 456 καὶ

455 497 718 568 δαίμονας
749 495 1024 559 ἐξέϐαλον,
1057 493 1152 545 καὶ
1179 492 1406 562 νεκροὺς
1433 492 1760 560 ἀνέστησαν,
1791 489 1886 542 καὶ
1909 503 2042 558 προ-

457 579 690 652 φητείας
741 578 1107 644 ἐπεδείξαντο.
1138 577 1302 628 Ὥστε
1353 575 1468 628 ἐστι
1505 575 1600 627 καὶ
1639 575 1841 644 σημεῖα
1891 573 2048 642 ποιή-

461 681 634 718 σαντα
667 660 806 716 εἷναι
835 659 1116 733 σαρκικόν.
1145 658 1258 714 Καὶ
1295 657 1403 728 γὰρ
1437 655 1516 727 τῷ
1543 657 1769 726 Βαλαάμ
1807 655 2044 726 ἐνήργη-

459 765 552 802 σεν
577 750 605 800 6
627 747 778 810 Θεὸς,
817 743 1010 813 καὶτῷ
1045 742 1250 813 Φαραὼ
1291 741 1359 794 τά
1399 739 1664 810 μέλλοντα
1701 737 2039 807 άπεκάλυψε,

457 833 556 888 καὶ
585 831 664 900 τῷ
685 827 1176 898 Ναϐουχοδονόσορ,
1220 827 1315 880 καὶ
1355 825 1612 892 Καϊάφας
1644 823 2042 894 προεφήτευσε,

455 919 558 970 οὐκ
589 913 744 977 εἰδὼς
775 913 812 966 ἃ
845 913 1021 980 ἐλεγε-
1057 912 1154 964 καὶ⁸
1187 912 1364 982 ἕτεροι
1399 909 1458 961 δέ
1493 923 1638 970 τινες
1679 907 1931 978 δαιμόνια
1955 905 2045 971 ἐξ·

457 999 649 1054 έὸαλον
709 995 786 1066 τῷ
829 995 994 1048 αὑτοῦ
1047 995 1293 1066 ὀνόματι,
1345 993 1446 1046 οὐκ
1491 992 1645 1056 ὅντες
1699 991 1816 1060 μετ’
1853 989 2042 1056 αὐτοῦ,

453 1082 646 1153 ἐπειδὴ
671 1082 730 1136 οὒ
753 1080 844 1134 διὰ
872 1081 1000 1144 τοὺς
1027 1079 1317 1142 ποιοῦντας
1345 1078 1520 1133 ταῦτα
1555 1077 1784 1146 γίνεται,
1813 1075 1952 1130 ἀλλὰ
1973 1077 2042 1130 δι’

455 1169 696 1240 ἐτέρους.
727 1166 998 1230 Πολλάκις
1027 1165 1084 1218 δέ
1111 1166 1206 1218 καὶ
1245 1164 1311 1217 δι’
1338 1163 1584 1228 ἀναξίων
1610 1162 1781 1215 ταῦτα
1811 1162 2040 1231 ἐγίνετο.

453 1254 566 1308 Καὶ
595 1251 648 1304 τί
675 1251 1000 1321 θαυμάζεις,
1038 1251 1086 1302 εί
1123 1249 1217 1301 ἐπὶ
1239 1247 1451 1318 ἀνδρῶν
1477 1246 1712 1310 ἀναξίων
1733 1245 1798 1298 δι’
1823 1245 2046 1316 ἐτέρους

451 1335 628 1389 ταῦτα
657 1334 888 1410 γίνεται,
925 1334 1058 1386 ὅπου
1089 1349 1152 1401 γε
1183 1331 1276 1385 καὶ
1305 1332 1373 1384 δι’
1407 1330 1614 1399 ἀγίων;
1649 1328 1871 1400 καὶγὰρ
1897 1327 2046 1382 Παῦι

451 1419 545 1482 λός
588 1434 742 1488 φησιο
795 1416 1002 1470 Πάντα
1043 1413 1210 1485 ὑμῶν
1259 1417 1435 1476 εἰσιν,
1481 1413 1604 1466 εἴτε
1640 1410 1883 1478 Παῦλος
1923 1413 2046 1466 εἴτε

466 1499 776 1566 Ἀπολλὼς
805 1501 928 1554 εἴτε
953 1497 1182 1568 Κηφᾶς,
1208 1499 1328 1552 εἴτε
1353 1497 1462 1566 ζωὴ
1488 1499 1610 1552 εἴτε
1640 1498 1918 1564 θάνατος·
1949 1497 2045 1552 καὶ

453 1586 637 1650 πάλιν,
673 1585 756 1638 ὅτι
807 1583 1002 1649 Αὐτὸς
1052 1582 1237 1636 ἔδωκε
1279 1582 1420 1650 τοὺς
1469 1581 1590 1652 μὲν
1633 1583 2041 1650 ἀποστόλους,

451 1668 596 1735 τοὺς
614 1667 683 1722 δὲ
703 1665 1036 1736 προφήτας,
1063 1665 1204 1732 τοὺς
1227 1665 1296 1718 δὲ
1321 1665 1614 1736 ποιμένας
1637 1665 1736 1718 καὶ
1759 1665 2046 1720 διδασκά-

449 1756 602 1817 λους
663 1751 816 1820 πρὸς
862 1750 1272 1820 καταρτισμὸν
1307 1749 1427 1804 τῶν
1471 1750 1676 1819 ἁγίων,
1727 1751 1814 1815 εἰς
1867 1749 2046 1819 ἔργον

445 1835 780 1902 διακονίας.
825 1835 976 1888 Ἐπεὶ
1023 1835 1070 1887 εἰ
1103 1835 1177 1905 μὴ
1209 1833 1366 1888 τοῦτο
1393 1829 1482 1905 ἦν,
1513 1833 1668 1887 οὐδὲν
1707 1832 1774 1886 ἂν
1803 1833 2044 1886 ἐκώλυσε

451 1921 664 1982 πάντας
707 1917 1096 1990 διαφθαρῆναι.
1132 1917 1430 1988 Συμϐαίνει
1471 1917 1580 1986 γάρ
1623 1917 1890 1986 ἄρχοντας
1945 1917 2044 1985 μὲν

451 1999 595 2056 εἶναι
639 2001 880 2071 φαύλους
935 2001 1031 2054 καὶ
1085 2001 1354 2073 μιαροὺς,
1405 2002 1534 2063 τοὺς
1584 2001 1640 2052 δὲ
1701 2000 2043 2070 ἀρχομένους

449 2089 726 2150 ἐπιεικεῖς
750 2085 848 2140 καὶ
881 2085 1157 2156 μετρίους,
1186 2085 1280 2138 καὶ
1314 2084 1536 2148 λαῖκοὺς
1569 2085 1668 2154 μὲν
1703 2086 1760 2138 ἐν
1789 2084 2042 2156 εὐλαϐείᾳ

453 2171 575 2243 ζῇν,
613 2171 794 2243 ίερέας
827 2168 882 2222 δέ
908 2170 966 2221 ἐν
995 2169 1246 2241 πονηρίᾳ·
1277 2170 1370 2222 καὶ
1407 2170 1508 2222 οὐκ
1535 2168 1762 2238 ἔμελλεν
1800 2169 1922 2222 οὐδὲ
1947 2169 2044 2240 βά-

454 2271 667 2324 πτισμα
695 2251 858 2319 εἶναι,
894 2250 1017 2306 οὔτε
1049 2251 1208 2322 σῶμα
1237 2251 1639 2324 Χριστοῦ,οῡτε
1671 2253 1962 2323 προσφορά
1975 2253 2040 2306 δι’

451 2339 700 2402 ἐκείνων,
727 2337 775 2390 εί
807 2335 1085 2407 πανταχοῦ
1117 2337 1214 2407 τὴν
1238 2337 1396 2403 ἀξίαν
1425 2338 1458 2406 ἡ
1489 2336 1651 2408 χάρις
1677 2336 1881 2407 ἐζήτει.
1903 2337 2042 2389 Νυνὶ

447 2421 507 2474 δὲ
541 2421 632 2474 καὶ
663 2419 730 2474 δι’
763 2419 994 2484 ἀναξίων
1025 2419 1214 2474 είωθεν
1247 2421 1490 2490 ἐνεργεῖν
1521 2422 1548 2473 ό
1580 2419 1732 2482 Θεὸς,
1765 2421 1858 2473 καὶ
1889 2419 2041 2472 οὐδὲν

450 2505 548 2560 τοῦ
581 2504 962 2576 βαπτίσματος
985 2506 1018 2575 ὴ
1041 2505 1203 2576 χάρις
1240 2505 1392 2575 παρά
1418 2503 1512 2557 τοῦ
1537 2503 1653 2574 βίου
1682 2516 1706 2545 ι
1735 2502 1828 2557 τοῦ
1854 2503 2042 2574 ἱερέως

451 2589 924 2660 παραδλάπτεται·
969 2591 1094 2644 ἐπεὶ
1135 2588 1360 2660 ἔμελλεν
1393 2591 1422 2642 ὀ
1450 2588 1746 2659 λαμϐάνων
1787 2589 2043 2642 ἐλαττοῦ-

451 2677 600 2730 σθαι.
626 2677 788 2732 ’Ὥστε
827 2680 876 2732 εἰ
907 2678 1000 2730 καὶ
1041 2675 1334 2738 σπανιάκις
1357 2675 1570 2744 γίνεται
1599 2673 1797 2736 ταῦτα,
1830 2673 2042 2742 γίνεται

451 2759 581 2828 γοῦν
604 2762 774 2832 ὅμως.
811 2761 998 2814 Ταῦτα
1017 2759 1074 2813 δέ
1103 2759 1266 2828 λέγω,
1299 2759 1388 2812 ῖνα
1424 2761 1496 2829 μή
1520 2775 1602 2822 τις
1627 2757 1734 2811 τῶν
1765 2757 2042 2828 παρεστώ-

451 2861 560 2898 των
585 2844 678 2898 τὸν
705 2845 820 2916 βίον
851 2845 1350 2918 περιεργαζόμενος
1373 2843 1466 2896 τοῦ
1510 2843 1719 2914 ἱερέως,
1753 2842 2043 2897 σκανδαλί-

452 2926 613 2998 ζηται
649 2929 777 2998 περὶ
810 2928 878 2982 τά
918 2928 1238 2998 τελούμενα.
1281 2927 1447 2980 Οὑδέν
1479 2925 1590 2997 γάρ
1621 2924 1910 2997 ἄνθρωπος
1959 2927 2042 2990 είς

449 3010 520 3064 τά
565 3013 904 3084 προκείμενα
941 3013 1174 3078 εἰσάγει,
1214 3012 1352 3066 ἀλλά
1387 3012 1450 3066 τὸ
1493 3012 1604 3064 πᾶν
1651 3011 1746 3080 τῆς
1782 3009 1878 3064 τοῦ
1903 3009 2040 3064 Θεοῦ

449 3093 737 3165 δυνάμεως
782 3097 942 3167 ἔργον
998 3097 1134 3162 ἐστὶ,
1161 3096 1414 3158 κάκεῖνός
1455 3096 1602 3148 ἐστιν
1638 3095 1784 3164 ὑμᾶς
1811 3096 1840 3147 ὁ
1871 3111 2042 3165 μυστ-

449 3180 706 3248 αγωγῶν.
735 3181 928 3251 Κάγὼ,
965 3181 1240 3250 ἀδελφοὶ,
1269 3183 1380 3235 οὐκ
1410 3179 1726 3247 ἠδυνήθην
1757 3179 1901 3248 ὑμῖν
1935 3183 2044 3234 λα-

449 3260 640 3330 λῆσαι
700 3265 782 3330 ὡς
839 3265 1299 3333 πνευματικοῖς,
1362 3265 1500 3317 ἀλλ’
1559 3264 1640 3328 ὼς
1709 3263 2038 3332 σαρκικοῖς.

451 3345 625 3400 Γάλα
669 3347 826 3416 ὑμᾶς
873 3347 1146 3408 ἐπότισα,
1179 3349 1251 3400 οὐ
1290 3345 1502 3415 ,ϐρῶμα
1526 3347 1723 3400 ὀὔπω
1757 3347 1868 3416 γὰρ
1904 3347 2039 3401 ἐδύ-

447 3433 660 3484 νασθε.
687 3430 806 3483 Ἵνα
847 3429 956 3500 γάρ
1001 3429 1074 3501 μὴ
1111 3428 1238 3502 δόξῃ
1269 3430 1574 3500 φιλοτιμίας
1603 3428 1787 3483 ἕνεκεν
1824 3429 2040 3500 εἰρηκέ-

452 3532 538 3568 ναι
567 3513 738 3567 ταῦτα
779 3514 921 3586 άπερ
951 3516 1193 3586 εἴρηκεν,
1221 3515 1302 3567 ὅτι
1362 3514 1422 3566 '0
1447 3513 1850 3582 πνευματικὸς
1891 3515 2039 3568 ἀνα-

451 3601 642 3667 κρίνει
698 3599 770 3652 τὰ
825 3598 1042 3661 πάντα,
1087 3599 1180 3652 καὶ
1231 3599 1313 3651 ὅτι
1355 3599 1483 3650 Ὑπ*
1512 3597 1758 3665 οὐδενὸς
1795 3599 2036 3668 ἀνακρί-

449 3698 639 3745 νεται,
671 3681 764 3734 καὶ
793 3683 874 3735 ὅτι
917 3681 1082 3736 Νοῦν
1107 3681 1368 3751 Χριστοῦ
1400 3681 1640 3752 ἔχομεν,
1699 3681 1793 3734 καὶ
1823 3682 1912 3736 τὸν
1945 3681 2039 3736 τῦ-

451 3783 553 3834 φον
585 3767 766 3820 αὐτῶν
791 3767 1188 3830 καταστέλλων,
1217 3767 1318 3838 ὅρα
1347 3766 1398 3819 τί
1421 3783 1603 3836 φησιν’
1633 3765 1706 3819 Οὐ
1741 3766 1829 3818 διὰ
1857 3765 2036 3834 τοῦτο,

451 3851 642 3919 φησιν,
691 3851 942 3919 ἐσίγησα,
1005 3851 1079 3914 ὡς
1128 3850 1279 3903 οὐδὲν
1328 3849 1488 3902 πλέον
1545 3848 1844 3918 δυνάμενος
1909 3851 2038 3921 ύμῖν

451 3935 648 3998 εἰπεῖν,
678 3934 792 3986 ἀλλ’
833 3935 914 3986 ὃτι
953 3933 1204 4004 σαρκικοί
1238 3935 1381 3988 ἐστε,
1425 3932 1588 3986 Ἀλλ’
1611 3932 1758 3986 οὐδὲ
1799 3933 1888 3987 ἐτι
1920 3933 2038 3988 νῦν

443 4015 738 4070 δύνασθε.

525 4166 590 4235 β’.
621 4166 720 4220 Διά
747 4167 802 4220 τί
829 4166 906 4238 μὴ
933 4163 1108 4232 εἶπεν,
1135 4168 1208 4220 Οὐ
1233 4166 1436 4227 θέλετε,
1471 4167 1605 4230 ἀλλ’,
1629 4170 1712 4220 Οὐ
1732 4167 2032 4234 δύνασθε;

452 4251 577 4304 Ὅτι
609 4250 750 4324 [καὶ]
778 4252 935 4305 τοῦτο
961 4253 1076 4305 ἀντ’
1109 4251 1320 4305 ἐκείνου
1355 4253 1584 4305 τέθεικε.
1615 4251 1688 4305 Τὸ
1714 4252 1820 4322 γὰρ
1851 4251 1924 4322 μὴ
1947 4251 2036 4306 δύ-

446 4334 668 4398 νασθαι,
703 4335 862 4389 τοῦτο
897 4335 1005 4388 ἀπὸ
1041 4334 1132 4389 τοῦ
1174 4335 1247 4406 μὴ
1288 4335 1463 4388 θέλειν
1489 4335 1656 4388 ἐστίν·
1679 4337 1816 4406 ὅπερ
1853 4337 2036 4400 αὐτοῖς

451 4421 552 4492 μὲν
587 4420 742 4489 φέρει
769 4421 1130 4492 κατηγορίαν,
1151 4419 1228 4492 τῷ
1258 4419 1314 4473 δὲ
1338 4419 1644 4491 διδασκάλῳ
1679 4418 2031 4488 συγγνώμην.

447 4503 514 4558 Et
545 4505 644 4573 μὲν
679 4505 788 4576 γάρ
831 4505 940 4558 ἀπὸ
979 4503 1196 4574 φύσεως
1233 4504 1334 4558 οὒκ
1373 4503 1654 4574 ἠδύναντο,
1684 4503 1812 4566 ἴσως
1841 4503 1906 4558 άν
1949 4521 2034 4567 τις

451 4589 715 4656 συνέγνω·
747 4589 940 4660 ἐπειδὴ
973 4589 1029 4642 δέ
1065 4589 1174 4642 ἀπὸ
1207 4588 1602 4660 προαιρέσεως,
1633 4587 2033 4658 ἀπεστέρηνται

450 4671 549 4741 τῆς
575 4672 886 4741 ἀπολογίας.
928 4668 1062 4726 Εἶτα
1091 4673 1237 4741 λέγει
1263 4673 1358 4725 καὶ
1383 4673 1443 4724 τὸ
1467 4669 1606 4734 εἶδος
1633 4672 1694 4726 τὸ
1727 4672 1915 4724 ποιοῦν
1945 4673 2035 4725 αὒ-

449 4757 578 4814 τοὺς
609 4756 922 4826 σαρκικούς·
967 4757 1162 4809 ’Ὅπου
1183 4758 1296 4826 γὰρ
1322 4755 1392 4807 ἐν
1416 4755 1558 4823 ὑμῖν
1595 4755 1720 4822 ἔρις
1741 4756 1840 4808 καὶ
1859 4753 2036 4824 ζῆλος

447 4839 549 4890 καὶ
573 4839 628 4890 δι
635 4839 956 4905 χοστασία,
979 4839 1116 4909 οὐχὶ
1137 4843 1418 4906 σαρκικοί
1439 4839 1601 4900 ἐστε,
1643 4839 1740 4891 καὶ
1763 4839 1910 4894 κατὰ
1931 4839 2034 4893 ἄν-

445 4923 688 4987 θρωπον
725 4921 1098 4989 περιπατεῖτε
1109 4939 1128 4988 ;
1155 4921 1268 4995 [67]
1303 4922 1497 4978 Καίτοι
1529 4924 1626 4976 καὶ
1659 4925 1915 4990 πορνείας
1940 4923 2035 4976 καὶ

447 5003 742 5070 ἀσελγείας
773 5002 912 5074 ἔχων
937 5005 1120 5058 αὐτῶν
1157 5007 1354 5069 εἰπεῖν,
1399 5007 1576 5059 ἐκεῖνο
1613 5005 1810 5076 μᾶλλον
1857 5007 2034 5076 τίθησι

450 5085 514 5138 τὸ
551 5087 877 5156 ἁμάρτημα,
915 5087 1054 5158 ὅπερ
1089 5087 1392 5142 ἐσπούδασε
1431 5089 1830 5161 διορθώσασθαι
1873 5091 2032 5155 τέως.

451 5169 516 5224 El
549 5169 603 5222 δὲ
659 5171 818 5241 ζῆλος
861 5171 1158 5243 σαρκικοὺς
1192 5176 1355 5240 ποιεῖ,
1397 5175 1516 5244 ὥρα
1564 5175 1748 5228 λοιπὸν
1789 5175 2038 5241 ἅπαντας

451 5252 697 5319 ὀλολῦξοι
730 5255 874 5324 μέγα
903 5256 997 5308 καὶ
1045 5257 1248 5308 σάκκον
1282 5257 1668 5328 περιϐαλέσθαι
1711 5259 1806 5312 καὶ
1839 5259 2034 5322 σποδὸν

452 5337 928 5407 ὑποστρώσασθαι.
957 5339 998 5390 Τ
1005 5337 1052 5401 ίς
1093 5339 1202 5409 γάρ
1243 5339 1336 5392 τοῦ
1396 5341 1600 5404 πάθους
1639 5343 1828 5396 τούτου
1867 5343 2037 5396 καθα-

449 5421 577 5491 ρόςς
607 5421 748 5491 πλὴν
782 5425 828 5474 εί
865 5423 941 5493 μὴ
967 5423 1060 5476 ἀπ’
1087 5421 1324 5492 ἐμαυτοῦ
1357 5425 1452 5478 καὶ
1483 5425 1550 5478 τὰ
1576 5425 1682 5480 τῶν
1710 5427 1884 5481 ἄλλων
1915 5443 2035 5480 στο-

451 5506 707 5577 χάζομαι.
741 5507 804 5560 Εί
833 5508 992 5577 ζῆλος
1038 5510 1334 5580 σαρκικοὺς
1367 5514 1630 5566 ποιείκαὶ
1661 5513 1760 5566 οὐκ
1810 5515 2034 5584 ἀφίησιν

449 5586 590 5642 εἶναι
633 5595 1060 5662 πνευματικοὺς,
1115 5593 1292 5646 καίτοι
1343 5611 1408 5662 γε
1445 5597 1886 5668 προφητεύοντας
1941 5601 2036 5652 καὶ

447 5673 614 5747 ἓτερα
657 5675 945 5747 θαυμαστά
987 5679 1480 5751 ἐπιδεικνυμένους
1529 5684 1658 5741 ὅταν
1705 5683 1838 5762 μηδέ
1873 5685 2035 5755 χάρις

511 5830 531 5858 ⁵
555 5834 624 5886 lla
647 5835 794 5901 Reg;
817 5839 938 5890 editi
971 5851 1108 5904 vero,
1132 5843 1162 5898 ἡ
1189 5839 1322 5905 χάρις
1343 5840 1426 5890 τοῦ
1464 5843 1588 5906 βίον.

2148 314 2384 385 τοσαύτη
2433 319 2604 387 παρῇ,
2648 318 2752 372 ποῦ
2804 293 3043 390 θήσομεν
3094 319 3161 374 τά
3187 319 3458 392 ἡμέτερα,
3489 321 3624 374 ὅταν
3665 323 3734 390 μὴ

2148 400 2242 452 ἐπὶ
2269 399 2446 470 τούτῳ
2473 403 2638 472 μόνῳ,
2669 403 2806 456 ἀλλὰ
2835 405 2929 458 καὶ
2957 404 3042 474 ἐφ’
3079 405 3286 475 ἑτέροις
3313 405 3566 476 μείζοσιν
3591 399 3736 476 ὦμεν

2149 483 2528 553 ἁλισκόμενοι;
2591 485 2872 540 Ἐντεῦθεν
2931 485 3300 558 μανθάνομεν,
3363 489 3446 542 ὅτι
3507 489 3736 554 εἰκότως

2121 626 2124 630 ,
2147 566 2334 634 ἔλεγεν
2365 568 2393 620 ὁ
2419 569 2672 638 Χριστὸς,
2697 571 2780 623 ὅτι
2815 571 2846 623 ὀ
2872 571 3040 624 ποιῶν
3071 569 3142 624 τά
3169 569 3350 640 φαῦλα
3377 572 3482 626 οὐκ
3517 572 3736 643 ἔρχεται

2147 651 2282 720 πρὸς
2323 651 2384 704 τὸ
2432 651 2568 720 φῶς,
2605 654 2698 708 καὶ
2723 654 2806 708 ὅτι
2843 653 2954 722 βίος
2981 653 3292 724 ἀκάθαρτος
3329 655 3620 726 ἐμποδίζει
3653 657 3740 710 δό-

2146 751 2354 804 γμασιν
2403 735 2652 807 ὑψηλοῖς,
2699 739 2800 792 οὐκ
2835 739 2996 806 ἀφεὶς
3043 738 3108 792 τὸ
3145 739 3454 810 διορατικὸν
3500 741 3738 810 φανῆναι

2145 818 2244 887 τῆς
2275 820 2534 884 διανοίας.
2579 823 2790 893 ’Ὠσπερ
2833 821 2928 878 οὖν
2970 824 3070 876 οὐκ
3113 823 3260 878 ἐστιν
3292 825 3352 877 ἐν
3381 825 3560 896 πλάνῃ
3609 825 3738 878 ὂντα

2145 903 2240 956 καὶ
2263 901 2440 974 ὀρθῶς
2472 903 2690 973 βιοῦντα
2745 909 2924 975 μεῖναι
2967 907 3024 959 ἐν
3073 905 3250 978 πλάνῃ
3287 909 3442 974 ποτὲ,
3467 908 3648 970 οὕτως
3679 911 3736 962 οὐ

2149 985 2330 1057 ῥᾴδιον
2391 990 2630 1062 πονηρίᾳ
2685 991 3120 1062 συντρεφόμενον
3173 992 3476 1062 ἀναϐλέψαι
3527 994 3740 1063 ταχέως

2115 1068 2288 1139 ,πρὸς
2333 1070 2393 1125 τὸ
2437 1071 2546 1126 τῶν
2575 1073 2864 1144 παρ’ήμῖν
2893 1073 3182 1144 δογμάτων
3240 1075 3394 1144 ὕψος.
3449 1077 3594 1130 ἀλλά
3637 1077 3738 1148 χρὴ

2147 1151 2366 1206 πάντων
2399 1154 2728 1227 καθαρεύειν
2765 1156 2876 1212 τῶν
2901 1157 3091 1212 παθῶν
3118 1159 3212 1212 τὸν
3255 1159 3522 1230 μέλλοντα
3567 1160 3738 1232 θηρᾷ-δ

2144 1237 2244 1308 τὴν
2267 1238 2547 1308 ἀλήθειαν.
2581 1240 2640 1294 '0
2671 1234 2784 1312 γάῥ
2811 1240 3016 1296 τούτων
3051 1242 3488 1313 ἀπηλλαγμένος,
3515 1244 3622 1298 καὶ
3647 1243 3738 1314 τῆς

2147 1320 2359 1394 πλάνης
2407 1323 2880 1396 ἀπαλλαγήσεται,
2929 1325 3027 1380 καὶ
3065 1325 3406 1392 ἐπιτεύξεται
3461 1327 3568 1398 τῆς
3605 1328 3738 1398 ἀλη-

2147 1404 2317 1468 θείας.
2345 1403 2438 1476 Μὴ
2467 1406 2576 1478 γάρ
2615 1423 2706 1477 μοι
2729 1408 2791 1462 τὸ
2818 1407 2893 1480 μὴ
2921 1408 3266 1466 πλεονεκτεῖν
3293 1411 3474 1480 μόνον,
3511 1410 3660 1481 μηδὲ
3687 1412 3740 1464 τι

2147 1489 2225 1561 μὴ
2251 1490 2534 1562 πορνεύειν
2559 1493 2748 1562 ἀρκεῖν
2770 1494 2850 1556 εἰς
2872 1491 3034 1548 τοῦτό
3055 1511 3138 1548 σοι
3165 1494 3352 1564 νόμιζε
3377 1505 3418 1560 ⁸,
3449 1495 3596 1550 ἀλλὰ
3637 1497 3740 1566 χρὴ

2147 1573 2324 1632 πάντα
2369 1575 2696 1646 συνδραμεῖν
2739 1576 2818 1647 τῷ
2869 1575 3124 1647 ζητοῦντι
3167 1579 3421 1648 τάληθές.
3473 1579 3572 1632 Διό
3609 1597 3740 1650 φησι

2147 1657 2354 1727 Πέτρος
2379 1672 2392 1686 ·
2443 1658 2564 1711 Ἐπ’
2589 1659 2878 1726 ἀληθείας
2907 1661 3456 1731 καταλαμϐάνομαι,
3491 1663 3592 1716 ὅτι
3631 1665 3742 1717 οὐκ

2145 1740 2278 1796 ἐστι
2305 1743 2834 1812 προσωπολήπτης
2862 1748 2896 1799 d
2925 1746 3091 1812 Θεὸς,
3119 1746 3257 1801 ἀλλ’
3281 1747 3351 1800 ἐν
3371 1745 3554 1800 παντὶ
3583 1748 3742 1802 ἔθνει

2145 1827 2180 1878 ὁ
2227 1827 2600 1895 φοϐούμενος
2639 1829 2848 1892 αὐτὸν,
2889 1829 2988 1884 καὶ
3015 1828 3399 1900 ἐργαζόμενος
3427 1830 3742 1884 amatam}-

2145 1925 2282 1976 νην,
2305 1909 2516 1976 δεκτὸς
2549 1910 2710 1977 αὐτῷ
2729 1913 2880 1966 ἐστι·
2911 1915 3178 1976 τουτέστι,
3203 1913 3358 1968 καλεῖ
3379 1915 3472 1967 καὶ
3499 1917 3744 1968 ἐπισπά-

2145 2011 2236 2046 ται
2271 1995 2434 2048 αὑτὸν
2467 1995 2601 2064 πρὸς
2631 1999 2729 2066 τὴν
2755 1997 3032 2068 ἀλήθειαν.
3081 2001 3194 2069 Οὐχ
3224 2002 3356 2071 ὁρᾷς
3385 2001 3632 2060 Παῦλον.
3663 2003 3740 2054 δτι

2147 2079 2367 2132 πάντων
2399 2080 2751 2152 σφοδρότερος
2783 2077 2850 2152 ἦν
2875 2084 2934 2134 ἐν
2969 2082 3048 2152 τῷ
3077 2083 3334 2152 πολεμεῖν
3363 2086 3454 2138 καὶ
3474 2083 3738 2154 διώκεινς

2146 2161 2264 2214 ἀλλ’
2308 2162 2459 2232 ὅμως
2508 2163 2694 2234 ἐπειδὴ
2733 2164 2846 2234 βίον
2891 2165 3132 2236 ἄληπτον
3169 2163 3304 2237 εἶχε,
3335 2168 3426 2222 καὶ
3462 2170 3520 2222 οὐ
3573 2169 3740 2224 πάθει

2143 2246 2318 2300 ταῦτα
2357 2248 2626 2320 ἔπραττεν
2669 2251 3013 2322 ἀνθρωπίνῳ,
3049 2254 3142 2306 καὶ
3173 2253 3361 2326 ἐδέχθη
3405 2255 3496 2308 καὶ
3519 2257 3742 2321 πάντας

2146 2331 2599 2404 ὑπερηκόντισεν.
2627 2335 2690 2388 El
2712 2333 2767 2388 δὲ
2786 2335 2935 2404 λέγοι
2959 2353 3062 2400 τις,
3089 2337 3213 2401 Πῶς
3235 2340 3264 2392 ό
3289 2333 3478 2394 δεῖνατ
3505 2340 3738 2412 Ἕλλην,

2145 2417 2382 2487 χρηστὸς
2409 2416 2484 2470 ὢν
2507 2417 2602 2470 καὶ
2633 2417 2836 2486 ἀγαθὸς
2864 2419 2959 2472 καὶ
2981 2419 3382 2492 φιλάνθρωπος,
3411 2423 3570 2494 μένει
3599 2423 3742 2479 πλα-

2144 2500 2412 2570 νώμενοςς
2445 2502 2625 2554 ἐκεῖνο
2659 2500 2724 2555 ἂν
2763 2503 2996 2573 εἴποιμι·
3036 2504 3118 2558 ὃτι
3163 2505 3350 2578 ἕτερον
3387 2507 3498 2578 ἔχει
3531 2509 3738 2573 πάθκ,

2145 2585 2452 2653 κενοδοξίαν
2472 2587 2505 2658 ἢ
2529 2585 2758 2641 νωθείαν
2785 2587 2984 2658 ψυχῆς,
3025 2589 3058 2660 ἢ
3089 2589 3148 2644 τὺ
3179 2590 3254 2662 μὴ
3291 2594 3564 2665 μεριμνᾷ-δ
3609 2596 3742 2666 περὶ

2141 2672 2243 2742 τῆς
2267 2673 2476 2736 οἰκείας
2509 2674 2806 2744 σωτηρίας,
2835 2674 2950 2728 ἀλλ’
2979 2675 3168 2739 ἅπλῶς
3213 2679 3308 2730 καὶ
3346 2679 3468 2749 είκῆ
3503 2679 3582 2732 τὰ
3617 2681 3738 2734 κατ’

2143 2755 2307 2812 αὐτὸν
2331 2757 2594 2828 φέρεσθαι
2635 2759 2898 2829 νομίζειν.
2949 2761 3008 2816 ’0
3034 2761 3090 2818 δὲ
3121 2761 3334 2826 Παῦλος
3369 2763 3458 2816 τὸν
3498 2765 3740 2835 ἐργαζό-

2146 2857 2308 2912 μενον
2337 2842 2706 2914 δικαιοσύνην,
2733 2844 2824 2897 τὸν
2847 2847 2906 2898 ἐν
2928 2848 3094 2900 πᾶσιν
3115 2847 3356 2918 ἄληπτόν
3383 2865 3542 2918 φησι,
3585 2853 3740 2904 κατὰ

2143 2925 2545 2994 δικαιοσύνην
2563 2927 2692 2995 ,τὴν
2721 2928 2978 2998 ἐννόμῳ
3025 2931 3338 3002 γενόμενον·
3382 2933 3495 2998 καὶ,
3543 2933 3740 3001 Χάριν

2143 3009 2262 3080 ἔχω
2290 3009 2372 3076 τῷ
2409 3009 2530 3076 Θεῷ
2557 3005 2606 3078 ᾧ
2632 3015 2900 3080 λατρεύω
2926 3015 3042 3069 ἀπὸ
3065 3017 3379 3086 προγόνοηο
3405 3018 3476 3071 ἐν
3501 3017 3738 3086 καθαρᾷ

2141 3094 2514 3161 συνειδήσει.
2545 3095 2670 3159 Πῶς
2692 3093 2806 3162 οὖν,
2841 3101 3026 3166 φησὶν,
3057 3099 3358 3172 ἀκάθαρτοι
3395 3099 3738 3170 κατηξιώθη·

2143 3195 2244 3232 σαν
2263 3178 2362 3232 τοῦ
2391 3179 2780 3251 κηρύγματοςς
2821 3182 3038 3254 Ἐπειδὴ
3073 3183 3346 3255 ἠθέλησαν
3389 3186 3486 3238 καὶ
3525 3185 3734 3238 ἐπεθύ-

2145 3279 2346 3332 μησαν.
2418 3264 2556 3326 Τοὺς
2599 3265 2698 3335 μὲν
2747 3265 2856 3336 γάρ
2908 3267 3002 3319 καὶ
3055 3266 3502 3338 πεπλανημένους
3557 3269 3732 3334 ἕλκει,

2141 3345 2360 3398 ἐπειδὰν
2425 3347 2612 3400 παθῶν
2666 3347 3034 3419 καθαρεύωσι·
3093 3353 3220 3413 τοὺς
3275 3351 3332 3404 δέ
3381 3352 3478 3420 ἀφ’
3519 3353 3736 3406 ἑαυτῶν

2142 3429 2469 3500 προσιόντας
2489 3432 2550 3484 ού
2581 3432 2873 3485 διωθεῖται·
2903 3433 3090 3487 πολλοὶ
3111 3433 3168 3487 δὲ
3197 3435 3292 3487 καὶ
3317 3435 3427 3488 ἀπὸ
3448 3437 3738 3504 προγόνων

2141 3513 2388 3579 ἐδέξαντο
2421 3515 2520 3586 τὴν
2549 3516 2853 3571 εὐσέϐειαν.
2891 3517 3082 3572 Ὅπου
3115 3518 3224 3588 γὰρ
3273 3519 3344 3572 ἐν
3373 3519 3514 3588 ὑμῖν
3549 3519 3736 3588 ζῆλος

2140 3597 2238 3651 καὶ
2267 3601 2410 3666 ἔρις.
2463 3600 2664 3654 Λοιπὸν
2699 3603 2835 3672 πρὸς
2878 3601 3004 3665 τοὺς
3036 3602 3372 3672 ἀρχομένους
3407 3605 3732 3660 ἀποδύεται.

2153 3681 2242 3735 Ἐν
2276 3681 2373 3752 μὲν
2403 3681 2510 3754 γάρ
2539 3685 2652 3747 τοῖς
2690 3683 3000 3753 ἔμπροσθεν
3036 3685 3165 3748 τοὺς
3195 3685 3462 3756 ἄρχοντας
3487 3691 3734 3742 κατέϐα-

2137 3764 2252 3828 λεν,
2277 3766 2468 3830 εἰπὼν,
2499 3769 2578 3822 ὅτι
2612 3767 2823 3831 οὐδενὸς
2853 3768 2979 3834 ἀξία
3025 3770 3057 3840 ἡ
3095 3769 3254 3838 σοφία
3281 3769 3376 3822 τοῦ
3399 3767 3608 3840 ’λόγουο
3653 3777 3736 3825 ἐν-

2138 3849 2316 3904 ταῦθα
2347 3851 2404 3904 δὲ
2445 3853 2574 3916 τοὺς
2618 3853 2950 3922 ἀρχομένους
3007 3854 3252 3924 πλήττει,
3298 3854 3498 3922 λέγων’
3543 3857 3736 3911 Ὀτρη-

2139 3936 2248 4007 γὰρ
2303 3937 2451 4006 λέγῃ
2505 3954 2616 4002 τις,
2663 3937 2804 4006 Ἐγὼ
2844 3937 2961 4007 μὲν
3020 3939 3136 4006 εἰμὶ
3183 3939 3450 4002 Παύλου,
3501 3941 3626 4010 ἐγὼ
3667 3941 3738 3995 δὲ

2151 4020 2432 4082 Ἀπολλὼ,
2478 4021 2612 4088 οὐχὶ
2657 4021 2935 4091 σαρκικοί
2972 4021 3151 4086 ἐστε’;
3193 4023 3285 4076 καὶ
3319 4023 3596 4078 δείκνυσιν
3651 4027 3736 4079 δτι

2137 4103 2296 4157 τοῦτο
2319 4103 2379 4156 ού
2415 4103 2572 4173 μόνον
2594 4105 2792 4168 αὐτοὺς
2816 4105 2968 4158 οὐδὲν
2997 4105 3227 4178 ὤνησεν,
3250 4107 3369 4160 οὐδὲ
3395 4109 3736 4178 προσλαϐεῖν

2135 4205 2193 4240 τι
2251 4187 2572 4258 πεποίηκεν,
2623 4187 2760 4240 ἀλλά
2825 4188 2918 4240 καὶ
2974 4189 3110 4260 πρὸς
3162 4191 3260 4260 τὴν
3305 4191 3414 4244 τῶν
3463 4193 3738 4262 μειζόνων

2136 4269 2406 4340 ὠφέλειαν
2461 4271 2760 4325 ἐνεπόδισε.
2815 4271 2987 4326 Τοῦτο
3033 4273 3141 4344 γὰρ
3173 4273 3336 4346 ζῆλον
3362 4275 3570 4328 ἔτεκεν-
3615 4281 3645 4330 ὁ
3675 4279 3736 4330 δὲ

2139 4353 2298 4424 ζῆλος
2331 4355 2628 4426 σαρκικοὺς
2653 4355 2900 4422 ἐποίησε³
2927 4353 3042 4428 [6ὃῖ
3077 4355 3136 4409 τὸ
3162 4357 3220 4410 δὲ
3245 4358 3502 4426 γενέσθαι
3531 4377 3734 4430 σαρκι-

2137 4437 2288 4504 κοὺς,
2320 4439 2419 4492 οὑκ
2447 4439 2657 4510 ἀφῆκεν
2687 4439 2918 4493 ἀκοῦσαι
2947 4441 3054 4493 τῶν
3083 4441 3452 4512 ὑψηλοτέρων.
3497 4445 3594 4510 Τίς
3615 4442 3738 4499 οὖν

2136 4520 2270 4574 ἐστι
2298 4521 2559 4588 Παῦλος,
2581 4523 2675 4590 τίς
2709 4522 2776 4576 δὲ
2809 4523 3150 4592 Ἀπολλώς;
3171 4525 3328 4579 Μετά
3353 4527 3468 4598 γάρ
3489 4527 3590 4598 τὴν
3619 4529 3736 4582 τῶν

2137 4605 2480 4676 πραγμάτων
2517 4607 2863 4678 κατασκευὴν
2907 4608 3002 4662 καὶ
3049 4607 3346 4676 ἀπόδειξιν,
3388 4611 3734 4682 γυμνότερον

2137 4688 2322 4744 λοιπὸν
2359 4689 2626 4761 κέχρηται
2670 4693 2737 4762 τῇ
2780 4693 3105 4763 κατηγορίᾳ·
3140 4693 3234 4746 καὶ
3267 4693 3326 4746 τὺ
3359 4695 3528 4748 αὑτοῦ
3555 4695 3736 4766 ὄνομα

2137 4773 2341 4845 τίθησι,
2375 4776 2556 4827 πᾶσαν
2595 4775 2894 4846 περιαιρῶν
2917 4776 3254 4848 τραχύτητα,
3297 4779 3392 4832 καὶ
3421 4779 3524 4832 οὐκ
3565 4783 3734 4850 ἀφεὶς

2136 4858 2456 4930 ὀργισθῆναι
2498 4859 2634 4930 πρὸς
2659 4859 2728 4911 τά
2755 4859 3044 4930 λεγόμενα.
3091 4861 3152 4914 Εἰ
3181 4863 3290 4934 γάρ
3333 4863 3546 4926 Παῦλος
3573 4865 3734 4918 οὐδέν

2137 4943 2252 4994 ἐστι
2289 4941 2380 4995 καὶ
2408 4941 2509 4995 οὐκ
2539 4943 2856 5011 ἀγανακτεῖ,
2896 4943 3074 5014 πολλῷ
3106 4945 3302 5016 μᾶλλον
3331 4949 3574 5010 ἐκείνους
3597 4949 3730 5002 δυσ-

2138 5023 2411 5097 χεραίνειν
2454 5025 2554 5078 οὐκ
2594 5026 2783 5099 ἐχρῆν.
2813 5027 2984 5100 Διπλῇ
3011 5029 3190 5082 τοίνυν
3229 5029 3429 5096 αὐτοὺς
3465 5050 3734 5104 παραμυ-

2137 5109 2332 5172 θεῖται,
2361 5107 2437 5180 τῷ
2465 5127 2522 5162 τε
2548 5110 2740 5164 ἑαυτὸν
2765 5111 3061 5178 ὑποθεῖναι,
3093 5113 3280 5186 καὶτῷ
3308 5115 3382 5188 μὴ
3409 5117 3612 5180 παντδς
3637 5119 3736 5170 αὖ·

2137 5193 2263 5256 τοὺς
2286 5193 2661 5266 ἀποστερῆσαι
2683 5194 2758 5255 ὡς
2781 5195 2931 5248 οὐδὲν
2955 5197 3358 5261 συντελοῦντας
3379 5199 3520 5252 ἀλλά
3542 5199 3734 5253 δίδωσι

2140 5277 2240 5347 μὲν
2293 5277 2479 5341 αὐτοῖς
2524 5295 2577 5331 τι
2615 5279 2831 5350 μικρὸν,
2863 5279 3046 5334 δίδωσι
3075 5280 3132 5333 δέ
3169 5283 3337 5351 ὅμως.
3369 5281 3558 5335 Εἰπὼν
3591 5283 3732 5353 γάρ,

2143 5363 2237 5426 Τίς
2259 5357 2372 5416 οὖν
2396 5361 2527 5414 ἐστι
2557 5363 2816 5430 Παῦλος,
2840 5363 2930 5432 τίς
2955 5364 3023 5417 δὲ
3059 5365 3356 5433 Ἀπολλώς
3379 5370 3732 5438 ;ἐπήγαγενο

2137 5446 2276 5498 ἀλλ’
2323 5446 2362 5513 ’ἢ
2411 5445 2680 5500 διάκονοι
2721 5449 2796 5501 δι’
2835 5443 2920 5502 ὧν
2961 5451 3404 5517 ἐπιστεύσατε;
3459 5454 3636 5508 Τοῦτο
3671 5457 3734 5510 δὲ

2139 5529 2269 5581 αὐτὸ
2306 5530 2404 5597 μὲν
2445 5529 2566 5582 καθ’
2587 5532 2744 5584 ἑαυτὸ
2773 5533 2916 5602 μέγα
2946 5535 3040 5587 καὶ
3070 5533 3279 5588 πολλῶν
3309 5537 3457 5600 ἄξιον
3493 5537 3734 5608 μισθῶν,

2139 5613 2274 5684 πρὸς
2303 5611 2358 5664 δέ
2384 5613 2443 5664 τὸ
2477 5615 2784 5684 ἀρχέτυπον
2819 5617 2912 5669 καὶ
2939 5616 3037 5688 τὴν
3067 5617 3222 5690 ῥίζαν
3251 5619 3356 5672 τῶν
3387 5621 3612 5690 ἀγαθῶν
3637 5625 3740 5676 σύ-

2209 5783 2232 5810 “
2257 5780 2310 5829 In
2339 5795 2448 5856 [moi
2477 5784 2583 5856 ccd_.
2621 5785 2724 5856 hajc
2765 5787 3167 5856 iplerpoyyumur,
3210 5791 3264 5841 οὗ
3305 5793 3394 5856 γὰρ
3443 5795 3472 5852 ἡ
3541 5795 3734 5848 τούτων

2143 5845 2363 5906 ἀποφυγὴ
2389 5847 2532 5908 μόνον
2555 5848 2689 5908 ἀρκεῖ
2712 5850 2828 5910 πρὸς
2851 5845 3136 5912 κατάληψιν.
