3864 6216
158 302 221 360 69
1197 286 1262 342 ΙΝ
1302 284 1512 341 EPIST.
1546 283 1563 337 l
1630 281 1719 337 AI)

1843 278 1912 336 ‘R.
1954 280 2183 337 IIOMIL.
2228 280 2359 338 VIII.
3354 290 3427 349 70

159 416 354 471 ceditea
385 428 494 478 me,
533 423 635 465 non
663 407 780 462 novi
807 421 894 460 vos
914 445 929 471 ,
959 403 1046 474 qui
1088 401 1371 472 aperantini
1413 396 1727 468 iniquitatem

161 506 381 579 (Matth.
415 506 470 558 7.
492 501 604 571 25)
633 518 646 552 :
680 510 1002 568 quamquam
1033 493 1307 549 dicmonas
1340 491 1649 559 ejecerunt,
1680 494 1735 538 ct

158 613 391 653 mortuos
426 595 771 657 suscitarunt,
808 602 967 658 atque
994 584 1305 656 prophetias
1330 582 1654 636 extulerunt.

225 690 325 757 Qui
350 689 498 757 signa
525 685 679 756 facit,
725 690 885 751 potest
926 695 1031 732 esse
1057 675 1297 730 carnalis.
1321 703 1393 714 -—-
1416 672 1603 740 Itaque
1632 682 1731 740 po-

159 792 255 837 test
286 781 447 833 etiam
474 778 517 831 is
565 774 654 844 qui
702 775 851 842 signa
884 770 1009 824 facit
1033 810 1047 833 ,
1077 781 1200 822 esse
1231 763 1486 821 carnalis.
1518 760 1650 815 Nam
1678 766 1733 813 et

160 874 210 927 in
238 870 453 925 Balaam
503 867 644 921 Deus
689 872 771 919 est
815 868 1103 931 cperatns,
1148 866 1202 911 et
1248 854 1511 910 Pharaoni
1558 852 1731 907 futura

157 963 424 1026 revelavit,
457 975 662 1015 necnon
694 952 1240 1015 Nabuchodonosori;
1272 959 1325 1004 et
1352 947 1581 1018 Caiphas
1606 962 1732 1016 pro-

160 1056 391 1127 phetavit
412 1096 427 1120 ,
472 1052 718 1106 nesciens
747 1048 870 1118 quid
900 1046 1103 1100 diceret
1129 1062 1141 1096 :
1181 1041 1396 1112 quidam
1425 1042 1586 1094 etiam
1617 1040 1731 1093 dee-

158 1148 333 1203 monia
375 1145 651 1214 cjecerunt
695 1142 810 1210 ejus
857 1138 1105 1201 nomine,
1156 1134 1258 1189 etsi
1303 1148 1423 1186 cum
1471 1132 1588 1201 ipso
1626 1147 1730 1184 non

158 1248 341 1296 erant:
388 1252 509 1292 nam
556 1250 660 1289 non
708 1241 926 1303 propter
954 1237 1240 1300 operantes
1274 1227 1389 1281 haec
1418 1225 1584 1288 Iiunt,
1631 1223 1726 1278 sed

157 1340 371 1399 propter
425 1327 579 1381 alios.
627 1323 783 1392 Saepe
829 1321 990 1376 etiam
1035 1334 1131 1389 per
1179 1317 1447 1387 indignos.
1497 1316 1564 1369 Et
1606 1313 1732 1383 quid

157 1424 384 1488 miraris,
417 1421 461 1475 si
509 1420 561 1473 in
597 1419 726 1472 viris
757 1415 986 1485 indignis
1028 1420 1245 1483 propter
1274 1411 1407 1464 alios
1437 1408 1555 1462 hanc
1583 1409 1728 1470 liant,

157 1533 269 1571 cum
313 1515 472 1569 etiam
519 1528 615 1582 per
651 1508 902 1565 sanctos?
942 1507 1137 1561 Paulus
1184 1505 1325 1560 enim
1372 1501 1519 1565 dicit,
1548 1500 1735 1554 Omnia

156 1618 315 1662 vestra
369 1615 522 1664 sunt.
573 1606 676 1657 sive
719 1600 1068 1661 Paulus,sive
1110 1594 1317 1667 Apollo,
1346 1596 1449 1648 sive
1493 1593 1729 1663 Cephas,

156 1702 251 1752 sive
289 1699 410 1764 vita,
455 1697 554 1750 sive
598 1710 732 1769 mors
757 1693 833 1763 (1.
860 1690 977 1745 Cor.
1007 1689 1060 1741 '5.
1089 1688 1213 1757 22);
1243 1696 1297 1740 et
1326 1701 1537 1740 rursum
1564 1702 1578 1738 :
1614 1683 1638 1736 Ι
1647 1700 1734 1754 pse

156 1792 286 1845 dedit
326 1792 455 1844 alios
479 1787 681 1859 quidem
722 1786 1012 1853 apostolos,
1055 1783 1185 1834 alios
1215 1789 1382 1833 autent
1421 1779 1692 1849 prophetas
1714 1820 1729 1843 ,

157 1885 280 1937 alios
309 1892 535 1952 pastores
565 1890 611 1932 et
638 1879 867 1930 doctores
890 1875 957 1927 ad
981 1872 1341 1944 perfectionem
1362 1879 1651 1923 sanctorum
1680 1869 1733 1921 in

156 1992 277 2045 Opus
316 1972 580 2027 ministerii
628 1969 843 2043 (Ephes.
874 1967 929 2020 4.
965 1965 1076 2035 12).
1116 1964 1249 2019 Nam
1291 1964 1392 2017 nisi
1428 1962 1529 2017 hoc
1548 1970 1730 2026 esset,

155 2068 282 2123 nihil
310 2066 606 2120 obstitisset
640 2061 927 2132 quominus
970 2072 1159 2113 omnes
1200 2056 1463 2126 perirent.
1507 2055 1733 2109 Contin-

155 2163 226 2231 git
265 2160 409 2214 enim
460 2155 730 2227 principes
755 2167 877 2207 esse
915 2150 1085 2204 malos
1113 2156 1169 2205 et
1197 2148 1490 2202 sceleratos
1512 2187 1527 2210 ,
1552 2144 1735 2201 subdi-

158 2261 345 2319 tosque
398 2249 568 2302 bonos
604 2255 656 2299 et
685 2243 1023 2305 moderatos;
1053 2249 1106 2294 et
1143 2238 1309 2294 laicos
1348 2238 1399 2291 in
1427 2237 1624 2307 pietate
1652 2236 1735 2290 vi-

156 2354 257 2395 tam
308 2352 506 2410 agere,
553 2336 861 2393 sacerdmes
907 2343 1083 2388 autem
1128 2332 1182 2386 in
1228 2330 1514 2400 nequitia:
1562 2344 1735 2399 neque

154 2435 388 2489 futurum
416 2439 533 2485 erat
560 2441 616 2483 ut
646 2428 939 2497 baptismus
969 2432 1131 2489 esset,
1163 2439 1335 2493 neque
1362 2435 1560 2490 corpus
1585 2418 1736 2475 Chri-

153 2526 253 2587 sti,
283 2538 385 2579 nec
408 2521 608 2578 oblatio
632 2535 726 2589 per
756 2519 877 2572 illos
899 2560 914 2585 ,
945 2517 990 2570 si
1014 2516 1211 2585 ubique
1238 2514 1428 2584 dignos
1448 2514 1619 2584 gratia
1647 2528 1734 2568 re-

155 2615 409 2685 quireret.
438 2612 589 2667 Nunc
628 2621 807 2665 autem
838 2608 998 2663 etiam
1030 2622 1124 2677 per
1154 2604 1399 2673 indignos
1429 2604 1568 2657 Deus
1597 2602 1734 2657 solet

152 2706 399 2777 operari,
434 2715 489 2759 et
518 2703 648 2757 nihil
695 2701 906 2756 laiditur
952 2698 1123 2769 gratia
1154 2695 1402 2766 baptismi
1452 2710 1548 2764 per
1573 2694 1734 2747 vitam

153 2798 482 2854 sacerdotis:
511 2810 633 2849 nam
663 2794 785 2848 hinc
807 2794 852 2848 is
880 2793 969 2861 qui
998 2789 1212 2859 accipit,
1247 2788 1425 2843 minus
1453 2787 1735 2843 habiturus

155 2893 310 2947 foret.
344 2891 527 2961 Itaque
564 2889 664 2944 etsi
693 2889 807 2943 hinc
850 2900 972 2940 raro
1001 2885 1163 2947 fiunt,
1210 2883 1343 2937 liunt
1372 2890 1570 2937 tamen.
1605 2881 1735 2937 limo

153 2994 329 3038 autem
360 2981 505 3047 dico,
530 2987 587 3034 ut
614 2994 682 3034 ne
707 2978 827 3049 quis
853 2993 918 3033 ex
955 2975 1308 3046 prresentibus
1328 2974 1393 3029 de
1418 2974 1527 3027 vita
1557 2988 1736 3028 sacer-

152 3074 292 3128 dotis
320 3073 533 3128 curiose
578 3071 857 3140 inquirc-ns
875 3109 891 3135 ,
936 3064 1330 3121 scaudalizetur
1355 3063 1495 3118 circa
1526 3078 1589 3118 ea
1617 3078 1736 3133 qua:

152 3168 203 3221 in
230 3166 503 3237 mysteriis
534 3168 875 3232 peraguntur.
907 3157 1050 3213 Nihil
1072 3157 1217 3212 enim
1246 3156 1408 3209 homo
1438 3156 1490 3210 in
1527 3171 1591 3215 ea
1618 3171 1736 3225 qua:

153 3266 524 3329 proponuntur
543 3253 763 3319 inducit,
789 3250 883 3306 sed
911 3258 1078 3303 totum
1109 3256 1192 3303 est
1214 3247 1309 3302 Dei
1329 3248 1540 3300 virtutis
1562 3260 1698 3316 opus
1718 3287 1732 3310 ,

151 3360 203 3404 et
223 3350 314 3403 ille
332 3357 417 3402 est
442 3347 528 3417 qui
554 3360 649 3400 vos
671 3345 723 3399 in
751 3342 1017 3414 mysteriis
1042 3339 1235 3393 initiat.
1266 3337 1332 3391 Et
1355 3353 1449 3409 ego
1470 3377 1485 3404 ,
1512 3342 1699 3407 fratres
1719 3377 1732 3401 ,

151 3460 249 3497 non
268 3443 416 3513 potui
438 3441 574 3495 vobis
596 3439 729 3509 loqui
750 3447 803 3490 ut
829 3434 1206 3505 spiritualibus,
1231 3430 1319 3487 sed
1342 3440 1396 3484 ut
1419 3430 1732 3484 carnalibus.

151 3535 254 3589 Lac
279 3536 421 3589 vobis
448 3544 621 3604 potum
650 3531 801 3595 dedi,
837 3545 938 3583 non
980 3541 1183 3582 escam:
1213 3525 1438 3578 nondum
1480 3524 1612 3577 enim
1643 3538 1734 3591 po-

152 3628 346 3682 teratis.
384 3626 458 3680 Ne
488 3624 760 3679 videretur
785 3620 929 3675 enim
973 3616 1280 3672 ambitionis
1302 3631 1461 3670 causa
1493 3616 1608 3669 haec
1649 3615 1735 3668 di-

150 3720 294 3773 xisse
316 3761 334 3786 ,
370 3732 566 3787 nempe
586 3757 602 3782 ,
635 3714 931 3786 Spiritualis
980 3712 1228 3778 dijudicat
1272 3711 1473 3773 omnia,
1504 3718 1550 3762 et
1576 3726 1607 3761 a
1643 3724 1734 3761 ne-

150 3812 283 3863 mine
297 3810 601 3881 judicatur;
630 3814 719 3872 et,
750 3805 970 3859 Mentem
1008 3802 1198 3857 Christi
1224 3802 1466 3855 habemus
1500 3798 1588 3871 (1.
1614 3798 1733 3853 Cor.

147 3901 199 3953 2.
228 3903 317 3955 15.
344 3901 436 3971 ili)
459 3917 472 3962 ;
499 3899 712 3952 illorum
736 3896 929 3950 fastum
954 3892 1398 3963 reprimens,vide
1419 3890 1544 3960 quid
1570 3889 1733 3946 dicat.

148 3991 265 4046 Non
293 3991 422 4045 ideo
444 4032 458 4056 ,
483 3990 675 4057 inquit,
707 3987 882 4051 tacui,
910 3984 1063 4055 quasi
1094 3984 1224 4038 nihil
1255 3984 1391 4037 ultra
1415 3982 1596 4036 dicere
1618 3996 1740 4049 ρυεο

152 4098 291 4150 sem,
316 4082 417 4136 sed
447 4081 569 4150 quia
593 4078 837 4132 carnales
864 4078 1013 4130 estis.
1044 4075 1151 4129 Sed
1175 4089 1332 4143 neque
1351 4089 1484 4126 nunc
1511 4072 1734 4142 potestis.

215 4174 272 4228 ‘2.
306 4176 425 4227 Cur
449 4187 557 4226 non
584 4171 753 4232 dixit,
785 4169 900 4223 Non
945 4168 1104 4221 vultis
1125 4207 1141 4234 ,
1172 4166 1265 4221 sed
1292 4207 1305 4231 ,
1343 4163 1467 4219 Non
1496 4166 1739 4235 potestis?

148 4266 280 4332 Quia
315 4265 427 4318 hoc
458 4278 553 4333 pro
583 4262 679 4315 illo
724 4261 919 4330 posuit.
955 4258 1087 4313 Nam
1138 4257 1279 4327 quod
1328 4273 1431 4310 non
1477 4264 1735 4325 possent,
1778 4264 1779 4267 ‘

151 4359 272 4414 inde
301 4364 427 4413 erat
446 4355 587 4427 quod
616 4353 852 4419 nollent;
882 4351 1023 4422 quod
1055 4352 1163 4405 illis
1187 4349 1401 4420 quidem
1445 4352 1740 4419 reprehen-

147 4452 357 4505 sionem
382 4489 399 4513 ,
430 4448 689 4517 magistro
714 4455 890 4499 autem
924 4444 1135 4498 veniam
1167 4441 1342 4495 allert.
1367 4441 1577 4495 Etenim
1604 4442 1649 4495 si
1670 4456 1739 4496 ex

150 4556 341 4597 natura
391 4556 500 4596 non
530 4539 862 4610 potuissent,
894 4536 1119 4590 fortasse
1148 4535 1267 4604 quis
1296 4534 1615 4603 ignovisset;
1647 4532 1740 4588 sed

150 4636 272 4706 quia
331 4649 402 4688 ex
458 4632 736 4702 proposito
792 4628 1115 4691 voluntatis,
1177 4624 1489 4681 defensione
1535 4633 1737 4678 carent.

152 4724 359 4781 Deinde
392 4723 612 4776 modum
640 4718 875 4773 ostendit
893 4759 908 4785 ,
941 4733 1047 4788 quo
1074 4717 1319 4772 carnales
1344 4724 1470 4769 sunt
1494 4733 1507 4770 :
1536 4715 1588 4770 5.
1615 4714 1740 4768 Cum

150 4822 284 4875 enim
330 4820 401 4872 sit
432 4818 562 4870 inter
597 4830 684 4868 vos
713 4814 963 4867 contentio
986 4852 1001 4877 ,
1033 4812 1171 4864 zelus
1197 4818 1242 4863 et
1269 4808 1546 4873 dissensio,
1578 4824 1743 4861 nonne

150 4910 388 4964 carnales
419 4908 564 4968 estis,
593 4914 639 4959 et
665 4904 940 4958 secundum
971 4902 1221 4955 hominem
1247 4900 1554 4954 ambulatis?
1581 4899 1743 4969 Atqui

151 5018 271 5058 cum
303 4999 482 5071 possit
499 4998 678 5052 dicere
701 4996 912 5050 illorum
938 4994 1344 5047 fornicationem
1366 5002 1419 5045 et
1438 4990 1739 5057 libidinem,

153 5094 285 5149 illud
314 5094 501 5163 potius
529 5099 805 5161 peccatum
834 5088 1020 5158 ponit,
1050 5085 1193 5156 quod
1226 5086 1439 5139 interim
1469 5084 1743 5154 corrigere

152 5186 381 5242 studuit.
418 5183 573 5253 Quod
614 5182 658 5237 si
686 5180 832 5236 zelus
858 5181 1108 5235 carnales
1137 5178 1327 5245 faciat,
1356 5187 1525 5232 restat
1551 5189 1607 5231 ut
1632 5178 1742 5248 jam

154 5297 343 5336 omnes
371 5277 665 5333 admodum
689 5275 913 5345 ejulent,
936 5287 1149 5327 saccum
1187 5271 1409 5326 induant
1436 5279 1489 5325 et
1507 5271 1743 5325 cinerem

156 5374 532 5429 substernant.
565 5369 696 5437 Quis
743 5367 884 5421 enim
917 5366 1075 5435 hujus
1116 5365 1229 5420 vitii
1262 5379 1455 5434 expers
1490 5364 1613 5419 est?
1640 5364 1744 5418 nisi

158 5482 217 5520 cx
260 5482 352 5521 me
407 5464 475 5518 de
506 5462 626 5516 aliis
657 5459 796 5514 facio
819 5459 1209 5527 conjecturam.
1241 5456 1297 5512 Si
1327 5456 1473 5512 zelus
1500 5456 1747 5511 carnales

157 5556 283 5614 facit
324 5571 435 5611 nec
476 5554 606 5608 sinit
634 5566 754 5608 esse
797 5551 1136 5621 spirituales,
1170 5549 1379 5605 etiamsi
1424 5548 1748 5619 prophetent

160 5662 214 5706 et
242 5651 349 5705 alia
380 5648 642 5704 miracula
670 5646 866 5711 edant;
896 5659 1019 5700 cum
1051 5659 1155 5698 non
1186 5650 1331 5698 tanta
1359 5642 1532 5696 aderit
1552 5645 1743 5712 gratia,

163 5744 382 5802 ubinam
397 5753 579 5801 nostra
593 5741 992 5806 collocabimus,
1007 5737 1220 5809 quando
1237 5753 1341 5795 non
1360 5736 1414 5792 in
1430 5735 1531 5793 hoc
1546 5735 1743 5806 solum,

513 5853 783 5911 Parnoa.
831 5852 946 5912 Gn.
996 5846 1158 5911 LXI.

1841 390 1939 447 sed
1963 402 2016 448 et
2043 394 2095 448 in
2122 394 2240 450 aliis
2276 392 2567 465 majoribus
2593 396 2733 465 capti
2773 396 3066 453 fuerimus?
3090 400 3224 457 Iliuc
3257 403 3423 460 discl-

1842 498 1962 538 mus
1986 484 2109 552 jure
2134 485 2334 540 dixisse
2365 478 2632 541 Christum
2657 488 2787 556 :Qui
2811 487 2937 543 facit
2967 491 3246 558 mala,non
3281 498 3427 551 venit

1840 577 1906 630 ad
1935 578 2108 633 lucem
2135 578 2315 650 (Joan.
2346 581 2399 636 '5.
2421 580 2548 650 20);
2577 590 2632 635 et
2659 581 2799 651 quod
2832 584 2936 637 vita
2966 584 3169 653 impura
3202 587 3427 657 impedi-

1842 681 2023 726 mento
2046 672 2115 727 sit
2145 673 2459 728 sublimibus
2480 675 2845 744 dogmatibus,
2876 691 2981 730 non
3008 676 3191 732 siuens
3232 681 3427 736 anima:

1840 767 2297 836 perspicacitatem
2340 782 2617 836 apparere.
2648 767 3107 833 Quemadmodum
3151 771 3267 826 ﬁeri
3316 788 3422 828 non

1840 867 2018 927 potest
2044 867 2101 912 ut
2130 860 2173 913 is
2200 859 2292 929 qui
2337 860 2387 913 in
2420 874 2606 914 errore
2636 869 2718 915 est
2761 870 2814 915 et
2840 869 2989 916 recte
3019 862 3178 928 vivit,
3210 877 3426 920 maneat

1842 950 1894 1004 in
1926 964 2147 1004 errore:
2180 950 2251 1003 ita
2281 965 2386 1004 non
2418 949 2575 1005 facile
2617 961 2793 1021 p0tcst
2825 952 2868 1006 is
2890 994 2905 1019 ,
2949 954 3038 1023 qui
3081 955 3133 1009 in
3186 958 3423 1026 nequitia

1841 1042 1998 1110 vivit,
2045 1044 2153 1097 cito
2198 1043 2465 1111 reSpicere
2498 1042 2564 1097 ad
2614 1044 2865 1099 sublimia
2910 1056 3093 1102 nostra
3137 1048 3421 1119 dogmata,

1840 1134 1934 1189 sed
1965 1134 2032 1188 ab
2062 1135 2309 1189 omnibus
2349 1135 2491 1189 vitiis
2519 1151 2712 1206 purum
2741 1152 2862 1192 esse
2896 1148 3107 1208 Oportet
3132 1158 3253 1196 eum
3276 1183 3293 1208 ,
3331 1146 3422 1212 qui

1840 1226 2116 1280 veritatem
2139 1236 2220 1279 est
2241 1236 2548 1281 venaturus.
2579 1228 2709 1282 Nam
2732 1229 2820 1299 qui
2850 1230 2917 1285 ab
2948 1232 3012 1285 iis
3040 1231 3294 1287 liberatus
3314 1245 3418 1301 est,

1838 1316 1999 1368 etiam
2030 1316 2097 1369 ab
2124 1330 2308 1370 errore
2339 1317 2655 1372 liberabitur
2684 1328 2738 1374 et
2767 1321 3046 1375 veritatem
3078 1335 3418 1393 assequetur.

1839 1408 1917 1464 Ne
1968 1409 2111 1463 enim
2158 1411 2435 1464 existimes
2492 1411 2559 1465 ad
2613 1412 2713 1467 hoc
2764 1414 2896 1468 satis
2940 1430 3060 1469 esse
3104 1416 3149 1469 si
3195 1430 3301 1471 non
3346 1417 3425 1473 sis

1840 1515 2067 1567 avarus,
2102 1501 2183 1554 vel
2225 1502 2266 1555 si
2316 1517 2422 1556 non
2451 1504 2762 1570 l'orniceris;
2811 1505 2902 1559 sed
2951 1509 3209 1575 oportet‘
3238 1510 3419 1563 omnia

1839 1607 2164 1648 concurrere
2200 1592 2253 1647 in
2282 1610 2347 1649 eo
2376 1596 2465 1665 qui
2497 1598 2691 1666 qumrit
2731 1598 3032 1653 veritatem.
3067 1599 3192 1655 Ideo
3217 1602 3292 1655 ait
3318 1602 3422 1658 Pe-

1840 1694 1951 1739 trus
1977 1703 1989 1738 :
2020 1684 2086 1739 In
2134 1687 2339 1740 veritate
2370 1689 2761 1756 comprehendo,
2803 1693 2939 1762 quod
2963 1710 3062 1746 non
3091 1695 3154 1747 sit
3172 1712 3425 1763 persona-

1838 1795 1952 1831 rum
1983 1788 2213 1848 acceptor
2239 1777 2412 1844 Deus;
2440 1780 2528 1831 sed
2553 1782 2603 1832 in
2632 1782 2770 1833 omni
2796 1793 2943 1852 gente
2981 1786 3067 1855 qui
3090 1788 3228 1840 timet
3254 1788 3421 1856 ipsum

1838 1879 1884 1921 et
1907 1880 2145 1937 operatur
2164 1870 2442 1936 justitiam,
2467 1882 2700 1941 acceptus
2721 1884 2792 1926 est
2815 1873 2891 1927 illi
2915 1877 3049 1943 (Act.
3074 1878 3160 1931 10.
3183 1880 3270 1933 54.
3294 1881 3414 1949 35);

1841 1960 1894 2015 id
1925 1970 2041 2025 est,
2074 1972 2232 2015 vocat
2278 1970 2333 2016 et
2382 1963 2604 2016 attrahit
2650 1964 2821 2032 ipsum
2849 1965 2915 2019 ad
2945 1969 3243 2023 veritatem.
3304 1971 3420 2025 Non

1840 2051 1987 2104 vides
2015 2051 2270 2117 Paulum,
2301 2053 2387 2120 qui
2417 2054 2922 2110 vehementissimus
2948 2060 3187 2113 omnium
3218 2070 3333 2115 erat
3365 2063 3418 2116 iu

1840 2141 2085 2197 bellando
2128 2154 2182 2198 et
2230 2144 2637 2214 persequendo?
2663 2154 2897 2203 attamen
2942 2150 3065 2219 quia
3099 2152 3421 2223 inculpatum

1840 2234 2001 2288 vitam
2030 2233 2275 2300 ducebat,
2305 2247 2353 2290 et
2387 2253 2491 2291 non
2514 2253 2577 2290 ex
2601 2239 2729 2293 vitio
2754 2239 2986 2295 humano
3015 2240 3130 2296 hare
3156 2242 3418 2311 faciebat,

1840 2333 1895 2381 et
1936 2334 2187 2394 acceptus
2231 2328 2329 2380 fuit
2369 2337 2422 2382 et
2450 2343 2637 2383 omnes
2669 2329 2823 2400 longe
2869 2334 3162 2400 superavit.
3208 2335 3263 2389 Si
3303 2338 3423 2403 quis

1839 2432 1969 2471 vero
1995 2417 2136 2471 dicat
2161 2459 2174 2484 ,
2207 2418 2487 2484 Quomodo
2512 2419 2601 2473 ille
2627 2420 2893 2491 quispiam
2920 2421 3140 2478 Grzccus
3161 2466 3176 2491 ,
3206 2427 3295 2496 qui
3327 2428 3421 2482 ho-

1841 2522 1943 2561 nus
1987 2516 2103 2574 est,
2154 2508 2413 2578 benignus
2458 2519 2512 2564 et
2560 2509 2860 2575 humanus,
2895 2513 2945 2566 in
2974 2529 3162 2569 errore
3202 2520 3421 2573 manet?

1840 2600 1967 2655 illud
2000 2600 2397 2670 responderim,
2430 2600 2570 2655 aliud
2596 2617 2719 2656 eum
2751 2602 2952 2659 habere
2982 2606 3199 2673 vitium,
3226 2624 3420 2665 vanam

1839 2693 2062 2763 gloriam
2097 2704 2187 2748 aut
2213 2694 2375 2747 animi
2424 2694 2720 2764 ignaviam,
2750 2705 2839 2750 aut
2865 2696 2932 2752 de
2974 2699 3145 2754 salute
3186 2716 3279 2755 sua
3312 2717 3418 2757 non

1838 2796 2060 2849 curare,
2109 2784 2202 2838 sed
2249 2793 2437 2854 putare
2465 2800 2552 2839 res
2601 2801 2726 2840 suas
2771 2801 2897 2841 casu
2939 2797 2993 2843 et
3037 2799 3241 2846 temere
3266 2792 3419 2848 ferri.

1839 2876 2038 2932 Paulus
2080 2886 2257 2932 autem
2290 2893 2412 2932 eum
2432 2919 2445 2942 ,
2478 2880 2565 2947 qui
2595 2890 2849 2949 operatur
2872 2881 3137 2949 justitiam
3159 2926 3172 2948 ,
3218 2885 3269 2939 in
3300 2901 3422 2941 om-

1839 2969 2351 3038 nihus‘inculpatum
2377 2968 2538 3035 dicit,
2568 2969 2860 3025 Secundum
2897 2974 3153 3044 justitiam
3191 2993 3307 3047 quia
3344 2988 3420 3032 est

1840 3079 1902 3116 ea:
1923 3064 2030 3133 lege
2059 3061 2327 3133 (Philipp.
2363 3063 2417 3117 5.
2449 3064 2544 3131 6);
2576 3073 2630 3117 et
2653 3103 2668 3126 ,
2699 3063 2901 3117 Gratias
2929 3083 3025 3135 ago
3053 3065 3181 3132 Deo,
3211 3070 3293 3122 cui
3318 3087 3425 3123 ser-

1839 3154 1971 3207 vioa
2002 3153 2278 3224 majoribus
2317 3157 2371 3206 in
2417 3170 2546 3222 pura
2591 3154 2896 3207 conscientia
2948 3156 3036 3226 (2.
3078 3156 3214 3211 Tim.
3248 3160 3300 3214 1.
3330 3162 3421 3231 5).

1840 3244 2122 3312 Quomodo
2168 3245 2330 3314 igitur
2350 3287 2364 3309 ,
2409 3247 2621 3315 inquies
2646 3288 2661 3312 ,
2691 3248 2884 3315 impuri
2915 3248 3291 3317 pru‘dicatione
3334 3253 3420 3307 di.

1839 3338 1985 3405 gnati
2015 3340 2177 3391 sunt?
2198 3338 2331 3406 Quia
2360 3338 2644 3393 voluerunt
2675 3349 2730 3393 et
2752 3340 3146 3397 desiderarunt.
3174 3344 3303 3398 Nam
3334 3360 3424 3400 er-

1840 3440 2022 3483 rantes
2045 3430 2206 3483 etiam
2236 3430 2416 3494 trahit,
2447 3430 2491 3484 si
2522 3430 2707 3484 mundi
2734 3432 2844 3485 sint
2869 3447 2895 3484 a
2932 3434 3302 3502 passionibus;
3328 3450 3424 3492 eos

1840 3531 2039 3587 autem,
2067 3522 2154 3591 qui
2179 3537 2272 3576 sua
2301 3531 2493 3590 sponte
2522 3524 2817 3590 accedunt,
2849 3540 2955 3580 non
2982 3527 3192 3595 repellit
3222 3545 3235 3580 :
3267 3530 3423 3588 multi

1841 3629 1969 3668 vero
1993 3614 2154 3668 etiam
2184 3629 2213 3667 a
2243 3614 2535 3682 majoribus
2562 3615 2703 3683 piam
2732 3615 3047 3684 religionem
3076 3629 3418 3688 acceperunt.

1842 3704 1967 3760 Cum
1992 3707 2123 3760 enim
2152 3706 2204 3759 in
2228 3706 2364 3760 vobis
2389 3708 2452 3759 sit
2493 3707 2632 3761 zelus
2658 3717 2703 3761 et
2730 3710 3000 3762 contentio.
3037 3710 3259 3766 Demutn
3287 3713 3421 3768 sub-

1841 3800 1982 3854 ditos
2028 3800 2434 3870 impugnaturus
2479 3802 2705 3855 accedit.
2755 3801 2812 3855 In
2867 3803 3233 3871 superioribus
3277 3807 3421 3862 enim

1841 3895 2109 3964 principes
2152 3894 2349 3964 dejecit
2390 3894 2606 3961 dicens,
2652 3904 2928 3950 externam
2960 3896 3174 3952 dicendi
3213 3898 3425 3968 sapien-

1844 3987 1971 4040 tiam
2010 3985 2209 4040 nullius
2249 4000 2371 4040 esse
2398 3985 2593 4055 pretii:
2625 3985 2712 4040 hic
2753 3996 2930 4041 autem
2958 3988 3203 4043 subditos
3232 3989 3423 4044 redar-

1841 4080 1954 4148 guit
1973 4079 2155 4134 dicens
2182 4097 2195 4132 :
2223 4079 2277 4133 4.
2302 4076 2429 4132 Cum
2456 4078 2587 4131 enim
2608 4079 2717 4146 quis
2743 4079 2901 4146 dicat,
2941 4078 3053 4149 Ego
3081 4081 3285 4150 quidem
3312 4099 3424 4137 sum

1844 4170 2021 4234 Pauli,
2048 4188 2137 4243 ego
2167 4180 2333 4225 autem
2374 4170 2581 4240 Apollo,
2614 4187 2781 4225 nonne
2803 4170 3035 4226 carnales
3065 4173 3221 4226 estis?
3249 4182 3304 4227 et
3329 4188 3426 4229 os-

1845 4263 2015 4319 tendit
2041 4264 2142 4317 hoc
2169 4279 2277 4317 non
2305 4262 2466 4317 modo
2495 4262 2627 4317 nihil
2654 4263 2758 4316 illis
2782 4262 3066 4331 profuisse,
3096 4278 3272 4333 neque
3295 4264 3427 4319 elle-

1844 4357 1983 4410 cisse
2010 4364 2067 4409 ut
2092 4354 2290 4423 aliquid
2317 4355 2657 4423 acciperent,
2692 4354 2785 4410 sed
2814 4354 3077 4424 majorum
3108 4370 3286 4410 rerum
3315 4357 3425 4410 uti-

1846 4449 2046 4503 Iitatem
2073 4447 2434 4516 impedivisse.
2466 4446 2578 4501 Iloc
2602 4446 2746 4501 enim
2787 4446 2960 4501 zelum
2994 4447 3237 4517 peperit:
3280 4448 3427 4504 zelus

1844 4548 2021 4593 autem
2067 4537 2311 4591 carnales
2358 4537 2477 4591 illos
2506 4535 2721 4591 effecit:
2770 4535 2912 4606 quod
2959 4545 3140 4592 autem
3184 4538 3429 4594 carnales

1846 4631 2021 4686 elfecti
2063 4629 2202 4696 sint,
2237 4628 2288 4683 id
2316 4645 2422 4683 non
2451 4629 2575 4683 sivit
2613 4628 2926 4700 sublimiora
2969 4628 3177 4689 audire.
3211 4632 3266 4687 5.
3301 4630 3429 4696 Quis

1845 4726 1999 4796 igitur
2024 4733 2094 4779 est
2119 4723 2317 4778 Paulus
2336 4765 2351 4789 ,
2394 4723 2506 4793 quis
2533 4722 2759 4793 Apollo?
2782 4722 2919 4778 Nam
2946 4732 3067 4794 post
3092 4740 3270 4780 rerum
3299 4741 3431 4796 pro»

1850 4816 2119 4871 bationem
2145 4823 2200 4870 et
2225 4815 2739 4871 demonstrationem
2764 4815 3005 4883 apertius
3026 4816 3219 4872 deinde
3245 4832 3430 4888 repre-

1849 4909 2107 4964 hensione
2150 4923 2280 4963 usus
2308 4916 2426 4973 est;
2456 4916 2511 4962 et
2554 4922 2708 4962 suum
2734 4906 2888 4963 affert
2929 4924 3125 4965 nomen
3147 4951 3163 4974 ,
3209 4924 3427 4966 omnem

1851 5000 2044 5056 tollens
2073 5000 2441 5069 asperitatem,
2471 5014 2578 5053 non
2608 5000 2924 5069 permittens
2950 5009 3011 5054 ut
3036 4999 3103 5055 de
3130 5000 3289 5055 dictis
3319 5002 3429 5055 ira-

1850 5104 2152 5148 scerentur.
2187 5094 2242 5148 Si
2274 5093 2413 5147 enim
2443 5092 2640 5146 Paulus
2676 5092 2809 5146 nihil
2834 5102 2913 5147 est
2944 5102 2999 5148 et
3038 5107 3146 5147 non
3177 5093 3427 5165 indigna-

1850 5193 1937 5238 tur
1958 5225 1973 5250 ,
2001 5184 2170 5238 multo
2196 5185 2374 5238 minus
2402 5183 2520 5237 illos
2544 5198 2685 5252 aegre
2711 5184 2854 5239 ferre
2883 5185 3185 5253 oportebat.
3220 5185 3431 5256 Duplici

1852 5291 1980 5346 ergo
2022 5277 2230 5331 ratione
2277 5276 2399 5330 illos
2444 5276 2753 5331 consolatur
2775 5317 2788 5339 ,
2813 5286 2868 5331 et
2892 5278 3033 5346 quod
3065 5278 3306 5349 seipsum
3334 5294 3428 5349 ρος

1853 5369 2041 5431 suerit,
2066 5379 2118 5423 et
2145 5369 2284 5440 quod
2312 5385 2417 5423 non
2443 5368 2587 5422 sinat
2611 5383 2708 5424 eos
2727 5370 2978 5424 omnibus
3007 5371 3224 5440 privari,
3247 5379 3434 5441 utpote

1853 5461 1944 5531 qui
1981 5460 2109 5515 nihil
2149 5461 2506 5526 contulerint;
2548 5461 2643 5515 sed
2684 5460 2884 5531 aliquid
2910 5460 3003 5515 dat
3028 5461 3134 5517 illis
3157 5462 3427 5517 modicum

1916 5618 1972 5669 In
1983 5630 2078 5666 uno
2088 5616 2452 5689 (Eidlegitur...
2466 5617 2753 5689 forniceris
2781 5632 2797 5669 :
2818 5632 2909 5669 non
2932 5620 3059 5689 enim
3082 5618 3306 5689 Molibus
3325 5618 3443 5672 ubs-

1855 5682 2007 5735 tinere
2035 5679 2207 5746 sufﬁcit
2247 5678 2314 5732 ad
2358 5680 2723 5745 intelligentiam
2746 5682 3129 5745 consequendmu
3150 5695 3168 5735 :
3191 5678 3279 5737 sed
3301 5693 3446 5747 (φοῖ-

1857 5752 1987 5801 tet...

3050 5825 3092 5889 5
