  <div class='ocr_page' id='page_1' title='image "/cluster/home/n/w/nwhite01/storage/ocr_20150623/61/hvd.32044019190461/077.png"; bbox 0 0 3864 6384; ppageno 0'>
   <div class='ocr_carea' id='block_1_1' title="bbox 484 327 3724 406">
    <p class='ocr_par' dir='ltr' id='par_1_1' title="bbox 484 327 3724 406">
     <span class='ocr_line' id='line_1_1' title="bbox 484 327 3724 406; baseline 0.007 -22"><span class='ocrx_word' id='word_1_1' title='bbox 484 331 542 384; x_wconf 82' lang='lat' dir='ltr'><strong>7i</strong></span> <span class='ocrx_word' id='word_1_2' title='bbox 1210 327 1266 384; x_wconf 88' lang='lat' dir='ltr'><strong>S.</strong></span> <span class='ocrx_word' id='word_1_3' title='bbox 1305 327 1580 386; x_wconf 74' lang='lat' dir='ltr'><strong>JOANNIS</strong></span> <span class='ocrx_word' id='word_1_4' title='bbox 1616 329 2083 388; x_wconf 77' lang='lat' dir='ltr'><strong>CIIRVSOSTOMI</strong></span> <span class='ocrx_word' id='word_1_5' title='bbox 2124 332 2439 390; x_wconf 79' lang='lat' dir='ltr'><strong>ARClllEP.</strong></span> <span class='ocrx_word' id='word_1_6' title='bbox 2478 335 3008 396; x_wconf 71' lang='lat' dir='ltr'><strong>CONSTANTINUP.</strong></span> <span class='ocrx_word' id='word_1_7' title='bbox 3695 353 3724 406; x_wconf 75' lang='lat'><strong>7</strong></span> 
     </span>
    </p>
   </div>
   <div class='ocr_carea' id='block_1_2' title="bbox 481 447 2064 518">
    <p class='ocr_par' dir='ltr' id='par_1_2' title="bbox 481 447 2064 518">
     <span class='ocr_line' id='line_1_2' title="bbox 481 447 2064 518; baseline 0.003 -16"><span class='ocrx_word' id='word_1_8' title='bbox 481 459 659 515; x_wconf 76' lang='lat' dir='ltr'><strong>certe,</strong></span> <span class='ocrx_word' id='word_1_9' title='bbox 684 449 775 503; x_wconf 49' lang='lat' dir='ltr'><strong>dat</strong></span> <span class='ocrx_word' id='word_1_10' title='bbox 803 458 1001 503; x_wconf 68' lang='lat' dir='ltr'><strong>tamen.</strong></span> <span class='ocrx_word' id='word_1_11' title='bbox 1030 447 1162 503; x_wconf 89' lang='lat' dir='ltr'><strong>Cum</strong></span> <span class='ocrx_word' id='word_1_12' title='bbox 1190 448 1413 503; x_wconf 79' lang='lat' dir='ltr'><strong>dixisset</strong></span> <span class='ocrx_word' id='word_1_13' title='bbox 1439 450 1579 504; x_wconf 89' lang='lat' dir='ltr'><strong>enim</strong></span> <span class='ocrx_word' id='word_1_14' title='bbox 1606 468 1619 504; x_wconf 90' lang='lat'><strong>:</strong></span> <span class='ocrx_word' id='word_1_15' title='bbox 1650 451 1774 518; x_wconf 86' lang='lat' dir='ltr'><strong>Quis</strong></span> <span class='ocrx_word' id='word_1_16' title='bbox 1815 463 1886 507; x_wconf 89' lang='lat' dir='ltr'><strong>est</strong></span> <span class='ocrx_word' id='word_1_17' title='bbox 1917 451 2064 507; x_wconf 86' lang='lat' dir='ltr'><strong>Pau-</strong></span> 
     </span>
    </p>
   </div>
   <div class='ocr_carea' id='block_1_3' title="bbox 481 539 2067 616">
    <p class='ocr_par' dir='ltr' id='par_1_3' title="bbox 481 539 2067 616">
     <span class='ocr_line' id='line_1_3' title="bbox 481 539 2067 616; baseline 0.001 -22"><span class='ocrx_word' id='word_1_18' title='bbox 481 541 596 604; x_wconf 86' lang='lat' dir='ltr'><strong>lus,</strong></span> <span class='ocrx_word' id='word_1_19' title='bbox 641 540 752 612; x_wconf 89' lang='lat' dir='ltr'><strong>quis</strong></span> <span class='ocrx_word' id='word_1_20' title='bbox 780 540 1006 610; x_wconf 80' lang='lat' dir='ltr'><strong>Apollo?</strong></span> <span class='ocrx_word' id='word_1_21' title='bbox 1039 540 1345 610; x_wconf 74' lang='lat' dir='ltr'><strong>sulijunxit,</strong></span> <span class='ocrx_word' id='word_1_22' title='bbox 1382 539 1502 594; x_wconf 84' lang='lat' dir='ltr'><strong>Nisi</strong></span> <span class='ocrx_word' id='word_1_23' title='bbox 1545 542 1767 597; x_wconf 73' lang='lat' dir='ltr'><strong>ministri</strong></span> <span class='ocrx_word' id='word_1_24' title='bbox 1812 560 1902 614; x_wconf 86' lang='lat' dir='ltr'><strong>per</strong></span> <span class='ocrx_word' id='word_1_25' title='bbox 1941 562 2067 616; x_wconf 79' lang='lat' dir='ltr'><strong>quas</strong></span> 
     </span>
    </p>
   </div>
   <div class='ocr_carea' id='block_1_4' title="bbox 480 631 2063 703">
    <p class='ocr_par' dir='ltr' id='par_1_4' title="bbox 480 631 2063 703">
     <span class='ocr_line' id='line_1_4' title="bbox 480 631 2063 703; baseline 0.003 -18"><span class='ocrx_word' id='word_1_26' title='bbox 480 631 806 686; x_wconf 72' lang='lat' dir='ltr'><strong>credidistis?</strong></span> <span class='ocrx_word' id='word_1_27' title='bbox 848 631 958 685; x_wconf 86' lang='lat' dir='ltr'><strong>Iluc</strong></span> <span class='ocrx_word' id='word_1_28' title='bbox 987 645 1116 686; x_wconf 76' lang='lat' dir='ltr'><strong>vero</strong></span> <span class='ocrx_word' id='word_1_29' title='bbox 1145 647 1244 701; x_wconf 91' lang='lat' dir='ltr'><strong>per</strong></span> <span class='ocrx_word' id='word_1_30' title='bbox 1273 645 1330 686; x_wconf 91' lang='lat' dir='ltr'><strong>se</strong></span> <span class='ocrx_word' id='word_1_31' title='bbox 1373 647 1624 703; x_wconf 82' lang='lat' dir='ltr'><strong>magnum</strong></span> <span class='ocrx_word' id='word_1_32' title='bbox 1672 642 1755 689; x_wconf 89' lang='lat' dir='ltr'><strong>est</strong></span> <span class='ocrx_word' id='word_1_33' title='bbox 1799 643 1854 689; x_wconf 90' lang='lat' dir='ltr'><strong>et</strong></span> <span class='ocrx_word' id='word_1_34' title='bbox 1898 637 2063 690; x_wconf 74' lang='lat' dir='ltr'><strong>multa</strong></span> 
     </span>
    </p>
   </div>
   <div class='ocr_carea' id='block_1_5' title="bbox 482 722 2064 798">
    <p class='ocr_par' dir='ltr' id='par_1_5' title="bbox 482 722 2064 798">
     <span class='ocr_line' id='line_1_5' title="bbox 482 722 2064 798; baseline 0.005 -24"><span class='ocrx_word' id='word_1_35' title='bbox 482 723 733 777; x_wconf 91' lang='lat' dir='ltr'><strong>mercede</strong></span> <span class='ocrx_word' id='word_1_36' title='bbox 760 723 1014 791; x_wconf 80' lang='lat' dir='ltr'><strong>dignum;</strong></span> <span class='ocrx_word' id='word_1_37' title='bbox 1064 722 1110 777; x_wconf 89' lang='lat' dir='ltr'><strong><em>si</em></strong></span> <span class='ocrx_word' id='word_1_38' title='bbox 1157 723 1446 790; x_wconf 79' lang='lat' dir='ltr'><strong>aSpiciatur</strong></span> <span class='ocrx_word' id='word_1_39' title='bbox 1495 733 1675 779; x_wconf 89' lang='lat' dir='ltr'><strong>autem</strong></span> <span class='ocrx_word' id='word_1_40' title='bbox 1715 725 1784 778; x_wconf 89' lang='lat' dir='ltr'><strong>ad</strong></span> <span class='ocrx_word' id='word_1_41' title='bbox 1811 726 2064 798; x_wconf 82' lang='lat' dir='ltr'><strong>archety-</strong></span> 
     </span>
    </p>
   </div>
   <div class='ocr_carea' id='block_1_6' title="bbox 483 815 2060 890">
    <p class='ocr_par' dir='ltr' id='par_1_6' title="bbox 483 815 2060 890">
     <span class='ocr_line' id='line_1_6' title="bbox 483 815 2060 890; baseline 0.003 -21"><span class='ocrx_word' id='word_1_42' title='bbox 483 831 608 882; x_wconf 89' lang='lat' dir='ltr'><strong>pum</strong></span> <span class='ocrx_word' id='word_1_43' title='bbox 653 824 708 870; x_wconf 90' lang='lat' dir='ltr'><strong>et</strong></span> <span class='ocrx_word' id='word_1_44' title='bbox 751 815 984 870; x_wconf 87' lang='lat' dir='ltr'><strong>radicem</strong></span> <span class='ocrx_word' id='word_1_45' title='bbox 1031 815 1292 869; x_wconf 89' lang='lat' dir='ltr'><strong>bonorum</strong></span> <span class='ocrx_word' id='word_1_46' title='bbox 1319 855 1333 880; x_wconf 92' lang='lat'><strong>,</strong></span> <span class='ocrx_word' id='word_1_47' title='bbox 1365 815 1498 869; x_wconf 86' lang='lat' dir='ltr'><strong><em>nihil</em></strong></span> <span class='ocrx_word' id='word_1_48' title='bbox 1531 825 1632 873; x_wconf 89' lang='lat' dir='ltr'><strong>est.</strong></span> <span class='ocrx_word' id='word_1_49' title='bbox 1661 817 1775 872; x_wconf 87' lang='lat' dir='ltr'><strong>Non</strong></span> <span class='ocrx_word' id='word_1_50' title='bbox 1802 819 1945 874; x_wconf 90' lang='lat' dir='ltr'><strong>enim</strong></span> <span class='ocrx_word' id='word_1_51' title='bbox 1972 821 2060 890; x_wconf 88' lang='lat' dir='ltr'><strong>qui</strong></span> 
     </span>
    </p>
   </div>
   <div class='ocr_carea' id='block_1_7' title="bbox 476 907 2062 977">
    <p class='ocr_par' dir='ltr' id='par_1_7' title="bbox 476 907 2062 977">
     <span class='ocr_line' id='line_1_7' title="bbox 476 907 2062 977; baseline 0.004 -16"><span class='ocrx_word' id='word_1_52' title='bbox 476 911 633 964; x_wconf 84' lang='lat' dir='ltr'><strong>bonis</strong></span> <span class='ocrx_word' id='word_1_53' title='bbox 662 909 964 974; x_wconf 89' lang='lat' dir='ltr'><strong>ministrat,</strong></span> <span class='ocrx_word' id='word_1_54' title='bbox 998 907 1090 962; x_wconf 87' lang='lat' dir='ltr'><strong>sed</strong></span> <span class='ocrx_word' id='word_1_55' title='bbox 1115 909 1205 977; x_wconf 88' lang='lat' dir='ltr'><strong>qui</strong></span> <span class='ocrx_word' id='word_1_56' title='bbox 1237 923 1299 963; x_wconf 90' lang='lat' dir='ltr'><strong>ea</strong></span> <span class='ocrx_word' id='word_1_57' title='bbox 1332 909 1533 976; x_wconf 86' lang='lat' dir='ltr'><strong>praebet</strong></span> <span class='ocrx_word' id='word_1_58' title='bbox 1559 918 1615 964; x_wconf 91' lang='lat' dir='ltr'><strong>et</strong></span> <span class='ocrx_word' id='word_1_59' title='bbox 1639 910 1838 976; x_wconf 89' lang='lat' dir='ltr'><strong>donat,</strong></span> <span class='ocrx_word' id='word_1_60' title='bbox 1869 911 1955 967; x_wconf 91' lang='lat' dir='ltr'><strong>hic</strong></span> <span class='ocrx_word' id='word_1_61' title='bbox 1977 923 2062 968; x_wconf 84' lang='lat' dir='ltr'><strong>est</strong></span> 
     </span>
    </p>
   </div>
   <div class='ocr_carea' id='block_1_8' title="bbox 477 999 2056 1072">
    <p class='ocr_par' dir='ltr' id='par_1_8' title="bbox 477 999 2056 1072">
     <span class='ocr_line' id='line_1_8' title="bbox 477 999 2056 1072; baseline 0.003 -18"><span class='ocrx_word' id='word_1_62' title='bbox 477 1003 569 1072; x_wconf 90' lang='lat' dir='ltr'><strong>qui</strong></span> <span class='ocrx_word' id='word_1_63' title='bbox 613 1001 874 1057; x_wconf 77' lang='lat' dir='ltr'><strong>beneficio</strong></span> <span class='ocrx_word' id='word_1_64' title='bbox 921 999 1106 1056; x_wconf 84' lang='lat' dir='ltr'><strong>afﬁcit.</strong></span> <span class='ocrx_word' id='word_1_65' title='bbox 1140 999 1248 1054; x_wconf 84' lang='lat' dir='ltr'><strong>Nec</strong></span> <span class='ocrx_word' id='word_1_66' title='bbox 1288 1000 1459 1066; x_wconf 92' lang='lat' dir='ltr'><strong>dixit,</strong></span> <span class='ocrx_word' id='word_1_67' title='bbox 1504 1001 1894 1072; x_wconf 69' lang='lat' dir='ltr'><strong>Evangelistae,</strong></span> <span class='ocrx_word' id='word_1_68' title='bbox 1926 1007 2056 1071; x_wconf 89' lang='lat' dir='ltr'><strong>sed,</strong></span> 
     </span>
    </p>
   </div>
   <div class='ocr_carea' id='block_1_9' title="bbox 477 1090 2055 1165">
    <p class='ocr_par' dir='ltr' id='par_1_9' title="bbox 477 1090 2055 1165">
     <span class='ocr_line' id='line_1_9' title="bbox 477 1090 2055 1165; baseline 0.001 -17"><span class='ocrx_word' id='word_1_69' title='bbox 477 1094 720 1158; x_wconf 77' lang='lat' dir='ltr'><strong>Ministri,</strong></span> <span class='ocrx_word' id='word_1_70' title='bbox 745 1095 885 1163; x_wconf 89' lang='lat' dir='ltr'><strong>quod</strong></span> <span class='ocrx_word' id='word_1_71' title='bbox 911 1091 1079 1160; x_wconf 95' lang='lat' dir='ltr'><strong>majus</strong></span> <span class='ocrx_word' id='word_1_72' title='bbox 1098 1099 1201 1146; x_wconf 90' lang='lat' dir='ltr'><strong>est.</strong></span> <span class='ocrx_word' id='word_1_73' title='bbox 1234 1090 1420 1162; x_wconf 82' lang='lat' dir='ltr'><strong>Neque</strong></span> <span class='ocrx_word' id='word_1_74' title='bbox 1450 1092 1593 1146; x_wconf 90' lang='lat' dir='ltr'><strong>enim</strong></span> <span class='ocrx_word' id='word_1_75' title='bbox 1620 1094 1794 1148; x_wconf 90' lang='lat' dir='ltr'><strong>solum</strong></span> <span class='ocrx_word' id='word_1_76' title='bbox 1819 1109 2055 1165; x_wconf 82' lang='lat' dir='ltr'><strong>evange-</strong></span> 
     </span>
    </p>
   </div>
   <div class='ocr_carea' id='block_1_10' title="bbox 463 1184 2053 1251">
    <p class='ocr_par' dir='ltr' id='par_1_10' title="bbox 463 1184 2053 1251">
     <span class='ocr_line' id='line_1_10' title="bbox 463 1184 2053 1251; baseline 0.001 -10"><span class='ocrx_word' id='word_1_77' title='bbox 463 1188 728 1251; x_wconf 84' lang='lat' dir='ltr'><strong>lizarunt,</strong></span> <span class='ocrx_word' id='word_1_78' title='bbox 757 1185 850 1240; x_wconf 91' lang='lat' dir='ltr'><strong>sed</strong></span> <span class='ocrx_word' id='word_1_79' title='bbox 893 1186 1051 1240; x_wconf 91' lang='lat' dir='ltr'><strong>etiam</strong></span> <span class='ocrx_word' id='word_1_80' title='bbox 1082 1184 1235 1238; x_wconf 88' lang='lat' dir='ltr'><strong>nobis</strong></span> <span class='ocrx_word' id='word_1_81' title='bbox 1279 1185 1692 1240; x_wconf 86' lang='lat' dir='ltr'><strong>ministravere:</strong></span> <span class='ocrx_word' id='word_1_82' title='bbox 1739 1185 1871 1242; x_wconf 92' lang='lat' dir='ltr'><strong>illud</strong></span> <span class='ocrx_word' id='word_1_83' title='bbox 1912 1190 2053 1243; x_wconf 87' lang='lat' dir='ltr'><strong>enim</strong></span> 
     </span>
    </p>
   </div>
   <div class='ocr_carea' id='block_1_11' title="bbox 473 1273 2051 1344">
    <p class='ocr_par' dir='ltr' id='par_1_11' title="bbox 473 1273 2051 1344">
     <span class='ocr_line' id='line_1_11' title="bbox 473 1273 2051 1344; baseline 0 -12"><span class='ocrx_word' id='word_1_84' title='bbox 473 1279 526 1332; x_wconf 92' lang='lat' dir='ltr'><strong>in</strong></span> <span class='ocrx_word' id='word_1_85' title='bbox 550 1278 715 1332; x_wconf 86' lang='lat' dir='ltr'><strong>verbo</strong></span> <span class='ocrx_word' id='word_1_86' title='bbox 735 1286 938 1330; x_wconf 89' lang='lat' dir='ltr'><strong>tantum</strong></span> <span class='ocrx_word' id='word_1_87' title='bbox 960 1277 1120 1330; x_wconf 90' lang='lat' dir='ltr'><strong>situm</strong></span> <span class='ocrx_word' id='word_1_88' title='bbox 1145 1283 1250 1336; x_wconf 88' lang='lat' dir='ltr'><strong>est,</strong></span> <span class='ocrx_word' id='word_1_89' title='bbox 1277 1273 1379 1330; x_wconf 92' lang='lat' dir='ltr'><strong>hoc</strong></span> <span class='ocrx_word' id='word_1_90' title='bbox 1409 1277 1460 1328; x_wconf 92' lang='lat' dir='ltr'><strong>in</strong></span> <span class='ocrx_word' id='word_1_91' title='bbox 1488 1289 1670 1344; x_wconf 87' lang='lat' dir='ltr'><strong>Opere.</strong></span> <span class='ocrx_word' id='word_1_92' title='bbox 1695 1276 2051 1344; x_wconf 84' lang='lat' dir='ltr'><strong>Quamobrem</strong></span> 
     </span>
    </p>
   </div>
   <div class='ocr_carea' id='block_1_12' title="bbox 462 1367 2049 1432">
    <p class='ocr_par' dir='ltr' id='par_1_12' title="bbox 462 1367 2049 1432">
     <span class='ocr_line' id='line_1_12' title="bbox 462 1367 2049 1432; baseline -0.001 -7"><span class='ocrx_word' id='word_1_93' title='bbox 462 1370 570 1425; x_wconf 82' lang='lat' dir='ltr'><strong>etsi</strong></span> <span class='ocrx_word' id='word_1_94' title='bbox 596 1369 845 1426; x_wconf 77' lang='lat' dir='ltr'><strong>Christus</strong></span> <span class='ocrx_word' id='word_1_95' title='bbox 885 1368 1129 1422; x_wconf 77' lang='lat' dir='ltr'><strong>minister</strong></span> <span class='ocrx_word' id='word_1_96' title='bbox 1172 1367 1343 1420; x_wconf 90' lang='lat' dir='ltr'><strong>solum</strong></span> <span class='ocrx_word' id='word_1_97' title='bbox 1391 1375 1473 1422; x_wconf 86' lang='lat' dir='ltr'><strong>est</strong></span> <span class='ocrx_word' id='word_1_98' title='bbox 1515 1369 1817 1432; x_wconf 88' lang='lat' dir='ltr'><strong>bonorum,</strong></span> <span class='ocrx_word' id='word_1_99' title='bbox 1848 1379 1906 1424; x_wconf 91' lang='lat' dir='ltr'><strong>et</strong></span> <span class='ocrx_word' id='word_1_100' title='bbox 1943 1384 2049 1424; x_wconf 89' lang='lat' dir='ltr'><strong>non</strong></span> 
     </span>
    </p>
   </div>
   <div class='ocr_carea' id='block_1_13' title="bbox 463 1459 2050 1533">
    <p class='ocr_par' dir='ltr' id='par_1_13' title="bbox 463 1459 2050 1533">
     <span class='ocr_line' id='line_1_13' title="bbox 463 1459 2050 1533; baseline 0.003 -17"><span class='ocrx_word' id='word_1_101' title='bbox 463 1464 584 1532; x_wconf 85' lang='lat' dir='ltr'><strong>ipse</strong></span> <span class='ocrx_word' id='word_1_102' title='bbox 611 1463 759 1517; x_wconf 83' lang='lat' dir='ltr'><strong>radix</strong></span> <span class='ocrx_word' id='word_1_103' title='bbox 783 1471 838 1518; x_wconf 87' lang='lat' dir='ltr'><strong>et</strong></span> <span class='ocrx_word' id='word_1_104' title='bbox 863 1461 982 1517; x_wconf 88' lang='lat' dir='ltr'><strong>fons</strong></span> <span class='ocrx_word' id='word_1_105' title='bbox 1008 1471 1274 1531; x_wconf 79' lang='lat' dir='ltr'><strong>tamquam</strong></span> <span class='ocrx_word' id='word_1_106' title='bbox 1299 1459 1468 1515; x_wconf 85' lang='lat' dir='ltr'><strong>Filius</strong></span> <span class='ocrx_word' id='word_1_107' title='bbox 1488 1502 1502 1527; x_wconf 95' lang='lat'><strong>,</strong></span> <span class='ocrx_word' id='word_1_108' title='bbox 1527 1461 1649 1516; x_wconf 85' lang='lat' dir='ltr'><strong>vide</strong></span> <span class='ocrx_word' id='word_1_109' title='bbox 1674 1477 1903 1533; x_wconf 85' lang='lat' dir='ltr'><strong>quonam</strong></span> <span class='ocrx_word' id='word_1_110' title='bbox 1933 1463 2050 1520; x_wconf 60' lang='lat' dir='ltr'><strong>haec</strong></span> 
     </span>
    </p>
   </div>
   <div class='ocr_carea' id='block_1_14' title="bbox 463 1555 894 1612">
    <p class='ocr_par' dir='ltr' id='par_1_14' title="bbox 463 1555 894 1612">
     <span class='ocr_line' id='line_1_14' title="bbox 463 1555 894 1612; baseline -0.002 -1"><span class='ocrx_word' id='word_1_111' title='bbox 463 1571 556 1612; x_wconf 80' lang='lat' dir='ltr'><strong>res</strong></span> <span class='ocrx_word' id='word_1_112' title='bbox 581 1555 894 1611; x_wconf 84' lang='lat' dir='ltr'><strong>deducatur.</strong></span> 
     </span>
    </p>
   </div>
   <div class='ocr_carea' id='block_1_15' title="bbox 535 1644 2043 1717">
    <p class='ocr_par' dir='ltr' id='par_1_15' title="bbox 535 1644 2043 1717">
     <span class='ocr_line' id='line_1_15' title="bbox 535 1644 2043 1717; baseline 0 -15"><span class='ocrx_word' id='word_1_113' title='bbox 535 1649 590 1703; x_wconf 80' lang='grc'><strong>5.</strong></span> <span class='ocrx_word' id='word_1_114' title='bbox 629 1647 909 1716; x_wconf 85' lang='lat' dir='ltr'><strong>Quomodo</strong></span> <span class='ocrx_word' id='word_1_115' title='bbox 939 1646 1098 1717; x_wconf 86' lang='lat' dir='ltr'><strong>igitur</strong></span> <span class='ocrx_word' id='word_1_116' title='bbox 1118 1687 1133 1711; x_wconf 96' lang='lat'><strong>,</strong></span> <span class='ocrx_word' id='word_1_117' title='bbox 1168 1644 1376 1716; x_wconf 88' lang='lat' dir='ltr'><strong>inquies</strong></span> <span class='ocrx_word' id='word_1_118' title='bbox 1395 1686 1411 1711; x_wconf 95' lang='lat'><strong>,</strong></span> <span class='ocrx_word' id='word_1_119' title='bbox 1438 1645 1567 1700; x_wconf 89' lang='lat' dir='ltr'><strong>dicit</strong></span> <span class='ocrx_word' id='word_1_120' title='bbox 1593 1661 1715 1702; x_wconf 87' lang='lat' dir='ltr'><strong>eum</strong></span> <span class='ocrx_word' id='word_1_121' title='bbox 1745 1646 2043 1702; x_wconf 81' lang='lat' dir='ltr'><strong>ministrum</strong></span> 
     </span>
    </p>
   </div>
   <div class='ocr_carea' id='block_1_16' title="bbox 459 1738 2040 1808">
    <p class='ocr_par' dir='ltr' id='par_1_16' title="bbox 459 1738 2040 1808">
     <span class='ocr_line' id='line_1_16' title="bbox 459 1738 2040 1808; baseline -0.002 -12"><span class='ocrx_word' id='word_1_122' title='bbox 459 1742 627 1797; x_wconf 86' lang='lat' dir='ltr'><strong>fuisse</strong></span> <span class='ocrx_word' id='word_1_123' title='bbox 671 1738 1136 1798; x_wconf 77' lang='lat' dir='ltr'><strong>circumcisioiiis?</strong></span> <span class='ocrx_word' id='word_1_124' title='bbox 1195 1739 1271 1794; x_wconf 90' lang='lat' dir='ltr'><strong>De</strong></span> <span class='ocrx_word' id='word_1_125' title='bbox 1311 1738 1708 1808; x_wconf 89' lang='lat' dir='ltr'><strong>dispensatione</strong></span> <span class='ocrx_word' id='word_1_126' title='bbox 1751 1739 2040 1794; x_wconf 87' lang='lat' dir='ltr'><strong>secundum</strong></span> 
     </span>
    </p>
   </div>
   <div class='ocr_carea' id='block_1_17' title="bbox 459 1831 2039 1903">
    <p class='ocr_par' dir='ltr' id='par_1_17' title="bbox 459 1831 2039 1903">
     <span class='ocr_line' id='line_1_17' title="bbox 459 1831 2039 1903; baseline -0.004 -12"><span class='ocrx_word' id='word_1_127' title='bbox 459 1851 678 1891; x_wconf 84' lang='lat' dir='ltr'><strong>carnem</strong></span> <span class='ocrx_word' id='word_1_128' title='bbox 708 1834 779 1889; x_wconf 87' lang='lat' dir='ltr'><strong>ibi</strong></span> <span class='ocrx_word' id='word_1_129' title='bbox 808 1832 1038 1903; x_wconf 89' lang='lat' dir='ltr'><strong>loquitur</strong></span> <span class='ocrx_word' id='word_1_130' title='bbox 1057 1875 1074 1897; x_wconf 90' lang='lat'><strong>,</strong></span> <span class='ocrx_word' id='word_1_131' title='bbox 1103 1841 1158 1886; x_wconf 88' lang='lat' dir='ltr'><strong>et</strong></span> <span class='ocrx_word' id='word_1_132' title='bbox 1185 1847 1289 1885; x_wconf 90' lang='lat' dir='ltr'><strong>non</strong></span> <span class='ocrx_word' id='word_1_133' title='bbox 1321 1847 1386 1886; x_wconf 91' lang='lat' dir='ltr'><strong>eo</strong></span> <span class='ocrx_word' id='word_1_134' title='bbox 1414 1831 1572 1886; x_wconf 92' lang='lat' dir='ltr'><strong>modo</strong></span> <span class='ocrx_word' id='word_1_135' title='bbox 1600 1847 1706 1903; x_wconf 89' lang='lat' dir='ltr'><strong>quo</strong></span> <span class='ocrx_word' id='word_1_136' title='bbox 1736 1847 1876 1886; x_wconf 91' lang='lat' dir='ltr'><strong>nunc</strong></span> <span class='ocrx_word' id='word_1_137' title='bbox 1902 1831 2039 1886; x_wconf 80' lang='lat' dir='ltr'><strong>dixi-</strong></span> 
     </span>
    </p>
   </div>
   <div class='ocr_carea' id='block_1_18' title="bbox 445 1923 2035 1994">
    <p class='ocr_par' dir='ltr' id='par_1_18' title="bbox 445 1923 2035 1994">
     <span class='ocr_line' id='line_1_18' title="bbox 445 1923 2035 1994; baseline -0.003 -11"><span class='ocrx_word' id='word_1_138' title='bbox 445 1943 577 1993; x_wconf 50' lang='lat' dir='ltr'><strong>.mus</strong></span> <span class='ocrx_word' id='word_1_139' title='bbox 603 1944 617 1980; x_wconf 88' lang='lat'><strong>:</strong></span> <span class='ocrx_word' id='word_1_140' title='bbox 645 1942 766 1981; x_wconf 90' lang='lat' dir='ltr'><strong>nam</strong></span> <span class='ocrx_word' id='word_1_141' title='bbox 797 1926 906 1980; x_wconf 90' lang='lat' dir='ltr'><strong>illic</strong></span> <span class='ocrx_word' id='word_1_142' title='bbox 930 1925 1230 1979; x_wconf 85' lang='lat' dir='ltr'><strong>ministrum</strong></span> <span class='ocrx_word' id='word_1_143' title='bbox 1262 1924 1392 1979; x_wconf 90' lang='lat' dir='ltr'><strong>dicit</strong></span> <span class='ocrx_word' id='word_1_144' title='bbox 1419 1925 1562 1978; x_wconf 92' lang='lat' dir='ltr'><strong>illum</strong></span> <span class='ocrx_word' id='word_1_145' title='bbox 1593 1925 1679 1994; x_wconf 91' lang='lat' dir='ltr'><strong>qui</strong></span> <span class='ocrx_word' id='word_1_146' title='bbox 1706 1923 2035 1993; x_wconf 77' lang='lat' dir='ltr'><strong>adimplevit,</strong></span> 
     </span>
    </p>
   </div>
   <div class='ocr_carea' id='block_1_19' title="bbox 453 2014 2038 2087">
    <p class='ocr_par' dir='ltr' id='par_1_19' title="bbox 453 2014 2038 2087">
     <span class='ocr_line' id='line_1_19' title="bbox 453 2014 2038 2087; baseline -0.002 -13"><span class='ocrx_word' id='word_1_147' title='bbox 453 2035 560 2075; x_wconf 89' lang='lat' dir='ltr'><strong>non</strong></span> <span class='ocrx_word' id='word_1_148' title='bbox 589 2035 712 2074; x_wconf 90' lang='lat' dir='ltr'><strong>eum</strong></span> <span class='ocrx_word' id='word_1_149' title='bbox 744 2017 834 2087; x_wconf 91' lang='lat' dir='ltr'><strong>qui</strong></span> <span class='ocrx_word' id='word_1_150' title='bbox 863 2033 931 2071; x_wconf 86' lang='lat' dir='ltr'><strong>ex</strong></span> <span class='ocrx_word' id='word_1_151' title='bbox 961 2031 1021 2072; x_wconf 87' lang='lat' dir='ltr'><strong>se</strong></span> <span class='ocrx_word' id='word_1_152' title='bbox 1053 2017 1188 2070; x_wconf 88' lang='lat' dir='ltr'><strong>bona</strong></span> <span class='ocrx_word' id='word_1_153' title='bbox 1219 2015 1465 2085; x_wconf 67' lang='lat' dir='ltr'><strong>praebuit.</strong></span> <span class='ocrx_word' id='word_1_154' title='bbox 1492 2014 1602 2070; x_wconf 91' lang='lat' dir='ltr'><strong>Nec</strong></span> <span class='ocrx_word' id='word_1_155' title='bbox 1625 2015 1786 2082; x_wconf 82' lang='lat' dir='ltr'><strong>dixit,</strong></span> <span class='ocrx_word' id='word_1_156' title='bbox 1817 2016 1916 2083; x_wconf 85' lang='lat' dir='ltr'><strong>Qui</strong></span> <span class='ocrx_word' id='word_1_157' title='bbox 1946 2033 2038 2071; x_wconf 85' lang='lat' dir='ltr'><strong>vos</strong></span> 
     </span>
    </p>
   </div>
   <div class='ocr_carea' id='block_1_20' title="bbox 450 2105 2036 2177">
    <p class='ocr_par' dir='ltr' id='par_1_20' title="bbox 450 2105 2036 2177">
     <span class='ocr_line' id='line_1_20' title="bbox 450 2105 2036 2177; baseline -0.001 -11"><span class='ocrx_word' id='word_1_158' title='bbox 450 2112 720 2167; x_wconf 87' lang='lat' dir='ltr'><strong>adducunt</strong></span> <span class='ocrx_word' id='word_1_159' title='bbox 741 2109 809 2165; x_wconf 85' lang='lat' dir='ltr'><strong>ad</strong></span> <span class='ocrx_word' id='word_1_160' title='bbox 841 2108 998 2164; x_wconf 83' lang='lat' dir='ltr'><strong>ﬁdem</strong></span> <span class='ocrx_word' id='word_1_161' title='bbox 1025 2149 1040 2173; x_wconf 90' lang='lat'><strong>,</strong></span> <span class='ocrx_word' id='word_1_162' title='bbox 1067 2108 1162 2163; x_wconf 90' lang='lat' dir='ltr'><strong>sed</strong></span> <span class='ocrx_word' id='word_1_163' title='bbox 1185 2149 1199 2173; x_wconf 96' lang='lat'><strong>,</strong></span> <span class='ocrx_word' id='word_1_164' title='bbox 1234 2105 1340 2162; x_wconf 85' lang='lat' dir='ltr'><strong>Per</strong></span> <span class='ocrx_word' id='word_1_165' title='bbox 1359 2124 1482 2177; x_wconf 89' lang='lat' dir='ltr'><strong>quos</strong></span> <span class='ocrx_word' id='word_1_166' title='bbox 1509 2107 1826 2173; x_wconf 77' lang='lat' dir='ltr'><strong><em>credidistis;</em></strong></span> <span class='ocrx_word' id='word_1_167' title='bbox 1855 2123 2036 2164; x_wconf 88' lang='lat' dir='ltr'><strong>rursus</strong></span> 
     </span>
    </p>
   </div>
   <div class='ocr_carea' id='block_1_21' title="bbox 446 2199 2033 2277">
    <p class='ocr_par' dir='ltr' id='par_1_21' title="bbox 446 2199 2033 2277">
     <span class='ocr_line' id='line_1_21' title="bbox 446 2199 2033 2277; baseline -0.003 -15"><span class='ocrx_word' id='word_1_168' title='bbox 446 2206 558 2264; x_wconf 83' lang='lat' dir='ltr'><strong>illis</strong></span> <span class='ocrx_word' id='word_1_169' title='bbox 595 2206 714 2277; x_wconf 87' lang='lat' dir='ltr'><strong>plus</strong></span> <span class='ocrx_word' id='word_1_170' title='bbox 759 2203 1038 2268; x_wconf 85' lang='lat' dir='ltr'><strong>tribuens,</strong></span> <span class='ocrx_word' id='word_1_171' title='bbox 1069 2210 1124 2256; x_wconf 91' lang='lat' dir='ltr'><strong>ct</strong></span> <span class='ocrx_word' id='word_1_172' title='bbox 1165 2199 1289 2255; x_wconf 86' lang='lat' dir='ltr'><strong>hinc</strong></span> <span class='ocrx_word' id='word_1_173' title='bbox 1332 2200 1606 2256; x_wconf 90' lang='lat' dir='ltr'><strong>ministros</strong></span> <span class='ocrx_word' id='word_1_174' title='bbox 1641 2201 1932 2255; x_wconf 85' lang='lat' dir='ltr'><strong>declarans.</strong></span> <span class='ocrx_word' id='word_1_175' title='bbox 1977 2202 2033 2257; x_wconf 90' lang='lat' dir='ltr'><strong>Si</strong></span> 
     </span>
    </p>
   </div>
   <div class='ocr_carea' id='block_1_22' title="bbox 432 2291 2031 2368">
    <p class='ocr_par' dir='ltr' id='par_1_22' title="bbox 432 2291 2031 2368">
     <span class='ocr_line' id='line_1_22' title="bbox 432 2291 2031 2368; baseline -0.006 -13"><span class='ocrx_word' id='word_1_176' title='bbox 432 2312 577 2368; x_wconf 80' lang='lat' dir='ltr'><strong>ergo</strong></span> <span class='ocrx_word' id='word_1_177' title='bbox 601 2294 755 2350; x_wconf 85' lang='lat' dir='ltr'><strong>alteri</strong></span> <span class='ocrx_word' id='word_1_178' title='bbox 781 2293 1172 2357; x_wconf 88' lang='lat' dir='ltr'><strong>ministrabant,</strong></span> <span class='ocrx_word' id='word_1_179' title='bbox 1196 2291 1464 2362; x_wconf 89' lang='lat' dir='ltr'><strong>quomodo</strong></span> <span class='ocrx_word' id='word_1_180' title='bbox 1485 2291 1538 2345; x_wconf 93' lang='lat' dir='ltr'><strong>hi</strong></span> <span class='ocrx_word' id='word_1_181' title='bbox 1561 2292 1823 2361; x_wconf 87' lang='lat' dir='ltr'><strong>arripiunt</strong></span> <span class='ocrx_word' id='word_1_182' title='bbox 1845 2301 2031 2346; x_wconf 92' lang='lat' dir='ltr'><strong>aucto-</strong></span> 
     </span>
    </p>
   </div>
   <div class='ocr_carea' id='block_1_23' title="bbox 443 2381 2029 2452">
    <p class='ocr_par' dir='ltr' id='par_1_23' title="bbox 443 2381 2029 2452">
     <span class='ocr_line' id='line_1_23' title="bbox 443 2381 2029 2452; baseline -0.003 -10"><span class='ocrx_word' id='word_1_183' title='bbox 443 2388 697 2444; x_wconf 85' lang='lat' dir='ltr'><strong>ritatem?</strong></span> <span class='ocrx_word' id='word_1_184' title='bbox 723 2385 802 2440; x_wconf 85' lang='lat' dir='ltr'><strong>Tu</strong></span> <span class='ocrx_word' id='word_1_185' title='bbox 825 2399 951 2440; x_wconf 83' lang='lat' dir='ltr'><strong>vero</strong></span> <span class='ocrx_word' id='word_1_186' title='bbox 974 2383 1104 2438; x_wconf 90' lang='lat' dir='ltr'><strong>mihi</strong></span> <span class='ocrx_word' id='word_1_187' title='bbox 1125 2382 1456 2450; x_wconf 88' lang='lat' dir='ltr'><strong>consideres,</strong></span> <span class='ocrx_word' id='word_1_188' title='bbox 1479 2381 1747 2452; x_wconf 77' lang='lat' dir='ltr'><strong>quomodo</strong></span> <span class='ocrx_word' id='word_1_189' title='bbox 1774 2397 2029 2452; x_wconf 88' lang='lat' dir='ltr'><strong>nusquam</strong></span> 
     </span>
    </p>
   </div>
   <div class='ocr_carea' id='block_1_24' title="bbox 442 2472 2030 2548">
    <p class='ocr_par' dir='ltr' id='par_1_24' title="bbox 442 2472 2030 2548">
     <span class='ocr_line' id='line_1_24' title="bbox 442 2472 2030 2548; baseline -0.006 -12"><span class='ocrx_word' id='word_1_190' title='bbox 442 2496 538 2536; x_wconf 89' lang='lat' dir='ltr'><strong>eos</strong></span> <span class='ocrx_word' id='word_1_191' title='bbox 562 2488 800 2544; x_wconf 79' lang='lat' dir='ltr'><strong>accuset,</strong></span> <span class='ocrx_word' id='word_1_192' title='bbox 828 2476 979 2548; x_wconf 92' lang='lat' dir='ltr'><strong>quasi</strong></span> <span class='ocrx_word' id='word_1_193' title='bbox 1010 2475 1220 2544; x_wconf 87' lang='lat' dir='ltr'><strong>rapiant</strong></span> <span class='ocrx_word' id='word_1_194' title='bbox 1242 2515 1257 2539; x_wconf 90' lang='lat'><strong>,</strong></span> <span class='ocrx_word' id='word_1_195' title='bbox 1289 2473 1384 2529; x_wconf 90' lang='lat' dir='ltr'><strong>sed</strong></span> <span class='ocrx_word' id='word_1_196' title='bbox 1417 2482 1472 2528; x_wconf 92' lang='lat' dir='ltr'><strong>ut</strong></span> <span class='ocrx_word' id='word_1_197' title='bbox 1496 2472 1586 2542; x_wconf 89' lang='lat' dir='ltr'><strong>qui</strong></span> <span class='ocrx_word' id='word_1_198' title='bbox 1612 2474 1881 2543; x_wconf 87' lang='lat' dir='ltr'><strong>praebeant</strong></span> <span class='ocrx_word' id='word_1_199' title='bbox 1910 2492 1922 2525; x_wconf 91' lang='lat'><strong>:</strong></span> <span class='ocrx_word' id='word_1_200' title='bbox 1955 2475 2030 2527; x_wconf 87' lang='lat' dir='ltr'><strong>la-</strong></span> 
     </span>
    </p>
   </div>
   <div class='ocr_carea' id='block_1_25' title="bbox 443 2567 2026 2644">
    <p class='ocr_par' dir='ltr' id='par_1_25' title="bbox 443 2567 2026 2644">
     <span class='ocr_line' id='line_1_25' title="bbox 443 2567 2026 2644; baseline -0.003 -18"><span class='ocrx_word' id='word_1_201' title='bbox 443 2588 570 2644; x_wconf 82' lang='lat' dir='ltr'><strong>psus</strong></span> <span class='ocrx_word' id='word_1_202' title='bbox 607 2573 748 2627; x_wconf 91' lang='lat' dir='ltr'><strong>enim</strong></span> <span class='ocrx_word' id='word_1_203' title='bbox 788 2585 947 2626; x_wconf 89' lang='lat' dir='ltr'><strong>causa</strong></span> <span class='ocrx_word' id='word_1_204' title='bbox 993 2569 1046 2624; x_wconf 89' lang='lat' dir='ltr'><strong>in</strong></span> <span class='ocrx_word' id='word_1_205' title='bbox 1083 2567 1239 2638; x_wconf 87' lang='lat' dir='ltr'><strong>plebe</strong></span> <span class='ocrx_word' id='word_1_206' title='bbox 1270 2576 1385 2622; x_wconf 90' lang='lat' dir='ltr'><strong>erat</strong></span> <span class='ocrx_word' id='word_1_207' title='bbox 1413 2584 1425 2620; x_wconf 91' lang='lat'><strong>:</strong></span> <span class='ocrx_word' id='word_1_208' title='bbox 1459 2582 1580 2621; x_wconf 91' lang='lat' dir='ltr'><strong>nam</strong></span> <span class='ocrx_word' id='word_1_209' title='bbox 1609 2567 1655 2622; x_wconf 88' lang='lat' dir='ltr'><strong><em>si</em></strong></span> <span class='ocrx_word' id='word_1_210' title='bbox 1685 2567 1760 2621; x_wconf 91' lang='lat' dir='ltr'><strong><em>illi</em></strong></span> <span class='ocrx_word' id='word_1_211' title='bbox 1790 2567 2026 2622; x_wconf 78' lang='lat' dir='ltr'><strong>abstitis-</strong></span> 
     </span>
    </p>
   </div>
   <div class='ocr_carea' id='block_1_26' title="bbox 439 2659 2021 2731">
    <p class='ocr_par' dir='ltr' id='par_1_26' title="bbox 439 2659 2021 2731">
     <span class='ocr_line' id='line_1_26' title="bbox 439 2659 2021 2731; baseline -0.007 -10"><span class='ocrx_word' id='word_1_212' title='bbox 439 2675 581 2730; x_wconf 86' lang='lat' dir='ltr'><strong>sent,</strong></span> <span class='ocrx_word' id='word_1_213' title='bbox 605 2664 661 2720; x_wconf 92' lang='lat' dir='ltr'><strong>hi</strong></span> <span class='ocrx_word' id='word_1_214' title='bbox 685 2664 1031 2720; x_wconf 89' lang='lat' dir='ltr'><strong>destitissent.</strong></span> <span class='ocrx_word' id='word_1_215' title='bbox 1062 2662 1176 2716; x_wconf 91' lang='lat' dir='ltr'><strong>Duo</strong></span> <span class='ocrx_word' id='word_1_216' title='bbox 1201 2660 1358 2731; x_wconf 77' lang='lat' dir='ltr'><strong>igitur</strong></span> <span class='ocrx_word' id='word_1_217' title='bbox 1381 2660 1651 2729; x_wconf 90' lang='lat' dir='ltr'><strong>sapienter</strong></span> <span class='ocrx_word' id='word_1_218' title='bbox 1669 2659 2021 2725; x_wconf 80' lang='lat' dir='ltr'><strong>confirmavit,</strong></span> 
     </span>
    </p>
   </div>
   <div class='ocr_carea' id='block_1_27' title="bbox 439 2751 2026 2826">
    <p class='ocr_par' dir='ltr' id='par_1_27' title="bbox 439 2751 2026 2826">
     <span class='ocr_line' id='line_1_27' title="bbox 439 2751 2026 2826; baseline -0.001 -16"><span class='ocrx_word' id='word_1_219' title='bbox 439 2757 584 2812; x_wconf 89' lang='lat' dir='ltr'><strong>unde</strong></span> <span class='ocrx_word' id='word_1_220' title='bbox 600 2755 880 2826; x_wconf 79' lang='lat' dir='ltr'><strong>oportebat</strong></span> <span class='ocrx_word' id='word_1_221' title='bbox 901 2761 1176 2824; x_wconf 90' lang='lat' dir='ltr'><strong>peccatum</strong></span> <span class='ocrx_word' id='word_1_222' title='bbox 1203 2751 1389 2806; x_wconf 87' lang='lat' dir='ltr'><strong>tollere</strong></span> <span class='ocrx_word' id='word_1_223' title='bbox 1416 2751 1490 2807; x_wconf 91' lang='lat' dir='ltr'><strong>ibi</strong></span> <span class='ocrx_word' id='word_1_224' title='bbox 1510 2752 1823 2818; x_wconf 73' lang='lat' dir='ltr'><strong>suifodiens,</strong></span> <span class='ocrx_word' id='word_1_225' title='bbox 1846 2753 2026 2808; x_wconf 86' lang='lat' dir='ltr'><strong>adver-</strong></span> 
     </span>
    </p>
   </div>
   <div class='ocr_carea' id='block_1_28' title="bbox 437 2842 2022 2912">
    <p class='ocr_par' dir='ltr' id='par_1_28' title="bbox 437 2842 2022 2912">
     <span class='ocr_line' id='line_1_28' title="bbox 437 2842 2022 2912; baseline -0.004 -7"><span class='ocrx_word' id='word_1_226' title='bbox 437 2864 534 2906; x_wconf 88' lang='lat' dir='ltr'><strong>sus</strong></span> <span class='ocrx_word' id='word_1_227' title='bbox 556 2848 678 2903; x_wconf 88' lang='lat' dir='ltr'><strong>illos</strong></span> <span class='ocrx_word' id='word_1_228' title='bbox 702 2846 827 2902; x_wconf 93' lang='lat' dir='ltr'><strong>odio</strong></span> <span class='ocrx_word' id='word_1_229' title='bbox 851 2861 954 2898; x_wconf 92' lang='lat' dir='ltr'><strong>non</strong></span> <span class='ocrx_word' id='word_1_230' title='bbox 977 2845 1296 2908; x_wconf 83' lang='lat' dir='ltr'><strong>concitatus,</strong></span> <span class='ocrx_word' id='word_1_231' title='bbox 1319 2858 1492 2912; x_wconf 88' lang='lat' dir='ltr'><strong>neque</strong></span> <span class='ocrx_word' id='word_1_232' title='bbox 1514 2843 1630 2896; x_wconf 91' lang='lat' dir='ltr'><strong>illos</strong></span> <span class='ocrx_word' id='word_1_233' title='bbox 1655 2842 1884 2899; x_wconf 89' lang='lat' dir='ltr'><strong>reddens</strong></span> <span class='ocrx_word' id='word_1_234' title='bbox 1903 2859 2022 2898; x_wconf 55' lang='lat' dir='ltr'><strong>cono</strong></span> 
     </span>
    </p>
   </div>
   <div class='ocr_carea' id='block_1_29' title="bbox 437 2927 2022 3008">
    <p class='ocr_par' dir='ltr' id='par_1_29' title="bbox 437 2927 2022 3008">
     <span class='ocr_line' id='line_1_29' title="bbox 437 2927 2022 3008; baseline -0.002 -12"><span class='ocrx_word' id='word_1_235' title='bbox 437 2927 817 2998; x_wconf 68' lang='lat' dir='ltr'><strong>tentiosiores.&#39;</strong></span> <span class='ocrx_word' id='word_1_236' title='bbox 838 2938 905 2993; x_wconf 85' lang='lat' dir='ltr'><strong>Et</strong></span> <span class='ocrx_word' id='word_1_237' title='bbox 933 2936 1202 3006; x_wconf 85' lang='lat' dir='ltr'><strong>unicuique</strong></span> <span class='ocrx_word' id='word_1_238' title='bbox 1233 2934 1364 2990; x_wconf 88' lang='lat' dir='ltr'><strong>sicut</strong></span> <span class='ocrx_word' id='word_1_239' title='bbox 1391 2933 1620 2990; x_wconf 82' lang='lat' dir='ltr'><strong>Christus</strong></span> <span class='ocrx_word' id='word_1_240' title='bbox 1642 2936 1801 2991; x_wconf 82' lang='lat' dir='ltr'><strong><em>dedit.</em></strong></span> <span class='ocrx_word' id='word_1_241' title='bbox 1838 2945 2022 3008; x_wconf 84' lang='lat' dir='ltr'><strong>Neque</strong></span> 
     </span>
    </p>
   </div>
   <div class='ocr_carea' id='block_1_30' title="bbox 435 3027 2017 3102">
    <p class='ocr_par' dir='ltr' id='par_1_30' title="bbox 435 3027 2017 3102">
     <span class='ocr_line' id='line_1_30' title="bbox 435 3027 2017 3102; baseline -0.003 -14"><span class='ocrx_word' id='word_1_242' title='bbox 435 3034 578 3089; x_wconf 79' lang='lat' dir='ltr'><strong>enim</strong></span> <span class='ocrx_word' id='word_1_243' title='bbox 610 3032 711 3087; x_wconf 88' lang='lat' dir='ltr'><strong>hoc</strong></span> <span class='ocrx_word' id='word_1_244' title='bbox 740 3033 910 3102; x_wconf 91' lang='lat' dir='ltr'><strong>ipsum</strong></span> <span class='ocrx_word' id='word_1_245' title='bbox 942 3030 1209 3084; x_wconf 88' lang='lat' dir='ltr'><strong>modicum</strong></span> <span class='ocrx_word' id='word_1_246' title='bbox 1245 3044 1275 3083; x_wconf 85' lang='lat' dir='ltr'><strong>a</strong></span> <span class='ocrx_word' id='word_1_247' title='bbox 1311 3027 1502 3098; x_wconf 86' lang='lat' dir='ltr'><strong>seipsis</strong></span> <span class='ocrx_word' id='word_1_248' title='bbox 1533 3029 1832 3095; x_wconf 89' lang='lat' dir='ltr'><strong>habebant,</strong></span> <span class='ocrx_word' id='word_1_249' title='bbox 1865 3029 1958 3085; x_wconf 89' lang='lat' dir='ltr'><strong>sed</strong></span> <span class='ocrx_word' id='word_1_250' title='bbox 1989 3048 2017 3083; x_wconf 88' lang='lat' dir='ltr'><strong>a</strong></span> 
     </span>
    </p>
   </div>
   <div class='ocr_carea' id='block_1_31' title="bbox 433 3122 2018 3196">
    <p class='ocr_par' dir='ltr' id='par_1_31' title="bbox 433 3122 2018 3196">
     <span class='ocr_line' id='line_1_31' title="bbox 433 3122 2018 3196; baseline -0.003 -15"><span class='ocrx_word' id='word_1_251' title='bbox 433 3128 544 3182; x_wconf 92' lang='lat' dir='ltr'><strong>Deo</strong></span> <span class='ocrx_word' id='word_1_252' title='bbox 583 3125 677 3196; x_wconf 90' lang='lat' dir='ltr'><strong>qui</strong></span> <span class='ocrx_word' id='word_1_253' title='bbox 719 3124 1026 3181; x_wconf 85' lang='lat' dir='ltr'><strong>tradiderat.</strong></span> <span class='ocrx_word' id='word_1_254' title='bbox 1072 3123 1149 3178; x_wconf 88' lang='lat' dir='ltr'><strong>Ne</strong></span> <span class='ocrx_word' id='word_1_255' title='bbox 1187 3122 1328 3179; x_wconf 88' lang='lat' dir='ltr'><strong>enim</strong></span> <span class='ocrx_word' id='word_1_256' title='bbox 1367 3122 1610 3179; x_wconf 87' lang='lat' dir='ltr'><strong>dicerent</strong></span> <span class='ocrx_word' id='word_1_257' title='bbox 1638 3142 1651 3178; x_wconf 91' lang='lat'>:</span> <span class='ocrx_word' id='word_1_258' title='bbox 1679 3124 1814 3192; x_wconf 90' lang='lat' dir='ltr'><strong>Quid</strong></span> <span class='ocrx_word' id='word_1_259' title='bbox 1853 3126 2018 3195; x_wconf 78' lang='lat' dir='ltr'><strong>ergo?</strong></span> 
     </span>
    </p>
   </div>
   <div class='ocr_carea' id='block_1_32' title="bbox 429 3217 2016 3290">
    <p class='ocr_par' dir='ltr' id='par_1_32' title="bbox 429 3217 2016 3290">
     <span class='ocr_line' id='line_1_32' title="bbox 429 3217 2016 3290; baseline -0.004 -14"><span class='ocrx_word' id='word_1_260' title='bbox 429 3222 498 3276; x_wconf 88' lang='lat' dir='ltr'><strong>iis</strong></span> <span class='ocrx_word' id='word_1_261' title='bbox 537 3219 627 3290; x_wconf 84' lang='lat' dir='ltr'><strong>qui</strong></span> <span class='ocrx_word' id='word_1_262' title='bbox 666 3218 820 3273; x_wconf 88' lang='lat' dir='ltr'><strong>nobis</strong></span> <span class='ocrx_word' id='word_1_263' title='bbox 860 3217 1204 3280; x_wconf 87' lang='lat' dir='ltr'><strong>ministrant,</strong></span> <span class='ocrx_word' id='word_1_264' title='bbox 1238 3231 1342 3269; x_wconf 92' lang='lat' dir='ltr'><strong>non</strong></span> <span class='ocrx_word' id='word_1_265' title='bbox 1383 3225 1625 3270; x_wconf 82' lang='lat' dir='ltr'><strong>amanter</strong></span> <span class='ocrx_word' id='word_1_266' title='bbox 1654 3217 2016 3271; x_wconf 66' lang='lat' dir='ltr'><strong>haerebimus?</strong></span> 
     </span>
    </p>
   </div>
   <div class='ocr_carea' id='block_1_33' title="bbox 429 3311 2016 3383">
    <p class='ocr_par' dir='ltr' id='par_1_33' title="bbox 429 3311 2016 3383">
     <span class='ocr_line' id='line_1_33' title="bbox 429 3311 2016 3383; baseline -0.003 -13"><span class='ocrx_word' id='word_1_267' title='bbox 429 3317 644 3380; x_wconf 87' lang='lat' dir='ltr'><strong>Etiam,</strong></span> <span class='ocrx_word' id='word_1_268' title='bbox 677 3311 890 3383; x_wconf 83' lang='lat' dir='ltr'><strong>inquit,</strong></span> <span class='ocrx_word' id='word_1_269' title='bbox 927 3311 1020 3365; x_wconf 91' lang='lat' dir='ltr'><strong>sed</strong></span> <span class='ocrx_word' id='word_1_270' title='bbox 1065 3311 1202 3365; x_wconf 88' lang='lat' dir='ltr'><strong>scire</strong></span> <span class='ocrx_word' id='word_1_271' title='bbox 1243 3316 1458 3377; x_wconf 87' lang='lat' dir='ltr'><strong>oportet</strong></span> <span class='ocrx_word' id='word_1_272' title='bbox 1499 3324 1814 3379; x_wconf 84' lang='lat' dir='ltr'><strong>quousque:</strong></span> <span class='ocrx_word' id='word_1_273' title='bbox 1844 3326 2016 3380; x_wconf 87' lang='lat' dir='ltr'><strong>neque</strong></span> 
     </span>
    </p>
   </div>
   <div class='ocr_carea' id='block_1_34' title="bbox 428 3400 2011 3474">
    <p class='ocr_par' dir='ltr' id='par_1_34' title="bbox 428 3400 2011 3474">
     <span class='ocr_line' id='line_1_34' title="bbox 428 3400 2011 3474; baseline -0.004 -10"><span class='ocrx_word' id='word_1_274' title='bbox 428 3409 572 3464; x_wconf 83' lang='lat' dir='ltr'><strong>enim</strong></span> <span class='ocrx_word' id='word_1_275' title='bbox 625 3406 728 3460; x_wconf 91' lang='lat' dir='ltr'><strong>hoc</strong></span> <span class='ocrx_word' id='word_1_276' title='bbox 771 3405 942 3474; x_wconf 87' lang='lat' dir='ltr'><strong>ipsum</strong></span> <span class='ocrx_word' id='word_1_277' title='bbox 969 3417 1080 3457; x_wconf 89' lang='lat' dir='ltr'><strong>ase</strong></span> <span class='ocrx_word' id='word_1_278' title='bbox 1105 3401 1323 3468; x_wconf 83' lang='lat' dir='ltr'><strong>habent,</strong></span> <span class='ocrx_word' id='word_1_279' title='bbox 1361 3400 1454 3456; x_wconf 87' lang='lat' dir='ltr'><strong>sed</strong></span> <span class='ocrx_word' id='word_1_280' title='bbox 1493 3416 1523 3455; x_wconf 89' lang='lat' dir='ltr'><strong>a</strong></span> <span class='ocrx_word' id='word_1_281' title='bbox 1567 3401 1678 3456; x_wconf 90' lang='lat' dir='ltr'><strong>Deo</strong></span> <span class='ocrx_word' id='word_1_282' title='bbox 1715 3404 1802 3472; x_wconf 86' lang='lat' dir='ltr'><strong>qui</strong></span> <span class='ocrx_word' id='word_1_283' title='bbox 1844 3403 2011 3458; x_wconf 88' lang='lat' dir='ltr'><strong>dedit.</strong></span> 
     </span>
    </p>
   </div>
   <div class='ocr_carea' id='block_1_35' title="bbox 427 3491 2013 3571">
    <p class='ocr_par' dir='ltr' id='par_1_35' title="bbox 427 3491 2013 3571">
     <span class='ocr_line' id='line_1_35' title="bbox 427 3491 2013 3571; baseline -0.002 -19"><span class='ocrx_word' id='word_1_284' title='bbox 427 3501 478 3553; x_wconf 86' lang='lat'><strong>6.</strong></span> <span class='ocrx_word' id='word_1_285' title='bbox 508 3497 620 3571; x_wconf 76' lang='lat' dir='ltr'><strong>Ego</strong></span> <span class='ocrx_word' id='word_1_286' title='bbox 649 3497 870 3566; x_wconf 80' lang='lat' dir='ltr'><strong>planta-oi</strong></span> <span class='ocrx_word' id='word_1_287' title='bbox 897 3535 911 3560; x_wconf 96' lang='lat'><strong>,</strong></span> <span class='ocrx_word' id='word_1_288' title='bbox 940 3494 1121 3566; x_wconf 79' lang='lat' dir='ltr'><strong>Apollo</strong></span> <span class='ocrx_word' id='word_1_289' title='bbox 1141 3493 1356 3563; x_wconf 81' lang='lat' dir='ltr'><strong>rigavit;</strong></span> <span class='ocrx_word' id='word_1_290' title='bbox 1385 3491 1522 3546; x_wconf 90' lang='lat' dir='ltr'><strong>Deus</strong></span> <span class='ocrx_word' id='word_1_291' title='bbox 1545 3503 1714 3548; x_wconf 88' lang='lat' dir='ltr'><strong>autem</strong></span> <span class='ocrx_word' id='word_1_292' title='bbox 1738 3495 2013 3550; x_wconf 86' lang='lat' dir='ltr'><strong>incremen-</strong></span> 
     </span>
    </p>
   </div>
   <div class='ocr_carea' id='block_1_36' title="bbox 426 3584 2010 3656">
    <p class='ocr_par' dir='ltr' id='par_1_36' title="bbox 426 3584 2010 3656">
     <span class='ocr_line' id='line_1_36' title="bbox 426 3584 2010 3656; baseline -0.001 -12"><span class='ocrx_word' id='word_1_293' title='bbox 426 3603 534 3644; x_wconf 87' lang='lat' dir='ltr'><strong>tum</strong></span> <span class='ocrx_word' id='word_1_294' title='bbox 579 3589 740 3644; x_wconf 83' lang='lat' dir='ltr'><strong>dedit.</strong></span> <span class='ocrx_word' id='word_1_295' title='bbox 774 3588 830 3644; x_wconf 87' lang='lat' dir='ltr'><strong>ld</strong></span> <span class='ocrx_word' id='word_1_296' title='bbox 872 3595 990 3654; x_wconf 83' lang='lat' dir='ltr'><strong>est,</strong></span> <span class='ocrx_word' id='word_1_297' title='bbox 1023 3587 1225 3656; x_wconf 90' lang='lat' dir='ltr'><strong>primus</strong></span> <span class='ocrx_word' id='word_1_298' title='bbox 1253 3584 1474 3640; x_wconf 83' lang='lat' dir='ltr'><strong>verbum</strong></span> <span class='ocrx_word' id='word_1_299' title='bbox 1515 3586 1713 3640; x_wconf 85' lang='lat' dir='ltr'><strong>inserui</strong></span> <span class='ocrx_word' id='word_1_300' title='bbox 1745 3604 1758 3639; x_wconf 89' lang='lat'><strong>:</strong></span> <span class='ocrx_word' id='word_1_301' title='bbox 1788 3602 1856 3642; x_wconf 85' lang='lat' dir='ltr'><strong>ne</strong></span> <span class='ocrx_word' id='word_1_302' title='bbox 1885 3603 2010 3643; x_wconf 92' lang='lat' dir='ltr'><strong>vero</strong></span> 
     </span>
    </p>
   </div>
   <div class='ocr_carea' id='block_1_37' title="bbox 424 3678 2010 3752">
    <p class='ocr_par' dir='ltr' id='par_1_37' title="bbox 424 3678 2010 3752">
     <span class='ocr_line' id='line_1_37' title="bbox 424 3678 2010 3752; baseline -0.001 -14"><span class='ocrx_word' id='word_1_303' title='bbox 424 3684 628 3739; x_wconf 86' lang='lat' dir='ltr'><strong>semina</strong></span> <span class='ocrx_word' id='word_1_304' title='bbox 657 3680 1037 3738; x_wconf 84' lang='lat' dir='ltr'><strong>tentatiouibus</strong></span> <span class='ocrx_word' id='word_1_305' title='bbox 1059 3678 1477 3746; x_wconf 83' lang='lat' dir='ltr'><strong>exsiccarentur,</strong></span> <span class='ocrx_word' id='word_1_306' title='bbox 1499 3694 1594 3734; x_wconf 91' lang='lat' dir='ltr'><strong>sua</strong></span> <span class='ocrx_word' id='word_1_307' title='bbox 1620 3679 1825 3736; x_wconf 79' lang='lat' dir='ltr'><strong>addidit</strong></span> <span class='ocrx_word' id='word_1_308' title='bbox 1849 3683 2010 3752; x_wconf 86' lang='lat' dir='ltr'><strong>Apol-</strong></span> 
     </span>
    </p>
   </div>
   <div class='ocr_carea' id='block_1_38' title="bbox 423 3770 2010 3845">
    <p class='ocr_par' dir='ltr' id='par_1_38' title="bbox 423 3770 2010 3845">
     <span class='ocr_line' id='line_1_38' title="bbox 423 3770 2010 3845; baseline 0 -15"><span class='ocrx_word' id='word_1_309' title='bbox 423 3776 512 3843; x_wconf 83' lang='lat' dir='ltr'><strong>lu;</strong></span> <span class='ocrx_word' id='word_1_310' title='bbox 539 3784 705 3831; x_wconf 90' lang='lat' dir='ltr'><strong>totum</strong></span> <span class='ocrx_word' id='word_1_311' title='bbox 737 3783 913 3829; x_wconf 89' lang='lat' dir='ltr'><strong>autem</strong></span> <span class='ocrx_word' id='word_1_312' title='bbox 947 3772 1038 3827; x_wconf 87' lang='lat' dir='ltr'><strong>Dei</strong></span> <span class='ocrx_word' id='word_1_313' title='bbox 1076 3771 1194 3826; x_wconf 91' lang='lat' dir='ltr'><strong>fuit.</strong></span> <span class='ocrx_word' id='word_1_314' title='bbox 1228 3771 1280 3826; x_wconf 93' lang='lat'><strong>7.</strong></span> <span class='ocrx_word' id='word_1_315' title='bbox 1309 3770 1492 3842; x_wconf 80' lang='lat' dir='ltr'><strong>Itaque</strong></span> <span class='ocrx_word' id='word_1_316' title='bbox 1517 3789 1674 3844; x_wconf 88' lang='lat' dir='ltr'><strong>neque</strong></span> <span class='ocrx_word' id='word_1_317' title='bbox 1699 3774 1784 3844; x_wconf 89' lang='lat' dir='ltr'><strong>qui</strong></span> <span class='ocrx_word' id='word_1_318' title='bbox 1813 3774 2010 3845; x_wconf 80' lang='lat' dir='ltr'><strong>plantat</strong></span> 
     </span>
    </p>
   </div>
   <div class='ocr_carea' id='block_1_39' title="bbox 422 3863 2007 3938">
    <p class='ocr_par' dir='ltr' id='par_1_39' title="bbox 422 3863 2007 3938">
     <span class='ocr_line' id='line_1_39' title="bbox 422 3863 2007 3938; baseline -0.003 -14"><span class='ocrx_word' id='word_1_319' title='bbox 422 3879 496 3924; x_wconf 87' lang='lat' dir='ltr'><strong>est</strong></span> <span class='ocrx_word' id='word_1_320' title='bbox 534 3867 758 3938; x_wconf 82' lang='lat' dir='ltr'><strong>aliquid,</strong></span> <span class='ocrx_word' id='word_1_321' title='bbox 796 3881 956 3936; x_wconf 87' lang='lat' dir='ltr'><strong>neque</strong></span> <span class='ocrx_word' id='word_1_322' title='bbox 978 3864 1064 3934; x_wconf 89' lang='lat' dir='ltr'><strong>qui</strong></span> <span class='ocrx_word' id='word_1_323' title='bbox 1093 3864 1261 3935; x_wconf 88' lang='lat' dir='ltr'><strong>rigat,</strong></span> <span class='ocrx_word' id='word_1_324' title='bbox 1289 3863 1378 3918; x_wconf 83' lang='lat' dir='ltr'><strong>sed</strong></span> <span class='ocrx_word' id='word_1_325' title='bbox 1403 3864 1490 3934; x_wconf 88' lang='lat' dir='ltr'><strong>qui</strong></span> <span class='ocrx_word' id='word_1_326' title='bbox 1526 3863 1614 3918; x_wconf 90' lang='lat' dir='ltr'><strong>dat</strong></span> <span class='ocrx_word' id='word_1_327' title='bbox 1650 3866 2007 3921; x_wconf 78' lang='lat' dir='ltr'><strong>incrementum</strong></span> 
     </span>
    </p>
   </div>
   <div class='ocr_carea' id='block_1_40' title="bbox 421 3956 2006 4029">
    <p class='ocr_par' dir='ltr' id='par_1_40' title="bbox 421 3956 2006 4029">
     <span class='ocr_line' id='line_1_40' title="bbox 421 3956 2006 4029; baseline -0.001 -13"><span class='ocrx_word' id='word_1_328' title='bbox 421 3961 581 4016; x_wconf 86' lang='lat' dir='ltr'><strong>Deus.</strong></span> <span class='ocrx_word' id='word_1_329' title='bbox 616 3958 801 4015; x_wconf 86' lang='lat' dir='ltr'><strong>Vidcn&#39;</strong></span> <span class='ocrx_word' id='word_1_330' title='bbox 829 3956 1096 4028; x_wconf 86' lang='lat' dir='ltr'><strong>quomodo</strong></span> <span class='ocrx_word' id='word_1_331' title='bbox 1128 3956 1248 4011; x_wconf 89' lang='lat' dir='ltr'><strong>illos</strong></span> <span class='ocrx_word' id='word_1_332' title='bbox 1271 3956 1581 4012; x_wconf 89' lang='lat' dir='ltr'><strong>consoletur</strong></span> <span class='ocrx_word' id='word_1_333' title='bbox 1603 3997 1619 4025; x_wconf 90' lang='lat'><strong>,</strong></span> <span class='ocrx_word' id='word_1_334' title='bbox 1657 3966 1716 4013; x_wconf 88' lang='lat' dir='ltr'><strong>ut</strong></span> <span class='ocrx_word' id='word_1_335' title='bbox 1743 3974 1810 4014; x_wconf 89' lang='lat' dir='ltr'><strong>ne</strong></span> <span class='ocrx_word' id='word_1_336' title='bbox 1847 3974 2006 4029; x_wconf 84' lang='lat' dir='ltr'><strong>aspe-</strong></span> 
     </span>
    </p>
   </div>
   <div class='ocr_carea' id='block_1_41' title="bbox 420 4050 2005 4124">
    <p class='ocr_par' dir='ltr' id='par_1_41' title="bbox 420 4050 2005 4124">
     <span class='ocr_line' id='line_1_41' title="bbox 420 4050 2005 4124; baseline -0.002 -12"><span class='ocrx_word' id='word_1_337' title='bbox 420 4056 598 4112; x_wconf 85' lang='lat' dir='ltr'><strong>riores</strong></span> <span class='ocrx_word' id='word_1_338' title='bbox 628 4054 754 4107; x_wconf 79' lang='lat' dir='ltr'><strong>fiant</strong></span> <span class='ocrx_word' id='word_1_339' title='bbox 780 4067 847 4107; x_wconf 78' lang='lat' dir='ltr'><strong>ex</strong></span> <span class='ocrx_word' id='word_1_340' title='bbox 874 4066 941 4106; x_wconf 91' lang='lat' dir='ltr'><strong>eo</strong></span> <span class='ocrx_word' id='word_1_341' title='bbox 967 4050 1111 4123; x_wconf 89' lang='lat' dir='ltr'><strong>quod</strong></span> <span class='ocrx_word' id='word_1_342' title='bbox 1137 4050 1436 4120; x_wconf 87' lang='lat' dir='ltr'><strong>audierint,</strong></span> <span class='ocrx_word' id='word_1_343' title='bbox 1469 4051 1600 4118; x_wconf 89' lang='lat' dir='ltr'><strong>Quis</strong></span> <span class='ocrx_word' id='word_1_344' title='bbox 1627 4060 1709 4107; x_wconf 91' lang='lat' dir='ltr'><strong>est</strong></span> <span class='ocrx_word' id='word_1_345' title='bbox 1737 4052 1858 4118; x_wconf 88' lang='lat' dir='ltr'><strong>iste,</strong></span> <span class='ocrx_word' id='word_1_346' title='bbox 1887 4055 2005 4124; x_wconf 89' lang='lat' dir='ltr'><strong>quis</strong></span> 
     </span>
    </p>
   </div>
   <div class='ocr_carea' id='block_1_42' title="bbox 419 4144 2000 4216">
    <p class='ocr_par' dir='ltr' id='par_1_42' title="bbox 419 4144 2000 4216">
     <span class='ocr_line' id='line_1_42' title="bbox 419 4144 2000 4216; baseline -0.001 -11"><span class='ocrx_word' id='word_1_347' title='bbox 419 4158 500 4205; x_wconf 87' lang='lat' dir='ltr'><strong>est</strong></span> <span class='ocrx_word' id='word_1_348' title='bbox 526 4147 654 4203; x_wconf 89' lang='lat' dir='ltr'><strong>ille?</strong></span> <span class='ocrx_word' id='word_1_349' title='bbox 679 4147 816 4202; x_wconf 80' lang='lat' dir='ltr'><strong>Sunt</strong></span> <span class='ocrx_word' id='word_1_350' title='bbox 835 4144 979 4201; x_wconf 88' lang='lat' dir='ltr'><strong>enim</strong></span> <span class='ocrx_word' id='word_1_351' title='bbox 1001 4153 1226 4215; x_wconf 87' lang='lat' dir='ltr'><strong>utraque</strong></span> <span class='ocrx_word' id='word_1_352' title='bbox 1250 4159 1499 4208; x_wconf 87' lang='lat' dir='ltr'><strong>onerosa,</strong></span> <span class='ocrx_word' id='word_1_353' title='bbox 1521 4155 1577 4201; x_wconf 93' lang='lat' dir='ltr'><strong>et</strong></span> <span class='ocrx_word' id='word_1_354' title='bbox 1597 4145 1738 4216; x_wconf 87' lang='lat' dir='ltr'><strong>quod</strong></span> <span class='ocrx_word' id='word_1_355' title='bbox 1759 4146 2000 4214; x_wconf 82' lang='lat' dir='ltr'><strong>dixisset,</strong></span> 
     </span>
    </p>
   </div>
   <div class='ocr_carea' id='block_1_43' title="bbox 419 4236 2002 4309">
    <p class='ocr_par' dir='ltr' id='par_1_43' title="bbox 419 4236 2002 4309">
     <span class='ocr_line' id='line_1_43' title="bbox 419 4236 2002 4309; baseline -0.001 -15"><span class='ocrx_word' id='word_1_356' title='bbox 419 4241 551 4307; x_wconf 86' lang='lat' dir='ltr'><strong>Quis</strong></span> <span class='ocrx_word' id='word_1_357' title='bbox 576 4249 658 4295; x_wconf 90' lang='lat' dir='ltr'><strong>est</strong></span> <span class='ocrx_word' id='word_1_358' title='bbox 696 4238 798 4294; x_wconf 86' lang='lat' dir='ltr'><strong>iste</strong></span> <span class='ocrx_word' id='word_1_359' title='bbox 819 4279 835 4304; x_wconf 90' lang='lat'><strong>,</strong></span> <span class='ocrx_word' id='word_1_360' title='bbox 868 4237 986 4309; x_wconf 87' lang='lat' dir='ltr'><strong>quis</strong></span> <span class='ocrx_word' id='word_1_361' title='bbox 1011 4245 1096 4293; x_wconf 88' lang='lat' dir='ltr'><strong>est</strong></span> <span class='ocrx_word' id='word_1_362' title='bbox 1129 4236 1258 4292; x_wconf 80' lang='lat' dir='ltr'><strong>ille?</strong></span> <span class='ocrx_word' id='word_1_363' title='bbox 1282 4244 1337 4291; x_wconf 89' lang='lat' dir='ltr'><strong>et</strong></span> <span class='ocrx_word' id='word_1_364' title='bbox 1364 4237 1504 4307; x_wconf 89' lang='lat' dir='ltr'><strong>quod</strong></span> <span class='ocrx_word' id='word_1_365' title='bbox 1530 4237 1753 4293; x_wconf 80' lang='lat' dir='ltr'><strong>dixisset</strong></span> <span class='ocrx_word' id='word_1_366' title='bbox 1777 4277 1792 4302; x_wconf 91' lang='lat'><strong>,</strong></span> <span class='ocrx_word' id='word_1_367' title='bbox 1820 4237 2002 4308; x_wconf 83' lang='lat' dir='ltr'><strong>Neque</strong></span> 
     </span>
    </p>
   </div>
   <div class='ocr_carea' id='block_1_44' title="bbox 418 4328 2002 4402">
    <p class='ocr_par' dir='ltr' id='par_1_44' title="bbox 418 4328 2002 4402">
     <span class='ocr_line' id='line_1_44' title="bbox 418 4328 2002 4402; baseline 0.001 -16"><span class='ocrx_word' id='word_1_368' title='bbox 418 4333 506 4402; x_wconf 91' lang='lat' dir='ltr'><strong>qui</strong></span> <span class='ocrx_word' id='word_1_369' title='bbox 549 4333 786 4402; x_wconf 84' lang='lat' dir='ltr'><strong>plantat,</strong></span> <span class='ocrx_word' id='word_1_370' title='bbox 829 4345 1006 4401; x_wconf 89' lang='lat' dir='ltr'><strong>neque</strong></span> <span class='ocrx_word' id='word_1_371' title='bbox 1042 4328 1134 4400; x_wconf 90' lang='lat' dir='ltr'><strong>qui</strong></span> <span class='ocrx_word' id='word_1_372' title='bbox 1173 4329 1308 4400; x_wconf 77' lang='lat' dir='ltr'><strong>rigat</strong></span> <span class='ocrx_word' id='word_1_373' title='bbox 1344 4337 1431 4385; x_wconf 90' lang='lat' dir='ltr'><strong>est</strong></span> <span class='ocrx_word' id='word_1_374' title='bbox 1467 4329 1684 4400; x_wconf 87' lang='lat' dir='ltr'><strong>aliquid.</strong></span> <span class='ocrx_word' id='word_1_375' title='bbox 1725 4330 2002 4397; x_wconf 83' lang='lat' dir='ltr'><strong>Quomodo</strong></span> 
     </span>
    </p>
   </div>
   <div class='ocr_carea' id='block_1_45' title="bbox 418 4420 2003 4496">
    <p class='ocr_par' dir='ltr' id='par_1_45' title="bbox 418 4420 2003 4496">
     <span class='ocr_line' id='line_1_45' title="bbox 418 4420 2003 4496; baseline -0.001 -17"><span class='ocrx_word' id='word_1_376' title='bbox 418 4439 546 4496; x_wconf 78' lang='lat' dir='ltr'><strong>ergo</strong></span> <span class='ocrx_word' id='word_1_377' title='bbox 574 4424 715 4478; x_wconf 84' lang='lat' dir='ltr'><strong>circa</strong></span> <span class='ocrx_word' id='word_1_378' title='bbox 757 4423 871 4477; x_wconf 76' lang='lat' dir='ltr'><strong>lucc</strong></span> <span class='ocrx_word' id='word_1_379' title='bbox 898 4420 1322 4476; x_wconf 89' lang='lat' dir='ltr'><strong>consolationem</strong></span> <span class='ocrx_word' id='word_1_380' title='bbox 1351 4420 1563 4475; x_wconf 87' lang='lat' dir='ltr'><strong>attulit?</strong></span> <span class='ocrx_word' id='word_1_381' title='bbox 1605 4420 1756 4488; x_wconf 88' lang='lat' dir='ltr'><strong>Quod</strong></span> <span class='ocrx_word' id='word_1_382' title='bbox 1789 4422 1840 4476; x_wconf 92' lang='lat' dir='ltr'><strong>in</strong></span> <span class='ocrx_word' id='word_1_383' title='bbox 1879 4438 2003 4493; x_wconf 85' lang='lat' dir='ltr'><strong>pro-</strong></span> 
     </span>
    </p>
   </div>
   <div class='ocr_carea' id='block_1_46' title="bbox 415 4512 2002 4587">
    <p class='ocr_par' dir='ltr' id='par_1_46' title="bbox 415 4512 2002 4587">
     <span class='ocr_line' id='line_1_46' title="bbox 415 4512 2002 4587; baseline -0.001 -17"><span class='ocrx_word' id='word_1_384' title='bbox 415 4518 585 4587; x_wconf 88' lang='lat' dir='ltr'><strong>priam</strong></span> <span class='ocrx_word' id='word_1_385' title='bbox 618 4529 900 4586; x_wconf 83' lang='lat' dir='ltr'><strong>personam</strong></span> <span class='ocrx_word' id='word_1_386' title='bbox 929 4513 1241 4584; x_wconf 89' lang='lat' dir='ltr'><strong>despectum</strong></span> <span class='ocrx_word' id='word_1_387' title='bbox 1269 4512 1499 4569; x_wconf 87' lang='lat' dir='ltr'><strong>adducat</strong></span> <span class='ocrx_word' id='word_1_388' title='bbox 1521 4528 1642 4570; x_wconf 91' lang='lat' dir='ltr'><strong>cum</strong></span> <span class='ocrx_word' id='word_1_389' title='bbox 1671 4514 1798 4570; x_wconf 91' lang='lat' dir='ltr'><strong>dicit</strong></span> <span class='ocrx_word' id='word_1_390' title='bbox 1829 4536 1843 4570; x_wconf 91' lang='lat'><strong>:</strong></span> <span class='ocrx_word' id='word_1_391' title='bbox 1874 4514 2002 4580; x_wconf 85' lang='lat' dir='ltr'><strong>Quis</strong></span> 
     </span>
    </p>
   </div>
   <div class='ocr_carea' id='block_1_47' title="bbox 415 4603 2000 4675">
    <p class='ocr_par' dir='ltr' id='par_1_47' title="bbox 415 4603 2000 4675">
     <span class='ocr_line' id='line_1_47' title="bbox 415 4603 2000 4675; baseline -0.001 -15"><span class='ocrx_word' id='word_1_392' title='bbox 415 4608 560 4661; x_wconf 86' lang='lat' dir='ltr'><strong>enim</strong></span> <span class='ocrx_word' id='word_1_393' title='bbox 589 4616 659 4660; x_wconf 88' lang='lat' dir='ltr'><strong><em>est</em></strong></span> <span class='ocrx_word' id='word_1_394' title='bbox 687 4603 886 4659; x_wconf 83' lang='lat' dir='ltr'><strong>Paulus</strong></span> <span class='ocrx_word' id='word_1_395' title='bbox 909 4645 925 4672; x_wconf 97' lang='lat'><strong>,</strong></span> <span class='ocrx_word' id='word_1_396' title='bbox 955 4605 1066 4675; x_wconf 86' lang='lat' dir='ltr'><strong>quis</strong></span> <span class='ocrx_word' id='word_1_397' title='bbox 1095 4603 1326 4674; x_wconf 78' lang='lat' dir='ltr'><strong>Apollo?</strong></span> <span class='ocrx_word' id='word_1_398' title='bbox 1349 4613 1404 4660; x_wconf 90' lang='lat' dir='ltr'><strong>et</strong></span> <span class='ocrx_word' id='word_1_399' title='bbox 1431 4603 1574 4674; x_wconf 91' lang='lat' dir='ltr'><strong>quod</strong></span> <span class='ocrx_word' id='word_1_400' title='bbox 1600 4605 1749 4659; x_wconf 90' lang='lat' dir='ltr'><strong>danti</strong></span> <span class='ocrx_word' id='word_1_401' title='bbox 1779 4605 1888 4660; x_wconf 89' lang='lat' dir='ltr'><strong>Deo</strong></span> <span class='ocrx_word' id='word_1_402' title='bbox 1915 4614 2000 4659; x_wconf 82' lang='lat' dir='ltr'><strong>to-</strong></span> 
     </span>
    </p>
   </div>
   <div class='ocr_carea' id='block_1_48' title="bbox 415 4697 1999 4767">
    <p class='ocr_par' dir='ltr' id='par_1_48' title="bbox 415 4697 1999 4767">
     <span class='ocr_line' id='line_1_48' title="bbox 415 4697 1999 4767; baseline 0.001 -14"><span class='ocrx_word' id='word_1_403' title='bbox 415 4709 526 4753; x_wconf 91' lang='lat' dir='ltr'><strong>tum</strong></span> <span class='ocrx_word' id='word_1_404' title='bbox 558 4698 771 4753; x_wconf 87' lang='lat' dir='ltr'><strong>referat.</strong></span> <span class='ocrx_word' id='word_1_405' title='bbox 800 4698 935 4753; x_wconf 85' lang='lat' dir='ltr'><strong>Cum</strong></span> <span class='ocrx_word' id='word_1_406' title='bbox 961 4697 1104 4754; x_wconf 87' lang='lat' dir='ltr'><strong>enim</strong></span> <span class='ocrx_word' id='word_1_407' title='bbox 1129 4697 1370 4763; x_wconf 84' lang='lat' dir='ltr'><strong>dixisset,</strong></span> <span class='ocrx_word' id='word_1_408' title='bbox 1403 4698 1500 4752; x_wconf 89' lang='lat' dir='ltr'><strong>Hie</strong></span> <span class='ocrx_word' id='word_1_409' title='bbox 1529 4698 1802 4767; x_wconf 86' lang='lat' dir='ltr'><strong>plantavit,</strong></span> <span class='ocrx_word' id='word_1_410' title='bbox 1825 4708 1879 4753; x_wconf 89' lang='lat' dir='ltr'><strong>et</strong></span> <span class='ocrx_word' id='word_1_411' title='bbox 1901 4698 1999 4754; x_wconf 80' lang='lat' dir='ltr'><strong>ad-</strong></span> 
     </span>
    </p>
   </div>
   <div class='ocr_carea' id='block_1_49' title="bbox 414 4789 2002 4860">
    <p class='ocr_par' dir='ltr' id='par_1_49' title="bbox 414 4789 2002 4860">
     <span class='ocr_line' id='line_1_49' title="bbox 414 4789 2002 4860; baseline 0 -14"><span class='ocrx_word' id='word_1_412' title='bbox 414 4791 642 4846; x_wconf 88' lang='lat' dir='ltr'><strong>didisset</strong></span> <span class='ocrx_word' id='word_1_413' title='bbox 668 4789 797 4844; x_wconf 89' lang='lat' dir='ltr'><strong>nihil</strong></span> <span class='ocrx_word' id='word_1_414' title='bbox 824 4805 943 4846; x_wconf 87' lang='lat' dir='ltr'><strong>esse</strong></span> <span class='ocrx_word' id='word_1_415' title='bbox 967 4805 1090 4846; x_wconf 90' lang='lat' dir='ltr'><strong>eum</strong></span> <span class='ocrx_word' id='word_1_416' title='bbox 1115 4789 1207 4859; x_wconf 92' lang='lat' dir='ltr'><strong>qui</strong></span> <span class='ocrx_word' id='word_1_417' title='bbox 1234 4789 1470 4860; x_wconf 88' lang='lat' dir='ltr'><strong>plantat,</strong></span> <span class='ocrx_word' id='word_1_418' title='bbox 1499 4789 1723 4858; x_wconf 88' lang='lat' dir='ltr'><strong>addidit,</strong></span> <span class='ocrx_word' id='word_1_419' title='bbox 1756 4792 1874 4858; x_wconf 87' lang='lat' dir='ltr'><strong>sed,</strong></span> <span class='ocrx_word' id='word_1_420' title='bbox 1901 4791 2002 4858; x_wconf 83' lang='lat' dir='ltr'><strong>Qui</strong></span> 
     </span>
    </p>
   </div>
   <div class='ocr_carea' id='block_1_50' title="bbox 414 4880 2001 4952">
    <p class='ocr_par' dir='ltr' id='par_1_50' title="bbox 414 4880 2001 4952">
     <span class='ocr_line' id='line_1_50' title="bbox 414 4880 2001 4952; baseline 0.001 -16"><span class='ocrx_word' id='word_1_421' title='bbox 414 4883 775 4937; x_wconf 81' lang='lat' dir='ltr'><strong>incrementum</strong></span> <span class='ocrx_word' id='word_1_422' title='bbox 813 4881 900 4936; x_wconf 86' lang='lat' dir='ltr'><strong>dat</strong></span> <span class='ocrx_word' id='word_1_423' title='bbox 940 4880 1098 4950; x_wconf 84' lang='lat' dir='ltr'><strong>Deus.</strong></span> <span class='ocrx_word' id='word_1_424' title='bbox 1122 4881 1304 4952; x_wconf 85' lang='lat' dir='ltr'><strong>Neque</strong></span> <span class='ocrx_word' id='word_1_425' title='bbox 1348 4882 1436 4938; x_wconf 89' lang='lat' dir='ltr'><strong>hic</strong></span> <span class='ocrx_word' id='word_1_426' title='bbox 1460 4883 1736 4949; x_wconf 87' lang='lat' dir='ltr'><strong>constitit,</strong></span> <span class='ocrx_word' id='word_1_427' title='bbox 1771 4883 1864 4938; x_wconf 86' lang='lat' dir='ltr'><strong>sed</strong></span> <span class='ocrx_word' id='word_1_428' title='bbox 1895 4884 2001 4938; x_wconf 83' lang='lat' dir='ltr'><strong>alio</strong></span> 
     </span>
    </p>
   </div>
   <div class='ocr_carea' id='block_1_51' title="bbox 414 4971 2000 5055">
    <p class='ocr_par' dir='ltr' id='par_1_51' title="bbox 414 4971 2000 5055">
     <span class='ocr_line' id='line_1_51' title="bbox 414 4971 2000 5055; baseline 0.002 -30"><span class='ocrx_word' id='word_1_429' title='bbox 414 4987 603 5032; x_wconf 83' lang='lat' dir='ltr'><strong>rursus</strong></span> <span class='ocrx_word' id='word_1_430' title='bbox 637 4971 995 5028; x_wconf 88' lang='lat' dir='ltr'><strong>additamento</strong></span> <span class='ocrx_word' id='word_1_431' title='bbox 1019 4974 1069 5028; x_wconf 89' lang='lat' dir='ltr'><strong>ei</strong></span> <span class='ocrx_word' id='word_1_432' title='bbox 1099 4973 1343 5030; x_wconf 87' lang='lat' dir='ltr'><strong>medetur</strong></span> <span class='ocrx_word' id='word_1_433' title='bbox 1367 4973 1555 5030; x_wconf 91' lang='lat' dir='ltr'><strong>dicens</strong></span> <span class='ocrx_word' id='word_1_434' title='bbox 1581 4993 1595 5029; x_wconf 88' lang='lat'><strong>:</strong></span> <span class='ocrx_word' id='word_1_435' title='bbox 1621 4974 1675 5031; x_wconf 91' lang='lat'><strong>8.</strong></span> <span class='ocrx_word' id='word_1_436' title='bbox 1708 4975 1808 5043; x_wconf 83' lang='lat' dir='ltr'><strong>Qui</strong></span> <span class='ocrx_word' id='word_1_437' title='bbox 1832 4985 2000 5055; x_wconf 77' lang='lat' dir='ltr'><strong>autem</strong></span> 
     </span>
    </p>
   </div>
   <div class='ocr_carea' id='block_1_52' title="bbox 416 5064 2000 5135">
    <p class='ocr_par' dir='ltr' id='par_1_52' title="bbox 416 5064 2000 5135">
     <span class='ocr_line' id='line_1_52' title="bbox 416 5064 2000 5135; baseline 0.004 -18"><span class='ocrx_word' id='word_1_438' title='bbox 416 5064 615 5134; x_wconf 80' lang='lat' dir='ltr'><strong>plantat</strong></span> <span class='ocrx_word' id='word_1_439' title='bbox 652 5073 702 5117; x_wconf 82' lang='lat' dir='ltr'><strong>et</strong></span> <span class='ocrx_word' id='word_1_440' title='bbox 737 5064 824 5134; x_wconf 88' lang='lat' dir='ltr'><strong>qui</strong></span> <span class='ocrx_word' id='word_1_441' title='bbox 861 5064 995 5135; x_wconf 85' lang='lat' dir='ltr'><strong>rigat</strong></span> <span class='ocrx_word' id='word_1_442' title='bbox 1032 5081 1188 5119; x_wconf 85' lang='lat' dir='ltr'><strong>unum</strong></span> <span class='ocrx_word' id='word_1_443' title='bbox 1227 5075 1361 5120; x_wconf 88' lang='lat' dir='ltr'><strong>sunt.</strong></span> <span class='ocrx_word' id='word_1_444' title='bbox 1404 5066 1507 5121; x_wconf 89' lang='lat' dir='ltr'><strong>Per</strong></span> <span class='ocrx_word' id='word_1_445' title='bbox 1546 5066 1645 5122; x_wconf 91' lang='lat' dir='ltr'><strong>hoc</strong></span> <span class='ocrx_word' id='word_1_446' title='bbox 1682 5067 1824 5122; x_wconf 90' lang='lat' dir='ltr'><strong>enim</strong></span> <span class='ocrx_word' id='word_1_447' title='bbox 1855 5067 2000 5123; x_wconf 87' lang='lat' dir='ltr'><strong>aliud</strong></span> 
     </span>
    </p>
   </div>
   <div class='ocr_carea' id='block_1_53' title="bbox 417 5157 1994 5227">
    <p class='ocr_par' dir='ltr' id='par_1_53' title="bbox 417 5157 1994 5227">
     <span class='ocr_line' id='line_1_53' title="bbox 417 5157 1994 5227; baseline 0.004 -16"><span class='ocrx_word' id='word_1_448' title='bbox 417 5171 632 5227; x_wconf 84' lang='lat' dir='ltr'><strong>quoque</strong></span> <span class='ocrx_word' id='word_1_449' title='bbox 672 5157 922 5223; x_wconf 91' lang='lat' dir='ltr'><strong>molitur,</strong></span> <span class='ocrx_word' id='word_1_450' title='bbox 975 5165 1033 5212; x_wconf 89' lang='lat' dir='ltr'><strong>ut</strong></span> <span class='ocrx_word' id='word_1_451' title='bbox 1061 5173 1128 5213; x_wconf 91' lang='lat' dir='ltr'><strong>ne</strong></span> <span class='ocrx_word' id='word_1_452' title='bbox 1155 5159 1290 5214; x_wconf 88' lang='lat' dir='ltr'><strong>alter</strong></span> <span class='ocrx_word' id='word_1_453' title='bbox 1329 5160 1382 5214; x_wconf 90' lang='lat' dir='ltr'><strong>in</strong></span> <span class='ocrx_word' id='word_1_454' title='bbox 1423 5161 1650 5216; x_wconf 89' lang='lat' dir='ltr'><strong>alterum</strong></span> <span class='ocrx_word' id='word_1_455' title='bbox 1687 5162 1994 5218; x_wconf 72' lang='lat' dir='ltr'><strong>efferantur.</strong></span> 
     </span>
    </p>
   </div>
   <div class='ocr_carea' id='block_1_54' title="bbox 419 5247 2003 5320">
    <p class='ocr_par' dir='ltr' id='par_1_54' title="bbox 419 5247 2003 5320">
     <span class='ocr_line' id='line_1_54' title="bbox 419 5247 2003 5320; baseline 0.004 -18"><span class='ocrx_word' id='word_1_456' title='bbox 419 5247 594 5302; x_wconf 89' lang='lat' dir='ltr'><strong>Unum</strong></span> <span class='ocrx_word' id='word_1_457' title='bbox 637 5255 814 5302; x_wconf 89' lang='lat' dir='ltr'><strong>autem</strong></span> <span class='ocrx_word' id='word_1_458' title='bbox 855 5247 976 5302; x_wconf 90' lang='lat' dir='ltr'><strong>illos</strong></span> <span class='ocrx_word' id='word_1_459' title='bbox 1003 5262 1124 5303; x_wconf 89' lang='lat' dir='ltr'><strong>esse</strong></span> <span class='ocrx_word' id='word_1_460' title='bbox 1149 5248 1313 5315; x_wconf 90' lang='lat' dir='ltr'><strong>dicit,</strong></span> <span class='ocrx_word' id='word_1_461' title='bbox 1341 5265 1408 5305; x_wconf 87' lang='lat' dir='ltr'><strong>eo</strong></span> <span class='ocrx_word' id='word_1_462' title='bbox 1445 5250 1586 5320; x_wconf 91' lang='lat' dir='ltr'><strong>quod</strong></span> <span class='ocrx_word' id='word_1_463' title='bbox 1622 5251 1753 5306; x_wconf 90' lang='lat' dir='ltr'><strong>nihil</strong></span> <span class='ocrx_word' id='word_1_464' title='bbox 1797 5253 2003 5320; x_wconf 84' lang='lat' dir='ltr'><strong>possint</strong></span> 
     </span>
    </p>
   </div>
   <div class='ocr_carea' id='block_1_55' title="bbox 418 5337 2000 5406">
    <p class='ocr_par' dir='ltr' id='par_1_55' title="bbox 418 5337 2000 5406">
     <span class='ocr_line' id='line_1_55' title="bbox 418 5337 2000 5406; baseline 0.004 -12"><span class='ocrx_word' id='word_1_465' title='bbox 418 5339 538 5394; x_wconf 82' lang='lat' dir='ltr'><strong>sine</strong></span> <span class='ocrx_word' id='word_1_466' title='bbox 580 5339 690 5394; x_wconf 85' lang='lat' dir='ltr'><strong>Deo</strong></span> <span class='ocrx_word' id='word_1_467' title='bbox 717 5337 1106 5393; x_wconf 84' lang='lat' dir='ltr'><strong>incrementum</strong></span> <span class='ocrx_word' id='word_1_468' title='bbox 1133 5339 1314 5394; x_wconf 87' lang='lat' dir='ltr'><strong>dante.</strong></span> <span class='ocrx_word' id='word_1_469' title='bbox 1343 5339 1456 5396; x_wconf 85' lang='lat' dir='ltr'><strong>Hoc</strong></span> <span class='ocrx_word' id='word_1_470' title='bbox 1489 5355 1612 5396; x_wconf 90' lang='lat' dir='ltr'><strong>cum</strong></span> <span class='ocrx_word' id='word_1_471' title='bbox 1643 5341 1864 5399; x_wconf 85' lang='lat' dir='ltr'><strong>dixisset</strong></span> <span class='ocrx_word' id='word_1_472' title='bbox 1887 5385 1902 5406; x_wconf 87' lang='lat'><strong>,</strong></span> <span class='ocrx_word' id='word_1_473' title='bbox 1933 5360 2000 5400; x_wconf 89' lang='lat' dir='ltr'><strong>ne</strong></span> 
     </span>
    </p>
   </div>
   <div class='ocr_carea' id='block_1_56' title="bbox 419 5429 2001 5501">
    <p class='ocr_par' dir='ltr' id='par_1_56' title="bbox 419 5429 2001 5501">
     <span class='ocr_line' id='line_1_56' title="bbox 419 5429 2001 5501; baseline 0.003 -15"><span class='ocrx_word' id='word_1_474' title='bbox 419 5443 517 5487; x_wconf 85' lang='lat' dir='ltr'><strong>eos</strong></span> <span class='ocrx_word' id='word_1_475' title='bbox 541 5429 755 5501; x_wconf 88' lang='lat' dir='ltr'><strong>quidem</strong></span> <span class='ocrx_word' id='word_1_476' title='bbox 782 5429 872 5501; x_wconf 88' lang='lat' dir='ltr'><strong>qui</strong></span> <span class='ocrx_word' id='word_1_477' title='bbox 903 5431 1128 5486; x_wconf 90' lang='lat' dir='ltr'><strong>multum</strong></span> <span class='ocrx_word' id='word_1_478' title='bbox 1159 5429 1528 5486; x_wconf 84' lang='lat' dir='ltr'><strong>laboraverant</strong></span> <span class='ocrx_word' id='word_1_479' title='bbox 1557 5433 1796 5501; x_wconf 90' lang='lat' dir='ltr'><strong>permisit</strong></span> <span class='ocrx_word' id='word_1_480' title='bbox 1818 5433 2001 5490; x_wconf 73' lang='lat' dir='ltr'><strong>efferri</strong></span> 
     </span>
    </p>
   </div>
   <div class='ocr_carea' id='block_1_57' title="bbox 419 5520 1996 5592">
    <p class='ocr_par' dir='ltr' id='par_1_57' title="bbox 419 5520 1996 5592">
     <span class='ocr_line' id='line_1_57' title="bbox 419 5520 1996 5592; baseline 0.002 -15"><span class='ocrx_word' id='word_1_481' title='bbox 419 5521 478 5577; x_wconf 91' lang='lat' dir='ltr'><strong>in</strong></span> <span class='ocrx_word' id='word_1_482' title='bbox 498 5535 593 5576; x_wconf 89' lang='lat' dir='ltr'><strong>eos</strong></span> <span class='ocrx_word' id='word_1_483' title='bbox 611 5520 702 5592; x_wconf 88' lang='lat' dir='ltr'><strong>qui</strong></span> <span class='ocrx_word' id='word_1_484' title='bbox 725 5522 931 5576; x_wconf 87' lang='lat' dir='ltr'><strong>minora</strong></span> <span class='ocrx_word' id='word_1_485' title='bbox 954 5520 1277 5587; x_wconf 83' lang='lat' dir='ltr'><strong>intulissent,</strong></span> <span class='ocrx_word' id='word_1_486' title='bbox 1301 5537 1475 5592; x_wconf 89' lang='lat' dir='ltr'><strong>neque</strong></span> <span class='ocrx_word' id='word_1_487' title='bbox 1497 5522 1628 5578; x_wconf 91' lang='lat' dir='ltr'><strong>alios</strong></span> <span class='ocrx_word' id='word_1_488' title='bbox 1649 5525 1712 5579; x_wconf 90' lang='lat' dir='ltr'><strong>iis</strong></span> <span class='ocrx_word' id='word_1_489' title='bbox 1733 5524 1996 5580; x_wconf 86' lang='lat' dir='ltr'><strong>invidere.</strong></span> 
     </span>
    </p>
   </div>
   <div class='ocr_carea' id='block_1_58' title="bbox 420 5614 2001 5691">
    <p class='ocr_par' dir='ltr' id='par_1_58' title="bbox 420 5614 2001 5691">
     <span class='ocr_line' id='line_1_58' title="bbox 420 5614 2001 5691; baseline 0.002 -21"><span class='ocrx_word' id='word_1_490' title='bbox 420 5614 645 5685; x_wconf 88' lang='lat' dir='ltr'><strong>Deinde,</strong></span> <span class='ocrx_word' id='word_1_491' title='bbox 677 5617 798 5686; x_wconf 84' lang='lat' dir='ltr'><strong>quia</strong></span> <span class='ocrx_word' id='word_1_492' title='bbox 831 5615 932 5672; x_wconf 89' lang='lat' dir='ltr'><strong>hoc</strong></span> <span class='ocrx_word' id='word_1_493' title='bbox 957 5616 1230 5688; x_wconf 76' lang='lat' dir='ltr'><strong>segniores</strong></span> <span class='ocrx_word' id='word_1_494' title='bbox 1259 5616 1380 5672; x_wconf 92' lang='lat' dir='ltr'><strong>illos</strong></span> <span class='ocrx_word' id='word_1_495' title='bbox 1409 5617 1692 5686; x_wconf 85' lang='lat' dir='ltr'><strong>reddebat,</strong></span> <span class='ocrx_word' id='word_1_496' title='bbox 1721 5618 1859 5691; x_wconf 87' lang='lat' dir='ltr'><strong>quod</strong></span> <span class='ocrx_word' id='word_1_497' title='bbox 1885 5634 2001 5674; x_wconf 89' lang='lat' dir='ltr'><strong>om-</strong></span> 
     </span>
    </p>
   </div>
   <div class='ocr_carea' id='block_1_59' title="bbox 419 5711 1999 5784">
    <p class='ocr_par' dir='ltr' id='par_1_59' title="bbox 419 5711 1999 5784">
     <span class='ocr_line' id='line_1_59' title="bbox 419 5711 1999 5784; baseline 0.003 -21"><span class='ocrx_word' id='word_1_498' title='bbox 419 5722 518 5763; x_wconf 89' lang='lat' dir='ltr'><strong>nes</strong></span> <span class='ocrx_word' id='word_1_499' title='bbox 543 5724 706 5764; x_wconf 89' lang='lat' dir='ltr'><strong>unum</strong></span> <span class='ocrx_word' id='word_1_500' title='bbox 735 5723 854 5766; x_wconf 79' lang='lat' dir='ltr'><strong>esse</strong></span> <span class='ocrx_word' id='word_1_501' title='bbox 880 5718 1210 5780; x_wconf 88' lang='lat' dir='ltr'><strong>putarentur,</strong></span> <span class='ocrx_word' id='word_1_502' title='bbox 1245 5720 1349 5766; x_wconf 90' lang='lat' dir='ltr'><strong>tam</strong></span> <span class='ocrx_word' id='word_1_503' title='bbox 1375 5711 1410 5766; x_wconf 93' lang='lat' dir='ltr'><strong>ii</strong></span> <span class='ocrx_word' id='word_1_504' title='bbox 1435 5711 1525 5783; x_wconf 88' lang='lat' dir='ltr'><strong>qui</strong></span> <span class='ocrx_word' id='word_1_505' title='bbox 1554 5712 1776 5767; x_wconf 89' lang='lat' dir='ltr'><strong>multum</strong></span> <span class='ocrx_word' id='word_1_506' title='bbox 1794 5754 1809 5780; x_wconf 98' lang='lat'><strong>,</strong></span> <span class='ocrx_word' id='word_1_507' title='bbox 1838 5727 1999 5784; x_wconf 89' lang='lat' dir='ltr'><strong>quam</strong></span> 
     </span>
    </p>
   </div>
   <div class='ocr_carea' id='block_1_60' title="bbox 419 5799 1999 5876">
    <p class='ocr_par' dir='ltr' id='par_1_60' title="bbox 419 5799 1999 5876">
     <span class='ocr_line' id='line_1_60' title="bbox 419 5799 1999 5876; baseline 0.005 -22"><span class='ocrx_word' id='word_1_508' title='bbox 419 5799 458 5854; x_wconf 90' lang='lat' dir='ltr'><strong>ii</strong></span> <span class='ocrx_word' id='word_1_509' title='bbox 485 5800 574 5873; x_wconf 86' lang='lat' dir='ltr'><strong>qui</strong></span> <span class='ocrx_word' id='word_1_510' title='bbox 601 5801 774 5859; x_wconf 87' lang='lat' dir='ltr'><strong>minus</strong></span> <span class='ocrx_word' id='word_1_511' title='bbox 801 5801 1212 5871; x_wconf 85' lang='lat' dir='ltr'><strong>laboraverant,</strong></span> <span class='ocrx_word' id='word_1_512' title='bbox 1243 5802 1362 5860; x_wconf 85' lang='lat' dir='ltr'><strong>vide</strong></span> <span class='ocrx_word' id='word_1_513' title='bbox 1387 5803 1654 5876; x_wconf 89' lang='lat' dir='ltr'><strong>quomodo</strong></span> <span class='ocrx_word' id='word_1_514' title='bbox 1682 5804 1784 5861; x_wconf 90' lang='lat' dir='ltr'><strong>hoc</strong></span> <span class='ocrx_word' id='word_1_515' title='bbox 1813 5817 1999 5862; x_wconf 85' lang='lat' dir='ltr'><strong>corre-</strong></span> 
     </span>
    </p>
   </div>
   <div class='ocr_carea' id='block_1_61' title="bbox 2175 456 3756 538">
    <p class='ocr_par' dir='ltr' id='par_1_61' title="bbox 2175 456 3756 538">
     <span class='ocr_line' id='line_1_61' title="bbox 2175 456 3756 538; baseline 0.008 -28"><span class='ocrx_word' id='word_1_516' title='bbox 2175 456 2312 512; x_wconf 82' lang='lat' dir='ltr'><strong>xerit</strong></span> <span class='ocrx_word' id='word_1_517' title='bbox 2339 457 2526 515; x_wconf 86' lang='lat' dir='ltr'><strong>dicens</strong></span> <span class='ocrx_word' id='word_1_518' title='bbox 2556 482 2568 516; x_wconf 87' lang='lat'><strong>:</strong></span> <span class='ocrx_word' id='word_1_519' title='bbox 2601 461 2953 534; x_wconf 86' lang='lat' dir='ltr'><strong>Unusquisque</strong></span> <span class='ocrx_word' id='word_1_520' title='bbox 2992 477 3158 521; x_wconf 84' lang='lat' dir='ltr'><strong>autent</strong></span> <span class='ocrx_word' id='word_1_521' title='bbox 3188 469 3447 538; x_wconf 86' lang='lat' dir='ltr'><strong>prapriam</strong></span> <span class='ocrx_word' id='word_1_522' title='bbox 3479 473 3756 526; x_wconf 72' lang='lat' dir='ltr'><strong>mercednu</strong></span> 
     </span>
    </p>
   </div>
   <div class='ocr_carea' id='block_1_62' title="bbox 2170 549 3757 619">
    <p class='ocr_par' dir='ltr' id='par_1_62' title="bbox 2170 549 3757 619">
     <span class='ocr_line' id='line_1_62' title="bbox 2170 549 3757 619; baseline 0.012 -21"><span class='ocrx_word' id='word_1_523' title='bbox 2170 549 2380 614; x_wconf 78' lang='lat' dir='ltr'><strong>accipiet</strong></span> <span class='ocrx_word' id='word_1_524' title='bbox 2426 552 2700 606; x_wconf 86' lang='lat' dir='ltr'><strong>secundum</strong></span> <span class='ocrx_word' id='word_1_525' title='bbox 2743 573 2888 609; x_wconf 89' lang='lat' dir='ltr'><strong>suum</strong></span> <span class='ocrx_word' id='word_1_526' title='bbox 2930 558 3170 613; x_wconf 81' lang='lat' dir='ltr'><strong>laborem.</strong></span> <span class='ocrx_word' id='word_1_527' title='bbox 3214 561 3292 616; x_wconf 85' lang='lat' dir='ltr'><strong>Ac</strong></span> <span class='ocrx_word' id='word_1_528' title='bbox 3324 562 3370 616; x_wconf 89' lang='lat' dir='ltr'><strong>si</strong></span> <span class='ocrx_word' id='word_1_529' title='bbox 3399 561 3602 619; x_wconf 87' lang='lat' dir='ltr'><strong>diceret</strong></span> <span class='ocrx_word' id='word_1_530' title='bbox 3633 582 3646 618; x_wconf 96' lang='lat'>:</span> <span class='ocrx_word' id='word_1_531' title='bbox 3680 564 3757 619; x_wconf 74' lang='lat' dir='ltr'><strong>Nu</strong></span> 
     </span>
    </p>
   </div>
   <div class='ocr_carea' id='block_1_63' title="bbox 2171 639 3752 726">
    <p class='ocr_par' dir='ltr' id='par_1_63' title="bbox 2171 639 3752 726">
     <span class='ocr_line' id='line_1_63' title="bbox 2171 639 3752 726; baseline 0.011 -34"><span class='ocrx_word' id='word_1_532' title='bbox 2171 639 2360 696; x_wconf 88' lang='lat' dir='ltr'><strong>timeas</strong></span> <span class='ocrx_word' id='word_1_533' title='bbox 2398 644 2538 712; x_wconf 88' lang='lat' dir='ltr'><strong>quod</strong></span> <span class='ocrx_word' id='word_1_534' title='bbox 2577 645 2800 701; x_wconf 76' lang='lat' dir='ltr'><strong>dixerim</strong></span> <span class='ocrx_word' id='word_1_535' title='bbox 2841 664 3001 704; x_wconf 90' lang='lat' dir='ltr'><strong>unum</strong></span> <span class='ocrx_word' id='word_1_536' title='bbox 3039 665 3195 717; x_wconf 89' lang='lat' dir='ltr'><strong>esse;</strong></span> <span class='ocrx_word' id='word_1_537' title='bbox 3237 667 3359 707; x_wconf 87' lang='lat' dir='ltr'><strong>nam</strong></span> <span class='ocrx_word' id='word_1_538' title='bbox 3399 654 3442 708; x_wconf 91' lang='lat' dir='ltr'><strong>si</strong></span> <span class='ocrx_word' id='word_1_539' title='bbox 3469 655 3574 710; x_wconf 80' lang='lat' dir='ltr'><strong>&#39;Dei</strong></span> <span class='ocrx_word' id='word_1_540' title='bbox 3603 659 3752 726; x_wconf 90' lang='lat' dir='ltr'><strong>operi</strong></span> 
     </span>
    </p>
   </div>
   <div class='ocr_carea' id='block_1_64' title="bbox 2167 730 3751 804">
    <p class='ocr_par' dir='ltr' id='par_1_64' title="bbox 2167 730 3751 804">
     <span class='ocr_line' id='line_1_64' title="bbox 2167 730 3751 804; baseline 0.011 -20"><span class='ocrx_word' id='word_1_541' title='bbox 2167 730 2547 797; x_wconf 82' lang='lat' dir='ltr'><strong>conferantur,</strong></span> <span class='ocrx_word' id='word_1_542' title='bbox 2580 751 2741 790; x_wconf 91' lang='lat' dir='ltr'><strong>unum</strong></span> <span class='ocrx_word' id='word_1_543' title='bbox 2787 748 2944 804; x_wconf 87' lang='lat' dir='ltr'><strong>sunt;</strong></span> <span class='ocrx_word' id='word_1_544' title='bbox 2989 742 3282 796; x_wconf 88' lang='lat' dir='ltr'><strong>secundum</strong></span> <span class='ocrx_word' id='word_1_545' title='bbox 3323 744 3531 801; x_wconf 87' lang='lat' dir='ltr'><strong>labores</strong></span> <span class='ocrx_word' id='word_1_546' title='bbox 3570 757 3751 802; x_wconf 89' lang='lat' dir='ltr'><strong>autem</strong></span> 
     </span>
    </p>
   </div>
   <div class='ocr_carea' id='block_1_65' title="bbox 2167 827 3749 904">
    <p class='ocr_par' dir='ltr' id='par_1_65' title="bbox 2167 827 3749 904">
     <span class='ocr_line' id='line_1_65' title="bbox 2167 827 3749 904; baseline 0.013 -30"><span class='ocrx_word' id='word_1_547' title='bbox 2167 836 2272 875; x_wconf 90' lang='lat' dir='ltr'><strong>non</strong></span> <span class='ocrx_word' id='word_1_548' title='bbox 2297 833 2420 877; x_wconf 88' lang='lat' dir='ltr'><strong>sunt</strong></span> <span class='ocrx_word' id='word_1_549' title='bbox 2442 841 2625 891; x_wconf 91' lang='lat' dir='ltr'><strong>unum,</strong></span> <span class='ocrx_word' id='word_1_550' title='bbox 2649 827 2741 882; x_wconf 89' lang='lat' dir='ltr'><strong>sed</strong></span> <span class='ocrx_word' id='word_1_551' title='bbox 2768 833 3132 904; x_wconf 88' lang='lat' dir='ltr'><strong>unusquisque</strong></span> <span class='ocrx_word' id='word_1_552' title='bbox 3155 837 3420 904; x_wconf 87' lang='lat' dir='ltr'><strong>propriam</strong></span> <span class='ocrx_word' id='word_1_553' title='bbox 3441 840 3749 895; x_wconf 81' lang='lat' dir='ltr'><strong>mercedem</strong></span> 
     </span>
    </p>
   </div>
   <div class='ocr_carea' id='block_1_66' title="bbox 2164 917 3746 1002">
    <p class='ocr_par' dir='ltr' id='par_1_66' title="bbox 2164 917 3746 1002">
     <span class='ocr_line' id='line_1_66' title="bbox 2164 917 3746 1002; baseline 0.013 -35"><span class='ocrx_word' id='word_1_554' title='bbox 2164 917 2408 984; x_wconf 87' lang='lat' dir='ltr'><strong>accipiet.</strong></span> <span class='ocrx_word' id='word_1_555' title='bbox 2463 917 2666 975; x_wconf 90' lang='lat' dir='ltr'><strong>Deinde</strong></span> <span class='ocrx_word' id='word_1_556' title='bbox 2714 921 2816 977; x_wconf 88' lang='lat' dir='ltr'><strong>hoc</strong></span> <span class='ocrx_word' id='word_1_557' title='bbox 2855 925 3017 980; x_wconf 89' lang='lat' dir='ltr'><strong>etiam</strong></span> <span class='ocrx_word' id='word_1_558' title='bbox 3062 927 3230 999; x_wconf 78' lang='lat' dir='ltr'><strong>magis</strong></span> <span class='ocrx_word' id='word_1_559' title='bbox 3269 929 3505 1002; x_wconf 78' lang='lat' dir='ltr'><strong>mitigat,</strong></span> <span class='ocrx_word' id='word_1_560' title='bbox 3537 948 3664 988; x_wconf 91' lang='lat' dir='ltr'><strong>cum</strong></span> <span class='ocrx_word' id='word_1_561' title='bbox 3697 935 3746 988; x_wconf 89' lang='lat' dir='ltr'><strong>id</strong></span> 
     </span>
    </p>
   </div>
   <div class='ocr_carea' id='block_1_67' title="bbox 2163 1006 3751 1091">
    <p class='ocr_par' dir='ltr' id='par_1_67' title="bbox 2163 1006 3751 1091">
     <span class='ocr_line' id='line_1_67' title="bbox 2163 1006 3751 1091; baseline 0.011 -32"><span class='ocrx_word' id='word_1_562' title='bbox 2163 1006 2427 1063; x_wconf 72' lang='lat' dir='ltr'><strong>effecisset</strong></span> <span class='ocrx_word' id='word_1_563' title='bbox 2454 1012 2592 1079; x_wconf 87' lang='lat' dir='ltr'><strong>quod</strong></span> <span class='ocrx_word' id='word_1_564' title='bbox 2625 1013 2872 1070; x_wconf 90' lang='lat' dir='ltr'><strong>volebat:</strong></span> <span class='ocrx_word' id='word_1_565' title='bbox 2905 1016 2956 1069; x_wconf 93' lang='lat' dir='ltr'><strong>in</strong></span> <span class='ocrx_word' id='word_1_566' title='bbox 2997 1018 3188 1085; x_wconf 86' lang='lat' dir='ltr'><strong>quibus</strong></span> <span class='ocrx_word' id='word_1_567' title='bbox 3218 1030 3391 1089; x_wconf 90' lang='lat' dir='ltr'><strong>potest</strong></span> <span class='ocrx_word' id='word_1_568' title='bbox 3416 1024 3751 1091; x_wconf 81' lang='lat' dir='ltr'><strong>gratilieatur</strong></span> 
     </span>
    </p>
   </div>
   <div class='ocr_carea' id='block_1_68' title="bbox 2161 1099 3745 1174">
    <p class='ocr_par' dir='ltr' id='par_1_68' title="bbox 2161 1099 3745 1174">
     <span class='ocr_line' id='line_1_68' title="bbox 2161 1099 3745 1174; baseline 0.01 -22"><span class='ocrx_word' id='word_1_569' title='bbox 2161 1113 2280 1152; x_wconf 91' lang='lat' dir='ltr'><strong>cum</strong></span> <span class='ocrx_word' id='word_1_570' title='bbox 2323 1099 2659 1158; x_wconf 80' lang='lat' dir='ltr'><strong>liberalitate.</strong></span> <span class='ocrx_word' id='word_1_571' title='bbox 2691 1105 2744 1159; x_wconf 88' lang='lat'><strong>9.</strong></span> <span class='ocrx_word' id='word_1_572' title='bbox 2779 1103 2875 1158; x_wconf 87' lang='lat' dir='ltr'><strong>Dei</strong></span> <span class='ocrx_word' id='word_1_573' title='bbox 2913 1107 3047 1160; x_wconf 85' lang='lat' dir='ltr'><strong>enim</strong></span> <span class='ocrx_word' id='word_1_574' title='bbox 3089 1110 3346 1174; x_wconf 86' lang='lat' dir='ltr'><strong>adiutores</strong></span> <span class='ocrx_word' id='word_1_575' title='bbox 3387 1129 3562 1166; x_wconf 83' lang='lat' dir='ltr'><strong>sumus</strong></span> <span class='ocrx_word' id='word_1_576' title='bbox 3598 1131 3618 1167; x_wconf 89' lang='lat'><strong><em>:</em></strong></span> <span class='ocrx_word' id='word_1_577' title='bbox 3652 1113 3745 1168; x_wconf 88' lang='lat' dir='ltr'><strong>Dei</strong></span> 
     </span>
    </p>
   </div>
   <div class='ocr_carea' id='block_1_69' title="bbox 2159 1191 3744 1274">
    <p class='ocr_par' dir='ltr' id='par_1_69' title="bbox 2159 1191 3744 1274">
     <span class='ocr_line' id='line_1_69' title="bbox 2159 1191 3744 1274; baseline 0.012 -33"><span class='ocrx_word' id='word_1_578' title='bbox 2159 1191 2465 1260; x_wconf 87' lang='lat' dir='ltr'><strong>agricultura</strong></span> <span class='ocrx_word' id='word_1_579' title='bbox 2493 1195 2610 1248; x_wconf 84' lang='lat' dir='ltr'><strong><em>estis</em></strong></span> <span class='ocrx_word' id='word_1_580' title='bbox 2632 1237 2648 1261; x_wconf 98' lang='lat'><strong>,</strong></span> <span class='ocrx_word' id='word_1_581' title='bbox 2681 1195 2774 1250; x_wconf 87' lang='lat' dir='ltr'><strong>Dei</strong></span> <span class='ocrx_word' id='word_1_582' title='bbox 2797 1197 3069 1266; x_wconf 80' lang='lat' dir='ltr'><strong>wdi/icatio</strong></span> <span class='ocrx_word' id='word_1_583' title='bbox 3093 1202 3230 1254; x_wconf 88' lang='lat' dir='ltr'><strong><em>estis.</em></strong></span> <span class='ocrx_word' id='word_1_584' title='bbox 3259 1201 3444 1257; x_wconf 80' lang='lat' dir='ltr'><strong>Viden‘</strong></span> <span class='ocrx_word' id='word_1_585' title='bbox 3471 1205 3744 1274; x_wconf 91' lang='lat' dir='ltr'><strong>quomodo</strong></span> 
     </span>
    </p>
   </div>
   <div class='ocr_carea' id='block_1_70' title="bbox 2159 1280 3744 1366">
    <p class='ocr_par' dir='ltr' id='par_1_70' title="bbox 2159 1280 3744 1366">
     <span class='ocr_line' id='line_1_70' title="bbox 2159 1280 3744 1366; baseline 0.011 -32"><span class='ocrx_word' id='word_1_586' title='bbox 2159 1280 2287 1350; x_wconf 90' lang='lat' dir='ltr'><strong>ipsis</strong></span> <span class='ocrx_word' id='word_1_587' title='bbox 2323 1299 2458 1354; x_wconf 88' lang='lat' dir='ltr'><strong>opus</strong></span> <span class='ocrx_word' id='word_1_588' title='bbox 2495 1285 2705 1341; x_wconf 84' lang='lat' dir='ltr'><strong>dederit</strong></span> <span class='ocrx_word' id='word_1_589' title='bbox 2733 1305 2836 1344; x_wconf 89' lang='lat' dir='ltr'><strong>non</strong></span> <span class='ocrx_word' id='word_1_590' title='bbox 2868 1306 3109 1359; x_wconf 88' lang='lat' dir='ltr'><strong>parvum,</strong></span> <span class='ocrx_word' id='word_1_591' title='bbox 3139 1308 3258 1347; x_wconf 90' lang='lat' dir='ltr'><strong>cum</strong></span> <span class='ocrx_word' id='word_1_592' title='bbox 3285 1297 3431 1363; x_wconf 91' lang='lat' dir='ltr'><strong>prius</strong></span> <span class='ocrx_word' id='word_1_593' title='bbox 3461 1297 3744 1366; x_wconf 84' lang='lat' dir='ltr'><strong>probasset</strong></span> 
     </span>
    </p>
   </div>
   <div class='ocr_carea' id='block_1_71' title="bbox 2157 1377 3742 1459">
    <p class='ocr_par' dir='ltr' id='par_1_71' title="bbox 2157 1377 3742 1459">
     <span class='ocr_line' id='line_1_71' title="bbox 2157 1377 3742 1459; baseline 0.012 -34"><span class='ocrx_word' id='word_1_594' title='bbox 2157 1383 2323 1429; x_wconf 88' lang='lat' dir='ltr'><strong>totum</strong></span> <span class='ocrx_word' id='word_1_595' title='bbox 2353 1391 2418 1430; x_wconf 80' lang='lat' dir='ltr'><strong>ex</strong></span> <span class='ocrx_word' id='word_1_596' title='bbox 2450 1377 2559 1432; x_wconf 88' lang='lat' dir='ltr'><strong>Deo</strong></span> <span class='ocrx_word' id='word_1_597' title='bbox 2587 1381 2744 1434; x_wconf 88' lang='lat' dir='ltr'><strong>esse?</strong></span> <span class='ocrx_word' id='word_1_598' title='bbox 2771 1382 2908 1452; x_wconf 23' lang='lat' dir='ltr'><strong>Quia,</strong></span> <span class='ocrx_word' id='word_1_599' title='bbox 2930 1385 3069 1438; x_wconf 91' lang='lat' dir='ltr'><strong>enim</strong></span> <span class='ocrx_word' id='word_1_600' title='bbox 3097 1401 3312 1455; x_wconf 89' lang='lat' dir='ltr'><strong>semper</strong></span> <span class='ocrx_word' id='word_1_601' title='bbox 3338 1401 3516 1444; x_wconf 90' lang='lat' dir='ltr'><strong>monet</strong></span> <span class='ocrx_word' id='word_1_602' title='bbox 3542 1407 3742 1459; x_wconf 81' lang='lat' dir='ltr'><strong>paren-</strong></span> 
     </span>
    </p>
   </div>
   <div class='ocr_carea' id='block_1_72' title="bbox 2153 1464 3737 1540">
    <p class='ocr_par' dir='ltr' id='par_1_72' title="bbox 2153 1464 3737 1540">
     <span class='ocr_line' id='line_1_72' title="bbox 2153 1464 3737 1540; baseline 0.011 -21"><span class='ocrx_word' id='word_1_603' title='bbox 2153 1464 2277 1520; x_wconf 91' lang='lat' dir='ltr'><strong>dum</strong></span> <span class='ocrx_word' id='word_1_604' title='bbox 2323 1482 2442 1523; x_wconf 85' lang='lat' dir='ltr'><strong>esse</strong></span> <span class='ocrx_word' id='word_1_605' title='bbox 2488 1471 2787 1540; x_wconf 74' lang='lat' dir='ltr'><strong>prtepositis</strong></span> <span class='ocrx_word' id='word_1_606' title='bbox 2812 1513 2826 1535; x_wconf 87' lang='lat'><strong>,</strong></span> <span class='ocrx_word' id='word_1_607' title='bbox 2857 1473 2980 1529; x_wconf 87' lang='lat' dir='ltr'><strong>ideo</strong></span> <span class='ocrx_word' id='word_1_608' title='bbox 3017 1474 3268 1533; x_wconf 84' lang='lat' dir='ltr'><strong>ductores</strong></span> <span class='ocrx_word' id='word_1_609' title='bbox 3307 1495 3410 1533; x_wconf 90' lang='lat' dir='ltr'><strong>non</strong></span> <span class='ocrx_word' id='word_1_610' title='bbox 3446 1481 3737 1538; x_wconf 86' lang='lat' dir='ltr'><strong>admodum</strong></span> 
     </span>
    </p>
   </div>
   <div class='ocr_carea' id='block_1_73' title="bbox 2151 1559 3738 1642">
    <p class='ocr_par' dir='ltr' id='par_1_73' title="bbox 2151 1559 3738 1642">
     <span class='ocr_line' id='line_1_73' title="bbox 2151 1559 3738 1642; baseline 0.011 -31"><span class='ocrx_word' id='word_1_611' title='bbox 2151 1559 2419 1628; x_wconf 88' lang='lat' dir='ltr'><strong>deprimit.</strong></span> <span class='ocrx_word' id='word_1_612' title='bbox 2449 1561 2538 1615; x_wconf 68' lang='lat' dir='ltr'><strong>Dei</strong></span> <span class='ocrx_word' id='word_1_613' title='bbox 2560 1565 2870 1634; x_wconf 85' lang='lat' dir='ltr'><strong>agricultura</strong></span> <span class='ocrx_word' id='word_1_614' title='bbox 2891 1569 3031 1622; x_wconf 84' lang='lat' dir='ltr'><strong>estis.</strong></span> <span class='ocrx_word' id='word_1_615' title='bbox 3058 1568 3188 1637; x_wconf 85' lang='lat' dir='ltr'><strong>Quia</strong></span> <span class='ocrx_word' id='word_1_616' title='bbox 3215 1573 3354 1627; x_wconf 89' lang='lat' dir='ltr'><strong>enim</strong></span> <span class='ocrx_word' id='word_1_617' title='bbox 3383 1573 3536 1642; x_wconf 82' lang='lat' dir='ltr'><strong>dixit,</strong></span> <span class='ocrx_word' id='word_1_618' title='bbox 3565 1575 3738 1630; x_wconf 83' lang='lat' dir='ltr'><strong>Plan-</strong></span> 
     </span>
    </p>
   </div>
   <div class='ocr_carea' id='block_1_74' title="bbox 2151 1652 3733 1735">
    <p class='ocr_par' dir='ltr' id='par_1_74' title="bbox 2151 1652 3733 1735">
     <span class='ocr_line' id='line_1_74' title="bbox 2151 1652 3733 1735; baseline 0.014 -33"><span class='ocrx_word' id='word_1_619' title='bbox 2151 1652 2269 1716; x_wconf 84' lang='lat' dir='ltr'><strong>tavi,</strong></span> <span class='ocrx_word' id='word_1_620' title='bbox 2304 1664 2501 1722; x_wconf 88' lang='lat' dir='ltr'><strong>perstat</strong></span> <span class='ocrx_word' id='word_1_621' title='bbox 2532 1655 2584 1709; x_wconf 92' lang='lat' dir='ltr'><strong>in</strong></span> <span class='ocrx_word' id='word_1_622' title='bbox 2614 1657 2940 1727; x_wconf 87' lang='lat' dir='ltr'><strong>metaphora.</strong></span> <span class='ocrx_word' id='word_1_623' title='bbox 2976 1661 3031 1714; x_wconf 90' lang='lat' dir='ltr'><strong>Si</strong></span> <span class='ocrx_word' id='word_1_624' title='bbox 3060 1671 3238 1716; x_wconf 85' lang='lat' dir='ltr'><strong>autem</strong></span> <span class='ocrx_word' id='word_1_625' title='bbox 3270 1665 3357 1719; x_wconf 87' lang='lat' dir='ltr'><strong>Dei</strong></span> <span class='ocrx_word' id='word_1_626' title='bbox 3386 1669 3733 1735; x_wconf 82' lang='lat' dir='ltr'><strong>agricultura.</strong></span> 
     </span>
    </p>
   </div>
   <div class='ocr_carea' id='block_1_75' title="bbox 2149 1745 3734 1818">
    <p class='ocr_par' dir='ltr' id='par_1_75' title="bbox 2149 1745 3734 1818">
     <span class='ocr_line' id='line_1_75' title="bbox 2149 1745 3734 1818; baseline 0.013 -24"><span class='ocrx_word' id='word_1_627' title='bbox 2149 1757 2254 1796; x_wconf 88' lang='lat' dir='ltr'><strong>non</strong></span> <span class='ocrx_word' id='word_1_628' title='bbox 2287 1755 2345 1798; x_wconf 92' lang='lat' dir='ltr'><strong>ut</strong></span> <span class='ocrx_word' id='word_1_629' title='bbox 2381 1745 2449 1799; x_wconf 89' lang='lat' dir='ltr'><strong>ab</strong></span> <span class='ocrx_word' id='word_1_630' title='bbox 2478 1747 2541 1800; x_wconf 94' lang='lat' dir='ltr'><strong>iis</strong></span> <span class='ocrx_word' id='word_1_631' title='bbox 2568 1747 2657 1816; x_wconf 87' lang='lat' dir='ltr'><strong>qui</strong></span> <span class='ocrx_word' id='word_1_632' title='bbox 2689 1764 2783 1804; x_wconf 89' lang='lat' dir='ltr'><strong>vos</strong></span> <span class='ocrx_word' id='word_1_633' title='bbox 2809 1751 2992 1805; x_wconf 89' lang='lat' dir='ltr'><strong>colunt</strong></span> <span class='ocrx_word' id='word_1_634' title='bbox 3014 1793 3030 1818; x_wconf 91' lang='lat'><strong>,</strong></span> <span class='ocrx_word' id='word_1_635' title='bbox 3064 1753 3158 1807; x_wconf 89' lang='lat' dir='ltr'><strong>sed</strong></span> <span class='ocrx_word' id='word_1_636' title='bbox 3187 1763 3298 1808; x_wconf 91' lang='lat' dir='ltr'><strong>uta</strong></span> <span class='ocrx_word' id='word_1_637' title='bbox 3333 1757 3438 1812; x_wconf 92' lang='lat' dir='ltr'><strong>Deo</strong></span> <span class='ocrx_word' id='word_1_638' title='bbox 3466 1760 3734 1814; x_wconf 89' lang='lat' dir='ltr'><strong>vocemiui</strong></span> 
     </span>
    </p>
   </div>
   <div class='ocr_carea' id='block_1_76' title="bbox 2147 1839 3734 1921">
    <p class='ocr_par' dir='ltr' id='par_1_76' title="bbox 2147 1839 3734 1921">
     <span class='ocr_line' id='line_1_76' title="bbox 2147 1839 3734 1921; baseline 0.013 -33"><span class='ocrx_word' id='word_1_639' title='bbox 2147 1851 2354 1905; x_wconf 77' lang='lat' dir='ltr'><strong>:equum</strong></span> <span class='ocrx_word' id='word_1_640' title='bbox 2381 1848 2483 1892; x_wconf 89' lang='lat' dir='ltr'><strong>est.</strong></span> <span class='ocrx_word' id='word_1_641' title='bbox 2510 1839 2623 1894; x_wconf 84' lang='lat' dir='ltr'><strong>Non</strong></span> <span class='ocrx_word' id='word_1_642' title='bbox 2649 1843 2792 1896; x_wconf 89' lang='lat' dir='ltr'><strong>enim</strong></span> <span class='ocrx_word' id='word_1_643' title='bbox 2821 1858 2948 1912; x_wconf 82' lang='lat' dir='ltr'><strong>ager</strong></span> <span class='ocrx_word' id='word_1_644' title='bbox 2973 1853 3193 1900; x_wconf 89' lang='lat' dir='ltr'><strong>vocatur</strong></span> <span class='ocrx_word' id='word_1_645' title='bbox 3216 1850 3485 1918; x_wconf 66' lang='lat' dir='ltr'><strong>agricolae,</strong></span> <span class='ocrx_word' id='word_1_646' title='bbox 3513 1852 3607 1906; x_wconf 89' lang='lat' dir='ltr'><strong>sed</strong></span> <span class='ocrx_word' id='word_1_647' title='bbox 3637 1869 3734 1921; x_wconf 87' lang='lat' dir='ltr'><strong>pa-</strong></span> 
     </span>
    </p>
   </div>
   <div class='ocr_carea' id='block_1_77' title="bbox 2146 1927 3727 2009">
    <p class='ocr_par' dir='ltr' id='par_1_77' title="bbox 2146 1927 3727 2009">
     <span class='ocr_line' id='line_1_77' title="bbox 2146 1927 3727 2009; baseline 0.012 -31"><span class='ocrx_word' id='word_1_648' title='bbox 2146 1927 2492 1983; x_wconf 86' lang='lat' dir='ltr'><strong>trisfamilias.</strong></span> <span class='ocrx_word' id='word_1_649' title='bbox 2535 1930 2631 1985; x_wconf 91' lang='lat' dir='ltr'><strong>Dei</strong></span> <span class='ocrx_word' id='word_1_650' title='bbox 2667 1933 2938 2003; x_wconf 73' lang='lat' dir='ltr'><strong>azdi/icatio</strong></span> <span class='ocrx_word' id='word_1_651' title='bbox 2977 1939 3114 1992; x_wconf 89' lang='lat' dir='ltr'><strong>estis.</strong></span> <span class='ocrx_word' id='word_1_652' title='bbox 3163 1939 3362 1994; x_wconf 80' lang='lat' dir='ltr'><strong>Rursus</strong></span> <span class='ocrx_word' id='word_1_653' title='bbox 3401 1942 3688 1998; x_wconf 66' lang='lat' dir='ltr'><strong>aedificatio</strong></span> <span class='ocrx_word' id='word_1_654' title='bbox 3713 1988 3727 2009; x_wconf 91' lang='lat'><strong>,</strong></span> 
     </span>
    </p>
   </div>
   <div class='ocr_carea' id='block_1_78' title="bbox 2145 2021 3726 2102">
    <p class='ocr_par' dir='ltr' id='par_1_78' title="bbox 2145 2021 3726 2102">
     <span class='ocr_line' id='line_1_78' title="bbox 2145 2021 3726 2102; baseline 0.014 -31"><span class='ocrx_word' id='word_1_655' title='bbox 2145 2033 2248 2072; x_wconf 91' lang='lat' dir='ltr'><strong>non</strong></span> <span class='ocrx_word' id='word_1_656' title='bbox 2273 2021 2514 2088; x_wconf 83' lang='lat' dir='ltr'><strong>artiﬁcis,</strong></span> <span class='ocrx_word' id='word_1_657' title='bbox 2535 2025 2626 2077; x_wconf 87' lang='lat' dir='ltr'><strong>sed</strong></span> <span class='ocrx_word' id='word_1_658' title='bbox 2644 2025 2844 2080; x_wconf 90' lang='lat' dir='ltr'><strong>domini</strong></span> <span class='ocrx_word' id='word_1_659' title='bbox 2867 2038 2970 2082; x_wconf 87' lang='lat' dir='ltr'><strong>est.</strong></span> <span class='ocrx_word' id='word_1_660' title='bbox 2993 2028 3047 2084; x_wconf 92' lang='lat' dir='ltr'><strong>Si</strong></span> <span class='ocrx_word' id='word_1_661' title='bbox 3069 2039 3246 2086; x_wconf 89' lang='lat' dir='ltr'><strong>autem</strong></span> <span class='ocrx_word' id='word_1_662' title='bbox 3268 2033 3548 2090; x_wconf 75' lang='lat' dir='ltr'><strong>:edilicatio</strong></span> <span class='ocrx_word' id='word_1_663' title='bbox 3570 2039 3726 2102; x_wconf 84' lang='lat' dir='ltr'><strong>estis,</strong></span> 
     </span>
    </p>
   </div>
   <div class='ocr_carea' id='block_1_79' title="bbox 2140 2118 3725 2186">
    <p class='ocr_par' dir='ltr' id='par_1_79' title="bbox 2140 2118 3725 2186">
     <span class='ocr_line' id='line_1_79' title="bbox 2140 2118 3725 2186; baseline 0.014 -22"><span class='ocrx_word' id='word_1_664' title='bbox 2140 2127 2246 2166; x_wconf 91' lang='lat' dir='ltr'><strong>non</strong></span> <span class='ocrx_word' id='word_1_665' title='bbox 2290 2124 2504 2182; x_wconf 84' lang='lat' dir='ltr'><strong>Oportet</strong></span> <span class='ocrx_word' id='word_1_666' title='bbox 2542 2132 2660 2172; x_wconf 78' lang='lat' dir='ltr'><strong>esse</strong></span> <span class='ocrx_word' id='word_1_667' title='bbox 2701 2118 2900 2175; x_wconf 89' lang='lat' dir='ltr'><strong>divisos</strong></span> <span class='ocrx_word' id='word_1_668' title='bbox 2932 2122 3102 2177; x_wconf 84' lang='lat' dir='ltr'><strong>:alias</strong></span> <span class='ocrx_word' id='word_1_669' title='bbox 3146 2124 3248 2179; x_wconf 90' lang='lat' dir='ltr'><strong>hoc</strong></span> <span class='ocrx_word' id='word_1_670' title='bbox 3291 2125 3578 2182; x_wconf 73' lang='lat' dir='ltr'><strong>tediiicatio</strong></span> <span class='ocrx_word' id='word_1_671' title='bbox 3615 2147 3725 2186; x_wconf 87' lang='lat' dir='ltr'><strong>non</strong></span> 
     </span>
    </p>
   </div>
   <div class='ocr_carea' id='block_1_80' title="bbox 2140 2202 3724 2290">
    <p class='ocr_par' dir='ltr' id='par_1_80' title="bbox 2140 2202 3724 2290">
     <span class='ocr_line' id='line_1_80' title="bbox 2140 2202 3724 2290; baseline 0.015 -35"><span class='ocrx_word' id='word_1_672' title='bbox 2140 2202 2314 2258; x_wconf 88' lang='lat' dir='ltr'><strong>fuerit.</strong></span> <span class='ocrx_word' id='word_1_673' title='bbox 2347 2204 2404 2261; x_wconf 90' lang='lat' dir='ltr'><strong>Si</strong></span> <span class='ocrx_word' id='word_1_674' title='bbox 2446 2207 2763 2276; x_wconf 82' lang='lat' dir='ltr'><strong>agricultura</strong></span> <span class='ocrx_word' id='word_1_675' title='bbox 2792 2212 2922 2266; x_wconf 70' lang='lat' dir='ltr'><strong>estis</strong></span> <span class='ocrx_word' id='word_1_676' title='bbox 2946 2253 2960 2278; x_wconf 94' lang='lat'><strong>,</strong></span> <span class='ocrx_word' id='word_1_677' title='bbox 2996 2228 3101 2269; x_wconf 90' lang='lat' dir='ltr'><strong>non</strong></span> <span class='ocrx_word' id='word_1_678' title='bbox 3139 2225 3350 2286; x_wconf 89' lang='lat' dir='ltr'><strong>oportet</strong></span> <span class='ocrx_word' id='word_1_679' title='bbox 3386 2219 3595 2290; x_wconf 90' lang='lat' dir='ltr'><strong>dividi,</strong></span> <span class='ocrx_word' id='word_1_680' title='bbox 3627 2225 3724 2278; x_wconf 84' lang='lat' dir='ltr'><strong>sed</strong></span> 
     </span>
    </p>
   </div>
   <div class='ocr_carea' id='block_1_81' title="bbox 2139 2298 3724 2381">
    <p class='ocr_par' dir='ltr' id='par_1_81' title="bbox 2139 2298 3724 2381">
     <span class='ocr_line' id='line_1_81' title="bbox 2139 2298 3724 2381; baseline 0.015 -35"><span class='ocrx_word' id='word_1_681' title='bbox 2139 2309 2242 2348; x_wconf 89' lang='lat' dir='ltr'><strong>una</strong></span> <span class='ocrx_word' id='word_1_682' title='bbox 2277 2298 2578 2353; x_wconf 75' lang='lat' dir='ltr'><strong>Concordia:</strong></span> <span class='ocrx_word' id='word_1_683' title='bbox 2619 2316 2746 2371; x_wconf 89' lang='lat' dir='ltr'><strong>sepe</strong></span> <span class='ocrx_word' id='word_1_684' title='bbox 2791 2304 3006 2358; x_wconf 89' lang='lat' dir='ltr'><strong>muniri.</strong></span> <span class='ocrx_word' id='word_1_685' title='bbox 3038 2305 3126 2361; x_wconf 81' lang='grc'><strong>10.</strong></span> <span class='ocrx_word' id='word_1_686' title='bbox 3159 2305 3453 2364; x_wconf 86' lang='lat' dir='ltr'><strong>Secundum</strong></span> <span class='ocrx_word' id='word_1_687' title='bbox 3499 2315 3724 2381; x_wconf 75' lang='lat' dir='ltr'><strong>gratiam</strong></span> 
     </span>
    </p>
   </div>
   <div class='ocr_carea' id='block_1_82' title="bbox 2137 2382 3723 2474">
    <p class='ocr_par' dir='ltr' id='par_1_82' title="bbox 2137 2382 3723 2474">
     <span class='ocr_line' id='line_1_82' title="bbox 2137 2382 3723 2474; baseline 0.013 -37"><span class='ocrx_word' id='word_1_688' title='bbox 2137 2382 2232 2439; x_wconf 88' lang='lat' dir='ltr'><strong>Dci</strong></span> <span class='ocrx_word' id='word_1_689' title='bbox 2256 2429 2271 2453; x_wconf 95' lang='lat'><strong>,</strong></span> <span class='ocrx_word' id='word_1_690' title='bbox 2305 2403 2417 2458; x_wconf 76' lang='lat' dir='ltr'><strong>qua:</strong></span> <span class='ocrx_word' id='word_1_691' title='bbox 2442 2389 2562 2442; x_wconf 88' lang='lat' dir='ltr'><strong>data</strong></span> <span class='ocrx_word' id='word_1_692' title='bbox 2591 2401 2660 2444; x_wconf 90' lang='lat' dir='ltr'><strong>est</strong></span> <span class='ocrx_word' id='word_1_693' title='bbox 2697 2391 2820 2445; x_wconf 80' lang='lat' dir='ltr'><strong>milii</strong></span> <span class='ocrx_word' id='word_1_694' title='bbox 2843 2433 2858 2459; x_wconf 93' lang='lat'><strong>,</strong></span> <span class='ocrx_word' id='word_1_695' title='bbox 2889 2404 2944 2446; x_wconf 93' lang='lat' dir='ltr'><strong>ut</strong></span> <span class='ocrx_word' id='word_1_696' title='bbox 2970 2397 3173 2465; x_wconf 87' lang='lat' dir='ltr'><strong>sapiens</strong></span> <span class='ocrx_word' id='word_1_697' title='bbox 3201 2400 3498 2455; x_wconf 82' lang='lat' dir='ltr'><strong>architectus</strong></span> <span class='ocrx_word' id='word_1_698' title='bbox 3523 2405 3723 2474; x_wconf 80' lang='lat' dir='ltr'><strong>funda—</strong></span> 
     </span>
    </p>
   </div>
   <div class='ocr_carea' id='block_1_83' title="bbox 2135 2481 3723 2557">
    <p class='ocr_par' dir='ltr' id='par_1_83' title="bbox 2135 2481 3723 2557">
     <span class='ocr_line' id='line_1_83' title="bbox 2135 2481 3723 2557; baseline 0.014 -28"><span class='ocrx_word' id='word_1_699' title='bbox 2135 2489 2358 2533; x_wconf 84' lang='lat' dir='ltr'><strong>mentum</strong></span> <span class='ocrx_word' id='word_1_700' title='bbox 2395 2481 2559 2549; x_wconf 86' lang='lat' dir='ltr'><strong>posui.</strong></span> <span class='ocrx_word' id='word_1_701' title='bbox 2591 2481 2688 2537; x_wconf 90' lang='lat' dir='ltr'><strong>llie</strong></span> <span class='ocrx_word' id='word_1_702' title='bbox 2714 2497 2774 2538; x_wconf 91' lang='lat' dir='ltr'><strong>se</strong></span> <span class='ocrx_word' id='word_1_703' title='bbox 2813 2485 3104 2554; x_wconf 89' lang='lat' dir='ltr'><strong>sapientem</strong></span> <span class='ocrx_word' id='word_1_704' title='bbox 3133 2492 3339 2545; x_wconf 87' lang='lat' dir='ltr'><strong>vocavit</strong></span> <span class='ocrx_word' id='word_1_705' title='bbox 3363 2532 3378 2557; x_wconf 98' lang='lat'><strong>,</strong></span> <span class='ocrx_word' id='word_1_706' title='bbox 3405 2508 3508 2548; x_wconf 85' lang='lat' dir='ltr'><strong>non</strong></span> <span class='ocrx_word' id='word_1_707' title='bbox 3537 2511 3598 2550; x_wconf 90' lang='lat' dir='ltr'><strong>se</strong></span> <span class='ocrx_word' id='word_1_708' title='bbox 3623 2511 3723 2551; x_wconf 82' lang='lat' dir='ltr'><strong>ex-</strong></span> 
     </span>
    </p>
   </div>
   <div class='ocr_carea' id='block_1_84' title="bbox 2135 2570 3722 2655">
    <p class='ocr_par' dir='ltr' id='par_1_84' title="bbox 2135 2570 3722 2655">
     <span class='ocr_line' id='line_1_84' title="bbox 2135 2570 3722 2655; baseline 0.013 -32"><span class='ocrx_word' id='word_1_709' title='bbox 2135 2570 2347 2638; x_wconf 86' lang='lat' dir='ltr'><strong>tollens,</strong></span> <span class='ocrx_word' id='word_1_710' title='bbox 2371 2572 2464 2626; x_wconf 84' lang='lat' dir='ltr'><strong>sed</strong></span> <span class='ocrx_word' id='word_1_711' title='bbox 2487 2587 2545 2627; x_wconf 93' lang='lat' dir='ltr'><strong>se</strong></span> <span class='ocrx_word' id='word_1_712' title='bbox 2566 2581 2748 2645; x_wconf 86' lang='lat' dir='ltr'><strong>typum</strong></span> <span class='ocrx_word' id='word_1_713' title='bbox 2771 2576 2902 2630; x_wconf 89' lang='lat' dir='ltr'><strong>dans</strong></span> <span class='ocrx_word' id='word_1_714' title='bbox 2929 2577 3051 2639; x_wconf 83' lang='lat' dir='ltr'><strong>illis.</strong></span> <span class='ocrx_word' id='word_1_715' title='bbox 3075 2588 3130 2634; x_wconf 89' lang='lat' dir='ltr'><strong>et</strong></span> <span class='ocrx_word' id='word_1_716' title='bbox 3149 2582 3436 2638; x_wconf 88' lang='lat' dir='ltr'><strong>ostendens</strong></span> <span class='ocrx_word' id='word_1_717' title='bbox 3455 2587 3722 2655; x_wconf 87' lang='lat' dir='ltr'><strong>sapientis</strong></span> 
     </span>
    </p>
   </div>
   <div class='ocr_carea' id='block_1_85' title="bbox 2130 2665 3717 2748">
    <p class='ocr_par' dir='ltr' id='par_1_85' title="bbox 2130 2665 3717 2748">
     <span class='ocr_line' id='line_1_85' title="bbox 2130 2665 3717 2748; baseline 0.013 -34"><span class='ocrx_word' id='word_1_718' title='bbox 2130 2676 2250 2716; x_wconf 89' lang='lat' dir='ltr'><strong>esse</strong></span> <span class='ocrx_word' id='word_1_719' title='bbox 2276 2678 2436 2718; x_wconf 90' lang='lat' dir='ltr'><strong>unum</strong></span> <span class='ocrx_word' id='word_1_720' title='bbox 2463 2679 2664 2735; x_wconf 87' lang='lat' dir='ltr'><strong>ponere</strong></span> <span class='ocrx_word' id='word_1_721' title='bbox 2689 2665 3108 2724; x_wconf 87' lang='lat' dir='ltr'><strong>fundamentum.</strong></span> <span class='ocrx_word' id='word_1_722' title='bbox 3141 2670 3272 2727; x_wconf 83' lang='lat' dir='ltr'><strong>Vide</strong></span> <span class='ocrx_word' id='word_1_723' title='bbox 3299 2690 3526 2746; x_wconf 90' lang='lat' dir='ltr'><strong>namque</strong></span> <span class='ocrx_word' id='word_1_724' title='bbox 3550 2694 3717 2748; x_wconf 87' lang='lat' dir='ltr'><strong>quam</strong></span> 
     </span>
    </p>
   </div>
   <div class='ocr_carea' id='block_1_86' title="bbox 2129 2755 3712 2839">
    <p class='ocr_par' dir='ltr' id='par_1_86' title="bbox 2129 2755 3712 2839">
     <span class='ocr_line' id='line_1_86' title="bbox 2129 2755 3712 2839; baseline 0.013 -32"><span class='ocrx_word' id='word_1_725' title='bbox 2129 2755 2402 2810; x_wconf 84' lang='lat' dir='ltr'><strong>moderate</strong></span> <span class='ocrx_word' id='word_1_726' title='bbox 2431 2771 2490 2812; x_wconf 90' lang='lat' dir='ltr'><strong>se</strong></span> <span class='ocrx_word' id='word_1_727' title='bbox 2516 2769 2683 2828; x_wconf 77' lang='lat' dir='ltr'><strong>gerat.</strong></span> <span class='ocrx_word' id='word_1_728' title='bbox 2714 2760 2844 2815; x_wconf 85' lang='lat' dir='ltr'><strong>Cum</strong></span> <span class='ocrx_word' id='word_1_729' title='bbox 2872 2761 3014 2816; x_wconf 90' lang='lat' dir='ltr'><strong>enim</strong></span> <span class='ocrx_word' id='word_1_730' title='bbox 3041 2779 3104 2820; x_wconf 84' lang='lat' dir='ltr'><strong>se</strong></span> <span class='ocrx_word' id='word_1_731' title='bbox 3126 2766 3418 2836; x_wconf 85' lang='lat' dir='ltr'><strong>sapientem</strong></span> <span class='ocrx_word' id='word_1_732' title='bbox 3449 2769 3670 2828; x_wconf 87' lang='lat' dir='ltr'><strong>dixisset</strong></span> <span class='ocrx_word' id='word_1_733' title='bbox 3694 2815 3712 2839; x_wconf 91' lang='lat'><strong>,</strong></span> 
     </span>
    </p>
   </div>
   <div class='ocr_carea' id='block_1_87' title="bbox 2129 2846 3714 2927">
    <p class='ocr_par' dir='ltr' id='par_1_87' title="bbox 2129 2846 3714 2927">
     <span class='ocr_line' id='line_1_87' title="bbox 2129 2846 3714 2927; baseline 0.014 -30"><span class='ocrx_word' id='word_1_734' title='bbox 2129 2859 2236 2900; x_wconf 89' lang='lat' dir='ltr'><strong>non</strong></span> <span class='ocrx_word' id='word_1_735' title='bbox 2257 2846 2378 2902; x_wconf 85' lang='lat' dir='ltr'><strong>sivit</strong></span> <span class='ocrx_word' id='word_1_736' title='bbox 2405 2847 2504 2901; x_wconf 91' lang='lat' dir='ltr'><strong>hoc</strong></span> <span class='ocrx_word' id='word_1_737' title='bbox 2527 2864 2645 2903; x_wconf 87' lang='lat' dir='ltr'><strong>esse</strong></span> <span class='ocrx_word' id='word_1_738' title='bbox 2671 2865 2844 2914; x_wconf 84' lang='lat' dir='ltr'><strong>suum,</strong></span> <span class='ocrx_word' id='word_1_739' title='bbox 2868 2852 2962 2907; x_wconf 90' lang='lat' dir='ltr'><strong>sed</strong></span> <span class='ocrx_word' id='word_1_740' title='bbox 2993 2869 3112 2909; x_wconf 86' lang='lat' dir='ltr'><strong>cum</strong></span> <span class='ocrx_word' id='word_1_741' title='bbox 3140 2871 3199 2911; x_wconf 91' lang='lat' dir='ltr'><strong>se</strong></span> <span class='ocrx_word' id='word_1_742' title='bbox 3225 2859 3374 2927; x_wconf 87' lang='lat' dir='ltr'><strong>prius</strong></span> <span class='ocrx_word' id='word_1_743' title='bbox 3399 2867 3566 2916; x_wconf 91' lang='lat' dir='ltr'><strong>totum</strong></span> <span class='ocrx_word' id='word_1_744' title='bbox 3596 2863 3714 2919; x_wconf 89' lang='lat' dir='ltr'><strong>Deo</strong></span> 
     </span>
    </p>
   </div>
   <div class='ocr_carea' id='block_1_88' title="bbox 2125 2936 3715 3026">
    <p class='ocr_par' dir='ltr' id='par_1_88' title="bbox 2125 2936 3715 3026">
     <span class='ocr_line' id='line_1_88' title="bbox 2125 2936 3715 3026; baseline 0.012 -35"><span class='ocrx_word' id='word_1_745' title='bbox 2125 2936 2478 3006; x_wconf 85' lang='lat' dir='ltr'><strong>attribuisset,</strong></span> <span class='ocrx_word' id='word_1_746' title='bbox 2510 2949 2634 2996; x_wconf 90' lang='lat' dir='ltr'><strong>tunc</strong></span> <span class='ocrx_word' id='word_1_747' title='bbox 2663 2958 2722 2998; x_wconf 77' lang='lat' dir='ltr'><strong>se</strong></span> <span class='ocrx_word' id='word_1_748' title='bbox 2754 2945 2823 2998; x_wconf 88' lang='lat' dir='ltr'><strong>ita</strong></span> <span class='ocrx_word' id='word_1_749' title='bbox 2853 2948 3062 3000; x_wconf 82' lang='lat' dir='ltr'><strong>vocavit</strong></span> <span class='ocrx_word' id='word_1_750' title='bbox 3091 2965 3104 3002; x_wconf 89' lang='lat'><strong>:</strong></span> <span class='ocrx_word' id='word_1_751' title='bbox 3133 2963 3254 3004; x_wconf 88' lang='lat' dir='ltr'><strong>nam</strong></span> <span class='ocrx_word' id='word_1_752' title='bbox 3284 2951 3575 3008; x_wconf 84' lang='lat' dir='ltr'><strong>Secundum</strong></span> <span class='ocrx_word' id='word_1_753' title='bbox 3597 2974 3715 3026; x_wconf 83' lang='lat' dir='ltr'><strong>gru-</strong></span> 
     </span>
    </p>
   </div>
   <div class='ocr_carea' id='block_1_89' title="bbox 2127 3028 3707 3110">
    <p class='ocr_par' dir='ltr' id='par_1_89' title="bbox 2127 3028 3707 3110">
     <span class='ocr_line' id='line_1_89' title="bbox 2127 3028 3707 3110; baseline 0.015 -29"><span class='ocrx_word' id='word_1_754' title='bbox 2127 3031 2248 3082; x_wconf 89' lang='lat' dir='ltr'><strong>tiam</strong></span> <span class='ocrx_word' id='word_1_755' title='bbox 2293 3028 2423 3094; x_wconf 75' lang='lat' dir='ltr'><strong>Dei,</strong></span> <span class='ocrx_word' id='word_1_756' title='bbox 2466 3049 2578 3102; x_wconf 75' lang='lat' dir='ltr'><strong>qum</strong></span> <span class='ocrx_word' id='word_1_757' title='bbox 2625 3034 2744 3087; x_wconf 86' lang='lat' dir='ltr'><strong>data</strong></span> <span class='ocrx_word' id='word_1_758' title='bbox 2787 3045 2857 3090; x_wconf 88' lang='lat' dir='ltr'><strong>est</strong></span> <span class='ocrx_word' id='word_1_759' title='bbox 2904 3036 3061 3098; x_wconf 88' lang='lat' dir='ltr'><strong>mihi,</strong></span> <span class='ocrx_word' id='word_1_760' title='bbox 3108 3037 3301 3110; x_wconf 88' lang='lat' dir='ltr'><strong>inquit.</strong></span> <span class='ocrx_word' id='word_1_761' title='bbox 3347 3043 3510 3100; x_wconf 89' lang='lat' dir='ltr'><strong>Simul</strong></span> <span class='ocrx_word' id='word_1_762' title='bbox 3560 3050 3707 3104; x_wconf 86' lang='lat' dir='ltr'><strong>enim</strong></span> 
     </span>
    </p>
   </div>
   <div class='ocr_carea' id='block_1_90' title="bbox 2123 3122 3706 3210">
    <p class='ocr_par' dir='ltr' id='par_1_90' title="bbox 2123 3122 3706 3210">
     <span class='ocr_line' id='line_1_90' title="bbox 2123 3122 3706 3210; baseline 0.014 -35"><span class='ocrx_word' id='word_1_763' title='bbox 2123 3122 2354 3177; x_wconf 88' lang='lat' dir='ltr'><strong>ostendit</strong></span> <span class='ocrx_word' id='word_1_764' title='bbox 2385 3133 2550 3178; x_wconf 88' lang='lat' dir='ltr'><strong>totum</strong></span> <span class='ocrx_word' id='word_1_765' title='bbox 2587 3140 2707 3180; x_wconf 90' lang='lat' dir='ltr'><strong>esse</strong></span> <span class='ocrx_word' id='word_1_766' title='bbox 2752 3128 2840 3182; x_wconf 82' lang='lat' dir='ltr'><strong>Dei</strong></span> <span class='ocrx_word' id='word_1_767' title='bbox 2870 3139 2925 3184; x_wconf 92' lang='lat' dir='ltr'><strong>et</strong></span> <span class='ocrx_word' id='word_1_768' title='bbox 2964 3130 3105 3200; x_wconf 91' lang='lat' dir='ltr'><strong>quod</strong></span> <span class='ocrx_word' id='word_1_769' title='bbox 3144 3131 3248 3188; x_wconf 89' lang='lat' dir='ltr'><strong>hoc</strong></span> <span class='ocrx_word' id='word_1_770' title='bbox 3276 3136 3505 3193; x_wconf 88' lang='lat' dir='ltr'><strong>maxime</strong></span> <span class='ocrx_word' id='word_1_771' title='bbox 3532 3143 3706 3210; x_wconf 77' lang='lat' dir='ltr'><strong>gratia</strong></span> 
     </span>
    </p>
   </div>
   <div class='ocr_carea' id='block_1_91' title="bbox 2121 3212 3706 3289">
    <p class='ocr_par' dir='ltr' id='par_1_91' title="bbox 2121 3212 3706 3289">
     <span class='ocr_line' id='line_1_91' title="bbox 2121 3212 3706 3289; baseline 0.013 -25"><span class='ocrx_word' id='word_1_772' title='bbox 2121 3212 2219 3276; x_wconf 85' lang='lat' dir='ltr'><strong>sit,</strong></span> <span class='ocrx_word' id='word_1_773' title='bbox 2250 3228 2354 3266; x_wconf 88' lang='lat' dir='ltr'><strong>non</strong></span> <span class='ocrx_word' id='word_1_774' title='bbox 2380 3214 2574 3279; x_wconf 87' lang='lat' dir='ltr'><strong>dividi,</strong></span> <span class='ocrx_word' id='word_1_775' title='bbox 2608 3217 2699 3271; x_wconf 70' lang='lat' dir='ltr'><strong>sed</strong></span> <span class='ocrx_word' id='word_1_776' title='bbox 2730 3220 2780 3272; x_wconf 93' lang='lat' dir='ltr'><strong>in</strong></span> <span class='ocrx_word' id='word_1_777' title='bbox 2813 3235 2917 3272; x_wconf 88' lang='lat' dir='ltr'><strong>uno</strong></span> <span class='ocrx_word' id='word_1_778' title='bbox 2950 3221 3129 3289; x_wconf 88' lang='lat' dir='ltr'><strong>jacere</strong></span> <span class='ocrx_word' id='word_1_779' title='bbox 3159 3221 3524 3283; x_wconf 90' lang='lat' dir='ltr'><strong>fundamento.</strong></span> <span class='ocrx_word' id='word_1_780' title='bbox 3553 3230 3706 3285; x_wconf 79' lang='lat' dir='ltr'><strong>Alius</strong></span> 
     </span>
    </p>
   </div>
   <div class='ocr_carea' id='block_1_92' title="bbox 2120 3307 3705 3388">
    <p class='ocr_par' dir='ltr' id='par_1_92' title="bbox 2120 3307 3705 3388">
     <span class='ocr_line' id='line_1_92' title="bbox 2120 3307 3705 3388; baseline 0.014 -31"><span class='ocrx_word' id='word_1_781' title='bbox 2120 3307 2491 3375; x_wconf 65' lang='lat' dir='ltr'><strong>superadi/icat</strong></span> <span class='ocrx_word' id='word_1_782' title='bbox 2520 3324 2540 3362; x_wconf 88' lang='lat'><strong><em>:</em></strong></span> <span class='ocrx_word' id='word_1_783' title='bbox 2564 3309 2728 3363; x_wconf 85' lang='lat' dir='ltr'><strong>videat</strong></span> <span class='ocrx_word' id='word_1_784' title='bbox 2768 3323 2935 3366; x_wconf 88' lang='lat' dir='ltr'><strong>autem</strong></span> <span class='ocrx_word' id='word_1_785' title='bbox 2973 3317 3309 3387; x_wconf 87' lang='lat' dir='ltr'><strong>unusquisque</strong></span> <span class='ocrx_word' id='word_1_786' title='bbox 3331 3323 3583 3388; x_wconf 85' lang='lat' dir='ltr'><strong>quomodo</strong></span> <span class='ocrx_word' id='word_1_787' title='bbox 3607 3342 3705 3378; x_wconf 77' lang='lat' dir='ltr'><strong>su-</strong></span> 
     </span>
    </p>
   </div>
   <div class='ocr_carea' id='block_1_93' title="bbox 2119 3397 3701 3474">
    <p class='ocr_par' dir='ltr' id='par_1_93' title="bbox 2119 3397 3701 3474">
     <span class='ocr_line' id='line_1_93' title="bbox 2119 3397 3701 3474; baseline 0.014 -23"><span class='ocrx_word' id='word_1_788' title='bbox 2119 3397 2441 3467; x_wconf 72' lang='lat' dir='ltr'><strong>perwdiﬁcet.</strong></span> <span class='ocrx_word' id='word_1_789' title='bbox 2474 3400 2570 3455; x_wconf 87' lang='lat' dir='ltr'><strong>llic</strong></span> <span class='ocrx_word' id='word_1_790' title='bbox 2597 3403 2723 3458; x_wconf 90' lang='lat' dir='ltr'><strong>mihi</strong></span> <span class='ocrx_word' id='word_1_791' title='bbox 2755 3405 2960 3461; x_wconf 89' lang='lat' dir='ltr'><strong>videtur</strong></span> <span class='ocrx_word' id='word_1_792' title='bbox 2987 3407 3104 3462; x_wconf 92' lang='lat' dir='ltr'><strong>illos</strong></span> <span class='ocrx_word' id='word_1_793' title='bbox 3133 3410 3401 3474; x_wconf 85' lang='lat' dir='ltr'><strong>inducere.</strong></span> <span class='ocrx_word' id='word_1_794' title='bbox 3434 3424 3490 3468; x_wconf 92' lang='lat' dir='ltr'><strong>ut</strong></span> <span class='ocrx_word' id='word_1_795' title='bbox 3515 3427 3701 3472; x_wconf 85' lang='lat' dir='ltr'><strong>certa-</strong></span> 
     </span>
    </p>
   </div>
   <div class='ocr_carea' id='block_1_94' title="bbox 2119 3490 3702 3569">
    <p class='ocr_par' dir='ltr' id='par_1_94' title="bbox 2119 3490 3702 3569">
     <span class='ocr_line' id='line_1_94' title="bbox 2119 3490 3702 3569; baseline 0.012 -27"><span class='ocrx_word' id='word_1_796' title='bbox 2119 3503 2240 3543; x_wconf 90' lang='lat' dir='ltr'><strong>men</strong></span> <span class='ocrx_word' id='word_1_797' title='bbox 2270 3490 2451 3546; x_wconf 87' lang='lat' dir='ltr'><strong>ineant</strong></span> <span class='ocrx_word' id='word_1_798' title='bbox 2475 3491 2544 3547; x_wconf 90' lang='lat' dir='ltr'><strong>de</strong></span> <span class='ocrx_word' id='word_1_799' title='bbox 2571 3494 2673 3548; x_wconf 82' lang='lat' dir='ltr'><strong>vita</strong></span> <span class='ocrx_word' id='word_1_800' title='bbox 2702 3495 3044 3564; x_wconf 88' lang='lat' dir='ltr'><strong>instituenda,</strong></span> <span class='ocrx_word' id='word_1_801' title='bbox 3074 3501 3196 3569; x_wconf 88' lang='lat' dir='ltr'><strong>quia</strong></span> <span class='ocrx_word' id='word_1_802' title='bbox 3224 3503 3345 3557; x_wconf 92' lang='lat' dir='ltr'><strong>illos</strong></span> <span class='ocrx_word' id='word_1_803' title='bbox 3374 3506 3540 3561; x_wconf 88' lang='lat' dir='ltr'><strong>semel</strong></span> <span class='ocrx_word' id='word_1_804' title='bbox 3566 3522 3702 3561; x_wconf 88' lang='lat' dir='ltr'><strong>cun-</strong></span> 
     </span>
    </p>
   </div>
   <div class='ocr_carea' id='block_1_95' title="bbox 2111 3580 3702 3653">
    <p class='ocr_par' dir='ltr' id='par_1_95' title="bbox 2111 3580 3702 3653">
     <span class='ocr_line' id='line_1_95' title="bbox 2111 3580 3702 3653; baseline 0.013 -20"><span class='ocrx_word' id='word_1_805' title='bbox 2111 3580 2289 3649; x_wconf 85' lang='lat' dir='ltr'><strong>juuxit</strong></span> <span class='ocrx_word' id='word_1_806' title='bbox 2329 3593 2383 3638; x_wconf 87' lang='lat' dir='ltr'><strong>et</strong></span> <span class='ocrx_word' id='word_1_807' title='bbox 2424 3601 2586 3639; x_wconf 90' lang='lat' dir='ltr'><strong>unum</strong></span> <span class='ocrx_word' id='word_1_808' title='bbox 2627 3587 2770 3642; x_wconf 82' lang='lat' dir='ltr'><strong>fecit.</strong></span> <span class='ocrx_word' id='word_1_809' title='bbox 2807 3589 2890 3642; x_wconf 83' lang='grc' dir='ltr'><strong>Η.</strong></span> <span class='ocrx_word' id='word_1_810' title='bbox 2926 3588 3335 3648; x_wconf 77' lang='lat' dir='ltr'><strong>Fundamentum</strong></span> <span class='ocrx_word' id='word_1_811' title='bbox 3377 3597 3508 3650; x_wconf 85' lang='lat' dir='ltr'><strong>enim</strong></span> <span class='ocrx_word' id='word_1_812' title='bbox 3549 3600 3702 3653; x_wconf 78' lang='lat' dir='ltr'><strong>aliud</strong></span> 
     </span>
    </p>
   </div>
   <div class='ocr_carea' id='block_1_96' title="bbox 2115 3682 3697 3757">
    <p class='ocr_par' dir='ltr' id='par_1_96' title="bbox 2115 3682 3697 3757">
     <span class='ocr_line' id='line_1_96' title="bbox 2115 3682 3697 3757; baseline 0.011 -31"><span class='ocrx_word' id='word_1_813' title='bbox 2115 3690 2258 3727; x_wconf 89' lang='lat' dir='ltr'><strong>nemo</strong></span> <span class='ocrx_word' id='word_1_814' title='bbox 2290 3684 2447 3745; x_wconf 76' lang='lat' dir='ltr'><strong>potest</strong></span> <span class='ocrx_word' id='word_1_815' title='bbox 2485 3693 2667 3747; x_wconf 86' lang='lat' dir='ltr'><strong>ponere</strong></span> <span class='ocrx_word' id='word_1_816' title='bbox 2705 3689 2886 3748; x_wconf 82' lang='lat' dir='ltr'><strong>prwter</strong></span> <span class='ocrx_word' id='word_1_817' title='bbox 2915 3682 2969 3733; x_wconf 87' lang='lat' dir='ltr'><strong>id</strong></span> <span class='ocrx_word' id='word_1_818' title='bbox 2997 3684 3130 3749; x_wconf 88' lang='lat' dir='ltr'><strong>quod</strong></span> <span class='ocrx_word' id='word_1_819' title='bbox 3157 3686 3372 3753; x_wconf 89' lang='lat' dir='ltr'><strong>positum</strong></span> <span class='ocrx_word' id='word_1_820' title='bbox 3410 3697 3517 3753; x_wconf 89' lang='lat' dir='ltr'><strong>est,</strong></span> <span class='ocrx_word' id='word_1_821' title='bbox 3557 3692 3697 3757; x_wconf 85' lang='lat' dir='ltr'><strong>quod</strong></span> 
     </span>
    </p>
   </div>
   <div class='ocr_carea' id='block_1_97' title="bbox 2113 3765 3700 3846">
    <p class='ocr_par' dir='ltr' id='par_1_97' title="bbox 2113 3765 3700 3846">
     <span class='ocr_line' id='line_1_97' title="bbox 2113 3765 3700 3846; baseline 0.008 -24"><span class='ocrx_word' id='word_1_822' title='bbox 2113 3775 2184 3822; x_wconf 72' lang='lat' dir='ltr'><strong>est</strong></span> <span class='ocrx_word' id='word_1_823' title='bbox 2211 3765 2361 3821; x_wconf 74' lang='lat' dir='ltr'><strong>Iesus</strong></span> <span class='ocrx_word' id='word_1_824' title='bbox 2389 3767 2642 3823; x_wconf 80' lang='lat' dir='ltr'><strong>Christus.</strong></span> <span class='ocrx_word' id='word_1_825' title='bbox 2678 3769 2796 3825; x_wconf 82' lang='lat' dir='ltr'><strong>Non</strong></span> <span class='ocrx_word' id='word_1_826' title='bbox 2838 3780 3010 3840; x_wconf 84' lang='lat' dir='ltr'><strong>potest</strong></span> <span class='ocrx_word' id='word_1_827' title='bbox 3044 3783 3223 3829; x_wconf 91' lang='lat' dir='ltr'><strong>autem</strong></span> <span class='ocrx_word' id='word_1_828' title='bbox 3251 3777 3501 3846; x_wconf 90' lang='lat' dir='ltr'><strong>quamdiu</strong></span> <span class='ocrx_word' id='word_1_829' title='bbox 3527 3777 3700 3836; x_wconf 84' lang='lat' dir='ltr'><strong>fuerit</strong></span> 
     </span>
    </p>
   </div>
   <div class='ocr_carea' id='block_1_98' title="bbox 2110 3857 3694 3937">
    <p class='ocr_par' dir='ltr' id='par_1_98' title="bbox 2110 3857 3694 3937">
     <span class='ocr_line' id='line_1_98' title="bbox 2110 3857 3694 3937; baseline 0.01 -25"><span class='ocrx_word' id='word_1_830' title='bbox 2110 3857 2434 3914; x_wconf 87' lang='lat' dir='ltr'><strong>architectus</strong></span> <span class='ocrx_word' id='word_1_831' title='bbox 2462 3877 2478 3916; x_wconf 88' lang='lat'><strong>:</strong></span> <span class='ocrx_word' id='word_1_832' title='bbox 2502 3860 2550 3915; x_wconf 86' lang='lat' dir='ltr'><strong>si</strong></span> <span class='ocrx_word' id='word_1_833' title='bbox 2591 3869 2765 3916; x_wconf 89' lang='lat' dir='ltr'><strong>autem</strong></span> <span class='ocrx_word' id='word_1_834' title='bbox 2805 3863 3036 3932; x_wconf 88' lang='lat' dir='ltr'><strong>positum</strong></span> <span class='ocrx_word' id='word_1_835' title='bbox 3080 3865 3275 3933; x_wconf 80' lang='lat' dir='ltr'><strong>fuerit,</strong></span> <span class='ocrx_word' id='word_1_836' title='bbox 3311 3868 3421 3937; x_wconf 89' lang='lat' dir='ltr'><strong>jam</strong></span> <span class='ocrx_word' id='word_1_837' title='bbox 3459 3885 3568 3926; x_wconf 87' lang='lat' dir='ltr'><strong>non</strong></span> <span class='ocrx_word' id='word_1_838' title='bbox 3607 3881 3694 3928; x_wconf 85' lang='lat' dir='ltr'><strong>est</strong></span> 
     </span>
    </p>
   </div>
   <div class='ocr_carea' id='block_1_99' title="bbox 2109 3948 2450 4006">
    <p class='ocr_par' dir='ltr' id='par_1_99' title="bbox 2109 3948 2450 4006">
     <span class='ocr_line' id='line_1_99' title="bbox 2109 3948 2450 4006; baseline 0.006 -4"><span class='ocrx_word' id='word_1_839' title='bbox 2109 3948 2450 4006; x_wconf 89' lang='lat' dir='ltr'><strong>architectus.</strong></span> 
     </span>
    </p>
   </div>
   <div class='ocr_carea' id='block_1_100' title="bbox 2180 4042 3696 4126">
    <p class='ocr_par' dir='ltr' id='par_1_100' title="bbox 2180 4042 3696 4126">
     <span class='ocr_line' id='line_1_100' title="bbox 2180 4042 3696 4126; baseline 0.01 -30"><span class='ocrx_word' id='word_1_840' title='bbox 2180 4042 2234 4096; x_wconf 72' lang='grc'><strong>4.</strong></span> <span class='ocrx_word' id='word_1_841' title='bbox 2274 4042 2406 4098; x_wconf 87' lang='lat' dir='ltr'><strong>Vide</strong></span> <span class='ocrx_word' id='word_1_842' title='bbox 2427 4043 2694 4114; x_wconf 87' lang='lat' dir='ltr'><strong>quomodo</strong></span> <span class='ocrx_word' id='word_1_843' title='bbox 2717 4059 2745 4098; x_wconf 89' lang='lat' dir='ltr'><strong>a</strong></span> <span class='ocrx_word' id='word_1_844' title='bbox 2770 4048 3139 4104; x_wconf 88' lang='lat' dir='ltr'><strong>communibus</strong></span> <span class='ocrx_word' id='word_1_845' title='bbox 3165 4051 3466 4108; x_wconf 89' lang='lat' dir='ltr'><strong>notionibus</strong></span> <span class='ocrx_word' id='word_1_846' title='bbox 3494 4070 3696 4126; x_wconf 83' lang='lat' dir='ltr'><strong>propo-</strong></span> 
     </span>
    </p>
   </div>
   <div class='ocr_carea' id='block_1_101' title="bbox 2107 4135 3688 4214">
    <p class='ocr_par' dir='ltr' id='par_1_101' title="bbox 2107 4135 3688 4214">
     <span class='ocr_line' id='line_1_101' title="bbox 2107 4135 3688 4214; baseline 0.009 -25"><span class='ocrx_word' id='word_1_847' title='bbox 2107 4135 2268 4190; x_wconf 90' lang='lat' dir='ltr'><strong>situm</strong></span> <span class='ocrx_word' id='word_1_848' title='bbox 2291 4143 2457 4190; x_wconf 88' lang='lat' dir='ltr'><strong>totum</strong></span> <span class='ocrx_word' id='word_1_849' title='bbox 2483 4137 2687 4206; x_wconf 90' lang='lat' dir='ltr'><strong>probet.</strong></span> <span class='ocrx_word' id='word_1_850' title='bbox 2711 4138 2860 4206; x_wconf 88' lang='lat' dir='ltr'><strong>Quod</strong></span> <span class='ocrx_word' id='word_1_851' title='bbox 2880 4150 3059 4196; x_wconf 89' lang='lat' dir='ltr'><strong>autem</strong></span> <span class='ocrx_word' id='word_1_852' title='bbox 3081 4141 3229 4208; x_wconf 89' lang='lat' dir='ltr'><strong>dicit,</strong></span> <span class='ocrx_word' id='word_1_853' title='bbox 3250 4143 3551 4214; x_wconf 88' lang='lat' dir='ltr'><strong>hujusmodi</strong></span> <span class='ocrx_word' id='word_1_854' title='bbox 3573 4158 3688 4204; x_wconf 79' lang='lat' dir='ltr'><strong>est:</strong></span> 
     </span>
    </p>
   </div>
   <div class='ocr_carea' id='block_1_102' title="bbox 2109 4228 3690 4297">
    <p class='ocr_par' dir='ltr' id='par_1_102' title="bbox 2109 4228 3690 4297">
     <span class='ocr_line' id='line_1_102' title="bbox 2109 4228 3690 4297; baseline 0.006 -14"><span class='ocrx_word' id='word_1_855' title='bbox 2109 4229 2427 4284; x_wconf 86' lang='lat' dir='ltr'><strong>Annuntiavi</strong></span> <span class='ocrx_word' id='word_1_856' title='bbox 2467 4228 2738 4286; x_wconf 87' lang='lat' dir='ltr'><strong>Christum</strong></span> <span class='ocrx_word' id='word_1_857' title='bbox 2763 4272 2778 4297; x_wconf 92' lang='lat'><strong>,</strong></span> <span class='ocrx_word' id='word_1_858' title='bbox 2825 4232 3012 4286; x_wconf 87' lang='lat' dir='ltr'><strong>tradidi</strong></span> <span class='ocrx_word' id='word_1_859' title='bbox 3051 4234 3202 4289; x_wconf 87' lang='lat' dir='ltr'><strong>vobis</strong></span> <span class='ocrx_word' id='word_1_860' title='bbox 3238 4235 3641 4294; x_wconf 89' lang='lat' dir='ltr'><strong>fundamentum</strong></span> <span class='ocrx_word' id='word_1_861' title='bbox 3671 4255 3690 4292; x_wconf 83' lang='lat'><strong>:</strong></span> 
     </span>
    </p>
   </div>
   <div class='ocr_carea' id='block_1_103' title="bbox 2106 4321 3693 4400">
    <p class='ocr_par' dir='ltr' id='par_1_103' title="bbox 2106 4321 3693 4400">
     <span class='ocr_line' id='line_1_103' title="bbox 2106 4321 3693 4400; baseline 0.007 -25"><span class='ocrx_word' id='word_1_862' title='bbox 2106 4321 2281 4376; x_wconf 78' lang='lat' dir='ltr'><strong>videte</strong></span> <span class='ocrx_word' id='word_1_863' title='bbox 2319 4323 2586 4392; x_wconf 90' lang='lat' dir='ltr'><strong>quomodo</strong></span> <span class='ocrx_word' id='word_1_864' title='bbox 2623 4324 3091 4394; x_wconf 66' lang='lat' dir='ltr'><strong>stipes-aedificetis,</strong></span> <span class='ocrx_word' id='word_1_865' title='bbox 3122 4341 3188 4381; x_wconf 92' lang='lat' dir='ltr'><strong>an</strong></span> <span class='ocrx_word' id='word_1_866' title='bbox 3220 4327 3286 4383; x_wconf 85' lang='lat' dir='ltr'><strong>ad</strong></span> <span class='ocrx_word' id='word_1_867' title='bbox 3325 4329 3532 4384; x_wconf 90' lang='lat' dir='ltr'><strong>inanem</strong></span> <span class='ocrx_word' id='word_1_868' title='bbox 3573 4332 3693 4400; x_wconf 78' lang='lat' dir='ltr'><strong>glo-</strong></span> 
     </span>
    </p>
   </div>
   <div class='ocr_carea' id='block_1_104' title="bbox 2105 4414 3689 4486">
    <p class='ocr_par' dir='ltr' id='par_1_104' title="bbox 2105 4414 3689 4486">
     <span class='ocr_line' id='line_1_104' title="bbox 2105 4414 3689 4486; baseline 0.006 -20"><span class='ocrx_word' id='word_1_869' title='bbox 2105 4414 2236 4467; x_wconf 87' lang='lat' dir='ltr'><strong>riam</strong></span> <span class='ocrx_word' id='word_1_870' title='bbox 2257 4455 2273 4481; x_wconf 95' lang='lat'><strong>,</strong></span> <span class='ocrx_word' id='word_1_871' title='bbox 2302 4428 2370 4468; x_wconf 90' lang='lat' dir='ltr'><strong>an</strong></span> <span class='ocrx_word' id='word_1_872' title='bbox 2397 4414 2462 4470; x_wconf 89' lang='lat' dir='ltr'><strong>ad</strong></span> <span class='ocrx_word' id='word_1_873' title='bbox 2491 4414 2735 4470; x_wconf 87' lang='lat' dir='ltr'><strong>homines</strong></span> <span class='ocrx_word' id='word_1_874' title='bbox 2761 4415 3051 4486; x_wconf 88' lang='lat' dir='ltr'><strong>discipulos</strong></span> <span class='ocrx_word' id='word_1_875' title='bbox 3077 4417 3466 4474; x_wconf 87' lang='lat' dir='ltr'><strong>abstrahentes.</strong></span> <span class='ocrx_word' id='word_1_876' title='bbox 3496 4420 3575 4476; x_wconf 84' lang='lat' dir='ltr'><strong>Ne</strong></span> <span class='ocrx_word' id='word_1_877' title='bbox 3599 4432 3689 4475; x_wconf 87' lang='lat' dir='ltr'><strong>at-</strong></span> 
     </span>
    </p>
   </div>
   <div class='ocr_carea' id='block_1_105' title="bbox 2107 4506 3690 4578">
    <p class='ocr_par' dir='ltr' id='par_1_105' title="bbox 2107 4506 3690 4578">
     <span class='ocr_line' id='line_1_105' title="bbox 2107 4506 3690 4578; baseline 0.005 -18"><span class='ocrx_word' id='word_1_878' title='bbox 2107 4506 2384 4562; x_wconf 89' lang='lat' dir='ltr'><strong>tendamus</strong></span> <span class='ocrx_word' id='word_1_879' title='bbox 2413 4522 2541 4578; x_wconf 79' lang='lat' dir='ltr'><strong>ergo</strong></span> <span class='ocrx_word' id='word_1_880' title='bbox 2567 4507 2858 4564; x_wconf 75' lang='lat' dir='ltr'><strong>hzeresibus</strong></span> <span class='ocrx_word' id='word_1_881' title='bbox 2886 4527 2899 4562; x_wconf 90' lang='lat'><strong>:</strong></span> <span class='ocrx_word' id='word_1_882' title='bbox 2928 4509 3327 4566; x_wconf 88' lang='lat' dir='ltr'><strong>fundamentum</strong></span> <span class='ocrx_word' id='word_1_883' title='bbox 3357 4511 3498 4566; x_wconf 90' lang='lat' dir='ltr'><strong>enim</strong></span> <span class='ocrx_word' id='word_1_884' title='bbox 3537 4513 3690 4568; x_wconf 85' lang='lat' dir='ltr'><strong>aliud</strong></span> 
     </span>
    </p>
   </div>
   <div class='ocr_carea' id='block_1_106' title="bbox 2104 4600 3692 4671">
    <p class='ocr_par' dir='ltr' id='par_1_106' title="bbox 2104 4600 3692 4671">
     <span class='ocr_line' id='line_1_106' title="bbox 2104 4600 3692 4671; baseline 0.004 -19"><span class='ocrx_word' id='word_1_885' title='bbox 2104 4615 2263 4654; x_wconf 92' lang='lat' dir='ltr'><strong>nemo</strong></span> <span class='ocrx_word' id='word_1_886' title='bbox 2290 4609 2464 4668; x_wconf 90' lang='lat' dir='ltr'><strong>potest</strong></span> <span class='ocrx_word' id='word_1_887' title='bbox 2493 4614 2694 4669; x_wconf 88' lang='lat' dir='ltr'><strong>ponere</strong></span> <span class='ocrx_word' id='word_1_888' title='bbox 2723 4608 2917 4669; x_wconf 76' lang='lat' dir='ltr'><strong>praeter</strong></span> <span class='ocrx_word' id='word_1_889' title='bbox 2946 4600 3000 4656; x_wconf 91' lang='lat' dir='ltr'><strong>id</strong></span> <span class='ocrx_word' id='word_1_890' title='bbox 3023 4602 3164 4670; x_wconf 91' lang='lat' dir='ltr'><strong>quod</strong></span> <span class='ocrx_word' id='word_1_891' title='bbox 3194 4603 3421 4671; x_wconf 69' lang='lat' dir='ltr'><strong>positum</strong></span> <span class='ocrx_word' id='word_1_892' title='bbox 3451 4612 3553 4657; x_wconf 90' lang='lat' dir='ltr'><strong>est.</strong></span> <span class='ocrx_word' id='word_1_893' title='bbox 3586 4603 3692 4659; x_wconf 84' lang='lat' dir='ltr'><strong>Su-</strong></span> 
     </span>
    </p>
   </div>
   <div class='ocr_carea' id='block_1_107' title="bbox 2104 4693 3689 4764">
    <p class='ocr_par' dir='ltr' id='par_1_107' title="bbox 2104 4693 3689 4764">
     <span class='ocr_line' id='line_1_107' title="bbox 2104 4693 3689 4764; baseline 0.003 -16"><span class='ocrx_word' id='word_1_894' title='bbox 2104 4708 2200 4764; x_wconf 91' lang='lat' dir='ltr'><strong>per</strong></span> <span class='ocrx_word' id='word_1_895' title='bbox 2222 4693 2393 4763; x_wconf 90' lang='lat' dir='ltr'><strong>ipsum</strong></span> <span class='ocrx_word' id='word_1_896' title='bbox 2419 4708 2547 4763; x_wconf 73' lang='lat' dir='ltr'><strong>ergo</strong></span> <span class='ocrx_word' id='word_1_897' title='bbox 2574 4693 2920 4761; x_wconf 63' lang='lat' dir='ltr'><strong>aediﬁcemus,</strong></span> <span class='ocrx_word' id='word_1_898' title='bbox 2945 4703 3000 4750; x_wconf 94' lang='lat' dir='ltr'><strong>et</strong></span> <span class='ocrx_word' id='word_1_899' title='bbox 3024 4704 3083 4750; x_wconf 92' lang='lat' dir='ltr'><strong>ut</strong></span> <span class='ocrx_word' id='word_1_900' title='bbox 3105 4693 3452 4751; x_wconf 86' lang='lat' dir='ltr'><strong>fundamento</strong></span> <span class='ocrx_word' id='word_1_901' title='bbox 3476 4695 3689 4752; x_wconf 69' lang='lat' dir='ltr'><strong>hazrea-</strong></span> 
     </span>
    </p>
   </div>
   <div class='ocr_carea' id='block_1_108' title="bbox 2103 4786 3690 4856">
    <p class='ocr_par' dir='ltr' id='par_1_108' title="bbox 2103 4786 3690 4856">
     <span class='ocr_line' id='line_1_108' title="bbox 2103 4786 3690 4856; baseline 0.002 -14"><span class='ocrx_word' id='word_1_902' title='bbox 2103 4801 2224 4842; x_wconf 91' lang='lat' dir='ltr'><strong>mus</strong></span> <span class='ocrx_word' id='word_1_903' title='bbox 2247 4827 2262 4853; x_wconf 88' lang='lat'><strong>,</strong></span> <span class='ocrx_word' id='word_1_904' title='bbox 2295 4795 2353 4841; x_wconf 94' lang='lat' dir='ltr'><strong>ut</strong></span> <span class='ocrx_word' id='word_1_905' title='bbox 2382 4787 2586 4856; x_wconf 89' lang='lat' dir='ltr'><strong>palmes</strong></span> <span class='ocrx_word' id='word_1_906' title='bbox 2617 4786 2754 4856; x_wconf 89' lang='lat' dir='ltr'><strong>viti,</strong></span> <span class='ocrx_word' id='word_1_907' title='bbox 2788 4796 2842 4844; x_wconf 90' lang='lat' dir='ltr'><strong>et</strong></span> <span class='ocrx_word' id='word_1_908' title='bbox 2878 4788 3011 4844; x_wconf 91' lang='lat' dir='ltr'><strong>nihil</strong></span> <span class='ocrx_word' id='word_1_909' title='bbox 3044 4790 3114 4844; x_wconf 92' lang='lat' dir='ltr'><strong>sit</strong></span> <span class='ocrx_word' id='word_1_910' title='bbox 3142 4789 3513 4844; x_wconf 87' lang='lat' dir='ltr'><strong>intermedium</strong></span> <span class='ocrx_word' id='word_1_911' title='bbox 3546 4790 3690 4845; x_wconf 86' lang='lat' dir='ltr'><strong>inter</strong></span> 
     </span>
    </p>
   </div>
   <div class='ocr_carea' id='block_1_109' title="bbox 2104 4871 3687 4943">
    <p class='ocr_par' dir='ltr' id='par_1_109' title="bbox 2104 4871 3687 4943">
     <span class='ocr_line' id='line_1_109' title="bbox 2104 4871 3687 4943; baseline 0.001 -16"><span class='ocrx_word' id='word_1_912' title='bbox 2104 4887 2202 4927; x_wconf 88' lang='lat' dir='ltr'><strong>nos</strong></span> <span class='ocrx_word' id='word_1_913' title='bbox 2238 4881 2293 4927; x_wconf 89' lang='lat' dir='ltr'><strong>et</strong></span> <span class='ocrx_word' id='word_1_914' title='bbox 2334 4871 2652 4930; x_wconf 86' lang='lat' dir='ltr'><strong>Christum:</strong></span> <span class='ocrx_word' id='word_1_915' title='bbox 2682 4886 2805 4926; x_wconf 89' lang='lat' dir='ltr'><strong>nam</strong></span> <span class='ocrx_word' id='word_1_916' title='bbox 2846 4872 2892 4927; x_wconf 91' lang='lat' dir='ltr'><strong><em>si</em></strong></span> <span class='ocrx_word' id='word_1_917' title='bbox 2931 4871 3129 4943; x_wconf 90' lang='lat' dir='ltr'><strong>aliquid</strong></span> <span class='ocrx_word' id='word_1_918' title='bbox 3169 4871 3543 4928; x_wconf 90' lang='lat' dir='ltr'><strong>intermedium</strong></span> <span class='ocrx_word' id='word_1_919' title='bbox 3571 4875 3687 4942; x_wconf 89' lang='lat' dir='ltr'><strong>sit,</strong></span> 
     </span>
    </p>
   </div>
   <div class='ocr_carea' id='block_1_110' title="bbox 2103 4965 3687 5038">
    <p class='ocr_par' dir='ltr' id='par_1_110' title="bbox 2103 4965 3687 5038">
     <span class='ocr_line' id='line_1_110' title="bbox 2103 4965 3687 5038; baseline 0 -16"><span class='ocrx_word' id='word_1_920' title='bbox 2103 4969 2280 5024; x_wconf 87' lang='lat' dir='ltr'><strong>statim</strong></span> <span class='ocrx_word' id='word_1_921' title='bbox 2325 4968 2578 5038; x_wconf 84' lang='lat' dir='ltr'><strong>perimus.</strong></span> <span class='ocrx_word' id='word_1_922' title='bbox 2623 4966 2836 5022; x_wconf 88' lang='lat' dir='ltr'><strong>Palmes</strong></span> <span class='ocrx_word' id='word_1_923' title='bbox 2873 4967 3014 5021; x_wconf 89' lang='lat' dir='ltr'><strong>enim</strong></span> <span class='ocrx_word' id='word_1_924' title='bbox 3058 4982 3125 5023; x_wconf 89' lang='lat' dir='ltr'><strong>ex</strong></span> <span class='ocrx_word' id='word_1_925' title='bbox 3161 4981 3228 5022; x_wconf 91' lang='lat' dir='ltr'><strong>eo</strong></span> <span class='ocrx_word' id='word_1_926' title='bbox 3259 4965 3400 5037; x_wconf 91' lang='lat' dir='ltr'><strong>quod</strong></span> <span class='ocrx_word' id='word_1_927' title='bbox 3438 4965 3640 5022; x_wconf 71' lang='lat' dir='ltr'><strong>btereat</strong></span> <span class='ocrx_word' id='word_1_928' title='bbox 3667 5009 3687 5034; x_wconf 91' lang='lat'><strong>,</strong></span> 
     </span>
    </p>
   </div>
   <div class='ocr_carea' id='block_1_111' title="bbox 2107 5059 3684 5134">
    <p class='ocr_par' dir='ltr' id='par_1_111' title="bbox 2107 5059 3684 5134">
     <span class='ocr_line' id='line_1_111' title="bbox 2107 5059 3684 5134; baseline -0.002 -18"><span class='ocrx_word' id='word_1_929' title='bbox 2107 5063 2266 5118; x_wconf 91' lang='lat' dir='ltr'><strong>trahit</strong></span> <span class='ocrx_word' id='word_1_930' title='bbox 2295 5076 2544 5126; x_wconf 88' lang='lat' dir='ltr'><strong>succum;</strong></span> <span class='ocrx_word' id='word_1_931' title='bbox 2585 5068 2640 5114; x_wconf 92' lang='lat' dir='ltr'><strong>et</strong></span> <span class='ocrx_word' id='word_1_932' title='bbox 2666 5059 2946 5115; x_wconf 67' lang='lat' dir='ltr'><strong>aedilicium</strong></span> <span class='ocrx_word' id='word_1_933' title='bbox 2972 5099 2989 5124; x_wconf 96' lang='lat'><strong>,</strong></span> <span class='ocrx_word' id='word_1_934' title='bbox 3020 5059 3161 5130; x_wconf 90' lang='lat' dir='ltr'><strong>quod</strong></span> <span class='ocrx_word' id='word_1_935' title='bbox 3199 5061 3270 5114; x_wconf 90' lang='lat' dir='ltr'><strong>sit</strong></span> <span class='ocrx_word' id='word_1_936' title='bbox 3305 5069 3641 5134; x_wconf 83' lang='lat' dir='ltr'><strong>compactum</strong></span> <span class='ocrx_word' id='word_1_937' title='bbox 3669 5101 3684 5124; x_wconf 95' lang='lat'><strong>,</strong></span> 
     </span>
    </p>
   </div>
   <div class='ocr_carea' id='block_1_112' title="bbox 2104 5151 3694 5227">
    <p class='ocr_par' dir='ltr' id='par_1_112' title="bbox 2104 5151 3694 5227">
     <span class='ocr_line' id='line_1_112' title="bbox 2104 5151 3694 5227; baseline -0.002 -17"><span class='ocrx_word' id='word_1_938' title='bbox 2104 5167 2210 5211; x_wconf 88' lang='lat' dir='ltr'><strong>stat</strong></span> <span class='ocrx_word' id='word_1_939' title='bbox 2236 5174 2250 5210; x_wconf 92' lang='lat'><strong>:</strong></span> <span class='ocrx_word' id='word_1_940' title='bbox 2278 5155 2417 5227; x_wconf 89' lang='lat' dir='ltr'><strong>quod</strong></span> <span class='ocrx_word' id='word_1_941' title='bbox 2448 5155 2493 5210; x_wconf 91' lang='lat' dir='ltr'><strong>si</strong></span> <span class='ocrx_word' id='word_1_942' title='bbox 2522 5155 2845 5224; x_wconf 87' lang='lat' dir='ltr'><strong>disjunetum</strong></span> <span class='ocrx_word' id='word_1_943' title='bbox 2877 5153 2978 5219; x_wconf 90' lang='lat' dir='ltr'><strong>sit,</strong></span> <span class='ocrx_word' id='word_1_944' title='bbox 3007 5153 3182 5222; x_wconf 87' lang='lat' dir='ltr'><strong>perit,</strong></span> <span class='ocrx_word' id='word_1_945' title='bbox 3208 5167 3329 5208; x_wconf 90' lang='lat' dir='ltr'><strong>cum</strong></span> <span class='ocrx_word' id='word_1_946' title='bbox 3360 5167 3464 5207; x_wconf 91' lang='lat' dir='ltr'><strong>non</strong></span> <span class='ocrx_word' id='word_1_947' title='bbox 3491 5151 3694 5207; x_wconf 84' lang='lat' dir='ltr'><strong>habeat</strong></span> 
     </span>
    </p>
   </div>
   <div class='ocr_carea' id='block_1_113' title="bbox 2104 5241 3690 5320">
    <p class='ocr_par' dir='ltr' id='par_1_113' title="bbox 2104 5241 3690 5320">
     <span class='ocr_line' id='line_1_113' title="bbox 2104 5241 3690 5320; baseline -0.004 -17"><span class='ocrx_word' id='word_1_948' title='bbox 2104 5263 2212 5320; x_wconf 92' lang='lat' dir='ltr'><strong>quo</strong></span> <span class='ocrx_word' id='word_1_949' title='bbox 2256 5247 2530 5301; x_wconf 88' lang='lat' dir='ltr'><strong>innitatur.</strong></span> <span class='ocrx_word' id='word_1_950' title='bbox 2565 5244 2644 5299; x_wconf 84' lang='lat' dir='ltr'><strong>Ne</strong></span> <span class='ocrx_word' id='word_1_951' title='bbox 2685 5245 2864 5314; x_wconf 87' lang='lat' dir='ltr'><strong>itaque</strong></span> <span class='ocrx_word' id='word_1_952' title='bbox 2900 5243 3071 5298; x_wconf 90' lang='lat' dir='ltr'><strong>solum</strong></span> <span class='ocrx_word' id='word_1_953' title='bbox 3109 5241 3407 5298; x_wconf 70' lang='lat' dir='ltr'><strong>hmreamus</strong></span> <span class='ocrx_word' id='word_1_954' title='bbox 3433 5243 3650 5297; x_wconf 85' lang='lat' dir='ltr'><strong>Christo</strong></span> <span class='ocrx_word' id='word_1_955' title='bbox 3672 5285 3690 5307; x_wconf 93' lang='lat'><strong>,</strong></span> 
     </span>
    </p>
   </div>
   <div class='ocr_carea' id='block_1_114' title="bbox 2105 5332 3688 5406">
    <p class='ocr_par' dir='ltr' id='par_1_114' title="bbox 2105 5332 3688 5406">
     <span class='ocr_line' id='line_1_114' title="bbox 2105 5332 3688 5406; baseline -0.006 -10"><span class='ocrx_word' id='word_1_956' title='bbox 2105 5340 2203 5396; x_wconf 88' lang='lat' dir='ltr'><strong>sed</strong></span> <span class='ocrx_word' id='word_1_957' title='bbox 2228 5340 2386 5394; x_wconf 88' lang='lat' dir='ltr'><strong>etiam</strong></span> <span class='ocrx_word' id='word_1_958' title='bbox 2410 5335 2508 5406; x_wconf 90' lang='lat' dir='ltr'><strong>ipsi</strong></span> <span class='ocrx_word' id='word_1_959' title='bbox 2529 5333 2988 5406; x_wconf 80' lang='lat' dir='ltr'><strong>conglutinemur;</strong></span> <span class='ocrx_word' id='word_1_960' title='bbox 3017 5348 3135 5388; x_wconf 89' lang='lat' dir='ltr'><strong>nam</strong></span> <span class='ocrx_word' id='word_1_961' title='bbox 3157 5333 3202 5388; x_wconf 90' lang='lat' dir='ltr'><strong>si</strong></span> <span class='ocrx_word' id='word_1_962' title='bbox 3225 5332 3471 5402; x_wconf 88' lang='lat' dir='ltr'><strong>disjuncti</strong></span> <span class='ocrx_word' id='word_1_963' title='bbox 3493 5333 3688 5398; x_wconf 89' lang='lat' dir='ltr'><strong>simus,</strong></span> 
     </span>
    </p>
   </div>
   <div class='ocr_carea' id='block_1_115' title="bbox 2108 5421 3687 5502">
    <p class='ocr_par' dir='ltr' id='par_1_115' title="bbox 2108 5421 3687 5502">
     <span class='ocr_line' id='line_1_115' title="bbox 2108 5421 3687 5502; baseline -0.005 -17"><span class='ocrx_word' id='word_1_964' title='bbox 2108 5432 2362 5502; x_wconf 85' lang='lat' dir='ltr'><strong>perimus.</strong></span> <span class='ocrx_word' id='word_1_965' title='bbox 2399 5428 2596 5482; x_wconf 77' lang='lat' dir='ltr'><strong>Etenim</strong></span> <span class='ocrx_word' id='word_1_966' title='bbox 2620 5427 2706 5496; x_wconf 88' lang='lat' dir='ltr'><strong>qui</strong></span> <span class='ocrx_word' id='word_1_967' title='bbox 2731 5427 2966 5498; x_wconf 82' lang='lat' dir='ltr'><strong>clangunt</strong></span> <span class='ocrx_word' id='word_1_968' title='bbox 2994 5442 3048 5480; x_wconf 89' lang='lat' dir='ltr'><strong>se</strong></span> <span class='ocrx_word' id='word_1_969' title='bbox 3070 5441 3102 5478; x_wconf 90' lang='lat' dir='ltr'><strong>a</strong></span> <span class='ocrx_word' id='word_1_970' title='bbox 3126 5435 3202 5490; x_wconf 86' lang='lat' dir='ltr'><strong>te,</strong></span> <span class='ocrx_word' id='word_1_971' title='bbox 3236 5424 3463 5495; x_wconf 85' lang='lat' dir='ltr'><strong>peribunt</strong></span> <span class='ocrx_word' id='word_1_972' title='bbox 3488 5421 3508 5498; x_wconf 95' lang='lat'>(</span> <span class='ocrx_word' id='word_1_973' title='bbox 3534 5423 3687 5479; x_wconf 84' lang='lat' dir='ltr'><strong>Psal.</strong></span> 
     </span>
    </p>
   </div>
   <div class='ocr_carea' id='block_1_116' title="bbox 2085 5515 3690 5593">
    <p class='ocr_par' dir='ltr' id='par_1_116' title="bbox 2085 5515 3690 5593">
     <span class='ocr_line' id='line_1_116' title="bbox 2085 5515 3690 5593; baseline -0.006 -15"><span class='ocrx_word' id='word_1_974' title='bbox 2085 5523 2197 5578; x_wconf 30' lang='lat'><strong>.72.</strong></span> <span class='ocrx_word' id='word_1_975' title='bbox 2220 5521 2334 5593; x_wconf 74' lang='lat'><strong>27),</strong></span> <span class='ocrx_word' id='word_1_976' title='bbox 2368 5521 2556 5591; x_wconf 88' lang='lat' dir='ltr'><strong>inquit.</strong></span> <span class='ocrx_word' id='word_1_977' title='bbox 2585 5518 3026 5588; x_wconf 79' lang='lat' dir='ltr'><strong>Conglutinemur</strong></span> <span class='ocrx_word' id='word_1_978' title='bbox 3046 5531 3174 5588; x_wconf 80' lang='lat' dir='ltr'><strong>ergo</strong></span> <span class='ocrx_word' id='word_1_979' title='bbox 3197 5515 3319 5586; x_wconf 88' lang='lat' dir='ltr'><strong>ipsi,</strong></span> <span class='ocrx_word' id='word_1_980' title='bbox 3342 5524 3397 5572; x_wconf 89' lang='lat' dir='ltr'><strong>et</strong></span> <span class='ocrx_word' id='word_1_981' title='bbox 3419 5515 3690 5584; x_wconf 76' lang='lat' dir='ltr'><strong>congluti-</strong></span> 
     </span>
    </p>
   </div>
   <div class='ocr_carea' id='block_1_117' title="bbox 2107 5606 3690 5682">
    <p class='ocr_par' dir='ltr' id='par_1_117' title="bbox 2107 5606 3690 5682">
     <span class='ocr_line' id='line_1_117' title="bbox 2107 5606 3690 5682; baseline -0.006 -12"><span class='ocrx_word' id='word_1_982' title='bbox 2107 5629 2297 5670; x_wconf 89' lang='lat' dir='ltr'><strong>nemur</strong></span> <span class='ocrx_word' id='word_1_983' title='bbox 2325 5628 2419 5682; x_wconf 88' lang='lat' dir='ltr'><strong>per</strong></span> <span class='ocrx_word' id='word_1_984' title='bbox 2444 5626 2606 5682; x_wconf 88' lang='lat' dir='ltr'><strong>opera</strong></span> <span class='ocrx_word' id='word_1_985' title='bbox 2633 5626 2649 5666; x_wconf 88' lang='lat'><strong>:</strong></span> <span class='ocrx_word' id='word_1_986' title='bbox 2675 5609 2777 5678; x_wconf 83' lang='lat' dir='ltr'><strong>Qui</strong></span> <span class='ocrx_word' id='word_1_987' title='bbox 2806 5609 2949 5666; x_wconf 90' lang='lat' dir='ltr'><strong>enim</strong></span> <span class='ocrx_word' id='word_1_988' title='bbox 2975 5616 3159 5664; x_wconf 86' lang='lat' dir='ltr'><strong>servat</strong></span> <span class='ocrx_word' id='word_1_989' title='bbox 3187 5606 3432 5662; x_wconf 89' lang='lat' dir='ltr'><strong>mandata</strong></span> <span class='ocrx_word' id='word_1_990' title='bbox 3461 5621 3603 5672; x_wconf 87' lang='lat' dir='ltr'><strong>mea,</strong></span> <span class='ocrx_word' id='word_1_991' title='bbox 3633 5607 3690 5660; x_wconf 88' lang='lat' dir='ltr'><strong>in</strong></span> 
     </span>
    </p>
   </div>
   <div class='ocr_carea' id='block_1_118' title="bbox 2107 5696 3688 5777">
    <p class='ocr_par' dir='ltr' id='par_1_118' title="bbox 2107 5696 3688 5777">
     <span class='ocr_line' id='line_1_118' title="bbox 2107 5696 3688 5777; baseline -0.009 -15"><span class='ocrx_word' id='word_1_992' title='bbox 2107 5720 2214 5770; x_wconf 88' lang='lat' dir='ltr'><strong>me,</strong></span> <span class='ocrx_word' id='word_1_993' title='bbox 2244 5704 2448 5777; x_wconf 89' lang='lat' dir='ltr'><strong>inquit,</strong></span> <span class='ocrx_word' id='word_1_994' title='bbox 2481 5710 2663 5758; x_wconf 85' lang='lat' dir='ltr'><strong>manet</strong></span> <span class='ocrx_word' id='word_1_995' title='bbox 2689 5700 2867 5774; x_wconf 80' lang='lat' dir='ltr'><strong>(Joan.</strong></span> <span class='ocrx_word' id='word_1_996' title='bbox 2896 5700 2981 5755; x_wconf 72' lang='grc'><strong>14.</strong></span> <span class='ocrx_word' id='word_1_997' title='bbox 3009 5698 3124 5772; x_wconf 78' lang='grc'><strong>21).</strong></span> <span class='ocrx_word' id='word_1_998' title='bbox 3159 5697 3368 5754; x_wconf 88' lang='lat' dir='ltr'><strong>Etenim</strong></span> <span class='ocrx_word' id='word_1_999' title='bbox 3400 5711 3494 5767; x_wconf 90' lang='lat' dir='ltr'><strong>per</strong></span> <span class='ocrx_word' id='word_1_1000' title='bbox 3519 5696 3688 5751; x_wconf 85' lang='lat' dir='ltr'><strong>multa</strong></span> 
     </span>
    </p>
   </div>
   <div class='ocr_carea' id='block_1_119' title="bbox 2109 5787 3688 5870">
    <p class='ocr_par' dir='ltr' id='par_1_119' title="bbox 2109 5787 3688 5870">
     <span class='ocr_line' id='line_1_119' title="bbox 2109 5787 3688 5870; baseline -0.009 -14"><span class='ocrx_word' id='word_1_1001' title='bbox 2109 5798 2352 5870; x_wconf 87' lang='lat' dir='ltr'><strong>exempla</strong></span> <span class='ocrx_word' id='word_1_1002' title='bbox 2397 5811 2495 5853; x_wconf 92' lang='lat' dir='ltr'><strong>nos</strong></span> <span class='ocrx_word' id='word_1_1003' title='bbox 2532 5795 2725 5866; x_wconf 76' lang='lat' dir='ltr'><strong>jungit.</strong></span> <span class='ocrx_word' id='word_1_1004' title='bbox 2773 5791 3152 5850; x_wconf 86' lang='lat' dir='ltr'><strong>Animadverte</strong></span> <span class='ocrx_word' id='word_1_1005' title='bbox 3191 5801 3414 5847; x_wconf 86' lang='lat' dir='ltr'><strong>autem:</strong></span> <span class='ocrx_word' id='word_1_1006' title='bbox 3445 5787 3559 5864; x_wconf 82' lang='lat' dir='ltr'><strong>ipse</strong></span> <span class='ocrx_word' id='word_1_1007' title='bbox 3604 5797 3688 5843; x_wconf 80' lang='lat' dir='ltr'><strong>cst</strong></span> 
     </span>
    </p>
   </div>
  </div>
