3864 6216
189 293 252 348 Ή
1218 290 1286 345 ΙΝ
1325 289 1540 346 EPIST.
1586 290 1600 344 Ι
1639 288 1728 342 ΑΙ)

1863 289 1924 343 ιι.
1969 286 2202 344 1101111..
2242 287 2377 342 vm.
3388 274 3458 348 τε

182 409 293 466 δέν.
320 406 399 462 Οὐ
421 404 528 481 γὰρ
549 406 578 460 6
595 404 1008 476 διακονούμενος
1035 407 1146 470 τοῖς
1171 405 1416 474 ἀγαθοῖς,
1435 404 1548 458 ἀλλ’
1566 405 1598 458 6
1618 419 1761 474 παρ·

182 493 322 564 έχων
353 490 493 544 αὐτὰ
519 490 615 543 καὶ
641 488 839 553 διδοὺς,
873 482 1028 552 οὗτός
1055 489 1206 542 ἐστιν
1237 491 1264 543 6
1303 489 1618 558 εὐεργέτης.
1653 486 1762 539 Καὶ

179 577 282 630 ούκ
312 570 486 639 εἶπεν,
530 571 951 641 Εύαγγελισταὶ,
984 570 1118 635 ἀλλ’,
1176 574 1243 626 Ἠ
1293 571 1579 625 διάκονοι·
1630 571 1768 639 ὅπερ

178 659 342 712 πλέον
367 658 536 713 ἐστίν.
567 657 640 710 Ού
668 656 776 727 γὰρ
810 655 996 717 ἁπλῶς
1028 656 1474 725 εύηγγελίσαντο,
1505 655 1642 709 ἀλλὰ
1673 655 1770 708 καὶ

176 742 505 812 διηκόνησαν
536 740 688 809 ἡμῖν·
719 739 780 791 :6
816 737 916 809 μὲν
941 737 1051 809 γὰρ
1090 737 1248 807 λόγου
1280 739 1438 809 μόνον
1461 737 1598 802 ἐστὶ,
1629 737 1690 792 :6
1709 737 1767 792 δὲ

176 825 273 878 καὶ
328 824 490 894 ἔργον
546 821 680 891 ἔχει.
713 821 875 874 Ὥστε
925 823 974 873 εἰ
1031 822 1128 874 καὶ
1181 824 1210 875 6
1247 823 1480 891 Χριστὸς
1519 821 1768 885 διάκονος

179 907 342 976 μόνον
367 908 514 960 ἐστὶν
534 906 775 975 ἀγαθῶν,
807 906 904 958 καὶ
931 905 1030 976 οὐχ
1059 907 1093 976 ἡ
1124 905 1251 976 ῥίζα
1279 906 1443 970 αὐτὸς
1469 905 1560 960 καὶ
1586 907 1764 978 πηγὴ,

175 990 253 1052 ώς
313 990 444 1054 Υἱὸς
492 989 698 1062 μέντοι,
757 989 859 1059 ὅρα
903 988 1008 1042 ποῦ
1055 986 1215 1042 τοῦτο
1262 989 1325 1042 τὸ
1358 991 1591 1061 πρᾶγμα
1630 1007 1766 1044 κατ-

173 1074 396 1143 άγεται.

242 1237 315 1302 γ’.
339 1231 465 1295 Πῶς
487 1225 600 1296 οῦν,
633 1233 787 1303 φησὶ,
815 1231 963 1303 λέγει
995 1231 1156 1288 αὐτὸν
1173 1231 1414 1286 διάκονον
1434 1230 1762 1302 γεγενῆσθαι

171 1316 512 1387 περιτομῆς;
541 1317 674 1387 Περὶ
698 1317 794 1386 τῆς
819 1318 961 1372 κατὰ
996 1318 1173 1388 σάρκα
1199 1317 1510 1386 οἰκονομίας
1536 1318 1654 1369 ἐκεῖ
1673 1316 1763 1369 λέ-

171 1415 311 1468 γων,
344 1402 438 1454 καὶ
480 1401 599 1454 ούδέ
641 1401 816 1472 τούτῳ
847 1401 926 1472 τῷ
954 1402 1163 1473 τρόπῳ,
1207 1393 1252 1468 ᾧ
1288 1400 1382 1454 νῦν
1433 1401 1759 1472 εἰρήκαμεν·

171 1487 294 1537 ἐκεῖ
323 1485 422 1552 μὲν
461 1484 568 1554 γὰρ
593 1484 836 1537 διάκονον
861 1484 954 1538 τὸν
987 1484 1282 1554 πληρωτὴν
1313 1501 1499 1555 φησιν,
1531 1483 1652 1554 οὐχὶ
1671 1483 1762 1537 τὸν

168 1567 385 1620 οἴκοθεν
420 1567 836 1640 παρασχόμενον
870 1567 940 1620 τὰ
980 1567 1182 1637 ἀγαθά.
1222 1567 1332 1621 Καὶ
1359 1570 1461 1625 ούκ
1491 1562 1676 1634 εἶπεν,
1698 1570 1760 1622 Οἱ

167 1651 576 1722 προσαγόμενοι
643 1651 789 1720 ὑμᾶς
837 1651 918 1714 εἰς
968 1649 1066 1722 τὴν
1114 1649 1318 1716 πίστιν,
1363 1649 1520 1716 ἀλλὰ,
1563 1650 1643 1705 Δι’
1674 1645 1763 1706 ὧν

165 1734 590 1788 ἐπιστεύσατε·
630 1734 795 1786 πάλιν
841 1733 1070 1798 ἐκείνοις
1116 1734 1177 1786 :6
1225 1732 1385 1789 πλέον
1427 1733 1623 1798 διδοὺς,
1669 1736 1762 1790 καὶ

165 1818 296 1882 τοὺς
323 1816 604 1881 διακόνους
628 1816 922 1870 κάντεῦθεν
941 1816 1138 1888 δηλῶν.
1174 1818 1237 1870 Εἰ
1267 1817 1448 1870 τοίνυν
1474 1817 1648 1889 ἑτέρῳ
1678 1818 1760 1872 δι-

158 1901 491 1974 ηκονοῦντο,
537 1901 655 1964 πῶς
701 1896 844 1956 οὗτοι
889 1901 986 1972 τὴν
1024 1901 1180 1968 ἀξίαν
1210 1901 1555 1972 ἁρπάζουσι;
1588 1903 1661 1956 Σὺ
1703 1901 1760 1956 δέ

171 2004 266 2057 μοι
301 1987 514 2049 σκόπει,
543 1987 660 2050 πῶς
690 1986 940 2058 οὐδαμῶς
979 1987 1161 2050 αὐτοῖς
1207 1987 1429 2056 ἐγκαλεῖ
1471 1988 1546 2050 ὡς
1582 1989 1760 2059 ἁρπά-

167 2071 378 2137 ζουσιν,
425 2071 560 2124 ἀλλὰ
589 2073 699 2134 τοῖς
733 2071 1086 2140 παρέχουσιν·
1133 2071 1166 2141 ἡ
1210 2070 1322 2141 γὰρ
1368 2070 1622 2135 ὑπόθεσις
1661 2071 1756 2124 τοῦ

167 2155 490 2225 σφάλματος
518 2156 576 2208 ἐν
608 2153 686 2225 τῷ
709 2154 905 2225 πλήθει
945 2148 1014 2225 ἦν
1035 2171 1048 2184 ·
1078 2155 1173 2208 καὶ
1211 2158 1321 2226 γὰρ
1351 2157 1546 2209 ἐκεῖνοι
1573 2158 1621 2209 εί
1656 2157 1759 2210 ἁπ-

165 2240 428 2309 έστησαν,
455 2233 600 2292 οὗτοι
625 2234 913 2290 διελύοντο.
941 2235 1044 2289 Δύο
1063 2237 1243 2291 τοίνυν
1263 2237 1637 2292 κατεσκεύασε
1669 2256 1759 2292 σου

165 2320 290 2390 φῶς
318 2334 369 2384 ι,
414 2321 538 2376 ὅθεν
585 2339 643 2374 τε
673 2320 782 2374 ἔδει
811 2319 1058 2374 καθελεῖν
1098 2319 1160 2373 τὸ
1187 2321 1513 2392 ἁμάρτημα,
1545 2322 1756 2376 ἐκεῖθεν

163 2402 473 2475 ὑπορύξας,
517 2405 614 2458 καὶ
647 2403 785 2475 πρὸς
813 2402 1055 2467 ἐκείνους
1090 2402 1386 2473 ἀπέχθειαν
1429 2405 1503 2475 μὴ
1547 2405 1754 2467 κτησά-

164 2504 352 2557 μενος,
393 2487 529 2559 μηδὲ
575 2485 1036 2556 φιλονεικοτέρους
1079 2487 1334 2556 ποιήσας.
1366 2487 1475 2540 Καὶ
1519 2488 1756 2554 ἑκάστῳ

157 2570 247 2636 ὡς
268 2571 301 2624 ὁ
327 2572 548 2638 Κύριος
573 2569 814 2623 ἔδωκεν.
842 2568 976 2622 Οὐδὲ
1000 2567 1108 2640 γὰρ
1133 2568 1264 2623 αὐτὸ
1285 2568 1445 2623 τοῦτο
1473 2571 1534 2624 :6
1560 2573 1754 2644 μικρὸν

160 2655 297 2726 παρ’
321 2654 555 2719 ἑαυτῶν,
580 2652 716 2707 ἀλλὰ
744 2651 897 2724 παρὰ
922 2651 1018 2706 τοῦ
1044 2651 1180 2706 Θεοῦ
1209 2652 1304 2706 τοῦ
1331 2654 1750 2727 ἐγχειρίζοντος.

164 2739 286 2791 Ἵνα
317 2738 428 2809 γὰρ
465 2736 542 2807 μὴ
572 2736 796 2805 λέγωσι,
830 2735 894 2788 Τί
923 2729 1054 2800 όῦνς
1089 2737 1216 2800 τοὺς
1244 2737 1693 2809 διακονουμένους
1722 2739 1750 2779 1³

158 2823 298 2892 ἡμῖν
331 2823 393 2875 ού
431 2821 727 2894 στέρξομεν
748 2837 762 2886 ;
787 2819 918 2884 Ναὶ,
944 2819 1132 2898 φησὶν,
1159 2820 1273 2875 ἀλλ’
1297 2821 1495 2876 εἰδέναι
1517 2824 1621 2894 χρὴ
1653 2825 1751 2896 μέ·

157 2920 255 2975 χρι
315 2904 486 2966 τίνος·
539 2904 660 2957 οὐδὲ
716 2903 824 2975 γὰρ
869 2902 1026 2956 τοῦτο
1054 2903 1186 2957 αὐτὸ
1231 2905 1358 2976 παρ’
1385 2905 1584 2973 αὐτῶν,
1618 2907 1754 2961 ἀλλὰ

155 2986 318 3059 παρὰ
345 2986 442 3040 τοῦ
473 2987 656 3051 δόντος
698 2986 854 3040 Θεοῦ.
896 2985 1038 3057 Ἐγὼ
1068 2988 1395 3057 ἐφύτευσα,
1447 2989 1754 3058 Ἀπολλὼς

151 3071 467 3137 ἐπότισεν,
513 3070 651 3125 ἀλλ’
681 3075 714 3125 ὀ
749 3071 894 3136 Θεὸς
915 3071 1163 3139 ηὔξανε.
1193 3072 1476 3138 Τουτέστι,
1533 3075 1753 3146 Πρῶτος

152 3153 466 3208 κατέϐαλον
523 3154 612 3206 τὸν
644 3154 822 3222 λόγον·
869 3153 1010 3208 ὥστε
1054 3155 1113 3208 δὲ
1161 3153 1236 3226 μὴ
1277 3154 1606 3226 ξηρανθῆναι
1641 3163 1752 3222 τοῖς

153 3240 498 3310 πειρασμοῖς
520 3237 591 3290 τὰ
640 3238 952 3310 σπέρματα,
993 3237 1264 3302 Ἀπολλὼς
1291 3238 1360 3291 τὰ
1394 3241 1522 3310 παρ’
1555 3241 1750 3295 ἑαυτοῦ

149 3322 498 3394 προσέθηκε·
519 3321 582 3374 :6
609 3321 666 3374 δὲ
694 3323 826 3385 πᾶν,
847 3321 941 3374 τοῦ
968 3320 1104 3374 Θεοῦ
1134 3321 1375 3390 γέγονεν.
1409 3323 1589 3377 Ὥστε
1614 3325 1752 3379 οὔτε

150 3410 188 3462 ὁ
213 3407 502 3475 φυτεύων
533 3405 665 3458 ἐστι
695 3422 772 3471 τι,
805 3405 943 3459 οὔτε
972 3407 1005 3458 ό
1038 3403 1310 3470 ποτίζων,
1333 3406 1468 3460 ἀλλ’
1500 3410 1533 3461 ὁ
1563 3407 1750 3472 αὐξά-

144 3506 284 3544 νων
332 3489 496 3554 Θεός.
553 3488 668 3560 [69]
710 3488 872 3559 Ὁρᾷς
917 3487 1034 3552 πῶς
1081 3487 1276 3551 αὐτοὺς
1319 3490 1746 3561 παραμυθεῖται,

145 3573 302 3627 ὥστε
331 3573 408 3644 μὴ
437 3573 804 3643 τραχυτέρους
830 3570 1080 3639 γενέσθαι
1108 3570 1185 3642 τῷ
1213 3571 1461 3626 ἀκοῦσαι·
1485 3575 1581 3638 Τίς
1602 3576 1749 3630 ἐστιν

144 3661 178 3713 6
209 3657 390 3719 δεῖνα,
420 3657 513 3709 καὶ
537 3657 619 3720 τίς
651 3657 680 3708 6
712 3656 894 3721 δεῖνα;
928 3656 1212 3728 ἀμφότερα
1235 3659 1342 3728 γὰρ
1373 3659 1624 3730 φορτικὰ,
1654 3662 1749 3716 καὶ

142 3741 214 3794 :6
245 3742 448 3805 εἰπεῖν,
478 3740 574 3804 Τίς
598 3742 743 3793 ἐστιν
783 3741 812 3793 6
860 3739 1026 3806 δεῖνα,
1064 3741 1157 3794 καὶ
1196 3739 1280 3804 τίς
1312 3743 1460 3795 ἐστιν
1493 3742 1521 3794 6
1561 3743 1746 3810 δεῖνα;

145 3823 251 3877 καὶ
288 3823 353 3876 τὸ
389 3824 586 3888 εἰπεῖν,
625 3820 762 3876 Ούτε
787 3824 816 3876 6
845 3822 1114 3893 φυτεύων,
1144 3821 1272 3876 οὕτε
1310 3826 1338 3878 6
1366 3824 1601 3888 ποτίζων
1630 3826 1748 3880 ἐστι

140 3924 224 3962 τι.
257 3907 388 3970 Πῶς
411 3903 504 3960 οὖν
534 3906 674 3960 αὐτὰ
703 3907 1170 3978 παρεμυθήσατος
1201 3907 1293 3978 Τῷ
1318 3925 1376 3960 τε
1414 3909 1508 3962 ἐπὶ
1535 3909 1630 3962 τοῦ
1665 3911 1746 3962 οί-

140 3990 308 4045 κείου
332 3988 624 4060 προσώπου
653 3990 951 4060 προσάγειν
972 3989 1070 4062 τὴν
1103 3989 1472 4054 ἐξουδένωσιν.
1507 3993 1604 4058 Τίς
1637 3993 1748 4064 γάρ

138 4073 290 4127 ἐστι
333 4072 621 4138 Παῦλος;
650 4073 743 4138 τίς
781 4072 850 4126 δὲ
887 4073 1225 4140 Ἀπολλώς
1263 4074 1356 4127 καὶ
1398 4075 1476 4146 τῷ
1522 4077 1582 4129 τὸ
1637 4079 1746 4130 πᾶν

137 4156 439 4210 ἀναθεῖναι
473 4155 552 4226 τῷ
587 4156 765 4209 πάντα
801 4155 1054 4210 δεδωκότι
1097 4156 1237 4227 Θεῷ.
1273 4155 1458 4211 Εἰπὼν
1492 4159 1623 4230 γὰρ,
1663 4161 1746 4214 ὅτι

139 4235 328 4302 Οὗτος
353 4237 640 4307 ἐφύτευσε,
666 4239 762 4294 καὶ
799 4239 1080 4311 προσθεὶς,
1114 4241 1197 4294 ὅτι
1233 4240 1387 4294 οὐδέν
1415 4243 1564 4296 ἐστιν
1589 4245 1618 4298 6
1645 4261 1746 4313 φυ-

135 4323 350 4388 τεύων,
382 4324 684 4393 ἐπήγαγεν·
723 4324 884 4378 Ἀλλ’
923 4326 955 4377 ό
975 4322 1258 4387 αὐξάνων
1284 4323 1449 4390 Θεός.
1483 4326 1594 4379 Καὶ
1621 4328 1744 4381 ούδέ

141 4407 326 4478 μέχρι
351 4405 544 4459 τούτου
571 4406 724 4479 ἔστη,
749 4405 863 4460 ἀλλ’
889 4407 1052 4478 ἐτέρᾳ
1093 4407 1356 4478 ἐπαγωγῇ
1403 4408 1564 4462 πάλιν
1611 4411 1744 4465 αὐτὸ

135 4489 453 4561 θεραπεύει
479 4488 673 4558 λέγων·
719 4489 781 4542 '0
803 4491 1078 4560 φυτεύων
1102 4489 1170 4544 δὲ
1197 4491 1293 4544 καὶ
1320 4495 1352 4543 ό
1372 4490 1641 4559 ποτίζων,
1673 4493 1744 4548 ἓν

133 4576 290 4628 εισι.
329 4572 431 4626 Διὰ
466 4573 572 4644 γὰρ
622 4571 814 4626 τούτου
861 4575 953 4627 καὶ
986 4572 1172 4643 ἕτερον
1214 4574 1638 4639 κατασκευάζει,
1680 4578 1742 4630 τὸ

134 4659 227 4730 μὴ
251 4657 582 4728 ἐπαίρεσθαι
609 4659 729 4711 κατ’
757 4657 1020 4728 ἀλλήλων.
1058 4657 1155 4710 Ἓν
1180 4657 1237 4710 δὲ
1257 4652 1395 4710 εἶναι
1419 4659 1616 4724 αὐτούς
1647 4678 1742 4732 φη-

135 4760 226 4809 σι,
263 4743 404 4814 πρὸς
445 4742 508 4795 :6
566 4741 734 4814 μηδὲν
786 4741 1045 4796 δύνασθαι
1083 4740 1213 4794 ἄνευ
1260 4741 1355 4794 τοῦ
1417 4741 1740 4808 αύξάνοντος

130 4825 312 4880 Θεοῦ.
341 4825 514 4878 Τοῦτο
559 4825 617 4878 δὲ
666 4822 859 4889 εἰπὼν,
891 4823 1015 4878 ούδέ
1062 4825 1191 4883 τοὺς
1230 4823 1402 4878 πολλὰ
1432 4827 1741 4896 κάμνοντας

129 4909 335 4980 ἀφῆκε
360 4907 851 4973 κατεξανίστασθαι
876 4907 984 4962 τῶν
1009 4907 1269 4963 ἐλάττονα
1289 4910 1736 4977 είσενεγκάντων,

129 4993 272 5048 οὔτε
297 4995 428 5056 τοὺς
456 4993 679 5063 ἐτέρους
701 4991 912 5056 τούτοις
932 4993 1166 5062 φθονεῖν.
1196 4990 1346 5058 Εῐτα,
1370 4993 1557 5066 ἐπειδὴ
1583 4994 1740 5050 τοῦτο

129 5077 564 5150 ῥᾳθυμοτέρους
592 5074 789 5138 ἐποίει,
822 5079 884 5129 :6
911 5077 1117 5140 πάντας
1145 5077 1204 5130 ἐν
1228 5074 1368 5132 εἶναι
1398 5079 1736 5149 νομίζεσθαι,

126 5163 236 5216 καὶ
272 5162 404 5225 τοὺς
433 5161 608 5214 πολλὰ
634 5161 910 5230 καμόντας
939 5162 1032 5214 καὶ
1056 5161 1186 5224 τοὺς
1213 5162 1440 5228 ἐλάττω,
1480 5164 1582 5235 ὅρα
1621 5166 1738 5230 πῶς

124 5247 279 5301 αὐτὸ
334 5244 707 5315 διωρθώσατο,
748 5246 936 5298 εἰπών’
974 5245 1274 5312 "Exacto;
1311 5246 1380 5300 δὲ
1426 5247 1533 5302 τὸν
1583 5249 1739 5303 ἴδιον

119 5330 368 5399 μισθὸν
386 5329 652 5398 λήψεται
688 5328 840 5383 κατὰ
875 5328 983 5382 τὸν
1023 5329 1180 5383 ἴδιον
1206 5331 1418 5386 κόπον.
1459 5332 1547 5395 Ὠς
1583 5333 1648 5387 ἂν
1687 5334 1736 5388 εἰ

123 5414 300 5482 ἔλεγε
329 5429 343 5442 ·
371 5413 462 5483 Μὴ
491 5411 680 5481 φοϐοῦ,
715 5413 796 5465 ὅτι
825 5407 997 5478 εἷπον,
1022 5414 1101 5466 ὅτι
1134 5413 1192 5466 ἐν
1218 5414 1344 5466 εἰσι·
1378 5415 1512 5485 πρὸς
1539 5419 1646 5488 γὰρ
1674 5417 1735 5471 :6

122 5497 231 5550 τοῦ
267 5495 408 5549 Θεοῦ
449 5495 610 5566 ἔργον
639 5496 1133 5566 παραϐαλλόμενοι,
1162 5496 1222 5548 ἐν
1271 5498 1409 5550 εἰσιν
1431 5514 1443 5526 ·
1479 5500 1601 5552 ἐπεὶ
1637 5500 1736 5554 πό-

123 5599 246 5635 νων
291 5580 479 5633 ’ἑνεκεν
505 5578 607 5634 οὐκ
647 5581 803 5643 είσὶν,
834 5579 970 5632 ἀλλὰ
998 5579 1228 5642 ἕκαστος
1260 5581 1350 5633 τὸν
1380 5581 1509 5636 ἴδιον
1544 5585 1734 5653 μισθὸν

121 5665 396 5735 λήψεται.
441 5659 572 5718 Εἶτα
608 5666 702 5718 καὶ
732 5663 968 5719 λιπαίνει
1001 5664 1162 5718 πλέον
1191 5665 1343 5733 αὐτὸ,
1377 5669 1734 5736 κατορθώσας

189 5859 210 5883 ³
237 5855 332 5931 S'ic
353 5858 476 5922 Reg.
505 5857 639 5911 Ediu
663 5873 800 5923 vero,
823 5863 1000 5926 σαφῶς.
1084 5861 1112 5903 ι)
1139 5861 1398 5926 Legebalur
1433 5860 1533 5918 τοῖς
1570 5863 1734 5911 διακο-

123 5937 398 5986 νουμενοις.

1872 402 2008 473 ὅπερ
2041 403 2312 467 ἐϐούλετο,
2348 403 2441 456 καὶ
2472 402 2754 474 χαρίζεται
2788 402 2844 455 ἐν
2874 396 2954 466 οἷς
2990 401 3167 468 ἔξεστι
3200 404 3338 476 μετὰ
3373 424 3461 476 φι-

1869 484 2135 555 λοτιμίας.
2187 486 2334 539 Θεοῦ
2383 487 2492 554 γάρ
2532 484 2720 554 ἐσμεν
2747 487 3052 556 συνεργοί·
3101 489 3248 543 Θεοῦ
3285 490 3460 560 7.861;)-

1872 570 2004 637 γιόν
2052 570 2213 632 ἐστε,
2257 569 2405 623 Θεοῦ
2456 567 2736 638 οἰκοδομή
2782 569 2941 623 ἐστε.
2983 569 3149 641 Ὁρᾷς
3208 571 3326 636 πῶς
3363 573 3460 627 καὶ

1870 651 2055 715 αὐτοῖς
2085 652 2245 723 ἔργον
2281 652 2481 706 ἔδωκεν
2519 653 2582 706 ού
2617 653 2830 724 μικρὸν,
2870 654 3286 718 κατασκευάσας
3317 655 3459 726 πρό-

1867 751 2048 804 τερον,
2075 736 2246 789 ὅτιτὸ
2273 737 2382 790 πᾶν
2429 738 2545 789 ἐστι
2593 736 2690 789 τοῦ
2739 735 2908 803 Θεοῦ;
2953 736 3172 810 Ἐπειδὴ
3206 737 3314 809 γὰρ
3369 739 3459 793 ἀεὶ

1869 822 2127 890 παραινεῖ
2181 819 2464 874 πείθεσθαι
2516 823 2629 884 τοῖς
2673 820 3016 892 ἡγουμένοις,
3061 821 3150 875 διὰ
3195 822 3356 877 τοῦτο
3392 825 3455 877 οὐ

1869 903 2076 974 σφόδρα
2103 902 2429 968 ἐξευτελίζει
2451 905 2576 966 τοὺς
2602 903 2978 969 διδασκάλους.
3009 905 3158 960 Θεοῦ
3174 905 3458 976 γεώργιόν

1865 986 2026 1040 ἐστε.
2066 986 2284 1058 Ἐπειδὴ
2311 986 2422 1058 γὰρ
2447 984 2623 1050 εἶπεν,
2663 987 3024 1056 Ἐερύτευσα,
3059 991 3124 1060 τῇ
3155 992 3331 1062 τροπῇ
3360 991 3458 1043 ἐπ-

1866 1069 2103 1140 έμεινεν.
2152 1071 2215 1122 Εἰ
2245 1069 2300 1122 δὲ
2331 1069 2466 1122 Θεοῦ
2503 1068 2791 1140 γεώργιον,
2820 1071 2921 1124 οὑκ
2977 1071 3086 1124 ἀπὸ
3124 1071 3233 1124 τῶν
3281 1089 3457 1143 γεωρ-

1865 1151 2108 1222 γούντων
2137 1154 2304 1224 ὑμᾶς,
2337 1153 2453 1207 ἀλλ’
2483 1152 2592 1206 ἀπὸ
2619 1153 2713 1206 τοῦ
2741 1152 2876 1206 Θεοῦ
2917 1154 3200 1208 καλεῖσθαι
3222 1154 3452 1212 δίκαιον.

1866 1236 1940 1288 Ού
1982 1236 2091 1308 γὰρ
2144 1236 2312 1308 ἀγρὸς
2373 1236 2620 1308 γεωργοῦ
2675 1235 2940 1302 καλεῖται,
2985 1236 3121 1290 ἀλλὰ
3163 1237 3256 1291 τοῦ
3306 1239 3454 1291 οἱκο-

1863 1318 2144 1375 δεσπότου.
2185 1321 2331 1375 Θεοῦ
2363 1319 2644 1390 οἰκοδομή
2695 1321 2851 1374 ἐστε.
2896 1320 3066 1373 Πάλιν
3110 1323 3143 1392 ἡ
3193 1322 3451 1394 οἰκοδομὴ

1863 1403 1926 1455 οὐ
1954 1401 2048 1455 τοῦ
2081 1405 2347 1474 τεχνίτου,
2381 1403 2516 1458 ἀλλὰ
2543 1403 2636 1458 τοῦ
2663 1403 2927 1458 δεσπότου
2955 1405 3120 1458 ἐστίν.
3147 1406 3210 1458 Εἰ
3235 1405 3290 1458 δὲ
3317 1407 3454 1458 οίκο·

1864 1485 2002 1558 δομὴ
2036 1487 2178 1553 ἐστε,
2209 1488 2269 1540 ού
2297 1488 2402 1558 χρὴ
2428 1487 2775 1541 διεσπάσθαι·
2808 1489 2929 1541 ἐπεὶ
2957 1488 3055 1540 οὐκ
3085 1487 3153 1542 ἂν
3183 1488 3270 1558 εἴη
3290 1489 3452 1543 τοῦτο

1861 1570 2140 1642 οἰκοδομή.
2183 1569 2567 1642 Εῖογεώργιόν
2621 1571 2767 1635 ἐστε,
2821 1570 3149 1642 διαιρεῖσθαι
3201 1572 3262 1624 ού
3319 1572 3448 1643 χρὴ,

1861 1651 1976 1706 ἀλλ’
2001 1653 2081 1706 ἐνὶ
2117 1653 2358 1724 φραγμῷ
2385 1653 2463 1723 τῷ
2486 1657 2585 1724 τῆς
2623 1653 2878 1723 ὁμονοίας
2905 1652 3258 1724 τειχίξεσθαι.
3286 1657 3452 1710 Κατὰ

1860 1735 1976 1804 τὴν
2000 1735 2178 1805 χάριν
2200 1736 2305 1790 τοῦ
2337 1735 2487 1790 Θεοῦ
2522 1736 2638 1804 τὴν
2675 1735 2960 1790 δοθεῖσάν
2976 1753 3100 1805 μοι,
3140 1737 3221 1803 ὠς
3255 1738 3451 1807 σοφὸς

1859 1819 2244 1888 ἁρχιτέκτων,
2273 1819 2549 1889 θεμέλιον
2570 1819 2804 1873 τέθεικα
2835 1829 2879 1872 ο.
2908 1820 3078 1887 Σοφὸν
3107 1821 3299 1874 ἐαυτὸν
3328 1821 3452 1874 ἐκάο

1858 1900 2016 1954 λεσεν
2046 1901 2302 1967 ἐνταῦθα,
2334 1903 2434 1956 οὐκ
2463 1902 2707 1970 ἐπαίρων
2743 1901 2955 1966 ἐαυτὸν,
2984 1901 3122 1955 ἀλλὰ
3143 1902 3314 1957 τύπον
3353 1905 3450 1958 αὕη

1856 1987 1971 2048 τοῖς
2000 1985 2198 2052 διδοὺς,
2223 1985 2319 2039 καὶ
2344 1985 2578 2049 δεικνὺς,
2610 1985 2692 2038 ὅτι
2721 1984 2876 2038 τοῦτό
2904 1986 3018 2038 ἐστι
3055 1985 3240 2055 σοφοῦ,
3271 1986 3331 2039 :6
3352 1988 3449 2040 Eva

1859 2068 2032 2123 θεῖναι
2074 2068 2342 2140 θεμέλιον.
2394 2071 2538 2141 Ὅρα
2566 2068 2696 2138 γοῦν
2747 2067 2865 2133 πῶς
2915 2069 3216 2140 μετριάζει.
3264 2070 3447 2124 Εἰπὼν

1859 2153 1966 2224 γὰρ
2001 2153 2163 2222 σοφὸν
2212 2153 2422 2221 ἐαυτὸν,
2463 2155 2563 2208 οὐκ
2607 2153 2818 2224 ἀφῆκεν
2865 2152 3029 2206 αὑτοῦ
3080 2155 3240 2207 τοῦτο
3282 2149 3444 2222 εἶναι,

1858 2235 1974 2289 ἀλλ’
2008 2236 2130 2289 ὅλον
2179 2236 2372 2290 ἐαυτὸν
2425 2238 2690 2308 πρότερον
2741 2237 2958 2300 ἀναθεὶς
3001 2237 3080 2308 τῷ
3133 2237 3273 2309 Θεῷ,
3324 2239 3446 2291 τότε

1857 2320 2050 2373 ἑαυτὸν
2097 2319 2274 2384 οὕτως
2325 2320 2579 2373 ἐκάλεσε·
2615 2319 2776 2374 Κατὰ
2810 2319 2919 2390 γὰρ
2954 2319 3070 2388 τὴν
3116 2321 3293 2390 χάριν
3338 2321 3446 2375 τοῦ

1859 2402 2008 2457 Θεοῦ
2039 2402 2155 2471 τὴν
2196 2403 2481 2457 δοθεῖσάν
2502 2421 2623 2474 μοι,
2655 2403 2842 2475 φησίν.
2889 2404 3055 2474 Ὁμοῦ
3085 2405 3192 2478 γὰρ
3229 2405 3444 2459 δείκνυ-

1860 2504 1964 2551 σιν,
1989 2489 2070 2541 ὅτι
2097 2489 2193 2542 καὶ
2228 2488 2289 2541 τὸ
2324 2491 2432 2543 πᾶν
2455 2491 2570 2542 ἐστι
2609 2488 2704 2542 τοῦ
2728 2488 2886 2555 Θεοῦ,
2917 2491 3012 2544 καὶ
3044 2490 3126 2543 ὅτι
3155 2490 3312 2544 τοῦτο
3343 2491 3446 2562 μά-

1854 2569 2013 2626 λιστά
2043 2572 2160 2624 ἐστι
2183 2571 2363 2642 χάρις,
2395 2572 2454 2625 τὸ
2481 2573 2555 2642 μὴ
2581 2571 2897 2644 διῃρῆσθαι,
2929 2573 3046 2626 ἀλλ’
3079 2573 3164 2644 ἐφ’
3205 2572 3288 2627 ἐνὶ.
3330 2575 3445 2626 κεῖ-

1857 2655 1980 2710 σθαι
2005 2655 2259 2726 θεμελίῳ.
2321 2656 2537 2722 Ἄλλος
2583 2657 2993 2726 ἐποικοδομεῖ·
3056 2657 3314 2725 ἕκαστος
3374 2659 3446 2712 δὲ

1848 2737 2146 2805 βλεπέτω,
2168 2736 2295 2806 πῶς
2320 2738 2713 2809 ἐποικοδομεῖ.
2741 2739 2856 2811 [70]
2897 2740 3160 2795 Ἐνταῦθα
3183 2759 3274 2812 μοι
3296 2741 3446 2795 δοκεῖ

1854 2823 1933 2886 είς
1964 2824 2055 2876 τὸν
2086 2823 2213 2894 περὶ
2255 2822 2356 2892 τῆς
2389 2823 2662 2886 πολιτείας
2699 2825 2888 2877 λοιπὸν
2927 2825 3124 2890 αὐτοὺς
3152 2825 3443 2896 ἐμϐάλλειν

1853 2905 2060 2973 ἀγῶνα,
2090 2905 2276 2975 ἐπειδὴ
2309 2904 2544 2974 συνῆψεν
2575 2905 2722 2970 ἅπαξ
2755 2907 2847 2960 καὶ
2889 2905 2946 2961 ἐν
2979 2909 3224 2979 ἐποίησε.
3264 2909 3441 2976 Θειιέ-

1853 2993 1994 3044 λιον
2030 2991 2139 3059 γὰρ
2173 2989 2366 3042 ἄλλον
2393 2989 2594 3055 οὐδεὶς
2637 2989 2886 3046 δύναται
2917 2992 3104 3047 θεῖναι
3145 2993 3306 3061 παρὰ
3335 2994 3444 3046 τὸν

1854 3075 2155 3144 κείμενον,
2195 3073 2262 3139 ὅς
2305 3073 2476 3126 ἐστιν
2523 3072 2765 3140 Ἰησοῦς
2793 3075 3066 3142 Χριστός.
3098 3076 3170 3129 Ού
3215 3075 3441 3131 δύναται

1852 3159 1930 3225 δὲ,
1962 3159 2067 3221 ἕως
2099 3157 2164 3210 ἂν
2268 3156 2295 3196 ἀ
2337 3156 2698 3228 ἀρχιτέκτων·
2729 3159 2796 3211 ἂν
2816 3158 2874 3212 δὲ
2901 3158 3056 3232 τεθῇ,
3083 3160 3268 3215 οὐκέτι
3291 3162 3443 3218 ἐστὶν

1852 3242 2211 3313 ἁρχιτέκτων.

1919 3403 2095 3460 δ’.’Ίδε
2113 3405 2228 3468 πῶς
2240 3403 2333 3458 καὶ
2348 3403 2456 3457 ἀπὸ
2472 3403 2579 3459 τῶν
2599 3403 2793 3458 κοινῶν
2809 3404 3025 3458 ἐννοιῶν
3043 3403 3442 3469 κατασκευάζει

1850 3487 1913 3542 τὸ
1944 3488 2300 3561 προκείμενον
2336 3487 2502 3543 ἅπαν.
2546 3490 2610 3541 Ὃ
2635 3488 2690 3542 δέ
2729 3488 2898 3557 λέγει,
2930 3487 3088 3542 τοῦτὸ
3129 3491 3263 3543 ἐστι·
3294 3491 3442 3544 Κατ-

1851 3572 2083 3642 ήγγειλα
2109 3573 2202 3626 τὸν
2244 3573 2498 3642 Χριστὸν,
2536 3573 2829 3644 παρέδωκα
2862 3573 2989 3644 ὑμῖν
3027 3571 3119 3626 τὸν
3165 3573 3436 3644 θεμέλιον,

1853 3658 2105 3708 σκοπεῖτε
2165 3655 2281 3717 πῶς
2329 3655 2756 3726 ἐποικοδομεῖτε,
2788 3658 2838 3709 εἰ
2877 3654 3188 3721 κενοδόξως,
3219 3657 3266 3709 εἰ
3303 3657 3438 3728 πρὸς

1849 3737 2171 3808 ἀνθρώπους
2221 3737 2581 3802 ἀποσπῶντες
2623 3739 2748 3803 τοὺς
2795 3738 3065 3811 μαθητάς.
3116 3740 3208 3810 Μὴ
3257 3741 3436 3794 τοίνυν

1850 3820 2206 3890 προσέχωμεν
2236 3821 2359 3882 ταῖς
2391 3820 2652 3891 αἱρέσεσι·
2678 3820 2925 3891 θεμέλιον
2948 3823 3055 3892 γὰρ
3084 3821 3241 3876 ἄλλον
3262 3823 3437 3886 οὐδεὶς

1848 3901 2071 3956 δύναται
2108 3903 2280 3956 θεῖναι
2321 3903 2472 3974 παρὰ
2513 3905 2604 3957 τὸν
2646 3905 2920 3976 κείμενον.
2961 3905 3083 3958 Ἐπὶ
3114 3905 3300 3959 τοῦτον
3341 3903 3435 3961 οὖν

1847 3985 2242 4057 οἰκοδομῶμεν,
2297 3987 2390 4038 καὶ
2426 3983 2500 4049 ὡς
2535 3986 2788 4058 θεμελίου
2821 3987 3094 4059 ἐχώμεθα,
3125 3989 3201 4052 ὡς
3247 3990 3436 4060 κλῆμα

1846 4068 2115 4138 ἀμπέλου,
2151 4069 2247 4124 καὶ
2287 4069 2453 4140 μηδὲν
2482 4069 2622 4124 ἔστω
2650 4070 2814 4140 μέσον
2847 4071 3006 4142 ἡμῶν
3047 4073 3141 4126 καὶ
3172 4074 3430 4144 Χριστοῦ·

1847 4154 1913 4208 ἂν
1937 4154 2046 4225 γὰρ
2067 4155 2293 4226 γένηταί
2335 4172 2389 4208 τι
2437 4156 2621 4226 μέσον,
2661 4155 2866 4219 εὐθέως
2906 4156 3284 4228 ἀπολλύμεθα.
3325 4160 3435 4212 Καὶ

1845 4239 1955 4308 γὰρ
1977 4237 2040 4289 :6
2061 4237 2248 4308 κλῆμα
2277 4237 2421 4292 κατὰ
2442 4238 2505 4291 :6
2525 4239 2748 4308 συνεχὲς
2772 4238 2919 4291 ἐλκει
2941 4239 3041 4308 τὴν
3063 4242 3311 4312 πιότητα,
3339 4246 3434 4297 καὶ

1845 4321 1879 4392 ἡ
1912 4319 2168 4392 οἰκοδομὴ
2207 4323 2348 4376 κατὰ
2365 4321 2428 4375 :6
2451 4321 2810 4392 κεκολλῆσθαι
2838 4321 3092 4393 ἔστηκεν·
3121 4324 3195 4388 ὡς
3219 4325 3286 4378 ἂν
3313 4327 3431 4379 δια-

1847 4407 1968 4475 στῇ,
1998 4403 2319 4471 ἀπόλλυται,
2351 4405 2452 4459 οὐκ
2487 4405 2688 4475 ἔχουσα
2713 4405 2818 4458 ποῦ
2843 4407 3044 4476 ἐρείσει
3087 4408 3304 4478 ἑαυτήν.
3338 4410 3430 4480 Μὴ

1842 4489 2022 4542 τοίνυν
2070 4487 2254 4551 ἁπλῶς
2281 4487 2535 4558 ἐχώμεθα
2562 4487 2657 4541 τοῦ
2691 4488 2950 4560 Χριστοῦ,
2982 4489 3118 4542 ἀλλὰ
3153 4490 3430 4562 κολληθῶ-

1846 4589 1946 4643 μεν
1973 4570 2141 4642 αὐτῷ·
2173 4569 2238 4624 ἂν
2283 4570 2393 4642 γὰρ
2423 4569 2750 4642 διαστῶμεν,
2781 4570 3152 4642 ἀπολλύμεθα.
3203 4577 3266 4627 Οἱ
3317 4575 3431 4644 γὰρ

1836 4659 2249 4726 μακρύνοντες
2285 4654 2539 4722 ἑαυτοὺς
2567 4655 2685 4712 ἀπὸ
2730 4655 2869 4719 σοῦ,
2901 4655 3289 4726 ἀπολοῦνται,
3328 4676 3430 4730 φηο

1843 4740 1916 4793 σί.
1945 4737 2280 4810 Κολλώμεθα
2313 4739 2491 4792 τοίνυν
2525 4738 2694 4810 αὐτῷ,
2726 4739 2820 4792 καὶ
2853 4738 3171 4810 κολλώμεθα
3205 4741 3293 4795 διὰ
3319 4743 3428 4797 τῶν

1840 4824 2037 4895 ἔργων·
2065 4822 2122 4876 Ὁ
2148 4821 2254 4895 γὰρ
2274 4823 2455 4894 τηρῶν
2482 4822 2583 4886 τὰς
2602 4822 2818 4886 ἐντολάς
2849 4841 2974 4894 μου,
3003 4823 3163 4889 αὐτὸς
3194 4827 3251 4878 ἐν
3279 4827 3424 4897 ἐμοὶ,

1841 4908 1994 4978 φησὶ,
2033 4906 2206 4977 μένει.
2261 4906 2371 4959 Καὶ
2403 4906 2511 4977 γὰρ
2551 4905 2640 4958 διὰ
2663 4905 2872 4959 πολλῶν
2908 4908 3054 4977 ἡμᾶς
3090 4907 3426 4978 ὑποδειγμά-

1837 5006 1946 5043 των
1971 4991 2100 5043 ἐνοῖ.
2135 4989 2332 5042 Σκόπει
2353 4987 2431 5040 δέ·
2453 4988 2624 5051 Αὐτὸς
2646 4989 2679 5059 ἡ
2707 4989 2936 5060 κεφαλὴ,
2964 4991 3126 5061 ἡμεῖς
3150 4990 3212 5044 :6
3241 4991 3422 5062 σῶμαξ

1841 5071 1918 5143 μὴ
1951 5071 2175 5126 δύναται
2207 5071 2370 5142 μέσον
2396 5088 2447 5124 τι
2479 5067 2618 5126 εἶναι
2645 5072 2890 5143 κεφαλῆς
2918 5072 3012 5125 καὶ
3037 5073 3284 5143 σώματος
3311 5074 3428 5128 διά-

1841 5173 2023 5226 στημα
2059 5154 2215 5208 κενόν
2236 5172 2252 5223 ;
2276 5155 2446 5218 Αὐτὸς
2471 5155 2742 5226 θεμέλιος,
2762 5158 2923 5228 ἡμεῖς
2948 5157 3228 5228 οίκοδομὴ·
3261 5157 3426 5223 αὐτὸς

1837 5239 2102 5309 ἄμπελος,
2130 5241 2294 5310 ἡμεῖς
2329 5238 2602 5310 κλήματα·
2634 5240 2798 5303 αὐτὸς
2829 5242 2857 5293 6
2890 5241 3146 5311 νυμφίος,
3193 5245 3356 5313 ἡμεῖς
3387 5244 3423 5313 ἡ

1838 5323 2045 5394 νύμφη·
2107 5323 2267 5383 αὐτὸς
2315 5324 2343 5377 6
2397 5323 2619 5395 ποιμὴν,
2661 5325 2824 5395 ἡμεῖς
2877 5324 2947 5378 τὰ
2997 5326 3266 5397 πρόϐατα·
3306 5327 3427 5392 666,;

1837 5405 2064 5471 ἐκεῖνος,
2097 5407 2254 5476 ἡμεῖς
2280 5408 2329 5459 οἱ
2357 5405 2682 5476 βαδίζοντες·
2711 5408 2837 5470 ναὸς
2869 5408 3031 5462 πάλιν
3051 5412 3234 5478 ἡμεῖς,
3261 5408 3425 5473 αὐτὸς

1836 5487 2058 5552 ἕνοικος·
2093 5489 2254 5552 αὐτὸς
2288 5492 2316 5543 6
2347 5491 2710 5560 πρωτότοκος,
2735 5492 2897 5560 ἡμεῖς
2921 5493 2969 5545 οἱ
2995 5491 3234 5560 ἀδελφοί·
3258 5491 3420 5553 αὐτὸς

1835 5573 1862 5625 6
1885 5571 2238 5643 κληρονόμος,
2269 5574 2429 5644 ἡμεῖς
2455 5575 2502 5627 οί
2538 5573 2990 5647 συγκληρονόμοι·
3023 5575 3184 5638 αὐτὸς
3218 5575 3252 5644 ἡ
3281 5574 3416 5640 ζωὴ,

1835 5656 1995 5726 ἡμεῖς
2021 5657 2068 5709 οἱ
2094 5656 2312 5720 ζῶντες·
2341 5658 2501 5721 αὐτὸς
2525 5661 2556 5730 ἡ
2582 5658 2898 5724 ἀνάστασις,
2929 5659 3086 5730 ἡμεῖς
3120 5659 3170 5711 οἱ
3199 5654 3421 5710 ἀνιστάκ

1835 5924 1857 5972 ἔ
1896 5862 1918 5890 ε
1946 5854 2205 5968 ρεσὲραιιιι·
2249 5858 2410 5916 ἔθηκα.
2496 5857 2760 5910 dSavilius
2811 5845 3086 5922 legendum
3139 5855 3422 5919 suspicatur

1861 5939 1924 5972 ωε
1951 5937 2007 5968 αν
2057 5935 2106 5972 n.

1861 5939 1924 5978 ως
1951 5937 2007 5968 αν
2032 5935 2106 5981 υῃ.

3153 6090 3232 6104 ad.—
