3864 6216
431 263 508 324 73
1113 265 1170 322 S.
1209 261 1500 320 JOANNIS
1537 259 2039 320 CIIRYSOSTOMI
2077 262 2399 322 ARCHIEP.
2440 263 2992 324 CONSTANTINOP.
3631 273 3686 331 ἠ

431 405 604 462 μενοι·
639 387 804 450 αὐτὸς
837 387 898 440 16
936 387 1072 456 φώς,
1108 391 1273 460 ἡμεῖς
1311 393 1360 444 οί
1407 391 1790 462 φωτιζόμενοι.
1833 387 2021 442 Ταῦτα

427 482 608 536 πάντα
641 481 838 536 ἕνωσιν
863 494 888 522 ι
925 483 1200 552 ἐμφαίνει,
1237 483 1332 538 καὶ
1351 485 1506 538 οὐδὲν
1535 485 1700 556 μέσον
1741 484 1896 538 κενὸν
1921 483 2018 549 ἀφ-

431 577 574 646 ίησιν
599 571 760 638 εἶναι,
789 575 912 628 οὐδὲ
940 576 1000 628 τὸ
1031 577 1378 647 μικρότατον.
1425 577 1482 630 Ὀ
1517 577 1625 649 γὰρ
1658 577 1852 650 μικρὸν
1883 576 2014 628 ἀποο

427 669 578 734 στὰς,
615 668 710 723 καὶ
739 668 874 722 πολὺ
903 667 1108 739 προῖὼν
1129 669 1522 740 ἀποστήσεται.
1553 672 1664 724 Καὶ
1695 671 1804 738 γὰρ
1832 669 1892 722 τὸ
1915 668 2020 722 σῶ-

429 779 526 830 μα,
563 761 630 814 ἂν
669 761 874 832 μικρὰν
909 761 1020 814 ἀπο
1059 761 1250 830 ξίφους
1296 763 1580 816 διάστασιν
1611 763 1852 830 δέξηται,
1902 761 2020 813 δια-

425 854 744 922 φθείρεται·
813 855 906 907 καὶ
953 857 986 924 ἡ
1041 855 1316 926 οἰκοδομὴ,
1375 857 1478 909 κᾶν
1529 856 1724 928 μικρὸν
1765 855 2016 926 διαχάνῃ,

425 946 774 1001 καταλύεται·
797 947 890 1000 καὶ
911 947 1011 1016 τῆς
1039 945 1194 1017 ῥίζης
1216 948 1278 1000 16
1297 948 1507 1019 κλῆμα,
1535 947 1636 1002 κᾶν
1665 947 1860 1018 μικρὸν
1885 947 2021 1000 ἀπο-

425 1043 590 1112 κοπῇ,
629 1041 852 1108 γέγονεν
887 1041 1181 1110 ἄχρηστον.
1217 1040 1380 1094 Ὥστε
1411 1041 1472 1094 16
1509 1041 1705 1112 μικρὸν
1738 1039 1897 1094 τοῦτο
1919 1039 2018 1092 οὒκ

423 1135 538 1188 ἔστι
569 1133 782 1204 μικρὸν,
831 1133 967 1186 ἀλλά
1009 1133 1106 1186 καὶ
1150 1133 1336 1203 σχεδὸν
1385 1135 1446 1186 16
1491 1133 1612 1188 όλον
1641 1135 1806 1188 ἐστίν.
1848 1135 2017 1186 Ὅταν

422 1225 518 1280 οὖν
559 1226 756 1298 μικῴν
787 1243 841 1278 τι
879 1225 1361 1296 πλημμελήσωμεν
1388 1227 1420 1295 ἢ
1453 1226 1548 1278 καὶ
1579 1225 2016 1296 ρᾳθυμήσωμεν,

425 1319 500 1390 μή
555 1318 872 1388 παρίδωμεν
919 1316 982 1369 τὸ
1039 1317 1254 1388 μικρόν·
1315 1317 1436 1370 ἐπεὶ
1475 1317 1686 1388 ταχέως
1731 1315 2018 1386 παροφθὲν

417 1409 580 1464 ’τοῦτο
617 1408 758 1478 μέγα
803 1406 1032 1476 γίνεται.
1075 1406 1230 1460 Οὕτω
1263 1407 1356 1460 καὶ
1397 1407 1611 1476 ἱμάτιον
1644 1407 1822 1478 ἀρχὴν
1851 1406 2016 1460 λαϐὸν

421 1503 724 1574 ῥήγνυσθαι
751 1501 845 1554 καὶ
869 1499 1164 1570 ἀμεληθὲν,
1189 1500 1366 1554 διόλου
1393 1501 1456 1552 16
1479 1501 1687 1571 σχίσμα
1709 1501 2015 1572 προήγαγε·

415 1597 512 1650 καὶ
569 1593 768 1665 ϐροφος
829 1593 1028 1660 ὀλίγων
1085 1593 1350 1664 κεράμων
1411 1593 1832 1646 καταπεσόντων
1873 1610 2018 1664 παρ-

415 1687 623 1756 πφθεὶς,
659 1685 956 1758 ὁλόκληρον
1007 1685 1098 1738 τὸν
1140 1681 1290 1738 οἷκον
1334 1688 1665 1758 κατήνεγκε.
1725 1686 1894 1742 Ταῦτ’
1923 1684 2016 1743 οὖν

413 1783 576 1850 ἡμεῖς
607 1775 971 1848 λογιζόμενοι,
1015 1777 1284 1846 μηδέποτε
1331 1777 1440 1830 τῶν
1489 1779 1702 1850 μικρῶν
1731 1797 2014 1850 καταφρο-

413 1873 618 1944 ε.ῶμεν,
660 1872 747 1926 ἵνα
793 1873 867 1942 μή
893 1871 974 1934 είς
1003 1869 1071 1924 τά
1108 1870 1318 1940 μεγάλα
1349 1871 1702 1941 ἐμπέσωμεν·
1731 1869 1798 1925 ἂν
1831 1872 1876 1924 δ’
1905 1873 2013 1943 ἄρα

413 1965 939 2038 καταφρονήσωμεν,
973 1963 1066 2016 καὶ
1109 1965 1189 2026 είς
1219 1963 1277 2015 16
1312 1963 1474 2033 βάθος
1503 1963 1754 2034 ἔλθωμεν
1779 1964 1885 2018 τῶν
1911 1983 2011 2018 κα-

413 2058 548 2122 κῶν,
589 2055 724 2128 μηδέ
753 2057 930 2110 ἐκεῖσε
965 2055 1247 2125 γενόμενοι
1277 2055 1628 2126 ἀπογνῶμεν,
1675 2057 1762 2110 ἵνα
1807 2057 1882 2128 μὴ
1909 2059 2012 2126 ἐμ-

414 2152 668 2221 πέσωμεν
713 2151 792 2213 είς
835 2147 1205 2220 καρηϐαρίαν.
1239 2147 1356 2220 [71]
1383 2148 1652 2202 Δύσκολον
1683 2149 1790 2221 γὰρ
1824 2150 2011 2204 λοιπὸν

413 2241 660 2296 ἀνελθεῖν
685 2241 896 2308 ἐκεῖθεν
927 2240 1019 2296 τὸν
1078 2239 1152 2311 μὴ
1187 2240 1393 2312 σφόδρα
1428 2241 1692 2310 νήφοντα,
1726 2243 1788 2296 οὐ
1823 2242 1912 2296 διά
1949 2244 2012 2298 16

415 2333 590 2406 μῆκος
626 2333 812 2406 μόνον,
861 2333 997 2387 ἀλλά
1031 2333 1126 2388 καὶ
1151 2332 1240 2386 διὰ
1269 2333 1367 2402 τὴν
1407 2333 1555 2386 θέσιν
1607 2335 1798 2406 αὑτήν.
1839 2337 2012 2400 Βάθος

411 2429 521 2500 γάρ
548 2429 664 2481 ἐστι
715 2427 810 2482 καὶ
855 2427 889 2496 ἡ
915 2426 1184 2497 ἁμαρτία,
1225 2429 1324 2480 καὶ
1361 2427 1513 2481 κάτω
1545 2427 1788 2498 φέρουσα
1814 2428 2006 2484 θλίϐει.

411 2521 522 2573 Καὶ
543 2519 796 2588 καθάπερ
833 2519 882 2570 οί
911 2519 990 2581 είς
1017 2517 1197 2588 φρέαρ
1225 2517 1560 2588 ἐμπεσόντες
1589 2518 1690 2572 οὐκ
1719 2517 1784 2572 ἂν
1812 2519 2012 2590 ῥᾳδίως

409 2611 704 2674 ἁνέλθοιεν,
736 2610 850 2664 ἀλλ’
878 2610 1084 2680 ἐτέρων
1110 2609 1398 2680 δεήσονται
1427 2609 1536 2662 τῶν
1563 2609 1880 2680 ἀναγόντων
1911 2611 2012 2666 αὐ-

407 2703 554 2768 τούς·
589 2703 732 2756 οὕτω
757 2702 851 2756 καὶ
871 2703 900 2754 6
927 2703 1006 2764 είς
1035 2699 1199 2770 βάθος
1225 2699 1394 2754 ἐλθὼν
1429 2701 1538 2755 τῶν
1564 2703 2005 2774 ἁμαρτημάτων.

409 2795 754 2866 Χαλάσωμεν
790 2789 884 2848 οῦν
940 2793 1150 2863 σχοινία
1201 2794 1342 2866 πρὸς
1391 2795 1522 2859 τοὺς
1571 2797 1866 2864 τοιούτους,
1915 2799 2009 2852 καὶ

405 2887 826 2962 ἀνιμησὼμεθα·
869 2886 1071 2958 μᾶλλον
1099 2885 1156 2939 δὲ
1195 2887 1294 2958 οὐχ
1319 2887 1521 2958 ἐτέρων
1552 2888 1633 2942 δεῖ
1659 2889 1839 2959 μόνον,
1870 2891 2009 2946 ἀλλά

405 2984 498 3037 καὶ
545 2981 702 3052 ἡμῶν
739 2979 943 3046 αὐτῶν,
993 2979 1080 3033 ῖνα
1127 2979 1222 3033 καὶ
1273 2979 1502 3044 ἑαυτοὺς
1549 2981 1848 3052 ἐπιδῶμεν,
1907 2997 2005 3051 και

403 3072 808 3146 ἀναϐησώμεθα
858 3073 920 3126 οὐ
971 3070 1248 3136 τοσοῦτον,
1301 3073 1425 3126 ὅσον
1478 3074 1814 3146 κατέϐημεν,
1867 3077 2007 3132 ἀλλά

403 3165 585 3236 πολλῷ
628 3164 814 3230 πλέον,
855 3163 950 3216 ἐὰν
993 3161 1335 3233 βουλώμεθα.
1373 3164 1482 3217 Καὶ
1513 3165 1626 3236 γὰρ
1651 3168 1679 3219 6
1709 3167 1844 3231 Θεὸς
1880 3168 2006 3239 βοη-

409 3261 513 3312 ίεῖ·
578 3259 659 3311 Οὐ
687 3255 798 3326 γὰρ
824 3257 1114 3320 ,ϐούλεται
1157 3255 1266 3308 τὸν
1295 3255 1560 3312 θάνατον
1595 3258 1702 3312 τοῦ
1735 3259 2003 3328 ἁμαρτω-

404 3349 541 3412 λοῦ,
572 3349 652 3414 ὡς
689 3347 756 3402 τὸ
781 3346 1142 3416 ἐπιστρέψαι
1171 3347 1377 3400 αὐτόν.
1411 3347 1618 3418 Μηδεὶς
1645 3349 1828 3403 τοίνυν
1865 3353 2002 3405 ἀπο-

405 3439 742 3502 ·ειινωσκέτω,
781 3437 974 3508 μηδεὶς
1019 3437 1082 3490 τὸ
1109 3436 1218 3490 τῶν
1255 3437 1470 3490 ἀσεϐῶν
1511 3439 1770 3509 πασχέτω
1804 3441 1998 3507 πάθος·

405 3532 631 3588 ἐκείνων
673 3531 782 3603 γάρ
823 3533 938 3585 ἐστι
985 3529 1045 3584 16
1081 3529 1324 3585 τοιοῦτον
1365 3533 1692 3605 ἁμάρτημα.
1749 3535 2002 3604 Ἀσεϐὴς

403 3625 548 3696 γὰρ,
584 3625 738 3694 φησὶ,
779 3621 974 3678 ἐλθὼν
1007 3623 1095 3688 είς
1124 3621 1322 3689 ,βάθος
1359 3623 1580 3690 κακῶν,
1617 3628 1994 3696 καταφρονεῖ.

479 3717 654 3770 Ὥστε·
677 3717 738 3770 οὐ
773 3716 833 3769 16
875 3713 1078 3786 πλῆθος
1105 3715 1216 3768 τῶν
1258 3716 1676 3787 ἁμαρτημάτων
1726 3721 1874 3772 ποιεῖ
1900 3721 1997 3792 τήν

403 3809 734 3879 ἀπόγνωσιν,
764 3807 880 3862 ἀλλ’
915 3809 949 3878 ή
983 3807 1076 3860 τοῦ
1108 3805 1340 3872 ἀσεϐοῦς
1381 3806 1598 3880 γνώμη.
1651 3809 1774 3864 Κάν
1813 3814 1997 3868 πᾶσαν

401 3900 582 3954 τοίνυν
609 3897 848 3970 ἐπέλθῃς
877 3897 1094 3960 κακίαν,
1127 3897 1249 3952 εἰπὲ
1274 3898 1411 3969 πρὸς
1444 3899 1657 3952 ἐαυτόν·
1689 3899 1998 3974 Φιλάνθρω.

402 3991 503 4056 πός
543 3992 692 4044 ἐστιν
743 3992 772 4044 6
823 3989 974 4057 Θεὸς,
1019 3991 1113 4044 καὶ
1160 3991 1260 4061 τῆς
1291 3991 1569 4064 σωτηρίας
1607 3991 1864 4063 ἐπιθυμεῖ
1895 3995 1994 4066 τῆς

403 4082 702 4155 ἡμετέρας.
746 4082 890 4138 Ἐὰν
933 4081 1044 4151 γὰρ
1077 4076 1228 4136 ὦσιν
1263 4084 1326 4136 al
1367 4081 1649 4153 ἁμαρτίαι
1697 4082 1865 4154 ὑμῶν
1911 4086 1994 4153 ὡς

403 4170 741 4242 φοινικοῦν,
774 4171 856 4236 ὠς
875 4173 1053 4241 χιόνα
1079 4169 1376 4236 λευκανῶ,
1409 4172 1566 4244 φησὶ,
1597 4173 1692 4228 καὶ
1721 4175 1858 4246 πρὸς
1894 4175 1992 4248 τήν

401 4263 650 4318 ἐναντίαν
695 4263 810 4328 ἕξιν
859 4265 1203 4336 μεταστήσω.
1236 4264 1327 4334 Μὴ
1371 4267 1552 4320 τοίνυν
1599 4267 1992 4340 ἀπαγορεύσω-

403 4373 521 4426 μεν·
547 4357 610 4410 ού
641 4356 748 4429 γὰρ
777 4355 838 4410 16
871 4359 1058 4410 πεσεῖν
1095 4355 1238 4410 οὕτω
1269 4357 1524 4428 χαλεπὸν,
1553 4359 1628 4422 ώς
1663 4359 1725 4413 16
1755 4362 1990 4416 πεσόντα

399 4449 634 4503 κεῖσθαι·
665 4447 790 4502 οὔτε
828 4447 889 4500 τὸ
939 4449 1214 4519 τρωθῆναι
1252 4449 1444 4516 δεινὸν,
1481 4451 1558 4514 ὡς
1605 4451 1664 4506 16
1709 4453 1990 4525 τρωθέντα

403 4540 478 4614 μὴ
506 4539 791 4610 βούλεσθαι
821 4539 1248 4612 θεραπεύεσθαι.
1283 4541 1386 4610 Τίς
1445 4543 1556 4614 γὰρ
1609 4545 1988 4614 καυχήσεται

400 4633 595 4704 ἁγνὴν
633 4633 799 4704 ἔχειν
827 4633 940 4702 τὴν
978 4631 1270 4704 καρδίαν;
1307 4635 1344 4703 ἢ
1377 4635 1470 4701 τίς
1511 4637 1986 4705 παῤῥησιάσεται

399 4727 658 4794 καθαρὸς
709 4723 862 4780 εἶναι
907 4727 1026 4782 ἀπὸ
1083 4727 1424 4798 ἁμαρτιῶν;
1465 4727 1650 4782 Ταῦτα
1688 4728 1854 4798 λέγω,
1888 4731 1986 4802 οὐχ

400 4815 486 4870 ἵνα
515 4815 914 4888 ῥᾳθυμοτέρους
944 4817 1089 4890 ὑμᾶς
1121 4819 1354 4889 ποιήσω,
1381 4817 1499 4902 ἀλλ’
1533 4819 1618 4873 ἵνα
1647 4819 1876 4875 κωλύσω
1902 4825 1983 4888 είς

395 4907 709 4978 ἀπόγνωσιν
734 4909 1023 4980 ἐμπεσεῖν.

465 5007 528 5056 ε’.
545 4999 728 5054 Βούλει
749 5001 938 5072 μαθεῖν
959 5001 1076 5066 πῶς
1092 5002 1238 5056 ἐστιν
1253 5003 1410 5074 ήμῶν
1425 5004 1630 5075 ἀγαθὸς
1641 5007 1669 5060 6
1679 5007 1978 5076 Δεσπότης

407 5091 664 5162 ’Δνῆλθεν
703 5093 732 5146 6
769 5091 1008 5164 τελώνης
1043 5093 1256 5164 μυρίων
1279 5094 1466 5166 γέμων
1515 5095 1726 5164 κακῶν,
1775 5097 1870 5150 καὶ
1903 5099 1980 5151 εί-

395 5183 532 5244 πὼν,
572 5183 878 5250 ἰλιίσθητί
894 5201 1018 5253 μοι,
1061 5184 1243 5255 μόνον,
1275 5185 1510 5258 κατῆλθε
1533 5187 1974 5259 δεδικαιωμένος.

395 5274 506 5328 Καὶ
533 5274 619 5329 διά
647 5273 738 5328 τοῦ
767 5276 1046 5348 προφήτου
1075 5275 1130 5329 δέ
1153 5293 1318 5348 φησιν
1347 5280 1376 5332 6
1403 5279 1554 5341 Θεός·
1585 5280 1664 5334 Δι’
1683 5281 1978 5350 ἁμαρτίαν

387 5367 590 5436 βραχύ
621 5385 674 5420 τι
697 5369 980 5436 ἐλύπησα
1011 5369 1218 5436 αὐτὸν,
1246 5371 1344 5425 καί
1376 5369 1540 5425 εῖόον
1574 5371 1662 5426 ὅτι
1693 5373 1972 5444 ἐλυπήθη

390 5457 488 5512 καί
535 5457 827 5527 ἐπορεύθη
873 5459 1160 5528 στυγνὸς,
1205 5459 1302 5514 καί
1338 5461 1604 5531 ίασάμην
1645 5463 1753 5530 τὰς
1795 5463 1976 5531 ὁδοὺς

390 5549 600 5604 αὑτοῦ.
627 5549 694 5602 Τί
715 5549 812 5622 τῆς
845 5549 1252 5624 φιλανθρωπίας
1283 5551 1488 5625 ταύτης
1523 5553 1668 5622 ῖσον;
1701 5557 1818 5611 Ἵνα
1850 5575 1974 5610 στυ-

389 5643 564 5716 γνάσῃ
594 5643 776 5714 μόνον,
816 5645 1002 5715 φησὶν,
1028 5645 1218 5716 ἀφῆκα
1247 5645 1314 5700 τὰ
1347 5647 1744 5720 ἁμαρτήματα,
1783 5650 1975 5720 Ἡμεῖς

452 5901 478 5932 ⁸
507 5901 651 5966 Reg,
669 5901 914 5960 κόλλησιν.

2128 383 2186 436 66
2215 386 2334 439 οὐδὲ
2367 387 2498 440 αὐτὸ
2537 387 2696 440 τοῦτο
2735 388 3000 458 ποιοῦμεν
3021 405 3033 418 ·
3067 385 3152 442 διὸ
3191 389 3433 458 μάλιστα
3471 389 3560 444 τὸν
3585 391 3692 448 Θεόν

2131 477 2560 550 παροργίζομεν.
2599 481 2658 534 Ὀ
2683 479 2794 548 γὰρ
2831 481 2923 533 καὶ
2961 479 3050 533 διά
3097 481 3314 554 μικρῶν
3355 481 3522 546 ἵλεως
3563 485 3692 552 γενό-

2132 587 2313 639 μενος,
2339 572 2466 624 ὅταν
2498 572 2572 644 μὴ
2600 573 2806 628 τούτων
2828 573 2988 645 τύχῃ,
3015 575 3242 638 εἰκότως
3271 575 3590 643 ἀγανακτεῖ,
3619 579 3694 630 καὶ

2127 661 2226 732 τὴν
2250 663 2484 734 ἐσχάτην
2517 663 2740 716 ἀπαιτεῖ
2764 665 3034 735 τιμωρίαν
3068 666 3237 736 ἡμᾶς·
3269 663 3692 736 ὑπερϐαλλούσης

2127 753 2236 822 γάρ
2269 754 2384 806 ἐστι
2421 753 2578 808 τοῦτο
2629 757 3110 826 καταφρονήσεως.
3161 757 3260 820 Τίς
3299 755 3436 824 γοῦν
3475 755 3692 828 ἐλυπήθη

2127 847 2260 899 ποτὲ
2317 847 2384 900 δι’
2418 848 2720 919 ἀμαρτίας;
2768 850 2852 912 τίς
2907 847 3198 916 ἐστέναξε;
3257 849 3342 914 τίς
3401 848 3466 901 16
3529 849 3694 920 στῆθος

2127 938 2362 1009 ἐπληξε;
2393 941 2476 1003 τίς
2497 941 2902 1011 ἐμερίμνησεν;
2933 941 3139 994 Οὐδένα
3161 941 3334 1010 ἔγωγε
3367 935 3552 1010 οἶμαι·
3581 941 3696 993 ἀλλά

2129 1033 2326 1104 μυρίας
2371 1035 2468 1104 μὲν
2498 1035 2710 1104 ἡμέρας
2737 1033 3028 1105 θρηνοῦσιν
3068 1033 3348 1105 ἄνθρωποι
3392 1033 3542 1105 ὑπὲρ
3571 1035 3694 1087 οἰκε-

2125 1123 2232 1178 τῶν
2265 1124 2664 1186 ἀποθανόντων,
2701 1127 2840 1196 ὑπὲρ
2890 1125 3094 1198 ζημίας
3143 1127 3484 1198 χρημάτων·
3523 1125 3616 1196 τήν
3651 1127 3696 1180 66

2124 1217 2300 1288 ψυχὴν
2352 1217 2683 1283 ἀπολλύντες
2732 1219 2856 1273 καθ’
2896 1221 3134 1290 ἑκάστην
3182 1219 3420 1291 ἡμέραν,
3459 1218 3584 1271 οὐδὲ
3629 1219 3694 1280 είς

2124 1311 2248 1366 νοῦν
2274 1311 2600 1382 βαλλόμεθα.
2637 1311 2762 1376 Πῶς
2789 1309 2884 1365 οῦν
2910 1313 3116 1384 δυνήσῃ
3147 1311 3236 1364 τὸν
3261 1311 3396 1388 Θεὸν
3421 1309 3694 1375 ἐξιλεὼσα-

2126 1403 2270 1470 σθαι,
2312 1405 2439 1458 ὅταν
2475 1406 2610 1477 μηδὲ
2652 1406 2732 1458 ὅτι
2784 1406 3054 1476 ἥμαρτες,
3109 1404 3297 1474 είδῇς;
3337 1403 3474 1466 Ναὶ,
3529 1403 3692 1472 φησὶν,

2121 1499 2388 1570 ἥμαρτον.
2409 1500 2536 1564 Ναὶ,
2569 1501 2659 1569 μοὶ
2679 1499 2856 1567 λέγεις
2882 1502 2950 1569 τῇ
2975 1496 3212 1570 γλώττῃ,
3243 1497 3364 1551 εἰπέ
3395 1513 3490 1566 μοι
3515 1497 3580 1566 τῇ
3603 1494 3698 1548 δια-

2123 1592 2264 1663 νοίᾳ,
2295 1593 2388 1646 καὶ
2435 1591 2574 1662 μετὰ
2615 1593 2710 1646 τοῦ
2747 1594 2991 1664 ῥήματος
3017 1588 3296 1655 στέναξον,
3325 1589 3416 1642 ῖνα
3447 1586 3696 1658 διηνεκᾱ

2123 1687 2386 1758 εὐθυμῇς.
2407 1688 2516 1742 Καὶ
2543 1685 2651 1756 γὰρ
2671 1687 2718 1739 εί
2743 1685 3018 1758 ήλγοῦμεν
3039 1685 3132 1738 ἐπὶ
3149 1686 3261 1748 τοῖς
3291 1683 3696 1754 ἁμαρτήμασιν,

2123 1779 2171 1831 εί
2217 1777 2578 1848 ἐστενάζομεν
2616 1777 2707 1830 ἐπί
2751 1778 2864 1840 τοῖς
2909 1775 3404 1847 πλημμελήμασιν,
3447 1771 3606 1826 οὐδὲν
3641 1771 3698 1824 ἂν

2119 1871 2248 1925 ἄλλο
2277 1873 2424 1942 ἡμᾶς
2449 1869 2708 1940 ἐλύπησε,
2739 1868 2841 1937 τῆς
2873 1867 3066 1938 ὀδύνης
3093 1866 3299 1935 ταύτης
3351 1867 3545 1918 πᾶσαν
3583 1865 3698 1918 ἀθυ-

2125 1963 2252 2034 μίαν
2280 1961 2728 2034 παρωθουμένης.
2752 1959 2867 2033 [72]
2905 1960 3068 2012 Ὥστε
3121 1960 3216 2014 καὶ
3243 1959 3438 2030 ἕτερον
3468 1957 3538 2011 ἂν
3559 1959 3698 2028 ἐκερ-

2119 2055 2373 2126 δαίνομεν
2409 2055 2548 2124 μετά
2580 2055 2678 2126 τῆς
2714 2052 3172 2124 ἐξομολογήσεως,
3217 2051 3274 2104 16
3331 2050 3410 2122 μὴ
3455 2050 3698 2121 βαπτίζει

2122 2147 2246 2201 σθαι
2288 2149 2401 2210 τοῖς
2443 2147 2706 2218 λυπηροῖς
2744 2145 2839 2199 τοῦ
2871 2147 3141 2217 παρόντος
3185 2143 3324 2215 βίου,
3367 2144 3510 2214 μηδέ
3539 2145 3699 2214 φυσᾶ-

2121 2242 2244 2296 σθαι
2271 2243 2384 2306 τοῖς
2409 2241 2706 2314 λαμπροῖς·
2730 2240 2826 2295 καὶ
2849 2240 3020 2312 ταύτῃ
3043 2239 3207 2293 πάλιν
3243 2237 3516 2310 μειζόνως
3547 2238 3612 2291 ἂν
3631 2237 3702 2304 ἐξ·

2122 2334 2465 2406 ιλεωσάμεθα
2492 2335 2583 2388 τὸν
2619 2333 2774 2402 Θεὸν,
2811 2333 3000 2406 ὥσπερ
3035 2327 3150 2397 οῦν,
3185 2328 3266 2396 οἷς
3294 2332 3569 2404 ποιοῦμεν
3591 2331 3698 2394 νῦν,

2117 2429 2514 2502 παροξύνομεν.
2565 2429 2703 2482 Ἐἰπὲ
2745 2428 2856 2498 γάρ
2891 2443 3004 2497 μοι,
3043 2427 3097 2480 εί
3129 2443 3252 2479 τινα
3283 2425 3434 2496 ἔχεις
3463 2423 3698 2496 οἰκέτην,

2117 2525 2214 2578 καὶ
2240 2521 2410 2578 πολλά
2437 2521 2624 2577 παθὼν
2649 2522 2858 2584 ἐκεῖνος
2885 2518 3032 2573 κακὰ
3059 2518 3212 2588 παρά
3237 2517 3350 2572 τῶν
3373 2517 3698 2588 ὁμοδούλων,

2113 2615 2226 2670 τῶν
2255 2616 2352 2686 μὲν
2381 2615 2556 2670 ἄλλων
2591 2613 2819 2686 μηδενὸς
2844 2611 3001 2682 λόγον
3047 2614 3272 2676 ποιοῖτο,
3317 2609 3464 2682 ὐτὲρ
3501 2609 3564 2664 66
3609 2607 3698 2664 τοῦ

2119 2710 2194 2783 μὴ
2219 2707 2646 2779 παροργίζεσθαι
2675 2706 2764 2761 τὸν
2783 2706 3051 2778 δεσπότην
3073 2703 3351 2777 φροντίζοι
3383 2703 3575 2774 μόνον,
3599 2697 3702 2773 ἀρα

2114 2806 2212 2876 οὐχ
2256 2803 2438 2867 ἱκανὸς
2483 2802 2590 2857 ἀπὸ
2616 2800 2808 2854 τούτου
2840 2799 3001 2871 μόνου
3031 2795 3192 2852 λῦσαί
3241 2813 3336 2850 σου
3365 2795 3468 2870 τὴν
3498 2797 3698 2868 ὀργήνς

2113 2895 2181 2948 Τί
2208 2895 2286 2958 δὲ,
2315 2895 2381 2948 ἂν
2409 2892 2517 2948 τῶν
2555 2893 2653 2964 μὲν
2685 2893 2766 2956 είς
2806 2891 2866 2944 σὲ
2897 2889 3392 2962 πλημμελημάτων
3429 2887 3702 2960 μηδεμίαν

2114 2987 2321 3040 ποιοῖτο
2353 2984 2628 3055 φροντίδα,
2658 2981 2800 3054 ὑπὲρ
2831 2982 2888 3036 66
2911 2981 3021 3036 τῶν
3053 2981 3188 3054 πρὸς
3214 2981 3344 3044 τοὺς
3373 2979 3698 3052 ὁμοδούλους

2113 3078 2412 3150 φροντίζοι,
2444 3078 2564 3148 οὐχὶ
2588 3075 2810 3146 μείζονα
2835 3073 3056 3139 ἐπάξεις
3075 3074 3177 3146 τὴν
3202 3071 3478 3146 τιμωρίαν
3499 3088 3515 3138 ;
3547 3071 3699 3126 οὕτω

2113 3175 2207 3228 καὶ
2229 3175 2258 3227 6
2295 3171 2428 3234 Θεὸς
2455 3172 2616 3224 ποιεῖ·
2655 3170 2782 3223 ὅταν
2815 3168 2914 3240 μὲν
2938 3166 3234 3236 ἀμελῶμεν
3269 3166 3436 3220 αὐτοῦ
3475 3166 3582 3238 τῆς
3612 3166 3698 3236 ὁρ·

2109 3266 2232 3336 γῆς,
2272 3264 2634 3336 σφοδροτέραν
2669 3261 2868 3330 ἐπάγει
2896 3261 3090 3333 αὐτήν·
3129 3261 3257 3314 ὅταν
3287 3259 3346 3314 66
3393 3260 3695 3331 φροντίζω-

2113 3374 2233 3427 μεν,
2278 3355 2641 3427 ήμερωτέραν
2661 3371 2678 3388 ·
2735 3353 2934 3425 μᾶλλον
2983 3353 3040 3407 66
3090 3351 3212 3406 οὐδὲ
3241 3351 3442 3420 ἐπάγει
3485 3351 3692 3406 λοιπόν·

2111 3447 2360 3518 βούλεται
2407 3446 2517 3518 γὰρ
2557 3447 2707 3516 ἡμᾶς
2745 3445 2970 3507 ἑαυτοὺς
2997 3445 3250 3498 ἀπαιτεῖν
3293 3443 3394 3514 τὴν
3425 3445 3696 3516 τιμωρίαν

2107 3541 2216 3595 τῶν
2247 3545 2468 3612 ήμαρτη
2480 3539 2675 3610 μένων,
2703 3538 2798 3592 καὶ
2821 3538 3004 3591 οὐκέτι
3029 3535 3216 3590 λοιπὸν
3247 3535 3412 3600 αὐτὸς
3449 3537 3690 3590 ἀπαιτεῖ.

2105 3633 2204 3687 Διὰ
2226 3633 2384 3686 τοῦτο
2414 3632 2520 3704 γάρ
2551 3633 2643 3685 καὶ
2676 3629 2892 3685 ἀπειλεῖ
2909 3629 3010 3700 τήν
3037 3629 3328 3700 τιμωρίαν,
3365 3629 3455 3682 ῖνα
3485 3629 3573 3700 τῷ
3603 3630 3696 3696 φό-

2105 3725 2184 3796 ϐῳ
2211 3724 2308 3796 τήν
2346 3723 2753 3796 καταφρόνησιν
2776 3721 2962 3794 ἀνέλῃ·
2993 3721 3120 3774 ὅταν
3147 3720 3204 3775 66
3240 3719 3300 3786 ἐξ
3333 3720 3574 3792 ἀπειλῆς
3597 3737 3694 3791 φο-

2104 3817 2358 3890 ϐηθῶμεν
2385 3817 2576 3888 μόνης,
2615 3817 2717 3868 οὐκ
2755 3815 2980 3884 ἀφίησιν
3013 3815 3299 3886 ὑπομεῖναι
3328 3813 3432 3884 τήν
3467 3817 3688 3886 πεῖραν.

2104 3912 2246 3982 Ὅρα
2277 3908 2407 3978 γοῦν
2445 3908 2582 3980 πρὸς
2617 3907 2708 3961 τὸν
2748 3905 3018 3979 Ἱερεμίαν
3064 3905 3117 3960 τί
3155 3923 3340 3976 φησιν·
3377 3908 3504 3976 οὺχ
3545 3904 3692 3976 ὁρᾷς

2101 4006 2156 4058 τί
2213 4002 2382 4058 αὐτοὶ
2429 4000 2749 4064 ποιοῦσιν;
2789 4001 2854 4054 Ol
2891 3996 3144 4066 πατέρες
3185 3995 3388 4052 αὐτῶν
3443 3998 3690 4053 καίουσι

2099 4097 2238 4166 πῦρ,
2271 4095 2328 4150 οὶ
2347 4094 2466 4150 υἱοί
2489 4093 2688 4149 αὐτῶν
2723 4091 3067 4162 συνάγουσι
3101 4091 3281 4157 ξύλα,
3303 4093 3366 4146 αλ
3401 4092 3692 4161 γυναῖκες

2097 4190 2298 4245 αὐτῶν
2322 4190 2592 4258 τρίϐουσι
2611 4187 2786 4252 σταῖς
2812 4187 2862 4241 ιι.
2893 4186 3026 4249 Δέος
3057 4185 3132 4258 μὴ
3153 4186 3246 4239 καὶ
3263 4185 3393 4256 περὶ
3417 4184 3584 4256 ήμῶν
3607 4186 3688 4238 λε-

2097 4283 2198 4356 χθῇ
2227 4299 2280 4335 τι
2307 4281 2570 4336 τοιοῦτον.
2602 4281 2728 4348 Οὐχ
2757 4277 2900 4347 ὁρᾷς
2927 4277 2986 4331 τί
3023 4277 3194 4332 αὐτοὶ
3221 4275 3550 4342 ποιοῦσιν;
3575 4277 3684 4330 οὐ·

2095 4375 2206 4438 δεὶς
2244 4373 2316 4428 τὰ
2343 4372 2435 4426 τοῦ
2464 4371 2702 4444 Χριστοῦ
2731 4371 2902 4440 ζητεῖ,
2943 4367 3082 4423 ἀλλά
3107 4369 3308 4432 πάντες
3343 4367 3414 4422 τὰ
3445 4369 3680 4424 ἑαυτῶν.

2097 4469 2160 4520 Οἱ
2187 4466 2294 4520 υἱοὶ
2317 4465 2492 4520 αὐτῶν
2515 4466 2596 4528 είς
2619 4463 2904 4532 ἀσελγείας
2926 4465 3228 4536 τρέχουσιν,
3257 4463 3307 4516 οί
3329 4461 3570 4534 πατέρες
3595 4463 3682 4517 αὒ-

2093 4559 2201 4612 τῶν
2229 4561 2309 4622 είς
2337 4557 2648 4623 πλεονεξίαν
2677 4557 2771 4610 καὶ
2807 4557 3085 4628 ἁρπαγήν,
3119 4557 3175 4609 αἱ
3213 4558 3471 4624 γυναῖκες
3493 4553 3682 4608 αὐτῶν

2091 4653 2187 4708 ἐπὶ
2215 4653 2316 4716 τὰς
2347 4651 2646 4722 φαντασίας
2676 4650 2774 4714 τὰς
2815 4649 3096 4720 βιωτικὰς,
3125 4649 3186 4702 οὐ
3219 4648 3380 4720 μόνον
3401 4649 3501 4702 οὐκ
3525 4649 3684 4716 ἐγκό-

2093 4762 2328 4800 πτουσαι
2357 4745 2485 4808 τοὺς
2513 4743 2734 4814 ἄνδρας,
2770 4741 2906 4796 ἀλλὰ
2935 4741 3030 4796 καὶ¹
3057 4739 3480 4812 παροξύνουσαι.
3507 4739 3680 4811 Στῆθι

2089 4839 2222 4909 γοῦν
2263 4840 2358 4893 ἐπὶ
2405 4837 2504 4907 τῆς
2539 4837 2769 4909 ἀγορᾶς·
2803 4833 3081 4906 ἐρώτησον
3115 4833 3244 4898 τοὺς
3276 4833 3540 4898 ἀπιόντας
3585 4837 3682 4888 καὶ

2088 4929 2430 4994 ἐπανιόντας,
2454 4928 2550 4982 καὶ
2583 4927 2774 4982 οὐδένα
2797 4925 2921 4996 ὄψει
2949 4924 3092 4996 ὑπὲρ
3119 4923 3494 4996 πνευματικοῦ
3527 4925 3679 4996 πρά-

2085 5041 2296 5095 γματος
2327 5021 2646 5086 σπεύδοντα,
2677 5019 2814 5074 ἀλλά
2845 5017 3052 5082 πάντας
3076 5017 3216 5090 ὑπὲρ
3243 5016 3526 5089 σαρκικῶν
3551 5019 3682 5088 τρέ-

2084 5135 2298 5188 χοντας.
2326 5115 2507 5188 Μέχρι
2533 5115 2678 5178 τίνος
2701 5112 2802 5167 οὐκ
2823 5112 3203 5183 ἀνανήφομεν;
3237 5109 3399 5182 μέχρι
3423 5110 3574 5172 τίνος
3597 5113 3682 5174 εἰς

2085 5210 2253 5264 ὕπνον
2273 5205 2692 5278 καταφερόμεθα
2719 5204 2922 5276 βαθύν;
2956 5205 3057 5258 οὐκ
3085 5201 3352 5273 ἐλάϐομεν
3374 5201 3536 5274 κόρον
3563 5202 3678 5255 τῶν

2082 5301 2306 5367 κακῶν;
2341 5300 2522 5354 καίτοι
2554 5316 2619 5368 γε
2671 5299 2764 5352 καὶ
2821 5297 2992 5370 χωρὶς
3036 5295 3146 5350 τῶν
3197 5295 3457 5367 ῥημάτων
3509 5295 3678 5368 ἀρκεῖ

2081 5392 2176 5446 καί⁵
2209 5391 2350 5463 αὑτὴ
2375 5389 2486 5444 τῶν
2511 5387 2856 5462 πραγμάτων
2881 5387 3028 5458 ὑμᾶς
3053 5387 3090 5458 ή
3122 5387 3292 5456 πεῖρα
3318 5383 3528 5450 διδάξαι
3561 5385 3676 5438 τῶν

2082 5484 2364 5554 παρόντων
2391 5481 2491 5554 τὴν
2513 5481 2786 5538 οὐδένειαν
2833 5479 2928 5532 καὶ
2949 5478 3010 5532 τὸ
3038 5477 3313 5550 μοχθηρὸν
3338 5477 3508 5533 ἅπαν.
3539 5479 3676 5532 "Av-

2082 5577 2290 5650 θρωποι
2327 5575 2458 5644 γοῦν
2489 5574 2587 5647 τὴν
2629 5572 2827 5638 ἔξωθεν
2865 5573 3055 5643 σοφίαν
3079 5571 3400 5640 ἀσκοῦντες,
3433 5571 3528 5626 καὶ
3565 5589 3674 5642 μη-

2080 5669 2168 5724 δὲν
2196 5669 2304 5723 τῶν
2331 5668 2634 5740 μελλόντων
2661 5683 2686 5721 ε
2703 5667 2890 5734 ίδότες,
2915 5665 3104 5738 ἐπειδὴ
3135 5663 3494 5735 κατέγνωσαν
3534 5666 3672 5720 πολι

2141 5906 2172 5948 ιι
2199 5903 2402 5968 Regius,
2425 5905 2588 5968 στέαρ.

3815 721 3824 1140 ι
