3864 6216
187 275 270 332 7‘5
890 242 893 245 ’
1244 273 1311 329 lN
1348 273 1564 331 EPIST.
1605 275 1625 330 l
1690 276 1778 330 an

1893 276 1969 332 ili.
2015 277 2240 333 llOMlL.
2285 277 2418 333 Vill.
2474 296 2479 301 ’
3414 284 3479 341 7i

188 404 395 465 caput,
418 409 513 451 nos
536 402 712 450 autem
732 406 925 463 corpus
948 409 961 447 :
986 405 1051 445 an
1079 400 1250 461 potest
1272 392 1644 447 intermedium
1666 406 1787 447 esse

189 490 445 558 spatium
471 489 627 542 inane
653 488 792 543 inter
815 496 973 556 caput
1002 494 1057 541 et
1082 488 1310 557 cerpus?
1339 486 1457 557 lpse
1484 485 1797 540 fundamen-

192 590 316 634 tum
348 623 365 647 ,
395 597 492 637 nos
526 582 840 646 aedilicium;
871 582 983 650 ipse
1012 582 1161 635 vinea
1188 623 1201 646 ,
1233 597 1331 636 nos
1369 581 1651 651 palmites;
1684 582 1797 650 ipse

188 689 462 743 sponsus,
492 689 591 729 nos
616 690 845 745 sponsa;
880 676 992 744 ipse
1022 682 1220 743 pastor,
1254 689 1351 728 nos
1381 689 1543 738 oves;
1572 674 1661 728 ille
1687 674 1793 739 via,

187 781 300 819 nos
334 768 430 837 qui
460 767 754 821 incedimus
781 767 831 820 in
864 782 926 820 ea
957 785 970 820 :
1002 781 1101 820 nos
1139 779 1323 820 rursus
1362 765 1611 836 templum
1637 807 1652 832 ,
1684 767 1796 835 ipse

188 855 508 922 inhabitat;
538 858 652 927 ipse
677 857 1079 928 primogenitus,
1106 872 1204 911 nos
1230 856 1451 921 fratres;
1482 859 1593 925 ipse
1615 855 1789 923 heres,

187 964 301 1004 nos
333 950 670 1016 coheredes;
704 951 817 1020 ipse
846 952 950 1004 vita
976 991 990 1017 ,
1024 964 1121 1004 nos
1147 950 1426 1015 viventes;
1472 949 1584 1018 ipse
1615 962 1793 1003 resur-

188 1046 400 1111 rectio,
438 1060 536 1100 nos
576 1053 951 1115 resurgentes;
986 1045 1097 1113 ipse
1129 1044 1240 1107 lux,
1270 1058 1368 1097 nos
1411 1043 1791 1097 illuminamnr.

190 1134 329 1189 llzrc
351 1136 534 1189 omnia
554 1136 984 1204 conjunctionem
1007 1134 1259 1202 indicant,
1277 1143 1331 1189 et
1352 1134 1550 1188 nullum
1569 1148 1793 1188 vacuum

188 1227 591 1282 intermedium
622 1242 741 1282 esse
774 1228 955 1281 sinunt
980 1268 996 1292 ,
1027 1242 1094 1282 ne
1121 1227 1206 1281 vel
1250 1226 1527 1281 minimum
1558 1226 1791 1296 quidem.

190 1318 331 1372 Nam
366 1320 461 1388 qui
493 1334 678 1388 parum
706 1319 973 1385 abscedit,
1006 1333 1320 1388 progressus
1346 1318 1504 1372 etiam
1526 1360 1540 1383 ,
1570 1317 1792 1372 multum

185 1409 483 1464 abscedet.
527 1410 737 1464 Etenim
764 1424 960 1479 corpus
988 1411 1030 1464 si
1064 1426 1279 1479 parvam
1320 1424 1413 1479 per
1437 1410 1672 1480 gladium
1705 1424 1794 1463 se-

188 1502 542 1570 parationem
571 1502 845 1568 admittat,
879 1506 1047 1571 perit;
1082 1513 1135 1558 et
1162 1503 1476 1568 aedilicium,
1507 1504 1551 1557 si
1580 1503 1662 1558 vel
1695 1520 1792 1574 pa-

188 1607 314 1645 rum
345 1591 632 1657 dehiscat,
662 1592 1007 1658 dissolvitur;
1052 1601 1108 1648 et
1136 1593 1181 1647 si
1211 1593 1413 1662 palmes
1442 1608 1472 1647 a
1500 1592 1680 1647 radice
1708 1593 1793 1647 vel

190 1684 491 1739 minimum
540 1684 924 1751 abscindatur,
978 1686 1033 1739 fit
1076 1685 1294 1741 inutilis.
1344 1685 1526 1755 Itaque
1571 1701 1792 1755 parvum

189 1776 340 1830 istud
370 1791 484 1831 non
510 1786 591 1832 est
615 1792 854 1847 parvum,
887 1777 982 1831 sed
1007 1778 1167 1831 etiam
1198 1777 1309 1832 fere
1336 1787 1503 1832 totum
1527 1787 1629 1833 est.
1660 1778 1789 1835 Cum

192 1883 331 1938 ergo
357 1883 585 1938 parvum
614 1868 897 1939 quodpiam
930 1880 1202 1938 peccatum
1243 1870 1570 1924 admittimus
1595 1870 1677 1924 vel
1706 1884 1792 1923 SU-

188 1961 395 2017 cordes
440 1976 663 2029 sumus,
708 1977 776 2015 nc
824 1961 952 2015 illud
1002 1977 1219 2031 parvmn
1265 1963 1635 2032 negligamus:
1668 1978 1789 2017 nam

192 2053 326 2108 illud
370 2054 672 2123 neglectum
704 2054 811 2108 cito
856 2070 1104 2123 magnum
1137 2054 1384 2109 efficitur.
1419 2056 1507 2111 Sic
1542 2065 1595 2111 et
1621 2058 1790 2110 vcsti-

191 2155 443 2201 mentum
477 2148 520 2201 si
550 2147 779 2216 dirumpi
810 2148 1027 2218 incipiat
1054 2156 1107 2213 et
1134 2148 1460 2219 negligatur,
1502 2163 1596 2218 per
1622 2157 1787 2203 totum

192 2240 493 2295 scissuram
519 2240 749 2293 admittit
773 2258 786 2295 :
813 2250 864 2295 et
893 2250 1111 2308 tectum,
1142 2245 1321 2311 paucis
1346 2239 1575 2311 delapsis
1602 2242 1790 2312 tegulis

193 2332 527 2401 neglectum,
554 2342 714 2386 totam
737 2331 954 2386 domum
983 2331 1184 2401 dejicit.
1215 2333 1338 2387 llaec
1359 2348 1487 2403 ergo
1512 2333 1789 2388 nobiscum

194 2433 538 2492 reputantes,
570 2438 730 2493 parva
761 2440 1047 2495 numquam
1077 2425 1431 2495 despiciemus
1451 2468 1466 2492 ,
1500 2442 1567 2482 ne
1596 2426 1647 2480 in
1678 2442 1790 2480 ma-

191 2530 295 2583 gna
327 2514 630 2569 incidamus
659 2533 673 2569 :
703 2515 782 2569 sin
810 2524 989 2570 autem
1019 2515 1373 2586 negligamus,
1406 2525 1459 2571 et
1487 2516 1541 2571 in
1572 2516 1789 2586 profun—

194 2607 319 2660 dmn
363 2606 636 2660 malorum
665 2607 967 2661 venerimus
991 2649 1006 2673 ,
1048 2623 1117 2662 ne
1158 2608 1265 2662 illic
1304 2608 1519 2678 quidem
1551 2609 1787 2663 animum

192 2694 668 2766 despondeamus,
699 2708 755 2751 ut
794 2713 860 2751 ne
900 2698 951 2751 in
982 2699 1171 2769 capitis
1208 2698 1551 2769 gravedinem
1590 2700 1791 2754 incida-

195 2802 334 2841 mus.
366 2786 601 2841 Difticilc
627 2787 767 2842 enim
793 2786 1047 2858 deinceps
1071 2789 1172 2843 erit
1200 2788 1323 2843 inde
1344 2789 1660 2857 ascendere,
1685 2791 1787 2843 nisi

196 2879 316 2947 quis
344 2877 641 2932 admodum
670 2878 883 2949 vigilet;
916 2896 1020 2934 non
1051 2878 1223 2935 solum
1253 2889 1469 2949 propter
1496 2880 1786 2951 longitudi-

198 2985 340 3035 nem,
371 2970 474 3025 sed
501 2970 663 3025 etiam
690 2980 908 3040 propter
934 2970 1105 3039 ipsum
1131 2971 1309 3025 situm.
1344 2970 1611 3025 Profunda
1643 2972 1786 3027 enim

198 3078 284 3118 res
326 3072 414 3118 est
462 3072 776 3133 peccatum,
824 3074 879 3118 et
915 3063 1166 3119 deorsum
1214 3063 1394 3119 ferens
1439 3065 1652 3134 premit.
1711 3067 1789 3122 Ac

198 3154 334 3208 sicut
359 3155 395 3209 ii
423 3155 517 3224 qui
544 3153 597 3209 in
626 3163 843 3225 puteum
870 3155 1190 3221 inciderunt,
1220 3171 1325 3209 non
1354 3155 1509 3210 facile
1533 3156 1787 3212 ascende-

204 3246 342 3311 riat,
375 3245 477 3300 sed
521 3246 639 3300 aliis
678 3261 812 3316 epus
850 3246 1157 3313 habebunt,
1191 3248 1279 3318 qui
1323 3261 1383 3303 se
1410 3247 1638 3303 educant
1667 3266 1681 3303 :
1711 3248 1789 3304 sic

202 3338 361 3393 etiam
390 3340 487 3409 qui
528 3339 581 3393 in
626 3339 942 3409 profundum
969 3340 1176 3395 venerit
1202 3348 1561 3411 peccatorum.
1592 3341 1791 3395 Demit-

206 3442 374 3488 tamus
402 3448 537 3503 ergo
575 3433 727 3489 funes
764 3433 831 3488 ad
862 3433 980 3489 illos
1010 3443 1063 3489 et
1092 3449 1305 3489 sursum
1338 3433 1609 3489 trahamus
1638 3453 1650 3488 :
1681 3434 1789 3490 imo

205 3542 328 3580 vero
354 3541 466 3581 non
491 3526 612 3579 aliis
638 3533 842 3580 tantum
870 3540 1005 3594 opus
1031 3534 1133 3592 est,
1160 3525 1253 3580 sed
1280 3526 1432 3582 nobis
1463 3526 1621 3596 ipsis:
1656 3536 1711 3581 ut
1735 3535 1790 3581 et

208 3632 301 3672 nos
346 3618 497 3687 ipsos
543 3617 820 3688 alligemus
863 3627 916 3672 et
960 3618 1310 3674 ascendamus
1338 3661 1351 3683 ,
1385 3634 1489 3674 non
1531 3630 1787 3690 quantum

206 3707 604 3775 descendimus,
625 3709 719 3764 sed
744 3710 910 3763 multo
936 3710 1123 3781 magis,
1149 3711 1193 3764 si
1215 3711 1458 3767 velimus.
1487 3713 1626 3767 Deus
1646 3713 1787 3766 enim

210 3798 309 3854 fert
334 3816 495 3871 opem
528 3819 541 3855 :
586 3799 707 3854 Non
745 3799 847 3854 vult
883 3801 1023 3855 enim
1054 3810 1258 3855 mortem
1286 3805 1557 3870 peccatoris
1578 3843 1595 3870 ,
1623 3802 1711 3857 sed
1735 3814 1790 3857 ut

208 3894 561 3965 convertatur(
589 3890 779 3950 Ezee/i.
808 3894 897 3948 23.
936 3895 970 3949 5
996 3892 1039 3965 ).
1084 3894 1254 3949 Nemo
1302 3896 1460 3965 igitur
1501 3897 1786 3965 desperet,

210 4001 360 4041 nemo
399 3987 687 4056 impiorum
733 3986 920 4041 morbo
961 3986 1209 4040 laboret:
1239 3986 1447 4041 illorum
1486 3987 1681 4057 quippe
1710 3998 1791 4043 est

210 4089 480 4149 peccatum
511 4078 835 4147 hujnsmodi.
868 4076 1066 4146 Impius
1094 4079 1235 4132 enim
1262 4095 1377 4131 cum
1399 4080 1450 4132 in
1477 4078 1791 4150 profundum

210 4172 457 4226 malorum
487 4170 693 4237 venerit,
723 4170 994 4223 contemnit
1016 4167 1197 4239 (Prov.
1232 4170 1319 4223 13.
1352 4168 1432 4239 ὅ).

279 4261 573 4332 Numquam
610 4262 673 4315 de
708 4261 870 4315 salute
902 4260 1293 4331 desperandum.
1339 4290 1412 4301 -—
1454 4260 1637 4331 Itaque
1680 4276 1787 4316 non

212 4364 545 4421 peccatorum
598 4351 880 4406 multitudo
922 4351 1353 4421 desperationem
1402 4352 1638 4419 inducit,
1692 4352 1787 4408 sed

214 4445 350 4515 impii
383 4459 555 4499 mens.
583 4443 799 4498 Etiamsi
826 4459 953 4514 ergo
978 4444 1269 4514 nequitiam
1295 4458 1509 4498 omnem
1535 4459 1785 4514 pervase-

215 4537 321 4601 ris,
350 4538 435 4591 dic
473 4536 612 4607 apud
662 4544 752 4589 te:
802 4535 1069 4605 Benignus
1106 4543 1191 4589 est
1239 4534 1417 4599 Deus,
1461 4543 1517 4589 et
1561 4534 1784 4591 salutem

216 4628 473 4683 desiderat
500 4636 760 4682 nostram.
791 4625 1010 4679 Etiamsi
1031 4626 1164 4679 enim
1189 4625 1379 4695 fuerint
1400 4633 1602 4694 peccata
1625 4634 1786 4679 vestra

217 4720 333 4774 sicut
355 4704 650 4785 coccinum,
680 4728 734 4773 ut
764 4719 929 4773 nivem
954 4761 968 4785 ,
1012 4719 1221 4789 inquit,
1259 4718 1502 4772 dealbabo
1532 4717 1699 4786 (Isai.
1730 4719 1783 4773 1.

219 4815 340 4886 18);
369 4826 421 4871 et
445 4816 499 4869 in
529 4815 856 4869 contrarium
886 4811 1124 4868 habitum
1154 4810 1491 4865 transferam.
1537 4809 1617 4865 Ne
1658 4824 1785 4881 ergo

217 4907 435 4960 animum
480 4905 911 4975 despondeamus
958 4921 972 4957 :
1019 4918 1128 4958 non
1169 4904 1311 4959 enim
1365 4903 1437 4957 ita
1482 4917 1649 4974 grave
1702 4911 1785 4957 est

218 4998 460 5053 cecidisse
480 5040 495 5063 ,
528 5005 587 5052 ut
616 4997 824 5068 lapsum
852 4995 1069 5065 jacere;
1107 4995 1186 5049 sic
1216 5008 1388 5063 neque
1418 4995 1487 5047 ita
1514 5007 1674 5063 grave
1703 5001 1786 5047 est

218 5101 326 5142 esse
352 5089 683 5144 vulneratum
706 5128 721 5153 ,
758 5097 814 5141 ut
839 5102 869 5139 a
898 5085 1206 5141 vulneribus
1233 5085 1378 5140 nolle
1415 5084 1610 5139 curari.
1656 5083 1783 5146 Quis

214 5185 344 5238 enim
372 5186 668 5256 gloriabitur
696 5193 887 5237 castum
917 5197 971 5236 se
993 5182 1174 5235 habere
1198 5180 1322 5233 cor?
1366 5189 1454 5232 aut
1482 5179 1593 5249 quis
1620 5178 1783 5231 dicere

220 5294 358 5332 ausus
380 5281 526 5351 fuerit
550 5295 604 5332 se
633 5276 877 5330 mundum
906 5292 1011 5329 esse
1035 5291 1066 5327 a
1096 5274 1311 5344 peccatis
1335 5271 1527 5343 (Prov.
1553 5271 1642 5326 20.
1675 5271 1708 5326 9
1734 5270 1781 5339 )?

223 5368 334 5424 lla-c
357 5371 472 5425 dico
509 5387 616 5424 non
662 5377 723 5423 ut
767 5382 862 5423 vos
897 5366 1235 5423 socordiores
1281 5363 1494 5418 reddam
1525 5403 1540 5427 ,
1591 5363 1682 5416 sed
1726 5371 1781 5415 ut

222 5459 486 5530 impediam
515 5463 803 5534 quominus
826 5461 882 5516 in
911 5460 1338 5529 desperationem
1369 5455 1639 5511 incidatis.

286 5557 334 5611 5.
373 5557 461 5611 Vis
491 5557 696 5613 discere
723 5570 883 5626 quam
921 5553 1095 5608 bonus
1138 5552 1209 5606 sit
1253 5547 1510 5604 Dominus
1554 5545 1776 5600 noster?

228 5646 455 5705 Ascendit
484 5650 828 5721 publicanus,
870 5647 1015 5703 mille
1054 5645 1210 5701 malis
1251 5653 1474 5699 onustus
1499 5684 1514 5708 ,
1555 5651 1609 5696 et
1655 5655 1776 5694 cum

233 5740 431 5801 dixisset
474 5755 698 5814 tantum,
724 5742 989 5813 Propitius
1030 5749 1135 5796 esto
1166 5738 1291 5793 milii
1321 5737 1342 5809 (⁷
1363 5735 1488 5790 an.
1522 5735 1607 5789 18.
1642 5734 1708 5791 15
1729 5732 1771 5804 ),

1903 391 2183 447 descendit
2211 390 2551 460 justifiCatus.
2594 391 2694 446 Per
2742 392 3054 462 prophetam
3100 410 3312 466 quoque
3357 399 3485 454 dicit.

1902 482 2086 537 Deus:
2126 481 2348 552 Propter
2377 491 2633 552 peceatum
2672 500 2855 553 parum
2898 485 3043 538 illum
3079 488 3369 541 contristavi
3391 530 3408 555 ,
3436 500 3484 544 et

1900 575 2003 627 vidi
2028 575 2164 644 quod
2181 574 2356 628 dolore
2382 585 2508 628 esset
2537 574 2748 642 all’ertus
2789 586 2834 629 et
2869 577 2959 629 iret
2990 579 3145 631 tristis
3169 620 3184 645 ,
3220 589 3266 631 et
3309 586 3485 635 sanavi

1900 666 2007 719 uias
2048 666 2160 734 ejus
2199 664 2372 735 (Isai.
2402 668 2488 721 57.
2524 668 2607 722 l7.
2643 666 2768 739 18).
2813 668 2948 735 Quid
3002 668 3124 724 huic
3170 670 3487 728 humanitati

1902 774 1997 829 par
2025 760 2151 815 est?
2176 758 2243 814 Ut
2264 760 2437 813 solum
2482 770 2628 815 esset
2665 760 2832 815 tristis
2853 801 2868 826 ,
2903 761 3113 831 inquit,
3150 765 3331 819 remisi
3360 781 3488 835 pec-

1900 858 2038 907 cata.
2067 851 2177 905 Nos
2206 862 2386 906 autem
2418 868 2485 906 ne
2516 852 2617 907 hoc
2642 853 2854 922 quidem
2874 854 3108 925 facimus
3142 873 3154 909 :
3200 856 3321 911 ideo
3371 874 3485 911 ma-

1901 943 2040 998 xime
2071 944 2234 998 Deum
2260 944 2325 997 ad
2356 944 2490 998 iram
2526 960 2897 1014 provocamus.
2917 945 3017 1012 Qui
3039 946 3180 1000 enim
3208 964 3303 1018 per
3324 965 3484 1020 parva

1899 1045 2044 1105 gesta
2078 1036 2337 1105 propitius
2363 1036 2531 1091 factus
2554 1046 2637 1092 cst
2661 1078 2676 1103 ,
2707 1037 2918 1107 quando
2939 1054 3000 1092 ea
3025 1055 3131 1093 non
3159 1039 3317 1095 fut-rit
3342 1058 3492 1096 assc-

1898 1137 2130 1199 quutus,
2183 1130 2302 1199 jure
2358 1132 2693 1201 indignatur,
2745 1142 2800 1188 et
2853 1142 3151 1189 extremum
3205 1137 3271 1191 de
3326 1139 3482 1192 nobis

1897 1221 2059 1275 sumit
2084 1221 2401 1292 supplicium
2431 1240 2444 1275 :
2477 1234 2559 1277 est
2585 1223 2728 1277 enim
2760 1223 2860 1278 hoc
2891 1225 3088 1278 Slltllltti
3122 1236 3482 1297 contemptus.

1898 1312 2031 1380 Quis
2077 1314 2219 1367 enim
2270 1331 2519 1385 umquam
2570 1331 2802 1371 mmrore
2845 1317 3065 1372 allectus
3120 1318 3218 1372 fuit
3270 1330 3485 1389 propter

1899 1406 2216 1475 peccatum?
2265 1408 2385 1477 quis
2439 1408 2736 1477 ingemuit?
2783 1411 2902 1479 quis
2951 1419 3138 1479 pectus
3190 1412 3485 1479 percussit?

1898 1497 2019 1566 quis
2047 1498 2308 1553 sollicitus
2332 1498 2469 1553 fuit?
2495 1500 2606 1569 Ego
2632 1511 2758 1571 puto
2782 1502 3072 1557 neminem.
3097 1503 3200 1558 Sed
3232 1505 3479 1559 innume-

1898 1590 1973 1645 ris
2001 1590 2189 1645 diebus
2218 1592 2397 1660 lugent
2432 1592 2674 1647 homines
2705 1609 2802 1663 pro
2834 1595 3042 1649 famulis
3074 1597 3297 1651 mortuis
3319 1639 3336 1662 ,
3383 1614 3479 1667 pro

1897 1682 2137 1752 pecunia:
2161 1682 2369 1752 jactura
2396 1701 2409 1737 :
2441 1698 2564 1738 cum
2591 1694 2767 1738 autem
2808 1687 3038 1739 animum
3076 1688 3309 1756 quotidie
3352 1704 3476 1758 pcr-

1896 1773 2085 1828 damus
2104 1815 2119 1841 ,
2152 1773 2203 1828 id
2226 1789 2294 1829 ne
2318 1776 2615 1844 cogitamus
2637 1776 2873 1847 quidem.
2919 1777 3195 1845 Quomodo
3223 1795 3350 1849 ergo
3379 1798 3476 1850 po-

1899 1865 2025 1919 tcris
2052 1866 2215 1919 Deum
2243 1866 2339 1921 tibi
2365 1868 2652 1937 propitium
2684 1868 2943 1935 reddere,
2988 1884 3107 1924 cum
3150 1886 3218 1926 ne
3261 1871 3475 1942 quidem

1895 1956 2030 2011 scias
2061 1965 2110 2010 te
2133 1957 2482 2026 peccavisse?
2514 1958 2685 2012 Etiam
2713 2001 2728 2025 ,
2759 1959 2968 2029 inquies
2994 2002 3009 2027 ,
3040 1963 3273 2030 peccavi.
3300 1964 3473 2018 Etiam

1895 2048 2072 2118 lingua
2102 2048 2317 2119 quidem
2346 2049 2550 2118 profers
2579 2066 2595 2105 :
2628 2051 2715 2105 dic
2745 2052 2873 2105 mihi
2905 2060 2958 2107 et
3002 2062 3180 2107 mente
3202 2094 3219 2121 ,
3260 2063 3314 2109 et
3352 2071 3474 2110 cum

1894 2140 2093 2196 dixeris
2117 2183 2131 2207 ,
2160 2142 2451 2212 ingemisce
2470 2183 2485 2209 ,
2520 2153 2576 2197 ut
2605 2144 2679 2198 sis
2707 2159 2918 2213 semper
2950 2146 3088 2199 bono
3116 2150 3315 2200 animo.
3350 2148 3475 2201 Ete-

1895 2234 2002 2288 nim
2051 2234 2094 2287 si
2137 2235 2440 2290 doleremus
2486 2246 2703 2305 propter
2745 2247 2959 2306 peccata
2986 2279 3000 2304 ,
3040 2239 3085 2292 si
3137 2256 3231 2308 pro
3275 2240 3482 2297 delictis

1894 2324 2369 2395 ingemisceremus
2396 2366 2410 2391 ,
2467 2326 2602 2381 nihil
2647 2328 2788 2382 aliud
2833 2344 2931 2383 nos
2973 2330 3161 2385 dolore
3207 2332 3480 2399 afficeret,

1895 2418 1997 2474 hoc
2036 2420 2222 2475 dolore
2268 2437 2479 2475 omnem
2533 2422 2697 2475 animi
2749 2402 3116 2491 aegritudinem
3156 2426 3481 2494 expellente.

1894 2513 2252 2580 Quamobrem
2295 2513 2439 2568 aliud
2486 2529 2699 2584 quoque
2738 2515 3070 2569 lucrarcmur
3120 2531 3241 2569 cum
3269 2518 3483 2572 confes-

1893 2608 2083 2675 sione,
2135 2622 2331 2676 nempe
2373 2608 2513 2677 quod
2558 2622 2661 2661 non
2712 2608 3159 2678 immergeremur
3216 2610 3266 2663 in
3321 2609 3482 2680 hujus

1893 2700 2014 2753 vitte
2042 2698 2374 2753 calamitates
2397 2738 2412 2764 ,
2446 2712 2620 2767 neque
2652 2698 2703 2751 in
2734 2699 2891 2753 rebus
2921 2699 3196 2767 prosperis
3243 2716 3307 2755 ac
3348 2716 3484 2769 pra:—

1892 2792 2053 2848 claris
2101 2792 2412 2846 inflaremur
2456 2808 2469 2845 :
2519 2800 2573 2846 et
2630 2792 2730 2846 hac
2787 2792 2996 2845 ratione
3051 2808 3261 2846 rursum
3316 2794 3485 2862 magis

1894 2886 2060 2941 Deum
2087 2885 2456 2956 placaremus;
2493 2892 2549 2939 ut
2594 2884 2703 2954 jam
2750 2900 2844 2954 per
2869 2895 3019 2955 gesta
3049 2899 3228 2941 nostra
3256 2888 3322 2941 ad
3350 2889 3478 2941 iram

1894 2992 2266 3047 provocamus.
2298 2978 2389 3032 Dic
2415 2978 2555 3032 enim
2588 2977 2718 3031 mihi
2745 3019 2760 3045 ,
2790 2979 2833 3031 si
2867 2994 3024 3047 quem
3072 2980 3269 3035 habeas
3310 2980 3481 3035 famu-

1893 3070 2003 3124 lum
2027 3109 2043 3136 ,
2072 3069 2162 3140 qui
2192 3070 2357 3124 multa
2384 3084 2571 3140 passus
2599 3085 2629 3124 a
2659 3072 2934 3125 conservis
2960 3112 2974 3135 ,
2997 3071 3065 3126 de
3110 3073 3227 3127 aliis
3265 3075 3478 3142 quidem

1892 3162 2092 3227 nullam
2122 3160 2315 3216 habeat
2344 3161 2608 3215 rationem
2635 3201 2651 3226 ,
2687 3161 2781 3217 sed
2814 3177 2973 3217 unam
3010 3178 3123 3217 rem
3152 3175 3302 3218 curet
3327 3177 3383 3219 ut
3411 3183 3478 3221 ne

1892 3254 2082 3310 herum
2109 3268 2263 3309 suum
2290 3252 2357 3308 ad
2380 3253 2512 3307 iram
2535 3255 2767 3309 concitet
2794 3272 2807 3308 :
2832 3269 3012 3310 annon
3039 3255 3162 3312 hinc
3186 3257 3354 3312 solum
3384 3276 3480 3328 po-

1894 3348 2017 3403 terit
2046 3348 2183 3402 iram
2213 3354 2355 3400 tuam
2386 3345 2619 3401 sedare?
2649 3345 2786 3414 Quid
2817 3358 2993 3402 autem
3022 3390 3037 3415 ,
3071 3348 3114 3404 si
3146 3364 3332 3404 eorum
3361 3368 3480 3420 qua:

1893 3441 1948 3495 in
1981 3448 2033 3496 te
2061 3439 2288 3509 deliquit
2315 3438 2514 3493 nullam
2539 3454 2721 3493 curam
2754 3438 2986 3507 habeat,
3032 3450 3185 3496 curet
3212 3451 3387 3496 autem
3419 3459 3480 3498 ca

1892 3548 2013 3602 qua:
2040 3532 2091 3587 in
2122 3545 2418 3586 conservos
2444 3530 2699 3600 deliquit,
2725 3546 2901 3585 nonne
2927 3530 3099 3601 majus
3126 3530 3325 3587 inl‘crcs
3352 3549 3476 3601 sup-

1894 3624 2153 3695 plicium?
2182 3622 2255 3677 lta
2283 3624 2443 3677 etiam
2473 3622 2599 3677 facit
2632 3623 2767 3677 Deus
2797 3639 2811 3675 :
2855 3636 2975 3676 cum
3028 3621 3141 3692 ejus
3191 3624 3324 3677 iram
3374 3640 3480 3677 non

1892 3730 2180 3779 curamus,
2209 3715 2354 3769 illam
2398 3713 2556 3769 infert
2602 3713 3099 3778 vehementiorem;
3142 3730 3262 3768 cum
3302 3725 3477 3769 autem

1891 3820 2011 3861 eam
2040 3821 2321 3872 curamus,
2353 3804 2660 3859 mitiorem:
2704 3804 2812 3858 imo
2855 3818 2922 3857 ne
2963 3802 3216 3874 deinceps
3263 3804 3476 3874 quidem

1893 3894 2038 3949 illam
2064 3894 2226 3950 infert
2254 3911 2269 3950 z
2300 3895 2409 3948 vult
2433 3895 2574 3949 enim
2599 3933 2615 3960 ,
2647 3904 2704 3948 ut
2736 3908 2832 3947 nos
2862 3894 2960 3962 ipsi
2990 3904 3327 3962 peccatorqu
3358 3911 3443 3964 pm
3463 3927 3475 3935 -

1892 4001 1990 4043 nas
2016 4002 2047 4042 a
2076 3987 2228 4042 nobis
2254 3987 2567 4058 exigamus;
2607 3985 2694 4040 ille
2739 4000 2867 4040 vero
2917 4000 3021 4039 non
3071 3985 3204 4039 ultra
3248 4003 3277 4040 a
3324 3988 3477 4042 nobis

1892 4081 2075 4151 exigit.
2104 4080 2229 4135 ideo
2256 4094 2484 4149 namque
2508 4078 2862 4135 comminatur
2888 4077 3207 4147 supplicium
3234 4121 3248 4144 ,
3285 4090 3340 4133 ut
3365 4095 3466 4135 mc-

1894 4178 1948 4225 tu
1976 4179 2337 4241 contemptum
2366 4170 2591 4225 auferat.
2624 4171 2756 4223 Cum
2782 4176 2959 4223 autem
2986 4184 3052 4223 ex
3091 4168 3203 4223 sola
3249 4171 3475 4224 commi-

1893 4266 2108 4320 natione
2151 4265 2526 4330 deterremur,
2589 4278 2694 4317 non
2735 4263 2859 4317 sinit
2910 4270 2966 4316 ut
3013 4262 3129 4330 ejus
3177 4262 3470 4330 periculum

1892 4356 2164 4411 faciamus.
2216 4355 2346 4410 Vide
2388 4370 2616 4424 namque
2658 4352 2784 4423 quid
2822 4352 3070 4406 Jeremize
3116 4351 3305 4406 dicat:
3346 4352 3468 4407 Non

1890 4448 2026 4502 uides
2045 4447 2167 4517 quid
2195 4447 2272 4510 illi
2297 4446 2535 4515 faciunt?
2563 4444 2745 4498 Patres
2772 4460 2946 4498 eorum
2966 4444 3130 4514 ignem
3154 4445 3430 4498 accendunt
3455 4462 3474 4499 :

1889 4540 1986 4610 lilii
2015 4555 2189 4593 eorum
2218 4538 2459 4605 colligunt
2482 4537 2621 4605 ligna
2650 4550 2668 4587 :
2705 4535 2937 4587 mulieres
2964 4549 3137 4587 eorum
3161 4542 3327 4587 terunt
3353 4535 3471 4588 adi-

1891 4650 2002 4705 pem
2033 4631 2052 4703 (
2079 4631 2189 4687 Jer.
2220 4635 2273 4687 7.
2307 4630 2549 4697 17.18).
2583 4625 2898 4681 Timendum
2940 4634 3022 4679 est
3044 4665 3060 4689 ,
3111 4640 3177 4679 ne
3213 4626 3280 4680 dc
3318 4627 3472 4681 nobis

1888 4723 2158 4795 quidpiam
2190 4722 2362 4776 simile
2388 4719 2595 4774 dicatur
2620 4735 2632 4770 :
2662 4716 2777 4770 Non
2803 4715 2951 4770 vides
2980 4714 3104 4784 quid
3128 4714 3203 4768 illi
3230 4715 3472 4771 faciunt?

1887 4815 2056 4871 Nemo
2085 4829 2204 4884 qua:
2230 4811 2426 4867 Christi
2452 4820 2575 4864 sunt
2600 4808 2790 4879 quaerit
2813 4848 2827 4872 ,
2856 4806 2948 4861 sed
2980 4820 3167 4859 omnes
3208 4822 3326 4876 quae
3370 4823 3466 4861 sua

1888 4917 2012 4962 sunt
2041 4907 2059 4976 (
2090 4905 2320 4975 Philipp.
2347 4904 2402 4957 2.
2429 4902 2494 4957 ‘21
2521 4903 2562 4972 ).
2598 4900 2719 4955 Filii
2744 4912 2927 4953 eorum
2955 4896 3020 4951 ad
3054 4897 3323 4951 libidinem
3349 4913 3470 4951 cur-

1887 5007 2012 5051 runt
2043 5012 2057 5050 :
2094 5004 2270 5065 patres
2295 5008 2479 5048 eorum
2502 4990 2567 5045 ad
2588 4989 2866 5044 avaritiam
2889 4996 2942 5042 et
2962 4986 3202 5056 rapinam
3235 5005 3248 5039 :
3275 5002 3469 5043 uxores

1886 5107 2071 5147 eorum
2098 5090 2163 5145 ad
2197 5088 2507 5143 saecularem
2553 5085 2788 5140 fastum:
2835 5099 2953 5154 qua:
3002 5084 3146 5136 viros
3190 5096 3317 5136 suos
3361 5099 3466 5136 non

1887 5184 2048 5238 modo
2078 5198 2184 5237 non
2215 5180 2440 5245 sedant,
2473 5178 2566 5233 sed
2594 5178 2757 5233 etiam
2804 5184 3117 5245 provocant.
3166 5174 3257 5229 Sta
3309 5174 3468 5243 igitur

1886 5276 1937 5329 in
1967 5276 2080 5329 foro
2104 5316 2118 5341 ,
2149 5273 2414 5343 interroga
2444 5280 2631 5325 euntes
2657 5277 2712 5323 et
2748 5267 3035 5322 redeuntes
3059 5307 3073 5331 ,
3108 5273 3161 5319 et
3194 5265 3464 5319 neminem

1884 5366 2087 5420 videbis
2115 5378 2210 5434 pro
2234 5378 2291 5419 re
2318 5361 2581 5433 spirituali
2616 5360 2952 5413 festinantem
2980 5398 2995 5424 ,
3024 5356 3117 5411 sed
3148 5371 3337 5412 omnes
3368 5372 3464 5426 pro

1883 5455 2183 5512 carnalibus
2224 5462 2520 5509 currentes.
2561 5452 2851 5520 Quousque
2895 5464 3000 5503 non
3050 5447 3457 5519 resipiscimus?

1882 5561 2158 5618 quousque
2191 5546 2242 5599 in
2283 5542 2603 5615 profundum
2653 5556 2897 5596 somnum
2940 5537 3261 5608 dejiciinur?
3286 5551 3464 5590 annon

1883 5638 2143 5693 malorum
2170 5652 2267 5691 nos
2291 5636 2433 5706 cepit
2458 5633 2713 5688 satietas?
2737 5630 2897 5703 Atqui
2926 5630 3084 5685 etiam
3113 5628 3312 5697 absque
3338 5643 3463 5680 ver.

1884 5733 1964 5789 bis
1995 5733 2106 5803 ipsa
2132 5745 2313 5788 rerum
2339 5728 2665 5801 experientia
2688 5726 2816 5784 satis
2842 5734 2923 5779 est
2951 5723 3017 5779 ad
3042 5720 3312 5778 docendos
3340 5735 3459 5790 nos,
