3864 6216
384 292 452 347 75
820 259 839 282 ‘
1022 283 1077 338 S.
1118 281 1395 339 JOANNIS
1432 278 1908 336 CllllYSOSTOMl
1946 278 2265 335 ARClllEP.
2307 281 2840 342 CONSTANTINOP.
3592 290 3663 346 78

383 404 514 458 nihil
544 416 664 458 esse
694 414 781 455 res
810 407 1100 470 prtesentes
1123 406 1177 452 et
1204 411 1360 465 prava
1389 408 1509 448 esse
1537 391 1737 446 omnia.
1773 388 1965 446 Homi-

383 512 480 550 nes
517 504 666 548 certe
691 493 779 563 qui
819 501 1094 546 externam
1139 487 1455 558 sapientiam
1503 484 1864 550 exercebant,
1914 494 1969 538 ct

383 587 516 642 nihil
543 567 838 641 futurorum
873 589 1126 638 noverant
1153 622 1168 646 ,
1199 594 1319 635 cum
1350 576 1825 649 deprehendissent
1850 590 1966 629 ma-

381 696 540 752 gnam
599 678 939 749 pr:rsentium
995 691 1172 730 rerum
1231 673 1520 737 vilitatem,
1590 670 1709 725 ideo
1762 679 1964 724 tantum

383 775 784 828 abscesserunt.
839 769 1009 838 Quam
1053 782 1182 838 ergo
1226 775 1280 821 tu
1328 765 1670 834 consequeris
1713 763 1921 818 veniam
1946 804 1962 829 ,

384 865 472 935 qui
501 864 646 919 humi
677 861 819 932 repis
843 902 859 927 ,
890 875 989 914 nec
1023 859 1254 927 despicis
1287 873 1446 927 parva
1481 857 1595 910 lucc
1625 871 1747 925 qua:
1793 865 1965 908 trans-

384 965 553 1021 eunt,
605 968 705 1010 nec
749 953 954 1008 deseris
1000 967 1096 1020 pro
1143 952 1207 1004 iis
1255 965 1374 1019 quae
1416 962 1602 1018 magna
1644 955 1767 1000 sunt
1807 955 1965 1015 atque

382 1059 582 1103 :eterna
607 1088 622 1112 ,
650 1045 738 1115 qui
769 1044 940 1114 ipsum
972 1044 1136 1098 Deum
1174 1040 1328 1094 audis
1375 1040 1478 1093 hoc
1521 1038 1611 1092 tibi
1658 1043 1964 1091 monstran-

383 1150 528 1205 tem,
568 1147 622 1192 et
674 1137 742 1192 ab
785 1137 900 1208 ipso
950 1137 1081 1190 tales
1127 1132 1291 1186 habes
1345 1126 1764 1201 promissiones?
1811 1124 1963 1191 Quod

380 1233 522 1286 enim
552 1229 666 1284 haec
697 1246 802 1283 non
832 1227 962 1281 satis
995 1226 1099 1280 sint
1143 1223 1208 1278 ad
1255 1221 1598 1278 detinendum
1647 1217 1917 1272 hominem
1943 1256 1958 1282 ,

382 1321 730 1376 ostenderunt
761 1321 794 1373 ii
823 1319 911 1388 qui
948 1317 1150 1387 absque
1193 1314 1454 1383 majorum
1505 1326 1686 1366 rerum
1733 1308 1962 1379 promis-

381 1417 532 1470 iionc
559 1414 627 1468 ab
650 1414 728 1468 eis
757 1411 1149 1465 abstinuerunt.
1175 1407 1316 1474 Quas
1342 1405 1482 1458 enim
1503 1403 1715 1456 divitias
1741 1413 1964 1468 exspec-

383 1517 558 1562 tantes
583 1548 599 1574 ,
631 1505 696 1560 ad
725 1511 1086 1576 paupertatem
1118 1497 1418 1556 venerunt?
1443 1496 1662 1560 Nullas;
1702 1491 1796 1548 sed
1819 1489 1959 1561 quod

2081 391 2219 448 bene
2248 392 2450 449 scirent
2477 394 2636 450 talem
2667 404 3032 466 paupertatem
3062 411 3182 454 esse
3221 397 3421 455 divitiis
3470 401 3665 457 melio-

2075 496 2212 536 rem.
2241 482 2408 550 Quam
2435 495 2714 554 sperantes
2737 487 2898 542 vitam
2939 487 3160 544 delicias
3203 489 3538 560 reliquerunt
3559 533 3575 557 ,
3608 500 3668 548 et

2076 586 2281 641 aspera:
2302 575 2424 629 vita:
2448 591 2508 630 se
2531 575 2893 632 dediderunt?
2913 578 3131 646 Nullas;
3163 580 3256 636 sed
3287 583 3454 651 ipsam
3480 598 3664 638 rerum

2077 673 2320 720 naturam
2358 666 2532 722 edocti
2556 709 2573 734 ,
2599 679 2653 725 et
2690 670 2925 727 scientes
2969 671 3072 727 hoc
3115 674 3291 744 aptius
3337 689 3460 732 esse
3503 687 3556 731 et
3596 677 3668 732 ad

2075 757 2266 810 animae
2306 758 2696 831 philosophiam
2721 805 2736 831 ,
2785 772 2841 818 et
2880 763 2948 819 ad
2991 767 3232 836 corporis
3277 769 3664 828 valetdinem.

2076 849 2201 904 llaec
2240 850 2399 920 igitur
2445 868 2546 908 nos
2584 855 2765 912 animo
2808 866 3115 927 reputantes
3140 899 3156 925 ,
3203 869 3258 915 et
3299 860 3477 917 futura
3525 863 3667 919 bona

2074 941 2294 996 assidue
2336 943 2390 998 in
2434 945 2591 1000 nobis
2643 959 2957 1016 versantes,
3012 965 3041 1004 a
3095 951 3255 1008 rebus
3308 957 3668 1023 prasentibus

2074 1033 2425 1090 ahscedamus
2448 1076 2463 1103 ,
2494 1046 2552 1092 ut
2578 1037 2669 1093 illa
2698 1039 2872 1095 l‘utura
2910 1056 3302 1112 consequamur
3327 1087 3342 1112 ,
3396 1049 3566 1116 gratia
3612 1058 3670 1104 et

2075 1124 2402 1197 benignitate
2434 1130 2647 1186 Domini
2677 1135 2846 1190 nostri
2874 1134 2999 1191 .lesu
3026 1135 3223 1191 Christi
3250 1179 3264 1202 ,
3309 1139 3527 1209 quicum
3565 1141 3671 1196 Pa-

2077 1217 2142 1272 tri
2173 1234 2380 1290 unaque
2410 1219 2630 1290 Spiritui
2669 1234 2855 1280 sancto
2875 1267 2890 1293 ,
2936 1226 3103 1297 gloria
3133 1269 3148 1293 ,
3190 1228 3474 1300 imperium
3501 1271 3519 1296 ,
3565 1233 3669 1286 bo-

2076 1323 2213 1373 nor,
2263 1327 2402 1366 nunc
2455 1322 2512 1368 et
2557 1327 2812 1386 semper,
2864 1325 2919 1373 et
2969 1317 3023 1373 in
3072 1321 3267 1374 saecula
3317 1322 3666 1378 saeculorum.

2075 1401 2270 1454 Amen.

1792 1692 2135 1755 HOMILIA
2180 1695 2294 1755 IX.
2348 1717 2354 1723 ε

379 1836 500 1894 Car.
536 1839 590 1892 5.
621 1852 673 1890 v.
705 1835 793 1890 12.
830 1834 887 1890 Si
913 1833 1030 1904 quis
1066 1829 1436 1902 supertrdiﬁcat
1481 1841 1637 1893 supra
1666 1819 1964 1893 fundamen-

448 1940 554 1983 tttnt
609 1929 744 1990 Itoc,
800 1942 1020 1987 aurum,
1075 1932 1380 1994 argentum,
1432 1918 1628 1987 lapides
1673 1914 1916 1984 pretiosos
1944 1952 1959 1978 ,

450 2023 589 2092 ligna
613 2063 628 2084 ,
673 2026 859 2090 {certum
887 2060 902 2083 ,
940 2017 1222 2088 stipulam,
1271 2015 1357 2068 l5.
1404 2010 1797 2078 uniuscujusque
1837 2018 1963 2074 opus

448 2114 776 2184 manifestum
804 2112 914 2164 erit.
943 2108 1065 2163 Dies
1089 2107 1221 2163 enim
1259 2103 1468 2158 Domini
1505 2099 1813 2162 declarabit,
1845 2097 1963 2168 quia

449 2208 501 2260 in
528 2207 643 2277 igne
670 2204 969 2258 revelabitur
985 2217 1004 2265 ;
1028 2211 1073 2255 et
1105 2199 1500 2266 uniuscujusque
1525 2210 1652 2264 opus
1679 2189 1830 2262 quale
1856 2190 1920 2244 sit
1942 2229 1959 2256 ,

449 2299 581 2367 ignis
607 2295 856 2366 probabit.
891 2295 979 2348 Η.
1010 2293 1071 2347 Si
1096 2292 1240 2358 cujus
1267 2307 1392 2360 opus
1429 2288 1669 2342 manserit
1709 2284 1842 2357 quod
1872 2300 1963 2338 su-

451 2387 906 2460 perwdiﬁcaverit,
958 2384 1236 2439 mercedem
1293 2381 1524 2452 accipiet.
1586 2379 1672 2433 15.
1711 2378 1773 2432 Si
1819 2377 1965 2445 cujus

449 2498 578 2550 apus
602 2479 780 2535 arserit
807 2519 820 2541 ,
851 2477 1201 2533 detrimentum
1229 2474 1447 2544 patietur
1472 2486 1489 2524 :
1516 2471 1624 2540 ipse
1659 2477 1825 2522 autent
1862 2467 1965 2522 sal-

449 2589 539 2626 πσιιε
565 2572 656 2625 erit
680 2611 697 2636 ,
726 2570 798 2624 sic
825 2579 992 2624 tamen
1017 2567 1162 2638 quasi
1187 2581 1277 2635 per
1303 2565 1482 2635 ignem.

449 2728 504 2779 1.
542 2725 656 2780 Non
687 2732 769 2779 est
795 2737 959 2794 parva
999 2720 1116 2774 haec
1143 2733 1264 2790 qua:
1292 2717 1446 2773 nobis
1473 2715 1792 2787 praponitur
1818 2730 1960 2784 qua}:

379 2819 483 2873 stio
505 2859 520 2883 ,
551 2817 647 2873 sed
675 2815 743 2870 de
771 2815 935 2870 rebus
965 2813 1196 2866 maxime
1225 2809 1544 2866 necessariis
1567 2850 1582 2872 ,
1613 2817 1667 2862 et
1697 2822 1830 2877 quas
1851 2821 1966 2859 om-

378 2925 476 2965 nes
491 2915 736 2980 qumrunt
756 2907 1000 2960 homines
1016 2946 1030 2970 ,
1050 2919 1115 2957 an
1137 2901 1396 2973 gehennm
1415 2901 1550 2971 ignis
1570 2899 1726 2954 linem
1747 2899 1960 2954 habeat.

386 3000 518 3056 Nam
548 2999 688 3069 quod
717 3012 818 3052 non
848 2996 1074 3060 habeat,
1093 2993 1339 3049 Christus
1359 2991 1721 3062 pronuntiavit
1741 2989 1961 3044 dicens:

378 3093 524 3163 Ignis
561 3106 731 3144 eorum
775 3105 875 3142 non
920 3088 1301 3158 exstinguetur,
1347 3092 1392 3138 et
1435 3083 1614 3137 vermis
1654 3097 1824 3135 eorum
1864 3095 1965 3133 non

377 3183 620 3235 morietur
658 3178 868 3253 (Marc.
913 3179 966 3234 9.
1001 3179 1071 3234 45
1101 3178 1140 3248 ).
1191 3176 1258 3231 Ει
1298 3175 1412 3230 scio
1455 3174 1670 3244 quidem
1716 3187 1812 3226 vos
1850 3172 1965 3226 hzec

378 3274 654 3328 audientes
681 3281 985 3340 torpescere
1013 3286 1028 3324 :
1060 3269 1153 3324 sed
1183 3268 1310 3338 quid
1353 3266 1587 3321 faciam?
1633 3266 1771 3319 Deus
1819 3266 1964 3318 enim

375 3367 526 3434 jubet
553 3365 665 3418 haec
695 3363 998 3432 frequenter
1027 3361 1277 3414 insonare
1301 3399 1316 3424 ,
1341 3358 1526 3412 dicens
1550 3397 1563 3417 .
1597 3355 1829 3423 Ρνωεὶρε
1850 3354 1966 3408 huic

380 3456 606 3527 populo;
636 3465 684 3510 et
716 3470 813 3508 nos
855 3453 920 3507 ad
967 3452 1320 3506 ministerium
1365 3449 1513 3504 verbi
1550 3448 1827 3502 constituti
1871 3463 1966 3501 su-

382 3565 499 3602 mus
531 3565 544 3600 :
575 3563 638 3601 ac
666 3560 888 3601 necesse
924 3556 1007 3598 est
1047 3552 1102 3597 ut
1142 3543 1242 3597 sim
1289 3541 1548 3596 molestus
1585 3539 1918 3594 auditoribus
1945 3582 1960 3605 ,

383 3655 488 3694 non
522 3640 709 3695 lubens
733 3679 747 3702 ,
779 3637 873 3692 sed
904 3647 1144 3692 coactas.
1179 3635 1290 3689 lmo
1321 3634 1362 3688 si
1396 3633 1554 3687 vultis
1578 3675 1592 3697 ,
1626 3649 1731 3685 non
1763 3632 1964 3686 erimus

381 3733 594 3788 onerosi
629 3753 642 3788 :
674 3730 806 3786 Nam
851 3730 894 3784 si
935 3729 1131 3783 bonum
1158 3768 1173 3793 ,
1223 3727 1432 3796 inquit,
1477 3726 1678 3787 facias,
1729 3740 1796 3780 ne
1838 3725 1964 3779 time

380 3823 574 3896 (Rom.
608 3823 693 3878 l3.
734 3820 832 3893 5).
885 3821 1069 3890 Itaque
1119 3820 1245 3875 licet
1294 3818 1449 3873 vobis
1493 3833 1599 3872 non
1641 3817 1812 3871 solum
1857 3833 1962 3871 non

381 3932 562 3988 :rgre,
607 3915 700 3970 sed
746 3915 906 3969 etiam
953 3927 1077 3968 cum
1121 3912 1394 3982 voluptate
1429 3925 1528 3965 nos
1569 3910 1774 3964 audire.
1809 3909 1960 3976 Quod

381 4008 542 4074 igitur
568 4007 727 4061 ﬁnem
760 4019 864 4059 non
896 4004 1092 4058 habeat
1117 4044 1130 4068 ,
1153 4001 1400 4057 Christus
1427 4003 1539 4071 ipse
1563 4002 1920 4070 pronuntiavit
1947 4019 1960 4055 :

381 4098 578 4153 Paulus
607 4106 783 4152 autem
814 4096 980 4159 dicit,
1012 4093 1306 4150 ostendens
1337 4095 1636 4149 immortale
1671 4109 1791 4149 esse
1833 4109 1962 4160 snp-

382 4189 598 4259 plicium
624 4227 640 4253 ,
685 4197 996 4256 peccatores
1022 4185 1244 4240 daturos
1273 4199 1392 4239 esse
1419 4198 1606 4253 poenas
1633 4184 1882 4238 exitiosas
1911 4193 1966 4237 et.

381 4289 613 4334 :etcrnas
643 4279 661 4349 (
687 4277 744 4332 ‘2.
780 4277 956 4332 Thess.
992 4279 1044 4332 Ι.
1076 4277 1109 4335 9
1134 4276 1178 4349 );
1206 4286 1257 4331 et
1283 4291 1493 4331 rursum
1519 4317 1535 4343 ,
1561 4274 1735 4329 Nolite
1755 4292 1923 4329 errare
1945 4291 1964 4329 :

380 4390 541 4438 neque
565 4374 928 4446 fornicatores,
962 4388 1119 4443 neque
1167 4371 1420 4436 adulteri,
1470 4387 1626 4442 neque
1666 4372 1840 4426 molles
1877 4388 1962 4426 re-

379 4481 534 4536 gnum
584 4462 683 4517 Dei
727 4462 1052 4535 possidebunt
1095 4461 1114 4532 (
1142 4463 1193 4518 Ι.
1222 4461 1340 4516 Cor.
1373 4461 1426 4516 6.
1455 4461 1507 4515 9.
1541 4463 1608 4518 10
1634 4465 1672 4531 ).
1727 4463 1964 4518 Hebraeis

380 4570 593 4627 quoque
619 4555 832 4610 dicebat
859 4572 873 4609 :
922 4551 1110 4607 Pacem
1141 4553 1495 4624 persequimini
1523 4570 1636 4606 cum
1665 4555 1896 4607 omnibus
1919 4563 1965 4607 et

380 4647 870 4716 sanctiﬁcationem,
927 4645 1037 4698 sine
1075 4661 1176 4716 qua
1237 4661 1382 4698 nemo
1445 4643 1626 4698 videbit
1692 4644 1964 4698 Dominum

381 4741 402 4812 (
429 4738 590 4792 Hebr.
624 4738 710 4792 l2.
739 4738 805 4792 14
829 4741 871 4808 ).
904 4737 970 4791 Et
995 4736 1241 4792 Christus
1273 4737 1336 4790 iis
1355 4736 1444 4805 qui
1465 4735 1714 4791 dicebant
1737 4777 1752 4802 ,
1785 4735 1852 4789 In
1876 4753 1966 4790 no.

383 4833 519 4884 mine
549 4842 635 4882 tuo
661 4830 865 4882 virtutes
886 4829 1071 4881 multas
1093 4827 1302 4898 fecimus
1327 4869 1341 4893 ,
1369 4826 1445 4880 ait
1473 4843 1486 4879 :
1514 4826 1770 4880 Discedite
1794 4844 1824 4880 a
1847 4845 1925 4881 me
1946 4869 1962 4894 ,

381 4925 468 4993 qui
511 4920 790 4992 operamini
832 4920 1186 4989 iniquitatem;
1224 4935 1325 4973 non
1370 4919 1488 4972 novi
1533 4918 1876 4991 vos(dlattlt.
1909 4922 1962 4976 7.

380 5013 471 5066 ἓξ.
498 5011 569 5065 25
594 5011 634 5081 ).
667 5011 733 5065 Et
758 5010 992 5081 virgines
1033 5010 1262 5064 exclusa:
1300 5019 1426 5065 sunt
1450 5051 1464 5075 ,
1515 5025 1688 5081 neque
1732 5014 1964 5068 intrave-

381 5112 551 5160 runt:
592 5111 646 5158 et
684 5102 750 5156 de
794 5101 901 5167 iis,
949 5101 1040 5171 qui
1088 5102 1260 5171 ipsum
1303 5117 1407 5156 non
1455 5103 1793 5170 nutrierunt,
1844 5105 1963 5159 ait:

382 5194 538 5251 Ibunt
564 5197 616 5248 in
643 5194 952 5265 supplicium
976 5194 1255 5262 eternum(
1283 5193 1468 5248 Matth.
1496 5194 1586 5250 25.
1618 5195 1688 5251 40
1707 5195 1749 5266 ).

458 5306 791 5366 Pcocatorum
835 5305 1142 5378 supplicium
1189 5305 1338 5374 ﬁnem
1389 5322 1488 5360 non
1529 5307 1699 5361 habet.
1744 5337 1815 5348 —
1856 5307 1966 5364 Nec

384 5402 515 5458 mihi
545 5401 691 5455 dicas
719 5419 732 5454 ε
759 5397 987 5456 Ubinam
1015 5397 1153 5467 aequi
1184 5397 1319 5451 ratio
1346 5407 1588 5452 servatur
1610 5439 1626 5463 ,
1679 5399 1722 5454 si
1759 5402 1964 5470 suppli-

383 5495 526 5548 cium
560 5505 665 5544 non
693 5489 853 5544 habet
889 5487 1093 5542 ﬁnem?
1133 5487 1354 5556 Quando
1398 5489 1537 5542 enim
1592 5489 1731 5544 Deus
1765 5491 1963 5561 aliquid

385 5584 514 5642 facit
535 5625 552 5650 ,
583 5582 701 5653 ejus
725 5579 1005 5636 sententiae
1035 5578 1334 5649 obsequere
1359 5620 1374 5645 ,
1399 5588 1453 5634 et
1491 5595 1558 5634 ne
1605 5595 1666 5635 ea
1692 5623 1708 5647 ,
1737 5598 1856 5650 quae
1884 5582 1967 5637 di-

383 5684 578 5730 cuntur
601 5714 616 5741 ,
651 5673 896 5728 humanis
925 5671 1220 5726 ratiociniis
1250 5671 1473 5740 subjice.
1503 5670 1752 5741 Alioquin
1783 5684 1961 5728 autem

385 5764 656 5836 quomodo
684 5778 789 5821 non
810 5763 1010 5835 justum
1039 5761 1199 5820 fuerit
1223 5805 1238 5834 ,
1269 5779 1386 5820 cum
1413 5763 1502 5835 qui
1531 5763 1599 5820 ab
1626 5765 1778 5822 initio
1808 5766 1961 5822 innu-

2083 1833 2231 1873 mera
2274 1826 2480 1894 accepit
2525 1827 2820 1897 beneﬁcia,
2862 1830 3162 1904 deindeque
3193 1837 3461 1906 supplicio
3511 1840 3674 1910 digna

2073 1915 2338 1981 patravit,
2390 1933 2452 1974 ac
2496 1935 2668 1991 neque
2712 1923 2872 1978 minis
2927 1941 3098 1995 neque
3153 1927 3429 1985 beneﬁciis
3479 1934 3677 1988 melior

2069 2002 2288 2060 allectus
2316 2017 2433 2075 est,
2454 2011 2714 2080 supplicio
2741 2014 2935 2082 plecti?
2961 2015 3090 2070 Nam
3113 2019 3157 2071 si
3181 2018 3230 2071 id
3258 2061 3270 2083 ,
3295 2021 3439 2090 quod
3461 2023 3673 2092 justum

2071 2103 2152 2148 est
2177 2136 2192 2161 ,
2224 2098 2422 2166 qumris
2445 2141 2460 2166 ,
2493 2100 2560 2153 ab
2587 2102 2738 2157 initio
2769 2119 2870 2160 nos
2901 2107 3122 2175 periisse
3151 2112 3391 2180 oportuit
3417 2154 3432 2178 ,
3463 2129 3675 2169 secun-

2072 2187 2200 2242 dum
2227 2193 2362 2260 :equi
2393 2202 2446 2246 et
2471 2193 2599 2263 justi
2629 2197 2891 2254 rationem
2917 2217 2932 2263 ;
2967 2201 3075 2256 imo
3104 2218 3277 2272 neque
3307 2214 3436 2261 tunc
3465 2224 3672 2264 secun-

2069 2279 2194 2334 dttnt
2226 2284 2362 2353 arqui
2384 2285 2579 2355 etjusti
2608 2289 2869 2344 rationem
2895 2301 3096 2347 tantum
3130 2312 3289 2350 :nam
3317 2297 3675 2370 benignitatis

2071 2369 2285 2438 luisset,
2345 2375 2389 2429 si
2433 2375 2535 2431 hoc
2577 2380 2718 2448 passi
2768 2395 3030 2439 essemus.
3082 2384 3308 2452 Quando
3350 2369 3497 2445 enim
3547 2395 3674 2462 quis

2069 2478 2189 2517 eum
2215 2507 2230 2531 ,
2254 2467 2341 2535 qui
2365 2482 2423 2522 se
2442 2468 2574 2522 nihil
2598 2471 2734 2526 laesit
2754 2513 2770 2538 ,
2791 2476 3113 2531 contumelia
3133 2477 3299 2534 afﬁcit
3322 2522 3338 2547 ,
3365 2485 3673 2540 secundum

2066 2554 2193 2624 justi
2223 2559 2484 2614 rationem
2510 2561 2600 2615 dat
2631 2578 2817 2632 poenas
2841 2582 2854 2632 ;
2881 2568 3092 2636 quando
3113 2581 3290 2626 autem
3311 2573 3625 2632 beneﬁcum
3654 2622 3672 2644 ,

2071 2651 2156 2718 qui
2187 2650 2317 2704 nihil
2348 2662 2503 2708 antea
2534 2657 2744 2726 accepit
2787 2657 3030 2715 beneﬁcii
3056 2703 3071 2724 ,
3113 2664 3206 2717 sed
3245 2665 3358 2734 ipse
3403 2668 3674 2726 beneﬁcia

2071 2742 2217 2798 mille
2243 2743 2421 2799 intulit
2448 2786 2460 2808 ,
2491 2747 2580 2815 qui
2612 2750 2722 2802 sola
2769 2765 2930 2806 causa
2959 2761 3040 2808 est
3077 2755 3219 2824 quod
3269 2757 3358 2812 ille
3396 2761 3672 2827 exsistat,

2071 2833 2156 2903 qui
2189 2834 2326 2889 Deus
2352 2846 2434 2890 est
2460 2846 2514 2892 et
2540 2841 2771 2896 animam
2804 2843 3079 2914 inspiravit
3106 2847 3495 2921 innumeraque
3527 2854 3671 2910 bona

2071 2924 2289 2993 intulit,
2337 2939 2499 3000 atque
2542 2932 2591 2984 in
2631 2935 2820 2988 caelum
2867 2936 3119 2994 inducere
3165 2940 3379 2998 voluit:
3428 2944 3473 2999 si
3524 2945 3674 3002 hunc

2072 3028 2192 3088 post
2232 3029 2310 3075 tot
2355 3023 2656 3091 beneﬁcia,
2697 3044 2802 3082 non
2852 3031 3013 3085 modo
3061 3037 3384 3091 contumelia
3427 3038 3671 3106 alliciat,

2071 3111 2161 3166 scd
2193 3121 2246 3167 et
2274 3117 2626 3171 contumelias
2655 3120 2894 3188 quotidie
2927 3139 3020 3192 per
3045 3139 3206 3194 opera
3239 3139 3449 3197 repetat
3473 3172 3488 3196 ,
3523 3148 3666 3202 qua-

2071 3220 2192 3258 nam
2225 3204 2416 3276 dignus
2440 3207 2602 3263 fuerit
2628 3211 2826 3265 venia?
2864 3211 2977 3267 Non
3021 3216 3170 3271 vides
3212 3223 3484 3287 quomodo
3527 3226 3672 3278 Ada-

2070 3313 2212 3351 mttm
2267 3300 2500 3368 punierit
2551 3312 2769 3371 propter
2821 3321 2983 3359 unum
3057 3314 3386 3379 peccatum?
3440 3316 3666 3383 Etiam,

2069 3389 2314 3458 inquies,
2357 3392 2656 3460 paradisum
2706 3395 2802 3464 ipsi
2848 3396 2994 3451 dedit
3045 3409 3099 3454 et
3135 3401 3312 3457 ell'ecit
3363 3415 3421 3459 ut
3471 3423 3668 3475 magna

2069 3476 2338 3534 frueretur
2365 3480 2762 3538 benevolentia.
2808 3487 2966 3554 Atqui
3004 3503 3109 3542 non
3146 3506 3239 3559 par
3265 3508 3352 3547 res
3382 3504 3466 3548 est
3491 3537 3504 3559 ,
3539 3513 3666 3551 eum

2069 3571 2156 3639 qui
2190 3571 2241 3624 in
2271 3573 2560 3628 securitate
2583 3575 2712 3629 vivit
2741 3592 2962 3644 peccare
2986 3620 3000 3642 ,
3045 3590 3097 3634 et
3126 3597 3246 3636 eum
3279 3584 3370 3653 qui
3400 3586 3453 3638 in
3481 3588 3670 3643 multis

2068 3665 2321 3720 :rrumnis
2350 3666 2516 3730 vivit,
2550 3667 2598 3720 id
2627 3667 2827 3724 facere.
2863 3670 2928 3724 Et
2972 3670 3074 3727 hoc
3120 3673 3292 3742 ipsum
3339 3693 3502 3747 grave
3538 3690 3626 3736 est
3648 3724 3665 3747 ,

2069 3757 2344 3824 quodnon
2393 3758 2443 3811 in
2497 3759 2744 3828 paradiso
2787 3776 3016 3830 pecces,
3064 3765 3156 3820 sed
3204 3767 3256 3820 in
3305 3771 3460 3825 malis
3501 3771 3668 3842 hujus

2070 3849 2190 3901 vitae
2217 3846 2509 3902 innumeris
2533 3891 2548 3916 ,
2585 3867 2756 3921 neque
2794 3869 2860 3907 ex
2904 3856 3117 3909 miseria
3162 3861 3369 3914 cautior
3413 3865 3618 3918 evadas
3649 3884 3664 3920 :

2066 3954 2128 3992 ac
2153 3940 2197 3993 si
2230 3941 2348 4009 quis
2375 3941 2584 3997 vinctus
2615 3944 2850 4014 nequitia
2880 3955 3139 4004 uteretur.
3187 3951 3305 4006 Tibi
3338 3969 3468 4009 vero
3490 3957 3666 4012 etiam

2072 4031 2316 4100 paradiso
2345 4032 2543 4102 majora
2576 4037 2861 4104 promisit,
2911 4054 3080 4108 neque
3111 4040 3203 4095 tibi
3229 4043 3341 4109 jam
3370 4045 3557 4110 dedit,
3595 4065 3669 4104 ne

2069 4133 2120 4176 te
2148 4122 2198 4176 in
2229 4131 2467 4192 tempore
2493 4127 2842 4182 certaminum
2879 4131 3176 4186 molliorem
3215 4133 3464 4192 redderet
3494 4157 3507 4192 :
3560 4155 3668 4195 ne-

2069 4229 2172 4282 que
2204 4218 2400 4280 tacuit,
2431 4231 2497 4271 ne
2527 4225 2576 4270 te
2604 4217 2761 4272 nimis
2787 4219 3041 4289 dejiceret
3068 4224 3119 4277 in
3149 4225 3439 4282 laboribus.
3470 4228 3538 4283 Et
3569 4231 3670 4286 ille

2069 4305 2283 4376 quidem
2313 4323 2420 4362 uno
2449 4319 2670 4378 peccato
2698 4319 2860 4364 totam
2905 4312 2972 4366 ad
3023 4328 3083 4369 se
3124 4327 3350 4372 mortem
3397 4322 3667 4385 attraxit;

2070 4415 2168 4454 nos
2198 4409 2374 4454 autem
2399 4401 2635 4469 quotidie
2657 4401 2936 4458 innumera
2967 4419 3184 4473 peccata
3212 4409 3574 4466 admittimus.
3610 4414 3668 4466 Si

2066 4501 2245 4545 autem
2275 4493 2363 4546 ille
2388 4507 2509 4547 cum
2533 4509 2697 4547 unum
2722 4494 3026 4551 admisisset
3054 4537 3070 4562 ,
3098 4506 3300 4553 tantum
3322 4501 3420 4556 sibi
3448 4504 3665 4558 malum

2067 4581 2323 4648 attraxit,
2355 4591 2408 4637 et
2440 4591 2668 4638 mortem
2699 4584 2937 4651 invexit;
2967 4587 3056 4656 qui
3097 4602 3310 4658 semper
3339 4590 3388 4644 in
3417 4596 3670 4660 peccatis

2067 4671 2294 4726 vivimus
2316 4711 2330 4737 ,
2355 4672 2479 4742 qttid
2505 4687 2608 4727 non
2634 4674 2894 4742 patiemur
2914 4717 2930 4743 ,
2959 4677 3047 4746 qui
3077 4692 3172 4746 pro
3197 4680 3440 4747 paradiso
3457 4682 3666 4737 cadum

2069 4763 2390 4832 speramus?
2419 4762 2639 4818 Molesta
2667 4774 2791 4819 sunt
2816 4764 2933 4820 haec
2960 4807 2974 4831 ,
3025 4776 3080 4822 et
3115 4771 3368 4824 maestitia
3411 4771 3672 4828 afﬁciunt

2069 4854 2365 4908 auditorem
2413 4871 2426 4907 :
2469 4853 2570 4909 hoc
2599 4855 2737 4910 bene
2767 4857 2888 4910 novi
2919 4872 2982 4912 ex
3015 4857 3080 4912 iis
3103 4901 3118 4924 ,
3150 4876 3268 4930 qua:
3304 4862 3413 4932 ipse
3437 4864 3668 4932 patior;

2068 4959 2163 4998 cor
2188 4946 2331 4998 enim
2361 4960 2536 4999 meum
2571 4946 2815 5001 turbatur
2853 4957 2909 5002 et
2940 4949 3159 5018 palpitat
3187 4967 3202 5007 :
3247 4961 3302 5007 et
3333 4969 3438 5024 quo
3478 4959 3672 5026 magis

2069 5035 2224 5089 video
2253 5034 2464 5104 probari
2489 5035 2540 5089 id
2561 5075 2575 5101 ,
2599 5038 2739 5106 quod
2763 5037 2830 5092 de
2851 5039 3096 5109 gehenna
3123 5041 3319 5098 dicitur
3341 5085 3357 5112 ,
3387 5060 3449 5099 eo
3482 5050 3671 5118 magis

2070 5136 2240 5182 tremo
2269 5136 2322 5182 et
2352 5143 2417 5181 ex
2447 5137 2591 5182 metu
2631 5127 2858 5198 refugio.
2892 5129 2999 5185 Sed
3028 5147 3250 5189 necesse
3287 5145 3366 5189 est
3409 5137 3518 5190 hrec
3573 5139 3672 5194 di-

2068 5233 2193 5273 cere
2217 5259 2232 5282 ,
2263 5233 2329 5273 ne
2355 5220 2405 5271 in
2433 5217 2732 5287 gehennam
2764 5219 3081 5275 incidamus.
3135 5222 3251 5278 Non
3300 5227 3552 5295 accepisti
3612 5238 3673 5284 tu

2070 5310 2374 5383 paradisum
2405 5325 2580 5380 neque
2609 5311 2746 5381 ligna
2778 5327 2953 5382 neque
2981 5313 3190 5382 plantas
3217 5356 3232 5381 ,
3261 5316 3355 5371 sed
3384 5318 3576 5371 ca-luut
3617 5333 3674 5374 et

2069 5403 2305 5458 caelestia
2347 5401 2506 5456 bona.
2551 5403 2704 5470 Quod
2747 5403 2792 5457 si
2839 5404 2883 5458 is
2924 5403 3013 5474 qui
3043 5405 3249 5459 minora
3279 5407 3518 5477 accepit,
3565 5410 3675 5466 da-

2073 5505 2286 5550 mnatus
2312 5504 2430 5560 est,
2459 5510 2630 5564 neque
2655 5495 2759 5548 ulla
2779 5510 2899 5549 eum
2925 5496 3066 5550 eruit
3088 5497 3224 5551 ratio
3253 5517 3265 5551 :
3295 5500 3460 5555 multo
3489 5505 3674 5572 magis

2073 5603 2168 5641 nos
2190 5629 2204 5652 ,
2227 5588 2313 5656 qui
2339 5586 2491 5656 plura
2518 5588 2851 5655 peccavimus
2871 5597 2926 5642 et
2947 5587 3012 5642 ad
3036 5588 3237 5657 majora
3260 5593 3432 5644 vocati
3450 5605 3672 5660 sumus,

2071 5677 2425 5733 intolerabilia
2451 5677 2736 5746 patiemur.
2769 5677 2954 5747 Cogita
2994 5692 3126 5749 ergo
3172 5690 3374 5749 quanto
3416 5690 3672 5750 tempore

2073 5771 2124 5824 in
2155 5777 2324 5824 morte
2352 5777 2530 5823 manet
2575 5779 2794 5840 propter
2828 5785 2990 5824 unum
3040 5780 3316 5841 peccatum
3352 5787 3520 5845 genus
3564 5790 3672 5831 no-
