3864 6216
204 281 280 339 '75
825 279 832 289 ’
1347 280 1411 333 1h
1454 277 1673 333 EPIS'I.
1714 280 1728 330 Ι

1901 279 2059 331 LUM.
2104 278 2335 330 HUMIL.
2367 278 2457 329 IX.
3405 286 3472 342 76

197 408 305 479 λὴν
336 406 446 459 τῶν
467 406 749 478 παρόντων
778 402 1115 476 πραγμάτων
1144 414 1169 443 ι
1192 400 1484 465 εὐτέλειαν,
1512 401 1601 455 διά
1628 400 1785 454 τοῦτο

199 490 524 559 ἀπέστησαν
544 490 721 560 μόνον.
738 489 901 551 Ποίας
926 482 1017 539 οῦν
1036 487 1099 539 σὺ
1118 484 1280 556 τεύξῃ
1308 484 1661 555 συγγνώμης,
1685 501 1785 553 χα-

203 574 309 643 μαὶ
340 574 658 643 συρόμενος,
684 574 779 625 καὶ
810 571 886 643 μὴ
915 570 1271 641 καταφρονῶν
1298 569 1409 622 τῶν
1445 569 1657 639 μικρῶν
1692 568 1786 621 καὶ

196 656 634 727 παρερχομένων
684 656 823 725 ὑπὲρ
866 655 972 707 τῶν
1028 654 1280 725 μεγάλων
1322 654 1416 706 καὶ
1450 651 1786 715 διαιωνιζόν-

194 756 332 804 των,
373 741 403 792 6
437 739 531 792 καὶ
570 737 736 791 αὐτοῦ
768 740 864 791 τοῦ
913 739 1047 791 Θεοῦ
1089 737 1325 800 ἀκούων,
1352 736 1527 789 ταῦτά
1554 753 1636 788 σοι
1681 736 1787 788 δει-

193 823 427 887 κνύντος
459 824 553 876 καὶ
582 822 1034 885 ἐκκαλύπτοντος,
1078 822 1172 876 καὶ
1214 820 1545 890 ἐπαγγελίας
1596 818 1779 873 τοιαύ-

188 924 299 970 τας
332 909 463 978 παρ’
493 906 657 960 αὐτοῦ
701 907 871 977 ἑχων;
923 907 1046 959 Ὀτι
1099 906 1206 977 γὰρ
1260 909 1359 976 οὐχ
1410 905 1572 959 ἱκανά
1607 904 1782 959 ταῦτα

189 993 527 1061 κατασχεῖν,
588 990 793 1055 ἔδειξαν
847 990 897 1042 οί
947 990 1038 1043 καὶ
1066 991 1233 1061 χωρὶς
1282 990 1615 1059 ἐπαγγελίας
1669 988 1779 1042 τῶν

190 1076 464 1143 μειζόνων
513 1076 840 1145 ἀπεχόμενοι
891 1073 1114 1127 τούτων.
1170 1076 1327 1129 Ποῖον
1378 1076 1487 1146 γάρ
1551 1074 1779 1129 πλοῦτον

186 1156 670 1229 προσδοκήσαντες
697 1159 789 1212 ἐπὶ
820 1159 1011 1212 πενίαν
1039 1154 1232 1229 ἦλθον;
1261 1158 1486 1212 Οὐδένα*
1534 1158 1648 1212 ἀλλ’
1672 1157 1779 1212 ἀπὸ

250 1410 282 1438 ⁸
307 1410 379 1459 lla
404 1409 559 1473 Reg.;
580 1411 871 1473 πραγμάτων
895 1410 1068 1459 deerat
1087 1410 1135 1459 in
1170 1409 1333 1458 editis.

584 1583 869 1595 ._._.._...—-——

192 1586 579 1597 67*...—

1886 397 1981 454 τοῦ
2039 398 2243 468 σφόδρα
2299 396 2517 459 εἰδέναι,
2568 396 2649 449 ὅτι
2700 398 2731 466 ἡ
2772 396 2991 467 τοιαύτη
3030 400 3187 452 πενία
3229 401 3464 459 πλούτου

1889 482 2151 552 κρείττων
2216 481 2350 536 ἐστί,
2418 480 2584 536 Ποίαν
2646 481 2789 552 ζωὴν
2852 482 3166 547 ἐλπίσαντες
3242 488 3463 557 ἀφῆκαν

1886 564 2117 636 τρυφὴν,
2152 565 2244 618 καὶ
2295 564 2687 635 σκληραγωγία
2733 564 2939 619 ἔδωκαν
2992 566 3255 635 ἐαυτούς;
3299 571 3461 624 υύδε-

1891 648 2037 718 μίαν·
2072 648 2185 700 ἀλλ’
2221 649 2392 719 αὐτὴν
2425 647 2532 701 τῶν
2564 649 2903 720 πραγμάτων
2940 649 3040 720 τὴν
3072 649 3235 718 φύσιν
3266 654 3465 723 μαθόν-

1887 750 2000 796 τες,
2032 733 2126 785 xal
2156 732 2479 796 συνιδόντες,
2511 734 2592 786 ὃτι
2619 733 2778 786 τοῦτο
2805 733 3004 803 μᾶλλον
3034 734 3465 807 ἐπιτηδειότερον

1886 818 1981 871 καὶ
2020 816 2156 886 πρὸς
2182 816 2359 886 ψυχῆς
2398 816 2738 886 φιλοσοφίαν,
2774 816 2889 889 [³15]
2916 818 3010 872 καὶ
3044 819 3181 890 πρὸς
3213 819 3465 891 σώματος

1889 900 2120 968 ὑγίειαν.
2153 900 2318 955 Ταῦτ’
2343 896 2435 954 οὖν
2470 904 2565 955 καὶ
2585 904 2747 973 ἡμεῖς
2770 904 3236 973 ἀναλογιζόμενοι,
3276 908 3370 960 καὶ
3398 908 3467 962 τὰ

1889 984 2149 1055 μέλλοντα
2209 984 2391 1053 ἀγαθά
2441 987 2681 1057 συνεχῶς
2745 989 2805 1043 ἐν,
2859 990 3071 1052 ἑαυτοῖς
3118 991 3462 1061 στρέφοντες,

1884 1070 2211 1141 ἁποστῶμεν
2264 1072 2373 1125 τῶν
2432 1075 2738 1146 παρόντων,
2798 1074 2884 1129 ἵνα
2938 1074 3192 1146 τύχωμεν
3240 1079 3466 1132 ἐκείνων

1883 1156 1991 1208 τῶν
2025 1155 2350 1225 μελλόντων,
2381 1156 2563 1229 χάριτι
2590 1159 2685 1211 καὶ
2720 1158 3095 1229 φιλανθρωπία
3128 1160 3222 1213 τοῦ
3257 1163 3464 1232 Κυρίου

1880 1238 2039 1308 ἡμῶν
2084 1238 2261 1307 Ἰησοῦ
2308 1239 2568 1310 Χριστοῦ,
2628 1242 2747 1311 μεθ’
2795 1236 2855 1296 οὗ
2900 1241 2977 1312 τῷ
3018 1243 3193 1313 Πατρλ.
3236 1243 3355 1314 ἀμα
3388 1246 3467 1316 τῷ

1880 1320 2021 1391 ἁγίῳ
2050 1321 2345 1389 Πνεύματι,
2374 1322 2521 1387 δόξα,
2548 1324 2771 1395 κράτος,
2799 1324 2954 1396 τιμὴ,
2982 1324 3076 1379 νῦν
3107 1327 3201 1380 καὶ
3227 1328 3336 1395 ἀεὶ,
3368 1330 3464 1385 καὶ

1878 1405 1960 1466 είς
1990 1404 2113 1467 τοὺς
2135 1405 2337 1469 αίῶνας
2362 1406 2467 1459 τῶν
2496 1406 2726 1461 αἰώνων.
2778 1409 2973 1480 Ἀμήν.

3241 1594 3426 1610 —_—.

1697 1730 1944 1785 OMIAIA
1980 1730 2059 1787 6⁸.

171 1873 255 1927 ει
272 1891 367 1939 τις
393 1866 778 1937 ἐποικοδομεῖ
794 1866 889 1921 ἐπί
914 1866 1022 1921 τὸν
1050 1866 1328 1939 θεμέλιον
1360 1866 1595 1939 τοῦτον,
1622 1884 1770 1935 χρυι-

253 1937 403 2007 σὺν,
432 1941 694 2008 ἄργυρον
714 1979 728 2001 ,
761 1939 971 2003 λίθους
1000 1937 1252 2006 τιμίους,
1306 1937 1485 2002 ξύλα,
1526 1939 1767 2008 χόρτον,

251 2006 885 2100 καλάέέὲινξέκμςτου.
905 2007 971 2100 τὲ
988 2009 1193 2100 ἔργον.
1214 2009 1488 2100 εαξῖξειζιξν.
1502 2006 1771 2100 ,ταύφεί

250 2100 376 2137 ται.
415 2076 483 2135 Ἦ
504 2079 612 2149 γὰρ
638 2080 828 2148 ἡμέρα
848 2076 1133 2145 δηλώσει,
1159 2076 1249 2131 ὅτι
1280 2078 1349 2131 ἐν
1374 2077 1517 2149 πυρί
1536 2080 1771 2149 ,ἀποκα-

248 2148 585 2207 λύπτεταιί
608 2152 704 2203 καὶ
744 2149 1008 2202 ἑκάστου
1042 2149 1106 2202 τὸ
1144 2148 1342 2217 ἔργον,
1371 2148 1580 2201 όποῖόν
1613 2148 1767 2211 ἐστι,

247 2224 319 2278 τὸ
353 2222 475 2290 πῦρ
502 2221 648 2275 αὐτὸ
669 2218 1005 2290 δοκιμάσει.
1026 2221 1069 2270 Ε
1076 2219 1098 2270 ῑ
1126 2235 1290 2290 τινος
1317 2219 1380 2271 τὸ
1406 2219 1584 2287 ἔργον
1599 2218 1769 2290 μένει

246 2297 284 2349 ὃ
315 2287 749 2359 ἐπῳκοδόμησε
767 2329 782 2352 ,
802 2287 810 2288 ί
831 2288 1054 2359 μισθόν
1080 2287 1372 2357 λήψεται·
1406 2290 1463 2342 εἴ
1510 2306 1675 2354 τινος
1702 2289 1769 2359 τὸ

243 2367 438 2433 ἔργον
463 2358 930 2433 κατακαῄσεται,
952 2429 963 2433 _
980 2358 1411 2433 ζημιωθήσεται
1434 2376 1446 2389 ·
1490 2359 1673 2425 αὐτὸς
1702 2358 1770 2412 δὲ

241 2429 596 2500 σωθήσεται
620 2472 634 2496 ,
658 2430 811 2484 οὓτω
833 2429 900 2482 δὲ
932 2429 1013 2495 ὡς
1036 2429 1135 2482 διὰ
1165 2430 1375 2497 πυρός.

246 2566 327 2613 α’.
380 2559 453 2611 Ού
488 2555 680 2627 μικρὸν
710 2557 839 2626 ἡμῖν
867 2555 1025 2608 τοῦτο
1052 2554 1112 2608 τὸ
1140 2555 1497 2624 προκείμενον
1523 2554 1766 2625 ζήτημα,

168 2643 320 2696 ἀλλὰ
351 2644 445 2696 καὶ
469 2641 597 2712 περὶ
615 2641 643 2679 ι)
659 2640 767 2692 τῶν
796 2640 1000 2710 σφόδρα
1022 2640 1354 2706 ἀναγκαίων,
1383 2641 1475 2693 καὶ
1502 2634 1575 2694 ὧν
1593 2640 1767 2695 ἀπαν-

164 2743 264 2790 τες
294 2725 556 2795 ζητοῦσιν
577 2723 875 2794 ἄνθρωποι,
900 2724 947 2774 εί
976 2723 1129 2785 τέλος
1158 2723 1270 2791 ἔχει
1302 2723 1361 2775 τὸ
1400 2724 1497 2793 τῆς
1528 2724 1754 2793 γεέννης

166 2811 327 2882 πῦρ..
366 2810 491 2862 ’Ὁτι
534 2806 632 2877 μὲν
673 2806 781 2876 γὰρ
828 2806 927 2857 οὐκ
958 2804 1093 2875 ἔχει,
1123 2806 1151 2856 6
1190 2806 1423 2876 Χριστὸς
1447 2807 1767 2878 ἀπεφήνατο

163 2895 353 2963 λέγων
375 2910 388 2922 ·
422 2892 492 2946 Τὸ
514 2891 632 2959 πῦρ
665 2887 861 2942 αὐτῶν
887 2891 957 2942 οὐ
980 2889 1407 2957 σϐεσθήσεται,
1439 2890 1535 2943 καὶ
1562 2894 1593 2944 ό
1614 2891 1768 2944 σκώ-

161 2977 293 3044 ληξ
325 2974 529 3029 αὐτῶν
560 2975 630 3025 οὐ
661 2971 1031 3039 τελευτήσει.
1062 2972 1170 3023 Kal
1207 2968 1324 3024 οἶδα
1359 2973 1457 3042 μὲν
1478 3012 1491 3036 ,
1528 2973 1609 3025 ότι
1632 2991 1765 3045 ναρ‹

164 3064 309 3114 xire
329 3059 506 3113 ταῦτα
530 3056 847 3116 ἀκούοντεςο
881 3056 1015 3109 ἀλλά
1037 3055 1089 3107 τί
1119 3055 1309 3120 πάθω;
1338 3057 1434 3109 καὶ
1454 3056 1563 3128 γάρ
1586 3059 1613 3111 6
1634 3059 1765 3121 Θεὸς

162 3143 394 3196 κελεύει
427 3142 598 3196 ταῦτα
624 3139 862 3210 συνεχῶς
896 3142 1129 3209 ἐνηχεῖν,
1176 3140 1379 3208 λέγων·
1421 3140 1761 3196 Διάστειλαι

163 3228 250 3295 τῷ
270 3226 409 3293 λαῷ
442 3229 655 3288 τούτῳ·
692 3226 965 3295 καὶὴμεῖς
996 3226 1075 3287 είς
1103 3224 1377 3277 διακονίαν
1415 3224 1574 3293 λόγου
1606 3229 1763 3280 τετά-

162 3311 383 3382 γμεθα,
412 3310 509 3363 καὶ
547 3308 760 3379 ἀνάγκη
812 3307 1066 3377 φορτικὸν
1106 3303 1245 3360 εἶναι
1274 3310 1388 3368 τοῖς
1440 3310 1757 3379 ἀκροαταῖς,

160 3398 268 3465 οὐχ
304 3395 525 3454 ἑκόντα,
562 3391 676 3445 ἀλλ’
701 3389 1167 3459 ἀναγκαζόμενον.
1198 3389 1414 3444 Μᾶλλον
1440 3392 1521 3453 δὲ,
1558 3395 1603 3445 εἰ
1636 3393 1759 3463 βού-

162 3478 359 3539 λεσθε,
396 3476 496 3529 οὐκ
524 3475 763 3545 ἐσόμεθα
784 3474 1062 3544 φορτικοί⁹
1099 3474 1196 3526 Ἂν
1226 3475 1335 3545 γαρ
1358 3514 1372 3537 ,
1406 3477 1560 3545 φησὶ,
1602 3480 1761 3547 ποιῇς

160 3562 229 3613 τὸ
262 3559 497 3629 ἀγαθὸν,
532 3557 605 3629 μὴ
629 3556 817 3626 φοϐοῦ.
865 3556 1029 3608 Ὥστε
1076 3556 1285 3622 ἔξεστιν
1337 3558 1465 3626 ύμῖν
1499 3560 1572 3629 μὴ
1602 3559 1761 3628 μόνον

163 3644 246 3714 μὴ
299 3643 445 3714 μετά
502 3639 818 3709 ἀπεχθείας,
860 3639 997 3692 ἀλλά
1044 3639 1139 3691 καὶ
1193 3640 1329 3708 μετά
1369 3641 1558 3711 ἡδονῆς
1604 3643 1761 3712 ήμῶν

161 3727 421 3782 ἀκούειν.
445 3726 567 3777 Ὅτι
602 3723 701 3793 μὲν
727 3719 818 3775 οὖν
851 3722 953 3775 οὐκ
986 3720 1099 3792 ἔχει
1141 3722 1316 3786 τέλος,
1359 3723 1451 3775 καὶ
1477 3723 1505 3773 6
1529 3724 1759 3794 Χριστὸς

159 3812 498 3880 ἀπεφήνατο
521 3820 536 3835 ·
572 3809 665 3860 καὶ
698 3809 726 3859 6
752 3804 961 3868 Παῦλος
982 3805 1039 3857 δέ
1064 3823 1216 3876 φησι,
1250 3806 1463 3869 δεικνὺς
1495 3806 1759 3861 ἀθάνατον

158 3896 267 3966 τὴν
300 3894 547 3957 κόλασιν,
574 3893 655 3945 ὅτι
682 3892 731 3943 οἱ
761 3890 1171 3961 ἁμαρτάνοντες
1208 3889 1362 3959 δίκην
1391 3889 1600 3943 τίσουσι
1642 3892 1760 3944 όλε-

158 3978 299 4049 θρον
371 3976 587 4031 αἰώνιον
622 3976 645 4013 b
669 3992 682 4005 ·
726 3974 820 4026 καὶ
858 3972 1040 4036 πάλιν,
1097 3971 1193 4039 Μὴ
1233 3974 1545 4027 πλανᾶσθε
1568 3991 1580 4004 ⁸
1618 3976 1754 4029 οὔτε

156 4066 405 4133 πόρνοι,
435 4063 574 4115 οὔτε
587 4077 689 4129 μοι
696 4058 809 4127 χοὶ,
830 4058 966 4111 οὔτε
982 4056 1242 4125 μαλακοί
1258 4058 1588 4120 βασιλείαν
1609 4060 1756 4115 Θεοῦ

157 4144 710 4214 κληρονομήσουσι
731 4159 742 4170 ·
770 4142 866 4193 καὶ
900 4140 1173 4208 Ἑϐραίοις
1194 4139 1250 4192 δέ
1272 4141 1475 4209 ἔλεγεν
1492 4142 1758 4211 Εἰρήνην

158 4230 414 4281 διώκετε
447 4227 597 4296 μετὰ
625 4224 869 4277 πάντων
917 4223 1014 4277 καί
1043 4223 1151 4276 τὸν
1176 4225 1495 4293 ἁγιασμόν,
1538 4220 1609 4280 οὗ
1643 4243 1755 4294 χω-

151 4313 259 4379 ρὶς
288 4311 497 4375 οὐδεὶς
534 4311 744 4379 ὄψεται
784 4308 889 4359 τὸν
916 4306 1153 4374 Κύριον.
1188 4308 1296 4359 Kal
1345 4309 1372 4359 6
1412 4308 1644 4378 Χριστὸς
1694 4308 1753 4361 δὲ

156 4399 271 4457 τοῖς
292 4391 599 4465 εἰρηκόσιν,
620 4394 672 4444 Ἐ
678 4410 713 4445 ν
731 4390 809 4456 τῷ
828 4390 1070 4456 ὀνόματί
1083 4406 1201 4444 σου
1215 4390 1496 4460 δυνάμεις
1513 4394 1748 4459 πολλὰς

154 4477 559 4546 ἐποιήσαμεν,
586 4476 1087 4547 φησί-Πορεύεσθε
1107 4475 1207 4527 ἀπ’
1247 4475 1413 4543 ἐμοῦ,
1449 4475 1749 4544 οἱὲργαζό-

150 4581 333 4634 μενοι
362 4562 478 4629 τὴν
502 4562 786 4629 ἀνομίαν⁸
820 4563 929 4614 οὐκ
954 4553 1085 4612 οῖδα
1115 4558 1288 4627 ὑμᾶς.
1315 4560 1422 4612 Kal
1450 4562 1505 4612 αί
1540 4560 1744 4630 παρθέο

158 4664 241 4701 νοι
282 4647 344 4699 δὲ
381 4644 845 4708 ἀποκλεισθείσαι,
886 4644 986 4695 οὐκ
1034 4642 1115 4695 ἐτι
1162 4644 1440 4712 εἰσῆλθον⁸
1479 4646 1571 4697 καὶ
1619 4646 1748 4715 περὶ

155 4729 270 4781 τῶν
299 4729 377 4799 μὴ
400 4727 715 4798 θρεψάντων
736 4725 791 4778 δὲ
817 4725 979 4778 αὐτὸν
1021 4727 1209 4796 φησὶν,
1231 4727 1313 4779 ὅτι
1360 4727 1751 4781 Ἀπελεύσον-

158 4831 253 4866 ται
278 4816 371 4877 είς
398 4812 658 4864 κόλασιν
684 4809 942 4863 αἰώνιον.

234 4915 351 4967 Kal
382 4916 456 4984 μή
493 4930 583 4983 μοι
615 4912 762 4981 λέγε⁹
785 4913 895 4966 Ποῦ
924 4915 952 4967 6
974 4911 1069 4966 τοῦ
1094 4914 1301 4967 δικαίου
1328 4914 1747 4985 διαφυλάττεται

154 4998 345 5067 λόγος,
374 5000 421 5049 εἰ
450 4996 526 5067 μὴ
545 4996 655 5067 ἔχει
679 4996 829 5059 τέλος
861 4999 893 5067 ή
932 4997 1151 5060 κόλασις
1176 5016 1189 5063 ;
1224 4998 1394 5053 ’Ὀταν
1417 5001 1523 5070 γάρ
1552 5001 1580 5050 ὀ
1617 5000 1748 5063 Θεὸς

155 5080 466 5151 ἐργάζηταί
500 5097 573 5143 τι,
626 5080 814 5131 πείθου
856 5082 977 5142 ταῖς
1009 5081 1336 5149 ἀποφάσεσι,
1385 5085 1478 5135 καὶ
1506 5084 1579 5153 μὴ
1612 5083 1745 5136 ύπό-

157 5164 327 5217 ϐαλλε
353 5163 632 5232 λογισμοῖς
656 5162 1015 5234 ἀνθρωπίνοις
1041 5164 1109 5215 τὰ
1129 5164 1420 5234 λεγόμενα,
1456 5167 1662 5229 Ἀλλως
1689 5167 1744 5219 δὲ

158 5249 282 5309 πῶς
316 5248 417 5299 οὐκ
444 5246 509 5298 ἂν
550 5247 633 5316 εἴη
668 5245 875 5297 δίκαιον
921 5246 1013 5298 τὸν
1058 5247 1224 5317 μυρία
1260 5248 1497 5301 παθόντα
1532 5248 1647 5321 [74]
1686 5250 1746 5315 ἐξ

158 5331 342 5403 ἀρχῆς
382 5329 564 5397 ἁγαθά
588 5369 602 5393 ,
638 5324 757 5380 εἶτα
794 5328 1068 5391 κολάσεως
1108 5329 1234 5395 ἄξια
1277 5331 1559 5401 πράξαντα
1583 5372 1596 5395 ,
1650 5337 1744 5388 καὶ

164 5418 307 5485 μήτε
341 5416 538 5483 ἀπειλῇ
571 5417 704 5484 μήτε
742 5414 1029 5483 εὐεργεσίᾳ
1077 5413 1274 5483 βελτίω
1306 5418 1616 5487 γενόμενον,
1652 5437 1745 5472 κο-

156 5498 461 5564 λάζεσθαι;
504 5499 565 5550 Εἰ
610 5497 718 5568 γὰρ
756 5498 817 5549 τὸ
862 5497 1074 5549 δίκαιον
1125 5496 1423 5564 ἐξετάζεις,
1462 5502 1522 5565 ἐξ
1568 5503 1743 5574 ἀρχῆς

154 5584 310 5653 ἡμᾶς
339 5581 541 5645 εὐθέως
566 5582 733 5652 ἐχρῆν
763 5581 1084 5648 ἀπολέσθαι,
1116 5581 1259 5634 κατά
1285 5584 1377 5636 τὸν
1402 5583 1496 5638 τοῦ
1530 5584 1739 5640 δικαίου

219 5745 248 5772 ε
276 5744 397 5804 Reg
446 5746 518 5792 sic
570 5746 667 5794 inci
707 5746 743 5795 il
770 5760 781 5793 :
812 5747 883 5795 Οὐ
942 5745 1107 5808 μικρὸν
1150 5745 1263 5807 ἡμῖν
1305 5746 1361 5795 ἐκ
1415 5753 1500 5805 τῆς
1544 5765 1739 5813 περικο-

219 5810 257 5857 ῗς
276 5806 448 5857 ταύτης
470 5806 655 5857 ζήτημα
672 5759 943 5857 ἓνακύπτει.
970 5809 1088 5857 ἀλλά
1106 5810 1184 5856 καὶ
1208 5809 1331 5857 περί.
1402 5808 1427 5847 b
1451 5809 1614 5857 γυια..
1635 5812 1738 5857 ὀλέ-

164 5806 257 5876 ξτῆς
276 5806 655 5876 ταύτηςζῄτημλα
672 5806 951 5870 ἆνακύπτει,
970 5806 1088 5857 ἀλλά
1106 5810 1184 5856 καὶ
1208 5809 1331 5872 περί.
1402 5806 1619 5876 ιχγυιελ
1635 5812 1738 5862 ὀλέ-

162 5868 296 5931 θριον
318 5867 397 5914 καὶ
420 5867 630 5917 αἰώνιον.

1878 1864 2034 1935 λόγον
2058 1876 2073 1892 ⁸
2106 1864 2304 1937 μᾶλλον
2335 1865 2390 1920 δὲ
2411 1866 2531 1919 οὐδὲ
2556 1867 2678 1920 τότε
2708 1869 2849 1921 κατά
2872 1868 2963 1921 τὸν
2986 1868 3079 1922 τοῦ
3117 1869 3326 1924 δικαίου
3368 1872 3456 1927 λό-

1873 1965 1969 2017 γον
2002 1948 2182 2019 μόνον.
2221 1951 2329 2002 Kal
2354 1950 2463 2021 γὰρ
2498 1950 2591 2003 καὶ
2624 1951 3037 2021 φιλανθρωπίαν
3075 1949 3243 2022 εἶχεν,
3279 1956 3327 2007 εί
3363 1958 3457 2009 καὶ

1872 2031 2029 2085 τοῦτο
2055 2031 2333 2102 ἐπάθομεν
2362 2034 2422 2087 τὸ
2450 2035 2753 2104 γινόμενον.
2783 2035 2952 2088 Ὅταν
2983 2038 3080 2105 μὲν
3110 2038 3218 2108 γάρ
3258 2056 3341 2101 τις
3370 2040 3461 2092 τὸν

1878 2115 2044 2187 μηδὲν
2070 2116 2374 2185 ἠδικηκότα
2403 2117 2619 2190 ὑϐρίζῃ,
2654 2118 2794 2171 κατά
2829 2121 2919 2172 τὸν
2946 2119 3042 2173 τοῦ
3069 2120 3274 2175 δικαίου
3303 2122 3459 2191 λόγον

1870 2200 2052 2253 δίδωσι
2078 2201 2268 2271 δίκηνο
2316 2202 2445 2254 ὅταν
2484 2203 2541 2255 δέ
2585 2220 2667 2265 τις
2712 2203 2802 2256 τὸν
2825 2203 3147 2274 εὐεργέτην,
3185 2206 3275 2259 τὸν
3305 2206 3458 2260 οὐδὲν

1874 2285 2226 2355 προπαθόντα
2256 2287 2375 2356 μὲν,
2410 2281 2467 2339 εὖ
2497 2288 2801 2357 ποιήσαντα
2834 2288 2892 2340 δὲ
2926 2289 3128 2359 μυρία,
3167 2290 3262 2343 καὶ
3298 2291 3460 2361 μόνον

1870 2369 1965 2422 τοῦ
2005 2365 2142 2422 εἶναι
2174 2370 2466 2440 γενόμενον
2494 2370 2797 2435 αῖτιον,καὶ
2819 2371 2952 2425 Θεὸν
2981 2373 3132 2439 ὄντα,
3162 2374 3258 2427 καλ⁵
3278 2375 3458 2447 ψυχὴν

1871 2453 2278 2521 ἐμπνεύσαντα,
2314 2454 2410 2507 καὶ
2440 2454 2608 2525 μυρία
2631 2456 3021 2525 χαρισάμενον,
3059 2457 3151 2510 καὶ
3188 2458 3267 2521 είς
3291 2458 3456 2530 οὐρα-

1866 2536 1958 2589 νὸν
1988 2536 2319 2608 βουληθέντα
2348 2538 2669 2606 ἀναγαγεῖν,
2701 2540 2751 2591 εί
2794 2538 2982 2593 τοῦτον
3020 2540 3158 2611 μετά
3190 2542 3458 2606 τοσαύτας

1870 2619 2191 2689 εὐεργεσίας
2226 2619 2301 2691 μὴ
2329 2620 2490 2691 μόνον
2525 2621 2761 2691 ὑϐρίζει,
2792 2622 2929 2676 ἀλλά
2959 2623 3054 2676 καὶ
3084 2623 3205 2677 καθ’
3241 2626 3456 2697 ἡμέραν

1872 2702 2081 2773 ὑϐρίζει
2104 2704 2173 2757 δι’
2210 2699 2284 2757 ὧν
2316 2706 2480 2770 ποιεῖ,
2507 2704 2664 2768 ποίας
2699 2706 2847 2772 ἄξιος
2888 2706 3039 2759 ἔσται
3086 2708 3451 2781 συγγνώμης;

1870 2786 1982 2855 Οὐχ
2017 2789 2148 2858 ὁρᾷς
2190 2787 2308 2851 πῶς
2350 2788 2440 2843 τὸν
2486 2789 2657 2860 Ἀδάμ
2690 2790 2916 2843 ἐκόλασε
2962 2790 3049 2845 διὰ
3090 2792 3219 2863 μίαν
3272 2794 3451 2865 ἀμαρ-

1867 2869 2026 2935 τίαν;
2058 2872 2187 2934 Ναὶ,
2226 2872 2379 2943 φησὶ,
2406 2873 2736 2942 παράδεισον
2770 2875 3089 2943 παρέδωκεν
3122 2876 3334 2948 ἐκείνῳ,
3359 2890 3453 2931 και

1870 2952 2076 3022 πολλῆς
2124 2954 2336 3017 εὐνοίας
2385 2954 2693 3008 ἀπολαῦσαι
2729 2958 2973 3027 ἐποίησε.
3016 2958 3207 3013 Καίτοι
3241 2977 3303 3027 γε
3354 2961 3452 3015 οὐκ

1870 3034 2016 3088 ἔστιν
2057 3036 2191 3101 τσον,
2235 3037 2418 3100 ἀδείας
2450 3038 2793 3090 ἀπολαύοντα
2846 3042 3219 3109 ἁμαρτάνειν,
3252 3044 3346 3095 καὶ
3393 3046 3452 3095 ἐν

1870 3119 2047 3189 θλίψει
2093 3119 2413 3174 καθεστῶτα
2464 3122 2653 3193 πολλῇ.
2686 3124 2794 3177 Kal
2827 3125 2933 3195 γάρ
2967 3125 3025 3178 τὸ
3071 3127 3243 3180 δεινὸν
3292 3128 3453 3181 τοῦτό

1867 3202 2034 3265 ἐστιν,
2060 3202 2140 3255 ὅτι
2170 3203 2289 3256 οὐδὲ
2314 3204 2371 3256 ἐν
2401 3204 2715 3275 παραδείσῳ
2736 3205 2809 3259 ῶν
2848 3208 3208 3279 ἁμαρτάνεις,
3241 3210 3355 3263 ἀλλ’
3391 3214 3451 3264 ἐν

1862 3288 1975 3347 τοῖς
2004 3285 2219 3357 μυρίοις
2248 3286 2341 3339 τοῦ
2381 3288 2649 3357 παρόντος
2701 3288 2817 3358 βίου
2854 3293 3065 3356 κακοῖς,
3108 3293 3201 3345 καὶ
3226 3293 3347 3346 οὐδὲ
3381 3299 3446 3365 τῇ

1862 3368 2211 3442 ταλαιπωρία
2262 3370 2704 3440 σωφρονέστερος
2741 3372 2863 3443 γίνῃ
2892 3391 2904 3404 ·
2955 3374 3144 3445 ὥσπερ
3170 3376 3237 3429 ἂν
3279 3378 3332 3430 εῖ
3365 3394 3449 3440 τις

1862 3450 2145 3521 δεδεμένος
2174 3453 2354 3522 χρῷτο
2374 3455 2441 3522 τῇ
2472 3454 2727 3525 πονηρίᾳ.
2772 3456 2863 3507 Σοὶ
2898 3455 2953 3509 δὲ
2990 3459 3082 3510 καὶ
3117 3460 3444 3529 παραδείσου

1866 3533 2091 3602 μείζονα
2122 3534 2487 3604 ἐπηγγείλατο
2510 3551 2523 3564 '
2558 3538 2650 3589 καὶ
2683 3535 2807 3589 οὐτε
2841 3538 3037 3593 ἔδωκεν
3072 3542 3172 3611 ἤδη
3197 3585 3209 3605 ,
3250 3544 3335 3597 ἵνα
3368 3547 3442 3616 μή

1870 3632 1929 3668 σε
1961 3616 2151 3687 διαχέῃ
2181 3618 2237 3670 ἐν
2268 3616 2345 3687 τῷ
2374 3617 2549 3689 καιρῷ
2586 3619 2692 3673 τῶν
2719 3620 2941 3689 ἀγώνων
2962 3661 2977 3685 ,
3012 3623 3133 3677 οὐτε
3167 3626 3441 3697 ἐσίγησεν,

1864 3698 1949 3753 ἵνα
1974 3702 2047 3771 μή
2073 3717 2129 3752 σε
2150 3701 2509 3775 καταϐάλ[λ]ῃ
2538 3706 2649 3767 τοῖς
2678 3705 3157 3771 πόνοις.Κάκεῖνος
3185 3710 3283 3779 μὲν
3314 3711 3443 3781 μίαν

1862 3784 2136 3856 ἁμαρτίαν
2162 3785 2443 3858 ἁμαρτὼν,
2477 3787 2707 3841 θάνατον
2744 3790 3035 3861 ὀλόκληρον
3070 3794 3438 3859 ἐπεσπάσατο,

1860 3869 2019 3936 ἡμεῖς
2048 3868 2102 3920 δὲ
2130 3869 2299 3939 μυρία
2325 3870 2446 3923 καθ’
2482 3872 2721 3942 ἐκάστην
2751 3873 2966 3944 ἡμέραν
2988 3874 3439 3948 πλημμελοῦμεν.

1858 3950 1923 4003 EE
1951 3950 2006 4004 δὲ
2031 3952 2161 4021 μίαν
2181 3954 2557 4024 ἐργασάμενος
2586 3957 2793 4020 ἐκεῖνος
2819 3958 3070 4011 τοσοῦτον
3092 3962 3443 4015 ἐπεσπάσατο

1859 4034 2049 4098 κακὸν,
2072 4036 2166 4088 καὶ
2188 4036 2418 4089 θάνατον
2446 4039 2784 4107 είσήνεγκεν·
2814 4042 2863 4092 οί
2887 4041 3151 4110 διηνεκῶς
3180 4046 3237 4096 ἐν
3261 4046 3434 4115 ἀμαρ-

1857 4118 2063 4187 τήμασι
2095 4117 2317 4183 ζῶντες,
2350 4119 2484 4172 τίού
2520 4123 2841 4192 πεισόμεθα,
2876 4125 2923 4176 οἱ
2960 4125 3081 4177 ἀντὶ
3106 4127 3439 4195 παραδείσου

1856 4198 1949 4251 τὸν
1987 4201 2213 4269 οὐρανὸν
2268 4202 2709 4272 προσδοκῶντες;
2752 4208 3011 4275 Φορτικὸς
3054 4210 3083 4260 6
3130 4208 3306 4278 λόγος,
3342 4213 3437 4265 καὶ

1856 4282 2019 4335 λυπεῖ
2047 4283 2137 4336 τὸν
2172 4285 2450 4356 ἀκροατήν
2469 4304 2481 4316 ·
2511 4289 2606 4340 καὶ
2633 4290 2689 4355 ἐξ
2717 4283 2791 4342 ὧν
2825 4291 2986 4355 αὐτὸς
3033 4292 3245 4362 πάσχω,
3277 4294 3435 4349 τοῦτο

1856 4362 1973 4419 οἶδα
1994 4382 2007 4394 ·
2050 4368 2144 4419 καὶ
2182 4368 2343 4439 γάρὴ
2374 4371 2572 4440 καρδία
2604 4389 2704 4441 μου
2735 4374 3064 4442 ταράττεται
3091 4378 3183 4429 καὶ
3216 4378 3429 4431 πάλλειο

1855 4450 1949 4502 καὶ
1972 4450 2080 4520 ὅσῳ
2114 4449 2179 4502 ἂν
2220 4449 2312 4503 ἴδω
2352 4453 2892 4525 κατασκευαζόμενον
2939 4457 3031 4509 τὸν
3078 4459 3178 4527 τῆς
3209 4459 3433 4529 γεέννης

1854 4530 2032 4600 λόγον,
2058 4533 2300 4603 τοσούτῳ
2334 4535 2532 4603 μᾶλλ.ον
2553 4536 2743 4607 τρέμω
2772 4538 2864 4591 καὶ
2891 4539 3279 4611 ἀναδύομαιτῷ
3301 4541 3428 4597 δέει.

1866 4616 2005 4668 Ἀλλ’
2033 4616 2243 4687 ἀνάγκη
2270 4618 2441 4671 ταῦτα
2474 4618 2674 4685 λέγειν,
2716 4622 2800 4674 ἵνα
2830 4621 2902 4693 μὴ
2931 4626 3317 4695 περιπέσωμεν
3362 4631 3429 4699 τῇ

1851 4701 2066 4772 γεέννῃ.
2123 4700 2236 4753 Οὐκ
2269 4700 2459 4765 ἔλαϐες
2512 4704 2576 4755 σὺ
2640 4706 2963 4774 παράδεισον
3003 4707 3121 4761 οὐδὲ
3174 4708 3304 4772 ξύλα
3337 4714 3431 4764 καὶ⁹

1852 4785 2015 4852 φυτά,
2052 4782 2167 4836 ἀλλ’
2199 4786 2426 4855 οὐρανὸν
2465 4786 2653 4839 καὶτὰ
2696 4790 2754 4840 ἐν
2794 4791 2905 4851 τοῖς
2944 4790 3191 4859 οὐρανοῖς
3223 4793 3426 4861 ἀγαθά.

1851 4866 1913 4919 Εἰ
1945 4866 2002 4919 δὲ
2024 4869 2052 4920 6
2074 4866 2283 4921 ἐλάττω
2311 4867 2491 4921 λαϐὼν
2523 4870 2912 4943 κατεδικάσθη,
2947 4875 3040 4927 καὶ
3060 4875 3237 4939 οὐδεὶς
3265 4878 3428 4932 αὐτὸν

1849 4950 2080 5015 ἐξείλετο
2105 4951 2283 5019 λόγος,
2318 4953 2497 5023 πολλῷ
2530 4953 2729 5024 μᾶλλον
2762 4957 2920 5027 ἡμεῖς
2941 4960 2991 5009 οί
3013 4959 3229 5012 πλείονα
3247 4962 3427 5033 ἀμαρ-

1845 5036 2099 5098 τάνοντες
2127 5038 2222 5089 καὶ
2261 5038 2354 5088 ἐπὶ
2402 5035 2615 5107 μείζοσι
2658 5040 3005 5111 κεκλημένοι,
3048 5043 3116 5096 τά
3149 5046 3439 5115 ἀνήκεστα-

1848 5118 2248 5189 ύπομενοῦμεν.
2304 5119 2587 5190 Ἐννόησον
2639 5121 2771 5190 γοῦν
2817 5124 2983 5178 πόσον
3032 5126 3217 5196 χρόνον
3257 5130 3314 5181 ἐν
3346 5129 3424 5198 τῷ

1847 5200 2064 5273 θανάτῳ
2100 5204 2251 5273 μένει
2281 5202 2367 5257 διά
2400 5204 2527 5273 μίαν
2553 5207 2831 5278 ἁμαρτίαν
2856 5208 2918 5262 τὸ
2943 5210 3097 5276 γένος
3128 5212 3189 5264 τὸ
3218 5212 3437 5283 ήμέτε-.

1847 5303 1957 5358 ρον.
2014 5288 2433 5358 Πεντακισχίλια
2466 5288 2560 5361 ἕτη
2601 5292 2693 5343 καὶ
2737 5291 2906 5345 πλείω
2938 5293 3182 5365 παρῆλθε
3212 5338 3226 5360 ,
3267 5296 3363 5350 καὶ
3394 5299 3424 5352 6

1845 5369 2071 5437 θάνατος
2104 5370 2317 5425 οὐδέπω
2342 5370 2563 5427 λέλυται
2585 5373 2671 5428 διὰ
2699 5375 2829 5445 μίαν
2855 5376 3148 5447 ἁμαρτίαν.
3168 5378 3277 5432 Καὶ
3301 5380 3431 5441 οὐδὲ.

1842 5452 2040 5523 ἔχομεν
2068 5454 2262 5518 εἰπεῖν,
2288 5455 2369 5508 δτι
2406 5457 2698 5528 προφητῶν
2729 5459 2959 5529 ἤκουσεν
2990 5463 3017 5514 6
3060 5461 3229 5532 ’Δδάμ
3248 5502 3262 5523 ,
3298 5462 3421 5523 οὐδὲ

1842 5537 1923 5590 ὃτι
1946 5538 2037 5590 ἐπὶ
2078 5538 2469 5608 ἁμαρτήμασιν
2492 5540 2709 5611 ἐτέρους
2743 5542 3139 5612 κολαζομένους
3165 5541 3294 5608 εἶδε,
3325 5546 3419 5599 καὶ

1842 5620 2144 5693 φοϐηθῆναι
2174 5622 2422 5677 ἐντεῦθεν
2452 5624 2613 5677 αὐτὸν
2639 5625 2785 5688 είκὸς
2808 5622 2895 5697 ἦν,
2920 5629 3013 5681 καὶ
3041 5629 3191 5699 αὐτῷ
3216 5629 3293 5700 τῷ
3320 5646 3420 5683 πα-

1843 5704 2159 5775 ραδείγματι
2198 5707 2636 5778 σωφρονισθῆναι
2656 5726 2670 5741 ο
2692 5709 2912 5780 πρῶτος
2941 5713 3050 5781 γὰρ
3073 5708 3139 5782 ἦν
3168 5712 3289 5765 τότε
3323 5715 3418 5768 καὶ

1842 5786 2023 5856 μόνος,
2055 5788 2167 5839 ἀλλ’
2208 5790 2357 5859 ὅμως
2400 5791 2741 5862 ἐτιμωρεῖτο.
2778 5793 2850 5845 Σὺ
2894 5794 2957 5847 δὲ»
2985 5795 3136 5849 οὐδὲν
3166 5795 3232 5849 ἂν
3270 5795 3415 5867 ἔχοις

1837 5870 2041 5926 τούτων
2074 5873 2459 5943 προϐαλέσθαι,
2489 5877 2517 5929 ό
2543 5876 2679 5947 μετὰ
2709 5875 2944 5933 τοσαῦτα
2988 5879 3407 5952 παραδείγματα
