3864 6216
396 236 467 292 77
1093 230 1158 285 S.
1195 226 1484 285 JOANNIS
1519 221 2016 282 CHRYSOSTOMI
2057 223 2378 280 ARCHIEP.
2418 221 2966 280 CONSTANTINOP.
3574 222 3640 278 78

392 349 681 422 γενόμενος
727 344 944 417 χείρων,
977 345 1004 397 6
1031 342 1284 396 τοσούτου
1329 340 1688 407 καταξιωθείς
1718 339 1966 411 Πνεύμαο

390 459 502 506 τος,
527 441 622 494 καὶ⁵
650 438 710 491 ού
760 437 888 508 μίαν
917 435 1038 489 οῦδὲ
1079 435 1174 490 δύο
1224 438 1320 490 καὶ
1367 438 1538 507 τρεῖς,
1573 434 1710 488 ἀλλά
1768 433 1968 505 μυρίας

391 531 751 601 ἐφελκόμενος
777 529 1070 601 ἁμαρτίας.
1098 529 1188 598 Μὴ
1214 529 1341 599 γάρ.
1371 529 1450 581 δτι
1489 530 1545 580 έν
1575 530 1712 600 ῥοπῇ
1742 526 1973 600 βραχείᾳ

394 621 508 695 [75]
541 622 610 676 τὰ
637 621 1010 692 ἁμαρτήματα
1043 619 1276 689 γίνεται,
1304 618 1461 672 τοῦτο
1491 621 1720 683 σκόπει,
1760 618 1855 672 καὶ
1885 617 1973 670 διά

389 710 551 765 τοῦτο
588 710 682 764 καὶ
724 709 822 782 τὴν
857 709 1078 762 κόλασιν
1110 709 1283 780 ῥοπῆς
1305 705 1444 762 εἶναι
1470 706 1676 778 νόμιζε.
1701 707 1813 775 Ούχ
1841 706 1972 776 δρᾷς

391 806 518 867 τοὺς
543 801 881 875 ἀνθρώπους,
911 802 960 855 οἳ
1002 802 1261 866 πολλάκις
1312 802 1450 872 ὑπὲρ
1487 803 1612 870 μιᾶς
1646 800 1852 868 κλοπῆς
1880 797 1972 851 καὶ

397 897 525 967 μιᾶς
557 895 800 966 μοιχείας
827 897 884 948 ὲν
917 897 1088 967 μικρᾷ
1119 897 1257 966 ῥοπῇ
1297 907 1320 935 ο
1354 893 1646 964 γινομένης
1679 894 1734 944 έν
1757 891 1971 961 δεσμω-

392 979 603 1051 τηρίοις
628 979 722 1033 καὶ
749 979 1033 1050 μετάλλοις
1060 978 1356 1049 ὁλόκληρον
1387 977 1567 1032 αὐτῶν
1591 977 1684 1030 τὸν
1715 974 1827 1046 βίον
1880 974 1974 1026 άν-

393 1073 630 1138 άλωσαν,
656 1069 800 1142 λιμῷ
835 1070 1072 1142 διηνεκεῖ
1096 1070 1189 1124 καὶ
1214 1071 1427 1141 μυρίοις
1453 1069 1773 1131 παλαίοντες
1806 1065 1970 1120 θανά·

391 1179 542 1227 τοις;
595 1162 687 1216 καὶ
736 1161 909 1224 οὐδεὶς
955 1162 1154 1225 αὐτοὺς
1192 1160 1427 1226 ἐξείλετο
1480 1159 1600 1213 οῦδὲ
1642 1155 1833 1222 εἶπεν,
1887 1157 1971 1210 δτι

393 1254 583 1326 ἐπειδὴ
621 1255 648 1296 ιι
689 1255 747 1308 ὲν
783 1254 1013 1327 βραχείᾳ
1054 1253 1244 1326 καιροῦ
1280 1256 1418 1324 ῥοπῇ
1458 1253 1516 1307 τὸ
1545 1252 1852 1323 ἁμάρτημα
1882 1249 1974 1319 γέ-

395 1363 542 1416 γονε,
566 1345 646 1399 δεῖ
674 1347 768 1400 καὶ
788 1345 886 1417 τὴν
912 1345 1134 1400 κόλασιν
1164 1345 1490 1418 ἁντίρῥοπον
1519 1347 1583 1416 τῇ
1607 1343 1853 1416 ἁμαρτίᾳ
1879 1341 1973 1395 καὶ

394 1436 488 1490 τὸν
507 1437 697 1508 χρόνον
729 1435 890 1505 ἔχειν.

472 1531 536 1599 β’.
556 1527 694 1582 Ἀλλ’
713 1527 808 1581 ἀνθ
819 1543 1010 1599 ρωποι,
1025 1525 1207 1596 φησὶν,
1223 1526 1442 1592 εἰσὶν,οἰ
1474 1526 1649 1579 ταῦτα
1669 1526 1966 1590 ποιοῦντες,

395 1623 425 1674 6
461 1621 520 1675 δὲ
546 1620 677 1684 Θεὸς
713 1619 1090 1690 φιλάνθρωπός
1125 1622 1264 1672 ἐστι.
1313 1619 1535 1689 Πρῶτον
1590 1621 1688 1689 μὲν
1723 1616 1815 1672 οῦν
1853 1619 1973 1672 οὐδὲ

397 1707 672 1780 ἄνθρωποι
707 1706 952 1778 ὠμότητι
989 1707 1164 1760 ταῦτα
1202 1708 1558 1778 πράττουσιν,
1605 1709 1738 1764 ἁλλά
1788 1709 1976 1779 φιλαν-

397 1801 646 1872 θρωπία·
691 1799 786 1852 καὶ
826 1801 854 1852 6
884 1798 1018 1862 Θεὸς
1054 1799 1130 1864 δὲ,
1161 1796 1350 1870 ὥσπερ
1397 1800 1514 1851 ἐστὶ
1546 1799 1926 1870 φιλάνθρωπος
1955 1839 1970 1865 ,

395 1892 536 1946 οὕτω
569 1892 664 1945 καὶ
696 1889 1050 1960 ἐπεξέρχεται
1072 1905 1086 1920 ·
1121 1890 1261 1944 κατὰ
1287 1890 1393 1962 γάρ
1423 1891 1484 1944 τὸ
1515 1891 1662 1954 ἔλεος
1684 1890 1846 1944 αὑτοῦ
1876 1907 1971 1944 1:0-

394 1985 491 2048 λῦς
515 1985 609 2037 καὶ
638 1985 666 2037 ὁ
693 1983 911 2053 ἔλεγχος
939 1981 1128 2036 αὑτοῦ.
1166 1982 1335 2037 Ὅταν
1363 1979 1454 2037 οὖν
1484 1984 1643 2054 εἴπῃς
1671 1983 1975 2052 φιλάνθρω-

396 2095 500 2131 πον
519 2077 610 2130 τὸν
634 2075 795 2140 Θεὸν,
815 2077 935 2128 τότε
971 2074 1194 2146 μείζονά
1227 2093 1318 2147 μοι
1351 2076 1526 2145 λέγεις
1567 2079 1666 2148 τῆς
1702 2075 1977 2141 κολάσεως

395 2171 495 2241 τὴν
524 2167 796 2240 ἀφορμὴν,
830 2169 912 2222 δτι
939 2170 1018 2232 εἰς
1048 2167 1284 2222 τοιοῦτον
1313 2169 1720 2240 ἁμαρτάνομεν.
1760 2170 1850 2222 Διὸ
1884 2171 1976 2223 καὶ

397 2264 427 2315 6
460 2260 672 2323 Παῦλος
703 2260 877 2328 ἔλεγε·
908 2258 1168 2326 Φοϐερὸν
1203 2260 1268 2312 τι)
1306 2259 1596 2328 ἐμπεσεῖν
1652 2262 1735 2325 εἰς
1776 2259 1976 2328 χεῖρας

401 2353 550 2409 Θεοῦ
607 2351 840 2418 ζῶντος.
895 2351 1240 2421 ’Λνάσχεσοε,
1293 2351 1623 2420 παρακαλῶ,
1665 2353 1763 2422 τῆς
1795 2353 1979 2422 πυρᾶς

398 2447 508 2504 τῶν
543 2446 832 2518 ῥημάτιον·
865 2445 994 2508 ἴσως
1027 2444 1156 2514 γὰρ,
1183 2445 1313 2507 ῐσως
1347 2443 1498 2497 ἔσται
1525 2461 1610 2507 τις
1635 2445 1762 2513 ύμῖν
1791 2443 1978 2496 ἐντεῦ-

401 2538 495 2592 θεν
528 2536 872 2610 παραμυθία.
905 2536 1001 2600 Τίς
1024 2535 1328 2606 ἀνθρώπων
1366 2535 1591 2590 δύναται
1632 2535 1855 2589 κολάσαι
1883 2534 1977 2588 οὖν

398 2647 528 2694 τως,
553 2629 628 2693 ὡς
655 2628 911 2682 ἐκόλασεν
948 2628 1142 2692 όΘεὸς,
1184 2628 1568 2699 κατακλυσμὸν
1610 2629 1846 2699 ποιήσας
1884 2628 1979 2682 καὶ

401 2720 779 2792 πανωλεθρίαν
796 2718 1055 2774 τοσούτου
1079 2720 1290 2788 γένους,
1316 2721 1410 2774 καὶ
1441 2720 1579 2792 μετά
1603 2719 1796 2792 μικρὸν
1819 2720 1978 2774 πάλιν

403 2813 515 2887 πῦρ
545 2813 751 2868 ἄνωθεν
787 2811 1008 2884 βρέξας,
1048 2813 1144 2866 καὶ
1189 2812 1398 2875 πάντας
1451 2811 1621 2883 ἄρδην
1674 2810 1976 2880 ἀφανίσας;

401 2907 536 2960 ποία
559 2903 862 2976 ἀνθρώπων
899 2904 1139 2976 τιμωρία
1168 2903 1392 2958 δύναται
1426 2901 1565 2958 εἶναι
1589 2904 1810 2976 τοιαύτη
1831 2924 1846 2971 ;
1867 2907 1980 2978 Ούχ

399 3000 533 3069 δρᾷς
562 2997 831 3051 ἀθάνατον
857 2995 1042 3066 σχεδὸν
1071 2997 1164 3050 καὶ
1203 2996 1302 3068 τὴν
1335 2996 1585 3051 ἐντεῦθεν
1623 2998 1846 3050 κόλασιν
1887 2991 1980 3050 οὖ-

403 3107 536 3155 σαν;
573 3086 994 3160 Τετρακισχίλια
1024 3087 1118 3158 ἔτη
1144 3086 1412 3160 παρῆλθε,
1439 3088 1535 3142 καὶ
1558 3091 1591 3159 ἡ
1616 3088 1856 3159 τιμωρία
1887 3087 1981 3158 μέ-

401 3196 483 3233 νει
511 3177 618 3232 τῶν
651 3176 956 3246 Σοδομιτῶν
988 3177 1334 3248 ἀκμάζουσα.
1361 3176 1572 3246 Ὥσπερ
1595 3178 1705 3248 γὰρ
1731 3179 1763 3247 ἡ
1794 3177 1983 3246 φιλαν.

402 3267 619 3338 θρωπία
644 3265 807 3320 αὐτοῦ
839 3266 1074 3338 μεγάλη,
1099 3265 1242 3320 οὕτω
1272 3267 1369 3320 καὶ.
1397 3269 1432 3338 ἡ
1460 3267 1700 3332 κόλασις.
1739 3271 1850 3323 Καὶ
1871 3269 1980 3339 γάρ

404 3361 456 3414 εἰ
481 3360 577 3430 μὲν
614 3358 848 3429 φορτικά
879 3376 1000 3412 τινα
1029 3358 1260 3423 ἐπέταξε
1302 3358 1400 3412 καὶ
1441 3358 1701 3424 ἀδύνατα,
1740 3359 1871 3423 ἴσως
1915 3360 1980 3414 ἄν

404 3469 487 3515 τις
520 3447 630 3520 εἶχε
665 3451 764 3522 τὴν
797 3449 1087 3504 δυσκολίαν
1130 3450 1502 3521 προϐαλέσθαι
1538 3451 1648 3504 τῶν
1685 3453 1902 3524 νόμων·
1932 3455 1982 3507 εἰ

404 3543 462 3598 δὲ
497 3543 700 3615 σφόδρα
745 3544 937 3614 ῥᾷστα,
974 3542 1026 3594 τί
1050 3541 1115 3595 ἂν
1147 3541 1368 3614 ἔχοιμεν
1394 3545 1565 3598 εἰπεῖν
1604 3544 1740 3617 μηδὲ
1777 3545 1982 3599 τούτων

406 3633 722 3704 ποιούμενοι
739 3633 931 3700 λόγον;
962 3634 1274 3703 Νηστεῦσαι
1303 3635 1362 3686 ού
1393 3633 1642 3698 δύνασαι,
1692 3637 1813 3690 ούδὲ
1844 3654 1983 3708 παρ-

409 3725 589 3778 θενίαν
613 3723 882 3794 ἀσκῆσαι;
907 3723 1099 3778 Καίτοι
1125 3741 1190 3793 γε
1216 3725 1466 3790 δύνασαι,
1513 3726 1613 3780 ἐὰν
1644 3727 1838 3799 θέλῃς,
1890 3728 1984 3781 καὶ

407 3813 808 3886 κατηγοροῦσιν
853 3813 1012 3886 ὴμῶν
1043 3816 1094 3869 οἰ
1139 3815 1494 3887 δυνηθέντες·
1550 3816 1667 3870 ἀλλ’
1693 3818 1844 3888 ὅμως
1884 3817 1984 3872 οὐκ

408 3908 680 3978 ἐχρήσατο
707 3905 879 3978 ταύτῃ
902 3906 1039 3978 πρὸς
1063 3907 1212 3977 ἡμᾶς
1237 3910 1265 3960 6
1296 3907 1427 3970 Θεὸς
1461 3911 1527 3979 τῇ
1566 3909 1845 3981 ἀκριϐείᾳ,
1863 3910 1985 3964 οὐδὲ

409 3999 639 4064 ἐπέταξε
664 3997 835 4051 ταῦτα
865 3998 986 4052 οὐδὲ
1012 3999 1423 4070 ἐνομοθέτησεν,
1457 4000 1574 4053 ἀλλ’
1603 4001 1816 4070 ἀφῆκεν
1846 3997 1985 4055 εἷναι

408 4093 508 4165 τὴν
537 4092 746 4161 αἰρεσιν
775 4093 833 4144 ἐν
858 4095 923 4162 τῇ
959 4090 1154 4164 γνώμῃ
1183 4092 1291 4144 τῶν
1323 4092 1658 4146 ἀκουόντων·
1691 4096 1986 4165 σωφρονεῖν

409 4186 467 4238 δὲ
499 4186 558 4238 ιν
585 4185 748 4255 γάμῳ
775 4183 1022 4247 δύνασαι,
1067 4185 1160 4237 καὶ
1200 4181 1273 4253 μὴ
1313 4181 1534 4254 μεθύειν
1558 4182 1804 4236 δύνασαι.
1834 4183 1987 4255 Χρή-

417 4295 565 4349 ματα
591 4277 826 4332 κενῶσαι
853 4277 914 4330 ού
944 4275 1171 4330 δύνασαι
1191 4277 1399 4340 πάντας
1430 4275 1620 4330 Καίτοι
1644 4293 1708 4345 γε
1739 4275 1985 4340 δύνασαι,

412 4371 508 4426 καὶ
542 4369 794 4442 δηλοῦσιν
827 4370 876 4422 οἱ
909 4369 1275 4441 ἐργασάμενοι
1295 4386 1310 4400 ·
1337 4368 1450 4422 ἀλλ’
1487 4371 1636 4440 ὅμως
1679 4370 1802 4423 οὐδὲ
1829 4371 1988 4422 τοῦτο

410 4461 692 4528 ἐπέταξεν,
717 4459 853 4513 ἀλλὰ
884 4459 958 4530 μὴ
989 4458 1256 4530 ἁρπάζειν
1282 4458 1553 4523 ἐκέλευσε,
1581 4458 1673 4512 καί
1694 4460 1757 4511 ὲκ
1775 4457 1882 4511 τῶν
1910 4457 1989 4511 δν-

409 4573 519 4608 των
538 4556 650 4616 τοῖς
673 4551 948 4622 δεομένοις
1000 4553 1331 4621 ἐπικουρεῖν.
1369 4551 1430 4603 Εἰ
1465 4549 1523 4603 δὲ
1567 4550 1715 4618 λέγοι
1753 4566 1872 4615 τις,
1906 4551 1989 4602 δτι

413 4646 547 4700 Ούδὲ
571 4647 638 4717 τῇ
669 4646 885 4713 γυναικὶ
913 4642 1072 4714 μόνον
1117 4642 1454 4714 ἀρκεσθῆναι
1488 4639 1762 4710 δύναμαι,
1804 4640 1992 4712 ἀπατᾷ

414 4735 604 4789 ἑαυτὸν
630 4735 724 4788 καὶ
756 4733 1212 4805 παραλογίζεται·
1249 4731 1344 4783 καὶ
1366 4725 1770 4799 κατηγοροῦσιν
1807 4727 1856 4778 οἰ
1880 4746 1989 4796 χω-

418 4830 502 4901 ρὶς
530 4825 788 4896 γυναικὸς
824 4824 1250 4896 σωφρονοῦντες.
1282 4821 1348 4874 Τί
1377 4821 1454 4887 δὲ,
1484 4820 1605 4873 εἰπέ
1641 4836 1754 4890 μοι,
1783 4819 1858 4891 μὴ
1883 4819 1992 4873 λοι-

415 4915 687 4988 δορεῖσθαι
723 4915 782 4968 ού
833 4913 1100 4981 δύνασαι;
1147 4913 1222 4986 μὴ
1252 4911 1598 4984 καταρᾶσθαι
1628 4913 1690 4964 οὐ
1726 4910 1989 4977 δύνασαι;

418 5010 531 5071 Καὶ
565 5008 672 5080 μὴν
704 5007 764 5061 τὸ
798 5005 975 5060 ταῦτα
1003 5009 1176 5059 ποιεῖν
1209 5006 1492 5079 φορτικὸν,
1515 5005 1576 5058 ού
1600 5005 1663 5057 τὸ
1692 5003 1767 5075 μὴ
1794 5006 1989 5058 ποιεῖν.

421 5099 588 5154 Ποίαν
609 5095 704 5152 οὖν
724 5097 919 5168 ἔχομεν
945 5095 1265 5165 ἀπολογίαν.
1297 5095 1367 5149 τά
1393 5096 1534 5149 οὓτω
1563 5095 1743 5165 κοῦφα
1765 5096 1858 5148 καί
1900 5095 1960 5149 εὖ
1979 5123 1993 5134 -

421 5191 552 5246 κολα
600 5188 674 5260 μὴ
719 5187 1120 5257 φυλάττοντεςς
1153 5187 1266 5239 Οὐκ
1306 5186 1451 5240 ἔστιν
1497 5188 1670 5240 εἰπεῖν
1717 5186 1992 5258 οὐδεμίαν.

425 5283 546 5335 Ὅτι
585 5283 681 5354 μεν
702 5276 797 5335 οὖν
819 5279 1142 5349 ἁθάνατοςὴ
1180 5278 1419 5342 κόλασις,
1447 5280 1512 5331 ὲκ
1547 5279 1654 5332 τῶν
1692 5280 1995 5351 εἰρημένων

425 5376 682 5440 ἁπάντων
707 5374 896 5444 δῆλον·
933 5371 1122 5444 ἐπειδὴ
1157 5371 1214 5426 δὲ
1251 5371 1400 5424 δοκεῖ
1429 5387 1540 5424 τισι
1563 5371 1624 5424 τὸ
1660 5372 1755 5424 τοῦ
1782 5373 1995 5426 Παύλου

427 5468 580 5544 ῥῆμα
611 5465 978 5528 ἀντιπίπτειν,
1003 5465 1134 5535 φέρε
1163 5463 1259 5519 καὶ
1290 5463 1420 5516 αὐτὸ
1445 5464 1850 5536 καταμάθωμεν
1872 5467 2000 5536 ἀγα-

424 5561 611 5630 γόντες
646 5559 726 5621 εἰς
775 5555 958 5628 μέσον.
1010 5555 1196 5610 Εἰπὼν
1227 5554 1356 5626 γάρ,
1390 5555 1463 5610 El
1498 5573 1662 5622 τινος
1708 5557 1774 5610 τὸ
1821 5556 2001 5629 ἔργον

424 5651 609 5724 μένει,
642 5646 1141 5717 ὃέπῳκοδόμησε,
1182 5645 1297 5720 ['75]
1318 5647 1542 5716 μισθὸν
1576 5646 1835 5716 ,λήψεται
1859 5666 1872 5680 ·
1901 5652 1998 5705 καὶ

489 5753 503 5773 ⁸
531 5751 788 5815 chebalur
828 5753 873 5801 ἐν
899 5758 981 5816 μιᾷ
1005 5755 1143 5817 ῥοπῇ.
1229 5751 1257 5791 ι)
1284 5754 1456 5804 Βεεϊιιί
1477 5752 1660 5808 ἐπειδή.

2073 339 2130 392 εῑ
2179 356 2341 406 τινος
2386 340 2452 392 τὸ
2478 339 2657 408 ἔργον
2685 335 3124 404 κατακαήσεται
3147 376 3163 402 ,
3199 335 3642 405 ζημιωθήσεται,

2073 431 2381 502 ἐπήγαγεν·
2414 431 2608 497 Αὐτὸς
2645 431 2712 484 δέ
2738 428 3096 495 σωθήσεται,
3131 427 3285 482 οὕτω
3326 427 3394 480 δὲ
3433 427 3516 494 ὡς
3553 428 3644 482 διὰ

2072 525 2282 593 πυρός.
2306 525 2371 578 Τί
2406 519 2497 578 οὖν
2528 523 2594 578 ἂν
2621 525 2869 594 εἴποιμεν
2897 522 3032 594 πρὸς
3052 521 3246 583 τοῦτο;
3279 521 3645 591 Σκοπήσωμεν

2073 616 2336 687 πρότερον
2361 615 2443 678 τίς
2469 617 2615 668 ἐστιν
2641 615 2670 666 6
2701 613 2976 684 θεμέλιος,
3008 613 3102 665 καὶ
3127 611 3206 675 τίς
3233 613 3262 664 6
3293 612 3520 682 χρυσὸς,
3555 615 3645 665 καὶ

2071 709 2214 772 τίνες
2247 709 2296 761 οί
2325 707 2460 762 λίθοι
2503 708 2553 761 οἱ
2581 707 2774 778 τίμιοι.
2801 706 2899 759 καὶ
2927 706 3010 768 τίς
3051 707 3080 758 ὁ
3110 704 3333 775 χόρτος,
3369 705 3464 756 καὶ
3497 705 3582 767 τίς
3608 706 3639 774 η

2073 801 2316 871 καλάμη.
2347 801 2452 853 Τὸν
2485 801 2582 870 μὲν
2607 795 2699 854 οὖν
2735 799 2983 871 θεμέλιον
3021 797 3274 868 φανερῶς
3323 796 3487 859 αὐτὸς
3528 797 3646 866 ἐδη-

2071 895 2244 947 λωσεν
2264 894 2392 947 ὅντα
2410 894 2501 948 τὸν
2521 892 2754 963 Χριστὸν
2782 892 2951 946 εἰπών
2970 907 2982 919 ·
3012 891 3299 960 Θεμέλιον
3319 891 3429 959 γὰρ
3455 889 3648 943 ἄλλον

2073 985 2269 1052 οὐδεὶς
2298 984 2549 1038 δύναται
2577 983 2763 1038 θεῖναι
2798 983 2956 1052 παρὰ
2978 983 3084 1037 τὸν
3105 984 3384 1052 κείμενον
3401 1023 3417 1047 ,
3465 983 3643 1052 φησὶν,

2075 1076 2142 1144 ὃς
2174 1077 2302 1130 ἐστι
2334 1076 2591 1144 Χριστός
2630 1075 2888 1144 Ἰησοῦς.
2932 1077 2994 1129 Ἦ
3030 1067 3088 1128 δὲ
3125 1074 3384 1145 οἰκοδομὴ
3424 1071 3648 1144 πράξεις

2075 1171 2200 1240 ἐμοὶ
2222 1169 2469 1222 δοκοῦσιν
2491 1166 2650 1222 εἶναι.
2683 1170 2874 1222 Καίτοι
2917 1167 2980 1238 γέ
3011 1167 3156 1231 τινές
3201 1184 3386 1237 φασιν,
3427 1169 3510 1221 δτι
3559 1169 3647 1221 καὶ

2073 1262 2204 1318 αὐτὸ
2239 1261 2399 1316 τοῦτο
2427 1262 2555 1333 1:591
2591 1261 2926 1316 διδασκάλων
2972 1262 3185 1332 εἴρηται
3236 1261 3330 1313 καί
3367 1259 3644 1330 μαθητῶν,

2075 1358 2169 1411 καὶ
2214 1355 2345 1426 1:591
2390 1353 2656 1426 αἱρέσεων
2687 1352 3124 1424 διεφθαρμένων·
3178 1351 3295 1405 ἀλλ’
3329 1351 3359 1404 6
3406 1350 3566 1418 λόγος
3589 1352 3645 1404 ού

2075 1447 2460 1519 παραδέχεται.
2493 1447 2556 1499 Εἰ
2595 1446 2704 1518 γάρ
2742 1444 2898 1498 τοῦτό
2933 1447 3078 1511 ἐστι,
3102 1443 3228 1508 ’πῶς
3253 1443 3316 1500 τὸ
3364 1443 3465 1514 μὲν
3495 1443 3648 1513 ἔργον

2075 1537 2390 1599 ἀπόλλυται,
2408 1539 2436 1590 ό
2463 1537 2520 1590 δὲ
2549 1535 2844 1606 οἰκοδομῶν
2869 1535 3174 1606 σωθήσεται
3191 1534 3294 1588 κᾶν
3320 1533 3411 1586 διά
3443 1533 3645 1604 πυρόςς

2073 1630 2164 1682 τὸν
2213 1629 2322 1700 γάρ
2365 1628 2540 1681 αἴτιον
2583 1627 2785 1698 μᾶλλον
2815 1627 3150 1682 ἀπόλλυσθαι
3203 1627 3410 1697 ἐχρῆν·
3446 1627 3567 1679 νυνὶ
3596 1625 3650 1679 δὲ

2077 1721 2433 1793 εὑρεθήσεται
2465 1721 2685 1774 πλείονα
2707 1721 2862 1792 δίκην
2893 1719 3070 1784 διδοὺς
3093 1721 3122 1773 6
3161 1717 3564 1789 οἰκοὼμτθείς.
3591 1717 3650 1769 Εἰ

2080 1811 2179 1882 μὲν
2229 1810 2338 1882 γὰρ
2394 1815 2423 1866 6
2474 1811 2795 1874 διδάσκαλος
2832 1811 3003 1874 αῖτιος
3053 1809 3245 1877 γέγονε
3285 1808 3386 1878 τῆς
3431 1807 3650 1869 κακίας.

2077 1903 2299 1957 πλείονα
2333 1904 2478 1970 ἄξιος
2510 1903 2696 1957 δοῦναι
2729 1903 2885 1973 δίκην
2905 1919 2916 1930 ·
2951 1903 3066 1964 πῶς
3102 1897 3195 1954 οὖν
3228 1900 3570 1970 σωθήσεταις
3606 1901 3653 1952 εἰ

2075 1993 2120 2046 δ’
2145 1993 2246 2046 ούκ
2288 1995 2482 2056 αἴτιος,
2519 1992 2654 2046 ἁλλὰ
2687 1992 2837 2063 παρὰ
2866 1992 2966 2064 τὴν
2992 1993 3195 2044 οἰκείαν
3239 1990 3574 2060 δυστροπίαν
3605 1991 3653 2042 οἰ

2081 2081 2318 2154 μαθηταὶ
2348 2081 2579 2136 τοιοῦτοι
2616 2082 2902 2150 γεγόνασιν
2925 2121 2939 2143 ,
2977 2081 3087 2134 οὐδ’
3118 2079 3254 2144 ὅλως
3283 2079 3431 2144 ἄξιος
3471 2078 3654 2132 δοῦναι

2076 2172 2252 2246 δίκην,
2289 2173 2402 2228 ἀλλ’
2435 2175 2554 2227 οῦδὲ
2591 2173 2797 2244 ζημίαν
2829 2173 3131 2244 ὑποστῆναι
3172 2174 3201 2225 6
3230 2170 3412 2234 καλῶς
3451 2171 3653 2224 οἰκοδο-

2081 2267 2278 2338 μήσας.
2310 2268 2434 2329 Πῶς
2453 2263 2548 2320 οὖν
2571 2283 2723 2335 φησι,
2757 2263 3240 2333 Ζημιωθὴσεται;
3285 2264 3452 2316 Ὅθεν
3499 2262 3654 2332 δῆλον

2077 2359 2157 2412 ὅτι
2185 2358 2312 2429 περί
2341 2357 2636 2428 πράξεωνό
2660 2355 2836 2424 λόγος.
2873 2357 3091 2427 Ἐπειδὴ
3118 2355 3224 2428 γάρ
3253 2355 3438 2426 μέλλει
3471 2355 3654 2408 λοιπὸν

2080 2450 2212 2520 πρὸς
2258 2449 2350 2502 τὸν
2400 2434 2812 2519 πεπορνευκότα
2856 2447 3262 2512 ἁποτείνεσθαι,
3317 2445 3531 2501 ἄνωθεν
3564 2446 3654 2498 καὶ

2080 2539 2186 2610 πρὸ
2215 2539 2410 2592 πολλοῦ
2433 2539 2829 2594 καταϐάλλεται
2845 2539 2912 2593 τὰ
2934 2538 3214 2610 προοίμια.
3236 2532 3359 2591 Οἵδε
3382 2539 3512 2606 γὰρ,
3530 2537 3655 2607 περὶ

2080 2631 2266 2704 ἑτέρου
2291 2633 2688 2704 διαλεγόμενος,
2722 2635 2779 2685 ὲν
2799 2633 2934 2704 αὐτῇ
2959 2635 3026 2702 τῇ
3049 2632 3177 2703 περὶ
3205 2630 3393 2701 ἐτέρου
3421 2630 3655 2696 διαλέξει

2081 2724 2622 2800 προκατασκευάζειν
2674 2725 2885 2796 ἓτερον,
2939 2724 3025 2792 ἐφ’
3058 2723 3087 2777 ὃ
3120 2722 3302 2794 μέλλει
3336 2723 3495 2777 ἰέναι.
3550 2723 3656 2774 Καὶ

2078 2821 2186 2892 γάρ
2212 2820 2480 2891 ἐπιτιμῶν
2519 2818 2649 2891 περί
2693 2818 2787 2872 τοῦ
2831 2818 2906 2889 μὴ
2953 2816 3242 2888 ἀναμένειν
3282 2817 3512 2879 ἑαυτοὺς
3546 2817 3656 2876 τοῖς

2079 2913 2342 2985 ἀρίστοις,
2377 2911 2468 2964 τὸν
2501 2910 2628 2980 1:591
2661 2909 2768 2964 τῶν
2807 2908 3124 2982 μυστηρίων
3167 2907 3544 2961 κατεσκεύασε
3572 2907 3656 2959 λό-

2078 3021 2194 3074 γον.
2234 3003 2357 3055 Ὅτι
2384 3001 2439 3055 δὲ
2465 3001 2559 3054 καὶ
2591 2999 2685 3054 νῦν
2719 2999 2856 3072 πρὸς
2880 2999 2972 3053 τὸν
3003 2998 3418 3070 πεπορνευκότα
3447 2998 3659 3066 ἐπείγε-

2078 3112 2188 3159 ται,
2208 3093 2340 3166 περί
2359 3091 2456 3146 τοῦ
2481 3090 2733 3162 θεμελίου
2759 3089 2950 3152 εἰπὼν,
2983 3090 3285 3160 ἐπήγαγεν·
3313 3091 3437 3143 Οὐκ
3458 3089 3656 3143 οἵδατε

2079 3184 2168 3238 ὅτι
2189 3182 2335 3249 ναὸς
2361 3181 2507 3236 Θεοῦ
2527 3182 2687 3246 ἐστε,
2721 3179 2906 3233 καὶτὸ
2935 3179 3179 3247 Πνεῦμα
3201 3177 3306 3232 τοῦ
3332 3177 3483 3231 Θεοῦ
3513 3175 3660 3230 οἰκεῖ

2079 3276 2149 3330 ἐν
2175 3275 2348 3346 ὐμῒν;
2375 3274 2448 3329 ΕΖ
2466 3291 2555 3340 τις
2576 3273 2686 3328 τὸν
2710 3270 2862 3326 ναὸν
2889 3271 2994 3324 τοῦ
3029 3269 3180 3324 Θεοῦ
3225 3268 3478 3338 φθείρει,
3518 3273 3657 3336 φθε-

2071 3368 2173 3438 ρεῖ
2193 3367 2408 3421 τοῦτον
2429 3369 2461 3419 ό
2495 3367 2657 3430 Θεός.
2695 3361 2882 3417 Ταῦτα
2915 3360 2971 3414 δὲ
2989 3359 3176 3429 ἔλεγεν
3199 3359 3298 3430 ἤδη
3323 3357 3658 3411 διασαλεύων

2080 3457 2158 3528 τῷ
2187 3456 2339 3526 φόϐῳ
2360 3457 2460 3526 τὴν
2484 3453 2661 3525 ψυχὴν
2687 3451 2779 3505 τοῦ
2809 3450 3262 3521 πεπορνευκότος.
3296 3448 3367 3502 Et
3388 3465 3480 3513 τις
3499 3448 3659 3501 ἐποι-

2083 3547 2323 3619 κοδομεῖ
2350 3547 2450 3602 ἐπί
2475 3547 2584 3601 τόν
2621 3543 2899 3614 θεμέλιον
2917 3543 3156 3603 τοῦτον,
3201 3539 3456 3608 χρυσόν,
3481 3539 3659 3607 ἄργυ-

2077 3658 2210 3710 ρον,
2249 3642 2463 3706 λίθους
2515 3637 2746 3707 τιμίους
2771 3677 2786 3700 ,
2823 3635 3017 3699 ξύλα,
3057 3635 3293 3703 χόρτον,
3354 3631 3656 3700 καλάμην.

2083 3733 2238 3788 Μετὰ
2270 3732 2380 3804 γάρ
2409 3730 2509 3802 τὴν
2539 3729 2723 3783 πίστιν
2757 3725 3045 3795 οἰκοδομῆς
3075 3723 3235 3795 χρεία
3258 3738 3274 3753 ·
3311 3722 3395 3776 διὸ
3438 3724 3534 3776 καὶ
3565 3725 3658 3776 ἀλ-

2083 3824 2248 3896 λαχοῦ
2291 3840 2474 3896 φησιν·
2519 3818 2894 3886 Οίκοδομεῖτε
2926 3815 3242 3884 ἀλλήλους
3284 3814 3356 3867 ἐν
3393 3813 3520 3880 τοῖς
3561 3818 3661 3867 λόο

2085 3937 2210 3990 τοις
2234 3917 2481 3979 τούτοις.
2523 3913 2636 3968 Καὶ
2664 3913 2772 3984 γάρ
2796 3911 2891 3964 καὶ
2919 3911 2946 3962 6
2968 3908 3218 3978 τεχνίτης
3239 3907 3332 3960 καὶ
3353 3908 3382 3958 6
3416 3906 3661 3976 μαθητὴς

2087 4008 2529 4079 συνεισφέρουσιν
2557 4007 2614 4057 ὲν
2634 4006 2698 4074 τῇ
2729 4003 2986 4072 οἰκοδομῇ
3011 4017 3024 4031 ·
3065 3999 3147 4052 διὸ
3166 3999 3345 4068 λέγει·
3370 3999 3663 4064 Ἕκαστος

2085 4099 2154 4154 δὲ
2168 4097 2445 4163 βλεπέτω
2469 4093 2596 4158 πῶς
2616 4089 3018 4158 ἐποικοδομεῖ.

2155 4196 2226 4258 γ’.
2246 4189 2310 4241 Εἰ
2330 4187 2386 4239 δὲ
2411 4186 2539 4257 περὶ
2570 4184 2806 4246 πίστεως
2824 4180 2998 4234 ταῦτα
3023 4178 3229 4251 εἴρητο,
3250 4177 3410 4246 λόγον
3431 4177 3533 4231 οὐκ
3553 4177 3663 4247 ἔχει

2087 4279 2150 4333 τὸ
2170 4279 2483 4349 λεγόμενον.
2524 4275 2612 4327 Ἑν
2639 4274 2745 4344 γάρ
2778 4274 2849 4342 τῇ
2888 4271 3069 4324 πίστει
3103 4270 3250 4332 ἴσους
3283 4268 3496 4330 πάντας
3526 4265 3662 4321 εἶναι

2089 4368 2215 4441 χρὴ,
2247 4367 2433 4438 ἐπειδὴ
2467 4365 2565 4436 μία
2614 4365 2833 4425 πίστις·
2874 4364 2932 4414 ὲν
2959 4361 3014 4414 δὲ
3067 4362 3238 4431 ἀρετῇ
3279 4359 3398 4430 βίου
3455 4359 3557 4412 οὐκ
3587 4361 3663 4411 ἔνι

2091 4461 2298 4523 πάντας
2332 4456 2472 4511 εἶναι
2499 4458 2626 4520 τοὺς
2655 4453 2874 4518 αὐτούς.
2904 4455 3095 4517 Πίστις
3128 4453 3225 4524 μὲν
3254 4451 3366 4522 γὰρ
3394 4453 3497 4505 ούκ
3521 4451 3662 4505 ἔστιν

2091 4557 2126 4626 ἡ
2157 4554 2259 4625 μὲν
2293 4554 2556 4617 ἐλάττων,
2595 4553 2629 4622 ὴ
2655 4551 2712 4604 δὲ
2747 4549 2996 4621 βελτίων,
3027 4548 3142 4602 ἀλλ’
3168 4551 3201 4618 ἡ
3255 4548 3396 4620 αὑτὴ
3449 4549 3664 4602 πάντων

2091 4645 2199 4700 τῶν
2229 4643 2447 4716 ἀληθῶς
2470 4641 2836 4696 πιστευόντων
2859 4659 2871 4671 ·
2896 4640 2991 4692 ἐπὶ
3011 4639 3066 4692 δὲ
3097 4639 3214 4708 βίου
3254 4637 3369 4690 ἔστι
3399 4639 3530 4700 τοὺς
3573 4639 3665 4708 μὲν

2094 4734 2544 4804 σπουδαιοτέρους
2563 4729 2726 4793 εἶναι,
2745 4732 2870 4794 τοὺς
2885 4731 2938 4784 δὲ
2965 4730 3371 4801 ῥᾳθυμοτέρους
3395 4745 3409 4758 ·
3433 4731 3666 4792 καὶτοὺς

2097 4830 2195 4901 μὲν
2217 4826 2661 4898 ἀκριϐεστέρους,
2679 4823 2806 4886 τοὺς
2821 4823 2879 4876 δὲ
2907 4821 3365 4890 καταδεεστέρους
3388 4839 3402 4852 ·
3427 4822 3526 4874 καὶ
3546 4823 3666 4884 τοὺς

2097 4925 2194 4994 μὲν
2221 4923 2290 4976 τὰ
2331 4919 2521 4992 μείζω,
2549 4918 2676 4981 τοὺς
2699 4917 2755 4970 δὲ
2777 4917 2846 4970 τὰ
2864 4915 3071 4969 ὲλὰττω
3097 4913 3556 4986 κατωρθωκέναι·
3579 4915 3669 4968 καὶ

2092 5013 2220 5076 τοὺς
2247 5012 2346 5083 μὲν
2369 5006 2753 5082 χαλεπώτερα,
2777 5007 2903 5068 τοὺς
2923 5005 2979 5058 δὲ
3003 5003 3406 5076 καταδεέστερα
3425 5005 3670 5075 πεπλημο

2099 5103 2416 5176 μεληκέναι.
2454 5103 2552 5152 Διά
2578 5098 2735 5151 τοῦτο
2760 5093 2881 5150 εἰπε
2912 5095 3133 5167 χρυσὸν,
3165 5094 3406 5166 ἄργυρον
3427 5135 3442 5159 ,
3493 5095 3669 5158 λίθους

2095 5196 2331 5266 τιμίους,
2363 5191 2477 5265 [77]
2504 5190 2657 5256 ξύλα,
2683 5191 2894 5261 χόρτον,
2928 5188 3202 5259 καλάμην.
3263 5187 3562 5242 Ἑκὰστου
3609 5189 3667 5240 τὸ

2097 5289 2272 5358 ἔργον
2300 5284 2562 5356 φανερὸν
2579 5282 2918 5353 γενήσεται.
2941 5283 3054 5352 Τὴν
3078 5280 3276 5352 πρᾶξιν
3300 5280 3540 5334 ἐνταῦθά
3571 5299 3670 5351 φη-

2101 5397 2204 5434 σιν.
2240 5381 2313 5433 Εἴ
2342 5393 2502 5442 τινος
2525 5375 2593 5429 τὸ
2619 5375 2799 5445 ἔργον
2817 5373 3008 5443 μενεῖ,
3041 5373 3072 5426 ὂ
3102 5371 3558 5441 ἐπῳκοδόμησε,
3581 5391 3672 5441 μισ

2098 5471 2255 5527 σθύν
2286 5469 2550 5538 λήψεται
2569 5481 2583 5496 ·
2627 5465 2684 5520 ει
2708 5483 2872 5532 τινος
2894 5464 2961 5519 τὸ
2994 5464 3173 5534 ἔργον
3202 5463 3670 5529 κατακαήσεται,

2101 5561 2550 5632 ζημιωθήσεται.
2577 5558 2770 5612 Καίτοι
2800 5575 2864 5627 γε
2895 5559 2945 5610 εἰ
2977 5558 3106 5628 περὶ
3135 5555 3393 5626 μαθητῶν
3417 5555 3514 5607 καὶ
3538 5555 3674 5608 διδα-

2103 5653 2320 5707 σκάλων
2346 5652 2408 5705 τὸ
2428 5650 2721 5720 λεγόμενον
2753 5645 2843 5720 ἦν,
2874 5647 2996 5702 οὔτε
3028 5645 3364 5718 ζημιοῦσθαι
3402 5646 3591 5716 ἐχρῆν.
3629 5647 3672 5697 εἰ

2108 5747 2183 5818 μὴ
2211 5746 2449 5810 ἥκουσαν
2471 5743 2521 5796 οἰ
2555 5740 2812 5813 μαθηταί.
2838 5741 2936 5795 Διά
2959 5739 3065 5810 γάρ
3089 5737 3250 5794 τοῦτό
3283 5753 3469 5809 φησιν·
3509 5736 3674 5791 Ἕκα-
