3864 6216
148 282 227 343 ’17
1259 273 1323 329 IN
1362 272 1573 330 EPIST.
1606 271 1627 329 Ι
1676 272 1735 327 Al

1839 270 1956 329 10R.
2003 276 2230 334 llOMlL.
2276 280 2367 336 l.\.
3352 291 3424 349 ’18

150 411 350 458 strum.
372 396 617 469 Quinque
640 395 785 450 mille
806 393 933 449 anui
959 402 1013 447 ct
1042 392 1221 462 plures
1247 391 1615 461 praeterierunt
1640 430 1655 454 ,
1680 398 1733 443 et

150 510 306 550 mors
334 492 569 548 nondum
598 490 773 545 soluta
815 490 950 554 luit,
996 498 1214 557 propter
1254 503 1416 541 unum
1460 494 1738 554 peccatum

149 588 394 642 inducta.
438 584 547 639 Nec
575 596 857 651 possumus
878 580 1058 635 dicere
1092 579 1352 634 Adamum
1384 578 1610 646 aliquem
1641 592 1739 629 au-

148 682 303 734 disse
336 678 690 749 prophetam,
720 675 806 727 vel
854 674 1025 742 ipsum
1076 672 1211 723 alios
1259 680 1473 739 propter
1524 677 1737 737 peccata

150 773 373 842 ptmitos
404 771 598 823 vidisse
622 810 636 832 ,
671 775 725 820 et
753 783 846 835 par
874 765 1035 818 fuisse
1063 773 1120 818 ut
1150 764 1271 817 inde
1300 763 1544 823 timeret,
1578 774 1738 829 atque

146 863 404 931 exemplo
429 861 633 927 cautior
662 861 811 911 fieret
841 876 853 909 :
890 858 1090 926 primus
1120 857 1264 909 enim
1292 864 1408 910 erat
1453 864 1506 906 ct
1544 854 1690 907 solus
1719 894 1734 919 ,

148 968 440 1025 tamenqne
463 952 803 1023 puniebatnr.
824 950 901 1003 Tu
932 964 1063 1003 vero
1084 949 1215 1002 nihil
1236 948 1423 1001 horum
1446 945 1738 1000 obtendere

147 1060 341 1119 potes.
371 1049 456 1117 qui
485 1054 607 1116 post
638 1054 713 1098 tot
738 1044 982 1111 exempla
1022 1041 1258 1096 deterior
1299 1038 1468 1092 factus
1514 1052 1572 1091 es
1600 1079 1615 1102 ,
1649 1038 1737 1106 qui

146 1152 304 1195 tanto
331 1140 574 1208 dignatus
601 1151 659 1189 es
687 1134 888 1204 Spiritu
913 1175 929 1200 ,
972 1147 1034 1187 ac
1074 1148 1179 1186 non
1211 1146 1370 1184 unum
1398 1130 1479 1184 vel
1512 1128 1620 1182 duo
1651 1128 1735 1182 vel

144 1232 294 1296 tria,
345 1230 439 1284 sed
487 1229 765 1282 innumera
816 1233 1029 1294 peccata
1074 1221 1443 1277 accumulasti.
1481 1220 1558 1275 Ne
1595 1221 1737 1273 enim

142 1320 484 1383 crmsideres,
516 1318 657 1388 quod
686 1316 831 1371 brevi
863 1314 1117 1383 temporis
1153 1322 1427 1368 momento
1462 1321 1737 1380 peccatum

142 1413 502 1475 admittatur;
551 1425 726 1479 neque
769 1408 891 1463 ideo
918 1417 1069 1476 putes
1092 1406 1409 1476 supplicium
1443 1413 1738 1458 momenta-

144 1518 311 1557 neum
346 1502 575 1556 futurum
602 1515 746 1555 esse.
779 1502 972 1553 Annon
999 1498 1149 1553 vides
1176 1497 1419 1551 homines
1456 1496 1544 1567 qui
1592 1511 1737 1564 sa-pc

143 1613 243 1666 pro
274 1612 384 1650 uno
415 1595 554 1649 furto
577 1635 591 1659 ,
625 1594 889 1648 adulterio
930 1606 1039 1647 uno
1064 1634 1079 1657 ,
1110 1593 1162 1645 in
1189 1606 1404 1645 carcere
1424 1601 1479 1645 et
1506 1590 1738 1644 metallis

145 1701 322 1744 totam
350 1689 510 1743 vitam
541 1689 896 1757 insumpsere,
922 1701 1043 1739 cum
1071 1685 1209 1739 fame
1237 1696 1489 1754 perpetua
1516 1692 1570 1738 et
1593 1683 1737 1737 mille

142 1784 419 1837 mortibus
448 1781 859 1836 coucertantes?
888 1795 951 1834 ac
992 1794 1153 1833 nemo
1198 1778 1342 1846 ipsos
1380 1778 1613 1846 eripuit,
1645 1793 1739 1831 ne-

143 1891 253 1944 que
296 1874 473 1938 dixit,
517 1872 663 1926 brevi
708 1871 961 1939 temporis
1002 1882 1276 1923 momento
1308 1877 1582 1937 peccatum
1616 1883 1736 1936 pcr-

139 1977 328 2020 aelum
359 1965 545 2029 fuisse,
578 1973 631 2018 et
660 1973 912 2033 Oportere
939 1972 993 2017 et
1019 1972 1295 2031 peccatum
1339 1969 1393 2016 et
1418 1960 1736 2030 supplicium

141 2060 292 2128 paris
319 2074 445 2114 esse
472 2058 750 2127 temporis.

209 2155 268 2208 2.
313 2155 410 2219 At,
439 2152 668 2222 inquies,
694 2150 941 2205 homines
966 2156 1111 2212 sunt,
1139 2150 1227 2218 qui
1259 2148 1373 2201 hzrc
1404 2146 1734 2211 admittunt;

140 2246 287 2300 Deus
337 2254 518 2299 autem
566 2244 830 2313 benignus
875 2258 1001 2311 erga
1050 2242 1297 2296 homines
1346 2249 1446 2296 est.
1499 2240 1735 2294 Primum

138 2340 348 2409 quippe
376 2353 444 2393 ne
471 2337 716 2392 homines
742 2336 957 2405 quidem
988 2334 1104 2390 Ι]ωο
1131 2333 1331 2388 faciunt
1359 2349 1423 2389 ex
1449 2334 1738 2388 crudelita-

141 2442 211 2492 te,
240 2428 341 2483 ςιεά
371 2444 438 2482 ex
472 2428 830 2497 benignitate;
859 2436 912 2481 et
959 2428 1104 2480 Deus
1148 2425 1333 2489 etiam,
1364 2435 1421 2479 ut
1464 2435 1546 2479 est
1574 2426 1739 2479 Immi-

140 2538 269 2576 num
298 2537 510 2589 amans,
535 2521 605 2574 ita
631 2520 791 2575 etiam
820 2529 1040 2590 peccata
1064 2519 1369 2573 ulciscitur:
1400 2534 1521 2573 nam
1546 2534 1740 2572 secun-

137 2616 268 2669 dum
301 2615 735 2669 misericordiam
786 2614 953 2684 ipsius
982 2614 1150 2667 multa
1182 2621 1264 2667 est
1291 2612 1408 2681 ejus
1434 2612 1737 2681 redargutio

138 2718 192 2763 et
219 2708 379 2762 ultio.
409 2708 540 2762 Cum
568 2708 701 2761 dicis
730 2722 858 2777 ergo
884 2706 1052 2761 Deum
1094 2720 1215 2760 esse
1246 2705 1520 2758 hominum
1548 2719 1737 2759 aman-

140 2812 274 2867 tem,
306 2800 573 2869 majorem
603 2798 732 2853 mihi
764 2799 899 2854 dicis
922 2798 1169 2867 supplicii
1198 2796 1559 2860 occasionem,
1594 2795 1736 2865 quod

141 2895 192 2949 in
224 2910 357 2950 eum
385 2894 476 2962 qui
500 2894 622 2947 talis
650 2894 720 2947 sit
768 2907 1071 2961 peccemus.
1105 2891 1228 2945 Ideo
1255 2890 1469 2945 diccbat
1496 2890 1690 2944 Paulus
1720 2907 1734 2943 :

143 2985 482 3040 Horrendum
508 2995 584 3039 est
612 2984 834 3038 incidere
860 2986 913 3038 in
940 3000 1122 3037 manus
1164 2983 1260 3037 Dei
1298 2984 1507 3037 viventis
1547 2982 1733 3055 (Hebr.

143 3077 231 3133 10.
254 3075 377 3148 3|).
410 3077 588 3140 Ferte,
640 3091 844 3146 quteso,
875 3076 1086 3145 igneam
1117 3076 1224 3128 vim
1254 3074 1576 3139 verborum;
1610 3074 1736 3129 hinc

140 3172 377 3225 fortasse
401 3170 555 3224 vobis
576 3168 818 3238 quaedam
841 3168 1140 3222 consolatio
1164 3168 1387 3222 orietur.
1421 3167 1552 3234 Quis
1576 3166 1735 3221 homo

140 3272 322 3332 potest
356 3263 427 3315 ita
461 3263 676 3332 punire,
709 3269 762 3314 ut
790 3260 996 3329 punivit
1024 3260 1185 3326 Deus,
1217 3260 1307 3328 qui
1340 3258 1595 3312 diluvium
1630 3258 1733 3311 im-

141 3354 308 3416 misit,
346 3363 404 3407 et
433 3361 582 3407 tanto
610 3353 795 3422 generi
825 3352 1046 3405 exitium
1094 3351 1302 3414 intulit;
1336 3359 1389 3405 et
1420 3350 1579 3420 paulo
1617 3360 1735 3418 post

140 3459 359 3499 rursum
391 3443 530 3514 ignis
552 3444 786 3512 pluviam
816 3443 1055 3506 immisit,
1089 3451 1146 3498 et
1171 3457 1360 3497 onmes
1380 3441 1617 3496 funditus
1634 3442 1732 3497 de-

142 3536 307 3591 levit?
342 3552 465 3605 qua:
494 3534 773 3588 hominum
827 3534 962 3588 ultio
1010 3542 1187 3603 potest
1232 3548 1351 3589 esse
1385 3534 1565 3587 tanta?
1615 3533 1731 3587 Non

140 3628 289 3683 vides
339 3630 447 3681 hoc
490 3626 808 3696 supplicium
852 3626 1158 3681 immortale
1196 3626 1307 3681 fere
1348 3628 1507 3681 esse?
1535 3626 1735 3693 Quater

141 3722 291 3776 mille
339 3719 468 3773 anni
511 3718 789 3784 efﬂuxere,
837 3728 893 3772 et
936 3716 1336 3772 Sodomitarum
1384 3719 1514 3772 ultio
1559 3718 1735 3774 adhuc

141 3815 283 3882 viget
308 3820 370 3867 et
399 3820 600 3866 manet.
634 3810 1094 3878 Quemadmodum
1118 3811 1261 3865 enim
1290 3810 1589 3881 benignitas
1618 3811 1735 3880 ejus

142 3920 337 3974 magna
368 3913 477 3966 est,
517 3905 585 3958 ita
613 3914 666 3958 et
693 3904 1033 3973 supplicium.
1072 3902 1203 3957 Nam
1230 3903 1275 3957 si
1302 3918 1530 3958 onerosa
1557 3912 1610 3958 et
1636 3903 1735 3957 im-

140 3995 421 4066 possibilia
447 3996 720 4066 jussisset,
751 4004 931 4065 posset
959 3995 1185 4050 fortasse
1220 3995 1341 4064 quis
1384 3995 1559 4064 legum
1592 3994 1735 4048 diffi-

140 4090 400 4143 cultatem
432 4072 760 4143 obtendere:
787 4088 929 4158 quod
973 4088 1016 4142 si
1044 4088 1334 4142 admodum
1380 4088 1574 4153 facilia,
1606 4088 1734 4156 quid

144 4181 422 4249 possimus
445 4179 625 4234 dicere
649 4180 750 4233 etsi
779 4179 975 4234 nullam
1024 4180 1211 4233 horum
1260 4180 1521 4234 rationem
1568 4179 1738 4235 habc-
1758 4168 1775 4186 ⁷

143 4274 299 4329 mus?
329 4272 593 4340 Jejunare
620 4288 728 4327 non
756 4282 930 4342 potes,
962 4288 1139 4342 neque
1170 4272 1529 4342 virginitatem
1556 4286 1736 4326 scrva-

142 4368 235 4422 re?
264 4366 433 4437 Atqui
465 4376 636 4436 potes,
668 4366 713 4419 si
742 4367 906 4431 velis;
935 4376 989 4422 et
1016 4382 1114 4421 nos
1142 4374 1400 4420 accusant
1426 4366 1459 4419 ii
1486 4366 1577 4433 qui
1610 4381 1734 4434 pos-

142 4471 286 4516 sunt.
336 4464 593 4515 Attamen
624 4462 766 4515 Deus
810 4469 952 4516 tanta
997 4476 1121 4531 erga
1165 4475 1265 4515 nos
1291 4462 1578 4516 severitate
1608 4477 1735 4517 usus

144 4569 249 4607 non
282 4563 393 4618 est,
429 4570 602 4621 neque
629 4553 937 4622 lizecjussit,
970 4568 1145 4623 neque
1175 4553 1335 4608 hasce
1354 4554 1497 4623 leges
1532 4555 1734 4622 posuit,

146 4645 236 4699 sed
280 4644 403 4699 hanc
449 4644 754 4698 auditorum
804 4644 1063 4698 voluntati
1111 4654 1166 4699 et
1212 4644 1435 4699 arbitrio
1480 4645 1731 4713 reliquit:

145 4749 324 4792 castus
355 4739 408 4791 in
437 4736 705 4790 connubio
728 4752 848 4791 esse
874 4746 1046 4806 potes,
1064 4751 1127 4791 ac
1157 4751 1318 4807 penes
1341 4746 1391 4790 te
1410 4746 1494 4791 est
1524 4751 1628 4789 non
1655 4738 1735 4790 in-

144 4830 361 4885 ehriari.
378 4829 645 4883 Pecunias
665 4844 851 4883 omnes
868 4827 1194 4897 profundere
1212 4843 1315 4884 non
1341 4830 1531 4899 potes?
1548 4827 1734 4894 Quam-

146 4938 304 4990 quam
338 4930 514 4992 poles,
550 4931 603 4976 et
630 4921 918 4976 ostendunt
948 4921 1208 4990 iiquiboc
1234 4920 1457 4976 faciunt.
1484 4921 1733 4976 Attamen

148 5016 233 5071 ille
263 5034 370 5071 non
401 5017 506 5072 hoc
532 5017 811 5086 praecepit,
858 5015 955 5072 sed
989 5015 1150 5086 jussit
1190 5030 1299 5070 non
1340 5030 1552 5086 rapere,
1586 5022 1641 5071 et
1666 5029 1732 5069 ex

148 5109 493 5162 facultatibus
521 5108 709 5177 egenis
732 5121 976 5177 erogare.
1007 5107 1064 5162 Si
1094 5107 1215 5176 quis
1244 5116 1421 5161 autem
1451 5107 1644 5159 dixerit
1675 5120 1736 5160 se

152 5216 251 5255 non
275 5216 452 5255 uxore
481 5210 795 5254 contentum
825 5215 946 5255 esse
972 5214 1148 5269 posse,
1180 5200 1415 5269 scipsnm
1453 5199 1651 5268 decipit
1681 5206 1736 5252 et

153 5294 299 5357 fallit,
336 5303 393 5347 ut
418 5302 652 5364 arguunt
676 5293 709 5346 ii
747 5293 834 5362 qui
862 5293 980 5347 sine
1010 5298 1177 5346 u'xorc
1217 5293 1560 5347 continentes
1586 5298 1729 5345 sunt.

153 5385 282 5453 Quid
318 5401 472 5449 vero,
515 5386 603 5439 dic
646 5399 851 5455 quaeso,
886 5400 988 5438 non
1033 5393 1185 5454 potes
1227 5399 1332 5438 non
1380 5383 1638 5437 conviciis
1683 5391 1736 5436 ct

155 5478 454 5532 maledictis
481 5477 774 5547 impetere?
802 5478 959 5545 Atqui
992 5476 1093 5531 hoc
1121 5475 1298 5531 facere
1324 5491 1611 5530 onerosum
1630 5485 1733 5542 est,

159 5587 259 5626 non
287 5581 467 5626 autem
502 5589 607 5625 non
643 5571 837 5625 facere.
870 5572 1038 5635 Quam
1067 5584 1194 5639 ergo
1225 5569 1485 5623 habemus
1511 5584 1736 5622 excusa-

160 5666 378 5727 tionem,
406 5666 495 5734 qni
525 5674 630 5718 tam
667 5664 803 5719 levia
835 5674 888 5719 ct
912 5663 1081 5717 facilia
1133 5678 1239 5717 non
1290 5662 1599 5718 servemus?
1627 5661 1735 5717 Nos

160 5753 387 5825 aliquam
434 5756 635 5813 habere
663 5755 766 5811 dici
798 5756 999 5827 nequit.
1032 5754 1188 5823 Quod
1235 5768 1364 5826 ergo
1412 5753 1734 5811 immortalis

1844 390 1912 442 sit
1945 392 2095 461 ultio,
2125 410 2190 450 ex
2226 396 2383 453 dictis
2404 397 2576 467 palam
2607 410 2723 456 est:
2746 403 2870 472 quia
2897 419 3027 460 vero
3049 405 3196 462 Pauli
3218 408 3419 466 dictum

1842 485 2054 541 videtur
2073 491 2338 545 nonnullis
2361 492 2656 559 adversari,
2680 510 2777 565 age
2800 496 2900 551 hoc
2922 500 3093 567 ipsutn
3118 500 3169 554 in
3187 502 3421 557 medium

1842 578 2127 635 adductum
2174 584 2526 639 excutiamus.
2576 586 2710 641 Cum
2757 588 2999 651 dixisset.
3051 590 3112 645 Si
3156 595 3423 663 cujusdam

1842 686 1967 737 opus
1994 674 2253 733 manserit,
2279 677 2414 743 quod
2433 678 2930 747 superediﬁcauerit,
2968 684 3243 738 mercedem
3281 689 3420 739 acci-

1844 761 1942 828 piet
1958 778 1975 823 ;
1999 763 2108 814 etsi
2132 764 2401 831 cujusdam
2429 784 2553 836 opus
2575 771 2773 835 urserit,
2802 771 3154 826 detrimentum
3178 777 3421 842 patietur;

1843 852 2116 917 suhjunxit
2144 872 2155 907 :
2190 853 2216 906 l
2226 872 2310 923 pse
2339 868 2508 910 autem
2540 858 2709 914 salvus
2736 864 2850 927 erit,
2881 866 3136 919 sictamen
3161 870 3303 933 quasi
3335 885 3424 936 per

1840 943 2024 1012 ignem.
2080 946 2214 1009 Quid
2258 963 2386 1016 ergo
2430 950 2495 1002 ad
2549 950 2652 1007 hoc
2697 954 2969 1008 dicemus?
3010 959 3421 1016 Considereums

1840 1037 2014 1104 primo
2036 1038 2162 1106 quid
2195 1040 2265 1091 sit
2290 1040 2718 1109 fundamentum,
2745 1049 2885 1115 quod
2912 1050 2981 1102 sit
3002 1066 3212 1117 aurum,
3251 1062 3307 1107 et
3332 1055 3421 1123 qui

1842 1128 2043 1197 lapides
2076 1133 2315 1199 pretiosi,
2350 1137 2490 1204 quod
2534 1137 2760 1205 Renum,
2792 1158 2911 1210 qum.
2960 1146 3178 1211 stipula.
3209 1145 3423 1203 Funda-

1842 1233 2079 1276 mentum
2099 1224 2312 1293 quidem
2334 1228 2448 1295 ipse
2468 1229 2664 1286 Paulus
2681 1232 2971 1289 declaravit
2989 1239 3257 1294 Christum
3276 1257 3418 1307 esse,

1839 1314 2059 1371 dicens:
2090 1317 2501 1374 Fundamentum
2530 1325 2664 1377 enim
2692 1326 2834 1381 aliud
2863 1345 3007 1383 nemo
3029 1348 3212 1400 ponere
3238 1345 3419 1404 potest,

1839 1417 2022 1474 prtem:
2048 1409 2233 1477 ipsum,
2265 1413 2402 1482 quod
2426 1425 2498 1468 est
2524 1418 2760 1485 positum,
2798 1421 2986 1490 inquit,
3020 1426 3155 1493 quod
3182 1437 3254 1480 est
3277 1427 3425 1482 Chri-

1837 1508 1946 1552 stus
1964 1499 2135 1555 Jcsus.
2159 1501 2462 1561 AEditicium
2484 1518 2661 1564 autem
2691 1512 2820 1566 mihi
2850 1514 3097 1571 videntur
3112 1533 3232 1574 esse
3255 1523 3425 1576 actio-

1838 1605 1955 1643 ncs.
1991 1593 2149 1659 Διομιί
2195 1594 2382 1651 dicunt
2431 1599 2671 1667 quidam,
2716 1602 2819 1659 hoc
2867 1605 3040 1674 ipsqu
3070 1608 3271 1665 dictum
3299 1622 3421 1669 csSe

1839 1682 1903 1736 de
1924 1682 2236 1740 doctoribus
2263 1696 2315 1741 et
2340 1688 2407 1744 de
2432 1690 2709 1761 discipulis
2740 1711 2801 1750 ac
2829 1696 2896 1753 de
2916 1704 3182 1770 corruptis
3206 1704 3423 1760 haeresi-

1837 1773 1957 1828 bus.
1992 1776 2097 1832 Sed
2130 1778 2229 1833 hoc
2259 1783 2429 1836 series
2470 1800 2576 1838 non
2621 1786 2876 1843 admittit.
2906 1791 3041 1847 Nam
3095 1796 3140 1848 si
3186 1797 3285 1851 hoc
3314 1808 3418 1865 est,

1838 1868 2107 1935 quomodo
2137 1884 2273 1939 opus
2319 1874 2532 1941 quidem
2586 1878 2751 1945 perit;
2796 1881 2884 1949 qui
2933 1892 3108 1938 autem
3159 1887 3418 1955 aediﬁcat,

1838 1958 2015 2011 salvus
2033 1961 2137 2014 erit
2164 1964 2243 2016 vel
2271 1980 2363 2032 per
2383 1965 2597 2035 ignem?
2618 1979 2897 2025 auctorem
2926 1976 3069 2028 enim
3102 1980 3269 2047 magis
3296 1996 3421 2048 perc

1840 2066 1918 2106 ire
1961 2064 2437 2121 oporteret:nune
2480 2070 2658 2115 autem
2705 2063 2935 2132 majores
2979 2081 3166 2134 poenas
3207 2070 3423 2128 dedisse

1839 2144 2139 2202 invenietur
2167 2150 2231 2214 is,
2277 2152 2366 2221 qui
2393 2153 2690 2210 aediﬁcatus
2718 2166 2819 2212 est.
2854 2158 2983 2213 Nam
3029 2162 3072 2214 si
3117 2163 3305 2218 doctor
3330 2182 3423 2220 au-

1838 2248 1954 2293 ctor
1981 2239 2077 2295 fuit
2119 2243 2265 2306 mali,
2298 2244 2493 2314 dignus
2533 2250 2735 2317 estqui
2768 2251 3000 2321 majores
3042 2255 3150 2309 luat
3199 2272 3419 2327 pinnas:

1838 2333 2110 2401 quomodo
2140 2350 2268 2405 ergo
2296 2338 2477 2392 salvus
2507 2340 2606 2393 erit
2627 2341 2651 2391 ’ἰ
2672 2341 2728 2395 Si
2756 2354 2940 2398 auctor
2965 2361 3070 2399 non
3094 2356 3197 2411 est,
3229 2349 3322 2403 sed
3342 2349 3419 2403 div

1838 2423 2030 2491 scipuli
2064 2439 2160 2493 per
2188 2441 2338 2481 suam
2386 2432 2792 2496 perversitatem
2823 2434 2955 2488 tales
2986 2434 3107 2490 facti
3136 2447 3281 2502 sunt,
3314 2456 3420 2495 non

1839 2514 2030 2581 dignus
2057 2525 2139 2570 est
2166 2516 2210 2570 is
2234 2519 2324 2587 qui
2348 2528 2494 2575 recte
2524 2522 2827 2587 aedificavit,
2858 2527 2945 2594 qui
2979 2527 3087 2581 luat
3127 2544 3309 2596 ptenas
3340 2533 3423 2587 vel

1838 2605 2092 2660 damnum
2123 2611 2331 2665 subeat.
2378 2612 2660 2679 Quomodo
2701 2631 2830 2685 ergo
2869 2616 3019 2681 dicit,
3054 2618 3423 2677 Detrimentum

1840 2703 2096 2770 patietur?
2122 2702 2275 2758 Unde
2305 2706 2478 2773 palam
2506 2718 2607 2771 est,
2659 2708 2746 2762 hic
2788 2710 2854 2765 de
2898 2712 3109 2768 actibus
3136 2715 3241 2784 agi.
3289 2716 3421 2783 Quia

1837 2796 1981 2848 enim
2032 2794 2412 2851 fornicatorem
2444 2798 2699 2869 deinceps
2741 2816 3092 2872 aggressurus
3130 2817 3232 2873 est,
3266 2807 3424 2878 longe

1838 2896 1993 2938 antea
2020 2887 2340 2956 principium
2371 2893 2541 2959 ponit.
2575 2891 2724 2946 Solet
2749 2894 2893 2948 enim
2935 2896 3003 2950 de
3029 2898 3130 2951 alia
3161 2915 3220 2954 re
3242 2899 3422 2955 dictu-

1838 2993 1953 3041 rus,
1983 2979 2034 3031 in
2064 2978 2180 3047 ipsa
2213 2978 2280 3034 de
2308 2981 2416 3034 alio
2443 2981 2805 3051 disputatione
2828 2986 2971 3039 aliud
3013 2990 3342 3057 prremittere
3369 3001 3425 3047 et

1840 3070 2085 3138 probare,
2106 3086 2212 3141 quo
2235 3081 2418 3139 postea
2444 3083 2697 3128 venturus
2715 3086 2815 3130 est.
2842 3077 2972 3130 Nam
2996 3080 3415 3148 reprehendens,

1836 3161 1979 3231 quod
2009 3163 2061 3216 in
2088 3163 2327 3231 prandiis
2353 3164 2441 3218 alii
2467 3164 2602 3219 alios
2631 3182 2737 3220 non
2778 3178 3173 3237 exspectarent,
3204 3172 3271 3227 de
3302 3190 3420 3244 my-

1836 3254 2014 3307 steriis
2041 3267 2345 3308 sermonem
2374 3256 2668 3323 apparavit.
2695 3257 2827 3323 Quia
2853 3269 3029 3311 autem
3060 3277 3199 3314 nunc
3220 3262 3283 3315 ad
3308 3262 3419 3317 for-

1837 3346 2127 3401 nicatorem
2149 3345 2381 3412 festinat,
2402 3347 2468 3401 de
2488 3348 2831 3405 fundamento
2854 3353 3101 3422 loquutus
3126 3355 3421 3423 subjunait:

1838 3437 1924 3491 16.
1952 3437 2172 3492 Nescitis
2194 3440 2331 3509 quod
2356 3441 2600 3509 templum
2624 3441 2718 3495 Dei
2736 3444 2875 3508 estis,
2900 3454 2943 3497 et
2967 3444 3194 3515 Spiritus
3215 3446 3312 3501 Dei
3330 3449 3423 3502 lia-

1835 3528 1959 3582 bitat
1987 3530 2041 3583 in
2064 3532 2235 3584 vobis?
2262 3532 2322 3586 Si
2348 3532 2460 3601 quis
2487 3534 2729 3601 templum
2745 3533 2835 3588 Dei
2859 3535 3138 3603 violaverit,
3163 3538 3418 3608 disperde!

1836 3622 1981 3675 illum
2010 3621 2167 3676 Deus.
2201 3623 2328 3678 Hmc
2356 3633 2533 3678 autem
2560 3624 2793 3692 dicebat,
2822 3627 2932 3694 jam
2965 3638 3106 3683 metu
3145 3632 3423 3698 exagitans

1835 3724 2070 3769 mentem
2096 3715 2212 3784 ejus
2235 3716 2325 3785 qui
2354 3715 2647 3771 fornicatus
2699 3716 2893 3772 fuerat.
2926 3718 2986 3773 Si
3006 3721 3116 3788 quis
3144 3722 3423 3791 superadi-

1836 3809 2122 3877 [icatsupcr
2148 3810 2533 3880 fundamentum
2549 3810 2664 3874 hoc,
2690 3827 2893 3877 aurum,
2913 3822 3199 3883 argentum,
3224 3814 3421 3883 lapides

1836 3904 2101 3972 pretiosos,
2145 3903 2306 3972 ligna,
2355 3901 2566 3972 frenum,
2614 3904 2878 3973 stipulam.
2922 3905 3048 3959 Post
3075 3906 3230 3962 [idem
3275 3908 3420 3963 enim

1837 3997 2188 4051 :cdilicatioue
2242 4006 2325 4050 est
2373 4011 2555 4066 opus:
2603 4006 2656 4051 et
2708 3998 2829 4051 ideo
2884 3999 3008 4052 alibi
3055 4000 3183 4055 dicit
3218 4019 3230 4053 :
3264 4000 3425 4055 ,λΕάὶ-

1837 4089 1986 4155 ﬁcate
2012 4105 2095 4142 vos
2125 4090 2338 4141 invicem
2363 4089 2415 4141 in
2443 4088 2521 4141 Itis
2552 4090 2865 4143 sermonibus
2891 4088 2967 4160 (l.
3010 4089 3186 4144 Thess.
3216 4093 3269 4146 5.
3302 4092 3417 4163 ﬂ).

1837 4180 2046 4234 Etenim
2077 4178 2292 4245 artifex,
2316 4188 2369 4234 et
2398 4180 2696 4249 discipulus
2718 4181 2878 4235 simul
2904 4184 3185 4237 conferunt
3210 4184 3260 4236 in
3283 4183 3419 4237 uadi.

1838 4273 2169 4326 licationem:
2196 4271 2420 4340 ideoque
2450 4272 2610 4327 dicit:
2644 4271 3000 4344 Unusquisque
3044 4287 3212 4330 autem
3256 4277 3419 4332 uideat

1835 4363 2082 4433 quomodo
2101 4364 2493 4434 supermdi/icet.

1907 4460 1959 4512 5.
2000 4458 2054 4511 Si
2085 4457 2199 4511 haec
2225 4470 2401 4512 autem
2428 4458 2569 4512 dicta
2595 4459 2705 4512 sint
2728 4459 2795 4513 de
2828 4460 2952 4528 fide,
2985 4476 3091 4516 non
3124 4470 3206 4517 est
3224 4461 3424 4522 rationi

1836 4557 2253 4602 consentaneum
2281 4549 2421 4617 quod
2444 4549 2658 4603 dicitur.
2691 4550 2749 4604 In
2792 4549 2895 4604 {ide
2940 4566 3172 4622 namque
3208 4562 3419 4623 oportet

1837 4656 2024 4696 onmes
2046 4656 2165 4695 esse
2197 4657 2379 4711 pares,
2420 4642 2674 4710 quoniam
2705 4657 2807 4696 una
2837 4651 2920 4697 est
2944 4643 3109 4698 fides:
3140 4644 3193 4700 in
3221 4645 3421 4701 virtute

1837 4744 2015 4788 autem
2062 4734 2184 4788 vitae
2231 4750 2335 4789 nou
2385 4743 2610 4804 possunt
2652 4750 2841 4791 omnes
2883 4751 3003 4791 esse
3046 4737 3224 4793 iidem.
3260 4738 3418 4795 Fides

1837 4830 1977 4883 enim
2003 4844 2108 4883 non
2138 4838 2220 4883 est
2249 4829 2350 4882 alia
2379 4829 2577 4893 minor,
2610 4828 2711 4882 alia
2732 4831 3087 4899 praestantior,
3111 4831 3206 4887 sed
3228 4832 3416 4888 eadem

1836 4932 1919 4976 est
1940 4921 2176 4975 omnium
2223 4936 2351 4975 vere
2380 4920 2733 4975 credentium.
2763 4922 2832 4976 At
2856 4921 2907 4976 in
2940 4923 3045 4976 vita
3081 4935 3301 4993 possunt
3329 4924 3419 4981 alii

1837 5014 2049 5085 quidem
2078 5030 2199 5069 esse
2225 5013 2598 5079 studiosiores,
2622 5015 2710 5068 alii
2742 5015 3112 5080 socordiores;
3140 5017 3230 5071 alii
3252 5032 3418 5071 accu-

1837 5107 2084 5173 ratiores,
2108 5106 2159 5160 al
2186 5107 2198 5159 i
2221 5106 2537 5173 inferiores;
2560 5107 2647 5161 alii
2671 5106 2896 5177 majora,
2928 5109 3016 5161 alii
3043 5108 3249 5163 minora
3273 5119 3421 5165 recte

1838 5214 2029 5269 agere;
2079 5210 2129 5252 et
2169 5199 2257 5252 alii
2305 5199 2536 5267 gravius,
2579 5199 2668 5253 alii
2700 5200 2877 5253 minus
2918 5200 3249 5270 delinquere.
3284 5202 3420 5256 Pro-

1837 5302 2019 5363 pterea
2050 5292 2184 5345 dixit
2210 5306 2420 5351 aurum,
2460 5300 2760 5361 argentum,
2803 5291 3007 5361 lapides
3033 5293 3319 5361 pretiosos,
3353 5295 3419 5347 li-

1837 5400 1959 5455 gna,
1981 5385 2203 5448 frenum,
2227 5383 2499 5452 stipulam.
2525 5381 2935 5452 Uuiuscujusque
2949 5398 3077 5453 opus
3095 5384 3423 5454 manifestum

1838 5480 1949 5530 erit.
1976 5474 2074 5529 llic
2102 5474 2168 5529 de
2195 5476 2405 5529 actione
2449 5474 2703 5542 loquitur.
2747 5474 2809 5529 Si
2832 5475 2978 5546 cujus
3006 5491 3135 5545 opus
3158 5475 3421 5540 manserit,

1836 5568 1971 5638 quod
1990 5566 2485 5637 supermdiﬁcaverit,
2510 5565 2785 5619 mercedem
2804 5568 3047 5636 accipiet;
3067 5566 3111 5620 si
3132 5567 3277 5636 cujus
3293 5582 3422 5634 opus

1838 5665 2038 5724 arserit,
2074 5661 2426 5714 detrimentum
2447 5660 2682 5729 accipiet.
2711 5658 2870 5729 Atqui
2892 5658 2936 5714 si
2965 5659 3035 5715 de
3063 5658 3337 5729 discipulis
3364 5666 3421 5714 et

1838 5752 2149 5811 doctoribus
2172 5751 2224 5808 id
2250 5751 2540 5819 diceretur,
2574 5765 2681 5807 non
2711 5751 3036 5822 oportuisset
3054 5749 3299 5807 doctores
3321 5747 3417 5806 de-
