3864 6312
393 322 465 382 79
1129 309 1184 362 S.
1224 302 1501 362 JOANNIS
1536 293 2006 356 CHRYSOSTOMI
2045 292 2361 350 AllClllEP.
2399 292 2925 352 CONSTANTINOP.
3609 290 3685 350 ω

393 439 705 494 trimeutum
741 429 1000 499 recipere,
1034 423 1080 478 si
1108 439 1212 477 non
1249 419 1524 474 audissent
1552 413 1819 484 discipuli.
1855 411 1980 466 Ideo

393 534 469 586 ait
489 547 501 582 :
523 525 877 595 Unusquisque
897 518 1156 589 prapriam
1177 512 1455 567 mercedem
1472 508 1682 576 accipiet
1706 503 1984 559 secundum

395 621 662 693 proprium
702 615 960 677 laborem;
993 625 1098 664 non
1127 603 1421 662 secundum
1454 602 1637 663 linem,
1664 597 1757 653 sed
1787 611 1982 651 secun-

395 687 526 768 dum
559 711 817 766 laborem.
850 703 987 772 Quid
1009 701 1176 764 enim,
1205 697 1250 751 si
1283 711 1387 750 non
1418 691 1745 748 attenderint
1770 687 1982 742 audito-

397 805 522 861 res?
563 803 898 871 Quapropter
927 797 1050 850 hinc
1096 790 1356 863 liquidum
1397 797 1479 842 est
1523 786 1608 839 hic
1633 784 1702 838 de
1731 781 1986 852 cperibus

396 899 501 968 agi.
534 897 587 950 ld
612 903 790 949 autem
820 889 937 943 vult
964 885 1266 956 significare
1291 899 1304 936 :
1335 881 1380 935 si
1409 880 1528 948 quis
1556 892 1677 932 cum
1710 885 1854 929 recta
1879 871 1985 926 fide

399 990 594 1044 malam
638 989 803 1040 vitam
835 991 978 1052 agat,
1023 978 1149 1033 huic
1180 991 1285 1030 non
1333 971 1573 1044 proderit
1619 969 1752 1023 fides
1781 976 1839 1021 ut
1875 980 1984 1019 non

400 1080 668 1150 puniatur,
704 1075 926 1129 ardente
956 1084 1142 1141 opere.
1168 1065 1300 1122 Illud
1327 1074 1527 1128 autem,
1558 1061 1772 1124 Arserit,
1799 1057 1847 1112 id
1879 1066 1982 1122 est,

401 1149 508 1227 non
531 1171 714 1226 tulerit
738 1169 845 1222 vim
878 1166 1036 1237 ignis.
1067 1161 1174 1218 Sed
1204 1169 1262 1214 ut
1287 1159 1331 1212 si
1361 1158 1480 1228 quis
1506 1170 1653 1210 arma
1695 1166 1857 1207 aurea
1891 1149 1987 1204 ha-

401 1267 534 1320 bens
586 1261 806 1317 fluvium
881 1259 1093 1326 igneum
1159 1252 1421 1320 trajiciat,
1480 1247 1658 1302 alacer
1703 1243 1982 1306 transibit;

400 1357 445 1409 si
473 1363 651 1409 autem
673 1351 872 1406 foenum
897 1347 1100 1402 habens
1129 1350 1384 1407 transeat,
1409 1355 1513 1394 non
1537 1337 1696 1393 modo
1716 1335 1845 1390 nihil
1867 1349 1988 1403 pro-

405 1446 533 1508 licit,
557 1441 650 1499 sed
671 1441 832 1498 etiam
855 1438 1087 1508 seipsum
1116 1432 1323 1505 perdit:
1349 1433 1416 1486 ita
1449 1437 1531 1484 est
1558 1437 1612 1484 et
1637 1428 1686 1481 in
1710 1425 1983 1496 operibus.

403 1539 520 1593 Non
541 1536 682 1591 enim
711 1533 798 1588 hic
821 1530 1055 1601 loquitur
1075 1526 1226 1598 quasi
1250 1524 1318 1579 de
1343 1520 1589 1593 personis
1611 1534 1734 1574 vere
1759 1516 1983 1578 adustis,

403 1631 496 1686 sed
528 1628 702 1700 potius
734 1634 791 1678 ut
837 1632 1038 1677 metum
1072 1616 1318 1678 incutiat,
1349 1611 1703 1678 ostendatque
1743 1623 1864 1662 eum
1896 1604 1986 1674 qui

405 1725 459 1776 in
493 1699 722 1790 nequitia
752 1715 883 1769 vivit
914 1711 1112 1766 nudum
1143 1706 1394 1778 prmsidio
1432 1711 1486 1758 et
1516 1699 1804 1756 securitate
1830 1710 1988 1750 esse:

405 1819 733 1882 quapropter
753 1807 847 1871 ait,
875 1803 1238 1858 Detrimentum
1260 1797 1496 1866 patietur.
1525 1793 1660 1846 i‘lcce
1681 1804 1842 1844 unum
1865 1802 1992 1857 Stip-

407 1907 643 1978 pliciutn.
695 1900 816 1972 Ipse
863 1908 1030 1951 autem
1070 1893 1240 1948 salvus
1285 1889 1398 1954 erit,
1432 1887 1504 1940 sic
1543 1881 1874 1952 tamenquasi
1901 1895 1990 1950 per

403 1971 592 2068 ignem.
636 1993 776 2047 Ecce
805 1985 1122 2044 secundum.
1154 1981 1266 2036 Hoc
1293 1987 1469 2033 autem
1497 1975 1612 2030 vult
1650 1971 1985 2044 signiﬁcare:

407 2063 512 2144 non
541 2089 618 2142 sic
644 2086 735 2139 ille
765 2080 962 2152 peribit
1002 2086 1060 2130 ut
1103 2088 1285 2142 opera,
1319 2069 1386 2126 ad
1431 2066 1654 2122 nihilum
1705 2063 1986 2126 redactus;

406 2181 500 2236 sed
531 2175 767 2232 manebit
795 2173 845 2225 in
875 2173 1015 2240 igne.
1059 2166 1296 2222 Sanitein
1335 2163 1514 2231 itaque
1559 2158 1694 2212 hanc
1727 2170 1841 2210 rem
1890 2168 1988 2207 vo-

406 2283 513 2335 rat,
545 2269 638 2325 sed
670 2283 774 2322 non
825 2261 1176 2331 simpliciter;
1231 2255 1427 2326 adjecit
1475 2253 1640 2318 enim,
1691 2249 1848 2317 Quasi
1903 2263 1992 2316 per

406 2368 592 2438 ignem.
621 2360 750 2416 Nam
786 2373 885 2412 nos
914 2368 1127 2426 quoque
1157 2350 1398 2406 solemus
1424 2345 1627 2410 dicere,
1659 2341 1711 2396 In
1735 2343 1853 2412 igne
1879 2337 1988 2392 sal-

407 2432 504 2510 vus
533 2463 636 2520 est,
668 2453 736 2506 de
777 2451 842 2505 iis
881 2465 998 2518 qua!
1028 2461 1135 2499 non
1174 2441 1566 2498 comburuntur
1592 2451 1690 2490 nec
1715 2434 1894 2487 statim
1936 2432 1989 2485 in

404 2549 643 2604 cinerem
673 2545 890 2597 abeunt.
934 2537 1011 2593 Ne
1055 2551 1184 2606 ergo
1215 2533 1336 2604 quia
1379 2533 1552 2600 ignem
1587 2525 1801 2588 audisti,
1839 2532 1992 2593 putes

404 2655 520 2702 eos,
549 2637 638 2708 qui
661 2634 1071 2694 comburuntur,
1102 2628 1153 2681 in
1187 2624 1409 2679 nihilum
1442 2620 1632 2689 redigi.
1657 2618 1712 2672 Si
1738 2631 1864 2671 vero
1887 2614 1991 2668 tale

405 2730 728 2802 supplicium
782 2726 1008 2780 salutem
1059 2729 1235 2784 vocet,
1269 2733 1336 2772 ne
1367 2715 1576 2770 mireris
1613 2731 1626 2767 :
1668 2711 1805 2766 solet
1847 2709 1990 2763 enim

406 2800 566 2880 etiam
599 2823 650 2875 in
684 2821 748 2873 iis
777 2833 896 2887 qua:
915 2815 1052 2870 male
1077 2818 1271 2866 sonant
1299 2806 1536 2878 pulchris
1565 2803 1637 2857 titi
1664 2800 1987 2864 nominibus,

407 2926 463 2971 et
494 2916 545 2970 in
582 2911 758 2974 bonis,
781 2906 1090 2964 contrariis.
1116 2901 1280 2956 Verbi
1310 2899 1502 2970 gratia,
1535 2892 1860 2964 captivitatis
1888 2904 1991 2944 no-

409 3027 531 3066 men
577 3007 731 3061 mala:
761 3002 838 3058 rei
882 3015 1076 3054 nomen
1121 3011 1242 3052 esse
1272 2994 1515 3057 videtur;
1546 2989 1642 3045 sed
1669 2990 1719 3043 in
1751 3003 1810 3041 re
1851 2987 1990 3041 bona

407 3109 500 3164 illo
523 3122 648 3161 usus
672 3113 752 3158 est
785 3100 1000 3162 Paulus,
1047 3097 1268 3150 dicens:
1311 3091 1374 3145 In
1415 3089 1752 3160 captivitatem
1792 3092 1993 3154 agentes

407 3214 604 3254 onmem
633 3193 1016 3264 intelligentiam
1047 3187 1114 3240 ad
1143 3184 1476 3240 obedientiam
1519 3179 1701 3234 Christi
1736 3176 1814 3246 (2.
1871 3173 1990 3228 Cor.

411 3292 498 3344 lt).
532 3289 609 3358 5).
641 3288 705 3340 Et
735 3288 786 3338 in
816 3299 873 3337 re
901 3282 1036 3335 tnala
1070 3277 1204 3332 bene
1235 3284 1461 3329 sonante
1497 3269 1714 3325 nomine
1740 3281 1866 3320 usus
1889 3274 1992 3330 est,

409 3381 618 3443 dicens,
651 3375 894 3446 Regnavit
918 3381 1179 3442 peccatum
1210 3367 1384 3436 (Rom.
1419 3363 1472 3418 5.
1515 3361 1643 3430 21):
1676 3373 1995 3428 quamquam

413 3485 611 3525 nomen
644 3468 792 3535 regni
826 3464 1002 3534 potius
1027 3461 1163 3515 bene
1191 3467 1365 3512 sonet.
1396 3455 1486 3510 Sic
1516 3463 1570 3507 et
1602 3451 1703 3505 hoc
1734 3452 1852 3505 loco
1873 3463 1995 3502 cum

413 3563 564 3627 dicit,
594 3559 781 3614 Salvus
809 3557 924 3620 erit,
955 3553 1084 3607 nihil
1117 3549 1260 3604 aliud
1292 3563 1450 3618 quam
1477 3553 1820 3615 augmentum
1865 3556 1995 3611 sup-

413 3655 561 3725 plicii
591 3648 978 3711 subiudicavit;
1009 3660 1073 3698 ac
1092 3643 1137 3697 si
1168 3641 1414 3702 dixisset,
1445 3638 1560 3706 Ipse
1601 3645 1777 3688 autem
1811 3647 1997 3687 mane-

413 3748 491 3801 bit
517 3747 566 3798 iu
596 3753 854 3798 aeternum
878 3739 1165 3794 cruciatus.
1201 3731 1401 3788 Deinde
1423 3731 1582 3785 etiam
1607 3728 1763 3782 infert
1784 3727 1995 3781 dicens:

417 3837 638 3892 Nescitis
662 3833 798 3905 quod
825 3830 1064 3900 templum
1093 3827 1192 3881 Dei
1217 3827 1370 3879 estis?
1396 3823 1528 3890 Quia
1551 3821 1691 3875 enim
1716 3820 1782 3874 de
1804 3820 1887 3884 iis,
1910 3818 1999 3887 qui

417 3929 667 3985 scindunt
692 3925 1006 3985 Ecclesium,
1038 3923 1286 3991 superius
1327 3918 1574 3985 loquutus
1603 3923 1708 3977 est,
1750 3913 2001 3980 deinceps

417 4024 564 4078 illiilli
594 4017 920 4091 perstringit,
940 4015 1028 4085 qui
1053 4014 1344 4068 fornicatus
1364 4017 1498 4074 erat,
1529 4005 1763 4062 nondum
1785 4006 2000 4076 quidem

419 4121 626 4183 aperte,
656 4111 752 4166 sed
805 4107 1100 4169 indefinite,
1142 4104 1258 4174 ejus
1286 4109 1594 4170 corruptam
1626 4101 1785 4154 vitam
1819 4099 2003 4152 subin-

419 4207 629 4269 tlieans,
651 4213 706 4258 et
731 4210 1007 4272 peccatum
1035 4193 1372 4266 amplificatis
1397 4207 1426 4245 a
1457 4191 1602 4246 dono
1624 4190 1732 4260 jam
1762 4189 1860 4258 ipsi
1888 4190 2004 4242 col—

421 4299 551 4352 lato.
587 4296 788 4351 Deinde
817 4295 952 4348 alios
976 4305 1186 4361 quoque
1215 4285 1526 4357 perstringit
1554 4283 1621 4336 ab
1651 4283 1735 4348 iis,
1761 4281 2003 4352 qtimjani

425 4388 523 4458 ipsi
559 4387 876 4441 habuerant.
922 4384 1047 4438 Sive
1083 4381 1225 4434 enim
1267 4393 1298 4431 a
1327 4376 1536 4439 futuris,
1565 4377 1676 4428 sive
1701 4373 1769 4428 ab
1798 4374 1862 4426 iis
1889 4387 2007 4442 quae

423 4481 531 4548 jam
557 4480 789 4543 fuerant,
823 4485 876 4530 et
906 4473 1144 4528 molestis
1175 4479 1229 4524 et
1256 4467 1432 4533 bonis,
1464 4481 1678 4534 semper
1707 4463 1756 4518 id
1789 4462 1946 4516 facit:
1976 4478 2006 4515 a

426 4571 618 4624 futuris
643 4567 881 4638 quidem,
919 4564 1036 4618 Dies
1056 4562 1190 4615 enim
1210 4557 1503 4621 declarabit,
1531 4556 1666 4626 quod
1702 4555 1754 4606 in
1782 4553 1898 4623 igne
1925 4568 2008 4604 re-

425 4664 658 4727 veletur;
687 4661 842 4714 abiis
875 4666 1052 4712 autem
1082 4669 1200 4724 quae
1223 4651 1332 4719 jam
1365 4649 1593 4710 fuerant,
1626 4645 1848 4699 Nescitis
1876 4642 2009 4710 quod

428 4754 673 4825 templum
698 4749 795 4803 Dei
821 4751 958 4809 estis,
985 4757 1031 4800 et
1054 4744 1281 4814 Spiritus
1309 4739 1400 4793 Dei
1422 4739 1612 4792 habitat
1639 4738 1689 4789 in
1727 4734 1883 4787 vobis.
1919 4733 2004 4787 17.

431 4847 493 4902 Si
519 4846 628 4915 quis
658 4841 897 4911 templum
921 4839 1018 4894 Dei
1085 4834 1366 4895 violaverit,
1389 4829 1644 4899 disperde:
1673 4827 1818 4881 illum
1852 4826 2007 4880 Deus.

435 4937 621 4992 Viden’
649 4934 906 4990 orationis
928 4925 1354 4986 vehementiam?
1379 4923 1484 4979 Sed
1511 4919 1760 4992 quamdiu
1787 4933 2012 4988 persona

431 5038 517 5085 est
543 5030 742 5100 ignota,
781 5041 886 5080 non
932 5032 1016 5077 est
1053 5022 1188 5076 adeo
1230 5033 1395 5090 grave
1439 5014 1578 5086 quod
1629 5013 1844 5078 dicitur,
1889 5027 2012 5066 cum

434 5135 627 5178 omnes
653 5119 897 5174 timorem
921 5115 1277 5185 correptionis
1316 5111 1600 5182 participes
1621 5108 1868 5163 subeant.
1894 5105 2016 5160 Dis-

436 5213 608 5286 perdet
636 5213 784 5267 illum
809 5210 976 5272 Deus;
997 5207 1049 5261 id
1086 5215 1167 5261 est
1185 5246 1201 5272 ,
1225 5205 1413 5259 afferet
1438 5201 1808 5258 exitium.l|oc
1835 5210 2014 5254 autem

439 5323 546 5362 non
592 5315 676 5361 est
720 5303 857 5358 male
886 5301 1132 5364 dicentis,
1180 5297 1273 5353 sed
1326 5297 1712 5365 prophetantis.
1745 5293 2017 5362 Templum

436 5400 567 5454 enim
608 5397 705 5452 Dei
730 5407 960 5450 sanctum
989 5405 1080 5449 est.
1126 5391 1442 5446 Fornicator
1467 5405 1594 5460 ergo
1618 5399 1700 5445 est
1740 5387 2017 5458 profanus.

438 5490 643 5546 Deinde
673 5505 740 5544 ne
769 5488 1039 5542 videretur
1059 5485 1122 5538 ad
1147 5484 1295 5538 illum
1328 5482 1596 5551 respicere
1621 5496 1740 5535 cum
1771 5479 2016 5545 dixisset,

436 5583 705 5652 Templum
735 5582 866 5636 enim
892 5579 988 5634 Dei
1012 5587 1245 5633 sanctum
1264 5584 1358 5640 est,
1389 5573 1685 5644 subjuuxit,
1721 5571 1870 5636 Quod
1905 5571 2021 5626 estis

436 5690 544 5729 vos.
569 5674 654 5730 18.
678 5672 843 5728 Nemo
871 5673 1091 5742 seipsum
1133 5667 1360 5723 seducet.
1396 5666 1509 5721 Hoc
1534 5678 1745 5736 quoque
1769 5663 1836 5718 ad
1868 5664 2020 5718 illum

437 5777 663 5838 spectat,
692 5766 863 5839 utqui
889 5780 949 5822 se
973 5763 1304 5822 existimaret
1332 5758 1532 5833 aliquid
1571 5770 1710 5827 esse,
1740 5765 1793 5812 et
1829 5754 1896 5813 de
1924 5771 2012 5812 sa-

2095 411 2292 483 pientia
2319 410 2658 481 gloriaretur.
2683 409 2760 464 Ne
2781 409 3054 463 videretur
3075 416 3253 462 autem
3277 407 3542 462 curiosius
3559 408 3684 462 diu-

2095 505 2303 574 tiusque
2337 504 2487 556 illum
2518 503 2797 572 impetere,
2829 516 2950 556 cum
2984 501 3036 554 in
3081 515 3334 570 angorem
3382 509 3439 553 et
3477 509 3684 554 metum

2093 594 2242 648 illum
2265 593 2602 662 conjecisset,
2628 607 2814 648 rursus
2829 590 2894 645 ad
2916 605 3258 646 communem
3279 590 3682 645 accusationem

2093 686 2390 740 orationem
2440 685 2656 740 deducit
2701 684 2922 739 dicens:
2949 683 3011 738 Si
3038 684 3151 754 quis
3195 683 3390 737 videtur
3429 684 3563 736 inter
3593 699 3684 736 vos

2091 795 2292 848 sapiens
2321 795 2428 833 esse
2454 781 2507 833 in
2547 779 2643 832 hoc
2667 777 2875 844 steculo,
2905 777 3086 830 stultus
3113 777 3224 845 ﬁat,
3271 787 3330 829 ut
3364 778 3431 830 sit
3453 777 3682 844 sapiens.

2094 871 2208 927 lloc
2253 882 2429 924 autem
2469 869 2662 926 deinde
2694 870 2818 924 facit
2859 884 2980 924 cum
3013 883 3202 936 magna
3234 867 3484 938 loquendi
3518 868 3686 922 liber-

2094 972 2221 1030 tate,
2256 972 2438 1032 utpote
2466 965 2554 1034 qui
2586 964 2704 1018 illos
2742 963 2874 1017 satis
2909 961 3276 1032 expugnarit'.
3305 961 3436 1016 Nam
3466 960 3687 1018 etiamsi

2091 1058 2210 1126 quis
2233 1057 2302 1110 sit
2327 1057 2498 1120 dives,
2528 1057 2736 1111 etiamsi
2769 1056 2983 1120 nobilis,
3019 1056 3202 1109 vilium
3231 1056 3468 1110 omnium
3497 1066 3583 1109 est
3604 1056 3688 1108 vi-

2093 1148 2348 1215 lissimus,
2373 1149 2584 1220 quando
2603 1161 2790 1220 captus
2817 1150 2974 1204 fuerit
2998 1164 3027 1202 a
3051 1159 3290 1220 peccato.
3314 1150 3683 1216 Quemadmo-

2093 1240 2217 1294 dum
2249 1241 2389 1295 enim
2417 1241 2460 1294 si
2485 1241 2604 1310 quis
2631 1256 2722 1296 rex
2749 1242 2839 1304 sit,
2863 1251 2917 1296 et
2943 1241 3288 1295 barbarorum
3312 1251 3493 1311 postea
3515 1240 3687 1310 Capti-

2094 1349 2192 1387 vus
2221 1336 2330 1401 flat,
2359 1335 2595 1388 omnium
2621 1342 2704 1388 est
2732 1334 3096 1398 miserrimus;
3129 1334 3198 1388 ita
3219 1335 3379 1390 etiam
3407 1335 3460 1389 in
3489 1350 3686 1404 pecca-

2095 1437 2170 1486 to.
2194 1427 2460 1482 Barbarus
2481 1427 2622 1482 enim
2653 1427 2871 1498 quidam
2893 1437 2975 1482 est
2997 1436 3294 1497 peceatum,
3323 1427 3463 1499 quod
3485 1429 3687 1483 animus

2094 1520 2261 1575 semel
2291 1529 2461 1590 captae
2489 1535 2711 1590 parcere
2737 1519 2961 1584 nesciat,
2991 1519 3085 1574 sed
3112 1521 3162 1574 in
3181 1521 3470 1590 perniciem
3489 1535 3689 1576 eorum

2093 1613 2180 1682 qui
2211 1613 2351 1682 capti
2377 1621 2501 1666 sunt
2531 1611 2869 1682 tyrannidem
2905 1627 3055 1666 suam
3086 1621 3355 1668 exerceat.

2168 1709 2218 1763 ι.
2240 1707 2442 1762 Peccati
2457 1708 2748 1776 descriptio.
2768 1707 2921 1761 Avari
2937 1707 3340 1777 imago.—Nihil
3359 1706 3499 1762 enim
3516 1708 3588 1762 ita
3605 1709 3688 1763 in-

2095 1798 2489 1853 consideratum
2505 1807 2588 1853 est
2609 1808 2661 1852 ut
2683 1807 2981 1869 peccatum,
3000 1798 3131 1851 nihil
3150 1799 3220 1851 ita
3245 1798 3520 1866 insipiens,
3538 1796 3690 1853 stul-

2098 1903 2207 1948 tum
2229 1908 2292 1947 ac
2309 1893 2630 1947 violentum:
2651 1893 2831 1947 omnia
2850 1894 3043 1947 evertit
3069 1901 3121 1946 et
3144 1893 3436 1957 confundit,
3463 1904 3516 1948 et
3550 1910 3679 1964 per-

2095 1986 2194 2053 dit,
2217 2000 2555 2054 qnocumque
2583 1985 2722 2039 insili
2743 1985 2846 2040 erit
2865 1987 3002 2039 :visu
3025 1984 3286 2047 deforme.
3308 2001 3466 2056 grave
3487 1996 3540 2041 et
3558 2003 3685 2042 mo-

2098 2078 2308 2132 lestum.
2341 2077 2406 2130 Et
2432 2077 2476 2130 si
2503 2077 2622 2146 quis
2646 2077 2820 2144 ipsum
2851 2076 3024 2145 pictor
3045 2075 3346 2146 effingeret,
3380 2093 3485 2131 non
3519 2077 3683 2133 aber-

2097 2179 2332 2224 raturum
2360 2168 2521 2223 fuisse
2541 2169 2670 2222 mihi
2703 2169 2934 2236 videtur,
2963 2169 3006 2223 si
3032 2169 3112 2223 sic
3135 2170 3305 2238 ipsum
3330 2170 3642 2227 efformaret
3667 2191 3682 2224 ε

2097 2261 2374 2316 mulierem
2422 2276 2614 2330 nempe
2640 2261 2922 2330 quamdam
2969 2259 3139 2314 forma
3187 2261 3454 2328 belluiua,
3489 2263 3688 2316 barba—

2098 2371 2234 2422 ram,
2265 2356 2441 2425 ignem
2475 2355 2768 2424 spirantem
2791 2395 2807 2421 ,
2840 2354 3208 2422 injucundam,
3239 2356 3465 2426 nigram,
3495 2357 3689 2427 quales

2096 2450 2302 2504 externi
2350 2457 2521 2518 poeta:
2566 2448 2775 2518 Scyllas
2819 2447 3134 2516 depingunt.
3186 2447 3486 2501 lnuumeris
3534 2448 3687 2502 enim

2097 2541 2345 2596 manibus
2373 2540 2724 2610 cogitationes
2752 2549 2963 2595 nostras
3007 2538 3360 2608 apprehendit
3383 2581 3399 2606 ,
3425 2550 3586 2611 atque
3611 2557 3681 2596 ex

2097 2635 2390 2704 improviso
2422 2633 2721 2702 ingreditur
2745 2674 2759 2698 ,
2792 2633 3082 2701 omniaque
3108 2631 3366 2702 discerpit
3394 2642 3446 2687 et
3473 2634 3688 2690 dilace-

2099 2735 2203 2791 rat,
2229 2726 2368 2780 sicut
2387 2740 2551 2779 canes
2571 2725 2873 2779 clanculum
2903 2723 3230 2778 mordentes.
3257 2725 3369 2778 lmo
3392 2726 3516 2794 quid
3543 2742 3686 2795 opus

2099 2818 2252 2873 nobis
2272 2827 2356 2872 est
2378 2817 2604 2886 pictura,
2628 2832 2750 2871 cum
2769 2817 2928 2871 liceat
2948 2831 3063 2879 eos,
3083 2817 3170 2884 qui
3196 2816 3322 2870 illud
3347 2827 3686 2886 perpetrant,

2100 2910 2151 2963 in
2180 2908 2410 2963 medium
2434 2907 2734 2962 adducere?
2751 2907 2920 2974 Quem
2944 2907 3125 2972 itaque
3150 2906 3310 2962 vultis
3332 2909 3556 2976 primum
3585 2909 3694 2964 de-

2098 3003 2428 3058 scribamus?
2451 3017 2668 3054 avarum
2686 3011 2740 3055 et
2755 2999 3058 3069 raptorem?
3080 2998 3281 3068 Ecquid
3296 3009 3378 3054 est
3392 2999 3563 3054 oculis
3576 3000 3686 3056 illis

2101 3095 2465 3166 impudentius
2488 3093 2510 3147 ‘l
2538 3091 2664 3162 quid
2688 3091 2854 3161 magis
2875 3090 3292 3146 inverecundum
3315 3133 3329 3156 ,
3359 3090 3484 3162 quid
3514 3091 3691 3161 magis

2101 3189 2348 3243 caninum
2374 3187 2397 3240 ?
2426 3201 2529 3238 non
2558 3185 2698 3238 enim
2721 3184 2871 3238 cauis
2910 3182 2978 3236 ita
3024 3183 3307 3251 impudens
3333 3193 3438 3236 stat
3475 3194 3533 3236 ut
3557 3183 3686 3249 hic,

2101 3279 2315 3350 quando
2341 3276 2578 3332 omnium
2609 3275 2745 3328 bona
2778 3275 2937 3342 rapit.
2971 3273 3110 3339 Quid
3140 3274 3387 3328 manibus
3416 3273 3562 3328 illius
3584 3274 3689 3329 de-

2107 3369 2442 3426 testabilius?
2487 3367 2613 3438 quid
2645 3382 2743 3422 ore
2791 3365 3120 3436 petulantius
3165 3365 3318 3435 ejus,
3369 3366 3458 3434 qui
3505 3365 3690 3420 omnia

2104 3465 2356 3525 devorat,
2389 3470 2445 3518 et
2490 3476 2778 3530 numquam
2825 3460 3092 3514 satiatur?
3136 3457 3213 3514 Ne
3255 3459 3373 3529 ejus
3401 3460 3604 3514 vultum
3633 3470 3693 3514 et

2105 3560 2294 3615 oculos
2325 3557 2616 3622 intuearis,
2648 3553 2791 3624 quod
2839 3555 2948 3608 sint
2978 3553 3208 3609 hominis
3239 3570 3252 3606 :
3282 3569 3386 3608 non
3418 3554 3559 3608 enim
3611 3555 3696 3609 sic

2106 3652 2372 3722 aspiciunt
2416 3649 2630 3703 humani
2677 3647 2838 3701 oeuli.
2891 3646 3006 3700 Non
3054 3647 3245 3715 aspicit
3299 3647 3392 3701 ille
3443 3647 3694 3702 homines

2109 3754 2379 3815 taniquam
2410 3743 2658 3797 homines
2683 3759 2696 3794 :
2727 3756 2834 3794 non
2856 3740 3046 3809 aSpicit
3070 3739 3259 3794 ea-lum
3285 3749 3552 3808 tamquam
3575 3755 3692 3793 cae—

2109 3839 2216 3891 lum
2244 3855 2256 3890 :
2285 3835 2350 3890 ad
2399 3835 2682 3889 Dominum
2723 3846 2830 3886 non
2861 3843 2990 3886 nutu
3019 3846 3116 3885 suo
3147 3831 3334 3895 tendit,
3381 3829 3473 3884 sed
3505 3831 3694 3884 omnia

2111 3929 2363 4002 pecunias
2387 3941 2509 3982 esse
2534 3925 2821 3980 existimat.
2850 3924 3077 3978 Humani
3104 3923 3243 3977 oculi
3270 3923 3445 3976 solent
3463 3922 3696 3975 afﬂictos

2113 4025 2358 4078 homines
2386 4019 2581 4075 intueri
2612 4029 2666 4072 et
2703 4017 2906 4087 frangi;
2931 4015 3202 4085 rapacium
3251 4015 3392 4068 oculi
3426 4029 3697 4084 pauperes

2111 4118 2326 4181 vident,
2359 4123 2413 4168 et
2438 4111 2729 4168 eﬂ‘erantur
2757 4129 2770 4164 :
2804 4110 3019 4164 humani
3063 4108 3202 4162 oculi
3254 4123 3356 4161 non
3387 4115 3444 4160 ut
3485 4120 3578 4159 sua
3613 4106 3700 4160 in-

2114 4221 2327 4264 tuentur
2355 4207 2526 4261 alieua
2553 4247 2568 4270 ,
2598 4205 2691 4260 sed
2721 4203 2935 4272 propria
2973 4201 3073 4255 sibi
3107 4208 3164 4254 ut
3191 4200 3363 4253 aliena
3388 4197 3568 4252 vident
3596 4215 3612 4251 :
3640 4208 3699 4252 et

2113 4317 2172 4356 ea
2203 4316 2322 4371 qua-
2346 4299 2465 4351 aliis
2494 4297 2615 4350 data
2646 4305 2772 4350 sunt
2823 4310 2928 4348 nou
2959 4293 3377 4361 concupiscunt,
3408 4289 3501 4344 sed
3528 4289 3695 4344 etiam

2115 4395 2166 4447 iu
2197 4391 2330 4446 alios
2356 4405 2570 4459 quoque
2596 4403 2692 4442 sua
2715 4384 3017 4441 effundunt.
3068 4383 3132 4438 lli
3159 4398 3286 4435 vero
3317 4396 3423 4434 non
3457 4381 3701 4434 contenti

2115 4491 2258 4547 sunt,
2287 4481 2388 4535 nisi
2415 4479 2656 4532 omnium
2685 4477 2824 4530 bona
2853 4474 3122 4543 abripiant
3155 4490 3168 4525 :
3197 4490 3303 4526 non
3337 4473 3478 4525 cnim
3507 4471 3702 4523 huma-

2118 4591 2240 4628 num
2267 4614 2281 4639 ,
2313 4572 2406 4627 sed
2453 4571 2679 4626 ferinum
2713 4568 2913 4622 habent
2937 4566 3133 4620 visum.
3166 4564 3394 4618 llumani
3427 4562 3567 4615 oculi
3594 4577 3700 4614 uu-

2117 4667 2241 4719 dnm
2271 4663 2452 4718 videre
2476 4675 2674 4730 corpus
2699 4673 2854 4712 suum
2882 4673 2988 4711 non
3014 4655 3221 4720 ferunt;
3251 4671 3404 4710 suum
3430 4654 3570 4707 enim
3591 4664 3699 4716 est,

2119 4759 2327 4814 etiamsi
2349 4757 2574 4811 aliorum
2597 4762 2852 4824 quantum
2884 4749 2951 4804 ad
2981 4764 3265 4819 personam
3298 4764 3313 4802 :
3346 4746 3397 4800 hi
3430 4763 3576 4810 vero,
3599 4747 3702 4800 nisi

2119 4853 2297 4906 omnia
2315 4847 2632 4904 denudarint
2651 4853 2703 4900 et
2729 4843 2905 4898 omnia
2923 4842 3066 4896 domi
3085 4839 3396 4900 recondam,
3414 4855 3702 4907 numquam

2121 4948 2399 5009 satiantur,
2422 4944 2527 4996 imo
2557 4953 2686 4995 vero
2713 4951 3000 5007 numquam
3035 4933 3335 5002 implentur.
3361 4932 3486 4986 Ideo
3513 4947 3704 4985 eorum

2124 5055 2310 5094 manus
2341 5050 2444 5089 non
2477 5035 2706 5087 ferarum
2731 5043 2920 5085 manus
2943 5036 3146 5082 tantum
3177 5025 3397 5090 dixeris,
3421 5022 3516 5077 sed
3549 5022 3708 5091 longe

2125 5131 2412 5184 ferociores
2442 5133 2495 5180 et
2526 5122 2890 5178 immaniores.
2934 5119 3054 5174 Ursi
3108 5131 3336 5186 namque
3361 5123 3414 5170 et
3445 5115 3552 5184 lupi
3583 5129 3707 5169 cum

2123 5219 2298 5274 satiati
2330 5217 2544 5280 fuerint,
2566 5231 2595 5270 a
2615 5214 2704 5268 tali
2725 5213 2980 5267 alimento
3003 5209 3290 5266 recedunt:
3314 5205 3367 5260 hi
3393 5221 3522 5261 vero
3550 5222 3713 5259 num-

2125 5327 2284 5382 quam
2316 5310 2596 5363 satiantur.
2641 5305 2799 5375 Atqui
2848 5313 3127 5373 prepterea
3163 5301 3304 5353 Deus
3334 5311 3525 5351 manus
3555 5296 3714 5350 nobis

2127 5405 2271 5459 dedit
2301 5412 2358 5457 ut
2382 5402 2502 5456 aliis
2546 5415 2705 5470 Opem
2737 5398 2970 5451 feramus
2996 5437 3010 5460 ,
3041 5411 3145 5447 non
3188 5401 3244 5446 ut
3274 5392 3338 5446 iis
3366 5391 3710 5445 insidicmur.

2129 5497 2260 5554 Nam
2285 5498 2328 5552 si
2357 5496 2489 5567 ipsis
2513 5495 2580 5549 ad
2614 5494 2716 5548 hoc
2739 5491 2884 5546 usuri
2909 5505 3172 5550 essemus,
3203 5485 3392 5541 melius
3420 5493 3567 5540 esset
3595 5485 3716 5540 illas

2196 5636 2211 5667 ι
2237 5634 2434 5680 Savilius
2458 5636 2565 5692 post
2586 5621 3056 5692 expugnarittponit
3087 5621 3136 5692 in
3180 5619 3416 5692 margine,
3451 5622 3497 5666 et
3529 5623 3718 5692 terrore

2131 5695 2434 5747 commoverit
2455 5680 2548 5742 non
2568 5680 3197 5748 titodoltujusfornicator-is
3219 5688 3440 5740 mentun,
3458 5681 3542 5729 sed
3569 5680 3718 5731 etiam

2134 5755 2448 5821 audientium,
2473 5753 2793 5806 dicendorum
2813 5749 2909 5802 vim
2932 5756 3247 5813 premamus.
