3838 6214
150 305 225 365 79
1279 315 1349 371 1N
1387 314 1602 371 EPIST.
1645 310 1728 368 ιλ

1832 312 1979 370 COR.
2019 313 2247 371 HOMIL.
2284 312 2376 371 IX.
3332 314 3404 372 80

148 438 302 489 στος
338 422 445 478 τὸν
482 424 642 480 lator
671 427 895 496 μισθὸν
930 427 1189 497 λήψεται
1218 432 1371 486 κατὰ
1408 431 1518 486 τὸν
1566 431 1723 484 ἴδιον

146 508 377 561 κόπον·
416 509 476 562 ού
504 510 645 564 κατά
684 511 746 563 τὸ
780 511 951 573 τέλος,
980 513 1114 566 ἀλλά
1148 515 1289 569 κατά
1318 516 1410 569 τὸν
1441 517 1625 569 κόπον.
1655 514 1721 568 Τί

146 590 281 663 γὰρ,
313 594 361 644 εἰ
389 592 462 664 μὴ
498 597 785 665 προσεῖχον
816 596 865 648 οἱ
896 596 1213 663 ἀκούοντες;
1248 600 1410 654 Ὅθεν
1442 602 1600 669 δῆλον
1627 600 1722 653 καὶ

146 674 421 741 ἐντεῦθεν,
449 676 532 729 ὅτι
570 678 697 747 περί
720 677 900 749 ἔργων
931 679 992 731 τὸ
1016 678 1328 749 λεγόμενον.
1372 685 1436 736 Ὀ
1471 684 1526 736 δὲ
1551 683 1719 751 λέγει,

144 758 309 812 τοῦτό
348 760 527 813 ἐστιν·
565 760 629 813 Et
660 778 742 823 τις
787 761 955 814 κακὸν
988 760 1101 830 βίον
1154 762 1265 833 ἔχει
1303 766 1440 835 μετά
1488 766 1725 829 πίστεως

144 841 341 912 ὀρθῆς,
373 843 435 896 οὐ
470 844 838 913 προστήσεται
876 844 1095 917 αὐτοῦὴ
1128 848 1310 911 πίστις
1342 850 1423 912 εἰς
1448 850 1509 902 τὸ
1533 850 1607 920 μὴ
1626 866 1723 903 κοο

142 925 427 989 λάξεσθαι,
445 926 538 979 τοῦ
569 927 731 998 ἔργου
754 930 1206 1000 κατακαιομένου.
1228 933 1299 983 Τὸ
1319 933 1396 998 δέ,
1417 933 1725 999 Κατακαή-

144 1024 340 1069 σεται,
374 1008 519 1061 τοῦτ’
543 1008 712 1073 ἐστιν,
753 1010 851 1063 οὐκ
878 1012 1015 1065 οίσει
1057 1012 1151 1065 τοῦ
1180 1014 1353 1083 πυρὸς
1379 1015 1478 1087 τὴν
1519 1015 1720 1087 ῥύμην.

157 1089 309 1143 Ἀλλ’
335 1090 523 1159 ὥσπερ
543 1090 597 1142 ετ
619 1108 703 1154 τις
728 1094 906 1162 χρυσᾶ
930 1094 1069 1148 ὅπλα
1092 1094 1229 1165 έχων
1253 1096 1451 1150 διέλθοι
1482 1098 1725 1167 ποταμὸν

146 1172 348 1243 πυρὸς,
388 1173 743 1244 φαιδρότερος
800 1176 1100 1231 διαϐαίνει·
1152 1180 1201 1231 εί
1244 1180 1301 1232 δέ
1352 1180 1543 1252 χόρτον
1586 1182 1727 1251 ἔχων

143 1255 369 1321 διέλθοι,
411 1258 471 1309 ού
526 1256 687 1327 μόνον
724 1258 877 1312 οὐδὲν
925 1260 1183 1329 ὀνίνησιν,
1232 1261 1367 1315 ἀλλὰ
1413 1264 1506 1316 καὶ
1535 1264 1726 1317 ἑαυτὸν

143 1338 479 1393 ἀπόλλυσιν·
525 1340 669 1393 οὕτω
698 1344 791 1395 καὶ
827 1342 920 1395 ἐπὶ
947 1344 1056 1397 τῶν
1100 1345 1276 1414 ἔργων
1310 1346 1475 1400 ἐστίν.
1510 1348 1585 1401 Οὐ
1617 1347 1726 1419 γὰρ

144 1421 224 1482 ὡς
239 1424 370 1491 περὶ
391 1423 772 1477 ἐνυποστάτων
792 1425 1171 1496 διαλεγόμενος
1188 1430 1282 1483 καὶ
1301 1429 1722 1500 διακαιομένων,

142 1502 308 1555 τοῦτο
328 1503 498 1571 λέγει,
531 1504 666 1558 ἀλλά
695 1506 788 1560 τὸν
815 1507 981 1576 φόϐον
1012 1509 1212 1580 μᾶλλον
1241 1513 1506 1565 ἐπιτεῖναι
1532 1512 1722 1577 θέλων,

144 1585 242 1637 καὶ
262 1585 433 1650 δεῖξαι
458 1588 667 1656 γυμνὸν
704 1589 1007 1657 ἀσφαλείας
1034 1591 1125 1644 τὸν
1159 1594 1219 1646 ἐν
1251 1594 1420 1665 κακίᾳ
1458 1594 1605 1649 ὀντα.
1633 1595 1725 1648 Διὸ

144 1667 243 1719 καὶ
266 1668 444 1736 ἔλεγε·
475 1670 939 1739 Ζημιωθήσεται.
983 1672 1111 1727 Ἰδοὺ
1140 1675 1237 1745 μία
1262 1675 1503 1740 κόλασις.
1532 1677 1726 1743 Αὐτὸς

143 1748 216 1803 δὲ
252 1750 616 1817 σωθήσεται,
646 1754 801 1808 οὕτω
841 1755 910 1809 δὲ
950 1758 1031 1823 ὡς
1062 1757 1161 1813 διὰ
1195 1760 1404 1827 πυρός.
1457 1760 1588 1814 Ἰδοὺ
1630 1761 1725 1815 καὶ

142 1832 397 1904 δευτέρα.
438 1838 504 1888 Ὃ
533 1836 590 1889 δὲ
619 1836 802 1905 λέγει,
836 1838 995 1892 τοῦτό
1039 1841 1185 1894 ἐστιν
1210 1858 1225 1874 ·
1260 1843 1394 1913 Οὐχὶ¹
1428 1844 1521 1897 καὶ
1561 1843 1727 1907 αὐτὸς

142 1914 325 1980 οὕτως
359 1918 663 1984 ἀπολεῖται,
696 1920 772 1984 ὡς
801 1921 869 1974 τά
896 1921 1053 1992 ἔργα,
1087 1924 1167 1985 εἰς
1198 1924 1259 1977 τὸ
1299 1926 1463 1995 μηδὲν
1498 1927 1721 1996 χωρῶν·

142 2000 285 2053 ἀλλά
316 2003 466 2071 μενεῖ
504 2004 563 2054 ἐν
593 2002 671 2072 τῷ
702 2002 854 2073 πυρί.
888 2005 1170 2076 Σωτηρίαν
1211 2008 1343 2075 γοῦν
1382 2008 1444 2062 τὸ
1489 2011 1724 2081 πρᾶγμα

144 2083 330 2146 καλεῖ,
368 2084 523 2154 φησί.
565 2086 676 2155 Ούχ
718 2085 939 2150 ἁπλῶς·
970 2086 1060 2140 διὰ
1093 2088 1249 2142 τοῦτο
1292 2103 1319 2131 ι
1360 2093 1720 2163 προσέθηκεν*

153 2166 258 2233 Ὠς
282 2166 383 2220 διὰ
410 2168 617 2235 πῳός.
645 2169 756 2221 Καὶ
777 2169 884 2240 γὰρ
906 2170 1000 2223 καί
1027 2173 1160 2241 ἡμῖν
1186 2171 1306 2236 ἐοος
1326 2173 1525 2241 λέγειν,
1545 2175 1632 2227 Ἐν
1645 2174 1724 2243 τῷ

142 2251 284 2321 πυρὶ
319 2248 571 2313 σώζεται,
609 2252 737 2318 περὶ
767 2252 877 2305 τῶν
910 2254 984 2323 μὴ
1013 2256 1463 2326 κατακαιομένων
1503 2259 1596 2311 καὶ
1637 2274 1726 2309 τε-

144 2333 475 2404 φρουμένων
502 2334 705 2398 εὐθέως
732 2334 891 2390 ὑλῶν.
924 2337 1014 2408 Μὴ
1045 2334 1157 2403 οῦν,
1191 2340 1379 2411 ἐπειδὴ
1418 2340 1527 2411 πῦρ
1556 2341 1725 2411 ἡκου-

143 2434 270 2481 σας,
295 2418 526 2489 νομίσῃς
544 2420 623 2481 είς
646 2420 984 2490 ἀνυπαρξίαν
1012 2425 1211 2493 χωρεῖν
1227 2424 1351 2487 τοὺς
1380 2427 1722 2495 καιομένους.

142 2500 208 2554 Εἰ
236 2501 294 2554 δέ
325 2502 595 2573 σωτηρίαν
617 2504 711 2554 καὶ
740 2504 837 2573 τὴν
858 2506 1111 2575 τοιαύτην
1142 2507 1410 2578 τιμωρίαν
1440 2509 1615 2570 καλεῖ,
1650 2508 1727 2580 μὴ

142 2582 440 2656 θαυμάσῃς
464 2604 477 2617 ·
512 2585 633 2649 ἔθος
664 2586 772 2655 γὰρ
796 2587 944 2657 αύτῷ
976 2590 1068 2641 καὶ
1095 2589 1187 2642 ἐπὶ
1222 2590 1331 2644 τῶν
1360 2592 1727 2661 κακεμφάτων

143 2669 337 2731 καλοῖς
358 2670 585 2740 ὀνόμασι
608 2671 930 2741 κεχρῆσθαι,
955 2674 1049 2726 καὶ
1087 2674 1179 2726 ἐπὶ
1212 2675 1319 2728 τῶν
1344 2676 1594 2747 χρηστῶν
1616 2679 1728 2740 τοῖς

144 2750 438 2815 ἐναντίοις.
463 2748 607 2817 Οἷον,
638 2753 698 2807 τὸ
731 2755 829 2824 τῆς
854 2756 1229 2825 αἰχμαλωσίας
1266 2758 1454 2829 ὄνομα,
1490 2759 1726 2830 πονηροῦ

146 2834 483 2904 πράγματος
510 2835 659 2889 δοκεῖ
687 2833 825 2890 εῖναι
858 2838 1026 2908 ὀνομα
1049 2855 1061 2867 ·
1091 2839 1206 2892 ἀλλ’
1226 2840 1316 2892 ἐπὶ
1342 2841 1492 2910 καλῷ
1519 2842 1731 2905 Παῦλος

143 2918 300 2989 αὐτῷ
327 2919 590 2991 κέχρηται
616 2920 810 2989 λέγων·
836 2922 1374 2990 Αἰχμαλωτίζοντες
1394 2925 1516 2980 πᾶν
1539 2930 1733 2994 νόημα

147 3005 237 3065 εἰς
281 3002 403 3069 τὴν
425 3002 705 3070 ὑπακοὴν
746 3004 850 3058 τοῦ
875 3006 1151 3073 Χριστοῦ.
1184 3008 1292 3060 Καὶ
1319 3008 1410 3060 ἐπὶ
1446 3009 1600 3077 κακῷ
1631 3008 1734 3062 πά-

144 3083 232 3137 λιν
268 3086 507 3157 εὐφήμῳ
557 3087 821 3159 κέχρηται
859 3088 1102 3159 ὀνόματι,
1140 3089 1335 3158 λέγων·
1385 3092 1734 3146 Ἐϐασίλευ-

144 3184 262 3224 σεν
292 3170 335 3237 ἠ
365 3170 618 3238 ἁμαρτία
640 3187 654 3201 ·
702 3171 877 3225 καίτοι
911 3190 973 3241 γε
1012 3174 1073 3226 τὸ
1100 3174 1200 3243 τῆς
1248 3174 1524 3245 βασιλείας
1563 3178 1735 3249 δνομα

147 3251 402 3323 εὖφημόν
428 3256 543 3308 ἐστι
575 3254 791 3324 μᾶλλον.
822 3255 979 3309 Οὕτω
1010 3256 1103 3309 καὶ
1131 3258 1364 3311 ἐνταῦθα
1386 3258 1576 3321 εἰπὼν,
1615 3264 1735 3314 Σω-

148 3335 429 3402 ὑήσεται,
469 3338 620 3390 οὐδὲν
646 3338 832 3407 ἕτερον
862 3338 893 3407 ἢ
921 3338 1019 3409 τὴν
1058 3339 1307 3394 ἐπίτασιν
1339 3342 1437 3411 τῆς
1465 3344 1733 3415 τιμωρίας

146 3419 415 3491 ᾐνίξατο,
453 3419 651 3472 ὡσανεί
695 3420 879 3487 ἔλεγεν
906 3436 921 3451 ·
966 3421 1137 3485 Αὐτὸς
1180 3423 1236 3475 δέ
1281 3428 1433 3493 μενεῖ
1471 3426 1735 3496 διηνεκῶς

148 3500 538 3571 κολαζόμενος.
577 3499 707 3554 Εἶτα
735 3504 830 3555 καὶ
854 3502 1105 3573 ἐπιφέρει
1139 3504 1311 3573 λέγων
1333 3523 1345 3535 ·
1378 3510 1499 3560 Οὐκ
1533 3509 1735 3564 οἴδατε

148 3583 239 3638 ὅτι
264 3584 419 3649 ναὸς
452 3584 598 3637 Θεοῦ
632 3585 808 3649 ἐστε;
852 3585 1068 3655 Ἐπειδὴ
1109 3587 1216 3656 γὰρ
1254 3589 1381 3659 περὶ
1410 3590 1519 3643 τῶν
1560 3591 1735 3645 διατεο

150 3670 402 3739 μνόντων
427 3669 525 3740 τὴν
567 3670 893 3741 Ἐκκλησίαν
920 3674 976 3725 ἐν
998 3675 1110 3736 τοῖς
1135 3674 1441 3744 ἔμπροσθεν
1465 3676 1731 3746 διελέχθη,

148 3753 499 3807 καθάπτεται
540 3751 723 3806 λοιπὸν
770 3755 989 3808 καὶτοῦ
1035 3759 1503 3827 πεπορνευκότος,
1552 3760 1735 3829 σαφῶς

150 3836 250 3906 μὲν
274 3836 515 3898 οὐδέπω,
556 3837 822 3907 ἀορίστως
862 3838 937 3900 δέ,
968 3839 1335 3909 αἰνιττόμενος
1369 3842 1459 3893 τὸν
1484 3842 1736 3911 διεφθαρ-

153 3920 319 3989 μένον
363 3918 530 3972 αύτοῦ
589 3919 735 3990 βίον,
777 3922 871 3973 καὶ
905 3923 1147 3993 ἐπαίρων
1179 3923 1241 3975 τὸ
1274 3925 1577 3996 ἁμάρτημα
1626 3926 1734 3978 ἀπὸ

146 4004 249 4075 τῆς
274 4003 383 4074 ήδη
411 4004 655 4074 δοθείσης
678 4004 825 4074 αὐτῷ
850 4005 1075 4075 δωρεᾶς.
1110 4002 1240 4060 Εἶτα
1276 4009 1367 4061 καὶ
1395 4010 1522 4070 τοὺς
1542 4009 1732 4075 ἄλλους

149 4087 411 4159 ἐντρέπει
429 4087 537 4140 ἀπὸ
552 4087 659 4140 τῶν
676 4087 853 4140 αὐτῶν
873 4088 1077 4142 τούτων
1098 4089 1206 4141 τῶν
1228 4091 1326 4161 ήδη
1351 4092 1728 4162 ὑπαρξάντων.

149 4170 219 4222 Ἦ
246 4170 364 4239 γὰρ
392 4168 500 4221 ἀπὸ
530 4170 638 4222 τῶν
669 4170 988 4238 μελλόντων,
1025 4172 1057 4242 ἢ
1099 4173 1207 4225 ἀπὸ
1236 4174 1343 4226 τῶν
1374 4175 1472 4245 ἤδη
1503 4194 1734 4246 γεγενη-

152 4252 359 4322 μένων,
391 4250 727 4321 ἢλυπηρῶν,
764 4253 794 4323 ἦ
828 4255 1100 4324 χρηστῶν,
1129 4256 1215 4307 ἀεὶ
1245 4256 1401 4310 τοῦτο
1428 4262 1598 4312 ποιεῖ·
1627 4260 1734 4313 ἀπὸ

152 4337 251 4406 μὲν
274 4337 392 4388 τῶν
417 4334 735 4404 μελλόντων·
773 4337 832 4390 Ἠ
851 4338 960 4406 γὰρ
995 4338 1186 4407 ἡμέρα
1233 4339 1513 4407 δηλώσει,
1537 4343 1625 4397 ὅτι
1664 4345 1735 4398 ἐν

149 4420 293 4489 πυρὶ
342 4419 863 4474 ἀποκαλύπτεται·
909 4420 1018 4475 ἀπὸ
1055 4422 1111 4474 δέ
1141 4422 1249 4474 τῶν
1292 4424 1389 4495 ἤδη
1435 4427 1735 4496 γεγενημέ-

150 4520 279 4557 νων·
307 4506 435 4558 Οὺκ
466 4504 665 4558 οἴδατε
696 4505 785 4558 ὅτι
809 4507 954 4572 ναὸς
978 4505 1127 4559 Θεοῦ
1149 4507 1307 4573 ἐστε,
1333 4509 1430 4561 καί
1459 4510 1523 4563 τὸ
1548 4512 1735 4565 Πνεῦ-

146 4603 231 4655 μα
262 4586 372 4640 τοῦ
402 4586 551 4641 Θεοῦ
580 4587 735 4640 οίκεῖ
755 4588 825 4641 ἐν
872 4590 1049 4656 ὺμῖν;
1083 4589 1154 4642 ΕΖ
1177 4606 1268 4655 τις
1317 4592 1423 4644 τὸν
1448 4593 1598 4645 ναὸν
1627 4594 1732 4647 τοῦ

155 4668 305 4722 Θεοῦ
346 4673 571 4739 φθείρει
594 4713 610 4737 ,
654 4671 862 4742 φθερεῖ
888 4672 1104 4725 τοῦτον
1138 4676 1170 4727 ό
1217 4675 1377 4739 Θεός.
1440 4674 1604 4747 Ὁρᾷς
1635 4677 1731 4748 τὴν

154 4753 476 4824 καταφορὰν
504 4753 598 4806 τοῦ
627 4755 784 4822 λόγου
809 4772 823 4819 ;
848 4754 988 4807 Ἀλλ’
1013 4756 1117 4819 ἕως
1146 4755 1206 4807 τὸ
1231 4757 1519 4827 πρόσωπον
1540 4759 1730 4830 ἄδηλόν

153 4836 323 4900 ἐστιν,
352 4838 454 4905 ούχ
480 4836 654 4899 οὕτως
686 4839 921 4908 ἐπαχθὲς
944 4838 1005 4890 τὸ
1035 4838 1343 4907 λεγόμενον,
1373 4840 1487 4913 [78]
1514 4843 1729 4897 πάντων

151 4920 562 4991 διανεμομένων
607 4922 697 4974 τὸν
734 4923 833 4991 τῆς
882 4924 1253 4993 ἐπιτιμήσεως
1299 4925 1483 4991 φόϐον.
1526 4929 1737 4994 Φθερεῐ

151 5002 371 5057 τοῦτον
406 5006 443 5058 ὁ
497 5005 644 5069 Θεός
665 5021 679 5035 ·
715 5004 1014 5070 τουτέστιν,
1066 5006 1276 5059 ἀπολεῖ.
1310 5007 1482 5061 Τοῦτο
1524 5009 1581 5061 δὲ
1608 5010 1731 5081 οὐχὶ

153 5086 549 5156 καταρωμένου
604 5088 775 5150 ἐστὶν,
827 5088 963 5140 ἀλλά
1005 5090 1458 5158 προφητεύοντος.
1524 5092 1577 5143 '0
1619 5094 1729 5162 γὰρ

152 5172 298 5236 ναὸς
329 5171 438 5225 τοῦ
471 5172 618 5225 Θεοῦ
652 5171 819 5242 ἅγιός
857 5173 1045 5228 ἐστιν.
1096 5172 1153 5225 Ὁ
1190 5174 1246 5226 δὲ
1287 5178 1729 5246 πεπορνευμένος

156 5252 402 5325 βέϐηλος.
428 5250 581 5319 Εἶτα,
598 5255 685 5308 ἵνα
712 5257 785 5326 μὴ
805 5256 929 5327 δόξῃ
951 5257 1083 5327 πρὸς
1102 5259 1306 5311 ἐκεῖνον
1327 5260 1724 5324 ἁποτείνεσθαι,

154 5335 345 5401 εἰπὼν,
391 5338 457 5390 '0
481 5337 591 5406 γὰρ
618 5338 763 5403 ναὸς
790 5339 895 5392 τοῦ
926 5339 1072 5393 Θεοῦ
1097 5339 1263 5409 ἅγιός
1286 5341 1473 5405 ἐστιν,
1510 5343 1725 5412 ἐπάγει·

150 5420 377 5485 οἵτινές
425 5420 575 5473 ἐστε
608 5420 795 5488 ὑμεῖς.
833 5421 1053 5489 Μηδεὶς
1090 5422 1311 5476 ἑαυτὸν
1354 5424 1723 5489 ἐξαπατάτω.

156 5501 263 5554 Καὶ
292 5502 449 5555 τοῦτο
475 5503 613 5573 πρὸς
646 5506 869 5568 ἐκεῖνον,
901 5506 976 5566 ώς
1018 5504 1307 5575 νομίζοντά
1347 5526 1397 5561 τι
1431 5503 1590 5572 εἶναι,
1629 5508 1725 5560 καί

157 5586 261 5637 ἀπὸ
298 5587 395 5656 τῆς
422 5588 615 5656 σοφίας
641 5588 927 5658 αὐχοῦντα.
954 5589 1063 5643 Καὶ
1080 5590 1168 5644 ἵνα
1189 5590 1263 5661 μὴ
1284 5592 1408 5663 δόξῃ
1435 5590 1726 5662 παρέργως

162 5668 320 5739 μέχρι
346 5669 539 5723 πολλοῦ
569 5670 705 5741 πρὸς
728 5671 888 5725 αὐτὸν
919 5672 1322 5742 ἀποτείνεσθαι,
1352 5674 1604 5746 ἐμϐαλὼν
1626 5675 1724 5728 αύ-

220 5855 236 5879 ⁸
262 5857 541 5920 chebalur
566 5863 695 5925 φησί.
716 5864 804 5912 Διὰ
826 5865 913 5926 γὰρ
951 5864 1110 5915 τοῦτο.

1828 431 1921 484 τὸν
1946 433 2026 496 εἰς
2054 432 2290 500 ἀγωνίαν
2313 431 2406 483 καὶ
2435 429 2517 499 τῷ
2552 428 2701 500 φόϐῳ
2736 430 3006 501 παραδοὺς
3028 428 3208 494 αὐτὸν,
3241 430 3406 486 πάλιν

1829 514 1922 568 ἐπὶ
1948 515 2009 567 τὸ
2034 515 2211 568 κοινδν
2238 514 2489 584 ἔγκλημα
2514 513 2609 565 τὸν
2642 512 2797 581 λόγον
2822 514 2963 581 ἀγει,
2990 514 3162 581 λέγων
3178 529 3193 544 ·
3217 515 3291 567 Εἴ
3318 533 3408 582 τις

1829 595 1999 649 δοκεῖ
2027 598 2311 666 φρόνιμος
2338 592 2487 649 εἶναι
2528 595 2603 647 ἐν
2633 595 2774 664 ὑμῖν
2801 597 2871 649 ἐν
2900 593 2979 660 τῷ
2999 593 3163 647 αἰῶνι
3198 597 3404 664 τούτῳ.

1822 681 2018 745 μωρὸς
2049 678 2328 748 γενέσθω,
2357 681 2457 733 ἵνα
2487 680 2735 749 γένηται
2764 678 2973 746 σοφός.
3009 678 3160 729 Ποιεῖ
3189 677 3245 729 δὲ
3274 678 3408 731 αὐτὸ

1828 760 2010 814 λοιπὸν
2032 760 2168 831 μετά
2194 762 2395 831 πολλῆς
2426 764 2523 833 τῆς
2557 760 2890 831 παρρησίας,
2913 761 3007 814 ἀτε
3025 761 3406 827 καταγωνισά-

1831 860 1990 914 μενος
2015 846 2211 908 αὺτοὺς
2238 846 2438 909 ἱκανῶς
2465 846 2515 901 ι).
2546 846 2670 899 Κάν
2703 845 2807 916 γὰρ
2828 844 3080 907 πλούσιος
3172 862 3274 908 τις,
3302 845 3406 898 κᾶν

1827 927 2073 997 εὐγενὴς,
2086 928 2193 981 τῶν
2210 928 2438 981 εὐτελῶν
2456 930 2601 982 ἐστιν
2618 927 3019 997 εὐτελέστερος,
3037 928 3162 980 ὃταν
3184 927 3287 979 ὑπὸ
3304 926 3407 995 τῆς

1829 1009 2104 1079 ἁμαρτίας
2124 1010 2257 1064 ἀλῶ.
2292 1012 2505 1081 Ὠσπερ
2539 1011 2652 1081 γὰρ
2679 1010 2783 1062 κᾶν
2824 1007 3131 1085 βασιλεῦςῇ
3161 1028 3265 1072 τις,
3288 1009 3408 1062 δοῦ-

1827 1092 1918 1155 λος
1948 1093 2005 1145 δὲ
2031 1093 2255 1162 γένηται
2281 1095 2593 1165 βαρϐάρων,
2627 1093 2847 1147 πάντων
2867 1095 3015 1148 ἐστὶν
3046 1094 3369 1164 ἀθλιώτερος
3386 1108 3403 1125 ·

1827 1173 1970 1227 οὕτω
2001 1176 2097 1228 καί
2126 1178 2218 1229 ἐπὶ
2248 1177 2348 1247 τῆς
2381 1177 2676 1248 ἁμαρτίας.
2723 1176 3005 1245 Βάρϐαρος
3041 1177 3149 1247 γάρ
3185 1178 3333 1229 ἐστιν
3368 1177 3403 1246 ή

1828 1259 2093 1329 ἁμαρτία,
2135 1261 2228 1312 καί
2270 1261 2446 1331 ψυχῆς
2483 1261 2583 1313 οὐκ
2611 1261 2783 1313 εἰδυῖα
2807 1260 3079 1324 φείδεσθαι
3121 1261 3218 1329 τῆς
3260 1258 3407 1323 ἀπαξ

1830 1341 2086 1413 ἀλούσης,
2117 1344 2229 1397 ἀλλ’
2258 1345 2352 1397 ἐπὶ
2378 1343 2521 1414 λύμῃ
2546 1344 2655 1399 τῶν
2685 1342 3083 1414 ἐπιδεχομένων
3123 1343 3289 1415 αὐτὴν
3318 1360 3407 1396 τν-

1832 1424 2025 1495 ραννοῦ
2034 1443 2100 1477 σα
2110 1465 2123 1477 .

1896 1515 1958 1569 δ’.
1982 1515 2145 1568 Οὐδὲν
2171 1516 2280 1587 γὰρ
2310 1516 2483 1581 οὕτως
2520 1518 2821 1588 ἀλόγιστον,
2854 1518 2929 1579 ὡς
2963 1517 3226 1587 ἁμαρτία,
3252 1515 3406 1570 οὐδὲν

1827 1590 1999 1657 οὕτως
2020 1595 2246 1665 ἀνόητον
2280 1597 2371 1649 καὶ
2399 1597 2580 1667 μωρὸν
2622 1597 2715 1650 καὶ
2753 1596 3026 1668 ῥαγδαῖον·
3056 1596 3231 1649 πάντα
3269 1596 3407 1649 ἀνα·

1826 1676 2019 1745 τρέπει
2041 1678 2138 1729 καὶ
2168 1681 2361 1748 συγχεῖ
2386 1680 2480 1731 καὶ
2510 1679 2774 1732 ἀπόλλυσι
2814 1678 2940 1731 ἔνθα
2982 1677 3049 1731 ἂν
3076 1676 3402 1748 εἰσπηδήσῃ·

1826 1758 1995 1829 ἀηδὴς
2026 1760 2174 1823 ἰδεῖν,
2206 1762 2440 1832 φορτικὴ
2475 1764 2568 1815 καὶ
2598 1764 2859 1833 ἐπαχθής.
2894 1763 3005 1815 Καὶ.
3034 1762 3086 1814 εί
3129 1778 3213 1825 τις
3238 1761 3405 1830 αὐτὴν

1826 1838 2132 1891 ἀνέπλαττε
2156 1837 2466 1910 ζωγράφος,
2499 1842 2599 1894 οὐκ
2640 1842 2705 1893 ἀν
2735 1859 2823 1911 μοι
2854 1840 3000 1893 δοκεῖ
3026 1841 3291 1909 ἁμαρτεῖν
3315 1837 3407 1892 οὗ·

1825 1939 1933 1985 τως
1964 1922 2132 1992 αὐτὴν
2159 1922 2537 1988 ἀναπλάττων,
2573 1924 2811 1992 γυναῖκά
2838 1941 2958 1977 τινα
3014 1922 3400 1993 θηριόμορφον,

1829 2001 2127 2071 βάρϐαρον,
2164 2001 2275 2073 πῦρ
2304 2002 2594 2067 πνέουσαν,
2629 2002 2864 2072 ἀτερπῆ,
2901 2002 3177 2071 μέλαιναν,
3208 2002 3323 2063 οἵας
3355 2001 3405 2053 οἰ

1826 2084 1936 2137 τῶν
1966 2085 2164 2150 ἔξωθεν
2189 2086 2411 2156 ποιηταί⁸
2435 2087 2535 2149 τὰς
2564 2086 2807 2148 Σκύλλας
2853 2085 3251 2155 ύπογράφουσι.
3281 2085 3405 2136 Μυ-

1829 2160 1972 2231 ρίαις
1994 2162 2101 2231 γάρ
2134 2164 2319 2233 χερσὶν
2360 2163 2791 2232 ἐπιλαμϐάνεται
2814 2162 2922 2215 τῶν
2954 2163 3239 2232 ἡμετέρων
3255 2162 3404 2229 λογι-

1828 2245 2003 2314 σμῶν,
2060 2247 2153 2299 καὶ
2176 2246 2454 2315 ἀδοκήτως
2504 2247 2902 2317 ἐπεισέρχεται,
2940 2247 3029 2297 καί
3061 2245 3236 2297 πάντα
3285 2244 3405 2296 δια-

1827 2324 2149 2393 σπαράττει,
2168 2324 2419 2394 καθάπερ
2439 2324 2487 2378 οἱ
2504 2324 2661 2386 κύνες
2687 2327 2733 2376 οἰ
2755 2324 2927 2394 λάθρα
2939 2324 3238 2385 δάκνοντες.
3260 2322 3407 2376 Μᾶλ-

1826 2404 1915 2458 λον
1944 2405 1999 2458 δέ
2024 2405 2075 2458 τί
2099 2406 2181 2458 δεῖ
2209 2406 2529 2477 ζωγραφίας
2579 2410 2732 2478 ἡμῖν,
2764 2407 2881 2460 δέον
2912 2408 3039 2469 τοὺς
3074 2406 3193 2460 κατ’
3236 2407 3405 2473 αὐτὴν

1827 2487 2228 2557 πεποιημένους
2253 2490 2332 2550 εἰς
2360 2489 2523 2557 μέσον
2549 2490 2777 2557 ἀγαγεῖν
2802 2506 2816 2554 ;
2858 2489 2990 2541 Τίνα
3014 2485 3106 2541 οὖν
3154 2486 3407 2557 βούλεσθε

1828 2565 2092 2635 πρότερον
2122 2568 2261 2633 ὑπογ
2271 2568 2422 2636 ράψω
2431 2585 2527 2637 μεν
2547 2584 2561 2632 ;
2584 2568 2672 2621 τὸν
2694 2569 3019 2637 πλεονέκτην
3035 2569 3127 2621 καὶ
3142 2568 3365 2639 ἅρπαγα
3386 2584 3405 2632 ;

1827 2649 1938 2701 Καὶ
1962 2651 2015 2701 τί
2057 2649 2165 2701 τῶν
2190 2650 2481 2719 ὀφθαλμῶν
2533 2652 2759 2705 ἐκείνων
2786 2651 3303 2721 ἀναισχυντότερον;
3351 2650 3407 2703 τί

1828 2725 2208 2797 ἀναιδέστερον
2244 2729 2337 2781 καὶ
2374 2729 2741 2798 κυνικώτερον
2769 2746 2782 2793 ;
2807 2728 2867 2782 ού
2914 2729 3023 2798 γὰρ
3064 2726 3204 2780 οὕτω
3258 2726 3407 2780 κύων

1828 2810 2061 2878 ἕστηκεν
2111 2812 2551 2882 ἀναιδευόμενος,
2588 2813 2662 2875 ώς
2690 2808 2864 2876 οὗτος,
2916 2813 3044 2865 ὅταν
3076 2811 3145 2863 τὰ
3190 2812 3408 2865 πάντων

1830 2895 2075 2963 ἁρπάζῃ.
2108 2895 2172 2947 Τί
2199 2895 2308 2948 τῶν
2346 2895 2544 2966 χειρῶν
2578 2894 2917 2966 μιαρώτερον
2944 2895 3208 2958 ἐκείνωνς
3242 2893 3406 2947 τίτοῦ

1834 2973 2100 3041 στόματος
2131 2971 2466 3041 ἰταμώτερον
2489 2971 2584 3023 τοῦ
2621 2973 2802 3025 πάντα
2841 2973 3248 3034 καταπίνοντος.
3312 2972 3408 3023 καὶ

1830 3049 1890 3099 ού
1915 3049 2347 3119 κορεννυμένου;
2388 3050 2477 3119 Μὴ
2504 3049 2613 3120 γάρ
2644 3051 2723 3112 εἰς
2751 3050 2810 3102 τὸ
2843 3051 3132 3120 πρόσωπον
3175 3050 3407 3112 καὶτοὺς

1832 3130 2149 3200 ὀφθαλμοὺς
2192 3130 2327 3201 ἴδῃς,
2371 3132 2454 3183 ὅτι
2498 3130 2821 3202 ἀνθρώπου·
2870 3134 2928 3184 ού
2954 3132 3063 3202 γὰρ
3088 3131 3153 3183 τά
3184 3130 3408 3183 τοιαῦτα

1834 3213 2121 3284 βλέπουσιν
2162 3216 2209 3267 οἰ
2249 3213 2578 3285 ἀνθρώπινοι
2628 3214 2908 3283 ὀφθαλμοί.
2947 3216 3019 3269 Οὐ
3059 3214 3243 3285 βλέπει
3282 3215 3408 3276 τοὺς

1831 3296 2151 3368 ἀνθρώπους
2181 3296 2521 3368 ἀνθρώπους,
2548 3299 2607 3351 ού
2660 3298 2843 3369 βλέπει
2870 3298 2959 3350 τὸν
2989 3299 3215 3367 οὐρανὸν
3244 3298 3407 3368 ούρα-

1833 3380 1942 3440 νδν,
1972 3378 2094 3432 ούδέ
2111 3380 2360 3433 ἀνανεύει
2414 3380 2551 3449 πρὸς
2574 3381 2665 3433 τὸν
2699 3381 2992 3450 Δεσπότην,
3038 3379 3175 3433 ἀλλά
3231 3381 3409 3433 πάντα

1832 3464 2093 3534 χρήματα
2129 3458 2269 3517 εἶναι
2300 3464 2535 3534 νομίζει.
2566 3464 2630 3516 Οἱ
2682 3463 2982 3535 ἀνθρώπων
3010 3464 3275 3533 ὀφθαλμοί
3308 3464 3408 3515 πέ-

1833 3564 1999 3616 νητας
2019 3545 2276 3600 εἰώθασιν
2295 3549 2426 3618 ὀρᾷν
2456 3547 3030 3617 καταπεπονημένους,
3062 3549 3155 3600 καὶ
3180 3547 3408 3600 ἐπικλᾶ-

1834 3628 1979 3682 σθαι·
2006 3622 2152 3683 οῦτοι
2191 3629 2247 3682 δὲ
2280 3630 2375 3682 τοῦ
2432 3632 2677 3698 ἅρπαγος
2706 3630 2871 3699 ὁρῶσι
2896 3630 3152 3699 πένητας,
3195 3630 3286 3682 καὶ
3316 3631 3409 3682 ἐκ·

1834 3712 2168 3783 θηριοῦνται·
2222 3714 2273 3767 οἰ
2314 3713 2617 3784 ἀνθρώπων
2660 3714 2925 3783 ὀφθαλμοὶ
2955 3714 3051 3783 οὐχ
3093 3713 3167 3776 ὡς
3200 3713 3303 3765 ίδια
3340 3712 3409 3765 τὰ

1836 3797 1953 3870 [79]
1975 3798 2230 3868 ἀλλότρια
2273 3797 2579 3867 βλέπουσιν,
2611 3797 2745 3851 ἀλλά
2771 3798 2861 3850 καί⁴
2912 3798 2980 3851 τὰ
3033 3796 3136 3850 ἴδια
3160 3797 3232 3861 ὡς
3257 3796 3409 3849 ἀλλό-

1833 3898 1980 3950 τρια,
2014 3880 2108 3933 καί
2142 3881 2240 3933 ούκ
2275 3880 2514 3949 ἐφίενται
2540 3879 2648 3932 τῶν
2688 3880 2893 3949 ἐτέροις
2924 3878 3238 3947 δεδομένων,
3276 3877 3408 3931 ἀλλά

1835 3964 1928 4016 καὶ
1964 3963 2041 4025 εἰς
2069 3963 2291 4033 ἐτέρους
2310 3962 2527 4016 κενοῦσι
2561 3961 2628 4014 τὰ
2657 3961 2885 4015 ἑαυτῶν·
2915 3957 3058 4015 οῦτοι
3087 3961 3143 4013 δέ
3171 3961 3271 4012 οὐκ
3316 3962 3409 4013 ἀν-

1835 4045 2126 4115 έχονται,εἰ
2159 4047 2231 4115 μὴ
2255 4046 2323 4098 τά
2344 4046 2559 4098 πάντων
2579 4045 2811 4098 λάϐοιεν·
2839 4044 2900 4096 οὐ
2922 4047 3029 4114 γάρ
3051 4044 3405 4114 ἀνθρώπινον,

1836 4130 1972 4183 ἀλλά
1999 4129 2261 4199 θηριῶδες
2293 4128 2505 4197 ἔχουσιν
2531 4128 2705 4198 ὄμμα.
2731 4128 2793 4179 Ol
2815 4126 3115 4197 ἀνθρώπων
3141 4126 3408 4195 ὀφθαλμοὶ

1833 4213 2039 4282 γυμνὸν
2070 4212 2195 4265 ίδεῖν
2213 4211 2273 4264 τὸ
2291 4213 2450 4281 σῶμα
2465 4211 2527 4263 τὸ
2555 4210 2764 4264 ἐαυτῶν
2795 4211 2894 4263 οὐκ
2911 4211 3207 4275 ἀνέχονται·
3231 4208 3407 4263 αὐτῶν

1834 4296 1942 4365 γάρ
1975 4298 2111 4359 ἐστι,
2147 4294 2251 4349 κᾶν
2275 4295 2476 4364 ἐτέρων
2596 4292 2737 4347 κατά
2768 4294 3077 4363 πρόσωπον·
3101 4284 3243 4346 οῦτοι
3267 4292 3323 4344 δέ
3358 4293 3407 4345 εἰ

1837 4379 1912 4448 μὴ
1936 4378 2114 4431 πάντα
2131 4376 2495 4447 γυμνώσαιεν,
2520 4378 2613 4429 καί
2636 4376 2705 4429 τὰ
2727 4376 2944 4428 πάντων
2966 4377 3103 4428 οἴκοι
3126 4374 3407 4428 κατάθων-

1833 4478 1945 4527 ται,
1976 4460 2231 4513 οὐδέποτε
2266 4460 2426 4530 κόρον
2453 4458 2806 4529 λαμϐάνουσι,
2846 4457 3043 4528 μᾶλλον
3069 4457 3124 4509 δὲ
3154 4457 3405 4509 οὐδέποτε

1833 4542 2235 4613 ἐμπιπλῶνται.
2270 4542 2469 4610 Διόπερ
2490 4541 2607 4594 ούδέ
2630 4540 2831 4611 θηρίων
2848 4541 2943 4601 τὰς
2964 4541 3150 4609 χεῖρας
3170 4538 3263 4600 τάς
3286 4538 3407 4590 τού-

1832 4644 1939 4680 των
1974 4628 2039 4681 ἀν
2072 4643 2155 4689 τις
2177 4621 2317 4678 εἶναι
2336 4626 2470 4694 φαίη
2502 4624 2680 4695 μόνον,
2707 4623 2839 4675 ἀλλὰ
2862 4622 3176 4675 καὶτούτων
3204 4622 3405 4692 ἀγριωσ

1832 4715 1997 4784 τέρας
2029 4712 2207 4783 πολλῷ
2232 4713 2325 4765 καὶ
2355 4710 2761 4781 χαλεπωτέρας.
2795 4710 3021 4781 Ἀρκτοι
3057 4708 3155 4778 μὲν
3181 4709 3288 4776 γὰρ
3311 4708 3404 4760 καὶ

1832 4800 2006 4864 λύκοι,
2034 4800 2249 4853 ἐπειδάν
2280 4799 2483 4853 λάϐωσι
2533 4798 2710 4868 κόρον,
2752 4799 2849 4867 τῆς
2894 4794 3144 4864 τοιαύτης
3200 4795 3406 4863 τροφῆς

1832 4880 2180 4949 ἀφίστανται·
2234 4874 2454 4931 οῦτοιδέ
2489 4877 2649 4947 κόρον
2685 4874 2784 4927 οὐκ
2840 4873 3039 4944 έχουσι.
3097 4872 3283 4926 Καίτοι
3314 4872 3404 4925 διὰ

1830 4962 1989 5017 τοῦτο
2008 4966 2192 5032 χεῖρας
2224 4962 2356 5030 ἡμῖν
2382 4958 2634 5027 ἐποίησεν
2666 4958 2695 5009 ὀ
2745 4956 2897 5019 Θεὸς,
2926 4957 3011 5009 ἵνα
3036 4956 3241 5025 ἑτέροις
3274 4954 3403 5024 βοη-

1832 5048 2031 5116 θῶμεν,
2063 5047 2160 5115 οὐχ
2191 5045 2276 5097 ἵνα
2309 5042 2765 5111 ἐπιϐουλεύωμεν.
2796 5042 2858 5093 Εἰ
2887 5040 2944 5092 δέ
2985 5040 3272 5110 μέλλοιμεν
3305 5038 3404 5089 αύ-

1829 5133 1951 5192 ταῖς
1985 5132 2065 5192 εἰς
2094 5127 2253 5181 τοῦτο
2287 5126 2607 5196 κεχρῆσθαι,
2647 5124 2850 5195 βέλτιον
2906 5123 3075 5187 αὐτὰς
3120 5121 3404 5190 ἀποκοπῆ-

1830 5229 1937 5274 ναι,
1999 5212 2095 5264 καλ⁸
2124 5210 2293 5281 χωρὶς
2316 5208 2520 5261 τούτων
2546 5203 2705 5262 εἶναι.
2743 5208 2815 5261 Σὺ
2865 5207 2922 5260 δὲ
2956 5207 3021 5260 ἂν
3072 5205 3170 5275 μὲν
3195 5203 3405 5273 πρόϐα-

1828 5312 1919 5349 τον
1948 5295 2237 5365 σπαράττῃ
2270 5292 2477 5361 θηρίον,
2528 5290 2734 5359 ἀλγεῖς·
2764 5293 2843 5354 εἰς
2875 5290 3036 5343 αὑτὸν
3063 5289 3119 5341 δὲ
3151 5288 3241 5340 τὸν
3274 5287 3405 5357 ὁμό-

1830 5380 1995 5450 φυλον
2014 5378 2171 5432 τοῦτο
2184 5375 2571 5448 ἐργαζόμενος,
2589 5376 2649 5427 ού
2671 5374 2909 5445 νομίζεις
2933 5392 2984 5427 τι
3012 5375 3183 5426 ποιεῖν
3201 5370 3404 5437 δεινόν;

1829 5465 1926 5518 καὶ
1952 5463 2068 5526 πῶς
2099 5461 2164 5515 ἂν
2203 5460 2319 5532 εἴης
2343 5458 2623 5530 ἄνθρωπος
2649 5474 2663 5524 ;
2716 5459 2826 5528 Ούχ
2852 5459 2981 5529 ὁρᾷς
3010 5458 3090 5510 ὅτι
3120 5455 3400 5511 ἀνθοώπι-

1890 5615 1919 5656 ι)
1945 5615 2061 5664 Post
2096 5613 2269 5668 ἱκανῶς
2299 5612 2405 5660 hac
2430 5611 2479 5659 in
2512 5611 2732 5672 margine
2766 5612 2906 5672 ponit
2948 5607 3404 5672 SaviliusAegt‘quoT

1828 5679 1956 5734 dam,
1980 5684 2035 5725 ul
2056 5667 2267 5733 videtur;
2289 5667 2640 5734 manuscriplo:
2678 5667 2783 5734 καὶί
2802 5672 3088 5734 κατασείσας
3114 5669 3320 5734 τῷδέει,

1831 5728 1972 5801 μόνον
2003 5740 2088 5795 τήν
2132 5728 2310 5785 ἐκείνου
2355 5732 2441 5801 τοῦ
2484 5728 2853 5801 πεπορνευκότος
2898 5732 3133 5801 διάνοιαν,
3160 5728 3280 5777 ἀλλά
3314 5728 3403 5801 καὶ

1829 5789 1914 5856 Ῑτήν
1935 5802 2030 5875 τῶν
2048 5789 2335 5859 ἀκουόντων,
2358 5798 2443 5853 τήν
2464 5797 2557 5844 τῶν
2586 5789 2913 5859 ῥηθησομένων
2936 5791 3275 5855 στοχαζόμενος
3307 5789 3406 5838 ἐπι-

1833 5877 1996 5925 φοραν.
