3838 6214
381 292 444 344 81
1065 284 1121 340 S.
1163 283 1448 340 JOANNIS
1483 280 1978 340 CHRYSOSTOMI
2014 280 2334 344 AllClHEP.
2375 285 2924 344 CONSTANTINOP.
2973 327 2976 330 ι
3569 291 3646 350 81

381 419 472 457 νυν
495 399 726 470 πρᾶγμα
749 394 1042 466 καλοῦμεν,
1071 396 1134 450 τὸ
1165 397 1318 450 ἐλέου
1343 397 1512 468 γέμον
1543 399 1640 451 καὶ
1663 395 1850 466 φιλανθ
1859 411 1958 466 ρω-

383 486 516 546 πίας
540 499 556 546 ;
585 484 713 536 ὅταν
744 481 799 534 δὲ
829 481 977 550 ώμόν
1009 497 1060 534 τι
1084 480 1176 534 καὶ
1201 480 1410 550 ἀπηνὲς
1437 481 1756 550 ἐργάσηται,
1793 477 1960 532 ἁπάνο

384 567 602 639 θρωπον
625 566 714 618 τὸν
735 563 972 617 τοιοῦτον
1021 563 1378 632 ὀνομάζομεν.
1427 563 1636 616 Οὑκοῦν
1679 563 1769 616 τὸν
1791 579 1960 645 χαρα-

384 651 564 722 κτῆρα
581 648 675 702 τοῦ
705 647 993 718 ἀνθρώπου
1049 647 1158 700 ἀπὸ
1201 647 1292 700 τοῦ
1320 647 1509 712 ἐλεεῖν,
1538 646 1632 700 τοῦ
1685 647 1740 699 δὲ
1769 645 1958 715 θηρίου

383 733 494 788 ἀπὸ
529 733 622 786 τοῦ
667 731 909 785 ἐναντίου
954 730 1370 800 ὑπογράφομεν,
1423 730 1672 798 λέγοντες
1709 730 1815 782 ἀεί·
1867 730 1958 795 Μὴ

383 817 492 888 γὰρ
521 816 838 886 ἄνθρωπος;
863 813 1098 884 θηρίονῆ
1129 813 1294 866 κύων.
1337 815 1400 866 OE
1431 813 1539 883 γὰρ
1567 812 1842 881 ἄνθρωποι
1861 829 1959 863 πε-

384 901 505 952 νίαν
529 896 852 967 διορθοῠσιν,
883 898 982 950 οὑκ
1012 895 1252 961 αὔξουσι.
1282 895 1500 949 Τούτων
1522 895 1699 949 καὶτὰ
1719 895 1961 964 στόματα

385 981 588 1051 θηρίων
613 979 728 1032 ἐστί
767 980 1032 1050 στόματα,
1084 979 1284 1049 μᾶλλον
1321 979 1378 1032 δὲ
1407 978 1500 1031 καί¹
1530 977 1702 1032 ταῦτα
1737 977 1960 1030 ἐκείνων

383 1063 718 1134 ἀγριώτερα·
771 1062 869 1116 καὶ
928 1061 1036 1132 γὰρ
1101 1063 1324 1132 ῥήματα
1376 1062 1706 1130 φθέγγονται
1761 1059 1961 1130 μᾶλλον

384 1147 608 1200 ἐκείνων
635 1147 745 1200 τῶν
773 1146 1000 1200 ὀδόντων
1033 1144 1110 1198 ἰὸν
1141 1144 1391 1214 ἀφιέντα,
1415 1145 1572 1212 φόνον
1597 1143 1958 1216 ἐργαζόμενα.

383 1231 498 1284 Καὶ
523 1232 572 1282 εἰ
619 1229 797 1284 πάντα
827 1247 912 1292 τις
943 1227 1180 1292 ἐπέλθοι,
1207 1228 1327 1280 τότε
1381 1227 1571 1296 ὄψεται
1615 1227 1815 1292 καλῶς,
1843 1227 1962 1290 πῶς

385 1312 550 1384 θηρία
576 1313 684 1365 ἀπὸ
717 1311 1020 1383 ἀνθρώπων
1047 1313 1174 1375 τοὺς
1194 1311 1510 1382 χρωμένους
1539 1313 1570 1379 ἡ
1595 1311 1962 1382 ἀπανθρωπία

385 1399 553 1450 ποιεῖ.
574 1397 637 1448 Εἰ
661 1395 720 1449 δὲ
749 1397 842 1449 καὶ
871 1395 970 1466 τὴν
989 1394 1229 1448 διάνοιάν
1249 1411 1332 1457 τις
1364 1395 1635 1460 ἐξετάσειε
1652 1393 1763 1446 τῶν
1783 1395 1962 1446 τοιού-

385 1497 514 1546 των,
545 1478 728 1534 οὑκέτι
762 1477 924 1550 θηρία
958 1478 1136 1548 μόνον,
1173 1477 1307 1532 ἀλλά
1333 1479 1428 1532 καὶ
1465 1479 1728 1549 δαίμονας
1767 1480 1963 1544 αὐτοὺς

388 1566 664 1635 προσερεῖ.
687 1564 796 1616 Καὶ
819 1564 927 1632 γὰρ
953 1562 1154 1632 πολλῆς
1179 1563 1408 1633 γέμουσι
1433 1563 1532 1632 τῆς
1577 1563 1844 1631 ἀπηνείας
1869 1564 1962 1616 καὶ

386 1649 487 1718 τῆς
513 1648 648 1718 πρὸς
677 1649 768 1702 τὸν
808 1647 1094 1718 ὁμόδουλον
1139 1647 1359 1717 ἔχθρας·
1394 1647 1488 1700 καὶ
1527 1644 1652 1699 οὔτε
1683 1646 1962 1716 βασιλείας

385 1729 527 1800 ἔρως
552 1733 686 1796 ἐκεῖ,
709 1729 832 1785 οὔτε
861 1731 1085 1802 γεέννης
1106 1731 1292 1800 φόϐος,
1323 1731 1424 1783 οὑκ
1447 1729 1610 1794 αἰδὼς
1637 1729 1962 1802 ἀνθρώπων,

383 1813 486 1866 οὑκ
523 1813 694 1878 ἔλεος,
757 1815 818 1867 οὑ
861 1814 1214 1885 συμπάθεια,
1287 1812 1402 1866 ἀλλ’
1467 1813 1820 1883 ἀναισχυντία
1871 1816 1965 1868 καὶ

385 1896 670 1967 ἰταμότης,
695 1899 792 1950 καὶ
817 1897 1088 1968 ὑπεροψία
1101 1896 1211 1950 τῶν
1241 1896 1543 1966 μελλόντων
1571 1897 1845 1950 ἀπάντων·
1871 1898 1966 1951 καὶ

388 1977 558 2048 μῦθος
590 1980 774 2043 αὐτοῖς
806 1973 946 2033 εἶναι
969 1979 1118 2034 δοκεῖ
1141 1979 1211 2032 τά
1231 1979 1324 2034 τοῦ
1342 1979 1478 2032 Θεοῦ
1508 1981 1729 2051 ῥήματα
1745 1981 1814 2033 τά
1837 1980 1964 2051 περί

384 2063 683 2126 κολάσεως,
717 2063 812 2117 καὶ
854 2064 1027 2132 γέλως
1056 2066 1088 2133 ἡ
1119 2063 1336 2130 ἀπειλή.
1375 2064 1610 2136 Τοιαύτη
1644 2065 1751 2134 γὰρ
1787 2068 1819 2134 ἡ
1867 2064 1962 2118 τοῦ

385 2145 708 2200 πλεονέκτου
737 2148 962 2201 διάνοια.
995 2148 1164 2200 Ὅταν
1197 2143 1294 2201 οὖν
1345 2146 1554 2201 ἔνδοθεν
1589 2147 1687 2218 μὲν
1711 2149 1966 2218 δαίμονες

385 2222 539 2296 ὦσιν,
570 2230 769 2297 ἔξωθεν
795 2232 852 2285 δὲ
887 2231 1070 2303 θηρία,
1103 2232 1198 2284 καὶ
1227 2231 1432 2302 θηρίων
1461 2231 1694 2302 χείρους,
1733 2232 1838 2285 ποῦ
1869 2233 1964 2304 θή-

386 2330 553 2384 σομεν
579 2316 704 2378 τοὺς
727 2315 1020 2378 τοιούτους,
1051 2315 1174 2370 εἰπέ
1206 2332 1332 2386 μοι;
1365 2317 1489 2368 Ὅτι
1510 2315 1620 2387 γὰρ
1636 2318 1730 2370 καὶ
1761 2317 1964 2387 θηρίων

385 2395 624 2466 χείρους,
655 2397 815 2467 δῆλον
862 2398 1066 2452 ἐκεῖθεν
1085 2415 1098 2429 ·
1131 2399 1211 2452 Td
1242 2398 1406 2470 θηρία
1452 2402 1520 2470 τῇ
1549 2399 1706 2468 φύσει
1737 2401 1966 2454 τοιαῦτά

385 2479 554 2533 ἐστιν·
584 2475 728 2534 οὗτοι
753 2481 812 2534 δὲ
841 2481 984 2535 κατὰ
1019 2483 1179 2552 φύσιν
1207 2481 1268 2534 τὸ
1294 2482 1502 2552 ἦμερον
1521 2483 1755 2552 ἐχοντεξ,
1809 2485 1964 2556 παρά

385 2561 548 2631 φύσιν
586 2565 668 2628 εἰς
712 2564 774 2618 τὸ
809 2564 1074 2638 θηριῶδες
1109 2565 1337 2628 ἑαυτοὺς
1392 2563 1608 2634 ἐξάγειν
1665 2565 1962 2635 βιάζονται.

2059 394 2170 450 Καὶ
2197 398 2248 450 οἰ
2277 397 2530 467 δαίμονες
2556 399 2614 453 δὲ
2642 399 2770 464 τοὺς
2815 399 3266 466 ἐπιϐουλεύοντας
3307 402 3644 470 ἀνθρώπους

2060 479 2513 550 συμπράττοντας
2551 483 2764 546 ἑαυτοῖς
2802 483 3032 552 ἔχουσιν·
3057 485 3134 547 ώς
3155 487 3203 538 εἰ
3231 485 3306 555 μὴ
3329 487 3650 554 συνέπρατ-

2056 577 2173 622 τον,
2190 562 2251 616 τὸ
2281 563 2439 616 πλέον
2462 563 2570 616 τῶν
2589 565 2891 618 ἐπιϐουλῶν
2909 579 2933 606 ε
2954 567 3062 620 τῶν
3087 567 3208 620 καθ’
3225 571 3256 637 ἡ
3265 567 3380 638 μῶν
3407 569 3648 632 ἐκείνοις

2059 643 2316 714 ἀνῄρητο·
2356 641 2499 700 οὗτοι
2547 647 2606 700 δὲ
2655 648 2748 700 καί
2796 649 3245 717 φιλονεικούντων
3299 651 3482 714 αὑτοῖς
3531 651 3652 706 τῶν

2059 727 2514 798 ἐπηρεαζομένων
2541 733 2760 801 κρατεῖν
2791 732 3146 803 ἐπιχειροῦσι.
3177 734 3344 788 Πάλιν
3368 736 3398 788 ό
3429 735 3652 804 δαίμων

2060 808 2333 882 ἀνθρώπῳ
2375 811 2619 884 πολεμεῖ,
2669 813 2729 865 οὑ
2763 813 2980 884 δαίμοσι
3015 813 3134 886 ί80]
3163 819 3276 878 τοῖς
3317 817 3644 886 ὁμοφύλοις·

2059 889 2212 958 οὗτος
2239 894 2294 947 δὲ
2329 895 2388 948 τδ
2416 897 2780 965 συγγενὲςκαί
2801 899 2999 951 οἰκεῖον
3025 901 3189 952 παντὶ
3217 901 3403 970 τρόπῳ
3433 899 3646 954 κακοῦν

2061 977 2358 1046 ἐπείγεται,
2389 979 2485 1032 καὶ
2526 980 2647 1032 οὑδὲ
2667 980 2766 1050 τὴν
2789 980 2949 1050 φύσιν
2967 982 3222 1036 αἰδεῖται.
3251 981 3382 1036 Οἶδα
3399 985 3482 1037 ὅτι
3511 983 3646 1036 πολ-

2059 1059 2142 1112 λοὶ
2163 1060 2298 1132 πρὸς
2324 1063 2470 1132 ἡμᾶς
2495 1062 2634 1132 ὑπὲρ
2659 1062 2866 1116 τούτων
2897 1065 3290 1135 ἀπεχθάνονται
3315 1067 3424 1118 τῶν
3459 1069 3524 1136 ῥη
3535 1066 3646 1133 μά-

2059 1159 2189 1197 των·
2250 1146 2360 1212 ἐγὼ
2397 1145 2456 1198 δὲ
2487 1147 2588 1199 οὑκ
2625 1147 3004 1217 ἀπεχθάνομαι
3059 1149 3196 1220 πρὸς
3249 1149 3472 1212 αὑτοὺς.
3521 1147 3642 1202 ἀλλ’

2061 1226 2196 1280 ἐλεῶ
2233 1228 2326 1282 καὶ
2359 1228 2580 1299 δακρύω
2618 1231 2742 1294 τοὺς
2777 1229 2921 1284 οὕτω
2945 1233 3346 1302 διακειμένους·
3378 1231 3484 1286 κᾶν
3505 1231 3646 1300 πλῆ-

2063 1309 2148 1373 ξαι
2173 1309 2418 1371 θέλωσιν,
2449 1312 2617 1381 ἡδέως
2636 1310 2702 1367 ἂν
2733 1314 3094 1386 ἀνασχοίμην,
3129 1318 3178 1368 εἰ
3211 1315 3506 1384 ἀπέχοιντο
3539 1314 3648 1382 τῆς

2063 1392 2356 1464 θηριωδίας
2391 1395 2614 1466 ταύτης.
2653 1397 2786 1452 Οὐδὲ
2813 1399 2922 1469 γὰρ
2958 1397 3071 1467 ἐγὼ
3115 1398 3298 1468 μόνος,
3337 1398 3480 1452 ἀλλά
3505 1398 3652 1450 καὶὸ

2064 1480 2355 1548 προφήτης
2391 1478 2508 1548 μεθ’
2543 1479 2705 1549 ἡμῶν
2760 1482 2884 1544 τοὺς
2936 1479 3212 1544 τοιούτους
3247 1480 3506 1534 ἐκϐάλλει
3547 1482 3654 1549 τῆς

2060 1560 2170 1614 τῶν
2197 1560 2498 1632 ἀνθρώπων
2533 1561 2875 1630 συγγενείας,
2925 1562 3122 1631 λέγων,
3183 1564 3266 1616 ὅτι
3299 1565 3654 1632 Ἀνθρωπος

2060 1645 2130 1697 ἐν
2159 1642 2299 1713 τιμῇ
2335 1641 2421 1698 ὢν
2458 1647 2530 1700 οὑ
2575 1645 2871 1714 συνῆκεν,
2922 1648 3084 1702 ἀλλὰ
3133 1647 3651 1716 παρασυνεϐλήθη

2060 1727 2184 1794 τοῖς
2217 1728 2468 1794 κτήνεσι
2501 1729 2628 1797 τοῖς
2675 1730 2978 1798 ἀνοήτοις.
3013 1731 3310 1802 Γενώμεθα
3339 1732 3528 1785 τοίνυν
3555 1731 3654 1785 ἇν-

2061 1809 2269 1882 θρωποί
2293 1827 2444 1874 ποτε,
2475 1813 2570 1866 καὶ
2607 1814 2688 1875 εἰς
2721 1813 2813 1867 τὸν
2846 1815 3076 1886 οὑρανὸν
3095 1813 3514 1884 ἀναϐλέψωμεν,
3555 1815 3654 1868 καὶ

2061 1895 2122 1947 τὸ
2151 1894 2271 1947 κατ’
2305 1897 2490 1948 εἰκόνα
2540 1897 2925 1968 ἀπολάϐωμεν,
2957 1901 3052 1954 καὶ
3091 1900 3316 1961 ἑαυτοὺς
3341 1899 3370 1937 b
3401 1898 3654 1965 ἀνακτη-

2065 1977 2307 2046 σώμεθα,
2331 1979 2420 2032 ἵνα
2441 1979 2536 2032 καὶ
2563 1980 2672 2034 τῶν
2697 1981 3000 2052 μελλόντων
3031 1983 3252 2051 ἀγαθῶν
3274 1982 3654 2052 ἐπιτύχωμεν.

2062 2060 2245 2130 χάριτι
2291 2063 2384 2115 καὶ
2423 2063 2806 2136 φιλανθρωπίᾳ
2853 2065 2949 2118 τοῦ
3003 2067 3216 2137 Κυρίου
3270 2065 3430 2135 ἡμῶν
3473 2064 3656 2134 Ἰησοῦ

2061 2145 2324 2215 Χριστοῦ,
2357 2147 2477 2217 μεθ’
2503 2144 2566 2202 οὗ
2597 2149 2676 2220 τῷ
2705 2151 2882 2220 Πατρὶ
2914 2151 3030 2221 ἅμα
3057 2151 3136 2220 τῷ
3169 2151 3312 2222 ἁγίῳ
3341 2151 3652 2218 Πνεύματε.

2061 2227 2209 2295 δόξα,
2240 2231 2462 2300 κράτος,
2503 2231 2658 2303 τιμὴ,
2691 2233 2786 2288 νῦν
2811 2236 2906 2288 καὶ
2927 2235 3036 2300 ἀεὶ,
3055 2236 3149 2288 καὶ
3183 2238 3264 2298 εἰς
3285 2235 3413 2298 τοὺς
3443 2233 3660 2296 αἰῶνας

2061 2311 2169 2366 τῶν
2201 2312 2433 2368 αἰώνων.
2484 2316 2682 2388 Ἀμήν.

2070 2521 2181 2638 τοες
2195 2519 2276 2572 Sic
2297 2521 2483 2586 Regius
2519 2527 2722 2587 optimc.
2771 2526 2906 2578 Eam
2939 2528 3222 2583 ἐπιϐούλωνδ
3287 2526 3314 2564 δ
3343 2527 3521 2579 Βατία
3543 2527 3662 2576 ειυ-

1918 2839 2159 2893 ΟΜΙΛῘΑ
2199 2837 2256 2896 ἰ’.

388 2953 615 3024 Μηδεὶς
643 2953 862 3024 ἑαυτὸν
914 2953 1287 3024 ἐξαπατάτω.
1343 2953 1419 3009 El
1450 2969 1544 3021 τις
1584 2953 1756 3009 δοκεῖ
1774 2953 1968 3024 σοφὸς

457 3023 610 3080 εἶναι
633 3025 703 3078 ἐν
725 3023 806 3090 τῷ
831 3023 1002 3078 αἰῶνι
1035 3025 1242 3090 τούτῳ,
1296 3024 1494 3094 μωρὸς
1527 3026 1811 3094 γενέσθω,
1857 3023 1969 3078 ἵνα

457 3095 700 3166 γένηται
733 3097 951 3166 σοφός.
989 3095 1063 3166 Ἰζ
1091 3094 1210 3166 γὰρ
1237 3097 1426 3166 σοφία
1441 3095 1546 3149 τοῦ
1575 3097 1807 3166 κόσμου
1835 3096 1968 3149 τού-

459 3163 564 3222 του
579 3163 776 3236 μωρία
805 3163 966 3234 παρὰ
989 3163 1071 3230 τῷ
1094 3163 1219 3230 Θείῷ
1241 3163 1436 3219 ἐστιν.

459 3298 532 3346 α’.
569 3291 751 3361 Ὅπερ
781 3289 953 3362 ἔφθην
983 3289 1173 3358 εἰπὼν,
1205 3290 1300 3345 καὶ
1333 3289 1440 3359 πρὸ
1471 3287 1565 3343 τοῦ
1605 3289 1974 3361 προσήκοντος

389 3383 587 3456 καιροῦ
628 3386 706 3446 εἰς
739 3382 836 3454 τὴν
865 3382 1008 3436 κατά
1044 3382 1138 3435 τοῦ
1170 3383 1601 3454 πεπορνευκότος
1641 3383 1973 3452 κατηγορίαν

391 3477 715 3549 ἐξενεχθεὶς,
755 3476 850 3531 καὶ
883 3473 1296 3546 αἰνιγματωδῶς
1327 3473 1494 3545 αὐτὴν
1533 3473 1863 3544 παρανοίξας
1885 3471 1976 3526 διὰ

394 3571 662 3644 βραχέων,
704 3570 798 3624 καί
833 3567 1164 3630 κατασείσας
1202 3565 1366 3620 αὑτοῦ
1391 3565 1450 3619 τὸ
1476 3565 1732 3628 συνειδὸς,
1763 3563 1973 3632 ἐπείγε-

392 3685 483 3722 ται
508 3664 670 3718 πάλιν
693 3663 786 3716 ἐπὶ
808 3661 906 3734 τὴν
937 3661 1116 3732 μάχην
1149 3657 1248 3730 τῆς
1275 3657 1468 3728 σοφίας
1505 3660 1604 3729 τῆς
1635 3655 1856 3720 ἔξωθεν,
1879 3655 1976 3708 καὶ

391 3755 462 3808 τὰ
491 3753 814 3824 ἐγκλήματα
834 3749 942 3804 τῶν
968 3747 1218 3804 ἐντεῦθεν
1269 3747 1700 3820 πεφυσιωμένων
1727 3746 1818 3800 καὶ
1855 3746 1974 3799 δια-

393 3845 702 3916 τεμνόντων
737 3843 837 3915 τὴν
877 3841 1229 3913 Ἐκκλησίαν·
1267 3841 1354 3894 ἵνα
1389 3841 1452 3894 τὸ
1476 3841 1662 3894 λεῖπον
1693 3838 1974 3910 προσθεὶς,

393 3938 490 3992 ’καὶ
518 3937 579 3990 τὸ
640 3933 936 4005 κεφάλαιον
969 3933 1115 3988 ἅπαν
1145 3933 1457 4004 ἀπαρτίσας
1497 3933 1636 4003 μετὰ
1662 3931 1974 4004 ἀκριϐείας,

393 4022 538 4078 οὕτω
562 4022 750 4076 λοιπὸν
789 4023 996 4093 σφοδρᾷ
1023 4024 1090 4093 τῇ
1123 4021 1270 4092 ῥύμῃ
1305 4021 1444 4076 κατὰ
1491 4021 1586 4075 τοῦ
1609 4019 1977 4090 πεπορνευκό-

395 4131 488 4177 τος
515 4111 779 4185 φέρεσθαι
803 4112 903 4183 τὴν
931 4111 1182 4180 γλῶτταν
1212 4112 1347 4183 ἀφῇ,
1383 4112 1648 4182 πρότερον
1693 4110 1980 4180 ἀκροϐολι-

397 4207 632 4276 σάμενος
649 4203 784 4276 πρὸς
804 4204 968 4258 αὑτὸν
987 4203 1054 4256 δι’
1070 4195 1144 4257 ὧν
1163 4201 1470 4274 ἔμπροσθεν
1500 4203 1710 4274 εἴρηκε.
1739 4203 1850 4255 Καὶ
1871 4201 1978 4272 γάρ

395 4299 476 4364 τὺ,
501 4297 952 4368 Μηδείςέαυτὸν
971 4293 1342 4360 ἐξαπατάτω,
1357 4295 1492 4366 πρὸς
1510 4297 1715 4348 ἐκεῖνον
1744 4293 1979 4364 μάλιστά

395 4392 547 4444 ἐστιν
584 4387 1032 4460 ἀποτεινομένου,
1077 4387 1176 4439 καὶ
1223 4385 1780 4457 προκαταλεαίνοντος
1814 4385 1979 4439 αὑτὸν

394 4481 474 4554 τῷ
513 4481 684 4552 φόϐῳ·
715 4481 809 4534 καὶ
842 4482 870 4534 6
899 4480 1027 4550 περί
1055 4478 1151 4547 τῆς
1177 4477 1430 4546 καλάμης
1461 4475 1614 4544 λόγος
1644 4475 1804 4528 αὑτὸν
1829 4474 1982 4545 μάλι-

397 4573 501 4627 στά
531 4575 678 4626 ἐστιν
717 4569 1113 4640 αἰνιττομένου,
1167 4567 1262 4622 καὶ
1300 4567 1360 4621 τὺ
1384 4567 1585 4636 λέγειν,
1628 4567 1710 4619 ότι
1736 4568 1858 4620 Οὐκ
1894 4567 1981 4619 οτ-

397 4663 559 4728 δατε,
626 4662 716 4716 ὅτι
748 4661 896 4728 ναὸς
931 4659 1078 4714 θεοῦ
1124 4659 1287 4720 ἐστε,
1324 4658 1424 4711 καί
1481 4655 1547 4710 τὸ
1583 4655 1824 4727 Πνεῦμα
1871 4655 1979 4710 τοῦ

402 4754 551 4810 Θεοῦ
578 4753 844 4808 κατοικεῖ
882 4753 952 4806 ἐν
979 4751 1122 4823 ὑμῖν
1137 4769 1156 4818 ;
1215 4749 1318 4803 Δύο
1367 4749 1475 4821 γὰρ
1529 4748 1702 4802 ταῦτα
1747 4748 1982 4820 μάλιστα

401 4844 640 4913 ἀπάγειν
663 4845 812 4914 ἡμᾶς
850 4843 1128 4914 ἁμαρτίας
1159 4839 1371 4906 εἴωθεν,
1391 4841 1518 4894 ὅταν
1543 4839 1643 4910 τὴν
1670 4839 1928 4911 κειμένην
1953 4851 1979 4880 ι

400 4939 468 5008 τῇ
505 4935 751 5007 ἁμαρτίᾳ
781 4935 1003 4988 κόλασιν
1032 4935 1400 5004 ἐννοήσωμεν,
1435 4931 1531 4985 καὶ
1565 4931 1694 4984 ὅταν
1720 4933 1820 5002 τὴν
1845 4934 1876 5004 ἡ
1887 4947 1983 5002 με-

401 5026 567 5097 τέραν
605 5027 763 5092 ἀξίαν
781 5025 1255 5096 ἀναλογισώμεθα.
1295 5023 1389 5095 Τῷ
1423 5025 1522 5095 μὲν
1547 5019 1640 5078 οὖν
1667 5024 1758 5077 τὸν
1791 5023 1984 5095 χόρτον

401 5121 484 5184 εἰς
509 5119 674 5190 μέσον
711 5119 988 5190 παράγειν
1035 5117 1130 5170 καὶ
1153 5117 1252 5188 τὴν
1282 5117 1560 5187 καλάμην,
1617 5115 1876 5186 ἐφόϐησε·
1904 5114 1984 5186 τῷ

401 5209 459 5264 δὲ
481 5210 542 5263 τὸ
567 5209 786 5280 ἀξίωμα
805 5211 900 5278 τῆς
921 5209 1128 5272 οἰκείας
1153 5207 1429 5276 εὐγενείας
1454 5210 1645 5270 εἰπεῖν,
1676 5206 1981 5278 ἐνέτρεψεν,

406 5299 600 5371 ἐκείνῳ
637 5301 734 5370 μὲν
767 5301 892 5364 τοὺς
921 5298 1434 5370 ἀναισθητοτέρους,
1466 5299 1639 5369 τούτῳ
1659 5299 1714 5351 δὲ
1737 5299 1978 5363 καὶτοὺς

404 5392 842 5464 ἐπιεικεστέρους
886 5393 1126 5462 βελτίους
1148 5389 1338 5443 ποιῶν·
1365 5389 1588 5456 Μηδεὶς
1615 5390 1834 5444 ἑαυτὸν
1885 5391 1984 5455 ἐξ·

404 5483 784 5539 απατὰτω.Ει
807 5502 896 5551 τις
923 5481 1090 5536 δοκεῖ
1105 5482 1296 5552 σορὸς
1319 5477 1468 5535 εἶναι
1486 5482 1555 5534 ἐν
1575 5481 1654 5546 τῷ
1667 5481 1832 5535 αἰῶνι
1853 5482 1985 5536 τού-

403 5593 508 5642 τῳ,
527 5575 724 5647 μωρὸς
747 5573 1025 5647 γενέσθω.
1063 5575 1272 5645 Ὥσπερ
1320 5571 1512 5643 νεκρὸν
1549 5570 1627 5641 τῷ
1660 5571 1850 5643 κόσμῳ
1889 5590 1984 5626 κε-

404 5669 550 5723 λεύει
584 5669 859 5738 γενέσθαι,
895 5668 989 5723 καὶ
1009 5668 1043 5738 ἡ
1065 5665 1328 5738 νεκρότης
1349 5661 1486 5734 αὓτη
1518 5661 1672 5715 οὐδὲν
1699 5663 1986 5735 παραϐλά-

469 5781 770 5856 “Sic'nog.
817 5789 870 5835 ει
918 5782 1066 5835 Savil.
1115 5780 1166 5832 ln
1211 5779 1382 5830 Morel.
1427 5784 1593 5829 autem
1633 5777 1817 5841 legilur
1877 5777 1992 5828 ὅταν

407 5859 732 5908 προκειμενην.

2070 2974 2214 3022 πτει,
2246 2957 2380 3012 ἀλλά
2402 2959 2494 3013 καὶ
2509 2958 2726 3030 ὠφελεῖ,
2754 2959 2899 3031 ζωῆς
2918 2958 3066 3014 αἰτία
3087 2959 3376 3032 γενομένη·
3403 2958 3548 3014 οὕτω
3565 2957 3666 3012 καὶ

2071 3049 2255 3121 μωρὸν
2301 3050 2514 3104 κελεύει
2547 3050 2628 3122 τῷ
2685 3052 2878 3122 κόσμῳ
2921 3051 3098 3123 τούτῳ
3136 3051 3414 3120 γενέσθαι,
3459 3052 3664 3119 σοφίαν

2069 3139 2319 3194 ἐντεῦθεν
2371 3143 2502 3214 ἡμῖν
2553 3143 2652 3213 τὴν
2694 3142 2866 3214 ἀληθῆ
2923 3142 3220 3214 προξενῶν.
3261 3143 3462 3214 Μωρδς
3493 3143 3554 3196 δὲ
3583 3143 3666 3213 τῷ

2069 3231 2262 3302 κόσμῳ
2285 3231 2496 3301 γίνεται
2531 3234 2559 3286 6
2595 3233 2694 3304 τὴν
2716 3232 2918 3298 ἔξωθεν
2957 3234 3242 3306 ἀτιμάζων
3289 3235 3514 3303 σοφίαν,
3565 3235 3668 3288 καὶ

2073 3324 2437 3394 πεπεισμένος
2491 3324 2658 3396 μηδὲν
2710 3325 2862 3396 αὑτῷ
2905 3325 3179 3380 συντελεῖν
3235 3327 3376 3396 πρὸς
3419 3325 3522 3396 τὴν
3559 3331 3666 3397 τῆς

2073 3414 2306 3478 πίστεως
2337 3413 2657 3485 κατάληψιν.
2694 3416 2907 3488 Ὥσπερ
2935 3411 3027 3470 οὖν
3053 3421 3088 3488 ἡ
3115 3417 3274 3471 πενία
3306 3419 3339 3490 ἡ
3369 3417 3488 3490 [ει]
3521 3421 3668 3473 κατά

2072 3507 2204 3560 Θεὸν
2229 3507 2460 3562 πλούτου
2482 3509 2650 3572 αἰτία,
2685 3511 2832 3580 καὶὴ
2859 3511 3210 3574 ταπείνωσις,
3249 3511 3442 3580 ὕψους,
3474 3511 3576 3565 καὶ
3607 3511 3668 3564 τὺ

2072 3598 2232 3669 δόξης
2269 3599 2544 3672 ὑπερορᾷν
2568 3599 2727 3672 δόξης
2760 3600 2935 3656 αἴτιον
2982 3602 3211 3670 γίνεται·
3255 3602 3422 3668 οὕτω,
3474 3604 3574 3656 καὶ
3605 3604 3668 3656 τὸ

2077 3693 2257 3766 μωρὸν
2289 3694 2546 3763 γενέσθαι
2597 3695 2906 3766 σοφώτερον
2933 3695 3148 3750 πάντων
3180 3697 3346 3748 ποιεῖ.
3391 3695 3530 3748 Ἀπὸ
3554 3695 3668 3766 γὰρ

2074 3788 2182 3842 τῶν
2215 3787 2473 3842 ἐναντίων
2498 3789 2567 3842 τά
2592 3789 2723 3860 παρ’
2759 3790 2891 3860 ἡμῖν
2922 3789 2970 3842 ι).
2998 3789 3106 3842 Καὶ
3157 3787 3248 3842 διὰ
3281 3788 3337 3841 τί
3363 3789 3441 3859 μὴ
3479 3784 3664 3848 εἶπεν,

2089 3877 2400 3933 ’Δποθέσθω
2417 3878 2515 3952 τὴν
2540 3879 2750 3950 σοφίαν,
2791 3879 2948 3944 ἀλλὰ,
2975 3879 3254 3934 Γενέσθω
3274 3880 3515 3949 μωρός;
3547 3881 3668 3934 Ἵνα.

2079 3973 2196 4044 μεθ’
2225 3971 2534 4044 ὑπερϐολῆς
2563 3972 2810 4046 ἀτιμάσῃ
2836 3972 2936 4044 τὴν
2959 3971 3158 4037 ἔξωθεν
3196 3971 3506 4026 παίδευσιν.
3529 3969 3668 4024 Οὐδὲ

2077 4063 2186 4135 γάρ
2224 4059 2292 4134 ἦν
2316 4062 2427 4116 ἴσον
2463 4065 2656 4128 εἰπεῖν,
2693 4063 2920 4118 Ἀπόθου
2951 4080 3044 4116 σου
3067 4063 3168 4133 τὴν
3187 4061 3400 4130 σοφίαν,
3415 4063 3536 4124 καὶ,
3567 4061 3612 4114 Γ
3615 4079 3670 4112 ε-

2077 4155 2170 4210 νοῦ
2213 4155 2416 4227 μωρός·
2455 4154 2629 4218 ἄλλως
2651 4153 2708 4207 δὲ
2725 4155 2820 4208 καὶ
2843 4153 3086 4210 παιδεύει
3115 4154 3190 4226 μὴ
3229 4153 3668 4223 ἐπαισχύνεσθαι

2076 4251 2144 4319 τῇ
2185 4249 2314 4316 παρ’
2337 4248 2468 4316 ἡμῖν
2495 4246 2752 4318 ἰδιωτείᾳ·
2789 4245 2930 4300 πάνυ
2947 4245 3054 4318 γάρ
3085 4243 3362 4316 καταγελᾷ
3399 4243 3510 4296 τῶν
3529 4243 3670 4307 ἔξω·

2033 4373 2036 4376 λ
2080 4341 2191 4395 θεν.
2221 4340 2420 4411 Διόπερ
2458 4339 2581 4394 οὑδὲ
2617 4339 2686 4392 τὰ
2708 4339 2950 4412 ὀνόματα
2969 4340 3225 4402 δέδοικεν,
3249 4338 3440 4408 ἐπειδὴ
3467 4337 3672 4408 θαρρεῖ

2078 4435 2144 4504 τῇ
2175 4431 2282 4486 τῶν
2311 4431 2657 4503 πραγμάτων
2678 4432 2929 4502 δυνάμει.
2963 4432 3176 4502 Ὠσπερ
3213 4425 3308 4482 οὖν
3334 4431 3362 4481 6
3401 4427 3667 4498 σταυρὸς,

2077 4525 2250 4580 δοκῶν
2283 4525 2643 4588 ἐπονείδιστος
2664 4519 2826 4589 εἶναι,
2851 4525 3062 4596 μυρίων
3093 4523 3315 4592 γέγονεν
3337 4523 3513 4585 αἴτιος
3533 4524 3672 4590 ἀγα-

2081 4620 2212 4684 θῶν,
2231 4621 2326 4674 καί
2342 4619 2501 4690 δόξης
2524 4619 2782 4682 ὑπόθεσις
2810 4619 3018 4688 ἀφάτου
3039 4618 3136 4672 καὶ
3165 4617 3310 4688 ῥίζα·
3335 4615 3482 4669 οὕτω
3511 4616 3612 4668 καὶ
3633 4615 3668 4684 ὴ

2079 4713 2312 4768 δοκοῦσα
2346 4713 2528 4785 μωρία
2556 4707 2726 4780 εἶναι,
2758 4711 2950 4780 σοφίας
3011 4713 3144 4782 ἡμῖν
3203 4708 3354 4762 αἰτία
3392 4708 3664 4776 κατέστη.

2081 4805 2350 4877 Καθάπερ
2377 4805 2484 4876 γὰρ
2522 4805 2550 4858 6
2575 4803 2762 4868 κακῶς
2796 4821 2852 4857 τι
2882 4799 3240 4874 μεμαθηκὼς,
3275 4800 3342 4854 ἂν
3368 4800 3444 4872 μὴ
3471 4799 3535 4852 τὸ
3557 4803 3670 4853 πᾶν

2081 4900 2354 4971 ἀπόθηται
2371 4900 2464 4952 καὶ
2485 4899 2650 4969 λεάνῃ
2679 4898 2780 4970 τὴν
2801 4897 2978 4968 ψυχὴν
2996 4897 3090 4950 καὶ
3121 4894 3368 4967 καθαρὰν
3400 4893 3670 4966 παράσχῃ

2081 4992 2158 5063 τῷ
2183 4991 2427 5062 μέλλοντι
2452 4990 2705 5061 γράφειν,
2729 4990 2881 5044 οὐδὲν
2906 4989 3112 5042 εἴσεται
3143 4987 3316 5056 σαφὲς
3343 4985 3454 5040 τῶν
3471 4984 3666 5054 ὑγιῶν·

2083 5085 2224 5140 οὕτω
2253 5085 2348 5139 καὶ
2375 5084 2469 5136 ἐπὶ
2493 5083 2592 5154 τῆς
2619 5082 2816 5150 ἔξωθεν
2847 5081 3058 5149 σοφίας,
3087 5079 3156 5132 ἂν
3193 5079 3268 5150 μὴ
3304 5079 3368 5131 τὸ
3415 5078 3528 5130 πᾶν
3585 5075 3674 5140 ἐξ-

2085 5177 2232 5248 έλῃς,
2265 5177 2360 5230 καὶ
2387 5175 2640 5248 σαρώσῃς
2671 5191 2764 5226 σου
2797 5173 2895 5242 τὴν
2945 5171 3201 5234 διάνοιαν,
3223 5169 3318 5220 καί⁷
3358 5169 3544 5237 ὲξίσης
3589 5165 3672 5237 τῷ

2089 5269 2270 5340 ἰδιώτῃ
2311 5267 2598 5339 παράσχῃς
2629 5265 2822 5318 σαυτὸν
2859 5265 2924 5334 τῇ
2966 5263 3170 5323 πίστει,
3209 5261 3360 5314 οὐδὲν
3399 5261 3522 5332 εἴσῃ
3551 5277 3674 5328 γενο

2087 5363 2234 5414 ναῖον
2267 5357 2526 5430 ἀκριϐῶς.
2561 5357 2671 5410 Καὶ
2717 5356 2824 5424 γὰρ
2877 5356 2926 5406 οἰ
2968 5353 3434 5426 παραϐλέποντες,
3485 5351 3554 5402 ἂν
3595 5350 3672 5420 μὴ

2094 5455 2363 5522 μύσαντες
2432 5449 2656 5510 ἑαυτοὺς
2714 5447 2921 5518 ἑτέροις
2983 5443 3336 5516 παραδῶσιν,
3403 5441 3541 5495 ἀλλὰ
3601 5443 3670 5510 τῇ

2086 5543 2458 5616 διεφθαρμένη
2509 5542 2619 5595 τῶν
2664 5539 2958 5611 ὀφθαλμῶν
2997 5539 3118 5609 ὄψει
3151 5537 3220 5591 τά
3277 5534 3401 5589 καθ’
3439 5535 3674 5594 ἑαυτοὺς

2089 5637 2444 5709 ἐπιτρέψωσι,
2471 5633 2580 5688 τῶν
2611 5633 2710 5704 οὑχ
2728 5631 2978 5704 ὁρώντων
3009 5619 3188 5702 πολλῷ
3225 5627 3450 5682 πλείονα
3487 5625 3672 5696 ἁμαρ-

2089 5725 2372 5796 τήσονται.

2159 5835 2185 5876 h
2211 5832 2282 5883 Ita
2313 5831 2433 5894 llog.
2461 5829 2580 5882 Haec
2600 5829 2812 5880 deerant
2836 5829 2885 5880 iu
2911 5827 3082 5878 Morel.
