3838 6214
212 298 281 356 81
1348 302 1413 357 lN
1454 302 1668 360 EPIST.
1721 302 1741 359 1

1892 330 1893 343 ι
1931 307 2086 364 COR.
2128 310 2362 371 UOMIL.
2403 313 2473 371 X.
3426 334 3493 388 Ri

210 412 459 469 exscindi
482 452 500 482 ,
532 425 586 469 et
633 429 731 469 nos
764 412 868 469 illis
894 414 1111 485 privari.
1146 414 1225 469 Tu
1255 430 1384 469 vero
1422 417 1464 470 si
1493 432 1646 472 ovem
1677 416 1791 471 fera

210 506 503 576 «liscerpat,
525 506 711 569 doles;
742 522 864 561 cum
892 516 1069 562 autem
1096 506 1148 561 id
1176 508 1227 561 in
1255 508 1614 578 congenerem
1644 508 1794 575 facis,

208 611 320 649 non
357 608 508 667 putas
551 606 601 652 te
640 598 839 667 aliquid
889 598 1128 653 immane
1172 598 1391 653 facere?
1432 610 1487 654 et
1532 601 1800 671 quomodo

209 692 380 743 fueris
405 690 601 745 homo?
630 690 744 745 Non
780 690 928 745 vides
973 706 1071 745 nos
1098 690 1385 746 humanam
1414 708 1533 747 eam
1577 710 1689 747 rem
1718 693 1800 746 di-

206 797 377 847 cere,
423 797 543 852 qua:
590 782 953 838 misericordia
1002 784 1162 852 plena
1210 783 1281 838 sit
1325 792 1381 839 et
1430 783 1798 855 benignitate?

206 876 429 944 quando
459 882 638 930 autem
664 875 863 943 aliquid
891 890 1091 929 saevum
1124 885 1179 931 ct
1214 877 1432 931 crudele
1459 878 1666 945 perlicit
1700 876 1797 931 ho-

202 980 320 1030 mo,
355 966 700 1020 inhumanum
733 966 877 1020 illum
900 981 1172 1021 vocamus.
1206 967 1390 1038 Itaque
1425 968 1794 1024 characterem

203 1056 443 1111 hominis
465 1058 804 1128 depingimus
829 1073 858 1111 a
888 1060 1357 1113 commiseratione
1378 1101 1393 1124 ,
1442 1059 1570 1113 ferte
1615 1070 1792 1115 autem

199 1166 235 1205 a
267 1154 570 1217 contrario,
596 1166 810 1222 semper
835 1151 1075 1207 dicentes
1094 1191 1109 1215 ,
1135 1151 1271 1205 Num
1308 1151 1470 1205 homo
1498 1163 1580 1206 est
1605 1193 1620 1217 ,
1655 1152 1791 1218 fera,

199 1252 298 1296 aut
320 1243 504 1297 canis?
525 1242 780 1297 Homines
799 1244 941 1295 enim
966 1250 1331 1310 paupertatem
1354 1242 1655 1307 sublevant,
1686 1258 1792 1298 non

197 1345 421 1405 augent.
448 1335 649 1389 Horum
674 1343 852 1387 autem
875 1348 967 1387 ora
994 1335 1226 1389 ferarum
1253 1344 1376 1388 sunt
1397 1348 1515 1400 ora;
1546 1335 1653 1388 imo
1679 1334 1794 1389 haec

197 1438 335 1482 sunt
366 1428 473 1482 illis
498 1426 761 1482 ferociora
793 1443 806 1479 :
833 1426 994 1481 verba
1025 1428 1166 1481 enim
1198 1427 1495 1496 proferunt,
1530 1442 1651 1498 qua:
1676 1443 1789 1481 ma-

194 1521 283 1589 gis
315 1535 474 1591 quam
520 1520 751 1575 ferarum
795 1518 987 1573 dentes
1017 1519 1166 1573 virus
1196 1519 1506 1574 emittentes
1529 1559 1544 1585 ,
1589 1518 1791 1573 cmdem

194 1621 435 1681 patrant.
462 1612 529 1667 Et
576 1612 620 1665 si
668 1612 784 1680 quis
812 1611 990 1664 omnia
1022 1620 1377 1680 persequatur
1404 1650 1420 1675 ,
1473 1620 1601 1664 tunc
1644 1620 1791 1664 recte

192 1702 441 1769 videbit,
483 1701 753 1773 quomodo
785 1701 1147 1756 inhumanitas
1174 1716 1309 1764 eos,
1353 1701 1443 1771 qui
1489 1702 1569 1757 sic
1610 1700 1788 1756 allecti

190 1806 326 1850 sunt
347 1837 361 1862 ,
387 1794 526 1851 feras
551 1811 615 1851 ex
658 1795 963 1849 hominibus
1001 1794 1211 1850 reddat.
1258 1794 1411 1861 Quod
1441 1796 1485 1849 si
1514 1795 1633 1865 quis
1664 1795 1787 1850 illo-

191 1905 319 1942 rnm
354 1899 583 1943 mentem
612 1888 997 1943 examinaverit
1016 1929 1030 1953 ,
1060 1903 1165 1943 non
1194 1886 1332 1941 ultra
1363 1888 1504 1942 {eras
1529 1895 1732 1940 tantum
1754 1927 1771 1953 ,

189 1981 292 2035 sed
321 1982 485 2033 etiam
527 1979 800 2034 daemonas
846 1980 966 2033 illos
991 1978 1224 2034 vocabit.
1283 1979 1424 2033 Sunt
1448 1979 1592 2034 enim
1623 1978 1788 2033 multa

192 2071 535 2125 immanitate
558 2071 697 2140 pleni
719 2111 733 2137 ,
758 2079 812 2124 et
835 2070 960 2125 odio
980 2071 1033 2124 in
1054 2084 1347 2125 conservos
1372 2084 1387 2124 :
1413 2070 1485 2124 ibi
1508 2085 1613 2124 non
1635 2085 1789 2124 amor

188 2166 349 2233 regni
376 2173 460 2219 est
502 2179 675 2234 neque
704 2174 876 2220 metus
904 2164 1165 2234 gehennze
1185 2205 1201 2229 ,
1254 2179 1361 2219 non
1392 2164 1667 2219 hominum
1696 2180 1785 2219 re-

188 2257 439 2311 verentia
460 2298 475 2319 ,
502 2273 609 2311 non
650 2258 1019 2313 misericordia
1044 2297 1059 2323 ,
1087 2272 1194 2312 non
1221 2258 1619 2313 commiseratio
1640 2300 1655 2325 ,
1691 2260 1785 2315 sed

190 2348 530 2417 impudentia
558 2390 571 2412 ,
603 2350 888 2419 petulantia
908 2390 925 2416 ,
951 2358 1007 2405 et
1053 2349 1355 2406 futurorum
1383 2352 1621 2406 omnium
1652 2368 1785 2408 con-

190 2450 437 2510 temptus
468 2460 481 2497 :
508 2451 561 2497 et
589 2442 778 2497 fabulae
805 2443 934 2514 ipsis
961 2443 1211 2499 videntur
1239 2459 1359 2499 esse
1401 2446 1491 2499 Dei
1520 2446 1684 2500 verba
1716 2446 1784 2501 de

187 2532 465 2601 supplicio
495 2532 672 2588 futuro
696 2572 711 2597 ,
739 2542 795 2588 et
818 2533 934 2602 ejus
977 2534 1135 2588 mina:
1164 2535 1324 2589 risus.
1356 2533 1503 2590 Talis
1531 2535 1673 2590 enim
1702 2546 1785 2591 est

186 2627 344 2681 avari
376 2642 550 2681 mens.
577 2627 709 2682 Cum
735 2642 864 2698 ergo
888 2629 1209 2684 intrinsecus
1231 2628 1508 2709 daemones
1536 2631 1663 2695 sint,
1691 2648 1785 2687 ex-

188 2720 465 2774 trinsecus
498 2734 628 2773 vero
676 2720 842 2785 ferai,
893 2731 947 2776 et
998 2721 1123 2775 leris
1150 2721 1483 2777 deteriores:
1524 2723 1779 2787 ubinam,

185 2823 380 2879 quaeso
404 2851 419 2876 ,
450 2810 568 2866 illos
594 2810 1013 2866 collocabimus?
1036 2810 1188 2879 Quod
1215 2813 1357 2868 enim
1401 2812 1530 2869 feris
1553 2814 1661 2868 sint
1688 2814 1783 2869 de-

1902 421 2148 515 teriores,
2176 425 2300 481 hinc
2328 427 2500 495 palam
2528 439 2632 497 est,
2663 434 2803 503 quod
2826 435 2953 493 ferae
2974 449 3159 495 natura
3190 442 3297 499 sint
3324 444 3489 515 tales;

1912 514 1962 566 hi
1996 530 2123 569 vero
2150 519 2235 586 qui
2281 522 2570 577 secundum
2610 537 2851 584 naturam
2893 536 3356 592 mansuetudinem
3385 514 3487 594 ha?

1905 605 2053 671 bent,
2088 620 2283 678 przcter
2327 622 2570 671 naturam
2614 619 2663 672 in
2698 619 2895 676 ferinos
2937 640 3115 681 moros
3149 632 3375 685 transire
3404 633 3489 686 ni-

1907 706 2113 753 tuntnr.
2165 701 2243 755 Ac
2288 703 2560 762 daamones
2610 711 2823 779 quidem
2859 714 3128 771 .homines
3175 718 3491 777 insidiantes

1906 788 2007 842 sibi
2037 804 2192 860 opem
2224 792 2456 851 ferentes
2499 798 2730 867 habent;
2762 805 2957 876 quippe
2988 808 3031 861 si
3060 823 3214 878 Opem
3242 826 3345 866 non
3377 812 3488 867 fer-

1904 892 2056 946 rent,
2087 901 2277 955 magna
2311 903 2435 958 pars
2462 891 2590 959 ipsis
2622 894 2936 953 insidiarum
2982 911 3169 956 contra
3218 918 3317 960 nos
3346 916 3490 960 strn-

1902 982 2110 1029 ctarum
2132 978 2338 1033 sublata
2366 994 2509 1036 esset
2542 1000 2555 1035 :
2586 983 2637 1038 hi
2672 1002 2799 1042 vero
2843 1004 2958 1054 eos,
2988 993 3076 1061 qui
3109 993 3177 1047 ab
3206 1010 3265 1048 se
3291 1012 3493 1051 vexan-

1904 1073 2021 1130 tur,
2052 1070 2211 1121 etiam
2238 1074 2627 1129 contendentes
2654 1090 2834 1131 secum
2861 1121 2874 1142 .
2920 1096 3176 1150 superare
3220 1086 3485 1143 nituntur.

1901 1156 2109 1213 Rursus
2136 1158 2345 1215 dmmon
2396 1162 2667 1220 hominem
2716 1169 2854 1223 bello
2889 1170 3122 1241 itnpetit,
3156 1191 3261 1230 non
3304 1190 3486 1233 autem

1899 1248 2173 1306 dzcmonas
2200 1254 2281 1309 sui
2302 1258 2514 1325 generis
2538 1276 2549 1311 :
2579 1259 2667 1315 hic
2695 1277 2824 1315 vero
2853 1278 3182 1334 congencres
3209 1278 3263 1323 et
3293 1286 3505 1333 neces-,

1899 1342 2074 1397 sarios
2102 1344 2410 1401 omnimoda
2440 1352 2723 1405 vexatione
2764 1353 2969 1424 afﬂigit,
3000 1372 3180 1426 neque
3209 1371 3489 1415 reveretur

1902 1440 2169 1487 naturam.
2204 1436 2328 1491 Scio
2364 1439 2562 1494 multos
2603 1458 2754 1506 esse,
2784 1448 2871 1514 qui
2919 1448 2989 1502 ob
3034 1448 3149 1504 hazc
3177 1452 3339 1506 verba
3387 1470 3486 1509 nos

1899 1523 2023 1577 odio
2050 1524 2247 1581 habent
2277 1545 2291 1581 :
2322 1545 2420 1599 ego
2450 1547 2580 1587 vero
2606 1534 2725 1589 illos
2767 1552 2873 1591 non
2902 1539 3012 1603 odi,
3042 1541 3135 1595 sed
3165 1558 3350 1598 eorum
3383 1546 3485 1599 mi-

1897 1630 2106 1684 sereor,
2130 1629 2185 1673 et
2203 1636 2297 1675 eos
2320 1624 2407 1691 qui
2431 1626 2509 1679 sic
2528 1626 2703 1682 allecti
2731 1640 2854 1684 sunt
2876 1631 3127 1703 lacrymis
3150 1651 3480 1706 prosequor:

1896 1708 2106 1762 etiamsi
2146 1723 2429 1779 percutere
2460 1717 2657 1781 velint,
2694 1719 2920 1775 libenter
2967 1724 3017 1777 id
3054 1726 3263 1779 tulerim
3289 1769 3304 1790 ,
3339 1729 3383 1781 si
3414 1730 3483 1783 ab

1898 1797 1998 1853 hac
2029 1800 2240 1857 feritate
2266 1803 2539 1861 abstinere
2572 1810 2759 1864 velint.
2801 1812 2985 1883 Neque
3010 1816 3151 1869 enim
3175 1832 3276 1887 ego
3300 1820 3479 1886 solus,

1896 1890 1991 1945 sed
2016 1893 2178 1947 etiam
2208 1899 2465 1965 pr0pheta
2494 1900 2771 1955 nobiscum
2802 1903 3107 1972 hujusmodi
3139 1906 3383 1963 homines
3408 1910 3478 1965 ab

1897 1982 2125 2038 humana
2150 1991 2471 2056 cognatione
2508 1991 2768 2060 expellit,
2801 1993 3025 2048 dicens:
3060 1996 3230 2051 Homo
3270 2015 3385 2051 cum
3426 2002 3480 2054 in

1894 2078 2084 2131 honore
2110 2089 2257 2144 esset,
2288 2096 2387 2133 non
2412 2082 2686 2149 intellexit,
2715 2086 2804 2139 sed
2832 2098 3155 2156 comparatus
3184 2101 3256 2144 est
3274 2092 3483 2161 jumen-

1894 2171 1957 2224 tis
1984 2171 2334 2241 insipientibus
2363 2174 2382 2244 (
2408 2172 2554 2228 Psal.
2582 2176 2671 2231 58.
2698 2176 2759 2230 21
2792 2176 2833 2245 ).
2861 2178 3041 2233 Simus
3078 2194 3208 2251 ergo
3238 2182 3480 2239 homines

1894 2264 2105 2318 tandem
2134 2265 2453 2335 aliquando,
2499 2276 2553 2321 et
2601 2269 2653 2321 in
2680 2269 2871 2323 cadum
2903 2272 3287 2341 respiciamus:
3318 2282 3480 2343 atque

1893 2356 2019 2411 illud
2048 2358 2343 2413 secundum
2376 2360 2660 2431 imaginem
2703 2364 3033 2433 accipiamus
3062 2364 3209 2433 (Col.
3242 2367 3297 2421 5.
3336 2366 3477 2437 l0),

1890 2456 1943 2502 ct
1971 2462 2070 2503 nos
2099 2450 2243 2517 ipsos
2289 2465 2674 2518 recuperemus
2698 2494 2711 2515 ,
2742 2461 2801 2507 ut
2826 2462 2879 2507 ct
2920 2453 3094 2508 futura
3123 2456 3260 2509 bona
3287 2471 3479 2511 conse-

1890 2556 2151 2609 quamur,
2184 2542 2354 2611 gratia
2402 2551 2454 2598 et
2500 2543 2828 2614 benignitate
2881 2548 3091 2602 Domini
3134 2550 3304 2603 nostri
3351 2550 3477 2605 Josu

1888 2632 2085 2705 Christj
2104 2675 2117 2697 ,
2147 2635 2360 2704 quicum
2394 2636 2533 2690 Patri
2564 2654 2773 2707 unaque
2801 2638 3019 2707 Spiritui
3048 2653 3255 2706 sancto,
3279 2642 3471 2711 gloria,

1892 2726 2201 2795 imperium,
2233 2728 2424 2792 honor,
2458 2743 2599 2784 nunc
2625 2737 2680 2784 ct
2705 2745 2922 2801 semper
2943 2772 2959 2798 ,
2990 2742 3043 2787 et
3072 2732 3123 2785 in
3154 2734 3348 2788 saecula
3378 2750 3480 2789 sa:-

1888 2818 2153 2873 culorum.
2182 2820 2376 2874 Amen.

1606 3109 1953 3171 HOMILIA
1996 3110 2080 3170 Χ.

185 3260 327 3314 CAP.
359 3261 416 3315 3.
442 3276 493 3313 v.
524 3259 611 3314 18.
642 3258 807 3314 Nemo
834 3259 1053 3329 seipsum
1081 3258 1308 3312 seducat.
1353 3257 1415 3312 Si
1447 3258 1559 3327 quis
1586 3257 1785 3311 videtur

262 3353 475 3419 sapiens
497 3352 670 3405 essein
698 3352 791 3404 hoc
808 3351 1016 3415 seculo,
1042 3350 1229 3403 stultus
1250 3350 1361 3416 ﬁat,
1384 3358 1437 3401 ut
1465 3350 1529 3401 sit
1554 3350 1778 3419 sapiens.

263 3447 357 3501 i9.
389 3446 659 3517 Sapientia
702 3447 833 3499 enim
879 3445 1033 3515 hujus
1080 3444 1255 3497 mundi
1298 3443 1513 3496 stultitia
1552 3453 1624 3496 est
1646 3442 1785 3513 apud

261 3539 455 3592 Deum.

266 3633 322 3686 l.
371 3630 636 3696 Quomodo
666 3628 864 3683 Paulus
911 3629 967 3682 in
1007 3627 1268 3697 arguendo
1297 3626 1574 3699 fornicario
1605 3642 1783 3695 proce-

186 3724 304 3777 dat.
332 3722 471 3777 Mari
500 3722 616 3775 huic
644 3722 833 3775 mundo
861 3720 983 3791 quid
1009 3721 1095 3773 sit.
1120 3747 1194 3758 —
1213 3718 1284 3773 Ut
1302 3732 1460 3787 supra
1488 3717 1597 3771 dixi
1617 3760 1629 3779 ,
1663 3734 1781 3771 cum

186 3826 325 3872 ante
355 3824 718 3886 opportunum
750 3823 959 3884 tempus
981 3811 1047 3866 ad
1088 3811 1443 3867 incusandum
1483 3810 1635 3864 illum
1654 3851 1668 3874 ,
1695 3814 1782 3880 qui

189 3908 491 3961 fornicatus
535 3905 739 3971 fuerat,
783 3905 1045 3960 deductus
1114 3912 1292 3967 esset,
1340 3913 1395 3959 et
1448 3903 1783 3973 tenigmatice

188 3998 348 4051 illum
400 3998 584 4064 paucis
636 3995 1084 4067 perstrinxisset,
1114 3994 1336 4063 ejusque
1396 3994 1782 4049 conscientiam

190 4091 569 4160 exagitasset;
616 4092 789 4160 pergit
831 4104 1019 4144 rursus
1076 4087 1142 4143 ad
1191 4102 1420 4157 pugnam
1462 4096 1647 4143 contra
1700 4102 1788 4141 sa-

187 4182 455 4250 pientiam
484 4190 767 4236 externam
795 4221 809 4245 ,
842 4191 897 4234 et
927 4181 1047 4235 illos
1091 4179 1361 4243 adoritur,
1406 4181 1494 4250 qui
1524 4180 1649 4235 inde
1703 4182 1785 4234 in-

191 4272 310 4326 ﬂati
345 4272 662 4328 scindebant
692 4272 992 4327 Ecclesiam
1018 4288 1035 4335 ;
1059 4280 1115 4325 ut
1145 4272 1209 4326 iis
1231 4286 1352 4341 qua:
1394 4271 1606 4326 residua
1632 4280 1785 4328 erant

190 4363 418 4431 additis,
448 4375 726 4434 postquam
754 4364 857 4419 hoc
883 4371 1043 4434 caput
1069 4372 1320 4419 accurate
1357 4365 1643 4434 perfecerit
1666 4406 1681 4431 ,
1704 4366 1784 4420 sic

192 4472 388 4512 rursus
415 4465 601 4511 contra
630 4456 974 4511 fornicarium
998 4471 1117 4511 cum
1148 4456 1349 4526 impetu
1373 4456 1591 4522 l'eratur,
1623 4472 1781 4527 quem

188 4549 301 4615 jam
333 4563 494 4619 supra
525 4549 648 4603 telis
696 4548 911 4603 emissis
957 4562 1245 4618 aggressus
1288 4557 1392 4602 est.
1440 4547 1572 4602 Nam
1619 4547 1779 4613 illud,

195 4641 366 4695 Nemo
389 4642 612 4711 seipsum
650 4642 892 4707 sedncat,
926 4643 991 4697 ad
1028 4643 1178 4697 illum
1205 4643 1437 4697 maxime
1461 4643 1698 4712 respicit,
1728 4653 1780 4697 et

193 4736 345 4789 illum
372 4745 518 4791 metu
564 4735 733 4791 allicit
775 4736 1091 4807 mitigatque
1118 4754 1133 4803 ;
1165 4736 1417 4806 quodque
1468 4737 1537 4791 de
1584 4735 1781 4806 stipula

192 4827 427 4895 dicitur,
474 4828 623 4883 illum
668 4830 936 4899 praecipue
981 4829 1322 4893 subindicat;
1367 4836 1573 4884 etcum
1618 4829 1778 4895 dicit,

193 4919 423 4974 Nescitis
447 4922 565 4988 quia
594 4922 837 4992 templum
864 4921 963 4976 Dei
981 4924 1119 4987 estis,
1145 4932 1190 4976 et
1218 4921 1447 4991 Spiritus
1472 4921 1565 4977 Dei
1591 4922 1782 4976 habitat

191 5012 244 5065 in
284 5012 467 5065 vobis?
492 5012 621 5065 Haec
650 5014 848 5083 quippe
873 5014 980 5068 duo
1008 5014 1240 5069 maxime
1266 5014 1443 5068 solent
1472 5030 1567 5068 nos
1596 5029 1624 5067 a
1658 5028 1781 5083 pec-

190 5111 314 5156 cato
357 5103 625 5158 abducere
658 5121 671 5156 :
701 5104 913 5174 quando
956 5107 1244 5176 repositam
1294 5114 1511 5175 peccato
1557 5120 1777 5176 pinnam

191 5196 524 5262 cogitamus,
556 5205 611 5249 et
640 5196 853 5266 quando
877 5195 1194 5267 dignitatem
1227 5208 1464 5251 nostram
1493 5196 1776 5250 nobiscum

192 5300 527 5356 reputamus.
558 5289 691 5345 Cum
720 5306 849 5359 ergo
882 5290 1078 5346 Renum
1107 5308 1169 5346 ac
1197 5292 1442 5361 stipulam
1469 5293 1518 5345 in
1543 5291 1775 5345 medium

190 5379 449 5444 adduxit,
502 5382 796 5448 exterruit;
829 5398 951 5437 cum
982 5392 1161 5437 autem
1207 5384 1435 5453 propriae
1479 5381 1776 5437 nobilitatis

190 5471 503 5539 dignitatem
533 5473 738 5538 intulit,
770 5473 973 5542 pudore
1000 5474 1205 5540 affecit;
1239 5474 1331 5529 illo
1361 5474 1577 5545 quidem
1611 5472 1773 5528 modo

189 5563 514 5633 stnpidiores
538 5605 553 5627 ,
586 5567 685 5619 hoc
708 5575 885 5620 autem
915 5568 1300 5623 moderatiores
1325 5567 1556 5622 reddens
1582 5565 1775 5621 melio-

193 5668 297 5707 res.
330 5652 497 5708 Nemo
539 5657 759 5717 seipsum
807 5659 1033 5713 seducat.
1079 5660 1140 5715 Si
1178 5660 1287 5732 quis
1327 5659 1523 5714 videtur
1569 5658 1773 5729 sapiens

193 5762 297 5800 esse
336 5750 387 5803 in
433 5750 527 5803 hoc
558 5753 774 5818 aesculo,
808 5755 987 5809 stultus
1014 5754 1123 5823 ﬁat.
1160 5754 1319 5822 Quasi
1349 5760 1615 5809 mortuum
1644 5750 1766 5807 huic

1892 3256 2092 3312 mundo
2124 3256 2234 3311 ﬁeri
2262 3256 2417 3325 jubet
2448 3274 2461 3306 :
2487 3273 2632 3313 mors
2684 3267 2861 3314 autem
2889 3259 3190 3328 hujusmodi
3221 3260 3349 3314 nihil
3380 3260 3475 3314 la:-

1890 3351 1986 3415 dit,
2016 3352 2122 3405 imo
2145 3352 2315 3419 juvat.
2346 3365 2466 3405 cum
2495 3352 2566 3406 sit
2593 3353 2715 3406 vitae
2742 3368 2925 3407 causa.
2954 3354 3043 3407 Sic
3068 3353 3227 3407 etiam
3256 3353 3475 3407 stultum

1890 3445 2013 3500 huic
2042 3445 2240 3499 mundo
2270 3445 2382 3499 lieri
2407 3445 2591 3515 jubet,
2624 3446 2748 3501 hinc
2776 3447 2928 3501 nobis
2958 3462 3137 3500 veram
3162 3447 3476 3514 sapientiam

1888 3537 2199 3591 concilians.
2244 3536 2453 3591 Stultus
2494 3548 2671 3591 autem
2715 3538 2915 3591 mundo
2961 3537 3229 3603 efficitur,
3259 3538 3347 3607 qui
3379 3553 3477 3593 cx-

1892 3638 2096 3684 ternam
2119 3631 2438 3698 sapientiam
2463 3629 2709 3697 despicit,
2736 3645 3049 3700 persuasum
3079 3629 3299 3691 habens,
3332 3630 3476 3683 illam

1888 3722 1986 3775 sibi
2016 3720 2145 3774 nihil
2175 3720 2242 3774 ad
2274 3721 2431 3774 tidem
2460 3720 2859 3790 adipiscendam
2882 3720 3175 3789 adjumenti
3204 3720 3471 3775 conferre.

1888 3811 2348 3879 Quemadmodum
2396 3828 2525 3882 ergo
2557 3826 2841 3882 paupertas
2868 3813 3161 3868 secundum
3197 3813 3361 3867 Deum
3390 3812 3474 3866 di-

1888 3904 2141 3958 vitiarum
2178 3919 2337 3959 causa
2366 3913 2485 3968 est,
2518 3914 2573 3957 et
2614 3904 2886 3958 humilitas
2914 3904 3234 3967 altitudinis,
3282 3915 3332 3958 et
3359 3905 3474 3973 glo-

1889 3999 1981 4053 rim
2009 3998 2292 4067 despectus
2316 4007 2400 4052 est
2439 3998 2622 4067 glorim
2653 4012 2812 4051 causa
2838 4014 2852 4062 ;
2882 3998 2950 4051 ita
2978 4008 3030 4051 et
3060 3998 3279 4051 stultum
3312 3996 3426 4051 ﬁeri
3452 4037 3467 4057 .

1888 4091 2139 4145 omnibus
2168 4090 2552 4158 sapientiorem
2578 4089 2760 4144 elticit.
2799 4089 2876 4143 Ex
2906 4090 3191 4143 contrariis
3218 4090 3359 4144 enim
3389 4102 3477 4143 res

1890 4194 2089 4238 nostra:
2115 4192 2384 4238 constant.
2420 4182 2488 4236 Et
2515 4198 2611 4237 cur
2641 4198 2749 4237 non
2778 4182 2947 4248 dixit,
2982 4182 3224 4251 Deponat
3253 4180 3472 4251 sapien-

1890 4274 2037 4338 tiam,
2067 4273 2186 4338 sed,
2219 4273 2422 4328 Stultus
2450 4274 2579 4341 ﬁat?
2612 4272 2679 4328 Ut
2720 4282 2995 4327 externam
3024 4272 3359 4342 disciplinam
3385 4287 3474 4324 su-

1888 4379 1982 4433 pra
2005 4364 2219 4418 modum
2251 4365 2566 4419 dedecoret.
2606 4364 2790 4434 Neque
2818 4364 2960 4417 enim
3010 4363 3237 4432 idipsum
3288 4363 3474 4417 luisset

1886 4457 2093 4523 dicere,
2127 4458 2341 4525 Depone
2366 4457 2708 4525 sapientiam,
2756 4464 2811 4510 et
2836 4455 3044 4510 Stultus
3073 4453 3187 4508 tias.
3220 4453 3469 4523 Alioquin

1888 4564 2015 4604 vero
2043 4548 2203 4604 docet
2233 4551 2393 4604 etiam
2426 4564 2529 4603 non
2559 4548 2983 4604 erubescendum
3012 4561 3132 4602 esse
3162 4546 3232 4601 de
3257 4563 3316 4600 ea
3355 4563 3472 4616 qua:

1887 4642 2025 4709 apud
2078 4657 2175 4695 nos
2205 4650 2289 4696 est
2332 4641 2674 4711 simplicitate
2700 4658 2711 4692 :
2737 4649 2958 4696 externa
3008 4640 3153 4693 enim
3185 4638 3471 4693 admodum

1888 4733 2093 4786 irridet.
2141 4732 2479 4803 Quapropter
2511 4734 2723 4787 nomina
2771 4749 2875 4787 non
2921 4732 3105 4797 timet,
3137 4732 3388 4802 quoniam
3417 4734 3470 4785 in

1886 4842 2065 4880 rerum
2096 4826 2292 4882 virtute
2326 4826 2567 4881 conlidit.
2597 4825 2664 4882 Ut
2696 4826 2854 4895 igitur
2880 4840 3030 4888 crux,
3059 4841 3178 4894 qua:
3210 4824 3467 4895 probrosa

1885 4934 1971 4974 res
2000 4920 2208 4975 videtur
2233 4936 2377 4987 esse,
2413 4922 2675 4974 bonorum
2704 4919 3166 4974 innumerabilium
3193 4934 3350 4973 causa
3372 4957 3389 4983 ,
3418 4927 3474 4971 ct

1884 5013 2064 5082 gloria:
2092 5014 2373 5069 inell‘abilis
2405 5014 2623 5068 occasio
2650 5022 2703 5067 et
2731 5012 2882 5066 radix
2928 5012 3079 5066 nobis
3125 5010 3223 5065 fuit
3251 5028 3265 5065 :
3298 5011 3375 5065 sic
3403 5025 3466 5064 ea

1883 5122 2001 5175 qua:
2026 5106 2235 5161 videtur
2256 5120 2377 5161 esse
2405 5104 2649 5169 stultitia,
2674 5105 2953 5173 sapientiae
2981 5104 3135 5159 nobis
3163 5118 3324 5159 causa
3348 5101 3467 5156 fuit.

1883 5198 2031 5252 Sicut
2060 5200 2201 5252 enim
2228 5199 2273 5253 is
2301 5197 2387 5266 qui
2421 5197 2559 5252 male
2584 5197 2855 5268 quidpiam
2905 5196 3113 5261 didicit,
3150 5196 3251 5249 nisi
3298 5205 3465 5248 totum

1882 5289 2139 5360 deponat,
2168 5290 2510 5361 animamque
2537 5292 2583 5344 ei
2616 5290 2704 5360 qui
2733 5291 3027 5357 scripturus
3063 5298 3147 5343 est
3178 5288 3384 5358 planam
3415 5298 3469 5340 et

1884 5399 2067 5452 puram
2096 5384 2320 5447 reddat.
2353 5400 2417 5439 ex
2446 5384 2593 5439 sanis
2639 5385 2799 5439 rebus
2840 5382 2972 5437 nihil
3012 5382 3156 5437 clare
3196 5381 3461 5435 scietzita

1880 5474 2039 5530 etiam
2088 5476 2140 5530 in
2190 5486 2410 5531 externa
2462 5477 2756 5547 sapientia,
2806 5475 2906 5529 nisi
2958 5484 3125 5529 totum
3175 5472 3366 5529 eradas
3408 5481 3464 5526 et

1880 5578 2112 5647 mentem
2139 5585 2355 5625 everras
2375 5613 2391 5639 ,
2421 5579 2476 5625 et
2503 5570 2654 5641 quasi
2700 5569 2864 5624 idiota
2897 5568 3017 5622 ﬁdei
3063 5578 3117 5623 te
3155 5566 3417 5622 obtuleris
3441 5606 3458 5629 ,

1881 5660 2012 5717 nihil
2044 5664 2353 5732 praeclarum
2393 5663 2479 5718 vel
2524 5664 2795 5719 sincerum
2843 5671 3092 5717 accurate
3135 5660 3293 5715 scies.
3328 5658 3459 5713 Nam

1878 5754 1967 5825 qui
1998 5754 2210 5827 oblique
2239 5755 2418 5812 vident
2438 5798 2453 5821 ,
2482 5755 2581 5810 nisi
2615 5755 2808 5810 clausis
2834 5752 3005 5812 oculis
3045 5769 3105 5810 se
3140 5752 3258 5807 aliis
3290 5749 3456 5806 tradi-
