3838 6214
393 313 466 370 ss
743 275 754 286 ’
1138 303 1193 358 s.
1235 302 1510 359 JO.\NNlS
1536 297 1984 358 cnnvsos'rou

2096 296 2377 356 tRCﬂIEP.
2409 295 2942 354 CONSTANTINOP.
3613 291 3673 348 δι

393 427 594 489 derint,
619 423 713 479 sed
735 422 877 477 male
902 420 1092 476 allecto
1120 420 1253 474 visui
1283 435 1377 475 sua
1417 419 1777 490 permiserint,
1808 419 1979 489 magis

397 519 676 578 errabunt,
705 530 862 585 quam
893 514 982 584 qui
1013 529 1120 567 non
1148 511 1350 567 vident.

493 609 719 664 Externa
777 605 1028 676 sapientia
1091 605 1409 674 reprobatur.
1440 631 1511 643 —
1539 599 1609 655 Et
1671 597 1980 669 quomodo,

402 704 643 774 inquies,
685 701 856 770 possit
905 698 1021 756 ha'c
1064 708 1287 753 externa
1337 696 1597 763 sapientia
1653 691 1887 763 deponi?
1926 691 1982 746 Si

398 810 585 849 eorum
628 792 904 861 disciplina
955 806 1062 843 non
1118 788 1302 842 utaris.
1349 787 1550 841 Deinde
1593 795 1873 856 postquam
1918 783 1986 836 ab

400 885 490 938 illa
521 884 783 938 desistere
829 889 935 934 tam
964 894 1153 948 aspere
1179 877 1372 948 jussit,
1403 891 1617 930 causam
1646 877 1804 930 etiam
1834 872 1987 927 affert

398 977 482 1031 his
524 975 699 1030 verbis
731 992 744 1028 :
777 973 864 1028 19.
908 970 1178 1042 Sapientia
1207 971 1339 1024 enim
1383 969 1536 1037 hujus
1566 967 1744 1020 mundi
1770 964 1987 1019 stultitia

396 1077 472 1120 est
515 1066 654 1134 apud
699 1065 881 1118 Deum.
911 1063 1027 1117 Non
1063 1061 1224 1116 modo
1253 1061 1394 1115 enim
1427 1059 1558 1114 nihil
1603 1057 1844 1120 confert,
1889 1055 1983 1109 sed

396 1159 559 1212 etiam
590 1155 832 1225 impedit.
864 1155 1088 1226 Oportet
1121 1155 1278 1224 igitur
1319 1152 1386 1206 ab
1425 1151 1514 1206 illa
1559 1153 1852 1214 absistere,
1898 1157 1985 1201 ut-

402 1259 527 1318 pote
553 1265 669 1318 quze
700 1255 911 1302 noceat.
943 1245 1130 1300 Viden‘
1155 1245 1422 1315 quomodo
1449 1244 1675 1298 ubertim
1711 1243 1985 1296 victoriam

402 1341 618 1404 tulerit,
650 1340 940 1394 ostendens
967 1339 1110 1392 illam
1142 1353 1247 1391 non
1280 1336 1439 1390 modo
1466 1335 1597 1389 nihil
1637 1350 1734 1389 nos
1758 1333 1944 1403 juvare
1967 1372 1983 1398 ,

401 1432 495 1486 sed
541 1433 702 1485 etiam
752 1431 904 1484 nobis
933 1429 1255 1484 contrariam
1287 1428 1452 1482 esse?
1499 1427 1681 1495 Neque
1719 1425 1831 1479 suis
1859 1438 1988 1478 con-

402 1531 584 1577 tentus
609 1521 959 1592 argumentis,
989 1521 1350 1575 testimonium
1381 1535 1564 1574 rursus
1590 1518 1741 1574 all'ert
1762 1518 1946 1572 dicens
1969 1533 1984 1571 :

404 1615 666 1682 Scriptum
712 1623 785 1666 est
834 1613 966 1666 enim
1015 1629 1028 1664 :
1066 1612 1166 1678 Qui
1205 1611 1583 1680 comprehendit
1631 1610 1882 1678 sapientes
1934 1609 1988 1661 in

400 1707 586 1758 astutia
612 1722 807 1758 eorum.
839 1705 1068 1770 Astutia,
1110 1704 1159 1759 id
1187 1713 1269 1758 est
1290 1745 1305 1768 ,
1349 1705 1460 1758 suis
1487 1703 1605 1756 illos
1634 1703 1796 1756 armis
1823 1701 1984 1770 capit.

401 1797 532 1864 Quia
573 1797 715 1850 enim
772 1799 964 1850 astutia
1013 1795 1094 1849 usi
1145 1804 1299 1860 sunt,
1354 1805 1411 1848 ut
1465 1810 1531 1849 ne
1582 1795 1691 1848 Deo
1729 1793 1989 1848 haberent

401 1904 570 1956 opus,
611 1903 705 1956 per
735 1887 873 1941 hanc
923 1887 1090 1956 ipsam
1122 1887 1370 1940 astutiam
1405 1885 1508 1939 illis
1557 1885 1801 1954 probavit
1844 1883 1986 1954 quod

403 1979 633 2032 tnnxime
690 1979 798 2032 Deo
857 1986 1068 2047 egeant.
1119 1980 1235 2044 Quo
1282 1975 1480 2030 modo?
1531 1976 1682 2043 Quod
1729 1991 1823 2045 per
1866 1991 1986 2030 eam

402 2071 550 2123 stulti
583 2069 793 2135 euecti,
844 2072 1039 2124 merito
1078 2085 1173 2138 per
1214 2069 1457 2124 eamdem
1511 2068 1652 2138 capti
1697 2069 1822 2122 sint.
1854 2067 1987 2122 Nam

403 2161 493 2231 qui
542 2162 795 2230 putabant
833 2177 892 2216 se
932 2162 1041 2215 Deo
1081 2177 1186 2215 non
1223 2177 1357 2231 opus
1394 2160 1628 2226 habere,
1673 2160 1740 2214 ad
1789 2169 1987 2215 tantam

405 2251 609 2306 redacti
649 2261 777 2306 sunt
813 2262 1137 2322 egestatem,
1180 2262 1236 2305 nt
1262 2251 1616 2321 piscatoribus
1642 2260 1696 2306 et
1725 2251 1990 2306 illiteratis

405 2347 640 2400 minores
665 2355 979 2414 apparerent
1005 2385 1019 2408 ,
1049 2345 1285 2414 ipsisque
1305 2345 1520 2398 demum
1543 2359 1678 2413 opus
1703 2343 1984 2398 haberent.

406 2435 532 2491 Ideo
575 2436 681 2500 ait,
716 2436 774 2490 In
818 2436 1012 2490 astutia
1045 2437 1281 2504 ipsorum
1314 2439 1457 2505 cepit
1499 2435 1642 2491 illos.
1688 2435 1819 2490 Nam
1866 2452 1988 2491 cum

405 2529 570 2593 dicit,
617 2527 837 2582 Perdant
876 2529 1177 2599 sapientiam
1227 2529 1323 2600 (1.
1367 2526 1487 2583 Cor.
1528 2529 1581 2583 1.
1626 2530 1772 2599 19),
1821 2530 1990 2598 ipsam

405 2621 472 2674 ad
505 2621 637 2675 nihil
698 2620 827 2674 utile
860 2621 1110 2675 inducere
1149 2621 1416 2690 signiﬁcat
1445 2637 1457 2674 :
1491 2620 1618 2674 illud
1648 2631 1856 2685 autem,
1891 2621 1992 2686 Qui

405 2713 780 2782 comprehendit
800 2715 1051 2784 sapientes
1073 2715 1123 2767 in
1145 2715 1331 2768 astutia
1352 2730 1524 2768 eorum
1548 2755 1564 2782 ,
1603 2713 1671 2768 ad
1693 2714 1990 2769 ostenden-

407 2806 528 2860 dam
563 2805 656 2860 Dei
684 2809 972 2876 potentiam
999 2807 1212 2861 dicitur.

476 2900 531 2953 2.
576 2899 775 2954 Deinde
806 2898 1021 2954 modum
1051 2899 1181 2953 dicit
1217 2914 1324 2970 quo
1369 2898 1811 2969 comprehendit,
1843 2900 1992 2956 aliud

408 2989 664 3057 adjiciens
691 2988 1052 3042 testimonium
1079 3005 1092 3053 ;
1126 2988 1200 3042 ait
1226 2989 1368 3042 enim
1397 3005 1412 3041 :
1443 2988 1533 3043 20.
1576 2987 1828 3043 Dominus
1857 2991 1991 3043 novit

405 3084 728 3152 cogitationes
778 3083 1080 3153 sapientium
1135 3083 1375 3153 quoniam
1445 3099 1586 3138 vana:
1655 3095 1790 3138 sunt.
1855 3083 1989 3139 Cum

406 3188 584 3227 autem
627 3173 887 3242 sapientia
921 3173 1009 3227 illa
1048 3189 1166 3244 qua:
1193 3183 1275 3228 cst
1303 3174 1562 3229 immensa
1586 3215 1601 3240 ,
1635 3175 1751 3228 ha-c
1778 3175 1845 3230 de
1887 3177 1991 3230 illis

412 3265 870 3335 pronuntiaverit,
900 3275 952 3319 et
982 3266 1115 3319 tales
1141 3265 1288 3334 ipsos
1317 3281 1437 3320 esse
1464 3266 1803 3335 probaverit,
1833 3283 1990 3336 quam

405 3356 563 3409 aliam
607 3365 861 3410 extrema:
889 3355 1104 3409 illorum
1133 3355 1382 3410 amentia:
1411 3371 1618 3426 quaeres
1653 3358 1990 3413 demonstra-

410 3447 652 3502 tionem?
679 3446 812 3500 Nam
855 3446 1130 3501 hominum
1159 3447 1376 3517 quidem
1398 3448 1596 3518 judicia
1627 3464 1770 3518 saepe
1801 3451 1990 3504 labun-

409 3549 532 3605 tur;
563 3539 653 3594 Dei
688 3555 814 3594 vero
842 3541 1102 3594 sententia
1137 3556 1234 3596 nec
1265 3540 1586 3611 reprehendi
1618 3557 1715 3596 nec
1743 3557 1992 3597 corrum-

409 3633 460 3701 pi
505 3647 753 3700 umquam
787 3641 981 3701 potest.
1018 3631 1304 3702 Postquam
1346 3633 1506 3703 igitur
1549 3634 1766 3705 superni
1805 3635 1990 3704 judicii

411 3732 668 3792 tropzeum
719 3724 788 3776 ita
829 3723 1168 3792 splendidum
1217 3735 1499 3791 erexerat,
1549 3728 1892 3780 vehementer
1936 3727 1990 3781 in

407 3815 650 3869 subditos
669 3830 974 3870 sermonem
995 3817 1291 3883 convertit,
1316 3817 1430 3870 lnL-c
1457 3818 1638 3871 dicens
1670 3835 1682 3871 :
1712 3816 1802 3872 2|.
1829 3817 1992 3871 Nemo

407 3911 577 3980 itaque
616 3908 858 3977 glorietur
885 3909 936 3961 in
964 3909 1247 3962 hominibus
1275 3924 1294 3963 :
1321 3908 1412 3962 22.
1443 3910 1612 3963 omnia
1653 3911 1787 3964 enim
1830 3921 1992 3963 vestra

411 4010 549 4056 sunt.
603 4000 807 4054 Rursus
856 4001 1034 4070 priora
1079 4000 1308 4070 repetit,
1337 4001 1626 4056 ostendens
1671 4003 1787 4055 illos
1818 4017 1992 4072 neque

411 4094 466 4148 in
492 4092 854 4162 spiritualibus
881 4093 1047 4147 altum
1078 4109 1266 4162 sapere
1291 4094 1488 4150 debere
1507 4135 1522 4160 ,
1558 4104 1613 4148 ut
1641 4098 1727 4166 qui
1760 4095 1890 4150 nihil
1921 4111 1990 4151 ex

410 4201 470 4242 se
514 4185 762 4240 habeant.
792 4186 926 4241 Cum
956 4201 1085 4256 ergo
1124 4195 1348 4240 externa
1398 4188 1654 4257 sapientia
1696 4187 1853 4241 noxia
1884 4189 1989 4254 sit,

409 4288 462 4334 et
506 4277 800 4348 spiritualii
844 4293 874 4332 a
907 4277 1061 4332 vobis
1110 4293 1215 4331 non
1263 4277 1370 4332 sint
1417 4277 1578 4344 data,
1636 4279 1774 4332 unde
1827 4279 1992 4334 habes

409 4369 550 4440 quod
573 4367 857 4439 glorieris?
886 4368 950 4422 Et
979 4367 1030 4421 in
1061 4377 1284 4423 externa
1307 4367 1524 4438 quidem
1551 4367 1808 4438 sapientia
1834 4384 1993 4423 nemo

410 4463 644 4534 seipsuin
681 4461 946 4530 decipiat,
976 4459 1182 4531 inquit,
1215 4461 1335 4531 quia
1377 4459 1479 4530 ipsi
1517 4460 1570 4516 in
1615 4477 1673 4514 re
1703 4461 1858 4515 noxia
1889 4462 1992 4516 sibi

409 4553 692 4623 placebant
733 4570 746 4606 :
791 4551 874 4606 hic
929 4567 1093 4615 vero,
1145 4553 1266 4621 quia
1319 4566 1408 4606 res
1460 4551 1621 4606 habet
1671 4551 1990 4619 utilitatem,

411 4661 572 4700 nemo
626 4645 902 4715 glorietur.
969 4644 1036 4698 Et
1079 4645 1442 4699 mansuetiore
1488 4646 1652 4699 utitur
1705 4647 1988 4700 oratione:

414 4739 599 4792 Omnia
632 4739 763 4791 enim
808 4748 970 4791 vestra
995 4749 1145 4802 sunt,
1189 4739 1292 4791 sive
1338 4735 1534 4790 Paulus
1559 4739 1661 4790 sive
1689 4739 1872 4807 Apollo
1892 4739 1995 4791 sive

413 4830 610 4901 Cephas
638 4831 741 4884 sive
768 4830 986 4883 mundus
1003 4870 1019 4896 ,
1049 4831 1152 4884 sive
1175 4830 1277 4883 vita
1303 4831 1404 4884 sive
1441 4845 1576 4884 mors
1595 4871 1610 4896 ,
1640 4833 1742 4885 sive
1766 4847 1992 4901 prtesen-

411 4928 481 4974 tia
510 4922 611 4974 sive
633 4924 804 4993 futura
835 4936 853 4974 :
881 4920 1049 4973 omnia
1085 4930 1248 4974 vestra
1287 4929 1436 4987 sunt,
1466 4935 1550 4974 vos
1578 4933 1743 4974 autent
1771 4921 1990 4987 Christi,

411 5012 640 5070 Christus
665 5025 833 5067 autem
865 5012 975 5066 Dei.
1007 5013 1140 5079 Quia
1169 5014 1310 5069 enim
1339 5015 1457 5069 illos
1485 5015 1836 5070 vehementer
1867 5031 1987 5084 pero

411 5106 734 5172 strinxerat,
758 5121 945 5160 rursus
974 5104 1120 5174 ipsos
1149 5117 1374 5160 recreat.
1410 5106 1474 5160 Et
1504 5105 1749 5177 superius
1777 5106 1991 5176 quidem

411 5199 661 5266 diei-bat,
721 5200 993 5269 Adjntores
1050 5215 1221 5252 sumus
1285 5199 1411 5265 Dei,
1469 5210 1524 5256 et
1576 5201 1696 5256 aliis
1754 5202 1993 5271 pluribus

410 5291 591 5348 verbis
628 5291 774 5362 ipsos
813 5288 1190 5345 consolabatur
1222 5308 1236 5344 :
1267 5291 1354 5346 hic
1393 5304 1568 5348 autem
1597 5293 1761 5360 dicit,
1807 5293 1994 5348 Omnia

411 5396 576 5438 vestra
604 5396 754 5451 sunt,
787 5385 1066 5443 doctorum
1101 5388 1292 5441 fastum
1322 5401 1580 5439 amovens
1605 5427 1619 5452 ,
1661 5387 1988 5442 ostendens-

409 5494 514 5544 que
545 5478 686 5547 ipsos
717 5493 820 5532 non
847 5479 1006 5533 modo
1041 5479 1171 5534 nihil
1199 5477 1304 5532 illis
1332 5477 1511 5546 largiri
1530 5518 1544 5537 .
1586 5477 1679 5531 sed
1708 5478 1838 5546 ipsis
1866 5494 1990 5546 gra-

411 5572 510 5621 lius
540 5569 742 5625 referre
785 5570 982 5625 debere
1015 5587 1028 5625 :
1060 5581 1279 5642 propter
1304 5569 1425 5624 illos
1467 5571 1607 5625 enim
1654 5571 1786 5624 tales
1815 5571 1991 5643 cliecti

410 5672 566 5724 sunt.
614 5662 882 5734 etiamque
925 5663 1149 5734 gratiam
1199 5671 1541 5732 acceperunt.
1591 5661 1695 5717 Sed
1739 5662 1991 5731 quoniam

410 5754 641 5809 futurum
666 5765 800 5824 erat,
841 5767 898 5812 ut
939 5755 1016 5812 illi
1058 5756 1219 5812 etiam
1251 5755 1638 5829 gloriarentur,
1687 5753 1809 5810 ideo
1847 5754 1989 5812 hunc

2089 431 2301 487 quoque
2353 417 2596 472 morbum
2653 415 2895 486 praedicit
2930 413 3117 468 dionis
3153 431 3168 467 :
3225 411 3518 479 Unicuique
3553 411 3673 463 sicut

2091 506 2226 562 Deus
2255 509 2432 574 dedit;
2477 518 2566 572 et,
2597 507 2737 562 Deus
2783 508 3146 560 incrementum
3175 504 3315 558 dedit
3342 520 3363 567 ;
3409 513 3470 556 ut
3509 517 3674 571 neque

2089 598 2208 663 illi,
2249 601 2370 669 quia
2426 601 2806 668 przebueruut,
2857 599 3022 651 altum
3075 596 3331 666 sapiant;
3387 609 3568 664 neque
3619 594 3668 648 bi

2089 691 2278 757 etiam,
2330 691 2454 760 quia
2501 692 2803 754 audierunt,
2837 689 3022 744 Omnia
3049 701 3212 743 vestra
3259 698 3410 752 sunt,
3443 703 3568 743 sese
3591 705 3675 742 ex-

2090 783 2296 836 tollant.
2328 781 2538 836 Etenim
2566 783 2776 836 etiamsi
2816 793 3032 851 pr0pter
3058 795 3182 845 vos,
3211 791 3267 835 at
3308 791 3483 835 totum
3510 798 3540 835 a
3571 781 3672 836 Deo

2090 874 2284 927 factum
2314 884 2415 929 est.
2474 875 2552 930 Tn
2609 891 2738 930 vero
2777 876 2904 928 mihi
2963 875 3264 946 perpendas
3301 875 3507 938 velim,
3546 890 3672 946 quo-

2089 965 2249 1020 modo
2289 982 2454 1036 usque
2496 967 2562 1021 ad
2608 968 2769 1022 linem
2825 981 3131 1038 perseveret
3182 985 3379 1023 nomen
3419 985 3576 1024 suum
3613 980 3663 1024 et

2090 1073 2284 1112 nomen
2333 1059 2472 1113 Petri
2500 1076 2720 1129 ponere.
2751 1061 2889 1128 Quid
2917 1077 3045 1115 vero
3072 1062 3335 1130 signiﬁcat
3363 1062 3496 1115 illud
3518 1105 3534 1126 ,
3563 1062 3675 1118 Sive

2091 1149 2271 1202 mors?
2323 1150 2540 1204 Etiamsi
2599 1152 2933 1217 moriantur,
2989 1169 3086 1222 pro
3137 1153 3288 1207 vobis
3341 1154 3668 1219 moriuntur,

2092 1240 2456 1308 periclitantes
2484 1257 2580 1310 pro
2606 1251 2782 1297 vestra
2810 1243 2999 1298 salute.
3043 1243 3230 1299 Viden’
3257 1244 3536 1314 quomodo
3561 1261 3670 1299 rur-

2091 1347 2206 1384 sum
2236 1331 2615 1401 discipulorum
2654 1333 2846 1388 fastum
2888 1335 3189 1403 deprimat,
3221 1335 3477 1391 doctores
3504 1348 3669 1391 autem

2090 1423 2346 1476 extollat?
2383 1423 2514 1477 Nam
2543 1426 2621 1478 sic
2650 1425 2770 1478 illos
2797 1427 3084 1496 alloquitur
3111 1435 3167 1480 ut
3197 1442 3390 1495 pueros
3433 1427 3666 1492 nobiles,

2094 1511 2408 1582 pmdagogos
2431 1513 2710 1579 habentes,
2732 1517 2821 1584 qui
2847 1515 3212 1571 haereditatem
3234 1518 3513 1585 accepturi
3534 1529 3667 1572 sunt.

2093 1604 2242 1660 Licet
2279 1606 2439 1660 etiam
2486 1607 2593 1661 alio
2635 1608 2795 1661 modo
2821 1607 3027 1674 dicere,
3059 1619 3288 1664 mortem
3331 1609 3526 1663 Adami
3557 1626 3671 1678 pro-

2095 1707 2210 1766 pter
2247 1713 2344 1751 nos
2383 1697 2582 1765 fuisse,
2639 1709 2696 1753 ut
2745 1700 3226 1769 resipisceremus;
3283 1713 3515 1757 mortem
3556 1717 3674 1757 vero

2093 1787 2324 1853 Christi,
2357 1801 2415 1844 ut
2441 1805 2802 1847 servarentur.
2853 1791 2955 1847 Vos
2980 1804 3148 1848 autem
3183 1794 3402 1859 Christi,
3452 1794 3674 1848 Christus

2092 1895 2207 1933 vero
2257 1880 2369 1934 Dei.
2411 1882 2580 1937 Aliter
2629 1883 2827 1938 Christi
2866 1899 3086 1950 sumus,
3135 1896 3189 1941 et
3225 1886 3384 1941 aliter
3438 1886 3676 1942 Christus

2094 1971 2190 2025 Dei
2229 1983 2341 2039 est,
2381 1984 2436 2030 et
2481 1975 2636 2030 aliter
2685 1977 2914 2032 mundus
2952 1987 3034 2034 est
3073 1989 3276 2034 noster.
3333 1977 3447 2034 Nos
3484 1979 3674 2049 quippe

2092 2061 2293 2116 Christi
2318 2080 2533 2128 sumus,
2586 2075 2642 2120 ut
2680 2081 2818 2138 opus
2862 2068 3042 2133 illius;
3091 2069 3337 2124 Christus
3376 2085 3510 2124 vero
3551 2070 3672 2136 Dei,

2095 2163 2150 2206 ut
2183 2169 2436 2222 germana
2486 2157 2663 2225 proles
2683 2197 2698 2222 ,
2729 2175 2833 2212 non
2863 2169 2921 2212 ut
2946 2174 3082 2228 opus
3111 2177 3124 2214 :
3153 2176 3255 2229 qua
3284 2159 3496 2214 ratione
3523 2160 3673 2214 etiam

2094 2261 2192 2300 nec
2219 2247 2447 2302 mundus
2473 2258 2556 2303 est
2583 2259 2765 2304 noster
2789 2252 2830 2303 ί.
2862 2252 3044 2322 Itaque
3069 2253 3169 2307 etsi
3199 2268 3300 2307 una
3328 2255 3398 2308 sit
3424 2253 3610 2320 dictio,
3627 2265 3677 2308 at

2093 2337 2309 2394 diversa
2355 2342 2640 2396 sententia.
2682 2342 2913 2398 Mundus
2957 2344 3100 2399 enim
3128 2356 3314 2399 noster
3338 2354 3456 2412 est,
3501 2356 3675 2415 utpote

2096 2445 2193 2497 pro
2241 2432 2397 2486 nobis
2449 2431 2662 2497 factus;
2716 2434 2965 2491 Christus
3021 2451 3150 2491 vero
3191 2437 3285 2492 Dei
3323 2448 3444 2504 est,
3499 2439 3676 2509 utqui

2097 2524 2266 2592 ipsum
2313 2535 2588 2581 auctorem
2618 2527 2851 2595 habeat,
2900 2541 3160 2600 quatenus
3205 2533 3364 2587 Pater
3390 2533 3509 2602 ejus
3552 2545 3671 2590 est:

2096 2631 2193 2668 nos
2221 2626 2396 2670 autem
2420 2634 2603 2672 sumus
2623 2619 2842 2686 Christi,
2872 2623 2993 2691 quia
3020 2623 3087 2676 ab
3108 2623 3224 2691 ipso
3250 2625 3454 2678 conditi
3475 2641 3673 2681 sumus.

2096 2708 2151 2763 Si
2200 2709 2272 2762 illi
2322 2721 2445 2764 sunt
2491 2713 2688 2777 vestri,
2733 2714 2937 2784 inquit,
2967 2731 3064 2770 cur
3109 2715 3284 2770 facitis
3309 2720 3672 2786 contrarium,

2095 2799 2220 2853 dum
2249 2800 2315 2855 ab
2342 2801 2471 2870 ipsis
2497 2805 2947 2872 cognominamini
2974 2846 2988 2867 ,
3021 2821 3124 2862 non
3152 2824 3180 2861 a
3209 2805 3428 2863 Christo
3454 2819 3508 2864 et
3534 2811 3676 2865 Deo?

2100 2890 2272 2960 (Cap.
2324 2892 2402 2963 4.)
2450 2894 2501 2948 1.
2551 2895 2640 2949 Sic
2689 2913 2782 2950 nos
2821 2898 3068 2951 existimet
3118 2901 3266 2953 homo
3320 2909 3374 2953 ut
3428 2903 3676 2958 ministros

2096 2981 2314 3050 Christi,
2355 2994 2402 3038 et
2441 2986 2810 3055 dispensatores
2847 2990 3196 3058 mysteriorum
3236 2989 3352 3046 Dei.
3396 2991 3675 3064 Postquam

2098 3074 2306 3130 illorum
2358 3080 2716 3147 arrogantiam
2763 3079 3058 3148 depressit,
3101 3081 3222 3137 vide
3260 3084 3372 3152 jam
3413 3086 3674 3154 quomodo

2097 3166 2214 3220 illos
2243 3178 2450 3222 recreet
2487 3169 2671 3224 dicens
2702 3189 2714 3224 :
2751 3171 2817 3226 Ut
2845 3173 3100 3226 ministros
3127 3175 3333 3230 Christi.
3376 3177 3454 3232 Ne
3482 3179 3672 3248 itaque,

2098 3258 2261 3313 misso
2286 3259 2507 3313 Paulino
2529 3302 2542 3325 ,
2567 3275 2596 3314 a
2621 3261 2880 3316 ministris
2899 3272 2954 3318 et
2975 3263 3186 3318 famulis
3207 3281 3406 3322 nomen
3427 3271 3670 3338 accipias.

2100 3349 2506 3419 Dispensatores
2541 3362 2722 3407 autem
2768 3354 2938 3422 dixit,
2968 3358 3258 3413 ostendens
3299 3375 3406 3414 non
3436 3364 3674 3416 omnibus

2098 3442 2212 3498 haec
2243 3443 2416 3498 danda
2463 3460 2584 3500 esse
2605 3487 2620 3512 ,
2665 3446 2757 3500 sed
2788 3448 2981 3516 quibus
3027 3461 3271 3518 Oportet,
3300 3462 3356 3506 et
3399 3454 3590 3523 quibus
3615 3470 3672 3510 ea

2097 3544 2220 3590 Sunt
2243 3536 2621 3606 dispensanda.
2649 3537 2704 3592 2.
2742 3537 2839 3591 Hic
2857 3540 2971 3609 jam
2993 3543 3238 3609 quaeritur
3261 3544 3392 3596 inter
3415 3544 3674 3613 dispensa-

2097 3638 2226 3682 tores
2267 3637 2319 3682 ut
2364 3629 2530 3697 ﬁdelis
2572 3631 2684 3700 quis
2733 3631 3034 3684 inveniatur.
3069 3632 3123 3686 Id
3147 3643 3263 3696 est,
3313 3650 3381 3690 ne
3407 3652 3527 3704 qua:
3557 3647 3675 3692 sunt

2100 3720 2309 3774 Domini
2352 3721 2454 3775 sibi
2495 3733 2754 3792 usurpet,
2787 3739 2887 3778 nec
2933 3724 3033 3778 sibi
3078 3734 3346 3796 tamquam
3373 3727 3590 3782 d0n.ino
3615 3745 3672 3784 ea

2096 3812 2367 3876 vindicet,
2397 3812 2489 3868 sed
2519 3823 2575 3867 ut
2600 3814 2940 3883 diSpensator
2971 3816 3059 3870 illa
3089 3827 3260 3872 curet.
3293 3819 3674 3888 Dispensatoris

2097 3905 2239 3958 enim
2285 3915 2402 3969 εει,
2451 3919 2512 3958 ea
2563 3920 2683 3974 qure
2727 3905 2831 3960 sibi
2857 3906 3060 3960 credita
3103 3917 3228 3963 sunt
3255 3909 3424 3978 probe
3449 3910 3672 3965 admini-

2097 4007 2270 4052 strare
2290 4037 2304 4061 ,
2347 4010 2448 4051 nec
2474 4011 2594 4065 qnte
2619 3997 2818 4051 domini
2845 4007 2969 4052 sunt
3004 4013 3098 4052 sua
3127 4000 3306 4056 dicere
3330 4017 3344 4066 ;
3375 4001 3469 4057 sed
3497 4013 3673 4056 contra

2097 4105 2217 4160 quae
2271 4096 2397 4143 sunt
2431 4103 2561 4154 sua,
2617 4088 2820 4143 domini
2875 4090 3076 4146 dicere.
3134 4090 3511 4163 Unusquisque
3565 4093 3674 4148 hac

2097 4179 2337 4249 cogitans
2357 4221 2372 4246 ,
2403 4181 2514 4234 sive
2541 4180 2752 4235 dicendi
2781 4179 3087 4236 facultatem
3117 4183 3311 4238 habeat
3330 4224 3345 4248 ,
3386 4185 3499 4239 sive
3525 4199 3675 4255 pecco

2099 4273 2215 4328 nias
2235 4315 2249 4338 ,
2279 4273 2419 4344 quod
2449 4289 2643 4342 nempe
2675 4289 2762 4328 res
2789 4275 2994 4329 Domini
3023 4276 3124 4330 sibi
3155 4277 3373 4332 credita:
3401 4279 3542 4344 sint,
3572 4295 3670 4334 non

2097 4374 2279 4419 autem
2329 4379 2476 4433 suat,
2523 4381 2591 4420 ne
2637 4365 2756 4420 illas
2799 4382 2963 4436 penes
3007 4383 3066 4422 se
3103 4369 3331 4423 retineat
3368 4386 3540 4440 neque
3575 4371 3671 4426 sibi

2098 4456 2401 4520 adscribat,
2449 4455 2542 4512 sed
2593 4457 2702 4511 Deo
2747 4459 2926 4512 omnia
2966 4459 3211 4529 largienli
3264 4461 3384 4516 illas
3433 4474 3672 4532 acceptas

2098 4548 2316 4603 referat.
2350 4546 2441 4602 Vis
2471 4547 2654 4602 videre
2696 4547 2883 4604 ﬁdeles
2924 4549 3368 4619 dispensatores?
3390 4553 3526 4607 Audi
3553 4553 3671 4623 quid

2099 4639 2241 4694 dicat
2269 4640 2456 4694 Petrus
2488 4657 2501 4692 :
2537 4640 2675 4704 Quid
2701 4657 2792 4694 nos
2819 4643 3068 4708 respicitis
3093 4644 3240 4712 quasi
3268 4646 3478 4715 propria
3504 4646 3672 4698 virtute

2099 4740 2190 4785 aut
2228 4732 2424 4801 pietate
2474 4732 2735 4802 fecerimus
2774 4733 2908 4785 hunc
2959 4733 3220 4787 ambulare
3257 4736 3409 4804 (Act.
3439 4736 3494 4790 5.
3529 4736 3670 4797 l2)?

2100 4835 2156 4880 et
2181 4824 2430 4880 Cornelio
2454 4824 2668 4880 dicebat
2709 4824 2810 4896 (a)
2843 4843 2854 4874 :
2886 4823 2955 4878 Et
3002 4842 3092 4879 nos
3138 4827 3317 4880 iisdem
3364 4828 3669 4897 passionibus

2100 4917 2304 4971 obnoxii
2346 4917 2571 4970 homines
2607 4933 2780 4971 sumus
2821 4915 2969 4986 (Act.
3003 4917 3090 4972 14.
3120 4917 3188 4972 15
3212 4918 3270 4988 );
3307 4926 3362 4973 et
3403 4916 3472 4973 ad
3519 4917 3668 4973 Chri-

2101 5019 2241 5064 stum
2274 5027 2287 5064 :
2319 5007 2452 5063 Ecce
2504 5007 2800 5078 reliquimus
2856 5010 3026 5062 omnia
3077 5018 3124 5062 et
3179 5011 3373 5081 sequuti
3424 5027 3596 5064 sumus
3628 5019 3670 5061 te

2103 5103 2330 5175 (Matth.
2375 5104 2461 5158 l9.
2500 5102 2568 5156 27
2591 5102 2633 5172 ).
2694 5103 2759 5156 Et
2811 5101 3007 5156 Paulus
3061 5118 3181 5156 cum
3239 5102 3504 5169 dixisset,
3551 5101 3669 5156 Plus

2099 5213 2250 5267 quam
2299 5212 2468 5250 omnes
2515 5195 2772 5260 laboravi,
2824 5194 3099 5264 subiunxit
3129 5211 3144 5248 :
3172 5193 3294 5249 Non
3333 5213 3425 5266 ego
3476 5207 3662 5258 autem,

2163 5393 2182 5425 ί
2209 5399 2326 5454 neg.
2349 5394 2421 5444 sic
2441 5392 2586 5443 ell’ert
2607 5393 2734 5444 hunc
2756 5393 3216 5460 locum..._qermana
3238 5396 3432 5460 proles:
3448 5400 3668 5447 mundiu-

2099 5468 2192 5517 que
2214 5468 2308 5523 non
2329 5463 2399 5506 est
2421 5463 2600 5517 noster,
2625 5465 2674 5506 ut
2693 5464 2908 5508 nostrum
2937 5471 3077 5522 opus,
3096 5459 3182 5509 sed
3205 5459 3255 5509 in
3283 5467 3514 5523 quantm
3532 5460 3668 5511 nostri

2099 5531 2248 5568 causa
2270 5518 2425 5628 flictus
2448 5523 2534 5568 est.
2967 5518 2978 5522 '
3295 5518 3305 5523 '

2156 5579 2237 5642 7(a)
2256 5640 2264 5642 _
2318 5581 2362 5628 ic
2372 5581 2518 5628 citata
2533 5581 2682 5630 verba
2699 5594 2795 5629 non
2808 5581 3034 5632 Cornelio
3048 5582 3173 5632 dicta
3189 5582 3330 5633 fuere
3342 5597 3369 5632 a
3384 5584 3563 5641 Petro;
3584 5584 3665 5633 sed

2098 5655 2126 5690 a
2150 5640 2518 5706 PauloLystris,
2543 5645 2605 5691 iis
2626 5646 2709 5706 qui
2734 5645 2962 5706 Barnaba:
2987 5651 3038 5694 et
3061 5646 3155 5694 sibi
3183 5655 3234 5696 ut
3255 5645 3352 5695 dits
3388 5640 3566 5698 hostias
3585 5659 3666 5696 III-

2100 5702 2335 5815 ιὶὶηοὶῗὲιῖὲ
2349 5702 2505 5816 (ἔξω.
2533 5707 2616 5754 Hic
2637 5702 2868 5757 memoria
2890 5705 3069 5758 labitur
3085 5706 3472 5773 Chrysostomus,
3500 5710 3584 5758 uisi
3606 5709 3664 5758 sit

2139 5779 2183 5815 ia
2399 5779 2510 5816 .rte.

2139 5779 2264 5815 tatus
2285 5779 2335 5815 ω
2357 5779 2440 5817 ser
2441 5779 2510 5817 lC.
