3838 6214
214 270 286 330 33
1326 267 1392 323 IN
1433 267 1650 325 EPIST.
1691 268 1712 324 1
1747 267 1838 323 AD
1869 267 2028 328 COR.
2057 271 2293 328 HOMIL.
2334 273 2404 333 Χ.
3057 273 3083 298 ⁸
3412 283 3486 339 86

284 386 391 440 Καὶ
442 386 558 450 πῶς
599 384 664 440 ἂν
717 385 804 450 είη
861 385 960 456 τὴν
1009 383 1200 453 σοφίαν
1233 385 1434 456 ταύτην
1467 382 1791 449 ἀποθέσθαι,

1902 384 2063 455 χάριν
2089 384 2300 442 ἔλαϐον.
2367 387 2508 441 Ἀλλ’
2558 388 2747 460 ἐπειδὴ
2776 389 2998 462 ἔμελλον
3027 393 3124 448 καὶ
3165 392 3320 448 αὐτοὶ
3345 411 3483 448 καυ-

212 473 372 544 φησί;
411 473 504 542 Μὴ
547 474 891 546 κεχρημένον
922 485 947 513 ει
981 472 1160 526 αὐτῶν
1197 475 1308 536 τοῖς
1339 473 1628 543 δόγμασιν.
1660 468 1793 524 Εἶτα
1899 473 2121 544 χᾶσθαι,
2165 475 2254 528 διά
2281 475 2444 530 τοῦτο
2483 478 2817 547 προεξέκοψε
2851 481 2945 534 καὶ
2972 481 3130 536 τοῦτο
3161 482 3222 535 τὸ
3246 482 3481 552 νόσημα,

209 563 392 634 ἐπειδὴ
438 562 614 626 οὕτως
663 563 831 632 αὐτῆς
879 562 1123 632 σφοδρῶς
1169 563 1472 634 ἀποστῆναι
1505 561 1782 622 ἐκέλευσε,

207 653 318 705 καὶ.
348 651 445 722 τὴν
490 650 668 705 αἰτίαν
718 651 902 720 τίθησι
956 650 1163 719 λέγων*
1217 651 1279 704 Ἠ
1319 649 1429 720 γὰρ
1461 651 1649 719 σοφία
1681 649 1788 703 τοῦ

207 739 438 807 κόσμου
459 739 673 792 τούτου
689 739 882 807 μωρία
909 737 1070 807 παρὰ
1094 735 1174 802 τῷ
1204 736 1328 803 Θεῷ
1354 737 1546 790 ἐστιν.
1573 737 1647 788 Οὐ
1679 735 1788 806 γάρ

207 826 368 896 μόνον
392 825 542 880 οὐδὲν
573 826 838 887 συντελεῖ,
871 825 1007 879 ἀλλά
1036 826 1128 879 καὶ
1155 824 1459 896 ἐμποδίζει.
1485 827 1578 877 Δεῖ
1609 825 1788 876 τοίνυν

203 916 373 984 αὐτῆς
427 916 746 985 ἀποστῆναι.
779 914 872 970 ἅτε
911 914 1272 986 βλαπτούσης.
1342 915 1506 984 Ὁρᾷς
1557 913 1674 976 πῶς
1723 913 1787 964 ἑκ

163 1002 519 1075 ,περιουσίας
565 1005 765 1074 ἤνεγκε
801 1003 870 1056 τά
917 1005 1236 1074 νικητήρια,
1282 1003 1570 1066 ἀποδείξας
1616 1001 1690 1064 ὡς
1723 1002 1784 1054 06

203 1090 365 1160 μόνον
389 1092 534 1160 ἡμᾶς
563 1092 712 1146 οὐδὲν
739 1091 959 1160 ὠφελεῖ,
989 1089 1124 1145 ἀλλά
1147 1090 1240 1145 καὶ
1263 1090 1638 1155 ἑναντιοῦται;
1675 1089 1785 1142 Καὶ

199 1177 320 1230 οὐδὲ
365 1180 486 1240 ταῖς
527 1177 759 1242 οἰκείαις
809 1179 1060 1248 ἀρκεῖται
1101 1179 1493 1244 κατασκευαῖς,
1525 1177 1661 1230 ἀλλά
1691 1178 1784 1230 καὶ

199 1265 503 1336 μαρτυρίαν
546 1269 792 1335 ἐπήγαγε
827 1266 1008 1330 πάλιν,
1040 1265 1214 1333 λέγων
1235 1283 1248 1296 ·
1281 1265 1617 1334 Γέγραπται
1650 1264 1779 1334 γάρ·

210 1352 271 1404 ’0
315 1353 736 1420 δρασσόμενος
777 1354 917 1420 τοὺς
968 1355 1202 1422 σοφοὺς
1230 1354 1298 1407 ὲν
1336 1352 1407 1422 τῇ
1447 1353 1783 1420 πανουργίᾳ

193 1442 412 1497 αὐτῶν.
459 1442 539 1512 Τῇ
574 1445 940 1514 πανουργίᾳ,
987 1445 1288 1508 τουτέστιν,
1329 1446 1386 1496 ἑν
1416 1446 1530 1506 τοῖς
1559 1443 1780 1504 οἰκείοις

188 1531 376 1596 ὅπλοις
405 1533 600 1594 αὐτοὺς
655 1532 1030 1604 χειρούμενος.
1094 1532 1314 1604 Ἐπειδὴ
1355 1532 1462 1604 γάρ
1496 1534 1562 1602 τῇ
1615 1530 1780 1600 σοφίᾳ

192 1622 492 1692 ἐχρήσαντο
537 1623 618 1685 εἰς
659 1621 721 1675 τὸ
768 1622 842 1694 μὴ
886 1621 1147 1693 δεηθῆναι
1191 1621 1286 1675 τοῦ
1319 1620 1477 1685 Θεοῦ,
1508 1621 1574 1674 δι’
1604 1620 1778 1690 αὐτῆς

188 1709 394 1780 ταύτης
443 1710 669 1781 ῆλεγξεν
715 1711 932 1775 αὐτοὺς,
983 1712 1065 1764 ὅτι
1124 1711 1359 1782 μάλιστα
1417 1709 1630 1762 δέονται
1681 1707 1776 1762 τοῦ

187 1797 345 1853 Θεοῦ.
385 1798 528 1862 Πῶς,
577 1800 672 1851 καὶ
698 1799 806 1851 τίνι
837 1799 1056 1869 τρόπῳ;
1102 1800 1226 1852 ’Ότι
1269 1799 1446 1870 μωροὶ
1489 1798 1774 1867 γενόμενοι

185 1885 250 1938 δι’
282 1886 475 1956 αὐτῆς,
511 1887 736 1949 εἰκότως
780 1886 846 1939 δι’
876 1887 1050 1958 αὐτῆς
1089 1887 1356 1942 ἑάλωσαν.
1391 1887 1454 1940 Οἱ
1485 1885 1594 1958 γὰρ
1621 1885 1774 1956 νομί-

171 1976 370 2039 ’ζοντες
425 1976 498 2045 μὴ
551 1975 757 2028 δεῖσθαι
805 1976 964 2038 Θεοῦ,
1001 1979 1081 2040 εἰς
1117 1976 1389 2046 τοσαύτην
1429 1976 1773 2045 κατέστησαν

183 2065 396 2133 χρείαν,
433 2064 509 2128 ὡς
537 2065 734 2119 ἀλιέων
766 2066 859 2119 καὶ
894 2067 1278 2137 ἀγραμμάτων
1307 2066 1561 2128 ἐλάττους
1593 2065 1769 2136 φανῆ-

183 2170 289 2213 ναι,
331 2155 428 2206 καὶ
461 2153 640 2207 αὐτῶν
686 2153 890 2208 τούτων
935 2155 1194 2226 δεηθῆναι
1232 2155 1455 2209 λοιπόν’
1492 2154 1580 2208 διὰ
1612 2153 1769 2208 τοῦτό

183 2255 384 2309 φησιν’
427 2241 516 2293 Ἐν
570 2242 636 2310 τῇ
673 2242 979 2313 πανουργίᾳ
1025 2242 1206 2296 αὐτῶν
1245 2236 1388 2296 εἷλεν
1441 2242 1657 2306 αὐτούς.
1695 2243 1768 2296 Τὸ

181 2328 283 2396 μὲν
308 2328 419 2399 γάρ
449 2330 646 2391 εἰπεῖν,
689 2330 912 2383 Ἀπολῶ
934 2329 1049 2398 τὴν
1076 2331 1324 2399 σοφίαν,
1350 2329 1488 2400 πρὸς
1513 2331 1574 2383 τὸ
1600 2331 1767 2402 μηδὲν

181 2412 452 2482 χρήσιμον
499 2415 816 2482 εἰσαγαγεῖν
864 2413 1100 2486 εῖρηται’
1158 2415 1218 2467 τὸ
1263 2414 1340 2479 δὲ,
1396 2415 1460 2468 '0
1503 2414 1766 2482 δρασσό-

173 2515 359 2567 μενος
383 2499 526 2566 τοὺς
549 2501 784 2570 σοφοὺς
815 2501 884 2554 ἐν
907 2501 981 2568 τῇ
1011 2502 1350 2572 πανουργίᾳ
1371 2502 1593 2568 αὐτῶν,
1625 2503 1764 2574 πρὸς

178 2587 237 2641 τὸ
257 2587 432 2656 δεῖξαι
457 2589 552 2643 τοῦ
581 2589 719 2644 Θεοῦ
745 2590 846 2661 τὴν
871 2589 1126 2659 δύναμιν.

244 2766 310 2836 β’.
345 2760 483 2820 Εἶτα
504 2767 708 2822 καὶτὸν
728 2768 926 2838 τρόπον
955 2769 1101 2838 λέγει
1121 2769 1242 2824 καθ’
1274 2770 1333 2823 ὃν
1364 2764 1531 2838 εἷλεν,
1567 2771 1762 2844 ἑτέραν

176 2854 437 2926 προσθεὶς
481 2856 818 2926 μαρτυρίαν“
854 2858 1072 2924 Κύριος
1108 2857 1236 2928 γάρ,
1274 2859 1430 2928 φησὶ,
1481 2859 1762 2929 γινώσκει

175 2942 315 3008 τοὺς
345 2943 783 3012 διαλογισμοὺς
811 2942 932 2998 τῶν
959 2944 1188 3014 σοφῶν,
1232 2945 1320 2999 ὅτι
1353 2947 1473 3001 εἰσὶ
1497 2948 1758 3018 μάταιοι.

176 3031 347 3084 Ὅταν
375 3030 436 3084 δὲ
469 3033 501 3102 ή
538 3033 698 3100 σοφία
729 3034 762 3103 ἡ
792 3033 1020 3102 ἄπειρος
1049 3033 1224 3088 ταῦτα
1269 3035 1397 3106 περὶ
1425 3036 1606 3091 αὐτῶν
1654 3039 1761 3110 ψη-

175 3119 424 3191 φίζηται,
457 3121 551 3174 καὶ
587 3119 700 3192 [89.]
727 3121 1007 3195 ἀποφαίνῃ
1035 3122 1334 3188 τοιούτους,
1370 3126 1534 3178 ποίαν
1567 3126 1761 3197 ἑτέραν

174 3209 354 3278 ζητεῖς
384 3209 661 3275 ἀπόδειξιν
689 3211 791 3280 τῆς
821 3213 1056 3284 ἐσχάτης
1082 3213 1271 3276 ἀνοίας
1299 3213 1510 3278 αύτῶν;
1550 3215 1618 3268 Δί
1660 3217 1760 3287 μὲν

173 3297 280 3368 γάρ
307 3297 421 3350 τῶν
470 3297 777 3368 ἀνθρώπων
807 3299 1019 3370 κρίσεις
1051 3300 1321 3372 πολλαχοῦ
1352 3303 1757 3371 διαπίπτουσιν,

171 3386 204 3454 ἡ
237 3385 295 3438 δὲ
339 3384 438 3438 τοῦ
484 3384 619 3438 Θεοῦ
649 3385 828 3456 ψῆφος
863 3387 1102 3458 ἄληπτος
1153 3390 1247 3442 καὶ
1277 3389 1574 3455 ἀδέκαστος
1618 3411 1758 3446 παν-

171 3473 359 3542 ταχοῦ.
396 3474 608 3546 Στήσας
630 3475 811 3528 τοίνυν
836 3475 898 3528 τὸ
918 3477 1178 3546 τρόπαιον
1203 3475 1344 3531 οὕτω
1375 3479 1630 3552 λαμπρὸν
1657 3481 1760 3552 τῆς

171 3560 380 3615 ἄνωθεν
426 3562 682 3632 κρίσεως,
728 3565 1089 3636 καταφορικῷ
1112 3566 1138 3605 b
1171 3565 1356 3621 λοιπδν
1385 3568 1650 3640 κέχρηται
1679 3571 1759 3642 τῷ

169 3649 334 3722 λόγῳ,
365 3651 506 3722 πρὸς
533 3653 661 3715 τοὺς
693 3653 1031 3724 ἀρχομένους
1066 3655 1415 3725 ἀποστρέψας
1445 3658 1630 3721 αὐτὸν,
1664 3661 1758 3713 καὶ

169 3737 343 3807 λέγων
377 3739 550 3806 οὕτως
569 3758 582 3772 ·
621 3743 806 3797 Ὥστε
823 3742 1042 3812 μηδεὶς
1071 3743 1398 3814 καυχάσθω
1431 3746 1502 3799 ἐν
1531 3746 1756 3815 ἀνθρώ-

169 3840 345 3894 ποιςο
371 3845 385 3859 ⁸
422 3830 616 3885 πάντα
663 3833 773 3903 γὰρ
819 3831 984 3901 ὑμῶν
1009 3833 1160 3888 ἐστι.
1197 3836 1364 3889 Πάλιν
1397 3837 1490 3889 ἑπὶ
1532 3838 1591 3891 τὸ
1621 3838 1756 3910 πρό-

167 3933 322 3987 τερον
346 3917 594 3990 ἔρχεται,
617 3921 832 3984 δεικνὺς
858 3923 940 3974 ὅτι
961 3922 1081 3974 ούδὲ
1109 3923 1201 3976 ἐπὶ
1229 3925 1342 3988 τοῖς
1363 3928 1757 3994 πνευματικοῖς

167 4004 444 4074 ὀφείλουσι
496 4009 640 4078 μέγα
686 4012 924 4081 φρονεῖν,
986 4011 1082 4064 ἀτε
1150 4011 1299 4064 οὐδὲν
1359 4012 1492 4083 παρ’
1549 4013 1755 4067 ἑαυτῶν

168 4094 406 4164 ἔχοντες.
437 4094 604 4149 Ὅταν
631 4092 724 4150 οὖν
761 4099 794 4168 ἡ
833 4097 932 4168 μὲν
965 4097 1165 4162 ἔξωθεν
1203 4099 1365 4168 σοφία
1414 4100 1654 4173 βλαϐερά
1695 4096 1752 4173 ᾖ,

164 4183 232 4235 τὰ
264 4182 323 4236 δὲ
353 4183 706 4253 πνευματικά
752 4185 827 4255 μὴ
859 4185 990 4258 παρ’
1021 4186 1176 4256 ὑμῶν
1206 4183 1239 4262 ᾖ
1278 4187 1556 4259 δεδομένα,
1589 4189 1754 4245 πόθεν

167 4269 310 4338 ἔχεις
362 4271 708 4342 καυχᾶσθαι;
751 4273 863 4325 Καὶ
909 4273 1002 4327 ἑπὶ
1027 4275 1127 4344 μὲν
1153 4275 1253 4345 τῆς
1301 4275 1500 4340 ἔξωθεν
1536 4279 1750 4350 σοφίας,

166 4357 392 4425 Μηδεὶς
422 4359 642 4412 ἑαυτὸν
661 4359 1032 4429 ἐξαπατάτω,
1057 4363 1247 4434 φησὶν,
1279 4364 1465 4437 ἐπειδὴ
1497 4367 1592 4420 ἐπὶ
1610 4367 1752 4439 πρά-

166 4461 336 4515 γματι
377 4447 644 4516 ἐφρόνουν
710 4447 989 4521 βλαϐερῷ·
1038 4449 1273 4506 ἑνταῦθα
1324 4452 1402 4518 δὲ,
1453 4455 1643 4526 ἐπειδὴ
1690 4456 1753 4510 τὸ

167 4536 400 4604 πρᾶγμα
437 4534 710 4604 ὠφέλειαν
731 4536 867 4607 ἔχει,
900 4537 1090 4609 μηδεὶς
1113 4541 1428 4611 καυχάσθω.
1456 4543 1567 4596 Καὶ
1611 4545 1751 4615 ἠμε-

169 4621 404 4693 ρώτερον
424 4624 691 4695 κέχρηται
708 4624 786 4696 τῷ
809 4625 972 4698 λόγῳ.
997 4625 1202 4680 Πάντα
1223 4631 1332 4698 γὰρ
1356 4629 1523 4699 ὑμῶν
1542 4632 1714 4686 ἐστιν
1732 4648 1746 4662 ·

166 4713 283 4767 εἴτε
334 4714 580 4781 Παῦλος
608 4716 729 4770 alte
771 4717 1073 4783 Ἀπολλὼς
1099 4718 1220 4773 εἴτε
1244 4719 1474 4790 Κηφᾶς,
1497 4723 1618 4777 εἴτε
1646 4724 1748 4778 κό-

168 4820 338 4873 σμος,
372 4806 496 4860 εἴτε
536 4805 649 4874 ζωὴ
676 4807 797 4860 εἴτε
829 4805 1106 4873 θάνατος,
1137 4808 1258 4864 εἴτε
1283 4810 1584 4866 ἐνεστῶτα
1629 4815 1749 4869 εἴτε

161 4893 485 4960 μέλλοντα,
523 4895 724 4948 πάντα
749 4894 918 4966 ὑμῶν
945 4896 1136 4963 ἐστιν,
1157 4897 1326 4967 ὑμεῖς
1367 4899 1436 4953 δὲ
1463 4903 1745 4970 Χριστοῦ,

163 4981 416 5048 Χριστὸς
442 4981 511 5035 δὲ
533 4983 703 5038 Θεοῦ.
747 4983 964 5056 Ἐπειδὴ
990 4984 1099 5056 γὰρ
1144 4987 1350 5058 σφόδρα
1391 4989 1569 5043 αὐτῶν
1613 4993 1746 5046 καθ-

165 5069 355 5138 ήψατο,
393 5071 554 5125 πάλιν
597 5071 794 5136 αὐτοὺς
846 5073 1168 5128 ἀνακτᾶται.
1203 5076 1313 5128 Καὶ
1340 5075 1599 5148 ἀνωτέρω
1646 5081 1745 5149 μὲν

166 5156 333 5227 ἑλεγε,
363 5161 655 5230 Συνεργοί
683 5161 872 5230 ἐσμεν
898 5158 1007 5212 τοῦ
1036 5160 1205 5226 Θεοῦ,
1238 5162 1332 5215 καί
1358 5161 1424 5215 δι’
1453 5165 1656 5231 ἑτέρων
1686 5167 1742 5220 δὲ

165 5250 421 5306 πλειόνων
441 5254 646 5318 αὐτοὺς
668 5253 1093 5326 παρεμυθήσατο
1107 5273 1120 5286 ·
1151 5255 1244 5309 καὶ
1261 5257 1490 5310 ἐνταῦθα
1509 5259 1565 5312 δέ
1585 5277 1740 5332 φησι,

165 5339 363 5392 Πάντα
403 5339 574 5411 ὑμῶν
620 5343 773 5408 ἐστι,
822 5342 1104 5416 καθαιρῶν
1133 5344 1224 5398 τὸν
1271 5343 1437 5416 τῦφον
1467 5347 1574 5401 τῶν
1600 5349 1744 5403 διδα-

167 5427 396 5495 σκάλων,
433 5431 528 5484 καὶ
555 5431 772 5496 δεικνὺς
795 5431 877 5484 ὃτι
906 5432 967 5484 06
999 5431 1161 5502 μόνον
1189 5433 1341 5487 οὐδὲν
1371 5435 1554 5498 αὐτοῖς
1583 5438 1740 5508 χαρί-

168 5512 367 5580 ζονται,
397 5518 509 5571 ἀλλ’
545 5519 630 5572 ὅτι
659 5520 753 5572 καὶ
779 5514 923 5574 οὗτοι
953 5519 1184 5584 ἐκείνοις
1232 5522 1391 5593 χάριν
1416 5524 1559 5594 ἔχειν
1591 5526 1740 5594 ὀφείο

165 5601 337 5658 λουσι·
369 5607 456 5660 διὰ
504 5608 615 5680 γὰρ
645 5609 843 5673 αὐτοὺς
873 5608 1103 5663 τοιοῦτοι
1135 5612 1443 5679 γεγόνασιν,
1478 5613 1615 5669 ἁλλά
1645 5615 1741 5671 καὶ

227 5822 529 5902 ἒίςερβέναιαν
549 5828 613 5902 μὴ
637 5828 959 5902 κεκρηεεένειιγε
988 5885 1000 5902 .
1024 5824 1058 5902 ι’,
1079 5828 1225 5902 ηεξ-,ν
1259 5837 1604 5902 καταφορικῶς,
1630 5851 1742 5902 quae

167 5878 309 5934 lectio
329 5878 423 5938 ﬁon
442 5878 740 5950 sper‘néndi.‘
776 5878 831 5922 "c
858 5885 1122 5954 Legebalur
1141 5878 1461 5954 ἔνθρωπίνόιςῖ

1900 559 2088 614 εἰπών·
2125 561 2395 630 Ἐκάστῳ
2423 564 2500 630 ὡς
2529 568 2561 618 ό
2588 565 2732 632 Θεὸς
2760 566 2961 622 ἔδωκε·
2987 569 3101 631 καὶ,
3127 569 3209 622 ὅτι
3252 569 3306 621 '0
3338 570 3484 636 Θεὸς

1896 649 2196 716 ηὕξανεν’
2254 652 2340 706 ἵνα
2400 655 2535 724 μήτε
2590 657 2790 709 ἑκεῖνοι
2835 656 2911 721 ὼς
2961 658 3296 728 παρέχοντες
3340 659 3482 728 μέγα

1897 737 2157 806 φρονῶσι,
2213 740 2352 811 μήτε
2395 737 2540 794 οῦτοι
2583 743 2671 796 διά
2720 744 2782 796 τὸ
2827 743 3081 806 ἀκοῦσαι,
3139 746 3220 797 ὅτι
3275 745 3482 798 Πάντα

1895 822 2063 891 ὑμῶν
2108 825 2260 889 ἐστι,
2309 829 2471 881 πάλιν
2501 830 2860 900 ἑπαίρωνται.
2900 833 3008 892 Καὶ
3037 831 3146 902 γάρ
3191 833 3239 885 εἰ
3287 835 3378 885 καὶ
3409 833 3480 884 δι’

1895 908 2059 980 ὑμᾶς,
2100 913 2215 966 ἀλλ’
2247 915 2351 967 ὑπὸ
2397 915 2490 969 τοῦ
2533 917 2668 970 Θεοῦ
2715 919 2777 972 τὸ
2813 921 2920 972 πᾶν
2950 919 3260 989 γεγένηται.
3316 920 3388 972 Σὺ
3419 919 3476 971 δέ

1897 1015 1986 1067 μοι
2033 1001 2245 1064 σκόπει,
2283 1003 2400 1066 πῶς
2449 1005 2610 1074 μέχρι
2656 1007 2842 1070 τέλους
2883 1007 3158 1078 παρέμενε
3189 1007 3250 1059 τὸ
3281 1006 3476 1060 ἑαυτοῦ

1892 1085 2061 1157 ὄνομα
2115 1090 2208 1143 καὶ
2254 1091 2314 1143 τὸ
2348 1093 2556 1162 Πέτρου
2605 1094 2904 1157 ὑποτιθείς.
2946 1096 3010 1146 Τί
3040 1095 3095 1147 δέ
3137 1097 3304 1157 ἑστιν,
3339 1096 3478 1148 Εἴτε

1891 1173 2183 1242 miratae;
2219 1178 2342 1231 ’Ότι
2377 1177 2480 1232 κᾶν
2514 1180 2924 1250 ἀποθνήσκωσι,
2963 1181 3029 1233 δι’
3064 1181 3205 1251 ὑμᾶς
3235 1182 3469 1252 ἀποθνή-

1892 1281 2101 1330 σκουσι,
2140 1267 2544 1332 κινδυνεύοντες
2574 1270 2714 1338 ὑπὲρ
2741 1271 2839 1339 τῆς
2865 1271 3139 1340 ὑμετέρας
3168 1272 3464 1342 σωτηρίας.

1901 1349 2064 1421 Ὁρᾷς
2095 1355 2212 1418 πῶς
2240 1355 2399 1408 πάλιν
2430 1356 2537 1408 τῶν
2577 1357 2676 1425 μὲν
2708 1343 2966 1426 μαθητῶν
3003 1358 3216 1410 καθεῖλε
3246 1358 3305 1410 τὸ
3337 1359 3470 1428 φρό⁴

1889 1453 2056 1506 νημα,
2100 1440 2209 1493 τῶν
2261 1442 2316 1495 δὲ
2353 1443 2692 1497 διδασκάλων
2743 1444 2974 1514 ἑπῆρεν;
3021 1443 3107 1506 Ὠς
3137 1443 3245 1515 γὰρ
3283 1445 3472 1498 παισὶν

1885 1525 2132 1592 εύγενέσι
2182 1530 2568 1598 παιδαγωγοὺς
2620 1531 2804 1600 ἔχουσι
2852 1533 2946 1584 καὶ
3001 1531 3252 1602 μέλλουσι
3289 1533 3468 1586 πάντα

1886 1612 2264 1685 κληρονομεῖν,
2320 1617 2463 1671 οὕτω
2512 1619 2841 1686 διαλέγεται.
2904 1621 3061 1672 Ἔστι
3115 1621 3208 1672 καί⁹
3266 1621 3468 1692 ἑτέρως

1885 1701 2077 1768 εἰπεῖν,
2102 1704 2182 1756 ὃτι
2212 1705 2305 1757 καὶ
2328 1707 2354 1757 6
2379 1706 2472 1758 τοῦ
2510 1707 2680 1776 Ἀδὰμ
2707 1707 2934 1768 θάνατος
2958 1707 3024 1759 δι’
3053 1708 3220 1777 ἡμᾶς.
3251 1707 3334 1760 ἵνα
3363 1725 3467 1760 σω·

1883 1790 2286 1861 φρονισθῶμεν,
2312 1793 2408 1845 καὶ
2431 1796 2458 1846 6
2479 1793 2574 1846 τοῦ
2598 1794 2856 1865 Χριστοῦ,
2877 1795 2964 1848 ἵνα
2982 1794 3262 1866 σωθῶμεν.
3282 1795 3463 1865 Ὑμεῖς

1880 1874 1951 1928 δὲ
1988 1877 2272 1944 Χριστοῦ,
2301 1880 2556 1947 Χριστὸς
2587 1880 2655 1932 δὲ
2684 1881 2852 1935 Θεοῦ.
2902 1881 3135 1952 Ἑτέρως
3169 1885 3328 1952 ἡμεῖς
3366 1883 3461 1936 τοῦ

1879 1964 2139 2033 Χριστοῦ,
2167 1967 2260 2019 καὶ
2280 1968 2485 2039 ἑτέρως
2511 1971 2538 2022 6
2565 1970 2798 2040 Χριστὸς
2829 1969 2924 2023 τοῦ
2951 1970 3108 2032 Θεοῦ,
3142 1973 3235 2022 καὶ
3260 1970 3464 2042 ἑτέρως

1879 2050 2037 2123 ἡμῶν
2068 2054 2096 2106 6
2124 2054 2350 2124 κόσμος.
2387 2057 2576 2126 Ἡμεῖς
2603 2057 2701 2127 μὲν
2725 2056 2833 2127 γὰρ
2863 2057 2958 2110 τοῦ
2979 2057 3235 2128 Χριστοῦ,
3269 2057 3343 2120 ὼς
3377 2060 3466 2128 ἕρ-

1877 2155 1972 2206 γον
1993 2155 2006 2169 °
2039 2142 2066 2193 6
2085 2141 2144 2194 δὲ
2164 2144 2398 2212 Χριστὸς
2421 2145 2514 2196 τοῦ
2541 2144 2786 2208 Θεοῦ,ῶς
2807 2146 3056 2215 γέννημα
3085 2147 3329 2216 γνήσιον,
3362 2146 3460 2216 οὐχ

1875 2229 1951 2289 ῶς
1978 2226 2159 2298 ἔργον,
2194 2228 2384 2301 ὥσπερ
2413 2231 2532 2284 οὐδὲ
2560 2232 2588 2284 6
2613 2234 2821 2302 κόσμος
2847 2233 3024 2304 ἡμῶν.
3045 2232 3207 2286 Ὥστε
3235 2235 3284 2287 εἰ
3318 2233 3460 2287 καὶά

1877 2316 2043 2388 μίαή
2094 2317 2260 2384 λέξις,
2315 2318 2454 2373 ἀλλά
2495 2320 2752 2392 διάφορος
2799 2324 2832 2390 ἠ
2881 2321 3077 2374 ἔννοια.
3142 2321 3328 2390 Ἦμῶν
3359 2321 3460 2392 μὲν

1872 2404 1982 2476 γὰρ
2012 2405 2041 2457 6
2086 2406 2312 2478 κόσμος,
2345 2408 2420 2472 ὡς
2469 2408 2535 2460 δι’
2565 2410 2715 2480 ἡμᾶς
2740 2410 2966 2478 γεγονός
2993 2422 3046 2448 θ’
3079 2410 3107 2462 6
3141 2409 3196 2463 δὲ
3224 2410 3460 2480 Χριστὸς

1870 2492 1966 2546 τοῦ
2017 2493 2174 2558 Θεοῦ,
2231 2495 2306 2559 ὼς
2349 2497 2512 2549 αὐτὸν
2559 2497 2732 2550 αἴτιον
2778 2498 2918 2567 ἔχων
2959 2497 3100 2551 κατά
3128 2498 3189 2551 τὸ
3237 2499 3458 2570 Πατέρα

1870 2575 2047 2633 εἰναι·
2087 2583 2247 2652 ἡμεῖς
2290 2582 2346 2635 δὲ
2399 2583 2493 2636 τοῦ
2522 2583 2639 2658 [85]
2683 2585 2943 2655 Χριστοῦ.
2995 2586 3070 2648 ὡς
3121 2585 3226 2638 ὑπὸ
3289 2585 3454 2639 αὐτοῦ

1869 2671 2436 2735 κατασκευασθέντες.
2469 2673 2530 2724 Εἰ
2559 2672 2614 2724 δὲ
2649 2676 2844 2726 ἐκεῖνοι
2870 2675 3043 2744 ὑμῶν,
3068 2675 3224 2743 φησί,
3250 2674 3303 2726 τί
3332 2675 3456 2725 τού-

1868 2757 2083 2808 ναντίον
2116 2759 2432 2829 ἐποιήσατε,
2468 2760 2651 2824 αὐτοῖς
2677 2762 3157 2832 ἑπονομαζόμενοι,
3194 2761 3308 2814 ἀλλ’
3334 2763 3454 2832 ούχί

1868 2843 1944 2913 τῷ
1976 2846 2194 2917 Χριστῷ
2238 2847 2332 2899 καὶ
2376 2847 2453 2918 τῷ
2486 2847 2640 2918 Θεῷ;
2689 2850 2889 2916 Οὕτως
2938 2850 3096 2919 ἡμᾶς
3125 2847 3456 2919 λογιζέσθω

1869 2930 2199 2999 ἅνθρωπος,
2234 2934 2316 3000 ὡς
2347 2935 2650 3004 ὑπηρέτας
2679 2939 2937 3005 λζοιστοῦ
2965 2939 3063 2991 καὶ
3100 2941 3453 3008 οἰκονόμους

1861 3021 2216 3088 μυστηρίων
2241 3023 2409 3076 Θεοῦ.
2447 3023 2664 3096 Ἐπειδὴ
2693 3026 2993 3079 κατέϐαλεν
3023 3027 3200 3080 αὐτῶν
3227 3030 3287 3079 τὸ
3321 3029 3453 3099 φρό-

1867 3125 2040 3178 νημα,
2091 3109 2192 3180 ὅρα
2243 3111 2360 3174 πῶς
2388 3111 2550 3164 πάλιν
2593 3113 2726 3165 αὐτὸ
2770 3115 3072 3168 ἀνακτᾶται
3099 3115 3304 3184 λέγων’
3355 3115 3453 3183 Ὠς

1867 3197 2172 3263 ὑπηρέτας
2198 3199 2477 3266 Χριστοῦ.
2510 3199 2602 3270 Μὴ
2637 3201 2816 3254 τοίνυν
2841 3202 2930 3254 τὸν
2957 3204 3238 3273 Δεσπότην
3269 3204 3450 3272 ἀφεὶς,

1867 3282 1978 3336 ἀπὸ
2011 3284 2119 3338 τῶν
2151 3285 2442 3357 ὑπηρετῶν
2489 3287 2656 3340 καλοῦ
2697 3291 2790 3341 καὶ
2843 3290 2951 3342 τῶν
2994 3291 3446 3360 διακονουμένων.

1835 3372 2232 3440 οἰκονόμους
2281 3373 2336 3426 δὲ
2387 3369 2531 3438 εἷπε,
2580 3375 2793 3439 δεικνὺς
2825 3377 2900 3440 ὼς
2929 3377 3027 3447 οὐχ
3068 3378 3273 3431 ἆπασιν
3308 3379 3451 3432 αὑτά

1866 3459 1972 3530 χρὴ
2004 3460 2227 3527 διδόναι,
2259 3461 2374 3515 ἀλλ’
2425 3458 2508 3526 οἷς
2541 3463 2642 3529 δεῖ,
2675 3464 2770 3517 καὶ
2816 3459 2896 3528 οἷς
2945 3465 3094 3531 ἀξιον
3122 3468 3445 3538 οἰκονομεῖν.

1873 3547 1943 3600 Ὃ
1975 3548 2044 3601 δὲ
2091 3549 2331 3613 λοιπὸν,
2373 3548 2624 3616 ζητεῖται
2663 3553 2735 3605 ἐν
2778 3553 2904 3618 τοῖς
2949 3555 3307 3622 οἰκονόμοις,
3348 3556 3451 3608 ἵνα

1866 3640 2086 3704 πιστός
2120 3657 2210 3703 τις
2233 3638 2467 3707 εὑρεθῇ.
2498 3640 2807 3702 Τουτέστιν,
2837 3640 2922 3692 ἵνα
2955 3641 3030 3711 μὴ
3059 3641 3129 3694 τά
3151 3642 3451 3696 δεσποτικά

1867 3727 2273 3798 σφετερίσηται,
2325 3727 2410 3782 ἵνα
2461 3727 2538 3798 μὴ
2579 3729 2656 3791 ὼς
2705 3727 2972 3799 δεσπότης
3011 3729 3187 3799 ἑαυτῷ
3222 3730 3447 3802 ἑκδικῇ,

1865 3814 1980 3868 ἀλλ’
2015 3814 2091 3877 ὡς
2122 3814 2408 3885 οἰκονόμος
2437 3815 2632 3886 διοικῇ.
2668 3815 2968 3885 Οἰκονόμου
3001 3816 3112 3887 γὰρ
3141 3817 3202 3869 τὸ
3224 3818 3447 3872 διοικεῖν

1862 3903 1932 3957 τὰ
1965 3903 2375 3974 ἑγχειρισθέντα
2413 3903 2594 3966 καλῶς
2616 3919 2630 3933 ’
2661 3903 2758 3973 ούχ
2787 3903 2948 3956 αὑτοῦ
2985 3903 3166 3973 λέγειν
3200 3901 3338 3960 εἰναι
3379 3909 3450 3960 τὰ

1863 3991 2182 4054 δεσποτικὰ,
2210 3992 2346 4045 ἀλλά
2370 3991 2682 4046 τούναντίον
2711 3991 2805 4046 τοῦ
2828 3992 3090 4046 δεσπότου
3127 3993 3196 4046 τὰ
3225 3995 3442 4049 ἑαυτοῦ.

1867 4078 2136 4143 Ἕκαστος
2164 4079 2336 4133 ταῦτα
2368 4081 2586 4144 ἑννοῶν,
2617 4081 2708 4133 καὶ
2729 4081 2756 4132 6
2784 4079 2942 4148 λόγον
2971 4081 3109 4150 ἔχων
3133 4083 3225 4135 καὶ
3253 4084 3282 4135 6
3312 4085 3446 4154 χρή-

1867 4184 2012 4238 ματα
2036 4166 2398 4238 κεκτημένος,
2429 4161 2538 4221 οἷον
2563 4168 2645 4221 ὅτι
2677 4167 2970 4239 ἐπιστεύθη
3001 4169 3314 4235 δεσποτικὰ,
3349 4171 3445 4224 καὶ

1862 4256 1964 4308 οὐκ
2006 4254 2152 4309 ἑστιν
2203 4255 2391 4322 αὑτοῦ,
2451 4257 2525 4326 μὴ
2577 4256 2854 4326 κατεχέτω
2892 4256 3030 4309 αὐτά
3067 4259 3199 4327 παρ’
3243 4259 3439 4330 ἑαυτῷ,

1864 4344 2004 4414 μήτε
2049 4343 2243 4397 ἑαυτοῦ
2275 4343 2674 4414 ἑπιῲηφιζέτω,
2711 4342 2849 4396 ἀλλά
2875 4343 2952 4415 τῷ
2993 4343 3112 4414 Θεῷ
3143 4344 3443 4413 λογιζέσθω

1861 4432 1939 4502 τῷ
1967 4432 2146 4486 πάντα
2169 4432 2450 4486 δεδωκότι.
2471 4431 2654 4496 Θέλεις
2687 4431 2814 4485 ἰδεῖν
2841 4433 3158 4502 οἰκονόμους
3183 4433 3440 4500 πιστούς;

1865 4522 2130 4576 ΙἈκουσον
2162 4522 2214 4576 τί
2246 4539 2410 4594 φησιν
2434 4523 2460 4574 ό
2492 4523 2695 4592 Πέτρος
2715 4537 2729 4552 ·
2770 4521 2831 4574 Τί
2861 4520 3005 4590 ἡμῖν
3032 4519 3440 4590 ἀτενίζετε,ὠς

1862 4609 1980 4677 ἰδίᾳ
2011 4607 2259 4678 δυνάμει
2304 4609 2340 4678 ἢ
2372 4609 2646 4675 εὐσεϐείᾳ
2677 4609 3036 4674 πεποιηκόσι
3063 4607 3167 4660 τοῦ
3197 4623 3440 4676 περιπα-

1857 4697 1986 4752 τεῖν
2011 4700 2231 4762 αὐτόν;
2257 4697 2364 4751 Καὶ
2396 4696 2473 4768 τῷ
2517 4695 2802 4767 Κορνηλίῳ
2835 4694 2891 4747 δὲ
2926 4693 3098 4763 ἔλεγε·
3127 4696 3236 4749 Καὶ
3270 4699 3439 4766 ἡμεῖς

1858 4785 2234 4857 ὁμοιοπαθεῖς
2272 4783 2416 4855 ὑμῖν
2461 4784 2649 4852 ἐσμεν
2672 4781 3002 4850 ἄνθρωποι·
3040 4784 3135 4835 καὶ
3166 4785 3304 4856 πρὸς
3344 4785 3436 4839 τὸν

1855 4877 2089 4950 Χριστὸν
2119 4878 2197 4932 δέ’
2259 4876 2405 4932 Ἰδοὺ
2446 4875 2768 4945 ἀφήκαμεν
2812 4874 3010 4927 πάντα
3045 4875 3143 4928 καὶ
3175 4876 3436 4944 ἠκολου-

1855 4967 2127 5036 θήσαμέν
2157 4982 2277 5020 σοι.
2308 4965 2418 5020 Καὶ
2444 4965 2472 5016 6
2492 4962 2701 5027 Παῦλος
2727 4963 2784 5016 δὲ
2814 4960 3004 5028 εἰπὼν,
3028 4964 3109 5017 ὅτι
3140 4966 3437 5032 Περισσά-

1855 5071 2028 5122 τερον
2046 5053 2245 5108 αὐτῶν
2259 5052 2502 5107 πάντων
2519 5053 2840 5118 ἐκοπίασα,
2859 5054 3158 5124 ἐπήγαγεν·
3181 5055 3302 5107 Οὐκ
3317 5053 3436 5124 ἐγὼ

1852 5140 1940 5205 δὲ,
1964 5142 2101 5196 ἀλλ’
2123 5142 2162 5209 ἠ
2190 5141 2362 5211 χάρις
2382 5140 2490 5195 τοῦ
2523 5140 2672 5196 Θεοῦ
2690 5141 2727 5208 ή
2751 5140 2874 5194 σὺν
2894 5141 3026 5210 ἐμοί
3033 5181 3046 5194 .
3071 5140 3178 5194 Καὶ
3197 5141 3429 5212 ἀλλαχοῦ

1851 5231 1908 5284 δὲ
1959 5230 2096 5302 πρὸς
2153 5231 2279 5292 τοὺς
2329 5230 2528 5294 αὐτοὺς
2559 5229 2975 5298 ἀποτεινόμενος
3013 5229 3188 5297 ἔλεγε
3224 5230 3284 5284 Τί
3318 5231 3430 5299 γὰρ

1851 5318 2013 5387 ἔχεις
2050 5318 2082 5372 ὃ
2117 5320 2230 5372 οὐκ
2263 5317 2516 5384 ἓλαόες;
2547 5318 2714 5372 Οὐδὲν
2741 5317 2848 5388 γάρ
2867 5317 3011 5388 ἑχεις
3039 5317 3150 5382 σὺν,
3195 5318 3255 5370 06
3293 5319 3434 5388 χρή-

1855 5424 2018 5479 ματα,
2053 5408 2116 5460 οὐ
2147 5406 2327 5476 λόγον,
2366 5407 2428 5460 οὐ
2451 5406 2628 5478 ψυχὴν
2657 5407 2862 5478 αύτήνο
2885 5407 2982 5460 καὶ
3027 5405 3136 5478 γὰρ
3163 5406 3258 5460 καὶ
3289 5404 3431 5477 αὕτη

1847 5499 1942 5553 τοῦ
1969 5499 2033 5552 Δε
2041 5499 2262 5552 σπότου.

1913 5765 1942 5807 (ι
1963 5767 2213 5838 “ea-3.4m
2246 5766 2466 5838 ,γέννημα
2490 5765 2701 5837 γνήσιον)
2745 5763 2952 5838 Mx“
2976 5761 3210 5838 Wa?“
3238 5761 3432 5838 πως

1852 5826 2220 5895 ἔργον,ιᾶλλξῶς
2243 5828 2304 5876 δι’
2323 5826 2449 5886 ἡμᾶς
2466 5828 2790 5895 γεγενημένος.
2823 5826 2976 5874 "una
2996 5826 3037 5873 εἰ
3058 5826 3158 5874 καί.
3231 5835 3256 5864 ο
3280 5826 3428 5887 Reg,

1854 5889 2061 5956 γεγονός.
2084 5889 2236 5953 Εόὶιὶ,
2275 5889 2621 5951 γεγεννημένος.
