3838 6214
123 242 188 298 85
1186 246 1253 307 ΙΝ
1291 249 1503 308 EPIST.
1535 248 1558 305 ι
1619 249 1706 305 AD

1818 250 1909 310 ης.
1951 256 2185 315 nosne.
2226 260 2294 316 Χ.
3321 276 3392 333 εδ

118 360 199 411 sed
248 356 414 430 gratia
469 356 565 414 Dei
612 376 807 415 mecum
855 362 956 434 (1.
996 363 1116 419 Cor.
1159 366 1247 422 15.
1290 368 1422 438 10).
1465 366 1534 421 Ει
1570 364 1697 420 alibi

116 451 329 505 eosdem
389 452 669 523 alloquens
724 454 935 512 dicebat
964 474 978 512 :
1012 459 1150 525 Quid
1205 461 1339 514 enim
1375 460 1527 515 habes
1564 460 1700 531 quod

115 562 210 598 non
238 547 475 619 accepisti
500 549 591 617 (1.
623 548 740 605 Cor.
768 550 824 609 ι.
858 549 968 621 7)?
994 551 1135 607 Nihil
1162 550 1305 609 enim
1337 553 1501 609 habes
1528 563 1699 619 tuum,

117 656 220 693 non
274 641 563 709 pecunias,
611 657 718 697 non
765 644 1028 711 verbum,
1077 660 1182 701 non
1211 646 1380 717 ipsam
1421 647 1698 702 animam:

116 748 235 786 nam
261 741 318 788 et
344 734 456 803 ipsa
488 734 696 789 Domini
722 745 824 791 est.

188 825 244 880 ‘5.
285 823 417 880 Cum
463 827 621 896 igitur
644 841 785 897 opus
830 826 1010 892 fuerit,
1053 829 1191 886 hanc
1221 845 1441 902 quoque
1468 830 1700 899 depone.

118 916 271 983 Quod
302 919 347 974 si
380 919 543 973 vitam
587 934 759 982 amas,
783 930 840 977 et
866 920 911 976 si
953 921 1225 992 deponere
1260 924 1464 994 jussus,
1491 934 1703 979 contm-

118 1013 270 1076 dicis,
299 1013 409 1083 jam
452 1028 558 1069 non
612 1014 785 1070 fidelis
831 1015 1175 1085 dispensator
1217 1032 1297 1072 es.
1328 1018 1393 1072 Et
1433 1017 1703 1088 quomodo

118 1106 243 1160 licet
295 1107 403 1160 Deo
444 1118 672 1162 vocante
718 1107 1008 1163 resistere?
1037 1108 1167 1163 Nam
1196 1125 1296 1179 ego
1339 1126 1550 1180 quoque
1602 1109 1704 1165 hoc

118 1200 263 1264 dico,
295 1210 349 1255 et
393 1210 618 1270 propter
643 1200 746 1255 hoc
791 1202 964 1269 ipsum
992 1201 1232 1256 admiror
1271 1201 1363 1256 Dei
1409 1201 1706 1272 benignita-

119 1299 265 1346 tem:
300 1308 418 1361 qum
445 1294 588 1347 enim
619 1301 793 1362 potest
822 1293 927 1357 ille,
954 1293 1114 1347 etiam
1147 1303 1198 1349 te
1225 1293 1396 1348 invito
1418 1309 1453 1349 a
1484 1303 1535 1348 le
1566 1295 1704 1348 acci-

120 1400 267 1454 pere,
297 1399 357 1440 ea
387 1400 492 1439 non
516 1384 626 1438 vult
665 1393 718 1439 te
744 1384 911 1439 invito
954 1384 1161 1447 inferri,
1188 1392 1245 1438 ul
1272 1384 1574 1439 mercedem
1605 1385 1703 1437 lia-

122 1477 272 1531 beas.
324 1476 567 1544 Exempli
595 1491 775 1541 causa,
806 1485 983 1546 potest
1011 1476 1245 1531 animam
1299 1487 1349 1531 te
1375 1476 1540 1530 invito
1565 1477 1707 1532 acci-

116 1586 267 1639 pere,
282 1570 376 1623 sed
400 1570 512 1623 vult
536 1579 590 1624 te
616 1570 847 1629 volente.
868 1581 920 1624 ut
945 1585 1066 1625 cum
1087 1570 1252 1625 Paulo
1270 1570 1445 1625 dicas:
1469 1570 1707 1638 Quotidie

118 1664 311 1715 morior
342 1663 416 1729 (l.
461 1661 583 1717 Cor.
619 1662 706 1717 l5.
749 1662 863 1732 3i).
908 1661 1090 1717 Potest
1118 1662 1343 1732 gioriam
1396 1672 1537 1716 tuam
1567 1662 1708 1717 acci-

118 1770 245 1823 pere
274 1765 326 1809 le
357 1753 544 1820 invito,
577 1764 737 1823 teque
770 1754 1028 1809 humilem
1072 1754 1333 1816 reddere;
1375 1754 1470 1808 sed
1516 1754 1707 1813 vultte

118 1862 334 1916 «pioque
364 1847 599 1912 Valente,
632 1856 690 1900 ut
736 1846 1224 1901 remunerationem
1274 1845 1489 1901 habeas.
1525 1846 1709 1900 Potest

116 1948 170 1991 te
212 1940 383 1993 etiam
438 1939 663 1992 invitum
715 1953 1001 2008 pauperem
1058 1938 1317 2002 reddere,
1358 1938 1451 1992 sed
1501 1949 1552 1993 te
1599 1953 1709 1992 vo—

122 2033 324 2085 lentem
369 2032 517 2099 cupit
570 2030 727 2084 talem
786 2030 938 2093 ﬁeri,
988 2040 1047 2084 ut
1095 2030 1189 2084 tibi
1229 2044 1458 2084 coronas
1512 2038 1706 2083 nectat.

122 2124 382 2179 \‘idistiu‘
444 2124 535 2179 Dei
608 2123 1052 2194 benignitatem?
1112 2122 1358 2177 vidistin‘
1409 2123 1710 2178 sitcordiam

120 2225 365 2271 nostram
385 2216 411 2271 ἲ

189 2310 389 2365 Fastus
416 2309 731 2364 sacerdotum
774 2309 1088 2380 reprimitur.
1112 2339 1184 2352 —-
1205 2308 1286 2364 Ad
1313 2323 1558 2379 magnam
1593 2324 1713 2376 per-

120 2404 322 2459 venisti
371 2402 721 2473 dignitatem,
769 2411 825 2457 et
877 2401 1231 2472 principatum
1281 2414 1602 2471 assequutus
1654 2415 1712 2454 es

118 2495 596 2552 ecclesiasticum?
645 2493 723 2549 Nc
768 2493 935 2548 altum
978 2493 1196 2564 sapias:
1230 2509 1336 2548 non
1385 2502 1441 2547 tu
1485 2493 1710 2563 gloriam

117 2589 428 2651 obtinuisti,
452 2587 548 2642 sed
581 2587 667 2641 illa
703 2596 753 2642 te
776 2586 918 2641 Deus
940 2586 1130 2641 induit.
1163 2585 1255 2640 Illa
1281 2586 1439 2656 igitur
1461 2595 1518 2640 ut
1539 2587 1711 2640 aliena

124 2691 278 2736 utere
306 2697 323 2736 :
358 2695 429 2735 ne
458 2680 602 2733 illam
641 2679 707 2734 ad
731 2693 815 2746 ea,
840 2694 960 2749 quae
989 2694 1096 2733 non
1126 2678 1304 2746 decet,
1335 2678 1612 2743 adhibeas,
1647 2693 1714 2733 ne

124 2776 355 2841 inﬂeris,
385 2792 452 2831 ne
481 2776 572 2830 tibi
604 2775 866 2843 vindices,
896 2775 990 2830 sed
1017 2790 1306 2846 pauperem
1332 2784 1388 2828 et
1429 2772 1711 2843 inglorium

122 2882 178 2926 te
198 2886 329 2926 esse
353 2880 557 2941 putato.
578 2868 763 2940 Neque
785 2869 955 2934 enim,
986 2869 1029 2923 si
1054 2883 1287 2938 purpura
1314 2868 1455 2936 regia
1481 2866 1573 2921 tibi
1601 2881 1715 2921 scr-

123 2964 302 3019 vanda
345 2965 537 3017 tradita
584 2972 748 3028 esset,
779 2969 1055 3034 oporteret
1092 2962 1237 3016 abuti
1271 2970 1414 3017 teste
1463 2961 1716 3031 illamque

121 3056 473 3120 labefacmre,
503 3056 598 3111 sed
624 3071 745 3111 cum
778 3056 966 3125 majori
996 3055 1339 3109 accuratione
1368 3054 1537 3122 ipsam
1567 3051 1713 3107 danti

119 3163 370 3204 servare.
405 3148 560 3203 Verbi
591 3147 899 3203 facultatem
930 3146 1231 3216 accepisti?
1260 3145 1336 3200 Ne
1364 3144 1588 3211 inﬂeris,
1618 3159 1716 3199 ne-

119 3258 229 3312 que
259 3250 582 3311 arroganter
625 3255 790 3311 agas:
831 3255 1006 3309 neque
1035 3240 1178 3294 enim
1211 3247 1357 3293 tuum
1399 3250 1480 3293 est
1520 3252 1717 3292 munus

119 3345 175 3389 et
206 3334 439 3388 donum.
490 3333 567 3388 Ne
611 3335 849 3403 ingratus
874 3341 990 3387 esto
1020 3333 1159 3387 circa
1202 3346 1261 3385 ea
1294 3346 1413 3400 qua:
1456 3339 1584 3384 sunt
1614 3329 1717 3383 Du-

120 3428 281 3492 mini,
312 3426 410 3480 sed
439 3440 502 3480 ea
528 3424 806 3480 conservis
845 3423 1143 3488 distribue;
1190 3437 1366 3491 neque
1410 3421 1549 3487 ideo,
1580 3436 1643 3475 ac
1671 3422 1715 3476 si

120 3531 211 3574 tua
242 3528 459 3585 essent,
485 3517 780 3580 extollaris,
814 3530 987 3586 neque
1035 3529 1225 3585 parcus
1266 3514 1339 3568 sis
1368 3513 1421 3567 in
1473 3513 1576 3567 illis
1608 3513 1718 3567 dis-

119 3609 455 3664 tribuendis.
507 3608 574 3663 Et
619 3608 664 3663 si
710 3608 849 3662 lilios
901 3606 1087 3669 habes,
1123 3606 1215 3660 Dei
1250 3605 1389 3660 lilios
1436 3603 1638 3659 habes:
1672 3604 1715 3658 si

123 3701 198 3755 ita
224 3700 537 3763 existimes,
563 3699 761 3770 gratias
791 3713 917 3769 ages
963 3697 1009 3753 si
1040 3697 1255 3760 habeas,
1284 3697 1455 3766 iisque
1496 3696 1719 3751 sublatis

120 3808 230 3846 non
279 3792 515 3846 dolebis.
545 3791 691 3847 Talis
718 3799 836 3847 erat
862 3790 964 3845 Job
990 3790 1174 3845 dicens
1218 3807 1232 3843 :
1282 3787 1533 3843 Dominus
1558 3790 1715 3854 dedit,

119 3886 393 3940 Dominus
421 3884 626 3938 abstulit
649 3882 790 3957 (Job.
827 3884 879 3938 l.
907 3882 1025 3953 ﬁl).
1056 3881 1245 3938 Omnia
1273 3881 1415 3937 enim
1441 3896 1471 3936 a
1502 3882 1719 3936 Christo

116 3977 429 4042 habemus;
461 3976 730 4046 etiamque
755 3975 897 4046 quod
925 3974 1095 4029 simus
1119 3974 1187 4028 ab
1229 3974 1321 4028 illo
1360 3973 1638 4041 habemus,
1666 3982 1721 4029 et

114 4071 288 4123 vitam
322 4079 382 4123 et
407 4068 818 4138 respirationem
845 4077 900 4121 et
923 4068 1092 4122 lucem
1115 4074 1171 4121 et
1199 4082 1377 4122 aerem
1406 4075 1460 4121 et
1487 4076 1717 4133 terram;

116 4174 171 4216 et
197 4164 243 4215 si
272 4161 410 4232 quid
455 4176 520 4214 ex
556 4160 661 4213 illis
688 4159 993 4221 abstulerit.
1024 4158 1282 4227 periimus
1302 4168 1356 4211 et
1384 4156 1715 4212 interiimus:

113 4255 357 4309 advenae
383 4253 526 4306 enim
558 4266 744 4307 sumus
770 4261 825 4306 et
862 4250 1166 4321 peregrini.
1196 4249 1330 4304 Illud
1362 4251 1524 4315 enim,
1555 4266 1721 4303 meum

115 4357 169 4401 et
215 4355 395 4408 tuum,
426 4344 588 4397 verba
624 4353 825 4397 tantum
859 4354 981 4397 sunt
1007 4344 1125 4397 sine
1151 4358 1232 4397 re.
1263 4340 1396 4396 Nam
1424 4341 1467 4397 si
1500 4342 1720 4396 domum

114 4454 238 4493 esse
271 4449 425 4492 tuam
470 4436 638 4501 dicas,
676 4435 901 4491 verbum
932 4443 1015 4490 est
1041 4451 1101 4490 re
1140 4449 1387 4490 vacuum.
1419 4434 1627 4489 Etenim
1667 4443 1722 4488 et

114 4550 210 4587 aer
235 4543 294 4587 et
322 4542 469 4586 terra
500 4541 553 4585 et
584 4531 808 4585 materia
825 4529 1133 4583 Conditoris
1162 4538 1305 4593 sunt,
1333 4537 1391 4582 ut
1415 4536 1470 4581 et
1495 4536 1549 4582 tu
1581 4527 1716 4597 ipse,

113 4627 204 4694 qui
239 4626 396 4679 illam
428 4624 695 4685 struxisti.
718 4623 928 4693 aliaque
956 4623 1159 4676 omnia.
1192 4622 1249 4677 Si
1276 4633 1454 4677 autem
1489 4637 1615 4677 usus
1639 4631 1722 4676 est

114 4730 263 4783 tuus,
299 4719 396 4771 ille
422 4732 636 4786 quoque
669 4717 902 4771 incertus
927 4724 1031 4780 est,
1057 4730 1163 4770 non
1208 4716 1279 4769 ob
1326 4725 1550 4769 mortem
1597 4724 1715 4768 tan—

115 4821 268 4875 tum,
302 4809 404 4863 sed
436 4811 598 4863 etiam
645 4818 771 4863 ante
820 4819 1048 4861 mortem
1076 4807 1148 4861 ob
1177 4821 1355 4862 rerum
1398 4806 1719 4861 instuhilita~

113 4915 247 4955 tem.
287 4901 424 4956 llaec
452 4916 582 4971 ergo
624 4900 763 4970 apud
796 4916 894 4955 nos
935 4901 1149 4955 as.~idne
1177 4901 1562 4966 describentes,
1598 4901 1717 4971 phi-

114 4994 482 5064 losophcmur
524 5003 580 5045 et
624 4993 732 5046 duo
757 5009 875 5063 qua:
915 5003 1041 5047 sunt
1090 4994 1320 5047 maxima
1373 4994 1717 5047 lucrabimur.

110 5089 243 5141 Nam
278 5095 339 5142 et
370 5086 510 5155 grati
535 5088 739 5141 erimus
764 5096 819 5141 et
848 5088 973 5141 dum
1004 5096 1243 5141 tenemus
1272 5096 1325 5140 et
1350 5087 1478 5141 dum
1504 5104 1532 5139 a
1567 5087 1720 5141 nobis

109 5178 463 5244 auferuntur,
513 5195 690 5251 neque
735 5182 1034 5236 servieums
1086 5181 1149 5234 iis
1189 5196 1309 5250 quae
1351 5182 1718 5251 praiterlluunt

112 5290 212 5326 nec
236 5282 436 5327 nostra
466 5283 613 5327 sunt.
648 5272 783 5327 Nam
825 5274 867 5327 si
897 5274 1152 5344 pecunias
1180 5275 1469 5344 acceperit,
1502 5291 1596 5328 sua
1626 5290 1719 5330 ac-

113 5365 297 5433 cepit;
363 5362 409 5417 si
460 5362 745 5429 honorem,
790 5364 835 5417 si
886 5365 1135 5431 gloriam,
1168 5365 1211 5417 si
1234 5380 1449 5435 corpus,
1473 5367 1516 5418 si
1550 5367 1717 5436 ipSam

114 5457 401 5520 animam;
449 5456 494 5510 si
519 5455 686 5510 lilium
721 5467 868 5509 tuum
898 5457 1185 5526 acceperit,
1215 5472 1317 5511 non
1348 5459 1511 5511 lilium
1545 5468 1714 5526 tuum,

119 5549 215 5603 sed
248 5563 477 5603 servum
509 5563 663 5601 suum
704 5550 933 5618 accepit.
961 5548 1076 5603 Non
1102 5550 1247 5604 enim
1290 5560 1344 5604 tu
1394 5551 1564 5620 ipsum
1605 5552 1710 5606 for.

114 5642 300 5704 masti,
326 5641 425 5695 sed
458 5641 547 5694 ille
577 5639 701 5694 fecit
726 5658 739 5694 :
780 5651 833 5693 tu
858 5651 1035 5694 autem
1061 5641 1175 5711 ejus
1204 5643 1451 5697 adventui
1482 5642 1716 5697 admini-

112 5744 469 5791 ster-tantum
518 5732 683 5795 fuisti,
716 5743 882 5787 totum
931 5743 1109 5789 autem
1163 5734 1253 5793 ille
1300 5735 1446 5792 fecit.
1496 5736 1707 5791 Gratias

468 5847 726 5899 ιήιιυι.
772 5840 887 5900 Cu.
938 5840 1094 5901 LXI.

1812 368 1974 439 igitur
2018 390 2260 445 agamus,
2282 379 2426 450 quod
2455 381 2633 453 operis
2677 382 2982 445 administri
3031 389 3143 446 ﬁeri
3191 392 3392 463 dignati

1805 465 1995 522 simus.
2022 467 2128 524 Sed
2156 470 2327 540 quid?
2376 487 2574 530 eumne
2598 486 2857 547 perpetuo
2894 478 3094 539 habere
3132 484 3348 539 voluisti
3367 485 3394 539 ι

1809 557 1921 614 lloc
1969 559 2162 631 ingrati
2190 573 2273 618 est
2300 572 2359 619 et
2388 565 2687 635 ignorantis
2739 576 2792 623 te
2839 571 3071 628 alienum
3116 573 3391 642 habuisse,

1806 665 1910 705 non
1940 651 2036 708 tibi
2065 654 2359 725 proprium.
2389 658 2851 725 Quemadmodum
2882 663 2941 730 ii,
2979 664 3069 735 qui
3111 668 3279 735 parati
3308 685 3396 723 se-

1804 742 2024 811 cedunt,
2055 745 2234 802 sciunt
2281 762 2342 804 se
2387 765 2493 805 non
2542 767 2640 808 sua
2686 753 2885 811 habere
2915 758 3040 812 :‘sic
3067 758 3158 828 qui
3190 759 3394 829 dolent,

1805 835 1951 907 rcgia
1996 837 2098 893 sibi
2143 851 2422 910 usurpant.
2470 843 2603 899 Nam
2634 846 2807 902 sinos
2835 863 2940 902 non
2982 864 3169 905 sumus
3197 854 3388 918 nostri,

1805 928 2078 997 quomodo
2099 930 2175 985 illi
2204 935 2374 988 nostri
2401 936 2566 990 sunt?
2602 936 2813 1007 Duplici
2841 941 2983 994 enim
3015 942 3224 998 ratione
3254 942 3398 999 illius

1805 1034 2013 1084 sumus.
2043 1030 2099 1076 et
2124 1024 2418 1080 secundum
2448 1029 2775 1085 creationem
2801 1041 2857 1087 et
2884 1034 3179 1090 secundum
3209 1036 3393 1092 fidem.

1808 1110 2040 1182 Ideoque
2094 1114 2259 1171 David
2306 1117 2437 1173 dicit
2487 1137 2502 1173 :
2557 1120 2857 1177 Substantia
2901 1141 3014 1179 mea
3059 1129 3200 1198 apud
3246 1139 3293 1185 te
3322 1140 3399 1185 est

1811 1203 1983 1271 (ρωι.
2008 1205 2101 1261 38.
2125 1204 2213 1279 8);
2262 1218 2318 1263 et
2350 1209 2581 1266 Paulus:
2617 1211 2683 1267 In
2721 1215 2831 1285 ipso
2866 1216 3094 1282 vivimus,
3118 1236 3393 1287 murmur,

1808 1304 1856 1349 et
1882 1313 2060 1353 sumtu
2101 1299 2240 1369 (Act.
2280 1303 2367 1357 17.
2399 1304 2517 1372 28).
2568 1306 2638 1361 Et
2675 1308 2742 1363 de
2782 1308 2919 1365 Fide
2968 1321 3202 1368 tractans
3229 1316 3394 1371 dicit:

1810 1387 1932 1445 Non
1971 1394 2090 1447 estis
2118 1397 2291 1463 vestri,
2340 1407 2389 1451 et
2418 1400 2577 1468 pretio
2620 1402 2775 1471 empti
2804 1404 2922 1457 estis
2966 1404 3044 1472 (1.
3074 1406 3174 1460 Cor
3221 1408 3274 1463 6.
3304 1411 3395 1464 19.

1807 1478 1924 1553 20).
1948 1480 2135 1538 Omnia
2162 1485 2363 1557 quippe
2405 1487 2500 1544 Dei
2545 1501 2689 1545 sunt.
2720 1492 2852 1547 Cum
2884 1509 3013 1563 ergo
3045 1500 3309 1551 vocaverit
3342 1511 3397 1552 et

1818 1574 2068 1644 accipere
2095 1574 2353 1640 voluerit,
2398 1592 2464 1630 ne
2498 1586 2770 1645 tamquam
2812 1577 3007 1648 ingrati
3049 1581 3189 1635 servi
3227 1584 3394 1637 ratio-

1817 1680 1915 1722 nes
1944 1665 2353 1728 conturbemus,
2386 1681 2560 1733 neque
2585 1681 2648 1720 ea
2676 1681 2798 1736 quae
2826 1667 3036 1724 Domini
3063 1679 3194 1728 sunt
3221 1689 3387 1728 usur-

1810 1774 2018 1828 pemus.
2050 1761 2238 1815 Anima
2271 1771 2358 1817 tua
2389 1778 2494 1818 non
2526 1774 2609 1819 est
2638 1774 2748 1831 tua,
2772 1775 2826 1821 et
2849 1768 3121 1837 quomodo
3152 1772 3393 1839 pecunia:

1813 1862 1917 1907 tua:
1946 1856 2150 1909 erunt?
2180 1856 2289 1910 Cur
2309 1871 2440 1925 ergo
2459 1873 2669 1927 ea,qua:
2689 1866 2778 1912 tua
2812 1875 2916 1914 non
2942 1870 3087 1926 sunt,
3115 1862 3166 1915 in
3191 1863 3256 1916 iis
3274 1879 3397 1933 qua:

1815 1962 1919 1999 non
1948 1956 2223 2016 oporteret
2253 1948 2560 2017 impendis?
2592 1951 2767 2005 nescis
2796 1966 2891 2004 nos
2923 1952 3042 2005 ideo
3066 1955 3397 2008 accnsandos

1812 2038 1946 2101 fore,
1972 2040 2112 2110 quod
2146 2040 2251 2094 illis
2291 2042 2431 2095 male
2459 2041 2537 2095 usi
2570 2041 2777 2096 simus?
2822 2043 2956 2111 Quia
2986 2059 3114 2114 ergo
3141 2060 3246 2098 non
3273 2055 3401 2099 sunt

1816 2141 2034 2195 nostrai.
2067 2132 2159 2185 sod
2190 2133 2420 2198 Domini,
2442 2136 2683 2202 oportuit
2713 2136 2832 2189 illas
2862 2138 3137 2190 conservis
3163 2137 3397 2206 elargiri.

1815 2224 1937 2279 Ideo
1955 2238 2104 2281 certe
2133 2227 2284 2281 dives
2334 2227 2426 2281 ille
2456 2228 2829 2294 accusabatur,
2856 2229 2999 2296 quod
3042 2228 3146 2283 hoc
3184 2246 3288 2283 non
3322 2231 3399 2285 fe-

1809 2316 2009 2379 cisset;
2040 2317 2116 2370 sic
2156 2326 2211 2371 et
2239 2319 2328 2388 qui
2360 2318 2642 2374 Dominum
2674 2334 2779 2373 non
2810 2320 3080 2374 aluerunt.
3118 2319 3195 2375 Ne
3222 2322 3399 2391 itaque

1813 2408 1980 2475 dicas,
2008 2408 2117 2463 Mea
2149 2409 2417 2479 impendo.
2445 2412 2578 2465 meis
2622 2410 2790 2465 fruor.
2838 2411 2952 2465 Non
2972 2411 3078 2466 tuis
3111 2424 3276 2477 certe,
3302 2414 3397 2468 sed

1813 2501 2038 2556 alienis:
2065 2501 2255 2557 alienis
2280 2513 2461 2557 autem
2488 2502 2629 2567 dico,
2657 2505 2779 2572 quia
2810 2512 2863 2558 tu
2897 2505 2998 2566 vis,
3018 2506 3141 2574 quia
3171 2516 3258 2559 tua
3286 2507 3401 2561 vult

1814 2608 1934 2648 esse
1962 2593 2123 2660 Deus,
2146 2609 2265 2665 quae
2297 2594 2389 2650 tibi
2424 2610 2520 2664 pro
2547 2594 2801 2650 fratribus
2824 2595 3013 2651 tradita
3044 2607 3189 2651 sunt.
3210 2597 3398 2652 Aliena

1813 2693 1994 2740 autem
2033 2686 2121 2740 illa
2166 2696 2293 2742 tunc
2337 2696 2426 2742 tua
2456 2687 2612 2752 finiit,
2643 2684 2927 2742 cum'aliis
2953 2688 3265 2755 distribuis;
3313 2691 3398 2744 sin

1815 2786 1995 2834 autem
2019 2778 2070 2833 in
2112 2787 2165 2834 te
2195 2780 2366 2849 ipsum
2399 2779 2618 2850 largiter
2646 2780 3021 2850 iusumpseris.
3046 2790 3172 2837 tunc
3199 2791 3283 2836 tua
3309 2782 3399 2837 illa

1815 2870 1990 2924 aliena
2037 2870 2188 2924 liuut.
2225 2870 2358 2937 Quia
2404 2872 2548 2926 enim
2594 2871 2959 2927 inhumaniter
2999 2872 3105 2927 illis
3148 2888 3276 2928 usus
3313 2890 3398 2941 es,

1816 2961 2081 3031 dicisque,
2113 2962 2348 3032 Equum
2374 2970 2460 3018 est
2486 2973 2543 3018 ut
2572 2979 2688 3018 mea
2726 2964 2778 3017 in
2820 2978 2995 3019 meum
3028 2981 3179 3019 usum
3210 2975 3264 3019 et
3291 2965 3403 3020 fru-

1816 3066 1963 3110 ctum
2006 3057 2420 3125 impendantur;
2450 3056 2573 3111 ideo
2602 3057 2776 3111 aliena
2810 3057 2897 3111 illa
2919 3057 3061 3112 dico.
3085 3058 3401 3113 Communia

1819 3148 1960 3202 enim
1991 3158 2137 3214 sunt,
2168 3159 2221 3202 et
2250 3148 2316 3202 ad
2359 3162 2676 3203 conservum
2704 3149 2868 3202 etiam
2911 3157 3062 3203 tuum
3108 3150 3400 3219 pertinent,

1817 3239 2264 3310 quemadmodum
2289 3248 2343 3295 et
2372 3240 2452 3295 sol
2481 3241 2780 3294 couununis
2829 3252 2933 3305 est,
2958 3248 3013 3295 et
3057 3254 3150 3295 aer
3176 3250 3231 3294 et
3262 3249 3403 3295 terra

1818 3332 2028 3402 aliaque
2052 3331 2251 3384 omnia.
2276 3330 2340 3384 Et
2360 3330 2501 3385 sicut
2527 3330 2578 3384 in
2602 3345 2827 3400 corpore
2857 3330 3211 3384 ministerium
3240 3340 3321 3385 est
3350 3340 3406 3385 et

1821 3422 1981 3478 totius
2010 3423 2255 3492 corporis
2283 3429 2337 3477 et
2383 3422 2803 3492 uniuscujusque
2843 3423 3107 3485 membri;
3150 3436 3271 3477 cum
3301 3438 3402 3477 au-

1821 3525 1929 3571 tem
1964 3514 2122 3569 unius
2150 3524 2354 3569 tantum
2379 3515 2606 3569 membri
2633 3525 2736 3581 est,
2772 3516 3038 3584 propriam
3065 3516 3241 3587 perdit
3268 3531 3401 3587 cpe-

1821 3616 2085 3669 rationem
2118 3625 2133 3663 :
2164 3612 2235 3665 ita
2267 3617 2320 3664 et
2351 3611 2404 3663 in
2437 3606 2681 3677 pecuniis
2713 3604 2937 3659 accidit.

1889 3709 1944 3763 ι.
1995 3705 2347 3761 Pecuniarum
2395 3717 2522 3753 usus
2562 3699 2678 3768 quis
2718 3714 2832 3752 esse
2874 3697 3077 3750 debeat.
3106 3690 3178 3736 -ἑ-
3216 3692 3283 3746 Ει
3331 3702 3393 3748 ιιι

1821 3802 1875 3857 id
1936 3799 2081 3871 quod
2141 3798 2264 3851 dico
2322 3795 2525 3848 clarius
2580 3792 2822 3856 evadat,
2879 3790 3037 3845 cibus
3091 3800 3397 3858 corporeus

1822 3892 1914 3964 qui
1944 3890 2200 3946 meiubris
2230 3888 2535 3941 communis
2571 3884 2751 3949 datur,
2789 3884 2835 3938 si
2874 3883 2940 3936 ad
2984 3898 3149 3935 unum
3191 3881 3401 3934 venerit

1823 3982 2156 4044 membrum,
2211 3979 2420 4033 alienus
2468 3976 2543 4029 illi
2593 3976 2880 4031 ellicitur:
2925 3990 3049 4028 cum
3099 3974 3245 4029 enim
3291 3982 3399 4027 non

1820 4066 1992 4136 possit
2014 4066 2270 4133 concoqui
2301 4075 2356 4119 et
2382 4066 2603 4130 nutrire,
2643 4065 2853 4120 alienus
2893 4064 3109 4120 evadit:
3139 4067 3185 4119 si
3225 4075 3402 4120 autem

1821 4158 2123 4213 communis
2153 4159 2254 4221 sit,
2285 4166 2338 4211 et
2367 4158 2506 4211 illius
2534 4169 2588 4212 ct
2613 4155 2842 4212 aliorum
2884 4157 3244 4212 membrorum
3278 4173 3405 4229 pro-

1823 4251 1971 4321 prius
1987 4259 2086 4306 est.
2110 4251 2182 4304 Ita
2205 4252 2365 4304 etiam
2386 4248 2437 4304 in
2458 4252 2732 4320 pecuniis:
2752 4252 2798 4305 si
2818 4261 2869 4305 tu
2888 4250 3033 4306 solus
3052 4251 3159 4305 illis
3184 4251 3402 4318 fruaris,

1823 4352 1878 4397 tu
1896 4357 2105 4413 quoque
2126 4342 2241 4396 illas
2260 4341 2569 4412 perdidisti;
2592 4357 2765 4413 neque
2782 4344 2925 4397 enim
2946 4343 3247 4399 mercedem
3266 4345 3407 4398 acci-

1822 4435 1963 4505 pies:
1984 4433 2027 4488 si
2046 4448 2173 4488 vero
2186 4448 2308 4487 cum
2324 4433 2443 4487 aliis
2463 4433 2759 4502 possideas,
2777 4443 2903 4487 tunc
2923 4434 3090 4505 magis
3105 4444 3210 4488 tum
3224 4445 3404 4499 erant,

1821 4538 1873 4584 et
1893 4538 2017 4583 tunc
2035 4528 2315 4581 utilitatem
2342 4527 2595 4594 accipies.
2626 4526 2817 4581 Annon
2845 4526 3017 4592 vides,
3048 4527 3189 4597 quod
3214 4541 3406 4581 manus

1823 4621 2149 4685 ministrent,
2183 4633 2245 4673 os
2267 4618 2532 4682 emolliat,
2556 4627 2610 4673 et
2631 4626 2820 4674 venter
2844 4618 3103 4688 recipiat?
3128 4635 3252 4674 num
3275 4618 3409 4675 dicit

1824 4724 2014 4768 venter
2039 4731 2053 4768 :
2081 4712 2213 4781 Quia
2242 4712 2441 4781 recepi,
2478 4721 2644 4766 totum
2674 4712 2906 4767 retinere
2930 4711 3141 4768 debeo?
3170 4712 3249 4768 Ne
3275 4728 3406 4783 ergo

1824 4814 1879 4859 tu
1907 4819 2118 4875 quoque
2144 4804 2211 4859 de
2235 4804 2476 4873 pecuniis
2511 4804 2581 4858 ita
2624 4803 2862 4873 loquaris
2886 4820 2900 4857 :
2930 4804 3236 4875 recipientis
3262 4806 3404 4861 enim

1823 4910 1904 4953 est
1934 4899 2169 4967 elargiri.
2202 4898 2662 4964 Quemadmodum
2699 4911 2827 4968 ergo
2855 4900 3056 4954 ventris
3087 4899 3270 4954 vitium
3299 4909 3402 4966 est,

1823 5011 1945 5048 cum
1973 4994 2123 5048 cibos
2161 4994 2359 5048 retinet
2402 5006 2503 5047 nec
2529 4991 2835 5056 distribuit;
2869 4993 2966 5046 toti
3002 4992 3146 5047 enim
3191 4989 3405 5061 corpori

1828 5087 2115 5155 perun-ium
2158 5083 2321 5141 infert
2347 5103 2360 5140 :
2393 5084 2462 5138 ita
2492 5085 2653 5138 etiam
2686 5084 2910 5138 divitum
2937 5083 3124 5138 vitium
3156 5094 3256 5150 est,
3282 5098 3403 5137 eum

1824 5193 1885 5230 ea
1915 5194 2032 5247 qna-
2058 5176 2259 5230 habent
2286 5177 2425 5246 apud
2453 5190 2511 5230 se
2540 5177 2775 5230 retinent
2803 5193 2816 5229 :
2863 5175 2966 5230 hoc
2996 5177 3138 5229 enim
3180 5185 3231 5229 «ιι
3258 5176 3404 5244 ipsos

1824 5281 1879 5323 et
1911 5270 2047 5322 alios
2097 5269 2287 5337 perdit.
2325 5268 2523 5323 Oculus
2569 5268 2694 5322 item
2737 5276 2903 5323 totam
2949 5267 3123 5322 lucem
3179 5267 3400 5337 recipit;

1825 5363 1919 5419 sed
1944 5378 2047 5417 non
2073 5373 2235 5416 lotam
2266 5364 2366 5417 sibi
2394 5363 2622 5428 retinet;
2654 5376 2773 5416 nam
2795 5376 2991 5432 corpus
3018 5370 3186 5416 totum
3211 5362 3405 5416 illumi-

1825 5467 1934 5511 nat.
1962 5457 2140 5525 Neque
2166 5456 2307 5509 enim
2331 5455 2381 5509 id
2413 5471 2476 5509 es
2502 5463 2689 5509 natura
2711 5470 2807 5508 sua
2839 5453 2999 5508 habet
3023 5463 3083 5508 ιιι
3109 5463 3276 5507 ιοιιιιιι
3318 5468 3405 5505 re-

1828 5550 2011 5611 tinent,
2042 5550 2213 5602 donec
2242 5548 2429 5602 oculus
2456 5556 2563 5602 est.
2588 5546 2756 5602 Nares
2781 5547 2944 5601 etiam
2980 5546 3149 5599 bonos
3169 5544 3407 5598 sentiunt

1824 5642 2060 5707 odores;
2114 5649 2208 5695 seu
2260 5656 2363 5696 non
2414 5650 2555 5697 totos
2599 5641 2853 5704 retinent,
2884 5640 2978 5694 sed
3028 5640 3079 5692 iu
3123 5639 3405 5691 cerebrum

1829 5738 2063 5802 mittunt,
2088 5744 2140 5789 et
2166 5732 2498 5788 stomarbum
2523 5733 2573 5787 in
2601 5732 2741 5787 bono
2763 5731 2829 5785 od
2840 5746 2927 5783 ire
2952 5738 3187 5793 servant,
3210 5739 3400 5791 totum-

2989 5836 3028 5893 li
