3838 6214
419 259 490 315 87
1121 257 1159 312 S
1215 255 1492 314 JO.\NNIS
1527 253 1998 313 CllllYSOSTOMl
2039 251 2352 312 ARCHIEP.
2393 249 2927 312 CONSTANTINOP.
3631 253 3686 312 33

417 391 522 442 quc
543 371 812 428 hominem
837 382 1102 428 recreant.
1123 372 1291 426 Pedes
1313 373 1438 426 item
1462 374 1560 426 soli
1585 371 1869 431 incedunt;
1901 370 1999 426 sed

425 481 530 518 non
567 479 627 520 sc
649 465 793 518 solos
819 466 1170 528 transferunt,
1195 466 1288 518 scd
1318 475 1372 518 et
1401 475 1572 519 totum
1595 481 1791 532 corpus
1828 479 2006 517 trans-

425 569 660 612 mnvcnt.
691 559 766 612 Ita
797 570 849 614 et
878 569 932 613 tu
957 559 1098 627 quod
1126 559 1218 612 tibi
1247 558 1618 613 concreditum
1650 557 1748 611 fuit
1773 573 1838 612 nc
1861 557 2008 613 solus

420 651 678 714 retineas,
697 652 822 720 quia
845 651 1094 706 omnibus
1121 651 1324 720 tibique
1349 651 1576 720 primunt
1606 651 1897 719 perniciem
1927 651 2008 703 in-

420 742 582 800 feres.
623 743 740 798 Non
790 744 840 798 iu
871 744 1128 798 membris
1169 753 1376 799 tantmn
1419 744 1470 799 id
1513 744 1789 818 observes.
1835 743 2009 798 Faber

419 835 564 890 enim
593 835 867 900 ferrarius,
897 840 942 892 si
971 837 1242 891 neminem
1273 838 1400 892 velit
1425 848 1541 893 arte
1564 853 1658 912 sua
1689 837 1812 898 frui.
1842 846 1895 892 et
1917 853 2008 894 se-

423 929 600 998 ipsutn
621 937 676 984 et
696 929 830 983 alias
857 938 1006 984 artes
1029 931 1358 999 pessumdat.
1389 929 1552 985 Sutor
1575 931 1842 993 similiter.
1869 931 2008 1000 agri-

422 1023 560 1087 cola,
583 1023 768 1092 pistor,
789 1032 846 1077 et
873 1023 1068 1092 singuli
1091 1024 1183 1094 qui
1209 1025 1540 1078 necessarias
1567 1033 1710 1078 artes
1729 1033 2004 1090 exercent,

423 1117 468 1170 si
501 1117 772 1170 neminem
801 1116 962 1170 alium
991 1132 1108 1172 arte
1131 1133 1224 1172 sua
1255 1117 1358 1171 frui
1388 1119 1572 1182 velint,
1605 1133 1706 1171 non
1736 1119 1868 1172 alios
1893 1127 2008 1171 tan-

429 1219 560 1268 tum.
591 1207 685 1262 sed
727 1223 785 1262 se
810 1223 932 1262 cum
959 1209 1082 1262 aliis
1124 1209 1375 1280 perdunt.
1407 1211 1604 1279 Ecquid
1649 1211 1715 1264 de
1755 1209 2008 1264 divitibus

425 1297 656 1370 loquor?
697 1299 832 1354 Nam
861 1316 1128 1370 pauperes
1155 1317 1370 1372 quoque
1395 1301 1438 1355 si
1467 1311 1696 1356 vestram
1725 1317 2005 1355 avarorum

423 1402 477 1446 et
519 1392 746 1446 divitum
801 1392 1092 1462 nequitiam
1145 1403 1502 1460 sectarentur,
1549 1411 1644 1448 vos
1686 1409 2008 1466 magnopere

425 1481 686 1538 ltederent
709 1497 774 1538 ac
795 1484 904 1537 cito
945 1499 1042 1538 vos
1071 1500 1334 1554 pauperes
1361 1486 1668 1550 redderent,
1703 1489 1808 1541 imo
1844 1490 2007 1543 etiam

425 1576 732 1643 perderent,
763 1576 806 1630 si
839 1577 902 1630 iis
930 1577 1020 1646 qui
1061 1591 1198 1647 opus
1227 1577 1426 1633 habent
1466 1593 1559 1633 sua
1605 1581 1843 1649 pra-bere
1885 1581 2006 1634 nol-

423 1668 532 1720 leut
559 1685 572 1720 :
602 1667 833 1736 exempli
859 1683 1040 1733 causa,
1068 1671 1299 1740 agricola
1332 1686 1586 1726 manuum
1614 1687 1830 1727 Suarum
1861 1673 2008 1728 labo-

420 1774 552 1822 rem,
587 1769 744 1812 nauta
773 1761 1158 1816 commercium
1200 1777 1297 1832 pcr
1337 1765 1730 1834 navigationem
1771 1775 1998 1835 partum,

420 1851 573 1904 miles
601 1867 752 1904 suam
783 1853 834 1905 in
865 1853 1006 1907 bello
1032 1853 1420 1910 fortitudinem.
1455 1855 1602 1923 Ideo,
1631 1859 1674 1912 si
1707 1873 1812 1912 non
1837 1859 2002 1923 aliud,

425 1944 627 2013 pudore
647 1943 822 1998 alii-eti
851 1946 1168 2000 benevolum
1195 1948 1408 2002 illorum
1437 1949 1673 2002 animum
1703 1951 2000 2004 imitemini.

417 2033 628 2090 Nemini
659 2036 873 2091 divitias
901 2038 1184 2106 itnpertis?
1229 2039 1372 2109 Ergo
1399 2055 1467 2095 ne
1494 2041 1780 2112 quidquam
1810 2043 1876 2095 ab
1899 2043 2004 2096 alio

415 2130 649 2199 accipias
675 2149 688 2184 :
718 2132 761 2185 si
790 2141 968 2187 autem
1003 2134 1071 2186 ita
1105 2133 1214 2198 ﬁat,
1238 2145 1551 2190 evertentur
1572 2138 1771 2192 omnia.
1795 2137 2002 2207 Ubique

413 2223 558 2276 enim
580 2221 709 2278 dare
729 2233 784 2278 et
809 2225 1054 2295 accipere
1076 2225 1334 2280 honorum
1361 2228 1647 2284 multorum
1668 2229 1872 2284 initium
1894 2241 2000 2298 est,

413 2313 468 2369 in
513 2315 831 2384 seminibus,
865 2317 918 2372 in
947 2317 1246 2389 discipulis,
1283 2319 1334 2373 in
1377 2321 1605 2376 artibus.
1650 2321 1780 2376 Nam
1810 2324 1852 2376 si
1883 2325 2004 2392 quis

412 2405 646 2462 voluerit
685 2415 855 2462 artem
897 2425 1065 2480 penes
1107 2426 1166 2466 sc
1211 2412 1466 2480 retinere,
1495 2421 1548 2468 et
1577 2429 1698 2469 sese
1738 2421 1794 2469 et
1835 2425 2000 2470 totum

412 2499 669 2555 mundum
713 2503 932 2558 evertit.
963 2504 1212 2574 Agricola
1257 2506 1300 2559 si
1333 2507 1540 2562 semina
1586 2508 1728 2562 domi
1776 2510 2000 2566 sulTossa

411 2594 662 2660 retineat,
688 2610 904 2665 gravem
950 2597 1169 2653 inducet
1217 2599 1432 2654 famem.
1477 2601 1567 2655 Sic
1596 2611 1650 2656 et
1689 2603 1838 2657 dives
1875 2604 1918 2657 si
1947 2605 1998 2658 in

409 2689 654 2757 pecuniis
701 2688 804 2744 hoc
845 2687 1028 2754 faciat,
1059 2693 1298 2761 scipsum
1345 2694 1492 2764 prius
1538 2710 1696 2765 quam
1739 2711 2001 2766 pauperes

409 2779 618 2850 perdet,
647 2781 910 2851 gebenuze
953 2782 1226 2837 ﬂammam
1254 2787 1556 2854 graviorem
1587 2787 1745 2856 capiti
1775 2804 1874 2842 suo
1901 2805 1998 2859 ap-

411 2887 624 2941 parens.
659 2872 732 2928 Ut
771 2889 903 2945 ergo
945 2875 1213 2940 doctores,
1259 2879 1467 2933 etiamsi
1519 2879 1716 2934 multos
1767 2879 2000 2937 habeant

407 2962 720 3032 discipulos,
749 2965 975 3033 singulis
999 2977 1167 3021 artem
1197 2983 1346 3022 suam
1377 2969 1688 3040 impertiant
1722 2989 1735 3024 :
1769 2972 1836 3026 ita
1865 2983 1918 3027 et
1943 2983 1997 3028 tu

347 3095 360 3106 .
405 3055 604 3109 multos
631 3057 880 3126 acquiras
907 3057 1172 3114 beneﬁcio
1199 3060 1420 3116 affectos
1451 3079 1463 3115 :
1493 3072 1548 3116 et
1576 3063 1759 3118 dicant
1785 3079 1994 3130 otnues,

2117 371 2268 426 llunc
2307 371 2558 446 liberavit
2599 387 2628 424 a
2675 381 3010 442 paupertate,
3043 370 3190 424 illmn
3222 385 3250 422 a
3279 369 3580 440 periculis:
3623 383 3687 430 et,

2115 463 2208 518 Ille
2235 463 2508 533 periisset,
2535 464 2640 518 nisi
2667 479 2786 518 cuin
2811 463 2980 534 gratia
3013 463 3102 516 Dei
3133 461 3430 532 patrocinio
3461 473 3556 515 tuo
3581 477 3686 516 creo

2115 563 2234 624 ptus
2261 557 2446 612 fuisset
2475 577 2488 610 :
2515 565 2572 611 et
2613 557 2756 628 quod
2787 560 2927 612 hunc
2955 572 2986 612 a
3017 557 3226 621 tuorbo,
3257 556 3416 608 alium
3463 571 3494 608 a
3543 569 3686 625 syco-

2113 649 2328 719 pbantia
2355 651 2640 716 exemeris,
2681 651 2844 706 alium
2894 650 3158 720 ilospilcm
3208 651 3506 718 exet-peris,
3535 649 3686 702 al-um

2114 741 2314 796 iunium
2341 743 2608 799 vestieris.
2643 742 2942 798 lnnumeris
2983 741 3182 795 divitiis
3209 751 3264 796 et
3283 740 3562 814 thesauris
3589 755 3688 794 me-

2115 834 2246 888 liora
2290 845 2416 888 sunt
2457 834 2574 890 hzrc
2599 835 2802 899 verba;
2849 849 3146 904 omnesque
3184 833 3250 888 ad
3295 848 3354 888 sc
3379 843 3690 888 convertunt

2113 929 2282 998 magis
2327 943 2484 1000 quam
2535 930 2854 982 vestimenta
2913 941 3106 991 aurea,
3137 926 3260 996 equi
3311 935 3364 980 et
3407 925 3686 994 mancipia.

2113 1022 2239 1076 llzec
2267 1021 2410 1076 enim
2453 1019 2504 1075 id
2533 1021 2791 1085 efﬁciunt,
2823 1029 2882 1074 ut
2917 1019 3094 1088 gravis
3121 1027 3176 1073 et
3215 1017 3472 1072 molestus
3509 1017 3688 1071 videa-

2115 1125 2233 1180 tur;
2279 1125 2440 1186 atque
2485 1124 2540 1168 ut
2568 1115 2873 1170 communis
2926 1113 3098 1168 hostis
3123 1113 3248 1166 odio
3275 1112 3536 1167 habeatur
3571 1112 3690 1167 :illa

2111 1221 2242 1262 vero
2291 1215 2351 1261 ut
2395 1215 2601 1276 patrem
2630 1221 2975 1268 communem
3001 1221 3062 1258 ac
3095 1204 3390 1259 beneficum
3427 1205 3688 1274 depra-di-

2111 1311 2266 1367 eant;
2289 1310 2345 1356 et
2375 1299 2516 1372 quod
2544 1300 2781 1354 omnium
2817 1301 3106 1353 maximum
3129 1307 3232 1366 est,
3255 1298 3346 1353 Dei
3373 1298 3690 1352 benevolen-

2113 1392 2182 1447 tia
2207 1403 2292 1447 tua
2315 1407 2530 1462 semper
2567 1401 2716 1462 gesta
2734 1401 3009 1461 sequetur.
3047 1391 3197 1444 Dicat
3219 1403 3348 1459 ergo
3369 1388 3476 1450 hic,
3509 1388 3690 1444 Filium

2111 1499 2284 1538 meam
2297 1499 2418 1538 cum
2435 1483 2560 1537 dote
2579 1482 2804 1548 locavit;
2823 1481 2977 1544 alius,
2996 1480 3190 1535 Filium
3203 1495 3377 1535 meum
3397 1481 3450 1534 in
3465 1479 3688 1534 virorum

2111 1590 2392 1630 numerum
2431 1573 2611 1630 elferri
2645 1574 2886 1638 curavit;
2916 1573 3076 1638 alius,
3115 1569 3486 1627 Calamitatem
3529 1587 3688 1625 meam

2109 1669 2300 1734 solvit;
2323 1667 2480 1732 alius,
2497 1667 2578 1722 Me
2596 1683 2622 1719 a
2647 1666 2898 1736 periculis
2919 1665 3132 1734 eripuit.
3152 1664 3276 1720 Ila-c
3291 1665 3513 1720 coronis
3527 1665 3690 1718 aureis

2111 1763 2332 1818 meliora
2349 1760 2509 1816 verba
2529 1767 2673 1826 sunt,
2697 1760 2844 1814 mille.
2873 1758 3127 1813 nimirum
3150 1771 3426 1827 pr.rcones
3453 1757 3688 1826 benigni-

2109 1855 2234 1909 tatis
2257 1853 2490 1923 propritc
2525 1852 2576 1906 in
2619 1851 2838 1906 civitate
2865 1849 3068 1904 habere
3098 1866 3112 1903 :
3145 1849 3228 1903 lue
3267 1863 3466 1913 voces,
3510 1863 3692 1916 pra-co-

2109 1965 2234 2002 umn
2253 1947 2340 2018 qui
2361 1958 2484 2000 ante
2501 1947 2866 2016 magistratum
2887 1933 3146 1999 incedunt
3165 1957 3297 1998 voce
3315 1943 3481 2013 longe
3497 1941 3694 1996 dulcio-

2109 2055 2196 2095 res
2225 2039 2602 2108 suavioresque
2620 2045 2763 2103 sunt,
2783 2037 2961 2091 vocari
2983 2050 3178 2106 nempe
3211 2043 3575 2101 servatorem,
3609 2034 3694 2089 be-

2109 2135 2358 2198 neﬁcum,
2379 2144 2812 2204 patronum,quae
2838 2141 2964 2186 sunt
2995 2131 3090 2186 Dei
3121 2132 3502 2186 nominamon
3519 2140 3691 2186 artem

2107 2243 2346 2292 avarum,
2359 2233 2716 2292 arrogantem,
2737 2223 3110 2290 insatiabilem,
3129 2237 3374 2294 parcum.
3389 2221 3689 2292 Ne,qua:so.

2107 2336 2174 2374 ne
2207 2320 2370 2372 ullam
2403 2317 2564 2371 talem
2594 2331 2780 2371 vocem
2812 2321 3148 2384 appe’tamus,
3177 2315 3272 2370 sed
3313 2315 3542 2370 omnino
3569 2329 3694 2368 cou-

2111 2411 2320 2465 trarias.
2351 2409 2483 2462 Nam
2513 2409 2556 2462 si
2589 2407 2702 2461 bmc
2735 2407 2786 2460 in
2817 2408 2976 2461 terris
2997 2406 3228 2475 prolata,
3260 2407 3332 2460 ita
3357 2405 3694 2476 splendidum

2107 2511 2161 2558 et
2183 2504 2446 2558 illustrem
2471 2500 2702 2556 reddunt
2727 2517 2740 2565 ;
2771 2515 2892 2556 cum
2913 2515 2975 2554 ea
2997 2501 3198 2569 scripta
3221 2498 3421 2554 fuerint
3451 2500 3506 2553 in
3531 2501 3690 2564 erlis,

2107 2607 2162 2652 et
2207 2599 2259 2652 in
2302 2595 2392 2651 die
2435 2594 2620 2649 futuro
2659 2595 2798 2649 Deus
2843 2595 2930 2647 illa
2961 2593 3266 2663 protulerit,
3292 2594 3470 2662 cogita
3501 2607 3693 2663 quanta

2107 2690 2302 2744 frueris
2322 2689 2587 2753 claritate,
2619 2697 2822 2758 quanto
2841 2686 3162 2754 splendore:
3189 2701 3348 2756 quem
3383 2701 3484 2742 nos
3509 2702 3698 2742 omnes

2104 2783 2312 2852 assequi
2337 2779 2630 2850 contingat,
2659 2779 2828 2849 gratia
2851 2788 2904 2831 et
2929 2779 3260 2848 benignitate
3289 2777 3505 2833 Domini
3529 2780 3696 2834 nostri

2103 2875 2233 2933 Jcsu
2262 2875 2482 2941 Christi,
2531 2875 2747 2947 quicum
2802 2873 2944 2927 Patri
2985 2887 3200 2942 unaque
3241 2873 3468 2943 Spiritui
3513 2882 3698 2929 sancto

2104 2967 2296 3038 gloria,
2321 2965 2629 3036 imperium,
2661 2965 2854 3028 honor,
2889 2979 3032 3020 nunc
3061 2973 3119 3020 et
3143 2979 3376 3036 semper,
3405 2974 3462 3022 et
3503 2966 3558 3021 in
3597 2983 3694 3022 sa:-

2104 3065 2224 3120 cula
2255 3061 2600 3118 smculorum.
2624 3060 2818 3114 Amen.

403 3173 2410 3200 -ᾘ--ᾟῌ

1825 3269 2172 3332 HOMILIA
2215 3269 2306 3330 XI
2319 3314 2332 3329 .

407 3396 535 3454 CAP.
565 3399 618 3454 4.
651 3416 700 3453 v.
733 3401 786 3455 5.
817 3401 950 3455 Mihi
990 3413 1160 3456 autent
1207 3419 1301 3473 pro
1339 3404 1548 3460 minimo
1589 3415 1664 3460 est
1711 3415 1768 3460 ut
1796 3423 1829 3460 a
1859 3409 1998 3464 vobis

471 3491 697 3562 jndicer,
727 3502 815 3544 aut
841 3493 903 3546 ub
929 3493 1150 3548 humano
1174 3493 1256 3550 die
1277 3510 1298 3559 ;
1325 3495 1414 3550 sed
1451 3513 1612 3568 neque
1641 3498 1883 3568 nteipsum
1899 3501 1996 3570 ju-

476 3583 672 3650 dicoﬁ.
705 3583 859 3656 (nihil
901 3585 1034 3638 enim
1081 3586 1202 3639 nti/ti
1241 3587 1474 3642 conscius
1518 3604 1664 3654 sum;
1704 3591 1792 3643 sed
1817 3608 1916 3646 non
1944 3594 1998 3646 in

471 3675 566 3730 hoc
591 3675 906 3744 justi/ionius
929 3677 1100 3748 sunt):
1131 3679 1214 3748 qui
1238 3689 1406 3733 autent
1435 3679 1640 3750 judicat
1667 3698 1765 3746 nte,
1817 3681 1998 3736 Domi-

479 3787 576 3824 nus
601 3779 696 3824 est.

471 3865 524 3918 1.
557 3863 692 3916 Cum
726 3861 848 3918 aliis
891 3863 1046 3918 malis
1094 3864 1277 3919 nescio
1325 3865 1596 3934 quomodo
1625 3865 1872 3922 inductus
1914 3878 1998 3924 est

399 3956 454 4010 in
472 3956 748 4012 hominum
771 3967 1014 4012 naturam
1031 3958 1360 4013 curiositatis
1375 3970 1430 4014 et
1448 3961 1764 4030 importuna:
1785 3963 1996 4032 perqui-

399 4049 462 4102 sit
473 4049 610 4103 iouis
623 4048 843 4104 morbus
859 4065 871 4102 :
887 4064 1046 4118 quem
1058 4049 1220 4104 etiam
1239 4047 1480 4104 Christus
1497 4053 1774 4120 casugavit
1787 4053 1992 4110 dicens:
2005 4109 2018 4130 ,

409 4141 586 4196 Nolite
593 4143 832 4212 judicare
850 4183 866 4208 ,
901 4151 956 4196 ut
983 4159 1081 4196 non
1091 4143 1395 4213 judicemini
1423 4142 1635 4214 (Matth.
1662 4146 1716 4200 7.
1745 4146 1820 4216 l).
1839 4145 1992 4214 Quod

405 4245 552 4302 certe
573 4237 770 4292 nullam
799 4236 1126 4303 voluptatem
1153 4235 1332 4302 habet,
1361 4249 1416 4290 ut
1435 4237 1840 4293 habentcaitera
1869 4255 1995 4309 pec-

397 4339 538 4394 cata,
564 4328 658 4383 sed
675 4329 848 4382 solent
873 4342 1084 4397 penam
1106 4343 1170 4382 ac
1191 4329 1530 4397 supplicium.
1547 4329 1678 4384 Nam
1695 4347 1813 4384 eum
1840 4331 1996 4384 innu-

405 4419 568 4476 tueris
587 4420 774 4488 repleti
807 4421 976 4474 simus
997 4419 1173 4484 malis,
1194 4429 1249 4474 et
1269 4419 1446 4474 trabes
1469 4423 1702 4476 feramus
1725 4423 1776 4475 in
1799 4422 1992 4488 oculis,

395 4513 623 4583 proximi
665 4521 904 4581 peccata,
933 4513 1094 4567 etiam
1120 4527 1183 4566 ea
1211 4527 1331 4582 qua:
1359 4527 1388 4566 a
1433 4511 1656 4568 festucis
1708 4514 1840 4568 nihil
1884 4513 1992 4568 dif-

397 4606 596 4672 ferunt,
623 4613 874 4660 accurate
901 4603 1276 4658 cxaminamus
1311 4620 1324 4656 :
1361 4605 1502 4660 sicut
1539 4608 1698 4658 etiam
1748 4605 1994 4660 Corinthi

402 4698 618 4754 accidit.
674 4698 826 4752 \‘iros
871 4713 1106 4768 namque
1161 4701 1278 4768 pios
1302 4709 1356 4752 et
1411 4699 1520 4752 Deo
1567 4714 1724 4754 caros
1771 4709 1992 4770 propter

411 4790 676 4846 inscitiam
716 4789 1066 4846 traducebant
1095 4799 1152 4846 et
1191 4789 1502 4860 ejiciebanl,
1549 4791 1686 4846 alios
1727 4807 1874 4858 vero,
1903 4793 1992 4862 qui

407 4884 708 4938 innumeris
749 4891 906 4938 erant
937 4884 1082 4938 vitiis
1111 4885 1312 4949 onusti,
1344 4886 1520 4954 magni
1552 4881 1822 4940 faciebant
1867 4900 1994 4954 pro-

403 4987 521 5044 pter
550 4975 934 5045 eloquentiam.
951 4976 1180 5040 Deinde,
1201 4986 1467 5046 tamquam
1483 4976 1689 5046 judices
1721 4977 1992 5045 sedentes,

402 5069 516 5122 lnec
543 5069 852 5138 petulanter
896 5071 1342 5139 pronuntiabant:
1391 5070 1488 5125 ilic
1517 5071 1709 5141 dignus
1747 5081 1850 5138 est,
1895 5074 1994 5127 iste

403 5163 596 5216 melior
623 5161 713 5216 illo
754 5171 870 5227 est;
899 5171 952 5216 et
995 5161 1080 5218 hic
1111 5162 1184 5216 illi
1236 5162 1480 5230 inferior,
1527 5173 1584 5219 et
1611 5165 1699 5218 ille
1743 5165 1845 5219 isto
1879 5181 1992 5220 nte-

401 5257 526 5320 lior;
559 5267 612 5310 et
637 5269 730 5309 sua
763 5255 946 5326 lugere
982 5255 1122 5310 mala
1151 5269 1256 5310 non
1281 5268 1552 5320 curantes,
1583 5257 1812 5312 aliorum
1839 5258 1982 5326 judi-

400 5366 494 5405 res
515 5359 700 5416 erant;
729 5349 962 5420 hincque
1003 5350 1184 5419 gravia
1213 5349 1350 5404 bella
1379 5351 1742 5406 concitabant.
1795 5351 1992 5406 Paulus

402 5457 532 5512 ergo
585 5441 727 5497 hunc
774 5442 1021 5498 morbum
1073 5442 1288 5506 tollens,
1341 5441 1460 5497 vide
1497 5458 1654 5512 quam
1699 5444 1990 5512 prudenter

403 5533 526 5589 illos
565 5535 820 5603 corrigat.
865 5535 1152 5604 Postquam
1195 5533 1339 5590 enim
1371 5535 1527 5600 dixit,
1569 5533 1672 5588 Hic
1701 5537 1816 5606 jam
1849 5553 1987 5607 qum-

399 5625 532 5678 ritur
569 5625 705 5680 inter
733 5626 1107 5696 dispensatores
1149 5635 1200 5679 ut
1243 5625 1410 5694 ﬁdelis
1447 5627 1558 5698 quis
1602 5625 1906 5694 inveniatur,
1935 5634 1992 5682 et

403 5715 681 5782 videbatur
723 5717 828 5774 illis
869 5717 1070 5774 aditum
1109 5717 1242 5776 dare
1269 5718 1338 5773 ad
1381 5717 1726 5790 judicandam
1769 5729 1822 5774 et
1849 5734 1988 5774 exa-

2106 3411 2412 3466 minandam
2461 3411 2722 3481 cujusque
2772 3411 2968 3476 vitam;
3029 3412 3132 3468 hoc
3185 3429 3316 3468 vero
3373 3415 3694 3470 seditionem

2103 3502 2434 3557 concitabat:
2461 3517 2526 3556 ne
2548 3500 2650 3557 hoc
2675 3503 2779 3556 illis
2807 3503 3096 3570 accideret,
3125 3505 3192 3558 ab
3217 3505 3318 3560 hac
3341 3507 3698 3563 alterratione

2103 3594 2225 3648 illos
2251 3594 2494 3657 abduxit,
2533 3595 2750 3652 dicens:
2791 3595 2924 3650 Mihi
2951 3607 3122 3652 autem
3165 3615 3258 3668 pro
3297 3599 3510 3654 minimo
3543 3612 3618 3656 est
3645 3611 3698 3654 at

2101 3701 2134 3740 a
2154 3687 2286 3740 vobis
2299 3688 2534 3758 judicer;
2554 3701 2738 3742 rursus
2757 3703 3058 3744 sermonem
3083 3705 3368 3760 personam
3391 3706 3550 3747 suam
3573 3709 3698 3763 Spe-

2100 3791 2332 3834 ctantem
2365 3779 2658 3850 proferens.
2703 3780 2842 3848 Quid
2879 3781 2980 3836 sibi
3009 3783 3118 3836 vult
3143 3793 3324 3838 autem
3353 3785 3510 3850 illud,
3569 3786 3696 3839 Mihi

2100 3884 2268 3924 autem
2295 3888 2386 3940 pro
2417 3873 2626 3926 minimo
2647 3882 2720 3927 est
2749 3883 2807 3926 ut
2833 3889 2866 3926 a
2892 3873 3028 3928 vobis
3048 3875 3272 3944 judicer,
3303 3886 3395 3930 aut
3421 3879 3488 3930 ab
3513 3878 3698 3930 lutum-

2101 3979 2166 4015 no
2195 3963 2316 4016 die?
2361 3962 2640 4033 Indignum
2673 3980 2758 4020 me
2780 3963 2986 4033 judico,
3017 3965 3208 4036 inquit,
3239 3969 3328 4038 qui
3359 3984 3386 4020 a
3415 3969 3582 4024 vobis
3605 3971 3694 4039 ju-

2099 4053 2248 4107 dicer
2269 4069 2287 4118 ;
2313 4063 2368 4109 ct
2393 4055 2518 4125 quid
2548 4056 2670 4110 dico
2696 4072 2724 4110 a
2751 4055 2941 4111 vobis?
2968 4057 3062 4112 sed
3091 4059 3251 4112 etiam
3279 4077 3306 4110 a
3347 4076 3698 4130 quocumque

2097 4146 2294 4214 aliquo.
2349 4147 2454 4202 Sed
2509 4163 2669 4202 nemo
2707 4147 2930 4204 Paulum
2985 4151 3314 4220 arr0gautite
3362 4164 3608 4217 accuset,
3653 4155 3696 4208 si

2099 4242 2300 4296 nullum
2347 4241 2622 4296 hominem
2663 4244 2884 4313 dignum
2929 4259 3050 4300 esse
3089 4245 3254 4310 dicat,
3285 4247 3376 4316 qui
3415 4258 3614 4302 contra
3641 4265 3700 4302 se

2097 4334 2358 4387 calculum
2383 4333 2538 4389 ferat.
2565 4335 2746 4390 Primo
2768 4336 2911 4396 enim
2941 4351 3046 4390 non
3075 4347 3298 4408 propter
3319 4353 3380 4393 se
3408 4339 3514 4394 hoc
3541 4341 3696 4404 dicit,

2099 4424 2190 4480 sed
2221 4434 2276 4478 ut
2301 4425 2434 4481 alios
2461 4426 2528 4481 ab
2555 4426 2766 4481 illorum
2797 4427 3040 4482 molestia
3078 4428 3302 4497 eripiat:
3341 4429 3546 4486 deinde
3593 4448 3696 4486 non

2098 4518 2164 4574 ad
2193 4518 2498 4574 Corinthios
2520 4529 2724 4575 tantum
2754 4535 2842 4575 res
2867 4530 3108 4592 spectat;
3135 4521 3230 4576 sed
3257 4525 3420 4578 etiam
3449 4525 3696 4592 seipsum

2098 4625 2128 4664 a
2155 4610 2246 4663 tali
2271 4610 2474 4678 judicio
2503 4611 2752 4677 removit,
2783 4611 2958 4682 majus
2983 4625 3078 4666 sua
3107 4621 3288 4668 mente
3311 4613 3498 4668 dicens
3527 4615 3602 4671 de
3625 4625 3700 4670 ta-

2098 4701 2236 4756 libus
2261 4701 2525 4756 calculum
2556 4701 2724 4758 ferre:
2751 4703 3196 4774 subjunxitergo,
3227 4702 3411 4774 Neque
3440 4708 3698 4774 meipstutt

2088 4793 2289 4865 judico.
2339 4793 2419 4848 Ad
2449 4794 2564 4850 haec
2589 4809 2718 4849 vero
2757 4809 2918 4850 causa
2947 4810 3161 4864 quoque
3187 4797 3564 4852 exantinanda
3595 4809 3696 4862 est,

2097 4903 2198 4955 qua
2229 4896 2403 4940 motus
2428 4887 2541 4942 huic
2586 4887 2830 4942 dicebat:
2873 4888 3010 4944 solet
3044 4889 3188 4943 enim
3233 4903 3378 4958 saepe
3407 4891 3700 4960 magniﬁce

2098 4979 2262 5048 loslui,
2312 4995 2417 5034 non
2463 4995 2530 5035 ex
2567 4978 2704 5034 fastu
2751 4981 2834 5036 vel
2877 4981 3206 5051 arrogantia,
3253 4981 3347 5036 sed
3395 4997 3460 5036 ex
3487 4983 3700 5052 Optima

2096 5069 2529 5140 dispensatione:
2575 5071 3006 5141 quandoquidem
3059 5089 3200 5128 nunc
3254 5089 3363 5128 non
3411 5075 3534 5143 ipse
3577 5090 3702 5130 sese

2096 5163 2400 5229 extollens,
2443 5162 2538 5218 sed
2579 5163 2717 5218 alios
2764 5163 3105 5234 deprimens,
3155 5165 3272 5220 haec
3315 5167 3600 5237 loquitur,
3645 5179 3704 5224 ut

2095 5255 2406 5324 dignitatem
2453 5256 2653 5310 sanctis
2678 5255 2860 5310 addat.
2909 5256 3062 5324 Quod
3088 5258 3232 5314 enim
3259 5258 3562 5314 admodum
3597 5261 3702 5316 hu-

2097 5347 2237 5402 milis
2277 5357 2441 5411 esset,
2481 5345 2604 5402 audi
2650 5347 2777 5416 quid
2819 5348 2982 5412 dicat,
3027 5348 3366 5404 inimicorum
3413 5349 3518 5405 hac
3549 5351 3706 5408 dere

2097 5439 2461 5494 testimonium
2484 5440 2539 5493 in
2559 5439 2790 5494 medium
2817 5440 3125 5496 adducens:
3153 5439 3438 5499 Ρηεεεηεία
3457 5445 3704 5514 corporis

2094 5533 2300 5601 inﬁrma
2319 5541 2412 5602 est,
2442 5541 2490 5585 et
2527 5549 2694 5590 sermo
2733 5544 3050 5606 contemptus
3081 5535 3158 5607 (2.
3189 5536 3306 5590 Cor.
3337 5535 3428 5591 ιο.
3461 5537 3562 5606 10)
3587 5554 3605 5602 ;
3649 5547 3706 5593 et

2093 5641 2332 5691 rursum,
2389 5623 2680 5682 Nouissime
2707 5638 2875 5682 autem
2905 5637 3148 5699 tanquam
3184 5629 3416 5684 abortivo
3441 5631 3596 5684 uisus
3623 5641 3702 5686 est

2095 5729 2140 5772 et
2168 5717 2290 5770 mihi
2325 5715 2401 5787 (l.
2433 5715 2553 5772 Cor.
2585 5717 2671 5774 l5.
2704 5718 2780 5791 8).
2817 5720 3064 5774 Attamen
3093 5718 3312 5774 humilis
3333 5718 3446 5787 ille,
3475 5729 3702 5790 tempo-
