3838 6214
235 345 314 401 89
506 334 517 341 ’
1340 334 1408 391 ΙΝ
1446 333 1662 390 EPlST.
1701 332 1717 386 I
1782 334 1821 388 Α

1933 333 2069 401 ΞΟΠ.
2113 334 2343 391 110313..
2392 336 2480 391 Si.
3449 340 3521 395 90

238 480 302 520 re
324 470 568 527 vocante,
596 459 719 520 vide
742 473 851 530 quo
886 455 1272 527 discipulorum
1318 452 1640 510 sententiam
1667 459 1818 506 extu-

239 556 383 617 lerit,
415 569 519 610 non
546 552 741 606 fastum
782 551 1008 616 docens,
1050 550 1144 604 sed
1171 545 1335 603 Sanos
1362 546 1551 601 indens
1578 543 1821 614 spiritus.

238 646 389 716 Ipsos
412 644 554 699 enim
581 642 859 713 alloquens
885 641 1126 697 dicebat:
1160 639 1224 694 Et
1246 643 1294 695 si
1317 639 1371 693 in
1397 637 1535 693 vobis
1554 636 1825 707 judicautr

237 737 480 801 orandus,
528 736 725 807 indigni
765 736 887 791 eui:
915 734 1136 788 minimis
1163 733 1369 799 iudiciis
1402 732 1479 799 (1.
1511 729 1632 785 Cor.
1659 730 1711 784 6.
1740 728 1819 797 2).

238 832 309 889 Ut
348 832 490 887 enim
537 830 898 884 Christianum
946 837 1159 897 oportet
1207 827 1362 896 longe
1412 824 1481 879 ab
1517 823 1821 894 arrogantia

235 939 376 987 esse,
411 924 478 977 ita
506 932 559 976 et
580 922 647 976 ab
673 921 978 975 adulatione
1005 928 1058 975 et
1103 919 1170 973 ab
1200 916 1449 973 illiberali
1478 928 1663 970 sensu.
1714 913 1820 969 Ne-

233 1032 342 1080 que
385 1015 527 1069 enim
573 1015 616 1067 si
668 1013 931 1082 quispiam
975 1010 1190 1075 dixerit,
1244 1009 1505 1066 Pecunias
1547 1007 1676 1063 nihil
1705 1021 1823 1061 esse

228 1117 387 1176 puto,
415 1104 508 1161 sed
534 1104 818 1174 praesentia
846 1103 1023 1157 omnia
1070 1102 1197 1156 mihi
1229 1101 1417 1154 umbra
1449 1109 1502 1155 et
1549 1100 1820 1154 somnium

232 1209 364 1253 sunt
384 1215 451 1254 ac
494 1214 778 1269 [mororum
808 1197 1065 1261 ludibria;
1114 1195 1435 1265 arrogattlize
1464 1195 1634 1263 ipsum
1663 1207 1822 1247 accu-

232 1295 473 1348 sabimns
507 1292 670 1347 :Natn
700 1293 778 1345 sic
818 1290 1159 1346 Salomonem
1189 1289 1351 1342 etiam
1379 1287 1702 1357 arrogantim
1728 1300 1819 1340 ac-

232 1388 544 1441 ruSubiuius
584 1400 704 1438 cum
735 1384 908 1438 dehis
936 1382 1096 1436 rebus
1132 1380 1537 1451 philosophatur
1560 1387 1614 1433 et
1656 1377 1819 1433 dicit:

247 1480 457 1533 l’auitas
504 1479 804 1542 veniturum,
850 1484 899 1530 et
940 1476 1111 1529 omnia
1142 1474 1338 1528 vanitas
1385 1471 1609 1547 (Eccles.
1640 1473 1692 1527 1.
1731 1473 1813 1541 2).

227 1575 339 1629 Sed
367 1573 499 1627 absit
531 1580 589 1626 ut
614 1570 929 1640 arrogantiae
954 1567 1173 1622 nomine
1206 1565 1601 1637 philosOphiam
1633 1563 1821 1634 appel-

231 1666 431 1721 lemus.
481 1663 595 1719 Non
625 1674 706 1717 est
735 1677 863 1731 ergo
899 1660 1204 1731 arrogantia
1251 1659 1367 1714 hinc
1392 1658 1694 1728 deSpicere,
1725 1655 1821 1712 sed

230 1759 401 1813 animi
430 1754 762 1828 magnitudo,
812 1754 933 1808 licet
967 1752 1245 1807 videamus
1274 1766 1427 1822 reges
1459 1761 1513 1806 et
1554 1749 1823 1821 principes

232 1853 327 1908 il'a
356 1850 457 1906 sibi
487 1849 778 1904 vindicare.
807 1846 999 1903 Verum
1027 1860 1227 1915 panper
1262 1845 1353 1916 qui
1394 1844 1817 1914 philosophatur,

233 1946 328 2000 ille
353 1959 499 2013 smpe
535 1940 797 2011 despicit:
855 1955 1031 2009 neque
1081 1938 1202 1992 ideo
1258 1937 1406 1991 illum
1457 1950 1818 2007 arrogantem,

229 2040 328 2094 sed
360 2037 751 2109 magnanimum
781 2034 1021 2089 dicemus
1066 2049 1079 2089 :
1130 2033 1268 2087 sicut
1300 2047 1397 2086 nec
1419 2048 1565 2096 eum,
1587 2032 1676 2101 qui
1710 2031 1823 2087 Ita-c

230 2144 561 2198 magnopere
598 2128 695 2181 sibi
724 2126 973 2189 vindicat,
1013 2124 1264 2178 humilem
1294 2134 1345 2178 et
1376 2124 1695 2189 modestum,
1726 2124 1819 2177 sed

230 2221 528 2283 ἱειῐὶηιιιιιιι,
559 2218 734 2291 pusilli
763 2218 928 2272 animi
980 2228 1031 2271 et
1076 2215 1393 2272 illiberalem
1431 2217 1694 2271 dicemus.
1730 2216 1824 2270 Et-

226 2314 379 2368 enim
412 2314 455 2366 si
488 2315 606 2381 quis
638 2312 775 2365 illius
818 2326 880 2364 ea
907 2326 1027 2381 quae
1074 2310 1139 2363 ad
1172 2318 1376 2379 patrem
1426 2310 1694 2376 pertinent
1729 2309 1823 2364 de-

224 2406 712 2477 s1iiceret,servilia
744 2415 922 2459 autem
972 2404 1344 2465 admiraretur,
1393 2416 1501 2455 non
1531 2402 1681 2471 quasi
1719 2401 1817 2455 hu-

226 2502 416 2554 miletn
484 2498 633 2557 illum
696 2496 1057 2561 landaremus,
1122 2493 1216 2549 sed
1270 2505 1328 2548 ut
1396 2494 1707 2549 illiberalem
1766 2503 1820 2548 et

225 2597 490 2650 servilem
534 2595 994 2665 vituperaretnns;
1039 2592 1315 2660 ipsumque
1341 2605 1467 2643 vero
1506 2590 1821 2644 miraremur

223 2691 270 2740 si
324 2688 411 2742 illa
452 2687 773 2757 despiceret,
815 2696 868 2738 et
912 2693 1131 2755 paterna
1161 2684 1347 2753 magni
1397 2684 1615 2737 faceret.
1657 2684 1820 2737 Arro-

220 2798 257 2851 ς
280 2782 425 2835 -ttli:e
451 2782 597 2834 enim
629 2788 729 2842 est,
763 2794 823 2834 se
847 2778 1129 2833 conservis
1177 2777 1453 2830 meliorem
1480 2791 1603 2831 esse
1632 2775 1819 2833 existi.

225 2890 417 2936 mare;
451 2872 542 2927 sed
569 2888 686 2928 eam
719 2888 838 2940 quin
867 2886 991 2924 vere
1022 2881 1098 2923 ρει
1142 2869 1209 2923 de
1242 2869 1399 2921 rebus
1430 2871 1570 2923 ferre
1598 2878 1818 2921 senten-

223 2970 382 3031 tiam,
423 2983 528 3021 non
568 2967 888 3031 arrogantius
937 2974 1040 3028 est,
1074 2964 1167 3018 sed
1208 2963 1580 3034 philosophite.

294 3063 357 3115 2.
392 3061 517 3116 ideo
550 3060 745 3114 Paulus
791 3075 897 3111 non
954 3073 1013 3112 se
1041 3057 1324 3123 extollens,
1344 3056 1437 3111 sed
1480 3056 1616 3110 alios
1647 3056 1822 3110 humi-

224 3154 388 3217 lians,
419 3162 474 3207 et
497 3166 618 3207 sese
643 3150 929 3207 elici-entes
968 3150 1277 3218 deprimens
1306 3158 1360 3203 et
1403 3148 1674 3203 modestos
1699 3162 1821 3204 esse

224 3244 487 3305 suadens,
518 3243 760 3298 dicebat:
815 3241 945 3294 Mihi
998 3252 1165 3294 mitem
1218 3256 1311 3308 pro
1356 3238 1564 3293 minimo
1601 3251 1673 3292 est
1714 3248 1821 3293 uta

223 3338 372 3391 vobis
390 3335 612 3401 judicer,
659 3346 745 3388 aut
778 3335 840 3387 ab
880 3334 1107 3387 humano
1154 3332 1257 3386 die.
1318 3332 1505 3387 Viden’
1551 3332 1821 3402 quomodo

224 3432 360 3486 illos
397 3430 705 3484 curaverit?
744 3429 874 3483 Nam
906 3432 994 3498 qui
1031 3428 1258 3482 audierit
1285 3428 1426 3497 quod
1457 3443 1643 3482 omnes
1672 3427 1816 3482 sitni-

225 3524 359 3578 liter
387 3522 670 3590 despiciat,
703 3530 756 3575 et
783 3536 812 3575 a
844 3521 993 3574 nullo
1015 3520 1241 3590 judicari
1270 3519 1537 3589 dignetur,
1580 3536 1684 3574 non
1713 3519 1814 3574 uti—

222 3633 340 3686 que
368 3616 561 3671 dolebit
594 3615 743 3685 quasi
774 3614 887 3684 ipse
910 3614 1057 3669 Solus
1086 3614 1308 3684 ejectus.
1340 3612 1473 3667 Nam
1502 3614 1543 3666 si
1573 3613 1816 3679 dixisset,

223 3710 268 3763 Α
292 3708 450 3762 vobis
468 3718 691 3770 tantum,
713 3718 766 3761 et
791 3706 1046 3773 siluisset,
1065 3706 1164 3761 hoc
1182 3705 1301 3760 illos
1318 3705 1567 3760 mordere
1590 3715 1818 3775 poterat,

223 3801 388 3871 quasi
418 3801 651 3871 despecti
684 3799 908 3855 fuissent
934 3818 946 3853 :
979 3816 1118 3855 nunc
1143 3809 1319 3854 autem
1350 3813 1471 3852 cum
1499 3797 1679 3863 addit,
1713 3796 1822 3852 Nec

225 3895 292 3947 ab
326 3896 549 3947 humano
578 3894 679 3960 die,
731 3894 899 3964 plaga:
927 3893 1373 3949 medicamentum
1416 3893 1677 3957 adhibuit,
1700 3906 1821 3946 cum

226 3988 369 4056 ipsis
402 3987 518 4040 talis
554 3995 893 4056 Contemptus
932 3986 1109 4041 socios
1141 3984 1455 4056 assignavit.
1488 3984 1591 4040 Sed
1621 3992 1675 4040 et
1711 3985 1824 4054 ipse

226 4098 451 4152 quoque
476 4082 595 4135 huic
620 4081 692 4136 rei
716 4096 900 4134 rursus
924 4079 1190 4144 medetur,
1216 4079 1508 4150 adjiciens:
1534 4078 1640 4133 Sed
1667 4094 1825 4150 neque

225 4175 488 4242 meipsam
503 4173 707 4245 judico.
735 4172 866 4227 Vide
886 4173 1155 4241 quomodo
1174 4171 1373 4226 dictum
1398 4170 1524 4226 illud
1555 4186 1659 4225 non
1682 4185 1823 4226 arro-

226 4266 473 4338 gantiam
497 4266 699 4335 sapiat:
722 4280 895 4336 neque
912 4266 1052 4320 enim
1079 4279 1139 4320 se
1174 4263 1305 4319 satis
1321 4277 1441 4319 esse
1469 4263 1598 4318 dicit
1629 4262 1693 4318 ad
1724 4261 1827 4319 hoc

227 4371 490 4417 accurate
524 4361 905 4431 praestandum.
941 4359 1142 4415 Deinde
1170 4359 1292 4429 quia
1339 4359 1440 4413 hoc
1479 4359 1678 4413 dictum
1706 4371 1829 4414 sese

229 4456 529 4510 admodum
543 4454 849 4510 extollentis
863 4454 1143 4509 videbatur
1154 4468 1294 4516 esse,
1310 4450 1360 4507 id
1375 4452 1603 4507 correxit
1619 4451 1825 4507 dicens:

232 4549 349 4604 Sed
390 4566 490 4602 non
520 4549 573 4602 in
602 4548 696 4601 hoc
715 4548 1030 4617 justiﬁcatus
1075 4562 1208 4600 sunt.
1240 4544 1377 4610 Quid
1421 4544 1619 4614 igitur?
1647 4558 1825 4598 annon

231 4648 516 4710 oportctet
529 4654 589 4694 se
605 4649 659 4694 et
673 4648 885 4709 peccata
901 4637 1181 4707 judicare?
1200 4636 1426 4691 Maxime
1440 4635 1653 4706 quidem
1670 4650 1831 4706 opor-

234 4743 309 4788 tet
332 4734 433 4787 hoc
453 4734 626 4787 facere
645 4748 764 4787 cum
781 4747 1082 4803 peccamus;
1103 4730 1196 4786 sed
1210 4730 1405 4785 Paulus
1423 4730 1523 4783 hoc
1541 4746 1643 4783 non
1662 4728 1827 4786 dixit:

236 4826 392 4879 Nihil
409 4827 542 4879 enim
564 4826 687 4878 mihi
707 4826 936 4879 conscius
979 4840 1112 4886 sum,
1160 4824 1350 4892 inquit.
1382 4824 1659 4890 Quodnam
1699 4837 1833 4894 ergo

236 4930 519 4991 peccatum
552 4919 886 4986 judicatnius
915 4927 1049 4984 erat,
1081 4934 1201 4974 cuin
1256 4918 1385 4972 nihil
1438 4919 1537 4972 sibi
1586 4918 1832 4975 conscius

236 5012 422 5068 esset?
446 5012 538 5066 Ille
560 5028 687 5065 vero
705 5027 812 5065 non
832 5011 960 5065 dicit
980 5027 1036 5065 se
1060 5024 1180 5066 esse
1194 5011 1562 5079 justitioatotn.
1582 5010 1681 5076 Qui
1703 5025 1832 5081 ergo

235 5103 626 5160 conscientiam
653 5102 914 5158 habemus
939 5102 1084 5157 mille
1126 5102 1439 5157 vulneribus
1475 5102 1708 5155 sauciam
1730 5144 1746 5170 ,
1776 5111 1833 5157 et

236 5196 441 5249 nullius
460 5193 585 5247 boni
619 5193 771 5247 nobis
802 5194 1004 5248 conscii
1026 5208 1213 5249 sumus
1234 5234 1247 5257 ,
1280 5195 1373 5248 sed
1412 5202 1579 5247 totum
1612 5202 1829 5246 contra-

244 5288 383 5343 rimn
415 5330 429 5351 ,
460 5287 585 5355 quid
614 5285 944 5341 dixerimus?
984 5295 1039 5340 et
1069 5285 1335 5356 quomodo
1381 5285 1471 5339 ille
1498 5285 1694 5339 nullius
1727 5284 1828 5340 sibi

236 5380 489 5434 Conscius
517 5379 663 5443 mali,
686 5394 792 5432 non
810 5377 1133 5448 justilicatus
1158 5378 1306 5432 erat?
1332 5377 1462 5445 Quia
1490 5377 1831 5447 contingebat

240 5472 392 5525 illum
407 5473 583 5541 aliqua
603 5471 885 5525 admittere
911 5480 1149 5540 peccata,
1177 5486 1294 5539 qua:
1315 5470 1428 5539 ipse
1449 5472 1680 5526 nesciret
1709 5486 1830 5526 esse

242 5574 483 5633 peccata.
512 5561 647 5615 Hinc
686 5562 857 5631 cogita
888 5576 1048 5630 quam
1094 5561 1197 5616 erit
1238 5568 1545 5615 accuratum
1595 5560 1828 5616 futurum

236 5656 520 5725 judicium.
545 5654 659 5711 Non
677 5670 826 5724 ergo,
846 5654 986 5724 quod
1008 5654 1153 5707 omni
1168 5652 1583 5723 reprehensione
1606 5669 1828 5710 vacuum

240 5760 302 5803 ee
322 5757 553 5816 putaret,
572 5762 630 5803 se
646 5748 916 5818 indignum
935 5762 1054 5802 esse
1070 5746 1219 5813 dicit,
1233 5746 1321 5817 qui
1336 5748 1401 5801 ab
1424 5746 1825 5816 lllisjndicetur,

248 5839 346 5895 sed
374 5841 614 5912 reprimit
635 5856 732 5898 eos
758 5841 849 5913 qui
876 5838 1269 5897 inconsiderato
1295 5838 1395 5895 hoc
1425 5838 1680 5896 facerent.
1711 5840 1823 5895 Ali-

1940 452 1989 507 bi
2009 452 2173 518 enim,
2189 452 2394 507 etiamsi
2418 463 2630 523 peccata
2652 470 2755 509 non
2778 454 3053 509 manifesta
3075 465 3275 523 essent,
3300 457 3416 513 aliis
3435 457 3518 523 ju-

1932 544 2127 601 dicium
2142 546 2284 601 ferre
2302 547 2563 616 permisit,
2583 551 2832 619 quoniam
2847 549 2947 603 hoc
2967 549 3268 619 postulabat
3285 560 3516 621 tempus.

2003 639 2082 694 De
2109 641 2227 695 aliis
2256 656 2357 696 non
2390 641 2734 712 judicamlum
2763 653 2855 697 est.
2891 672 2961 683 --
3008 643 3144 709 Quid
3187 645 3330 698 enim
3353 686 3369 710 ,
3402 645 3475 698 ait
3505 688 3517 708 ,

1923 732 2131 803 judico:
2160 732 2371 799 fratrem
2407 743 2550 787 tuum
2572 736 2599 789 ?
2640 744 2688 789 et
2724 745 2778 788 tn
2824 752 2917 788 car
2946 736 3158 803 fratrem
3202 745 3340 790 tuum
3372 738 3517 790 nihil:

1932 825 2059 893 facis
2090 823 2263 895 (Rom.
2290 826 2378 880 14.
2424 826 2557 896 l0)?
2605 826 2721 881 Non
2765 827 2908 883 enim
2942 826 3044 885 hoc
3084 827 3177 884 tibi
3207 827 3515 883 mandatum

1931 927 2009 972 est
2028 958 2044 983 ,
2074 933 2106 972 ο
2135 917 2295 972 homo
2315 961 2330 985 ,
2359 930 2415 973 ιιι
2458 920 2593 974 alios
2612 920 2822 989 judices
2848 964 2862 987 ,
2892 921 2984 976 sed
3014 929 3071 976 ut
3100 931 3185 976 tua
3216 928 3514 977 examines.

1930 1009 2037 1067 Cnr
2065 1026 2161 1082 ego
2194 1012 2398 1067 Domini
2443 1025 2620 1083 partes
2650 1015 2883 1085 arripis?
2928 1015 3070 1070 illius
3111 1026 3195 1071 est
3230 1015 3472 1086 judicare
3500 1057 3514 1079 ,

1932 1119 2037 1157 non
2084 1113 2251 1158 tnutn.
2297 1106 2472 1172 Quare
2521 1106 2795 1177 subjungit
2839 1126 2850 1161 :
2894 1108 2943 1163 5.
2985 1108 3166 1178 Itaque
3201 1110 3357 1163 nolite
3399 1122 3516 1164 ante

1931 1205 2129 1266 tempus
2170 1198 2412 1267 judicare
2439 1239 2455 1265 ,
2487 1201 2818 1271 quoadusque
2850 1206 3009 1254 rcniut
3042 1201 3291 1257 Dominus
3311 1245 3326 1268 ,
3356 1203 3443 1272 qui
3469 1214 3516 1255 et

1929 1288 2238 1351 illuminabit
2258 1289 2556 1346 abscondita
2582 1292 2934 1358 tenebrarum,
2964 1302 3010 1348 et
3038 1294 3380 1365 manifestabit
3402 1310 3515 1347 ron-

1930 1383 2048 1437 silia
2076 1384 2302 1437 cordinm
2327 1401 2346 1439 :
2377 1394 2423 1439 et
2453 1395 2572 1439 tunc
2604 1386 2715 1441 laus
2743 1387 2834 1440 erit
2864 1388 3132 1458 unicuique
3160 1406 3191 1442 ιι
3223 1387 3345 1441 Deo.
3376 1388 3511 1456 Quid

1930 1491 2078 1545 ergo,
2112 1491 2217 1531 non
2250 1487 2462 1547 oportet
2490 1478 2739 1535 doctores
2769 1480 2869 1535 hoc
2901 1481 3117 1536 facere?
3145 1481 3367 1551 Oportet
3392 1484 3511 1552 qni-

1928 1568 2050 1629 detn
2089 1568 2140 1623 in
2174 1571 2409 1640 peccatis
2439 1572 2738 1627 manifestis
2759 1614 2774 1639 ,
2806 1589 2930 1643 qua:
2975 1573 3025 1626 in
3057 1573 3309 1635 confesso
3345 1586 3470 1629 sunt
3496 1616 3512 1639 ,

1930 1661 2091 1732 idque
2140 1666 2456 1733 congruenti
2516 1676 2789 1736 tempore;
2841 1682 2961 1721 cum
3017 1678 3141 1722 tunc
3195 1668 3413 1725 doleant
3461 1678 3516 1725 et

1929 1756 2296 1819 mordeantur.
2348 1758 2468 1814 Non
2513 1769 2569 1813 ut
2609 1770 2734 1816 tunc
2780 1761 2856 1816 illi
2911 1762 3206 1831 faciebant,
3250 1780 3319 1819 ex
3369 1765 3512 1831 inani

1927 1848 2096 1919 gloria
2122 1856 2178 1905 et
2218 1850 2544 1921 arrogantia.
2579 1851 2674 1907 llic
2701 1853 2845 1907 enim
2886 1870 2994 1909 non
3038 1856 3104 1909 de
3135 1857 3369 1924 peccatis
3409 1858 3514 1913 illis

1930 1941 2165 2011 loquitur
2187 1983 2203 2007 ,
2234 1958 2353 2012 qua:
2380 1942 2433 1997 itt
2460 1943 2711 1999 confesso
2738 1955 2925 2012 erant,
2958 1947 3051 2000 sed
3095 1948 3237 2017 quod
3265 1948 3411 2003 illum
3437 1950 3515 2003 al-

1931 2034 2029 2089 teri
2073 2033 2414 2103 praeferrent,
2440 2045 2494 2090 et
2538 2035 2701 2090 vitam
2734 2036 2945 2090 illorum
2997 2049 3388 2106 compararent.
3438 2040 3515 2096 De

1929 2128 2012 2183 his
2042 2130 2184 2184 enim
2216 2128 2305 2184 ille
2334 2128 2483 2185 solus
2530 2139 2780 2186 accurate
2823 2129 3065 2201 judicare
3094 2133 3270 2197 novit,
3302 2133 3391 2203 qui
3418 2148 3515 2189 oc-

1926 2221 2068 2276 culta
2097 2228 2279 2277 nostra
2299 2220 2635 2291 judicatnrus
2656 2230 2775 2288 est;
2798 2237 3038 2292 quamam
3070 2223 3273 2278 scilicet
3299 2225 3510 2295 majori,

1926 2331 2174 2386 quamam
2201 2315 2397 2371 minori
2427 2316 2510 2371 vel
2540 2316 2805 2386 supplicio
2836 2316 2917 2371 vel
2945 2316 3149 2372 honore
3178 2317 3335 2387 digna
3361 2319 3471 2376 sint
3495 2337 3510 2375 :

1926 2426 2026 2466 nos
2049 2426 2179 2466 vero
2200 2410 2495 2467 secundum
2524 2411 2575 2466 id
2610 2410 2751 2479 quod
2783 2420 3005 2481 apparet
3033 2410 3149 2467 huic
3180 2410 3423 2468 facimus.
3454 2412 3514 2470 Si

1923 2504 2067 2559 enim
2091 2545 2107 2571 ,
2138 2505 2344 2576 inquit,
2369 2506 2420 2577 ip
2444 2506 2637 2575 quibus
2663 2505 2781 2574 ipse
2812 2507 3058 2575 peccavi,
3087 2505 3216 2560 nihil
3247 2505 3393 2562 clare
3417 2521 3515 2562 no-

1927 2598 1997 2665 vi,
2022 2598 2295 2669 quomodo
2317 2598 2511 2670 dignus
2540 2599 2728 2653 luerim
2753 2598 2840 2670 qui
2864 2598 2932 2653 de
2952 2600 3072 2654 aliis
3098 2598 3266 2654 feram
3293 2607 3514 2654 senten-

1926 2691 2102 2746 tiam?
2144 2691 2414 2761 quomodo
2439 2691 2527 2760 qui
2569 2706 2685 2744 mea
2718 2707 2821 2744 non
2860 2699 3109 2745 accurate
3153 2692 3306 2756 novi,
3338 2689 3511 2746 aliena

1925 2784 2411 2855 poterojudicare?
2436 2784 2492 2839 Si
2514 2798 2643 2838 vero
2668 2782 2867 2837 Paulus
2896 2781 2998 2836 hoc
3023 2782 3168 2847 fecit,
3204 2784 3368 2837 multo
3396 2798 3511 2837 Ina-

1922 2877 2005 2946 gis
2036 2891 2154 2930 nos.
2194 2876 2317 2929 llam
2355 2876 2498 2929 enim
2541 2875 2785 2940 dicebat,
2819 2890 2923 2928 non
2954 2883 3013 2927 ut
3059 2889 3118 2929 se
3147 2874 3279 2929 nulli
3325 2890 3510 2944 repre-

1926 2970 2171 3024 hensioni
2216 2970 2505 3023 obnoxium
2546 2966 2896 3033 ostenderet,
2943 2967 3037 3023 sed
3071 2976 3127 3022 ut
3166 2967 3465 3023 declararet
3493 3011 3509 3033 ,

1922 3062 2134 3117 etiamsi
2159 3061 2280 3132 quis
2300 3060 2439 3132 apttd
2468 3060 2588 3116 illos
2613 3067 2759 3116 esset
2788 3059 2876 3129 qui
2905 3074 3007 3113 non
3032 3059 3381 3130 peccavisset,
3404 3076 3510 3115 non

1923 3156 2144 3227 dignum
2193 3166 2371 3211 tamen
2415 3169 2537 3210 esse
2580 3154 2670 3223 qui
2731 3152 2799 3209 de
2845 3152 3071 3207 aliorum
3119 3153 3224 3208 vita
3261 3152 3509 3223 iudicet;

1924 3260 1979 3303 ct
2007 3249 2149 3319 quod
2189 3248 2236 3303 si
2277 3248 2322 3302 is
2342 3290 2356 3315 ,
2388 3247 2481 3317 qui
2512 3246 2709 3301 nullius
2736 3246 2856 3299 mali
2890 3246 2988 3299 sibi
3030 3246 3277 3300 conscius
3306 3257 3422 3309 est,
3454 3261 3513 3300 se

1924 3341 2220 3395 obnoxium
2250 3354 2371 3394 esse
2396 3338 2548 3402 dicit,
2581 3338 2750 3390 multo
2772 3337 2941 3407 magis
2963 3337 3257 3403 ὶιιίθιυιιι,
3288 3337 3376 3407 qui
3402 3338 3512 3391 titil-

1924 3435 1972 3488 lu
2025 3443 2369 3504 peccatorum
2415 3431 2516 3485 sibi
2561 3431 2762 3485 conscii
2805 3439 2949 3485 sunt.
2995 3427 3127 3483 Cum
3157 3429 3238 3486 sic
3277 3446 3405 3501 ergo
3449 3446 3511 3486 os

1924 3527 2287 3581 obstruxisset
2329 3541 2557 3590 eorum,
2603 3525 2693 3594 qui
2738 3523 2863 3578 talia
2903 3522 3100 3592 judicia
3146 3522 3375 3589 ferrent,
3419 3523 3513 3578 dc-

1925 3633 2071 3671 mum
2118 3618 2467 3687 parturientis
2496 3632 2645 3671 more
2668 3617 2824 3686 gestit
2865 3616 3166 3685 irrumpere
3196 3617 3248 3671 in
3275 3615 3510 3671 fornica-

1928 3721 2101 3765 torem
2134 3729 2146 3764 :
2179 3718 2237 3765 et
2282 3709 2423 3765 sicut
2466 3710 2744 3779 ingruente
2790 3716 3142 3779 tempestate,
3173 3719 3515 3779 praecurrunt

1929 3804 2098 3856 nubes
2117 3802 2359 3872 quautam
2381 3810 2546 3866 atrae;
2575 3800 2769 3856 deinde
2799 3808 2917 3870 post
2938 3801 3227 3856 tonitruum
3249 3799 3511 3871 fragorem

1927 3906 1982 3951 et
2016 3905 2297 3966 postquam
2334 3895 2521 3950 caelum
2552 3910 2657 3949 una
2690 3895 2857 3948 nubes
2886 3892 3083 3948 factum
3126 3903 3246 3959 est,
3297 3904 3420 3948 tunc
3460 3894 3512 3947 in

1932 3998 2131 4043 terram
2179 3986 2459 4043 confertim
2506 3986 2737 4055 erumpit
2788 3984 3002 4055 pluvia;
3032 3984 3222 4041 eodem
3264 3984 3424 4040 modo
3460 3994 3517 4040 et

1932 4094 2058 4139 tunc
2082 4082 2295 4138 accidit.
2331 4080 2462 4135 Nam
2490 4096 2609 4134 cum
2639 4086 2819 4148 posSet
2844 4094 2965 4133 cutn
2996 4077 3357 4148 indignatione
3380 4077 3517 4131 ntul-

1933 4188 1984 4231 ta
2014 4192 2174 4247 agere
2201 4176 2252 4230 in
2286 4174 2660 4230 fornicatorcut
2685 4214 2699 4239 ,
2726 4188 2834 4227 non
2862 4171 2933 4227 ita
2964 4173 3111 4242 agit;
3144 4171 3238 4227 sed
3270 4171 3513 4239 ιιι-ωηιὶς-

1934 4271 2006 4324 sis
2036 4268 2362 4323 terribilibus
2381 4266 2559 4321 verbis
2574 4266 2693 4334 ejus
2710 4272 2973 4320 tumorem
2991 4262 3249 4333 reprimit.
3268 4261 3519 4329 Quando-

1934 4362 2149 4430 quidem
2179 4359 2377 4429 duplex
2417 4358 2601 4413 aderat
2634 4365 2907 4426 peccatum
2927 4396 2944 4421 ,
2974 4353 3255 4409 fornicatio
3285 4370 3475 4425 nempe
3494 4397 3513 4422 ,

1933 4465 1987 4511 et
2011 4454 2363 4509 fornicatione
2392 4453 2545 4523 pejus
2573 4451 2739 4516 aliud,
2761 4448 2904 4521 quod
2926 4448 3130 4503 scilicet
3158 4447 3292 4502 tanti
3315 4448 3515 4516 peccati

1936 4564 2042 4602 non
2076 4547 2360 4618 paeniteret
2398 4546 2593 4614 ipsum.
2640 4542 2755 4598 Non
2782 4542 2926 4597 enim
2972 4541 3043 4594 ita
3074 4548 3407 4605 peccatoretn
3436 4538 3519 4592 lu-

1932 4650 2060 4713 get,
2094 4650 2149 4694 ut
2176 4647 2511 4709 peccatorem
2542 4651 2647 4690 non
2695 4634 3040 4705 poenitentem
3072 4650 3085 4686 :
3118 4630 3332 4702 Lngebo
3375 4631 3518 4687 enim

1939 4733 2135 4787 multos
2159 4773 2174 4797 ,
2206 4730 2379 4800 inquit
2400 4772 2414 4796 ,
2445 4744 2549 4783 non
2580 4742 2769 4783 eorum
2799 4734 3002 4780 tantum
3029 4725 3119 4795 qui
3154 4726 3298 4795 prius
3325 4739 3519 4793 pecca-

1938 4836 2057 4880 rttnt
2087 4866 2105 4892 ,
2135 4824 2227 4878 sed
2260 4838 2446 4877 eorum
2481 4822 2570 4891 qui
2599 4817 2965 4890 paenitentiam
3010 4833 3115 4871 non
3161 4824 3387 4887 egerunt
3407 4856 3422 4879 ,
3452 4814 3521 4871 de

1937 4916 2264 4985 impudicitia
2292 4925 2345 4969 et
2387 4914 2456 4969 de
2478 4910 2829 4975 .immnnditia
2870 4925 3027 4980 quam
3056 4908 3387 4963 admiserunt
3414 4910 3433 4977 (
3460 4907 3515 4960 (ι.

1934 5010 2055 5066 Cor.
2090 5010 2177 5065 12.
2209 5008 2343 5079 21).
2394 5007 2524 5061 Nam
2575 5004 2665 5073 qui
2714 5012 2835 5075 post
2881 5010 3158 5073 peccatum
3207 5000 3522 5072 panitentia

1940 5104 2105 5155 utitur
2127 5141 2142 5167 ,
2176 5116 2282 5155 non
2324 5099 2514 5168 dignus
2540 5107 2623 5152 est
2664 5096 2756 5166 qui
2788 5095 3065 5166 logeatur,
3093 5094 3187 5149 sed
3216 5095 3304 5164 qui
3336 5094 3523 5147 beatus

1937 5193 2295 5263 priedicetur,
2330 5198 2513 5260 utpote
2541 5190 2629 5257 qui
2659 5190 2709 5243 in
2734 5189 3003 5259 jnstorum
3025 5186 3249 5243 chorum
3291 5186 3522 5241 transla-

1938 5296 2023 5339 tus
2048 5286 2137 5338 sit.
2171 5283 2268 5337 Dic
2298 5285 2431 5337 enim
2459 5291 2512 5335 tu
2541 5283 2680 5352 prius
2693 5322 2710 5345 ,,
2747 5281 2917 5350 inquit
2942 5322 2957 5345 ,
2984 5279 3275 5350 iniquitates
3307 5288 3439 5343 tuas,
3469 5283 3523 5331 ut

1931 5377 2230 5451 justiﬁceris
2259 5374 2414 5445 (Isai.
2446 5376 2536 5431 45.
2568 5373 2685 5447 26).
2716 5372 2771 5430 Si
2812 5382 2991 5427 autem
3021 5380 3301 5441 postquam
3334 5384 3524 5440 pecca-

1942 5473 2050 5536 vit,
2085 5470 2422 5540 impudenter
2446 5476 2605 5537 agat,
2656 5482 2764 5522 non
2811 5467 2880 5520 ita
2922 5465 3391 5523 commiseratione
3431 5461 3520 5519 (li--

1939 5577 2077 5632 guns
2102 5569 2185 5615 est
2213 5559 2354 5630 quod
2380 5560 2670 5625 ceciderit,
2697 5574 2856 5630 quam
2882 5558 3024 5629 quod
3054 5559 3232 5628 lapsus
3250 5558 3449 5627 jaceat.

2014 5656 2068 5710 5.
2100 5653 2255 5722 Quod
2285 5653 2329 5708 si
2362 5664 2480 5724 post
2503 5661 2779 5723 peccatum
2808 5668 2914 5707 non
2946 5651 3210 5721 pmnitere
3235 5666 3394 5721 grave
3415 5660 3521 5714 est,

1945 5747 2011 5802 de
2055 5747 2303 5801 admissis
2334 5745 2566 5814 peccatis
2608 5746 2965 5800 intumescere
3007 5752 3258 5814 quantum
3288 5753 3527 5798 meretur

1945 5839 2311 5912 supplicium?
2334 5837 2465 5894 Nam
2498 5838 2543 5893 si
2568 5838 2615 5895 is
2636 5878 2650 5907 ,
2678 5837 2769 5909 qui
2795 5836 2862 5895 de
2883 5845 3030 5893 recte
3055 5835 3207 5893 factis
3232 5836 3525 5903 extollitur,
