3838 6214
333 352 390 405 9l
1047 351 1105 407 8.
1142 348 1418 405 ,ΙΟᾹΝΝῘΒ
1467 340 1911 401 CllRYSOSTOM

2022 338 2307 393 tl’tClllliP.
2348 337 2880 395 CONSTANTINOP.
3541 345 3617 401 οξ

333 467 637 521 nnmundus
664 476 780 531 est;
826 467 915 537 qui
946 467 1014 523 de
1054 466 1284 536 peccatis
1315 463 1561 527 inflatur,
1593 474 1750 531 quam
1774 470 1908 513 con-

330 570 586 629 sequetur
616 559 869 614 veniam?
896 558 1028 627 Quia
1050 573 1179 629 ergo
1218 558 1336 610 talis
1364 566 1477 609 erat
1505 556 1796 608 fornicator
1816 592 1830 610 .
1862 558 1919 603 et

328 653 561 707 animam
594 667 689 722 per
731 662 1006 722 peccatum
1041 652 1110 705 ita
1151 648 1477 720 petulantem
1503 657 1557 702 et
1584 648 1915 717 pervicacem

332 744 667 811 reddiderat,
692 744 995 799 necessario
1020 742 1137 813 ejus
1162 741 1354 796 fastum
1384 742 1555 811 primo
1580 739 1782 807 dejicit.
1812 738 1916 792 Ne.

330 854 436 909 que
474 838 576 893 hoc
603 838 809 892 crimen
840 838 1014 907 primo
1041 836 1191 906 ponit
1210 877 1225 898 ,
1254 843 1311 888 ttt
1337 850 1403 888 ne
1441 835 1527 887 ille
1553 842 1711 888 exuat
1743 831 1915 902 pudo-

333 946 469 992 rem,
490 945 555 984 eo
575 928 719 999 quod
742 938 865 983 ante
888 928 1023 983 alios
1048 938 1328 981 accusetur
1351 943 1365 990 ;
1391 941 1563 994 neque
1584 933 1913 995 postremum

336 1022 488 1075 illum
539 1021 685 1090 ponit
709 1062 725 1086 ,
754 1030 809 1074 ut
843 1036 911 1075 ne
944 1028 1093 1090 putet
1139 1018 1225 1072 ille
1268 1033 1380 1071 rem
1423 1032 1573 1072 suam
1600 1025 1659 1070 ut
1698 1014 1915 1069 levioris

333 1114 589 1167 momenti
621 1112 771 1183 quasi
801 1112 948 1166 aliud
979 1110 1188 1181 agendo
1220 1109 1431 1163 tractari
1460 1126 1472 1162 :
1504 1107 1596 1162 sed
1623 1121 1742 1161 cum
1772 1106 1915 1174 prius

334 1204 429 1265 ipsi
461 1204 685 1257 multum
711 1203 1023 1257 incussisset
1049 1202 1293 1255 timorem
1321 1214 1385 1253 ex
1407 1197 1616 1251 dicendi
1646 1197 1912 1261 libertate,

332 1312 431 1365 qua
462 1304 647 1349 contra
688 1294 822 1349 alios
867 1308 995 1347 usus
1036 1301 1153 1355 est,
1205 1300 1327 1346 tunc
1373 1290 1521 1345 illum
1570 1288 1911 1359 aggreditur,

336 1400 615 1457 poStquam
638 1386 759 1455 ejus
782 1386 1139 1454 arrogantiam
1164 1399 1258 1453 per
1277 1383 1501 1437 aliorum
1523 1381 1913 1436 correctionem

334 1481 485 1549 prius
509 1480 898 1550 exagitaverat.
928 1479 1051 1532 Hzec
1081 1478 1221 1533 enim
1252 1478 1362 1546 ipsa
1397 1475 1560 1529 verba
1586 1516 1600 1538 ,
1634 1473 1782 1527 Nihil
1813 1474 1914 1526 nti-

334 1572 389 1624 hi
417 1573 645 1625 conscius
670 1587 817 1635 sum;
854 1570 951 1623 sed
970 1587 1069 1623 non
1098 1570 1148 1622 in
1180 1569 1273 1621 hoc
1300 1568 1618 1636 justificatus
1642 1582 1756 1621 sum
1779 1583 1798 1629 ;
1823 1572 1877 1619 et
1896 1604 1913 1629 ,

336 1663 436 1730 Qui
454 1664 656 1735 judico!
696 1678 808 1732 me,
843 1662 1090 1715 Dominus
1114 1669 1186 1714 est
1209 1702 1223 1723 ,
1253 1661 1339 1729 qui
1377 1669 1424 1713 et
1474 1657 1780 1713 illuminabit
1824 1656 1917 1710 ab-

330 1757 560 1810 scondita
587 1755 901 1810 tenebrarum
924 1796 938 1819 ,
972 1763 1017 1808 et
1044 1752 1390 1823 manifestabit‘
1406 1752 1621 1806 consilia
1640 1751 1870 1805 cordium
1896 1792 1913 1818 ,

334 1862 439 1901 non
467 1846 657 1901 leviter
681 1856 736 1902 et
757 1862 878 1901 eum
902 1854 958 1900 et
980 1860 1072 1899 eos
1088 1886 1103 1909 ,
1134 1846 1224 1915 qui
1250 1843 1356 1914 ipsi
1378 1843 1772 1913 applaudebont
1792 1858 1915 1897 san-

334 1942 557 2007 ctosqtm
586 1936 974 2006 despiciebant,
1000 1936 1333 2006 perstringit.
1360 1934 1494 2003 Quid
1523 1934 1691 1996 enim.
1722 1934 1910 2005 inquit,

333 2028 380 2083 si
410 2028 624 2098 quidam
667 2028 1003 2083 extrinsecus
1052 2028 1245 2081 virtute
1276 2026 1480 2097 pra'diti
1520 2035 1575 2081 et
1618 2025 1915 2081 admirandi

332 2122 641 2192 apparent?
670 2120 786 2176 Non
813 2120 881 2175 de
910 2120 1265 2175 exterioribus
1295 2130 1499 2174 tantum
1530 2120 1628 2174 fert
1654 2119 1913 2189 judicium

334 2214 424 2268 ille
445 2213 630 2283 judex,
654 2215 747 2268 sed
769 2213 929 2268 etiam
951 2228 1142 2267 arcana
1174 2213 1224 2266 in
1250 2211 1485 2266 medium
1512 2211 1746 2267 adducit.
1777 2212 1917 2266 Dua-

332 2305 435 2361 bus
465 2321 627 2376 ergo,
658 2306 741 2361 vel
776 2306 951 2375 potius
982 2305 1151 2359 tribus
1208 2304 1280 2359 de
1322 2304 1501 2359 causis
1526 2303 1783 2371 judicium
1815 2318 1914 2356 no-

332 2406 504 2451 strum
522 2405 827 2452 accuratum
856 2412 961 2450 non
981 2404 1096 2461 est;
1119 2396 1295 2466 primo
1320 2395 1462 2466 quia,
1487 2394 1696 2449 etiamsi
1722 2394 1916 2449 nullius

334 2488 540 2557 peccati
583 2486 740 2542 nobis
779 2488 979 2542 conscii
1012 2487 1217 2551 simus,
1260 2501 1394 2557 opus
1437 2495 1616 2561 tamen
1660 2484 1918 2541 habemus

333 2594 437 2645 eo,
464 2580 551 2649 qui
594 2588 807 2649 peccata
852 2587 1031 2633 nostra
1086 2586 1334 2634 accurate
1379 2587 1600 2648 arguat:
1640 2577 1911 2643 secundo,

335 2671 458 2741 quia
490 2686 556 2726 ex
586 2671 649 2725 iis
678 2686 796 2741 qua:
828 2671 959 2725 fiunt
998 2671 1251 2741 pleraque
1278 2686 1376 2726 nos
1402 2671 1601 2736 latent;
1638 2671 1797 2726 tertio
1824 2672 1920 2726 de-

336 2777 479 2815 munt
500 2802 517 2829 ,
565 2763 687 2833 quia
717 2761 878 2817 multa
908 2762 1132 2816 aliorum
1162 2771 1312 2832 gesta
1342 2761 1496 2816 nobis
1531 2761 1744 2832 quidem
1778 2762 1916 2817 bona

334 2852 611 2916 videntur,
658 2851 753 2907 sed
816 2867 922 2906 non
968 2867 1059 2906 ex.
1088 2861 1231 2906 recta
1279 2852 1542 2906 sententia
1597 2852 1914 2921 procedunt.

336 2946 474 3011 Quid
502 2960 631 3016 ergo
660 2945 867 3008 dicitis,
900 2945 994 3001 Ille
1030 2954 1124 2999 aut
1148 2946 1239 3001 ille
1264 2945 1396 3001 nihil
1437 2949 1677 3017 peccavit
1702 2989 1715 3014 ,
1744 2957 1807 3003 et
1829 2948 1916 3005 hic

333 3040 429 3095 illo
458 3040 648 3095 melior
671 3039 791 3103 est?
818 3038 931 3093 Hoc
954 3039 1096 3093 enim
1124 3053 1230 3093 non
1262 3038 1383 3094 licet
1415 3042 1783 3109 pronuntiare,
1815 3057 1915 3097 ne-

331 3149 439 3204 que
464 3132 532 3188 de
571 3132 664 3187 illo
684 3172 700 3198 ,
744 3133 832 3202 qui
862 3131 1061 3187 nullius
1102 3131 1203 3186 sibi
1232 3131 1489 3187 conscius.
1524 3142 1607 3188 est
1632 3152 1645 3187 :
1674 3149 1796 3188 nam
1826 3136 1914 3205 qui

332 3241 526 3281 arcana
568 3226 809 3296 jndicat,
839 3226 929 3281 ille
978 3234 1062 3280 est
1104 3225 1193 3296 qui
1224 3235 1474 3281 accurate
1499 3226 1725 3297 judicat.
1778 3228 1917 3284 Ecce

330 3318 495 3388 igitur
515 3358 532 3384 ,
563 3333 663 3387 ego
706 3317 838 3371 nihil
868 3316 997 3373 mihi
1042 3316 1289 3372 conscius
1324 3333 1443 3371 sum
1474 3335 1489 3383 ;
1518 3317 1613 3373 sed
1640 3334 1814 3389 neque
1843 3320 1914 3373 ita

332 3410 652 3478 jostilicatus
679 3424 799 3464 sum
826 3427 839 3462 :
876 3408 978 3463 hoc
1005 3415 1091 3464 est
1114 3450 1128 3473 ,
1162 3408 1278 3463 Non
1319 3422 1437 3462 sum
1468 3424 1508 3464 a.
1540 3410 1805 3466 reddenda
1831 3428 1917 3468 ra-

334 3504 478 3557 tione
502 3511 557 3556 et
584 3516 618 3555 ι
644 3501 867 3557 crimine
894 3502 1170 3557 liberatus.
1193 3501 1472 3557 Nonenim
1501 3502 1604 3558 hoc
1633 3504 1913 3570 dieit,Non

334 3596 388 3649 iu
422 3608 645 3649 numero
686 3604 741 3649 et
768 3593 963 3648 ordine
978 3594 1246 3661 justorum
1287 3608 1439 3662 sum;
1484 3595 1579 3650 sed
1604 3636 1619 3662 ,
1652 3594 1767 3651 Non
1795 3611 1912 3651 sum

330 3687 563 3743 mundus
592 3703 621 3740 a
646 3696 882 3757 peccato.
915 3686 1045 3741 Nam
1069 3686 1195 3741 alibi
1226 3687 1299 3740 ait
1322 3704 1335 3741 :
1367 3688 1467 3753 Qui
1492 3696 1659 3742 autem
1686 3699 1915 3744 mortuus

330 3789 404 3833 est
423 3821 439 3846 ,
460 3778 773 3849 justi/iectus
798 3789 870 3832 est
897 3794 928 3829 α
949 3787 1155 3847 peccato
1196 3776 1368 3848 (Rom.
1407 3778 1461 3834 6.
1491 3779 1546 3850 7)
1576 3796 1589 3832 :
1620 3779 1670 3834 id
1694 3790 1778 3835 est
1797 3821 1813 3846 ,
1846 3781 1913 3836 li-

329 3872 545 3927 beratus
575 3881 673 3927 est.
705 3871 865 3926 Multa
903 3888 1031 3926 vero
1057 3869 1320 3938 facimus,
1364 3887 1484 3942 qua:
1529 3874 1664 3927 bona
1697 3874 1910 3942 quidem

327 3974 484 4031 sunt,
512 3964 606 4019 sed
648 3979 754 4019 non
803 3979 869 4019 ex
914 3973 1055 4018 recta
1104 3965 1369 4019 sententia
1413 3966 1730 4034 procedunt.
1777 3966 1911 4020 Nam

327 4058 527 4113 multos
554 4056 865 4123 laudamus,
899 4072 1003 4111 non
1034 4066 1089 4110 ut
1118 4058 1238 4112 illos
1259 4058 1575 4127 splendidos
1604 4059 1906 4125 reddamus,

325 4148 421 4202 scd
467 4156 524 4201 ut
554 4163 648 4216 per
693 4147 819 4202 illos
844 4148 980 4203 alios
1009 4148 1287 4219 quospiam
1320 4148 1678 4205 mordeamus.
1716 4152 1779 4205 Et
1824 4168 1910 4207 res

325 4242 541 4311 quidem
570 4242 679 4311 ipsa
724 4256 818 4311 per
864 4255 925 4296 se
957 4239 1097 4295 bona
1127 4250 1241 4306 est;
1275 4241 1523 4297 laudatur
1559 4244 1701 4297 enim
1735 4245 1778 4297 is
1819 4245 1911 4315 qui

322 4344 470 4389 recte
494 4332 652 4396 fecit;
681 4333 774 4387 sed
803 4348 957 4389 mens
996 4332 1259 4388 laudantis
1291 4342 1541 4403 corrupta
1574 4345 1694 4389 est:
1728 4353 1794 4391 ex
1820 4352 1909 4391 sa-

329 4428 501 4482 tanien
530 4427 671 4482 enim
702 4427 968 4482 sententia
992 4426 1251 4498 procedit.
1276 4427 1394 4482 Non
1423 4428 1564 4483 enim
1604 4428 1753 4484 fratri
1783 4446 1909 4499 gra-

320 4522 496 4576 tulans
515 4562 529 4583 ,
558 4520 652 4575 sed
681 4520 843 4575 alium
870 4519 1044 4577 ferire
1067 4521 1288 4590 cupiens
1315 4521 1418 4577 hoc
1444 4538 1588 4593 sarpe
1612 4524 1729 4593 quis
1759 4523 1905 4579 fecit.

320 4614 527 4669 Rursus
546 4613 807 4683 quispiam
827 4614 1037 4684 grande
1056 4612 1272 4668 admisit
1293 4623 1596 4683 peccatum;
1620 4615 1759 4667 alius
1782 4630 1908 4669 vero

325 4707 501 4776 ipsum
529 4705 867 4775 supplantare
895 4706 1113 4771 volens,
1144 4704 1277 4759 nihil
1305 4705 1493 4759 fecisse
1518 4702 1679 4770 dicit,
1708 4713 1762 4758 et
1787 4718 1908 4759 con-

322 4798 529 4852 solatur
555 4811 675 4851 eum
704 4805 1011 4865 peccantem
1034 4837 1047 4859 ,
1070 4797 1135 4850 ad
1163 4811 1502 4851 communem
1528 4804 1731 4850 natura:
1753 4812 1905 4851 usum

317 4888 667 4959 confugiens:
704 4904 886 4945 verum
916 4904 1061 4958 smpe
1109 4902 1215 4941 non
1259 4887 1401 4957 quod
1434 4886 1712 4955 ignoscere
1741 4887 1905 4952 velit,

316 4982 423 5037 sed.
440 4992 497 5037 ut
522 4982 823 5053 segniorem
852 4981 997 5034 illum
1022 4978 1216 5035 reddat
1244 4978 1345 5034 hoc
1369 4978 1509 5032 facit.
1542 4978 1771 5034 Rursum
1801 4994 1903 5034 sae-

312 5088 395 5146 pe
418 5074 668 5145 corripit,
714 5088 820 5129 non
849 5080 906 5126 ut
930 5084 1115 5141 arguat
1150 5080 1206 5125 et
1232 5080 1479 5135 moneat,
1521 5069 1615 5126 sed
1642 5080 1696 5126 ut
1726 5072 1903 5138 proxi-

313 5168 385 5222 mi
429 5176 715 5238 pcccatum-
748 5166 965 5237 publice
1028 5165 1214 5221 efferat
1258 5174 1311 5218 et
1367 5164 1626 5219 traducat.
1674 5162 1903 5220 Consilia

311 5268 491 5316 autem
522 5259 769 5315 homines
806 5274 916 5313 non
949 5265 1184 5323 norunt;
1212 5257 1302 5325 qui
1338 5257 1496 5311 corda
1523 5273 1651 5311 vero
1695 5268 1905 5313 scruta-

310 5365 397 5408 tur
416 5394 431 5420 ,
459 5362 708 5408 accurate
728 5354 859 5417 scit,
891 5362 945 5407 et
973 5351 1060 5404 illa
1104 5350 1285 5405 omnia
1314 5358 1437 5404 tunc
1466 5350 1516 5403 in
1546 5350 1778 5405 medium
1807 5352 1899 5407 ad-

305 5446 486 5501 ducet.
518 5444 749 5515 ldeoque
774 5444 987 5499 dicebat
1013 5461 1025 5493 :
1065 5442 1167 5509 Qui
1192 5451 1238 5496 et
1269 5442 1578 5498 illuminabit
1604 5442 1901 5499 abscondita

306 5540 628 5594 tenebrarum
652 5580 667 5605 ,
699 5548 749 5592 et
791 5538 1136 5605 manifestabit
1165 5536 1380 5590 tonsilia
1410 5538 1658 5589 cci-dium.

380 5630 626 5687 flamines
680 5648 834 5703 quant
868 5630 1121 5703 falluntur
1161 5629 1213 5682 in
1231 5628 1464 5701 judiciis.
1496 5657 1567 5669 —
1589 5628 1720 5685 Cum
1744 5643 1895 5698 ergo,

310 5725 527 5795 quando
547 5726 710 5780 etiam
742 5724 876 5779 nihil
907 5722 1063 5778 nobis
1085 5722 1289 5777 conscii
1317 5736 1523 5785 sumus,
1538 5720 1761 5775 crimine
1780 5721 1898 5790 puri

307 5830 429 5878 «se
456 5836 563 5878 non
602 5818 966 5889 possimus,et
986 5830 1106 5871 cum
1138 5813 1335 5889 aliquid
1381 5813 1512 5878 boni,
1535 5811 1765 5883 agimus,
1798 5827 1895 5871 nec

2035 469 2164 505 vero
2191 471 2254 507 ex
2279 463 2420 507 recta
2452 454 2616 523 animi
2644 456 2909 509 sententia
2941 457 3147 525 agimus
3167 499 3183 521 ,
3214 459 3474 527 supplicio
3502 466 3613 516 oh-

2026 547 2170 599 noxii
2198 549 2399 601 simus:
2429 549 2599 617 cogita
2619 563 2785 615 quam
2811 549 3058 604 fallantur
3086 551 3333 608 homines
3376 555 3427 609 in
3463 556 3617 622 judi-

2025 639 2140 692 ciis.
2176 639 2300 693 llaec
2351 640 2549 709 quippe
2575 642 2753 693 omnia
2782 656 2888 695 non
2920 652 3144 710 possunt
3175 644 3419 699 homines
3449 663 3614 701 ass-e-

2025 730 2137 798 qui,
2162 729 2263 783 scd
2281 730 2373 785 ille
2403 740 2606 784 tantum
2630 747 2918 801 numquam
2944 732 3221 789 dormiens
3243 738 3435 790 oculus
3457 779 3471 792 .
3500 738 3611 793 etsi

2027 819 2270 887 homines
2291 821 2532 875 fallamus
2554 864 2569 884 ,
2600 822 2747 876 illum
2796 839 3081 893 numquam
3122 825 3473 895 decipiemus.
3530 830 3615 885 Ne

2025 912 2211 981 itaque
2243 912 2393 965 dicas
2416 955 2432 978 ,
2463 913 2725 968 Tenebrte
2747 924 2800 969 et
2823 916 3061 985 parietes
3089 918 3141 970 in
3168 920 3396 974 circuitu
3427 933 3555 976 sunt
3590 964 3608 985 ,

2023 1005 2144 1074 quis
2175 1020 2261 1059 tne
2292 1005 2437 1058 videt
2464 1006 2487 1057 ἲ
2520 1021 2639 1059 nam
2681 1008 2769 1076 qui
2801 1008 2953 1061 finxit
2994 1008 3264 1078 sigillatim
3312 1012 3472 1065 corda
3513 1028 3616 1065 Iu-

2023 1107 2156 1157 stra,
2186 1098 2299 1159 ipse
2330 1096 2507 1150 omnia
2540 1098 2689 1151 novit
2721 1115 2734 1150 :
2770 1100 3004 1154 tenebrae
3025 1102 3167 1155 cnim
3190 1104 3328 1172 apud
3350 1120 3472 1158 eum
3494 1120 3611 1158 nun

2023 1187 2469 1239 obscurabuntur.
2501 1187 2667 1243 Recte
2694 1199 2873 1243 autem
2902 1191 3032 1244 dicit
3059 1193 3103 1245 is
3132 1195 3222 1262 qui
3253 1208 3470 1262 peccat,
3504 1196 3610 1249 Te-

2023 1278 2203 1331 nebra:
2228 1288 2283 1332 et
2310 1279 2540 1347 parietes
2566 1279 2621 1333 in
2652 1282 2877 1335 circuitu
2902 1299 3023 1337 meo
3046 1296 3191 1338 sunt.
3220 1286 3333 1340 Nisi
3364 1288 3507 1341 enim
3558 1290 3613 1342 iu

2022 1379 2200 1423 mente
2225 1370 2339 1439 ejus
2367 1371 2601 1425 tenebrze
2623 1383 2827 1439 essent,
2856 1391 2960 1430 non
2984 1377 3084 1442 sic,
3114 1379 3290 1446 ejceto
3330 1382 3419 1434 llei
3447 1383 3612 1435 timo-

2023 1479 2100 1525 re,
2128 1479 2249 1516 cum
2272 1462 2519 1521 libertate
2545 1464 2597 1517 id
2616 1464 2854 1520 fecisset.
2886 1466 3019 1521 Natn
3051 1470 3152 1523 nisi
3177 1472 3322 1539 prius
3346 1474 3454 1527 dux
3479 1474 3607 1527 auio

2023 1570 2141 1607 llltIS
2163 1554 2542 1609 obtenebratus
2568 1557 2747 1623 fuerit,
2809 1570 3228 1627 peccatumcum
3276 1565 3464 1619 fiducia
3523 1570 3614 1621 in-

2021 1648 2170 1718 gredi
2198 1665 2302 1702 non
2337 1660 2530 1719 potest.
2557 1650 2633 1705 Ne
2654 1667 2784 1721 ergo
2814 1654 2962 1709 dicas
2980 1672 2997 1707 :
3025 1658 3157 1723 Quis
3187 1674 3272 1713 me
3293 1660 3440 1715 videt
3467 1664 3491 1714 ἲ
3522 1671 3612 1716 est

2022 1741 2163 1794 enim
2219 1742 2307 1810 qui
2360 1752 2603 1810 penetrat
2650 1760 2816 1814 usque
2858 1746 2925 1800 ad
2967 1748 3198 1803 animam
3229 1760 3285 1805 et
3312 1754 3611 1822 spiritum,

2021 1848 2413 1905 compagesque
2433 1847 2488 1890 et
2516 1837 2778 1893 medullas
2802 1858 2814 1893 :
2844 1841 2937 1895 sed
2955 1851 3009 1896 tu
3039 1851 3090 1899 te
3112 1843 3284 1913 ipsum
3308 1863 3410 1901 non
3432 1851 3611 1917 vides,

2023 1943 2121 1983 nec
2168 1938 2315 1998 potes
2373 1931 2566 1985 nubem
2608 1931 2919 2000 dissecare;
2976 1952 3161 1991 verum
3208 1955 3271 1994 ac
3307 1942 3351 1995 si
3387 1959 3611 1997 murum

2024 2022 2257 2091 undique
2284 2020 2719 2094 circumpositum
2744 2025 2992 2093 haberes,
3020 2044 3127 2084 non
3156 2040 3305 2101 potes
3329 2035 3390 2086 ad
3410 2036 3613 2090 caelum

2024 2113 2311 2182 respicere.

2091 2208 2148 2263 4.
2209 2207 2585 2265 Fornicationis
2622 2212 2831 2281 spiritus
2870 2224 3105 2269 excitent.
3149 2246 3223 2258 —
3262 2218 3405 2285 Quod
3459 2222 3611 2274 enim

2025 2306 2303 2367 peccatum
2329 2301 2412 2353 vis
2450 2300 2600 2368 prius
2643 2302 3061 2360 examinemus?
3104 2316 3159 2361 et
3183 2309 3260 2361 sic
3285 2310 3481 2362 factum
3516 2314 3613 2365 ad-

2025 2390 2356 2461 missumque
2381 2390 2549 2448 fuisse
2585 2394 2811 2450 videbis.
2852 2396 3310 2464 Quemadmodum
3353 2404 3501 2457 enim
3526 2405 3611 2458 la-

2024 2490 2206 2538 trones
2225 2492 2279 2537 et
2306 2500 2582 2539 murorum
2636 2486 2942 2552 elfossores,
2990 2505 3111 2544 eum
3138 2491 3265 2561 quid
3302 2496 3604 2562 pretiosum

2023 2574 2235 2631 auferre
2267 2576 2494 2641 volunt,
2526 2578 2789 2632 exstincta
2842 2579 3061 2635 lucerna
3106 2582 3206 2637 hoc
3249 2597 3559 2654 perpetrant
3592 2606 3607 2640 :

2024 2669 2099 2721 sic
2131 2668 2180 2720 in
2207 2668 2437 2735 peccatis
2493 2667 2621 2723 facit
2648 2679 2900 2740 corrupta
2933 2672 3091 2726 ratio.
3137 2674 3344 2729 Etenim
3372 2676 3421 2729 in
3449 2678 3611 2734 nobis

2023 2774 2232 2830 quoque
2266 2760 2357 2814 lux
2385 2770 2467 2814 est
2494 2762 2825 2817 rationabilis
2851 2778 3069 2834 semper
3089 2766 3305 2823 ardens.
3336 2768 3388 2824 Si
3419 2782 3607 2825 autem

2023 2853 2242 2920 spiritus
2306 2853 2676 2910 fornicationis
2723 2871 2844 2911 cum
2896 2858 3098 2927 impetu
3156 2876 3349 2931 magno
3392 2862 3609 2920 irruens

2024 2944 2289 2998 flammant
2323 2946 2467 3001 illam
2520 2950 2859 3014 exstinxerit,
2887 2951 3067 3006 statim
3113 2953 3344 3009 animam
3382 2956 3610 3012 olitene-

2025 3038 2163 3103 brat,
2194 3051 2469 3111 eatpugnat
2495 3053 2547 3095 et
2574 3044 2754 3096 omnia
2777 3060 2897 3113 qua:
2949 3045 3145 3102 adsunt
3170 3048 3347 3103 statim
3393 3050 3605 3121 diripit.

2023 3130 2156 3185 Cum
2184 3132 2326 3186 cnim
2354 3133 2533 3187 anima
2563 3152 2592 3187 a
2626 3135 2824 3190 lasciva
2866 3139 3298 3209 concupiscentia
3350 3146 3565 3214 capitur
3587 3187 3604 3210 ,

2025 3231 2083 3275 nt
2107 3224 2285 3279 nubes
2309 3234 2366 3278 et
2401 3225 2575 3296 caligo
2600 3229 2843 3298 corporis
2881 3230 3089 3299 oculos,
3136 3234 3204 3287 ita
3246 3237 3439 3291 mentis
3482 3254 3606 3309 pro-

2021 3316 2281 3383 spiciendi
2306 3318 2606 3373 facultatem
2630 3335 2918 3390 occupans,
2944 3324 3075 3379 nihil
3103 3326 3231 3382 sinit
3255 3329 3437 3386 videre
3467 3333 3608 3387 ulte-

2023 3406 2292 3481 rius,_nou
2322 3410 2691 3480 przecipitium,
2718 3427 2821 3466 non
2846 3414 3169 3483 gehennam,
3204 3434 3309 3472 non
3331 3421 3601 3489 timorem,

2022 3500 2115 3555 sed
2144 3501 2213 3554 ab
2240 3500 2343 3555 illis
2369 3502 2578 3557 insidiis
2609 3506 2885 3574 tyrannice
2911 3518 3167 3577 occupata
3197 3510 3437 3577 demum,
3483 3531 3602 3585 pec

2021 3600 2143 3646 cato
2183 3591 2355 3647 facilis
2409 3606 2714 3665 expugnatu
2765 3598 2945 3653 evadit
2980 3616 2995 3652 :
3026 3609 3080 3654 et
3115 3601 3254 3656 sicut
3285 3604 3462 3672 paries
3489 3608 3606 3661 sine

2019 3684 2274 3741 fenestris
2301 3697 2429 3743 ante
2452 3690 2637 3743 oculos
2681 3691 2942 3746 excitatus
2970 3709 3073 3747 non
3100 3694 3227 3749 sinit
3272 3697 3481 3751 radium
3522 3700 3603 3769 ju-

2020 3780 2179 3834 stitiaa
2217 3781 2381 3834 menti
2413 3779 2616 3847 lucere,
2645 3782 2897 3839 absurdis
2924 3784 3157 3839 libidinis
3191 3787 3603 3857 cogitationibus

2020 3873 2189 3941 ipsam
2213 3872 2447 3941 undique
2475 3872 2815 3944 cingentibus
2842 3891 2857 3939 ;
2886 3886 2937 3930 et
2967 3886 3092 3932 tunc
3117 3880 3354 3933 occurrit
3383 3880 3459 3934 illi
3486 3898 3600 3937 tue-

2020 3964 2185 4019 rctrix
2214 3973 2336 4018 ante
2368 3964 2572 4030 oculos,
2602 3974 2729 4021 ante
2752 3976 2987 4022 mentem
3008 4009 3024 4033 ,
3076 3979 3203 4023 ante
3246 3971 3602 4041 cogitationes

2017 4064 2166 4110 stans
2191 4064 2571 4124 etapparens;
2617 4071 2681 4111 ac
2718 4057 3169 4127 quemadmodum
3219 4061 3348 4115 caeci
3383 4063 3434 4117 in
3483 4064 3599 4133 ipso

2017 4147 2240 4203 meridie
2266 4148 2367 4202 sub
2395 4148 2511 4202 ea-li
2541 4149 2943 4206 mediostantes
2973 4152 3148 4207 lucem
3171 4170 3274 4206 non
3299 4154 3593 4223 excipiunt,

2016 4240 2215 4295 clausis
2237 4240 2338 4295 sibi
2366 4241 2571 4297 oculis:
2603 4243 2681 4296 sic
2708 4251 2763 4297 et
2786 4243 2881 4307 illi,
2913 4243 3013 4298 etsi
3041 4244 3319 4300 innumera
3364 4250 3600 4317 undique

2017 4332 2145 4400 ipsis
2191 4331 2447 4387 insoneut
2489 4334 2741 4389 salutaria
2782 4334 3054 4405 dogmata,
3078 4336 3253 4391 anima
3279 4337 3386 4392 hoc
3414 4341 3598 4394 morbo

2015 4432 2284 4492 Correpta,
2320 4424 2423 4481 illis
2444 4424 2699 4479 omnibus
2720 4426 2896 4481 verbis
2922 4442 3081 4481 aures
3109 4430 3417 4484 obstruunt.
3440 4429 3599 4501 quue

2017 4514 2183 4583 probe
2211 4515 2390 4568 sciunt
2414 4516 2471 4581 ii,
2504 4516 2593 4585 qui
2627 4532 2739 4576 rem
2767 4519 2977 4586 experti
3006 4529 3150 4573 sunt.
3191 4520 3390 4576 Verum
3419 4523 3593 4587 absit,

2017 4615 2074 4658 ut
2105 4621 2198 4660 vos
2222 4605 2271 4659 id
2301 4606 2629 4675 experientia
2678 4608 2996 4664 didiceritis.
3052 4610 3235 4680 Neque
3276 4612 3379 4667 hoc
3422 4614 3594 4667 solum

2017 4709 2292 4769 peccatum
2323 4701 2372 4755 id
2402 4700 2563 4768 facit,
2596 4701 2688 4756 sed
2723 4703 2883 4757 etiam
2923 4704 3097 4774 quivis
3117 4704 3254 4760 alios
3290 4721 3447 4760 amor
3470 4724 3593 4776 pra-

2013 4809 2130 4848 VUS.

2088 4886 2433 4943 Pecuniarum
2476 4905 2621 4942 amor
2649 4899 2837 4959 quanta
2865 4892 3001 4944 malo
3031 4894 3218 4961 pariat.
3248 4924 3321 4934 ——
3345 4895 3595 4949 Transfeo

2014 4995 2192 5034 ramus
2219 4981 2383 5043 enim,
2408 4981 2452 5033 si
2486 4982 2679 5048 placet,
2705 4996 3007 5037 sermonem
3039 4998 3069 5036 a
3100 4985 3387 5041 meretrice
3410 4988 3475 5039 ad
3502 5004 3594 5056 pe-

2011 5073 2218 5138 cunias,
2261 5083 2314 5127 et
2351 5073 2436 5125 hic
2480 5088 2692 5142 quoque
2744 5074 3040 5129 videbimus
3086 5075 3280 5131 densas
3322 5080 3591 5135 tenebras.

2012 5168 2123 5222 Illic
2146 5169 2285 5222 enim
2316 5166 2454 5235 quod
2488 5184 2588 5220 una
2612 5177 2814 5222 tantum
2838 5169 2906 5222 sit
2931 5169 3151 5231 amasia,
3178 5172 3228 5224 in
3258 5188 3367 5224 uno
3391 5174 3592 5228 inclusa

2011 5258 2151 5319 loco,
2183 5273 2286 5311 non
2315 5259 2383 5310 ita
2432 5257 2724 5312 vehemens
2760 5268 2842 5312 est
2869 5260 3088 5314 morbus
3112 5279 3124 5313 :
3152 5261 3201 5314 in
3228 5265 3470 5330 pecuniis
3495 5282 3585 5317 au.

2011 5359 2139 5417 tem,
2174 5365 2294 5418 quae
2343 5350 2537 5419 ubique
2579 5352 2931 5418 apparent,in
2975 5356 3294 5422 argentariis
3340 5356 3587 5420 officinis,

2009 5442 2060 5497 in
2094 5442 2428 5505 diversoriis,
2454 5441 2507 5495 in
2535 5442 2849 5505 auriﬁcinis,
2884 5444 2935 5497 in
2958 5445 3181 5499 divitum
3214 5448 3425 5501 aedibus
3452 5491 3466 5509 ,
3499 5465 3577 5503 ve-

2008 5535 2232 5593 lit-mens
2270 5533 2439 5602 spirat
2469 5549 2640 5588 amor.
2689 5535 2914 5602 Quando
2944 5538 3086 5591 enim
3121 5555 3316 5607 pueros
3360 5542 3590 5608 superbe

2005 5627 2306 5696 agentesin
2329 5625 2468 5691 foro,
2492 5643 2659 5697 equos
2681 5643 2816 5683 auro
2839 5641 3083 5692 onustos.
3114 5630 3361 5685 homines
3386 5634 3593 5701 magni-

2006 5718 2119 5771 ficis
2140 5726 2191 5773 et
2214 5720 2542 5787 sumptuosis
2579 5720 2816 5773 vestibus
2864 5731 3121 5787 ornatos,
3153 5723 3587 5791 concupiscenti:

2006 5822 2181 5874 motus
2223 5811 2363 5869 videt
2389 5813 2543 5884 isqui
2572 5812 2673 5867 hoc
2693 5812 2880 5869 morbo
2916 5813 3205 5883 detinetur,
3240 5817 3422 5872 multis
3445 5826 3591 5872 teno-
