3838 6214
193 294 256 348 91
1293 299 1357 351 HN
1401 299 1622 353 EPIS'I.
1663 302 1678 351 Ι
1714 302 1805 352 Al)
1837 302 1999 355 LUR.
2043 302 2279 358 HOMIL.
2323 303 2411 361 ΧΙ.
3364 312 3432 366 9‘3

182 407 247 460 τὸ
275 406 367 459 καὶ
398 403 773 475 πεφυσιῶσθαι
798 402 889 458 ἐπὶ
917 406 1029 468 τοῖς
1052 406 1433 479 ἁμαρτήμασι,
1478 409 1637 472 ποίας
1666 424 1751 461 κο-

182 490 391 555 λάσεώς
413 492 558 543 ἐστιν
583 488 759 554 ἄξιονί
796 491 858 543 Εἰ
892 490 999 562 γάρ
1031 491 1060 542 6
1086 492 1178 544 ἐπὶ
1202 495 1314 555 τοῖς
1333 489 1750 565 κατορθώμασιν

182 574 563 644 ἐπαιρόμενος,
613 572 921 642 ἀκάθαρτός
968 576 1135 641 ἐστιν,
1186 578 1214 629 6
1264 575 1357 629 ἐπὶ
1390 577 1749 647 ἁμαρτήμασι

177 660 341 713 τοῦτο
390 657 637 728 πάσχων,
668 657 827 721 ποίας
876 658 1124 725 τεύξεται
1184 660 1544 731 συγγνώμης;
1602 656 1755 711 Ἐπεὶ

194 739 277 798 δῦν
308 741 543 804 τοιοῦτος
582 734 651 811 ἦν
681 742 710 793 6
745 742 1153 813 πεπορνευκὼς,
1201 745 1295 798 καὶ
1325 744 1423 814 τὴν
1451 742 1629 813 ψυχὴν
1660 740 1753 795 06-

189 844 291 890 τως
326 824 523 896 ἰταμὴν
549 822 645 877 καὶ
668 823 978 878 δυσένδοτον
1008 825 1303 896 εἰργάσατο
1330 826 1417 880 διὰ
1446 830 1543 897 τῆς
1572 827 1751 897 ἀμαρο

180 911 324 973 τίας,
374 908 687 977 ἀναγκαίως
728 908 893 962 αὐτοῦ
944 910 1378 981 προκαταϐάλλει
1422 912 1513 964 τὸν
1557 910 1749 979 τῦφον.

180 995 293 1047 Καὶ
319 992 441 1048 οὔτε
488 993 704 1066 πρῶτον
730 993 913 1064 τίθησι
941 994 1001 1047 16
1033 993 1307 1065 ἔγκλημα,
1337 994 1480 1047 ὥστε
1530 992 1604 1065 μὴ
1652 994 1754 1047 ἀπ-

177 1077 604 1147 αναισχυντῆσαι
637 1076 820 1142 αὐτὸν,
844 1076 920 1139 ώς
950 1076 1054 1147 πρὸ
1076 1076 1188 1129 τῶν
1222 1077 1396 1131 ἀλλων
1425 1075 1753 1146 ἐγκαλούμεο

177 1178 290 1213 νον·
324 1159 450 1213 οὔτε
472 1160 530 1212 δὲ
561 1158 809 1231 ὔστερον,
834 1158 973 1213 ὥστε
998 1160 1160 1213 αὑτὸν
1190 1160 1263 1231 μὴ
1295 1159 1516 1231 νομίσαι
1541 1159 1751 1229 πάρερ-

176 1263 277 1313 γον
306 1241 445 1298 εἶναι
471 1244 532 1297 16
555 1245 675 1297 κατ’
704 1242 892 1296 αὐτόν·
943 1243 1077 1297 ἀλλὰ
1110 1245 1374 1314 πρότερον
1407 1243 1573 1297 πολὺν
1601 1240 1750 1311 αὐτῷ

102 1348 103 1351 ‘
178 1330 343 1397 φόϐον
375 1328 545 1392 ἐνθεὶς
597 1331 661 1382 ἐκ
687 1328 788 1397 τῆς
831 1328 967 1399 πρὸς
1010 1328 1230 1400 ἐτέρους
1269 1325 1602 1399 παρρησίας,
1627 1325 1749 1379 τότε

177 1413 267 1465 ἐπ’
294 1414 457 1465 αὐτὸν
482 1414 665 1482 χωρεῖ,
693 1413 751 1465 ἐν
774 1414 838 1483 τῇ
870 1412 1007 1482 πρὸς
1032 1411 1250 1483 ἐτέρους
1275 1411 1590 1482 ἐπιτιμήσει
1623 1426 1751 1482 προ·

176 1494 482 1549 κατασείων
507 1493 670 1548 αὺτοῦ
698 1494 796 1564 τὴν
839 1495 1114 1549 ἀπόνοιαν.
1151 1495 1300 1548 Αίδτά
1326 1494 1437 1564 γάρ
1469 1492 1642 1546 ταῦτα
1679 1492 1747 1546 τά

176 1581 399 1650 ῥήματα
423 1578 505 1641 16,
552 1576 747 1632 Οὐδὲν
778 1576 1012 1646 ἐμαυτῷ
1051 1579 1326 1643 σύνοιδα,
1361 1577 1501 1632 ἀλλ’
1532 1578 1646 1634 οὐκ
1678 1576 1749 1629 ἐκ

174 1664 369 1727 τούτῳ
396 1660 798 1730 δεδικαίωμαι·
828 1662 919 1714 καὶ
947 1662 1029 1726 τὸ,
1069 1661 1131 1715 '0
1158 1662 1379 1731 κρίνων
1398 1678 1496 1729 με,
1530 1661 1746 1728 Κύριός

172 1747 369 1807 ἐστιν,
398 1744 464 1810 ὃς
492 1746 590 1798 καὶ
645 1745 890 1814 φωτίσει
924 1745 997 1799 τὰ
1045 1744 1279 1813 κρυπτὰ
1312 1744 1417 1799 τοῦ
1459 1745 1743 1808 σκότους,

172 1829 275 1882 καὶ
321 1827 651 1898 φανερώσει
684 1828 791 1891 τὰς
814 1828 1052 1894 ,βουλὰς
1083 1826 1201 1882 τῶν
1229 1827 1508 1896 καρδιῶν,
1538 1826 1636 1897 οὐχ
1669 1822 1745 1889 ώς

172 1914 331 1984 ἔτυχε
358 1912 609 1967 κάκείνου
646 1913 738 1965 καλ⁵
762 1912 869 1966 τῶν
898 1913 1129 1984 ἐκείνῳα
1150 1912 1248 1982 μὲν
1280 1911 1744 1982 συγκροτούντων,

170 1998 301 2061 τοὺς
331 1997 387 2049 δέ
415 1996 599 2063 ἁγίους
634 1995 1075 2061 ἐξουθενούντων,
1116 1996 1479 2050 καθάπτεται.
1515 1995 1579 2047 Τί
1610 1992 1741 2064 γὰρ,

171 2081 360 2150 φησὶν,
391 2080 437 2131 εί
470 2079 665 2143 ἔξωθεν
690 2079 935 2149 ἐνάρετοι
980 2078 1263 2148 φαίνονταί
1298 2096 1446 2141 τινες
1478 2079 1573 2132 καὶ
1611 2077 1744 2131 θαυ-

173 2163 405 2231 μαστοί;
439 2163 513 2215 06
541 2162 651 2215 τῶν
673 2163 873 2229 ἔξωθεν
896 2165 1092 2235 κριτής
1128 2164 1246 2216 ἐστι
1292 2163 1451 2233 μόνον
1481 2163 1689 2225 ἐκεῖνος
1718 2164 1747 2215 6

168 2248 451 2318 δικαστὴς,
498 2248 634 2300 ἀλλὰ
684 2247 779 2301 καὶ
834 2247 903 2301 τά
954 2248 1244 2319 ἀπόρρητα
1287 2248 1368 2312 εἰς
1402 2246 1565 2318 μέσον
1596 2246 1740 2313 ἄγει.

169 2332 273 2384 Δύο
304 2333 487 2384 τοίνυν
530 2331 735 2396 ἐνεκεν,
775 2332 975 2401 μᾶλλον
1007 2331 1065 2385 δέ
1107 2332 1201 2390 καὶ
1232 2330 1418 2402 τριῶν,
1460 2331 1562 2383 οὐκ
1593 2329 1743 2383 ἐστιν

168 2416 326 2485 ἡμῶν
376 2418 408 2485 ή
446 2415 625 2487 κρίσις
664 2416 928 2485 ἀκριϐής·
975 2415 1093 2480 ἐνὸς
1146 2416 1265 2485 μὲν,
1319 2416 1400 2468 ὅτι
1435 2413 1538 2468 κᾶν
1576 2414 1743 2485 μηδὲν

165 2494 319 2568 ὦμεν
350 2501 561 2561 ἑαυτοῖς
582 2499 907 2563 συνειδότες,
932 2500 1083 2569 ’ὅμως
1106 2499 1338 2570 δεόμεθα
1366 2498 1460 2552 τοῦ
1484 2498 1551 2552 τά
1574 2500 1744 2569 ἁμαρ·

166 2585 391 2652 τὴματα
429 2584 585 2653 ήμῶν
619 2583 934 2653 ἐλέγχοντος
992 2584 1128 2654 μετά
1174 2585 1491 2654 ἀκριϐείας·
1551 2582 1740 2653 ἐτέρου

166 2666 245 2731 δέ,
266 2668 353 2719 ὅτι
381 2666 447 2719 τᾶι
482 2666 701 2720 πλείονα
730 2667 836 2719 τῶν
856 2667 1155 2737 γινομένων
1181 2669 1329 2737 ἡμᾶς
1363 2667 1616 2722 λανθάνει
1650 2669 1742 2721 καὶ

167 2751 493 2821 κρύπτεται·
544 2750 640 2803 καὶ
679 2751 868 2820 τρίτου
900 2751 1033 2821 πρὸς
1062 2750 1293 2815 τούτοις,
1320 2752 1402 2805 ὅτι
1431 2752 1601 2804 πολλὰ
1633 2752 1741 2805 τῶν

165 2837 479 2904 γενομένων
528 2833 657 2904 παρ’
713 2834 912 2906 ἐτέρων
962 2834 1109 2887 δοκεῖ
1145 2836 1241 2905 μὲν
1274 2837 1404 2906 ἡμῖν
1444 2835 1608 2899 καλὰ,
1640 2837 1742 2891 οὐκ

167 2920 275 2971 ἀπὺ
303 2918 478 2988 ὀρθῆς
504 2918 563 2971 δὲ
597 2918 806 2986 γίνεται
855 2917 1100 2988 γνώμης.
1151 2918 1216 2971 Τί
1260 2920 1442 2973 τοίνυν
1469 2920 1629 2990 φατὲ,
1660 2921 1740 2974 ὅτι

165 3002 320 3055 οὐδὲν
355 3003 668 3071 ἡμάρτηται
721 3002 798 3072 τῷ
842 3002 973 3055 δεῖνι
998 3002 1094 3056 καὶ
1126 3002 1205 3073 τῷ
1232 3002 1384 3066 δεῖνι,
1420 3006 1514 3058 καὶ
1537 3007 1566 3058 ὀ
1595 3005 1742 3060 δεῖνα

164 3085 258 3137 τοῦ
288 3085 462 3147 δεῖνος
492 3084 716 3154 βελτίων
736 3076 773 3151 ;¹
807 3084 976 3138 Τοῦτο
1003 3084 1113 3156 γάρ
1140 3086 1241 3139 οὐκ
1278 3085 1425 3140 ἐστιν
1454 3088 1741 3158 ἀποφήνα-

167 3168 315 3228 σθαι.
349 3168 472 3220 0666
498 3167 628 3237 περὶ
656 3167 748 3220 τοῦ
798 3168 963 3238 μηδὲν
996 3169 1176 3240 ἐαυτῷ
1213 3170 1533 3236 συνειδότος·
1570 3169 1597 3221 ὀ
1631 3170 1745 3241 γὰρ

163 3252 231 3305 τὰ
262 3252 556 3323 ἀπόρρητα
585 3251 805 3321 κρίνων,
829 3253 1034 3316 ἐκεῖνός
1062 3256 1209 3307 ἐστιν
1239 3255 1267 3307 6
1289 3255 1427 3325 μετά
1456 3254 1739 3323 ἀκριϐείας

160 3333 423 3398 δικάζων.
458 3335 588 3388 Ἰδοὺ
640 3334 790 3403 γοῦν,
822 3335 942 3390 0666
973 3337 1086 3406 ἐγώ
1132 3355 1187 3390 τι
1223 3339 1446 3410 ἐμαυτῷ
1481 3340 1698 3394 σύνοιδα
1719 3360 1734 3374 ο

163 3418 278 3472 ἀλλ’
312 3418 437 3471 0666
484 3417 628 3472 οὕτω
675 3419 1052 3489 δεδικαίωμαι·
1089 3421 1391 3485 τουτέστιν,
1418 3424 1519 3477 οὐκ
1560 3425 1739 3496 ἀπήλ-

163 3502 378 3579 λαγμαι
406 3501 515 3554 τῶν
544 3501 782 3555 εὐθυνῶν
811 3502 933 3556 0666
958 3502 1067 3555 τῶν
1104 3503 1484 3576 ἐγκλημάτων.
1525 3507 1598 3559 Οὐ
1630 3507 1739 3579 γὰρ

161 3586 321 3639 τοῦτό
349 3602 535 3654 φησιν,
568 3586 651 3638 ὅτι
702 3586 816 3639 Οὐκ
857 3586 915 3638 ἐν
944 3587 1055 3651 τοῖς
1092 3587 1119 3626 δ
1169 3587 1399 3653 δικαίοις
1445 3590 1735 3661 τέταγμαι,

162 3670 276 3723 ἀλλ’
307 3670 534 3723 ὅτιούκ
583 3669 697 3739 εἰμὶ
734 3668 975 3741 καθαρὸς
1017 3670 1126 3724 ἀπὸ
1156 3672 1449 3743 ἁμαρτίας.
1487 3673 1597 3727 Καὶ
1630 3673 1738 3745 γάρ

158 3751 402 3823 ἀλλαχοῦ
430 3768 615 3823 φησιν·
658 3754 712 3805 '0
763 3751 832 3805 δὲ
878 3753 1198 3808 ἀποθανὼν
1227 3754 1339 3827 ι9η
1369 3756 1738 3810 δεδικαίωται

161 3835 277 3890 ἀπὸ
312 3834 426 3901 τῆς
455 3836 770 3905 ἁμαρτίας·
830 3836 1128 3903 τουτέστιν,
1162 3838 1528 3907 ἀπήλλακται.
1559 3839 1737 3893 Πολλά

160 3919 215 3972 66
247 3920 341 3973 καὶ
373 3920 685 3990 πράττομεν
711 3920 889 3988 ἀγαθά
918 3921 1036 3991 μὲν,
1063 3922 1163 3975 οὐκ
1189 3922 1295 3975 ἀπὸ
1319 3921 1485 3994 ὀρθῆς
1509 3923 1566 3976 δέ
1594 3922 1736 3991 γνώ-

162 4020 290 4074 μης.
345 4003 460 4057 Καὶ
512 4004 620 4071 γὰρ
674 4003 1006 4074 ἐπαινοῦμεν
1040 4003 1288 4069 πολλοὺς,
1346 4006 1447 4058 οὐκ
1494 4007 1736 4070 ἐκείνους

159 4090 389 4159 ποιῆσαι
417 4087 704 4158 λαμπροὺς
739 4087 1071 4160 βουλόμενοι,
1104 4089 1219 4144 ἀλλ’
1248 4090 1468 4161 ἐτέρους
1494 4091 1561 4144 δι’
1588 4092 1735 4145 ἐκεί-

159 4189 263 4225 νων
285 4172 529 4226 δάκνειν.
564 4172 671 4224 Καὶ
701 4172 763 4224 16
797 4172 897 4243 μὲν
925 4173 1228 4244 γινόμενον,
1270 4174 1433 4228 καλὸν
1469 4176 1733 4245 (ἐπαινεῖ-

158 4273 247 4309 ται
291 4256 407 4326 γὰρ
454 4256 483 4309 6
531 4255 858 4328 κατορθῶν),
905 4259 938 4329 ἡ
982 4257 1038 4311 66
1085 4259 1296 4313 διάνοια
1321 4260 1731 4332 διεφθαρμένη·

157 4340 265 4394 ἀπὸ
304 4340 609 4410 σατανικῆς
656 4341 765 4412 γάρ
817 4341 1028 4409 γίνεται
1080 4342 1325 4413 γνώμης.
1393 4345 1468 4398 O6
1503 4345 1612 4415 γὰρ
1656 4346 1734 4417 τῷ

158 4423 379 4494 ἀδελφῷ
429 4424 763 4494 συγχαίρων,
800 4424 936 4478 ἀλλά
988 4424 1081 4478 τὸν
1110 4426 1297 4497 ἓτερον
1328 4426 1512 4497 βαλεῖν
1542 4430 1732 4483 ἐπιθυ-

161 4508 296 4578 μῶν,
325 4506 489 4561 τοῦτο
536 4506 799 4571 πολλάκις
848 4508 1119 4579 πεποίηκέ
1147 4527 1249 4572 τις.
1282 4510 1473 4572 Πάλιν,
1512 4512 1730 4585 ῆμαρτέ

155 4607 240 4655 τις
262 4589 541 4662 ἁμαρτίαν
572 4590 831 4661 μεγάλην·
861 4591 1045 4660 ἐτερός
1077 4610 1160 4655 τις
1190 4593 1352 4647 αὑτὸν
1375 4595 1729 4656 ύποσκελίσαι

162 4673 502 4745 βουλόμενος,
551 4673 702 4727 οὐδέν
732 4690 895 4744 φησιν
926 4674 1235 4745 εἰργάσθαι,
1266 4678 1359 4730 καὶ
1388 4679 1732 4749 παραμυθεῖ-

158 4775 245 4812 ται
267 4758 430 4830 δῆθεν
460 4757 622 4811 αὑτὸν
655 4759 1168 4828 ἁμαρτάνοντα,ἐπὶ
1199 4761 1260 4813 16
1290 4762 1467 4817 κοινὸν
1501 4763 1599 4831 τῆς
1626 4766 1729 4834 φύ-

160 4858 293 4905 σεως
350 4841 748 4911 καταφεύγων·
797 4841 911 4896 ἀλλ’
962 4843 1020 4896 06
1074 4843 1382 4912 συγγνῶναι
1445 4845 1725 4915 πολλάκις,

163 4924 289 4978 ἀλλά
362 4924 733 4997 ῥᾳθυμότερον
783 4924 1120 4996 ἐργάσασθαι
1169 4926 1512 4998 βουλόμενος,
1571 4930 1730 4989 τοῦτο

105 5050 118 5061 .
158 5012 316 5062 ποιεῖ.
349 5009 520 5062 Πάλιν
549 5008 868 5080 ἐπιπλήττει
890 5008 1169 5073 πολλάκις,
1198 5011 1294 5081 οὐχ
1323 5010 1464 5064 ὥστε
1512 5012 1728 5082 ἐλέγξαι

159 5093 248 5144 καὶ
271 5092 618 5163 νουθετῆσαι,
650 5092 764 5146 ἀλλ’
792 5091 932 5147 ὥστε
962 5094 1343 5163 ἐκπομπεῦσαι
1376 5097 1469 5149 καὶ
1490 5098 1729 5168 ἐκτραγ-

159 5175 357 5244 ῳδῆσαι
413 5175 492 5246 τῷ
542 5176 770 5247 πλησίον
803 5176 901 5248 τὴν
936 5177 1230 5248 ἁμαρτίαν.
1278 5179 1388 5243 Τάς
1431 5180 1489 5234 δὲ
1532 5181 1727 5251 βουλὰς

158 5258 319 5321 αὑτὰς
364 5258 643 5329 ἄνθρωποι
690 5259 789 5330 μέν
838 5260 939 5314 οὐκ
992 5260 1192 5326 ἴσασιν,
1236 5263 1264 5316 6
1292 5262 1348 5316 66
1371 5263 1470 5328 τὰς
1499 5266 1726 5336 καρδίας

161 5341 389 5412 ἐρευνῶν
439 5343 685 5411 ἀκριϐῶς
750 5344 1060 5409 ἐπίσταται,
1117 5348 1209 5400 καὶ
1258 5349 1338 5411 είς
1396 5349 1560 5418 μέσον
1609 5352 1726 5418 ἄξει

160 5426 329 5478 πάντα
358 5428 480 5479 τότε
519 5429 721 5487 ἐκεῖνα,
748 5429 837 5481 Διὸ
869 5430 965 5482 καὶ
993 5429 1176 5498 ἔλεγεν
1195 5447 1209 5462 ·
1251 5432 1346 5498 Ὃς
1377 5434 1621 5502 φωτίσει
1653 5436 1726 5490 τὰ

160 5509 385 5575 κρυπτὰ
414 5508 523 5563 τοῦ
552 5511 833 5579 σκότους,
869 5512 968 5572 καὶ
992 5514 1325 5584 φανερώσει
1352 5515 1458 5583 τὰς
1486 5517 1741 5585 ,βουλὰς

160 5590 270 5644 τῶν
294 5591 575 5660 καρδιῶν.

231 5695 390 5749 Ὅταν
408 5691 503 5750 οὖν
535 5697 631 5750 καὶ
662 5699 721 5751 ἐν
747 5696 826 5767 τῷ
850 5698 1018 5769 μηδέν
1055 5700 1269 5766 ἑαυτοῖς
1310 5702 1605 5757 συνειδέναι
1647 5704 1721 5776 μὴ

220 5884 413 5955 ³Ει1ἱίἱ,
447 5892 632 5955 ἐκείνῳ·
670 5891 811 5956 Reg,
837 5895 1029 5945 ἐκεῖνον.
1099 5903 1122 5940 ιι
1152 5897 1256 5959 Reg
1281 5936 1294 5961 ,
1322 5900 1393 5947 ὅτι
1420 5899 1466 5948 ἐν
1486 5900 1595 5963 τοῖς.

1856 409 2138 482 δυνώμεθα
2165 414 2522 486 ἐγκλημάτων
2554 411 2692 469 εἶναι
2722 416 2972 486 καθαροὶ,
2998 420 3089 473 καὶ
3111 421 3168 474 ἐν
3189 417 3269 482 οἷς
3298 416 3432 491 ἀγαὲ

1859 492 1950 547 θόν
1972 512 2026 548 τι
2056 497 2389 578 πράττομεν,
2418 501 2519 554 06):
2539 500 2646 554 ἀπὸ
2674 502 2839 572 ὀρθῆς
2867 502 2924 554 66
2948 504 3172 573 γνώμης
3192 506 3430 578 πράττο-

1860 594 1980 647 μεν,
2009 581 2280 651 τιμωρίας
2305 575 2455 652 ὧμεν
2485 583 2794 648 ὑπεύθυνοι,
2829 585 3078 653 ἐννόησον
3112 575 3251 658 πόση
3282 590 3431 660 παρά

1852 660 2160 731 ἀνθρώποις
2191 665 2375 736 ἀπάτη
2399 668 2528 737 περὶ
2547 667 2646 731 τὰς
2668 667 2899 739 κρίσεις.
2920 668 3106 722 Πάντα
3132 670 3239 741 γὰρ
3258 671 3430 726 ταῦτα

1852 742 2161 816 ἀνθρώποις
2212 749 2311 818 μὲν
2357 749 2459 803 οὐκ
2499 749 2647 804 ἐστιν
2683 749 2906 820 ἐφικτὰ,
2943 750 3020 822 τῷ
3049 752 3106 805 δέ
3142 754 3429 824 ἀκοιμήτῳ

1811 896 1818 903 ⁸
1856 827 2001 899 μόνῳ
2025 829 2320 902 ὀφθαλμῷ·
2349 832 2453 887 κᾶν
2482 833 2805 906 ἀνθρώπους
2838 835 3214 906 ἀπατήσωμεν
3235 878 3248 901 ,
3286 838 3428 891 ἐκεῖ-

1849 928 1941 964 νον
1973 912 2223 966 οὐδέποτε
2248 914 2748 986 παραλογισόμεθα.
2783 917 2876 989 Μὴ
2898 918 3075 970 τοίνυν
3102 918 3251 988 λέγε·
3292 920 3426 973 Σκό-

1852 1010 1940 1057 τος
1966 993 2147 1065 κύκλῳ
2184 1013 2286 1066 μου
2316 997 2411 1052 καὶ
2449 1002 2625 1069 τοῖχοι
2648 1017 2662 1032 ·
2693 1000 2779 1064 τίς
2816 1019 2883 1071 με
2914 1001 3051 1072 ὁρᾷ;
3083 1003 3111 1055 6
3149 1002 3259 1070 γὰρ
3291 1003 3429 1056 πλά-

1853 1094 1950 1141 σας
1979 1080 2291 1149 καταμόνας
2314 1080 2417 1146 τάς
2450 1083 2676 1153 καρδίας
2697 1083 2873 1154 ήμῶν,
2906 1085 3067 1150 αὐτὸς
3095 1087 3275 1140 πάντα
3302 1088 3425 1140 ἐπί-

1854 1176 2064 1224 σταται,
2094 1164 2175 1216 ὅτι
2202 1163 2393 1228 σκότος
2429 1166 2489 1218 06
2519 1166 2936 1238 σκοτισθήσεται
2965 1171 3095 1239 παρ’
3122 1170 3287 1240 αὐτῷ.
3315 1173 3428 1224 Κα-

1850 1242 1957 1306 λῶς
1986 1244 2044 1297 δέ
2081 1263 2245 1315 φησιν
2282 1249 2311 1301 ό
2339 1249 2700 1319 ἁμαρτάνων,
2731 1250 2814 1304 ὅτι
2865 1250 3062 1315 Σκότος
3091 1254 3275 1324 κύκλῳ
3324 1273 3424 1324 μου

1851 1328 1943 1380 καὶ
1969 1332 2155 1398 τοῖχοι.
2181 1330 2241 1382 Εἰ
2270 1329 2345 1401 μὴ
2371 1331 2481 1402 γάρ
2503 1332 2692 1396 σκότος
2710 1328 2779 1405 ἦν
2800 1333 2859 1386 ἐν
2888 1338 2952 1405 τῇ
2976 1336 3202 1406 διανοίᾳ,
3238 1338 3339 1390 οὐκ
3359 1328 3440 1402 ἀνκ

1849 1412 1945 1463 τὸν
1976 1412 2140 1480 φόϐον
2166 1413 2258 1466 τοῦ
2290 1414 2422 1467 Θεοῦ
2448 1415 2717 1478 ἐκϐαλὼν,
2753 1416 2891 1486 μετὰ
2920 1419 3102 1483 ἀδείας
3132 1420 3420 1491 ἔπραττεν.

1852 1494 1952 1546 “Av
1981 1493 2089 1564 γὰρ
2117 1494 2193 1566 μὴ
2209 1497 2474 1570 πρότερον
2502 1499 2758 1570 σκοτισθῇ
2785 1500 2845 1554 16
2862 1502 3207 1572 ἡγεμονικὸν,
3234 1504 3435 1556 ἐπεισς,

1849 1575 2074 1647 ελθεῖνή
2107 1579 2352 1650 ἁμαρτία
2393 1581 2530 1652 μετά
2562 1581 2746 1646 ἀδείας
2765 1583 2826 1636 o6
2858 1584 3103 1641 δύναται.
3133 1580 3225 1656 Μὴ
3246 1586 3423 1640 τοίνυν

1849 1659 1991 1727 λέγε·
2027 1661 2123 1722 Τίς
2177 1679 2243 1732 με
2277 1664 2416 1734 ὁρᾷς
2470 1664 2586 1721 ἐστι
2635 1665 2743 1737 γὰρ
2778 1668 2806 1719 6
2842 1665 3212 1737 διικνούμενος
3259 1668 3423 1739 μέχρι

1847 1741 2026 1813 ψυχῆς
2052 1744 2145 1797 καὶ
2172 1744 2503 1816 πνεύματος,
2529 1746 2725 1819 ἁρμῶν
2761 1766 2821 1802 τε
2865 1751 2957 1803 καὶ
2999 1750 3209 1820 μυελῶν
3231 1768 3244 1781 ·
3287 1751 3423 1805 ἀλλά

1850 1828 1913 1879 σὺ
1940 1827 2132 1883 σαυτὸν
2151 1829 2248 1899 οὐχ
2286 1831 2440 1901 ὁρᾷς,
2465 1831 2587 1886 0666
2618 1831 2925 1905 διατέμνειν
2972 1832 3197 1887 δύνασαι
3235 1835 3296 1888 16
3333 1836 3422 1889 νέ-

1848 1927 1968 1977 φος,
1994 1911 2107 1966 ἀλλ’
2129 1911 2320 1985 ῶσπερ
2341 1915 2542 1986 τειχίον
2570 1916 2832 1971 πάντοθεν
2856 1917 2994 1988 ἔχων
3016 1918 3418 1988 περικείμενον,

1847 1993 2016 2058 οὕτως
2048 1996 2346 2066 ἀναϐλέψαι
2385 1999 2520 2069 πρὸς
2543 1999 2635 2053 τὸν
2663 2000 2889 2071 οὐρανὸν
2909 2001 3007 2054 οὐκ
3029 1997 3190 2073 ἔχεις.

1915 2078 1957 2131 δ’
1960 2079 2150 2137 ,Ποίαν
2166 2080 2274 2152 γάρ
2295 2080 2471 2151 βούλει
2488 2084 3037 2156 πρότερονεὰμαρτίαν
3054 2083 3291 2149 ἐξετάσω
3300 2100 3418 2156 μεν;

1847 2162 1940 2214 καὶ
1968 2163 2087 2232 ὄψει
2104 2163 2246 2217 οὕτω
2264 2166 2553 2237 γινομένην
2575 2168 2766 2239 αὑτήν.
2798 2168 3065 2239 Καθάπερ
3090 2169 3198 2239 γὰρ
3223 2169 3418 2239 λῃσταὶ

1846 2247 1939 2300 καὶ
1975 2249 2360 2319 τοιχωρύκται,
2404 2251 2623 2305 ἐπειδάν
2662 2269 2715 2305 τι
2746 2252 2851 2305 τῶν
2878 2253 3075 2323 τιμίων
3113 2252 3297 2306 λαϐεῖν
3326 2252 3419 2305 θεμ-

1845 2329 2070 2399 λήσωσι,
2090 2333 2180 2385 τὸν
2210 2332 2401 2403 λύχνον
2423 2335 2861 2399 κατασϐέσαντες
2888 2334 3044 2389 τοῦτο
3071 2336 3415 2407 πράττουσιν·

1845 2412 1989 2467 οὕτω
2009 2415 2102 2468 καὶ
2119 2417 2210 2469 ἐπὶ
2239 2416 2345 2469 τῶν
2366 2418 2789 2489 ἁμαρτανόντων
2814 2421 2841 2473 6
2860 2419 3254 2490 διεφθαρμένος
3277 2422 3421 2477 ποιεῖ

1845 2496 2123 2567 λογισμός.
2156 2499 2267 2552 Καὶ
2291 2500 2397 2572 γὰρ
2432 2502 2525 2554 καὶ
2561 2502 2619 2553 ἐν
2649 2504 2680 2572 ή
2692 2503 2783 2571 μίν
2816 2503 2931 2555 ἐστι
2963 2502 3077 2570 φῶς
3114 2502 3174 2555 16
3202 2502 3418 2570 λογικὸν

1842 2578 2016 2632 διόλου
2053 2581 2364 2652 καιόμενον.
2400 2584 2495 2636 Ἂν
2536 2583 2592 2637 δέ
2650 2584 2709 2637 16
2757 2584 2975 2655 πνεῦμα
3024 2586 3122 2654 τῆς
3162 2584 3419 2655 πορνείας

1845 2662 2089 2734 σφοδρῶς
2116 2665 2341 2719 ἐπελθὸν
2370 2666 2511 2737 μετά
2540 2666 2743 2738 πολλῆς
2774 2668 2874 2738 τῆς
2905 2668 3082 2739 ῥύμης
3105 2668 3418 2742 κατασϐέσῃ

1840 2745 1939 2817 τὴν
1968 2747 2143 2816 φλόγα
2166 2748 2403 2820 ἐκείνην,
2434 2749 2712 2803 ἐσκότισεν
2758 2750 2960 2814 εὐθέως
2991 2751 3089 2821 τὴν
3122 2750 3297 2823 ψυχὴν
3326 2744 3418 2803 καί

1842 2832 2279 2902 κατηγωνίσατο,
2313 2834 2405 2887 καὶ
2444 2833 2621 2888 πάντα
2654 2833 2919 2906 ἐσύλησεν
2960 2835 3166 2898 εὐθέως
3219 2836 3290 2887 τὰ
3329 2837 3417 2888 ἐν-

1842 2914 2371 2984 αποκείμενα.”οταν
2395 2915 2503 2987 γὰρ
2529 2917 2633 2970 ὑπὸ
2648 2917 2910 2986 ἀσελγοῦς
2935 2916 3225 2988 ἐπιθυμίας
3244 2918 3358 2989 ἁλῷ
3383 2919 3415 2989 ἡ

1840 2995 2007 3067 ψυχὴ,
2032 2998 2286 3071 καθάπερ
2320 3000 2481 3069 νέφος
2534 3001 2628 3054 καὶ
2662 3002 2830 3071 ἀχλὺς
2862 3002 2989 3065 τοὺς
3036 3002 3129 3055 τοῦ
3166 2992 3417 3074 σώματος

1840 3079 2173 3152 ὀφθαλμοὺς,
2204 3082 2348 3137 οὕτω
2383 3083 2484 3153 τῆς
2509 3084 2749 3148 διανοίας
2781 3085 2840 3138 16
2887 3086 3244 3157 προορατικὸν
3285 3103 3416 3158 προ⁹

1841 3164 2221 3218 καταλαϐοῦσα
2245 3166 2451 3239 ἐκείνη,
2471 3167 2658 3223 οὐδένα
2679 3168 2901 3238 ἀφίησιν
2931 3168 3057 3221 ἰδεῖν
3079 3167 3200 3240 [92]
3225 3185 3416 3241 περαιη

1839 3248 2002 3319 τέρω,
2034 3249 2095 3302 06
2121 3249 2388 3320 κρημνὸν,
2421 3250 2481 3303 06
2521 3250 2780 3319 γέενναν,
2815 3251 2875 3304 06
2920 3250 3085 3318 φόϐον
3105 3291 3120 3315 ,
3164 3251 3278 3305 ἀλλ’
3310 3253 3415 3305 ὑπὸ

1838 3332 1938 3404 τῆς
1958 3332 2252 3403 ἐπιϐουλῆς
2275 3332 2490 3405 ἐκείνης
2514 3335 2913 3406 τυραννηθεῖσα
2942 3335 3147 3400 λοιπὸν,
3178 3337 3412 3391 εύκατα-

1839 3418 2098 3486 γώνιστος
2125 3418 2230 3472 ὑπὸ
2260 3417 2360 3489 τῆς
2401 3418 2677 3491 ἁμαρτίας
2729 3418 2977 3488 γίνεται·
3026 3421 3121 3473 καὶ
3162 3420 3413 3491 καθάπερ

1838 3502 2013 3571 τοῖχος
2050 3501 2381 3571 ἀθυρίδωτος
2403 3501 2509 3573 πρὸ
2531 3502 2639 3556 τῶν
2667 3501 2959 3573 ὀφθαλμῶν
3006 3502 3272 3575 ἐγερθεὶς,
3312 3505 3412 3557 οὐκ

1838 3584 2030 3655 ἀφίησι
2060 3584 2157 3656 τὴν
2181 3586 2376 3639 ἀκτῖνα
2409 3586 2509 3657 τῆς
2535 3585 2880 3655 δικαιοσύνης
2911 3586 3181 3656 ἐλλάμψαι
3208 3591 3273 3659 τῇ
3306 3588 3413 3641 δια-

1838 3668 1976 3739 νοίᾳ,
2004 3669 2111 3721 τῶν
2128 3668 2408 3741 λογισμῶν
2435 3669 2544 3723 τῶν
2565 3670 2789 3724 ἀτόπων
2820 3671 2920 3741 τῆς
2942 3670 3239 3741 ἐπιθυμίας
3278 3672 3412 3725 πάν-

1836 3752 1990 3805 τοθεν
2012 3753 2180 3824 αὐτὴν
2208 3753 2653 3824 ἐπιτειχισάντων
2678 3764 2699 3792 ο
2724 3770 2737 3783 ο
2763 3754 2858 3806 καὶ
2877 3755 3092 3825 ἀπαντᾷ
3122 3753 3267 3824 αύτῷ
3289 3754 3410 3808 τότε

1836 3834 2021 3889 λοιπὸν
2053 3836 2085 3907 ἡ
2114 3838 2489 3908 πορνευομένη
2520 3837 2678 3909 γυνὴ.
2709 3837 2815 3907 πρὸ
2834 3837 2942 3891 τῶν
2966 3838 3275 3909 ὀφθαλμῶνε
3310 3839 3410 3910 προ

1835 3919 1937 3989 τῆς
1974 3918 2231 3985 διανοίας,
2265 3920 2371 3991 πρὸ
2403 3920 2511 3973 τῶν
2540 3920 2820 3992 λογισμῶν
2868 3921 3083 3976 ἐστῶσα
3109 3923 3203 3977 καὶ
3228 3939 3411 3991 φαινοφ

1840 4001 1973 4072 μένη
1994 4018 2009 4034 ·
2043 4003 2139 4055 καὶ
2163 4001 2353 4074 ὥσπερ
2378 4003 2428 4056 οἰ
2475 4004 2889 4076 πεπηρωμένοι,
2925 4007 3029 4059 κᾶν
3079 4007 3137 4059 ἐν
3175 4005 3409 4077 σταθερᾷ

1839 4083 2157 4156 μεσημϐρίᾳ
2195 4085 2289 4139 ὑπ’
2319 4084 2487 4140 αὑτοῦ
2516 4086 2613 4140 τοῦ
2644 4087 2671 4127 ά
2702 4086 2935 4158 οὐρανοῦ
2964 4088 3026 4141 16
3063 4089 3226 4159 μέσον
3250 4090 3409 4159 ἐστη-
3456 4110 3459 4111 ν

1835 4167 1990 4231 κότες
2019 4162 2247 4232 ὦσιν,ού
2270 4169 2668 4240 παραδέχονται
2694 4170 2752 4223 16
2787 4170 2924 4239 φῶς,
2943 4171 3408 4242 ἐγκεκλεισμένων

1836 4251 2019 4315 αὐτοῖς
2047 4252 2155 4306 τῶν
2179 4252 2442 4323 ὀμμάτων
2461 4269 2475 4284 ·
2503 4253 2646 4308 οὕτω
2678 4253 2743 4325 δὴ
2768 4255 2863 4308 καλ⁵
2908 4246 3078 4318 οὗτοι,
3107 4255 3210 4309 κᾶν
3242 4255 3409 4326 μυρία

1836 4335 2099 4392 πάντοθεν
2140 4336 2321 4400 αὐτοῖς
2351 4339 2517 4409 ἐνηχῇ
2569 4340 2809 4410 σωτήρια
2843 4338 3108 4409 δόγματα,
3133 4339 3208 4409 τῷ
3247 4338 3408 4393 πάθει

1834 4419 2007 4490 τούτῳ
2037 4421 2572 4491 προκατειλημμένοι
2596 4424 2694 4494 τὴν
2711 4422 2911 4493 ψυχὴν,
2939 4425 3072 4476 πᾶσι
3094 4426 3203 4485 τοῖς
3231 4423 3407 4475 τοιού-

1832 4519 1947 4567 τοις
1978 4502 2159 4572 λόγοις
2193 4504 2609 4573 ἀποφράττουσι
2636 4507 2733 4576 τὴν
2766 4507 2961 4575 ἀκοήν.
3011 4507 3118 4557 Καὶ
3151 4504 3329 4558 ίσασιν
3357 4508 3407 4559 οἰ

1831 4586 1931 4655 τὴν
1962 4589 2156 4658 πεῖραν
2181 4586 2461 4658 εἰληφότες
2490 4587 2691 4651 καλῶς.
2729 4588 2869 4640 Ἀλλ’
2899 4589 3042 4658 ὑμᾶς
3083 4588 3157 4657 μὴ
3199 4589 3409 4656 γένοιτο

1831 4670 1940 4723 ἀπὸ
1962 4669 2062 4740 τῆς
2093 4670 2289 4741 πείρας
2317 4670 2489 4741 αὐτῆς
2519 4671 2736 4725 εἰδέναι.
2769 4672 2880 4741 Ούχ
2911 4670 3049 4741 αὕτη
3081 4670 3136 4723 δέ
3178 4671 3337 4740 μόνον
3371 4674 3405 4745 ἡ

1832 4754 2074 4825 ἁμαρτία
2097 4754 2273 4809 ταῦτα
2294 4757 2455 4818 ποιεῖ,
2480 4754 2615 4809 ἀλλά
2641 4752 2735 4808 καῖ
2770 4755 2877 4818 πᾶς
2908 4754 3047 4826 ἐρως
3079 4754 3298 4818 ἄτοπος,

1901 4857 2237 4929 Μεταθῶμεν
2275 4858 2405 4930 γάρ,
2427 4861 2475 4913 εί
2497 4859 2665 4924 δοκεῖ,
2698 4859 2791 4913 τὸν
2810 4859 2967 4927 λόγον
3006 4859 3114 4912 ἀπὸ
3144 4860 3245 4929 τῆς
3275 4877 3409 4930 πορ-

1831 4941 2126 5013 νευομένης
2148 4943 2404 5011 γυναικὸς
2428 4943 2520 4995 ἐπὶ
2545 4943 2615 4996 τά
2645 4944 2923 5015 χρήματα,
2972 4944 3065 4997 καὶ
3097 4936 3408 5013 θεασόμεθα

1828 5024 1925 5078 καὶ
1948 5023 2181 5079 ἐνταῦθα
2216 5024 2420 5077 πυκνὸν
2464 5025 2654 5089 σκότος
2687 5027 2780 5079 καὶ
2822 5026 3064 5098 συνεχές,
3125 5026 3273 5079 Ἐκεῖ
3307 5026 3406 5097 μὲν

1830 5107 1960 5177 γὰρ,
1996 5108 2091 5162 ᾶτε
2116 5108 2246 5178 μιᾶς
2269 5105 2436 5178 ούσης
2455 5108 2555 5179 τῆς
2583 5110 2866 5181 ἐρωμένης
2890 5106 2984 5162 καῖ
3013 5111 3091 5173 εἰς
3121 5109 3218 5163 ἐνα
3241 5110 3406 5163 τόπον

1830 5190 2353 5262 ἀποκεκλεισμένης,
2377 5191 2475 5261 οὺχ
2500 5190 2642 5244 οὕτω
2668 5192 2890 5263 σφοδρδι
2916 5193 2976 5246 16
3007 5192 3202 5256 πάθος·
3223 5192 3314 5245 ἐπὶ
3341 5193 3400 5245 δέ

1828 5272 1937 5325 τῶν
1966 5274 2262 5345 χρημάτων
2292 5274 2603 5347 ἁπανταχοῦ
2638 5277 2997 5346 φαινομένων,
3025 5278 3082 5329 ἐν
3098 5278 3404 5348 ἀργυροκο-

1830 5356 2020 5419 πείοις,
2048 5358 2106 5409 ἐν
2140 5357 2493 5428 πανδοχείοις,
2528 5359 2587 5412 ἐν
2618 5361 3008 5431 χρυσοχοείοις,
3055 5361 3111 5413 ἐν
3140 5363 3262 5425 ταῖς
3293 5361 3401 5413 τῶν

1826 5434 2195 5494 πλουτούντων
2210 5442 2426 5506 οἰκίαις,
2456 5438 2701 5513 σφοδρῶς
2728 5443 2755 5494 ὀ
2782 5434 2921 5514 ἔρως
2944 5446 3083 5497 πνεῖ.
3107 5444 3274 5498 Ὅταν
3294 5446 3401 5515 γὰρ

1826 5525 2022 5587 παῖδας
2053 5523 2340 5589 σοϐοῦντας
2370 5525 2465 5578 ἐπὶ
2495 5527 2592 5596 τῆς
2632 5526 2856 5597 ἀγορᾶς,
2902 5526 3105 5591 ἵππους
3132 5544 3400 5600 χρυσοφο-

1827 5607 2072 5674 ροῦντας,
2128 5607 2450 5678 ἀνθρώπους
2491 5607 2997 5679 καλλωπιζομένους
3048 5610 3396 5666 πολυτελέσιν

1826 5691 2126 5763 ἐσθήμασιν
2161 5692 2242 5764 ἴδῃ
2280 5691 2720 5762 μετ’λέπιθυμίας
2752 5694 2780 5745 ὀ
2809 5693 3001 5759 νοσῶν,
3028 5693 3192 5757 πολὺς
3219 5694 3247 5746 ό
3281 5692 3399 5746 σκόρ

1889 5905 1912 5935 “
1938 5901 2084 5967 Reg,
2110 5901 2502 5967 ἑπιτειχιζόντων.
2565 5898 2591 5939 ἀ
2616 5900 2762 5963 Reg,
2784 5902 2862 5949 ὑπ’
2886 5901 3001 5956 αὐτὸ
3021 5900 3122 5961 τοῦ.
