3838 6214
415 249 484 310 95
1159 250 1217 306 S.
1256 250 1545 306 JOANMS
1583 251 2084 308 (ZIIRYSOS'I'OIU
2116 253 2440 312 AllCﬂlEP.
2482 255 3037 315 CONSTANTINOP.
3605 263 3665 318 9|

406 369 858 437 τοςκαταχεῖται.
898 365 1008 420 Kal
1037 364 1090 416 τί
1128 365 1209 418 δεῖ
1245 365 1430 434 λέγειν
1459 365 1638 430 οἰκίας
1681 367 1775 420 zeal
1815 368 1990 440 ἀργυ-

411 455 702 526 ροκοπεῖα;
736 448 877 519 Ἐγὼ
909 449 1020 522 7&9
1048 445 1201 520 οἶμαι
1232 453 1357 513 τοὺς
1403 451 1700 515 τοιούτους,
1759 451 1862 506 κᾶν
1897 453 1991 506 ἐπὶ

406 538 510 608 τῆς
540 535 762 608 γραφῆς
784 534 937 588 ίδωσι
961 534 1056 586 zeal
1077 535 1176 605 τῆς
1207 535 1416 599 είκίνος
1445 535 1535 588 τὸν
1566 535 1815 599 πλοῦτον,
1847 552 1989 588 σπα-

413 619 704 693 ράττεσθαι
731 618 824 671 zeal
843 617 1146 690 ἀγριαίνειν
1170 619 1266 671 zeal
1294 617 1492 690 λυττᾷν
1509 634 1522 647 ο
1552 618 1692 672 ὥστε
1723 618 1992 672 πάντοθεν

409 705 599 768 αὐτοῖς
619 703 683 757 τὸ
710 703 904 765 σκότος
933 701 1248 769 συνάγεται.
1275 700 1394 756 Κάν
1422 703 1534 772 γάρ
1555 702 1636 764 εἰς
1657 702 1840 756 εἰκόνα
1868 700 1990 772 βλέ-

407 791 552 861 ψωσι
588 787 896 858 βασιλικὴν,
929 787 991 840 οὐ
1015 786 1357 856 θαυμάζουσι
1381 786 1491 840 τῶν
1519 786 1685 841 λίθων
1707 786 1767 840 τὸ
1793 785 1989 850 κάλλος

408 875 530 927 οὐδέ⁹
557 873 650 926 τὸν
684 870 884 942 χρυσὸν
914 870 1037 929 οὐδὲ
1067 871 1129 923 τὸ
1150 870 1416 941 ἁλουργὲς
1444 870 1662 941 ἰμάτιον
1679 913 1696 936 ,
1727 870 1864 924 ἀλλά
1889 871 1988 939 τή-

409 975 614 1012 κονται.
654 956 765 1010 Kal
788 953 1038 1026 καθάπερ
1065 956 1093 1009 ό
1129 955 1370 1026 δύσερως
1403 957 1632 1021 ἐκεῖνος,
1676 955 1777 1009 κᾶν
1804 953 1990 1008 εἰκόνα

409 1043 672 1111 θεάσηται
712 1041 813 1112 τῆς
851 1038 1135 1110 ἐρωμένης
1191 1039 1468 1108 γυναικὸς,
1512 1039 1861 1110 προσήλωται
1910 1036 1990 1107 τῷ

408 1123 622 1194 ἀψύχῳο
650 1123 794 1176 οὕτω
821 1124 917 1176 zeal
935 1114 1093 1186 οὗτος
1119 1121 1324 1192 ἄψυχον
1338 1121 1480 1194 ὁρῶν
1500 1123 1682 1176 εἰκόνα
1700 1120 1793 1174 τοῦ
1823 1119 1992 1173 πλού-

406 1223 522 1271 του.
547 1207 607 1261 τὸ
641 1206 776 1262 αὐτὸ
825 1205 1028 1278 πάσχει
1067 1206 1353 1278 μειζόνως,
1399 1205 1495 1258 ἀτε
1534 1203 1990 1277 τυραννικωτέρῳ

407 1292 774 1364 κατεχόμενος
797 1293 993 1346 πάθεν
1027 1294 1121 1346 zeal
1155 1292 1258 1362 χρὴ
1291 1291 1475 1346 λοιπὸν
1507 1289 1540 1362 ἢ
1569 1289 1749 1360 μένειν
1773 1287 1866 1340 ἐπὶ
1890 1287 1990 1356 τῆς

406 1376 606 1440 οἰκίας,
638 1377 671 1447 ἦ
701 1376 1012 1446 ἐμϐαλόντα
1031 1375 1124 1428 ἐπὶ
1151 1377 1250 1443 τῆς
1274 1377 1500 1446 ἀγορᾶς,
1535 1372 1736 1444 μυρίας
1755 1370 1989 1424 λαϐόντα

409 1459 626 1531 πληγὰς
657 1462 959 1532 ἀναχωρεῖν
1007 1460 1222 1514 οἴκαδε·
1267 1459 1437 1513 πολλὰ
1461 1458 1571 1529 γὰρ
1613 1459 1683 1516 τά
1716 1457 1988 1510 λυποῦντα

409 1543 573 1598 αὐτοῦ
604 1545 732 1608 τοὺς
762 1543 1095 1617 ὀφθαλμούς.
1151 1544 1260 1597 Kal
1293 1542 1547 1614 καθάπερ
1597 1543 1807 1604 ἐκεῖνος
1836 1539 1989 1593 οὐδὲν

408 1626 594 1700 ιτερον
625 1627 657 1699 ἢ
691 1626 789 1700 τὴν
818 1630 1054 1696 γυναῖκα
1077 1629 1200 1699 ὁρᾷ,
1231 1626 1376 1680 οὕτω
1413 1627 1509 1681 καὶ
1546 1618 1704 1688 οὗτος
1748 1625 1989 1695 πένητας

410 1710 510 1782 μέν
535 1710 629 1765 zeal
647 1713 716 1763 τὰ
742 1711 876 1766 ἀλλα
910 1713 1087 1767 πάντα
1113 1711 1473 1785 παρατρέχει,
1497 1710 1584 1764 ἵνα
1629 1709 1764 1781 μηδέ
1810 1725 1989 1779 παρα-

410 1793 606 1864 μυθίαν
635 1795 778 1868 λάϐῃ
802 1811 816 1825 ⁸
847 1795 982 1868 πρὸς
1007 1795 1066 1849 δὲ
1086 1795 1216 1860 τοὺς
1246 1796 1513 1867 εὐπόρους
1538 1793 1834 1859 ἐνατενίζει
1861 1793 1988 1855 τοὺς

404 1878 743 1951 ὀφθαλμοὺς,
763 1881 934 1934 πολὺν
953 1881 1047 1934 zeal
1067 1880 1294 1953 σφοδρὸν
1317 1881 1425 1935 ἀπὸ
1439 1881 1538 1951 τῆς
1567 1878 1790 1932 ἐκείνων
1815 1875 1989 1947 ὅψεως

405 1965 488 2028 τίς
519 1964 620 2035 τὴν
648 1965 841 2019 ἐαυτοῦ
867 1964 1046 2036 ψυχὴν
1086 1966 1322 2034 εἰσάγων
1347 1965 1408 2020 τὸ
1434 1963 1567 2036 πῦρ.
1591 1963 1712 2034 Πύρ
1735 1967 1844 2034 γάρ
1870 1963 1988 2014 ἐστι

407 2046 665 2118 χαλεπῶς
703 2049 993 2102 κατεσθίον
1026 2049 1118 2103 τὸν
1140 2051 1472 2120 ἐμπεσόντα,
1499 2049 1596 2102 zeal
1621 2049 1669 2102 εἰ
1699 2047 1772 2119 μὴ
1795 2045 1988 2114 γέεννα

408 2132 677 2204 ὴπείλητο
717 2133 856 2204 μηδὲ
918 2133 1162 2197 κόλασις,
1213 2132 1355 2188 αὐτά
1384 2133 1452 2188 τά
1484 2132 1729 2203 παρόντα
1766 2130 1987 2194 κόλασις

403 2211 495 2287 ἦν,
533 2216 594 2271 τὸ
634 2216 897 2288 διηνεκῶς
941 2217 1326 2288 βασανίζεσθαι
1370 2219 1465 2271 καὶ
1497 2217 1769 2288 μηδέποτε
1811 2215 1990 2287 πέρας

404 2301 682 2374 εὑρίσκειν
706 2302 801 2356 τού
826 2303 1152 2374 νοσήματος.
1186 2302 1296 2357 Kal
1323 2303 1482 2373 ῆρκει
1513 2302 1610 2355 zeal
1648 2299 1821 2354 ταῦτα
1851 2300 1990 2372 μόνα

405 2388 593 2440 πεῖσαι
618 2388 811 2456 φυγεῖν
832 2384 929 2458 τὴν
949 2386 1268 2458 ἀρρωστίαν
1287 2401 1302 2419 ο
1329 2385 1446 2440 ἀλλ’
1471 2384 1624 2440 οὐδὲν
1657 2385 1841 2447 ἀνοίας
1875 2385 1989 2454 χεῖ-

408 2485 521 2546 ρον,
549 2471 584 2540 ἦ
614 2473 709 2524 zeal
747 2473 862 2534 τοῖς
890 2469 1132 2542 ἀθυμίαν
1152 2470 1382 2542 φέρουσι
1419 2470 1713 2542 πράγμασι
1743 2471 1837 2523 zeal
1863 2469 1988 2539 κέρ-

401 2553 491 2619 ἀος
513 2555 666 2610 οὐδὲν
695 2554 823 2630 [93].
857 2554 1243 2627 προσηλῶσθαι
1287 2555 1720 2627 παρασκευάζει.
1761 2552 1852 2606 Διδ
1879 2569 1987 2604 πα-

406 2639 630 2712 ρακαλῶ
654 2641 960 2714 ἀρχόμενον
978 2641 1270 2695 ἐκκόπτειν
1291 2639 1353 2694 τὸ
1375 2640 1566 2704 πάθος.
1594 2639 1864 2711 Καθάπερ
1879 2639 1984 2708 γάρ

404 2725 642 2799 πυρετὸς
676 2725 828 2795 παρά
862 2726 960 2797 μὲν
983 2726 1083 2797 τὴν
1104 2724 1278 2796 ἀρχὴν
1309 2724 1656 2799 προσϐαλὼν,
1686 2723 1746 2777 οὐ
1781 2723 1986 2793 σφόδρα

404 2807 592 2880 φλέγει
619 2811 686 2882 τῇ
717 2809 848 2884 δίψῃ
890 2810 1016 2872 τούς
1062 2809 1395 2879 κάμνοντας,
1430 2808 1647 2872 ἐπιδοὺς
1677 2807 1734 2862 δὲ
1763 2809 1860 2861 zeal
1885 2806 1986 2877 τὴν

404 2892 577 2965 φλόγα
611 2893 844 2965 ἐπάρας,
871 2893 1068 2947 ἀνίατα
1112 2893 1273 2966 me,qu
1310 2893 1722 2965 παρασκευάζει
1763 2893 1983 2947 λοιπόν⁶

403 2977 506 3033 κάν
535 2977 796 3050 παράσχῃ
830 2994 915 3042 τις
949 2978 1133 3041 αὐτοῖς
1165 2976 1544 3050 ἐμφορηθῆναι
1586 2977 1680 3032 τοῦ
1713 2977 1980 3048 πόματος,

399 3062 462 3115 οὐ
489 3062 790 3122 σϐέννυσιν.
816 3062 932 3116 ἀλλ’
960 3063 1172 3116 ἐκκαίει
1196 3063 1293 3135 τὴν
1315 3064 1546 3134 κάμινον
1566 3079 1582 3094 °
1604 3061 1747 3117 οὕτω
1771 3061 1869 3115 καὶ
1889 3061 1981 3114 ὲ.πί

398 3147 590 3202 τούτου
625 3146 910 3218 συμϐαίνει
955 3148 1050 3201 τοῦ
1080 3148 1321 3212 πάθως’
1353 3149 1420 3204 ἀν
1470 3148 1624 3221 παρά
1672 3148 1771 3220 τὴν
1809 3147 1982 3220 ἀρχὴν

399 3232 708 3291 εἰσελαύνον
735 3233 816 3296 εἰς
850 3232 949 3304 τὴν
983 3231 1161 3304 ψυχὴν
1186 3233 1286 3305 τὴν
1315 3233 1594 3306 ἡμετέραν
1614 3233 1689 3305 μὴ
1728 3232 1985 3287 κωλύσω-

404 3333 504 3388 μεν
538 3316 672 3386 μηδὲ
707 3315 1122 3388 ἀποκλείσωμεν
1149 3315 1249 3381 τὰς
1280 3315 1484 3388 θύρας,
1517 3317 1758 3371 εἰσελθὸν
1797 3316 1984 3372 λοιπὸν

400 3400 620 3454 ἀνίατον
661 3401 956 3471 ἐργάζεται
986 3403 1100 3465 τοῖς
1129 3400 1445 3470 δεξαμένοις
1469 3401 1532 3454 τὸ
1581 3400 1814 3472 νόσημα.
1873 3403 1983 3455 Kal

401 3483 510 3557 7&9
540 3485 634 3539 zeal
664 3486 733 3540 τά
759 3485 900 3540 καλά
946 3486 1043 3539 zeal
1063 3485 1132 3539 τά
1159 3485 1306 3540 κακά
1351 3485 1482 3542 ὅταν
1516 3485 1798 3541 ἐπιπλεῖον
1849 3487 1983 3560 ἡμῖν

399 3568 738 3642 ἐνδιατρίψῃ,
769 3568 1114 3644 δυνατώτερα
1147 3569 1376 3638 γίνεται.

471 3675 534 3730 ε’.
559 3676 670 3730 Kal
703 3675 799 3730 ἐπὶ
827 3677 1044 3732 πάντων
1071 3676 1128 3732 δὲ
1159 3677 1268 3732 τῶν
1297 3675 1472 3733 ἀλλων
1500 3676 1659 3733 τοῦτο
1681 3677 1980 3750 συμϐαῖνον

401 3759 500 3821 ίδοι
519 3780 604 3827 τις
631 3763 718 3819 ἀν.
751 3761 863 3818 Kal
891 3761 999 3835 7&9
1028 3762 1194 3834 φυτὸν
1233 3763 1359 3834 ἀρτι
1389 3765 1488 3836 μὲν
1517 3763 1730 3820 ἐπεθέν
1759 3765 1850 3819 ἐπί
1882 3766 1980 3837 τῆς

397 3847 524 3917 γῆς,
559 3847 798 3912 εὐκόλως
829 3847 1170 3903 ἀνασπᾶται·
1203 3848 1380 3920 χρόνῳ
1413 3848 1472 3902 δέ
1516 3847 1697 3921 πολλῷ
1725 3847 1977 3920 ῥιζωθὲν,

397 3931 604 3994 οὐκέτι,
633 3930 772 3986 ἀλλά
797 3931 998 4004 πολλῆς
1023 3931 1196 3989 δεῖται
1239 3932 1340 4004 τῆς
1373 3931 1628 4004 μοχλείας
1648 3950 1663 3965 ο
1705 3932 1801 3987 καὶ
1833 3935 1970 3987 οἰκο-

395 4016 538 4087 δομὴ
559 4017 836 4088 νεοπαγὴς
867 4017 966 4089 μὲν
992 4013 1150 4081 οὐσα,
1179 4017 1571 4090 περιτρέπεται
1598 4017 1838 4083 εὐκόλως
1872 4017 1979 4073 ὑπὸ

395 4100 507 4155 τῶν
539 4101 898 4173 ἐνοχλούντων
917 4119 933 4135 ο
957 4105 1196 4171 παγεῖσα
1227 4103 1284 4157 δὲ
1313 4103 1512 4168 καλῶς,
1551 4102 1722 4158 πολλά
1747 4104 1976 4176 παρέχει

393 4186 508 4250 τοῖς
533 4184 821 4255 καθαιρεῖν,
845 4185 1186 4257 ἐπτχειροῡσι
1214 4186 1292 4243 τά
1309 4187 1610 4258 πράγματα
1634 4202 1648 4217 ο
1670 4185 1767 4242 zeal
1787 4185 1977 4260 θηρίον

392 4269 580 4335 τόποις
611 4269 1069 4343 ἐμφιλοχωρῆσαν
1104 4271 1488 4346 πολλῴχρόνῳ
1521 4270 1796 4336 δυσκόλως
1819 4271 1976 4327 ἐλαύς

391 4371 566 4413 νεται.
609 4354 735 4420 Τοῖς
769 4354 869 4428 μὲν
894 4351 988 4410 οὖν
1016 4355 1227 4410 οὐδέπω
1263 4356 1676 4429 κατασχεθεῖσιν
1718 4355 1825 4412 ὐπὸ
1877 4356 1974 4412 τοῦ

391 4440 600 4504 πάθους
628 4440 932 4512 παρακαλῶ
968 4439 1042 4512 μὴ
1071 4440 1273 4496 ἁλῶναι
1293 4457 1306 4471 ·
1339 4440 1709 4516 εὐκολώτερον
1729 4442 1838 4514 7&9
1870 4461 1975 4514 φυ-

388 4523 656 4590 λάξασθαι
710 4525 786 4597 μὴ
821 4526 1084 4597 ἐμπεσεῖν
1110 4563 1126 4590 ,
1159 4525 1204 4596 ἢ(
1244 4526 1588 4596 ἐμπεσόντας
1644 4527 1977 4598 ἀποστῆναι.

391 4611 517 4675 Τοῖς
539 4610 597 4665 δὲ
625 4609 1007 4684 κατασχεθεῖσι
1033 4611 1142 4668 zeal.
1158 4611 1650 4686 κατερραγμένοις,
1684 4611 1794 4668 ἐάν›
1813 4611 1975 4684 θελή..

390 4711 556 4748 σωσιν
602 4694 880 4750 ἐπιδοῦναι
915 4696 1145 4760 ἑαυτοὺς
1201 4693 1374 4766 ἰατρῷ
1419 4693 1500 4764 τῷ
1550 4694 1716 4767 λόγῳ,
1769 4697 1983 4770 πολλὴν⁸

388 4776 800 4848 ἐπαγγέλλομαι
831 4779 1108 4852 σωτηρίας
1135 4777 1328 4832 ἐλπίδα
1364 4779 1433 4849 τῇ
1463 4777 1560 4832 τοῦ
1597 4777 1732 4833 Θεοῦ
1763 4780 1978 4852 χάριτι..

392 4860 488 4920 Ἂν
523 4860 634 4933 7&9
671 4862 796 4926 τοὺς
830 4862 1102 4927 παθόντας
1127 4861 1222 4919 καὶ
1249 4861 1654 4934 περιπεσόντας
1699 4861 1778 4932 τῷ
1806 4864 1971 4936 νοσή-

390 4962 543 5020 ματι,
583 4945 678 5000 zeal
705 4945 1097 5014 ἀνενεγκόντας
1127 4946 1719 5020 ἐννοήσωσι,,χρηστάς
1758 4947 1984 5014 ἕξουσινι

385 5027 608 5093 ἐλπίδας
635 5029 779 5100 ὑπὲρ
806 5030 906 5100 τῆς
930 5028 1024 5083 τοῦ
1057 5032 1366 5103 νοσήματος
1382 5031 1724 5103 ἀπαλλαγῆς.
1752 5033 1848 5098 Τίς
1875 5028 1970 5088 οὖν

384 5115 682 5189 περιέπεσε
711 5113 791 5184 τῷ
826 5114 1096 5186 νοσήματι
1138 5115 1348 5187 τούτῳ,
1393 5117 1489 5174 καὶ
1534 5117 1823 5190 ἀπηλλάγη
1869 5121 1968 5191 ρᾳ-

381 5197 511 5261 δίως
531 5215 558 5262 ;.
589 5197 658 5257 ’0.
683 5199 953 5272 Ζακχαῖος
985 5199 1212 5262 ἐκεῖνος.
1245 5199 1310 5254 Τί
1352 5200 1461 5272 γὰρ
1500 5201 1735 5256 τελώνου
1764 5201 1969 5274 μᾶλλον

384 5281 1015 5354 φιλοχρήματονγένοιτ“
1038 5281 1141 5347 ἀνς
1183 5281 1322 5337 Ἀλλ’
1347 5283 1541 5354 ἀθρόον
1574 5285 1791 5353 ἐγένετο
1821 5285 1970 5356 φιλό-

382 5383 570 5434 σοφος,
619 5368 715 5426 καὶ
748 5369 940 5421 πᾶσαν.
976 5365 1170 5425 ἔσϐεσε
1221 5369 1321 5440 τὴν
1349 5369 1545 5440 πυράν.
1593 5369 1654 5424 '0
1687 5371 1968 5437 Ματθαῖος

376 5449 616 5521 ὁμοίωςο
651 5451 746 5505 zeal
782 5451 1006 5524 γὰρκαὶ
1049 5445 1204 5513 οὗτος
1229 5451 1466 5523 τελώνης
1495 5447 1586 5524 ἦν.
1643 5454 1701 5506 ὲν
1740 5455 1965 5528 ἁρπαγῇ

377 5535 622 5607 διηνεκεῖ
655 5535 782 5600 ζῶν.
827 5535 988 5590 Ἀλλά
1018 5537 1114 5590 zeal
1138 5529 1294 5601 οὗτος
1316 5535 1509 5608 ἀθρόον
1542 5538 1851 5594 ἀπεδύσατο
1870 5541 1968 5612 τὴν

379 5619 607 5694 βλάϐην,
623 5620 720 5676 zeal
741 5619 804 5675 τὺ
823 5619 976 5690 δίψος
988 5619 1198 5686 ἔσϐεσε,
1217 5621 1312 5678 zeal
1333 5622 1712 5694 πραγματείαν
1733 5623 1968 5694 μετῆλθε

385 5705 788 5776 πνευματικήν.
831 5703 1068 5768 Τούτους
1095 5705 1275 5759 τοίνυν
1316 5706 1413 5762 καὶ
1446 5706 1573 5769 τοὺς
1599 5707 1722 5760 κατ’
1767 5707 1967 5772 αὐτοὺς

388 5789 607 5855 ἐννοῶν,
643 5790 778 5861 μηδέ
819 5790 884 5845 σὺ
939 5789 1216 5861 άπογνῷς.
1257 5790 1354 5844 Ἂν
1384 5788 1494 5861 γάρ
1546 5789 1728 5861 θέλῃς,
1759 5791 1966 5864 δυνήσῃ

393 5872 601 5946 ταχέως
625 5875 955 5946 ἀνενεγκεῖν.
991 5873 1101 5929 Kal
1128 5873 1176 5930 εἰ
1208 5872 1385 5945 βούλει
1410 5914 1424 5942 ,
1463 5873 1603 5928 κατὰ
1630 5874 1724 5928 τὸν
1747 5873 1852 5930 τῶν
1885 5876 1965 5933 ἰα-

2103 365 2249 437 τρῶν
2275 368 2438 440 νόμον
2461 371 2558 426 zeal
2577 370 2647 425 τά
2678 371 2931 442 πρακτέα
2959 387 3043 426 σοι
3081 371 3220 441 μετὰ
3255 371 3541 443 ἀκριϐείας
3578 376 3669 426 ῦπ-

2099 453 2494 525 αγορεύσομεν.
2526 457 2621 510 Δεῖ
2665 456 2848 510 τοίνυν
2895 456 3002 527 πρὸ
3039 456 3154 510 τῶν
3200 455 3375 511 ἀλλων
3418 456 3670 513 ἁπάντων

2093 537 2269 590 ἐκεῖνο
2293 538 2617 610 κατορθοῦν,
2646 539 2706 594 τὸ
2735 541 2810 612 μὴ
2834 539 3241 609 ἀπογινώσκειν
3277 539 3411 610 μηδὲ
3444 539 3675 596 ἀπελπί-

2093 617 2208 683 ζειν
2234 621 2445 676 ἑαυτῶν
2482 622 2583 694 τὴν
2625 624 2934 695 σωτηρίαν·
2970 623 3112 696 μετά
3152 622 3312 678 τοῦτο
3343 622 3419 694 μὴ
3452 623 3526 676 τά
3571 623 3673 678 τῶν

2093 705 2535 776 κατωρθωκότων
2557 707 2978 780 παραδείγματα
3002 708 3185 779 μόνον,
3213 707 3348 763 ἀλλά
3367 709 3466 763 zeal
3481 707 3553 761 τά
3569 707 3674 764 τῶν

2095 788 2571 860 ἐναπομεινάντων
2599 792 2904 864 παθήματα
2937 794 3151 864 ἐνορᾷν.
3180 793 3391 863 Ὠσπερ
3433 793 3549 864 7&9
3592 794 3672 846 ἐν-

2092 875 2396 945 ενοήσαμεν
2419 875 2512 929 τὸν
2539 877 2807 947 Ζακχαῖον
2835 878 2931 931 zeal
2963 876 3055 932 τὸν
3099 876 3377 932 Ματθαῖον
3396 916 3411 940 ,
3443 876 3594 931 οὕτω
3611 876 3672 949 δὴ

2092 957 2187 1011 zeal
2216 957 2308 1012 τὸν
2345 959 2546 1014 Ἰούδαν
2595 959 2916 1028 λογίσασθαι
2945 962 3071 1032 χρὴ,
3105 963 3200 1017 zeal
3227 964 3322 1018 τὸν
3351 962 3543 1032 Γιεζῆ,
3583 964 3671 1016 zeal

2089 1039 2183 1093 τὸν
2210 1041 2405 1113 Ἀχαρ,
2430 1046 2525 1096 zeal
2543 1044 2634 1098 τὸν
2658 1045 2886 1115 Ἀχαάϐ,
2917 1045 3014 1099 καὶ
3036 1044 3127 1098 τὸν
3168 1043 3436 1108 Ἀνανίαν,
3464 1046 3564 1098 zeal
3578 1046 3672 1114 τὴν

2092 1123 2407 1196 Σάπφειραν
2424 1141 2438 1155 °
2469 1126 2558 1181 ἵνα
2576 1127 2643 1181 δι’
2661 1129 2886 1182 ἐκείνων
2917 1128 3018 1198 μὲν
3046 1128 3148 1200 τὴν
3174 1128 3490 1197 ἀπόγνωσιν
3508 1129 3673 1183 ἐκϐάο

2090 1206 2394 1278 λωμεν,διά
2423 1209 2630 1264 τούτων
2654 1211 2713 1264 δὲ
2734 1211 2832 1283 τὴν
2869 1211 3148 1284 ῥαθυμίαν
3167 1211 3521 1282 ἐκκόψωμεν,
3545 1212 3674 1282 μηδι

2090 1291 2258 1346 ὐπτία
2276 1292 2503 1364 γένηται
2526 1297 2560 1366 ὴ
2587 1295 2734 1366 ψυχὴ
2755 1296 2893 1364 πρὸς
2923 1297 3024 1367 τὴν
3039 1295 3152 1350 τῶν
3177 1297 3674 1368 ὐπαγορευομένων

2090 1375 2412 1446 παραίνεσιν
2428 1392 2441 1405 ·
2466 1378 2560 1432 zeal
2588 1379 2968 1449 παιδεύσωμεν
2996 1379 3223 1443 ἑαυτοὺς
3246 1379 3446 1446 λέγειν,
3491 1379 3532 1434 ἀ
3556 1381 3673 1434 τότε

2093 1457 2173 1529 τῷ
2201 1459 2394 1533 Πέτρῳ
2425 1463 2814 1534 προσελθόντες
2845 1465 3030 1534 ἔλεγον
3087 1466 3140 1520 οἱ
3184 1465 3426 1519 Ἰουδαῖοι
3447 1482 3465 1498 ο
3506 1467 3570 1520 TI
3589 1465 3678 1520 δεῖ

2090 1543 2286 1598 ποιεῖν
2307 1546 2408 1599 ἵνα
2434 1546 2720 1617 σωθῶμεν
2743 1564 2762 1610 ;
2790 1548 2884 1602 zeal
2906 1548 3256 1603 ἀκουέτωσαν
3280 1549 3316 1603 ἀ
3341 1550 3448 1621 χρὴ
3476 1553 3670 1605 ποιεῖν.

2091 1627 2156 1681 Τί
2183 1623 2278 1682 οὖν
2301 1629 2410 1701 χρὴ
2441 1633 2646 1698 ποιεῖν;
2688 1631 2904 1687 Είδέναι
2957 1633 3059 1704 τὴν
3085 1633 3364 1688 εὐτέλειαν
3390 1633 3504 1688 τῶν
3535 1651 3672 1704 πρα-

2089 1711 2339 1783 γμάτων,
2395 1715 2489 1768 zeal
2542 1714 2661 1780 πῶς
2712 1715 2990 1790 δραπέτης
3017 1718 3240 1789 οἰκέτης
3273 1720 3369 1773 καὶ
3401 1719 3674 1789 ἀγνώμων

2091 1795 2239 1849 ἐστὶν
2265 1798 2294 1849 ό
2325 1795 2577 1862 πλοῦτος,
2604 1801 2700 1853 zeal
2737 1799 2952 1872 μυρίοις
2980 1800 3297 1873 περιϐάλλει
3323 1803 3521 1865 κακοῖς
3553 1802 3674 1865 τοὺς

2091 1877 2318 1949 ἔχοντας
2336 1895 2351 1908 ·
2379 1881 2476 1935 zeal
2503 1882 2815 1938 τὰτοιαῦτα
2836 1885 3022 1948 αὐτοῖς
3055 1885 3298 1957 συνεχῶς
3329 1883 3445 1958 [94]
3464 1884 3674 1957 ἐπᾴδων

2091 1979 2194 2032 μεν
2224 1963 2468 2034 ῥήματα.
2514 1966 2627 2019 Kal
2671 1966 2924 2036 καθάπερ
2963 1969 3140 2040 ἰατροὶ
3181 1969 3310 2032 τούς
3363 1969 3674 2039 κάμνοντας

2087 2044 2295 2118 ψυχρὸν
2328 2047 2616 2114 αἰτοῦντας
2647 2049 3138 2122 παραμυθοῦνται,
3194 2052 3460 2123 παρέχειν
3490 2051 3673 2121 λέγον-

2087 2145 2200 2194 τες,
2227 2129 2322 2184 καὶ
2345 2131 2529 2203 πηγὴν
2545 2134 3014 2206 προφασιζόμενοι
3039 2136 3136 2190 zeal
3155 2136 3327 2204 ἄγγος
3357 2136 3455 2189 zeal
3483 2135 3673 2205 καιρὸν

2089 2213 2183 2265 zeal
2214 2213 2387 2267 πολλά
2423 2215 2650 2270 τοιαῦτα
2677 2216 2765 2280 «ἂν
2791 2218 2902 2290 γὰρ
2929 2217 3126 2290 ἀθρόον
3147 2218 3548 2286 ἀνανεύσωσιν,
3573 2218 3673 2272 ὐπὸ

2088 2297 2187 2368 τῆς
2238 2298 2437 2369 μανίας
2489 2300 2687 2365 αὐτοὺς
2737 2301 3065 2374 άγριοῦσθαι
3122 2302 3669 2372 παρασκευάζουσι)·

2088 2379 2231 2434 οὕτω
2257 2382 2324 2454 δὴ
2352 2382 2448 2437 zeal
2481 2385 2644 2455 ἡμεῖς
2682 2385 2818 2457 πρὸς
2858 2385 2988 2450 τοὺς
3016 2384 3464 2457 φιλοχρημάτους
3507 2385 3672 2440 ποιῶο

2092 2480 2192 2534 μεν
2211 2481 2224 2496 ’
2252 2466 2350 2519 zeal
2375 2467 2505 2521 ὅταν
2537 2467 2772 2537 λέγωσιν
2795 2506 2812 2532 ,
2847 2468 2932 2521 ὅτι
2980 2469 3292 2540 Πλουτῆσαι
3324 2469 3635 2542 βουλόμεθα
3654 2510 3669 2533 ,

2091 2549 2166 2618 μὴ
2197 2547 2446 2620 λέγωμεν
2473 2550 2698 2616 εὐθέως,
2726 2551 2812 2605 ὅτι
2839 2551 3012 2607 κακὸν
3049 2553 3078 2606 ὁ
3095 2550 3348 2618 πλοῦτος,
3376 2552 3517 2607 ἀλλά
3551 2571 3670 2607 συν-

2088 2631 2330 2704 θώμεθα,
2374 2635 2471 2688 zeal
2499 2636 2765 2706 είπωμεν,
2796 2637 2880 2692 ὅτι
2901 2626 2997 2691 zeal
3028 2637 3192 2709 ἡμεῖς
3220 2637 3386 2693 τοῦτο
3421 2637 3671 2708 βουλόμε-

2087 2715 2176 2781 θα,
2195 2715 2308 2770 ἀλλ’
2325 2719 2386 2770 ὲν
2406 2717 2586 2790 καιρῷ
2600 2718 2676 2790 τῷ
2692 2721 3048 2791 προσήκοντι,
3069 2719 3206 2774 ἀλλὰ
3224 2719 3457 2774 πλοῦτον
3472 2720 3668 2792 ἀληθῆ,

2084 2797 2221 2852 ἀλλὰ
2234 2801 2325 2854 τὸν
2344 2801 2536 2874 ἡδονὴν
2561 2801 2754 2872 ἔχοντα
2784 2801 3077 2871 ἀθάνατον,
3102 2802 3240 2858 ἀλλά
3261 2803 3352 2858 τὸν
3386 2805 3470 2858 σοὶ
3494 2804 3671 2858 συλλε-

2083 2882 2338 2953 γόμενον,
2371 2885 2466 2938 zeal
2494 2885 2569 2956 μὴ
2594 2885 2823 2958 ἑτέροις,
2862 2886 3125 2951 πολλάκις
3167 2889 3225 2943 δὲ
3258 2888 3355 2944 zeal
3406 2889 3627 2960 ἐχθροῖς
3649 2904 3666 2920 ·

2085 2968 2182 3021 zeal
2200 2970 2330 3033 τοὺς
2357 2970 2486 3042 περὶ
2507 2971 2830 3041 φιλοσοφίας
2861 2971 3054 3042 λόγους
3091 2973 3173 3037 είς
3215 2971 3380 3043 μέσον
3422 2973 3667 3045 ἄγωμεν,

2084 3053 2180 3106 zeal
2207 3052 2482 3125 λέγωμεν,
2512 3056 2594 3110 ὅτι
2625 3056 2700 3108 Οὐ
2750 3055 3046 3128 κελεύομεν
3101 3056 3178 3128 μὴ
3231 3057 3508 3125 πλουτεῖν,
3536 3059 3669 3114 ἀλλά

2085 3137 2270 3201 κακῶς
2299 3138 2374 3209 μὴ
2403 3138 2656 3194 πλουτεῖν
2675 3156 2691 3172 ·
2713 3141 2890 3207 ἔξεστι
2910 3142 3021 3213 7&9
3044 3141 3318 3208 πλουτεῖν,
3341 3143 3485 3197 ἀλλά
3501 3146 3668 3214 χωρὶς

2085 3223 2417 3290 πλεονεξίας,
2460 3226 2630 3296 χωρὶς
2659 3226 2918 3298 ἁρπαγῆς
2959 3226 3054 3280 καὶ
3095 3226 3218 3298 βίας
3249 3229 3344 3283 zeal
3381 3227 3482 3282 τοῦ
3517 3230 3666 3301 παρὰ

2083 3306 2304 3362 πάντων
2327 3308 2550 3362 ἀκούειν
2578 3310 2787 3374 κακῶς.
2824 3311 2936 3364 Kal
2955 3310 3169 3377 τούτοις
3189 3312 3389 3376 αὐτοὺς
3410 3313 3665 3384 προλεαί-

2082 3407 2268 3456 νοντες
2297 3395 2412 3456 τοῖς
2450 3393 2654 3462 λόγοις,
2703 3395 2935 3467 μηδέπω
2966 3397 3095 3468 περὶ
3128 3395 3354 3469 γεέννης
3397 3397 3661 3467 διαλεγὺ-

2086 3474 2223 3546 μεθα
2243 3493 2256 3504 θ
2285 3477 2346 3530 οὐ
2372 3477 2480 3546 7&9
2504 3477 2754 3549 ἀνέχεται
2777 3480 2807 3532 ό
2834 3479 3060 3552 κάμνων
3086 3480 3290 3544 εὐθέως
3314 3493 3340 3522 ι
3362 3481 3473 3534 τῶν
3493 3481 3665 3537 τοιού-

2080 3577 2188 3613 των
2220 3562 2501 3632 ῥημάτων.
2543 3562 2747 3633 Διόπερ
2791 3563 2900 3617 ἀπὸ
2931 3563 3039 3617 τῶν
3083 3563 3371 3636 παρόντων
3415 3564 3664 3630 ἅπαντας

2080 3645 2208 3708 τούς
2237 3649 2368 3716 περ)⁹
2400 3643 2605 3698 τούτων
2648 3647 2934 3719 ποιώμεθα
2979 3647 3194 3716 λόγους,
3239 3648 3336 3702 zeal
3375 3647 3662 3721 λέγωμενο

2081 3727 2146 3780 Τί
2187 3727 2366 3797 βούλει
2391 3729 2500 3782 ἀπὸ
2532 3729 2847 3799 πλεονεξίας
2871 3732 3124 3787 πλουτεῖν
3151 3750 3166 3799 ;
3207 3731 3294 3785 ἵνα
3322 3733 3540 3804 έτέροις
3571 3735 3664 3805 μὲν

2080 3811 2142 3865 τὸ
2168 3813 2393 3883 χρυσίον
2416 3815 2724 3888 ἀποκέηται
2763 3817 2860 3872 zeal
2897 3817 2959 3871 τὸ
2985 3816 3252 3890 ἀργύριον
3271 3857 3286 3880 ,
3333 3819 3419 3871 σοὶ
3446 3818 3504 3872 δέ
3535 3821 3664 3889 ἀραὶ

2081 3897 2174 3952 zeal
2206 3899 2536 3970 κατηγορίαι
2568 3900 2790 3973 μυρίαι;
2814 3903 2910 3956 zeal
2946 3904 2974 3957 ό
2999 3901 3399 3973 ἀποστερηθεὶς
3427 3902 3538 3957 ὐπὸ
3568 3905 3664 3977 τῆς

2078 3982 2189 4035 τῶν
2225 3982 2538 4051 ἀναγκαίων
2578 3983 2841 4056 δάκνηται
2871 3985 3066 4056 χρείας
3089 3986 3138 4050 δ,
3175 3987 3269 4040 καὶ
3301 3986 3662 4059 ὀλοφύρηται,

2080 4066 2175 4120 zeal
2209 4066 2436 4138 μυρίους
2464 4067 2762 4141 ἐφέλκηταί
2782 4085 2866 4122 σοι
2882 4069 3244 4142 κατηγόρους,
3263 4071 3358 4126 zeal
3375 4071 3478 4143 τῆς
3502 4072 3663 4126 ἐσπέ-

2081 4168 2180 4224 ρας
2210 4150 2628 4224 καταλαϐούσης
2666 4153 2854 4225 περιίῃ
2877 4154 2976 4227 τὴν
3003 4154 3231 4226 ἀγοράν,
3263 4156 3322 4208 ἐν
3349 4158 3467 4220 τοῖς
3503 4173 3659 4210 στεν-

2077 4236 2249 4298 ωποῖς
2279 4233 2625 4306 ἐντυγχάνων
2657 4238 2816 4301 πᾶσι,
2843 4238 2936 4292 καὶ
2968 4237 3400 4310 διαπορούμενος
3415 4242 3514 4294 καὶ
3540 4240 3661 4294 οὐδὲ

2077 4317 2222 4390 ὑπὲρ
2244 4317 2346 4390 τῆς
2379 4318 2574 4382 νυκτὸς
2607 4319 2834 4392 θαρρεῖν
2867 4321 3042 4393 ἐχωνς
3073 4322 3199 4388 Πῶς
3227 4322 3338 4395 7&9
3368 4324 3438 4378 ἂν
3463 4323 3662 4379 καθευ-

2076 4403 2262 4475 δήσειε
2283 4402 2492 4469 λοιπὸν,
2536 4404 2642 4460 ὐπὸ
2661 4406 2763 4476 τῆς
2799 4406 3038 4480 γαστρὸς
3082 4407 3414 4478 δακνόμενος
3435 4449 3452 4473 ,
3485 4411 3661 4482 d790-

2077 4487 2250 4554 πνῶν,
2282 4486 2428 4560 λιμῷ
2465 4488 2954 4562 πολιορκούμενος,
2990 4491 3170 4561 πάγου
3207 4491 3473 4556 πολλάκις
3507 4495 3659 4560 ὃντος

2075 4573 2172 4627 zeal
2201 4573 2360 4628 ὐετοῦ
2383 4573 2836 4646 καταφερομένου
2861 4575 3006 4643 ;Kal
3030 4576 3095 4630 σύ
3125 4576 3223 4648 μιν
3262 4578 3328 4632 ἐκ
3370 4579 3658 4650 βαλανείου

2073 4655 2394 4730 λελουμένος
2421 4658 2720 4730 ἐπανέρχῃ,
2746 4658 3012 4728 μαλακοῖς
3033 4659 3373 4733 θαλπόμενος
3398 4665 3657 4734 ἰματίοις.

2072 4739 2327 4809 γεγηθὼς
2352 4741 2448 4796 zeal
2468 4740 2697 4814 χαίρων,
2729 4743 2825 4796 zeal
2852 4742 2949 4796 ἐπὶ
2963 4743 3180 4798 δεῖπνον
3200 4745 3417 4816 ἕτοιμον
3444 4747 3659 4818 τρέχων

2073 4823 2399 4889 πολυτελέςο
2456 4825 2667 4889 ἐκεῖνος
2712 4825 2770 4880 δὲ
2801 4827 3079 4898 πανταχοῦ
3135 4829 3280 4884 κατά
3309 4829 3411 4901 την
3451 4832 3659 4903 ἀγοράν

2072 4907 2179 4962 ὐπὸ
2202 4908 2298 4964 τοῦ
2322 4909 2537 4982 κρυμοῦ
2563 4909 2657 4964 zeal
2691 4910 2790 4965 τοῦ
2812 4909 2973 4982 λιμοῦ
3009 4913 3248 4985 συνεχῶς
3275 4913 3655 4986 ἐλαυνόμενος,

2073 4991 2424 5063 περιέρχεται
2455 4991 2818 5062 συγκεκυφὼς
2841 4993 2934 5047 καὶ
2971 4996 3159 5065 χεῖρας
3198 4996 3500 5066 προτείνων
3519 5013 3536 5027 ·
3566 4997 3660 5051 καὶ

2072 5075 2194 5132 οὐδὲ
2213 5075 2433 5149 θαρρῶν
2455 5075 2627 5139 ἀδεῶς
2641 5075 2721 5147 τῷ
2745 5077 3192 5149 ἐμπεπλησμένῳ
3219 5080 3314 5133 zeal
3336 5080 3659 5137 ἀναπεπαυ-

2074 5163 2222 5233 μένῳ
2246 5163 2466 5233 ῥήματα
2493 5163 2884 5232 προσενεγκεῖν
2909 5161 3050 5232 ὑπὲρ
3075 5162 3176 5233 τῆς
3203 5162 3512 5230 ἀναγκαίας
3535 5183 3660 5237 τρο-

2070 5246 2201 5317 φῆς,
2235 5245 2500 5310 πολλάκις
2536 5245 2595 5300 δὲ
2621 5247 2716 5300 zeal
2761 5246 3044 5318 ὑϐρισθεὶς
3081 5246 3452 5319 ἀνεχώρησεν.
3486 5251 3679 5326 Ὀτανί

2068 5326 2165 5387 οὖν
2193 5329 2426 5403 ἀνέλθῃς
2454 5329 2660 5394 οίκαδε,
2695 5329 2822 5386 ὅταν
2845 5331 2939 5385 ἐπὶ
2965 5332 3065 5403 τῆς
3092 5331 3253 5402 εὐνῆς
3287 5332 3588 5404 άνακλιθῇς
3607 5345 3654 5396 ε,

2068 5415 2200 5470 ὅταν
2232 5414 2349 5484 φῶς
2452 5413 2582 5485 περὶ
2602 5412 2694 5468 τὸν
2723 5408 2872 5468 οἷκον
2887 5415 3166 5487 λαμπρὸν,
3188 5417 3318 5470 ὅταν
3339 5416 3532 5487 ἐτοίμη
3561 5418 3659 5472 zeal

2068 5498 2299 5569 δαψιλὴς
2327 5499 2652 5571 ῆκτράπεζα,
2682 5501 2806 5555 τότε
2833 5500 3214 5572 ἀναμνήσθητι
3248 5500 3344 5555 τοῦ
3370 5501 3654 5555 ταλαιπώ-

2071 5601 2168 5657 ρου
2194 5583 2290 5638 zeal
2312 5583 2756 5646 ἀθλίουέκείνου.
2778 5584 2874 5639 τοῦ
2910 5585 3217 5657 περιιόντος
3245 5586 3388 5639 κατά
3409 5589 3534 5649 τοὺς
3558 5587 3655 5642 κύο

2069 5684 2167 5732 νας
2203 5668 2260 5722 ἐν
2292 5669 2406 5732 τοῖς
2438 5670 2735 5735 στενωποῖς
2767 5669 2861 5722 καὶ
2908 5666 2988 5739 τῷ
3030 5669 3205 5740 σκότῳ
3231 5669 3326 5723 zeal
3357 5668 3438 5740 τῷ
3470 5669 3654 5741 πηλῷ,

2135 5888 2158 5917 ⁸
2180 5887 2328 5949 Βθκη
2353 5886 2556 5937 οὐδέπω.
2643 5885 2672 5930 1⁸
2697 5886 2844 5950 Reg.,
2865 5891 3054 5951 τροφῆς.
3123 5889 3144 5919 ο
3175 5885 3320 5949 Βεε.,
3344 5885 3648 5950 κατακλιθῇς.
