3838 6214
162 362 240 420 93
1230 366 1293 421 IN
1335 365 1529 420 EPlST
1584 363 1604 419 ῐ
1650 364 1733 419 AD

1843 365 1930 420 )R.
1975 365 2184 421 llOMlL
2247 368 2341 427 χι.
3377 394 3446 451 θι

158 480 279 535 bris
325 478 792 537 circumfunditur.
850 482 1053 551 Ecquid
1083 497 1219 551 opus
1246 492 1327 536 est
1346 482 1529 537 dicere
1556 480 1747 535 domos

157 584 218 628 et
240 575 568 641 argentarias
594 575 876 630 officinas?
895 575 1032 631 Puto
1056 577 1199 630 enim
1227 575 1344 630 illos
1371 576 1415 629 si
1456 573 1540 629 vel
1569 574 1621 628 in
1641 572 1747 641 pic~

159 673 282 720 tura
306 669 389 723 vel
416 669 467 725 in
499 670 729 740 imagine
770 671 982 725 divitias
1027 670 1147 724 illas
1190 670 1441 733 viderint,
1467 666 1696 736 discerpi
1726 706 1743 730 ,

152 756 375 814 efferari
408 762 532 817 etin
563 762 765 818 rabiem
794 762 927 817 verti
956 781 969 817 :
1001 763 1135 817 adeo
1163 773 1220 816 ut
1247 762 1480 830 undique
1511 757 1746 815 tenebris

152 847 530 906 offunduntur.
571 851 702 907 Nam
734 853 779 907 si
809 853 1008 923 regiam
1039 853 1321 923 imaginem
1372 850 1743 923 conspiciant,

153 955 270 993 non
302 943 562 998 mirantur
590 944 891 1015 lapillorum
915 944 1385 1016 pulchritudinem,
1402 958 1508 998 non
1532 956 1743 1006 aurum,

151 1046 267 1085 non
300 1043 497 1088 vestem
527 1051 867 1105 purpuream,
902 1036 995 1090 sed
1029 1036 1343 1106 liquefiunt;
1373 1045 1427 1089 et
1455 1034 1596 1089 sicut
1620 1031 1746 1088 infe-

151 1123 229 1179 lix
254 1126 344 1183 ille
368 1139 592 1193 amator,
622 1130 666 1184 si
696 1130 913 1185 amasia:
935 1131 1218 1200 imaginem
1242 1130 1452 1194 viderit,
1484 1128 1748 1184 inanima-

151 1227 224 1270 tae
272 1219 348 1273 rei
382 1219 546 1274 lueret
590 1219 818 1276 affixus:
848 1222 919 1276 ita
947 1232 1000 1278 et
1032 1221 1119 1276 hic
1156 1221 1504 1277 inanimatam
1552 1219 1742 1275 videns

147 1307 466 1363 divitiarum
496 1310 804 1381 imaginem,
836 1312 936 1366 hoc
967 1312 1141 1382 ipsum
1186 1313 1363 1382 magis
1391 1313 1626 1381 patitur,
1658 1319 1745 1367 ut-

146 1411 283 1469 pote
328 1404 498 1473 magis
552 1406 828 1474 tyrannico
867 1404 1122 1461 detentus
1171 1407 1401 1462 morbo:
1444 1416 1500 1462 et
1527 1414 1742 1476 oportet

144 1493 372 1548 demum
407 1496 487 1549 vel
515 1496 660 1550 domi
702 1512 942 1564 manere,
974 1499 1060 1553 vel
1102 1498 1153 1552 iit
1180 1497 1357 1554 forum
1386 1498 1690 1555 venientem
1720 1541 1737 1567 ,

145 1586 306 1642 mille
352 1588 519 1659 plagis
549 1591 783 1660 acceptis
811 1592 1029 1648 domum
1062 1602 1308 1662 repetere
1337 1609 1350 1647 :
1384 1594 1547 1649 multa
1592 1595 1738 1650 enim

144 1678 295 1733 illius
324 1681 510 1737 oculos
538 1682 724 1739 dolore
764 1683 1021 1738 afficiunt.
1051 1687 1128 1739 Ae
1152 1686 1606 1753 quemadmodum
1650 1688 1740 1745 ille

142 1774 285 1829 nihil
314 1776 458 1831 aliud
485 1777 628 1833 videt
650 1793 809 1849 quam
840 1779 1138 1845 mulierem,
1167 1780 1238 1837 ita
1266 1790 1320 1837 et
1347 1783 1447 1836 iste
1474 1797 1739 1853 pauperes

140 1868 370 1936 quidem
396 1879 451 1924 et
475 1871 578 1925 alia
598 1870 775 1925 omnia
818 1876 1076 1943 prmtcrit,
1108 1883 1165 1929 ut
1196 1891 1263 1930 ne
1302 1877 1728 1935 consolationem

140 1962 370 2030 quidem
423 1964 648 2032 accipiat
674 1981 688 2017 :
722 1963 776 2021 in
800 1965 1081 2036 opulentos
1100 1978 1280 2023 autem
1307 1968 1493 2024 oculos
1517 1969 1735 2041 dirigit,

140 2068 209 2105 ex
240 2064 493 2122 aspectu
523 2054 614 2108 illo
668 2055 894 2111 multum
922 2057 974 2112 in
996 2060 1229 2113 animam
1276 2074 1430 2115 suam
1474 2061 1737 2119 inducens

143 2145 352 2213 ignem.
374 2146 515 2215 Ignis
541 2147 736 2218 quippe
756 2159 855 2214 est,
889 2149 980 2220 qui
1007 2150 1355 2207 vehementer
1377 2155 1646 2209 consumit
1665 2155 1734 2211 il-

140 2239 280 2305 lum,
312 2241 401 2309 qui
429 2242 480 2293 in
510 2242 680 2309 ipsum
712 2242 932 2297 incidit:
965 2253 1128 2313 atque
1155 2244 1364 2300 etiamsi
1405 2261 1505 2301 nec
1527 2247 1734 2316 gehen-

140 2346 251 2395 nae,
302 2346 402 2386 nec
449 2333 694 2403 supplicii
723 2334 885 2389 minae
939 2334 1212 2391 intentata:
1256 2335 1503 2403 fuissent,
1537 2337 1620 2393 ha:
1646 2354 1735 2396 res

140 2433 441 2491 praesentes
462 2434 641 2479 essent
677 2427 1019 2497 supplicium,
1051 2429 1266 2485 assidue
1291 2446 1487 2502 nempe
1512 2441 1731 2501 torque—

140 2515 207 2575 ri,
240 2530 418 2583 neque
448 2515 619 2571 morbi
649 2516 809 2572 finem
838 2518 1100 2574 invenire.
1129 2520 1196 2574 Et
1225 2521 1341 2576 haec
1364 2524 1498 2580 satis
1523 2535 1729 2595 essent,

142 2615 198 2657 ut
226 2605 299 2658 ab
329 2605 629 2675 hujusmodi
661 2608 977 2678 aegritudine
998 2619 1330 2667 avocarent:
1361 2613 1456 2670 sed
1486 2615 1619 2672 nihil
1642 2632 1733 2689 pe-

138 2695 225 2765 jns
253 2696 514 2764 amentia,
537 2715 654 2769 qua:
676 2699 727 2753 id
750 2699 914 2755 efficit
935 2711 990 2755 ut
1016 2701 1176 2757 rebus
1190 2717 1479 2761 maerorem
1511 2716 1566 2762 et
1592 2708 1730 2765 nihil

138 2787 274 2841 lucri
306 2789 653 2846 affereutibus
678 2791 749 2845 illi
781 2790 1037 2848 haereant.
1070 2792 1449 2862 Quamobrem,
1483 2800 1731 2869 obsecro,

141 2881 495 2951 incipientem
525 2884 689 2938 animi
717 2885 962 2940 morbum
993 2888 1377 2958 exstinguatis.
1407 2890 1557 2947 Sicut
1580 2896 1728 2950 enim

140 2972 314 3027 febris
351 2975 504 3030 initio
533 2991 638 3031 non
689 2977 843 3032 valde
885 2979 973 3034 siti
998 2979 1179 3035 adurit
1218 2992 1575 3053 aegrotantes;
1608 3003 1730 3041 cum

137 3084 325 3122 auem
365 3069 594 3124 creverit
618 3079 671 3125 et
698 3069 964 3126 flammam
1015 3074 1361 3141 excitaverit,
1410 3086 1541 3134 tunc
1586 3080 1730 3136 sitim

142 3159 287 3226 parit
306 3158 797 3231 inexstinguibilem
822 3178 836 3227 ;
868 3162 1079 3218 etiamsi
1108 3180 1237 3219 vero
1258 3167 1378 3237 quis
1395 3176 1581 3238 potum
1602 3170 1733 3241 ipsis

145 3252 372 3320 largiter
404 3252 661 3323 praebeat,
699 3269 804 3309 non
827 3255 1137 3327 exstinguit,
1166 3258 1260 3313 sed
1286 3260 1532 3315 accendit
1557 3262 1734 3318 terna.

134 3358 253 3398 cem
323 3364 337 3401 :
401 3344 480 3400 sic
496 3346 653 3402 etiant
681 3347 731 3401 in
764 3346 866 3403 hoc
889 3348 1078 3406 morbo
1098 3350 1313 3407 accidit.
1348 3352 1405 3408 Si
1436 3354 1588 3410 initio
1607 3371 1730 3411 cum

139 3438 380 3492 animam
430 3447 666 3493 nostram
720 3439 960 3508 invadit,
993 3456 1098 3496 non
1133 3442 1507 3513 impediamus,
1557 3464 1733 3519 neque

144 3528 290 3584 fares
320 3530 419 3599 ipsi
445 3530 774 3595 elaudamus,
821 3533 1097 3603 ingressus
1122 3534 1340 3607 demum
1379 3538 1727 3596 incurabilem

139 3620 538 3689 excipietttibus
593 3622 731 3691 parit
783 3623 1172 3694 mgritudinem.
1228 3626 1439 3683 Etenim
1484 3640 1539 3685 et
1591 3629 1732 3686 bona

139 3721 191 3764 et
222 3711 530 3774 mala,cum
575 3712 774 3767 diutius
795 3714 847 3768 in
878 3714 1033 3771 nobis
1080 3718 1395 3786 manserint,
1425 3720 1727 3790 potentiora

141 3806 302 3860 fiunt.

209 3898 265 3952 5.
322 3897 379 3951 lu
419 3899 771 3970 omnibusque
812 3898 932 3955 aliis
959 3899 1189 3971 idipsum
1215 3901 1399 3959 videre
1449 3912 1552 3960 est.
1592 3904 1731 3963 Nam

142 3989 326 4056 planta
354 4005 543 4045 recens
590 3992 777 4059 insita,
817 3992 973 4048 facile
998 3994 1286 4062 evellitur;
1319 3997 1364 4051 si
1394 3996 1555 4069 longo
1594 4008 1733 4055 tem-

142 4099 272 4151 pore
304 4084 478 4154 egerit
512 4084 743 4150 radices,
774 4101 882 4141 non
933 4086 1059 4141 item
1085 4128 1100 4155 ,
1130 4087 1225 4144 sed
1272 4089 1453 4146 valido
1480 4106 1618 4163 opus
1648 4102 1731 4149 est

142 4185 295 4230 vecle
328 4193 341 4229 :
370 4186 427 4231 et
452 4178 737 4233 :edificium
764 4194 956 4235 recens
980 4178 1137 4236 facile
1159 4184 1439 4250 evertitur;
1455 4200 1576 4240 cum
1602 4202 1732 4241 vero

143 4268 458 4323 tinnitatem
480 4270 765 4339 acceperit,
793 4270 1013 4327 difficile
1041 4289 1070 4327 a
1094 4275 1415 4331 conantibus
1440 4277 1729 4336 decutitur:

140 4372 193 4412 et
217 4360 334 4413 fera
355 4376 475 4431 quae
491 4361 650 4433 longo
671 4370 913 4433 tempore
929 4365 1125 4421 alicubi
1148 4368 1364 4434 mansit,
1378 4384 1517 4440 aegre
1531 4371 1733 4442 dispel-

145 4454 289 4510 litur.
324 4452 450 4508 Illos
472 4454 652 4524 igitur,
665 4457 753 4526 qtti
777 4456 1013 4514 nondum
1030 4474 1060 4513 a
1091 4460 1279 4516 morbo
1297 4461 1389 4516 illo
1404 4463 1730 4531 detinentur,

144 4560 273 4616 rogo
296 4560 370 4600 ne
380 4546 676 4617 capiantur:
694 4547 900 4605 facilius
917 4550 1112 4621 quippe
1130 4559 1216 4607 est
1229 4567 1419 4609 cavere
1436 4569 1502 4609 ne
1516 4555 1729 4619 cadant,

145 4653 305 4706 quam
340 4638 522 4709 lapsos
551 4639 791 4697 exsilire.
839 4641 948 4697 lllis
976 4659 1124 4708 vero,
1176 4645 1267 4717 qui
1291 4645 1401 4716 jam
1432 4647 1735 4704 inciderunt

148 4740 248 4784 eta
274 4731 470 4786 morbo
518 4732 610 4788 illo
649 4734 885 4805 correpti
931 4746 1076 4802 sunt,
1105 4742 1150 4792 sl
1182 4739 1376 4795 rationi
1415 4741 1626 4796 medico
1674 4758 1735 4799 se

148 4822 347 4878 dedere
369 4822 574 4890 velint,
606 4825 829 4880 multam
879 4827 1070 4883 salutis
1095 4844 1243 4898 spem
1272 4844 1366 4899 per
1389 4830 1482 4886 Dei
1507 4833 1731 4902 gratiam

150 4915 434 4984 polliceor.
482 4915 615 4971 Nam
638 4918 682 4972 si
724 4931 819 4973 eos
856 4919 948 4989 qui
972 4919 1024 4975 in
1064 4921 1311 4978 morbum
1353 4922 1655 4979 inciderunt
1680 4933 1737 4979 et

152 5016 335 5074 postea
363 5007 753 5064 convaluerunt
775 5011 1146 5082 cegitaverint,
1168 5012 1362 5068 bonam
1389 5028 1540 5085 spem
1570 5016 1734 5072 habe-

152 5093 280 5148 bunt
304 5094 422 5151 fore
446 5104 504 5152 ut
528 5109 557 5149 a
585 5095 777 5151 morbo
801 5097 1116 5154 liberentur.
1148 5100 1277 5167 Quis
1304 5116 1434 5172 ergo
1464 5102 1654 5157 incidit
1675 5103 1729 5159 in

154 5184 292 5242 hunc
318 5187 591 5255 morbum,
616 5196 672 5243 et
692 5189 848 5246 facile
863 5190 1122 5248 liberatus
1148 5194 1275 5249 est?
1301 5194 1592 5252 Zacchazus
1618 5196 1729 5254 ille.

153 5276 281 5343 Quis
322 5280 465 5335 enim
500 5280 786 5349 publicano
835 5283 1075 5352 pecunia:
1103 5284 1348 5356 cupidior
1388 5286 1552 5343 fuerit
1578 5288 1601 5344 ?
1625 5288 1730 5345 Sed

156 5370 331 5424 statim
375 5370 735 5442 philosophus
772 5373 996 5430 effectus
1043 5386 1147 5443 est,
1172 5386 1227 5433 et
1255 5386 1422 5434 totum
1477 5380 1734 5436 exstinxit

158 5459 480 5517 incendium.
511 5461 773 5520 Similiter
801 5465 1080 5523 Matthams
1107 5486 1121 5523 :
1152 5483 1275 5524 nam
1295 5478 1350 5524 et
1377 5469 1468 5526 ille
1494 5472 1734 5541 publica-

158 5564 254 5607 nus
277 5560 415 5621 erat,
441 5553 496 5608 in
540 5565 796 5626 perpetua
842 5559 1025 5629 rapina
1072 5560 1282 5617 vivens.
1310 5562 1427 5625 Sed,
1447 5563 1493 5619 is
1517 5580 1732 5636 quoque

158 5653 375 5712 repente
399 5660 595 5701 noxam
622 5649 804 5717 exuit,
827 5650 969 5705 sitim
1016 5651 1304 5719 exstinxit,
1333 5661 1388 5709 et
1415 5655 1732 5726 negotiatio-

162 5745 284 5787 nem
310 5734 440 5791 adiit
467 5736 823 5807 spiritualem.
844 5741 954 5797 Hos
981 5758 1110 5814 ergo
1138 5754 1190 5799 et
1220 5743 1304 5799 his
1329 5745 1531 5801 similes
1555 5756 1729 5803 tecum

161 5835 428 5900 reputans,
456 5840 630 5889 necto
659 5832 930 5907 desperes.
950 5835 1008 5893 Si
1041 5837 1172 5895 "clis
1201 5839 1365 5909 enim,
1394 5840 1501 5897 cito
1529 5842 1732 5912 poteris

1861 494 2157 549 emergere.
2179 481 2265 547 Et,
2290 483 2333 536 si
2365 483 2528 545 velis.
2569 491 2864 546 secundum
2895 496 3223 557 medicorum
3269 505 3442 577 legem

1855 585 1917 623 ea
1976 588 2095 642 qua:
2146 575 2349 644 agenda
2393 587 2518 631 sunt
2564 580 2655 634 tibi
2697 596 2945 643 accurate
3007 575 3440 660 praiseribenins.

1855 660 2079 731 Oportet
2125 678 2254 734 ergo
2292 676 2417 721 ante
2442 670 2545 723 alia
2577 675 2755 729 omnia
2798 675 2898 731 hoc
2925 692 3070 737 recte
3096 701 3302 755 gerere.
3334 710 3438 751 ιιιιη

1854 756 2088 807 animum
2122 756 2459 826 despondere
2496 777 2671 833 neque
2701 766 2988 837 desperare
3008 773 3076 829 de
3106 778 3276 834 salute
3300 800 3393 839 sua
3424 806 3437 841 :

1852 841 2047 899 deinde
2075 862 2178 900 non
2212 848 2371 904 modo
2392 865 2577 907 eorum
2607 856 2697 925 qui
2730 870 2876 915 recte
2905 862 3138 921 feci-runt
3168 879 3436 946 exempla,

1852 936 1946 991 sed
1973 938 2131 992 etiam
2160 955 2344 996 eorum
2372 944 2458 1013 qui
2501 961 2906 1014 perseverarunt
2949 975 3219 1017 aerumnas
3266 936 3435 1036 inspi;

1850 1042 1993 1082 cere.
2027 1027 2177 1083 Sicut
2211 1032 2353 1085 enim
2400 1033 2714 1093 Zacchazum
2744 1051 2799 1096 et
2820 1042 3128 1104 Matuta-um
3180 1027 3436 1126 cogitavi-

1849 1138 1972 1181 mus
1995 1165 2009 1189 ,
2075 1122 2145 1176 ita
2172 1134 2226 1179 et
2251 1124 2442 1181 Judam
2471 1130 2659 1186 animo
2685 1147 2937 1206 reputare
2959 1154 3189 1211 oportet,
3224 1122 3432 1207 necnon

1850 1212 2017 1280 Giezi,
2048 1216 2244 1278 Achar,
2272 1220 2479 1286 Achab,
2502 1224 2761 1280 Ananiam
2780 1237 2835 1283 et
2860 1230 3213 1305 Sapphiram;
3258 1252 3316 1297 ut
3337 1261 3434 1315 per

1850 1302 1969 1361 illos
1999 1305 2429 1375 deSperationem
2475 1313 2771 1385 ejiciamus,
2829 1336 2922 1390 per
2948 1322 3047 1379 hos
3075 1302 3209 1384 vero
3243 1302 3431 1391 socor-

1848 1393 1990 1450 diam
2020 1398 2417 1466 exscindamus,
2449 1420 2622 1476 neque
2648 1412 2871 1478 supinus
2900 1415 2967 1468 sit
2989 1418 3200 1475 animus
3215 1424 3279 1477 ad
3310 1443 3453 1481 mo-.

1847 1490 1955 1543 uita
1981 1507 2101 1561 qua:
2128 1497 2546 1563 praescrihuntur
2572 1518 2584 1553 :
2618 1517 2681 1559 ac
2712 1519 2809 1559 nos
2832 1508 2975 1577 ipsos
3003 1511 3342 1574 instituamus
3360 1522 3429 1576 ad

1848 1582 1933 1636 illa
1962 1582 2204 1651 dicenda,
2254 1605 2374 1659 quae
2406 1599 2531 1646 tunc
2552 1592 2619 1647 ad
2650 1594 2865 1653 Petrum
2892 1603 3216 1661 accedentes
3245 1609 3421 1668 Juda2i

1845 1672 2137 1731 dicebant:
2195 1677 2332 1743 Quid
2374 1699 2493 1753 ergo
2543 1696 2738 1756 oportet
2800 1691 2968 1760 facere
3007 1704 3061 1747 ut
3097 1699 3227 1753 salvi
3274 1704 3429 1760 simus

1846 1762 1865 1831 (
1901 1764 2013 1818 Act.
2033 1766 2086 1820 2.
2121 1768 2188 1823 57
2222 1771 2366 1839 )?ct
2394 1773 2672 1831 audiamus
2724 1794 2786 1834 ea
2838 1798 2958 1852 qua:
2984 1786 3222 1845 facienda
3277 1808 3424 1853 sunt.

1844 1856 1979 1925 Quid
1998 1875 2126 1931 ergo
2156 1874 2371 1932 oportet
2395 1864 2574 1923 facere
2604 1870 2824 1929 ?Nosse
2855 1892 3033 1933 rerum
3067 1883 3345 1954 vilitatem,
3373 1900 3430 1946 ct

1844 1950 1985 2019 quod
2010 1952 2210 2009 divitia:
2227 1956 2333 2010 sint
2350 1972 2540 2015 servus
2567 1961 2815 2033 fugitivus
2842 1976 2896 2022 et
2923 1969 3181 2043 ingratus,
3208 1989 3261 2032 et
3280 1950 3425 2051 quod

1845 2055 2182 2109 possessores
2209 2060 2336 2103 suos
2367 2048 2418 2102 in
2445 2052 2582 2106 mala
2632 2053 2871 2125 injiciant
2899 2048 3338 2125 inmnnerahilia:
3369 2081 3426 2128 et

1841 2132 2105 2202 ejusmodi
2136 2139 2295 2193 verba
2327 2142 2543 2200 assidue
2571 2145 2937 2208 decantemus.
2972 2157 3049 2210 Ac
3069 2164 3421 2229 quemadmo-
3502 2154 3513 2161 ’

1841 2223 1967 2279 dum
1993 2226 2185 2282 medici
2207 2245 2379 2301 aegros
2403 2233 2645 2305 frigidam
2675 2242 3006 2309 postulantes
3034 2223 3379 2310 consolantur
3401 2299 3416 2322 ,

1841 2330 1900 2371 se
1931 2320 2253 2388 prtebituros
2270 2324 2534 2393 dicentes,
2570 2328 2771 2387 fontem
2827 2352 3335 2411 commemorantes,
3366 2320 3423 2403 et

1841 2424 1935 2465 vas
1979 2423 2032 2466 et
2087 2421 2297 2485 tempus
2351 2433 2735 2489 opportunum,
2787 2428 3045 2499 pluraque
3119 2433 3425 2505 hujusmodi

1839 2503 1860 2574 (
1889 2518 2011 2559 nam
2038 2507 2080 2560 si
2111 2508 2288 2563 statim
2323 2522 2602 2582 negarent,
2634 2515 2685 2569 in
2706 2516 2939 2575 furorem
2967 2532 3019 2578 et
3050 2503 3249 2583 rabiem
3279 2530 3425 2600 iisos

1839 2596 2215 2670 conjicerent)
2246 2617 2261 2655 :
2290 2601 2363 2656 ita
2410 2614 2464 2658 et
2510 2621 2607 2661 nos
2657 2622 2776 2663 cum
2820 2615 3072 2680 pecunias
3122 2596 3424 2680 amantibus

1837 2704 2096 2760 agamus:
2144 2702 2342 2748 etcum
2383 2695 2635 2764 dixerint,
2692 2700 2889 2759 Divites
2911 2721 3030 2762 esse
3060 2711 3321 2781 volumus,
3356 2732 3424 2771 ne

1838 2784 2017 2838 statim
2047 2784 2287 2841 dicamus
2319 2789 2487 2844 malas
2504 2805 2625 2846 esse
2648 2791 2903 2863 divitias;
2935 2800 3026 2855 sed
3058 2807 3420 2862 assentiamur

1839 2887 1895 2931 et
1924 2877 2165 2934 dicamus
2207 2896 2306 2935 nos
2333 2883 2495 2938 etiam
2544 2885 2647 2942 hoc
2678 2890 2814 2944 velle
2838 2931 2859 2957 ,
2883 2892 2976 2947 sed
3005 2895 3057 2949 in
3106 2903 3423 2970 congruenti

1842 2982 2099 3041 tempore,
2132 2974 2227 3029 sed
2255 2974 2471 3033 divitias
2500 2994 2681 3047 veras,
2704 2983 2804 3037 sed
2829 3000 2922 3039 eas
2947 3004 3065 3057 qm:
3096 2992 3421 3063 voluptatem

1840 3062 2072 3117 habeant
2101 3065 2480 3131 immortalem,
2505 3070 2599 3125 sed
2628 3088 2720 3127 eas
2744 3090 2863 3147 quae
2889 3078 3217 3149 colliguntur
3241 3085 3417 3152 nobis,

1841 3168 1948 3207 non
2006 3156 2141 3222 aliis,
2191 3172 2337 3228 smpe
2380 3170 2558 3215 autem
2591 3173 2643 3217 et
2679 3164 2907 3222 inimicis
2937 3185 2954 3235 ;
2981 3185 3044 3225 ac
3070 3171 3423 3246 philosophia:

1838 3244 1999 3299 verba
2030 3246 2081 3300 in
2112 3247 2645 3309 mediumaﬂ'eramus
2672 3271 2734 3310 ac
2757 3257 3015 3323 dicamus;
3041 3262 3154 3318 Non
3174 3244 3424 3337 jubemus

1839 3354 1945 3391 non
1974 3339 2167 3394 divites
2194 3357 2333 3412 esse,
2362 3344 2458 3400 sed
2485 3348 2623 3403 male
2648 3349 2840 3407 divites
2861 3370 2981 3411 esse
3004 3368 3244 3416 vetamus
3262 3381 3275 3419 :
3296 3364 3423 3421 licet

1838 3432 1979 3485 enim
1998 3431 2212 3487 divitem
2240 3450 2381 3501 esse,
2403 3437 2498 3492 sed
2527 3440 2641 3496 sine
2666 3444 2907 3508 avaritia,
2924 3447 3043 3505 sine
3059 3455 3241 3522 rapina
3262 3465 3320 3510 et
3340 3459 3423 3525 vi,

1837 3522 1909 3576 ita
1925 3532 1980 3577 ut
1993 3524 2131 3593 apud
2145 3542 2331 3582 omnes
2346 3530 2483 3586 male
2494 3532 2674 3590 audiat
2687 3535 2839 3592 dives
2852 3537 3175 3610 hujusmodi.
3193 3545 3289 3603 llis
3301 3522 3423 3607 illos

1838 3614 2015 3670 verbis
2040 3616 2187 3686 prius
2208 3619 2493 3692 leniamus,
2512 3627 2739 3683 necdum
2760 3630 2827 3685 de
2841 3631 3084 3701 gehenna
3103 3636 3423 3710 loquamur:

1838 3724 1961 3762 nam
1980 3711 2069 3781 qui
2091 3722 2334 3783 aegrotat,
2357 3717 2481 3772 talia
2498 3721 2659 3777 verba
2682 3724 2861 3778 statim
2882 3742 2987 3781 non
3019 3728 3201 3786 ferret.
3233 3734 3427 3804 Quam-

1837 3800 2024 3857 obrem
2042 3819 2109 3859 ex
2133 3809 2489 3876 praesentibus
2518 3811 2602 3868 his
2622 3813 2690 3869 de
2708 3816 2870 3872 rebus
2890 3821 3052 3876 verba
3084 3800 3343 3884 faciamus
3368 3838 3428 3887 et

1839 3894 2076 3952 dicamus
2098 3916 2110 3951 :
2129 3898 2236 3954 Cur
2259 3914 2322 3955 ex
2355 3905 2573 3959 avaritia
2598 3908 2674 3960 vis
2687 3908 2867 3977 ditari,
2900 3922 2954 3966 ut
2979 3914 3100 3969 aliis
3122 3933 3311 3974 aurum
3328 3937 3421 3978 re-

1838 3989 2121 4057 condatur,
2143 3994 2235 4047 tibi
2261 4011 2389 4050 vero
2407 3998 2700 4056 innumerae
2730 4004 3142 4072 imprecationes
3163 4020 3219 4067 et
3232 4015 3420 4071 crimi-

1839 4085 2119 4140 nationes?
2141 4096 2194 4142 et
2220 4090 2308 4159 qui
2340 4091 2445 4145 illis
2471 4094 2711 4163 privatus
2737 4106 2841 4164 est,
2872 4113 2935 4153 ex
2962 4116 3144 4157 rerum
3175 4122 3437 4165 accessa--

1840 4176 2037 4231 riarum
2077 4181 2299 4248 penuria
2327 4182 2667 4253 mordeatur,
2695 4188 2879 4258 ejulet,
2912 4206 3302 4269 sescentosque
3330 4201 3439 4255 tibi.

1839 4271 2074 4325 attrahat
2123 4284 2469 4331 accusatores
2499 4319 2515 4343 ,
2542 4288 2598 4335 et
2624 4278 2945 4337 adveniente
2986 4300 3205 4357 vespera
3248 4291 3440 4348 forum

1839 4362 2156 4431 circumeat,
2187 4376 2242 4421 et
2268 4368 2318 4422 in
2348 4370 2650 4441 angiportis
2672 4387 2863 4431 omnes
2892 4381 3203 4448 conveniat,
3229 4383 3443 4440 dubius.

1840 4463 1895 4507 et
1919 4454 2129 4518 anxius,
2160 4472 2229 4512 ne
2252 4457 2320 4512 de
2349 4460 2689 4531 transigenda
2716 4465 2931 4535 quidem
2958 4479 3116 4524 nocte
3135 4472 3302 4529 fidere
3327 4489 3424 4530 au-

1840 4547 2000 4603 dens.
2030 4549 2310 4617 Quomodo
2326 4552 2466 4607 enim
2485 4553 2595 4623 jam
2623 4555 2876 4628 dormiet,
2900 4559 3025 4615 dum
3054 4563 3264 4620 mordet
3293 4581 3441 4622 ven~

1842 4648 1942 4704 ter,
1976 4640 2193 4711 ipseque
2220 4642 2434 4713 vigilat,
2465 4644 2629 4702 fames
2658 4647 2889 4716 obsidet,
2912 4651 3109 4722 ingruit
3130 4670 3273 4727 saepe
3299 4659 3439 4729 gelu.

1841 4742 1893 4787 et
1925 4733 2113 4801 pluvi-.e
2137 4735 2434 4790 decidunt?
2463 4738 2528 4792 Et
2551 4747 2605 4794 tu
2631 4740 2845 4810 quidem
2872 4758 2937 4798 ex
2972 4744 3164 4802 balneo
3210 4748 3437 4808 ablutus

1842 4826 2008 4890 redis,
2040 4827 2294 4882 mollibus
2338 4831 2566 4885 amictus
2607 4833 2866 4901 vestibus,
2923 4835 3077 4893 hctus
3101 4848 3156 4895 et
3181 4842 3430 4911 gaudens

1841 4918 1909 4973 ad
1939 4919 2135 4975 lautam
2188 4936 2397 4977 etenam
2451 4927 2720 4980 accurris:
2754 4926 2842 4983 ille
2865 4939 3044 4984 autem
3075 4947 3169 5003 per
3193 4934 3365 4991 forum
3394 4955 3436 4995 av

1842 5008 2039 5081 frigore
2061 5020 2115 5068 et
2142 5011 2283 5068 fame
2320 5028 2464 5081 stupe
2491 5016 2677 5084 pulsus
2706 5017 2975 5087 circumit,
3006 5038 3176 5093 prono
3206 5028 3377 5098 capite
3406 5071 3431 5098 ,

1843 5120 2033 5158 manus
2058 5107 2387 5174 extendens;
2415 5124 2512 5164 nec
2535 5126 2645 5181 prae
2684 5121 2830 5168 metu
2858 5116 3021 5170 audet
3048 5120 3243 5175 satiato
3268 5129 3323 5177 et
3349 5139 3426 5178 re~

1842 5198 2110 5253 cmnbenti
2162 5200 2320 5255 verba
2360 5201 2600 5272 proferre
2653 5220 2749 5275 pro
2777 5206 3033 5265 alimento
3082 5216 3422 5283 necessario;

1842 5302 1987 5359 sa-pe
2016 5305 2142 5345 vero
2185 5293 2505 5348 contumelia
2534 5294 2760 5352 affectus
2803 5300 3049 5355 recessit.
3103 5303 3236 5358 Cum
3294 5324 3436 5377 ergo.

1841 5379 2061 5436 domum
2092 5397 2342 5439 reversus
2367 5398 2448 5450 es,
2472 5400 2592 5441 cum
2617 5387 2669 5441 in
2699 5387 2839 5443 lecto
2865 5393 3134 5448 recumbis
3183 5411 3303 5451 eum
3333 5398 3423 5454 lux

1841 5472 2122 5542 splendida
2150 5473 2347 5544 ubique
2372 5476 2538 5547 fulget
2576 5478 2627 5532 in
2665 5480 2892 5549 aedibus,
2918 5498 3040 5537 eum
3064 5485 3206 5541 lauta
3236 5504 3420 5544 mensa

1840 5575 2023 5636 parata
2051 5574 2154 5633 est,
2196 5574 2308 5621 tum
2336 5569 2624 5625 recordare
2672 5572 2853 5627 miseri
2878 5583 2932 5628 et
2961 5574 3192 5631 infelicis
3236 5579 3379 5633 illius
3405 5621 3422 5646 ,

1841 5657 1953 5727 qui,
1984 5666 2041 5711 ut
2064 5673 2224 5713 canes
2252 5659 2449 5726 solent,
2478 5660 2530 5715 in
2554 5662 2871 5733 angiportis,
2898 5664 2950 5718 in
2978 5669 3214 5722 tenebris
3234 5678 3288 5723 et
3308 5669 3432 5724 luta

1839 5749 2130 5805 circumit:
2174 5752 2383 5806 etiamsi
2409 5767 2555 5822 smpe
2584 5752 2709 5809 hinc
2760 5754 2937 5823 abeat,
2993 5773 3098 5812 non
3149 5758 3367 5814 dommn
3400 5800 3426 5826 ,

1840 5856 1951 5900 nou
1974 5842 2049 5899 ad.
2070 5859 2291 5901 uxorem
2312 5885 2333 5915 ,
2360 5843 2455 5902 sed
2478 5845 2533 5901 in
2559 5844 2687 5903 {teni
2714 5856 2961 5919 stratum,
2996 5859 3053 5906 ut
3074 5860 3129 5909 et
3148 5867 3308 5910 canes
3343 5856 3405 5909 vi
