3856 6350
413 351 486 408 as
1139 349 1198 399 δ.
1235 336 1511 396 JOANNIS
1547 329 2021 394 CllltYSOSTOMl
2061 328 2382 385 ARCIIIEP.
2419 329 2958 390 CONSTANTINOP.
3629 338 3692 395 9,».

419 468 632 530 demus,
689 464 776 536 qtti
809 478 903 534 per
931 470 1096 516 totam
1129 467 1340 513 noctem
1365 453 1536 510 rabidi
1567 453 1783 507 latrant.
1839 448 1906 502 Et
1949 454 2006 501 tu

414 558 632 628 quidem
662 557 704 610 si
737 570 956 626 parvam
983 552 1180 607 stillam
1211 548 1411 603 videris
1440 561 1470 600 e
1495 554 1637 599 tecto
1682 541 1956 612 delapsam
1983 581 1998 605 ,

417 659 581 703 totam
613 649 811 703 evertis
841 644 1084 710 domum,
1132 641 1356 696 famulos
1401 651 1631 698 vocans,
1663 635 1839 688 omnia
1881 648 2000 686 mo-

417 757 549 797 vens
579 759 592 794 :
627 741 716 796 ille
759 754 888 794 vero
929 736 1118 806 jacens
1148 737 1201 790 in
1233 734 1443 805 pannis,
1495 731 1639 786 freno
1661 737 1716 785 et
1739 729 1850 783 luto
1871 768 1886 792 ,
1917 727 2002 781 in-

417 849 550 904 gens
572 833 766 887 tolerat
788 831 975 901 frigus.

487 925 542 980 6.
584 925 714 992 Qua:
757 923 864 977 fera
910 921 996 976 his
1041 936 1145 974 non
1185 919 1456 990 frangatur
1481 915 1684 972 rebus?
1721 913 1839 984 quis
1863 911 2001 965 adeo

412 1031 588 1070 saevus
628 1023 683 1070 et
728 1012 1068 1076 inhumanus,
1122 1010 1268 1065 hisce
1317 1009 1474 1063 rebus
1518 1022 1624 1061 non
1672 1005 2001 1060 mansuetior

413 1106 705 1162 reddatur?
740 1104 847 1160 Sed
875 1103 1093 1174 quidam
1133 1102 1198 1156 ad
1238 1111 1436 1155 tantam
1479 1099 1867 1154 immanitatem
1906 1096 2001 1150 de-

413 1208 693 1263 venerunt,
729 1209 786 1253 ut
812 1197 995 1253 dicant
1026 1199 1170 1268 ipsos
1197 1195 1355 1266 digna
1383 1193 1508 1263 pati.
1547 1193 1684 1248 Cum
1723 1195 2001 1258 oporteret

412 1292 554 1347 enim
584 1289 861 1355 misereri,
895 1287 1174 1360 lacrymari
1195 1329 1211 1354 ,
1242 1297 1294 1342 et
1321 1285 1677 1339 calamitatem
1709 1280 1862 1336 simul
1893 1279 2000 1333 sol-

411 1400 538 1440 vere
570 1401 583 1436 :
616 1383 686 1437 illi
722 1399 848 1437 vero
882 1383 1025 1452 ipsos
1056 1380 1416 1435 inhumaniter
1443 1387 1717 1432 accusant.
1750 1375 1895 1442 Quos
1929 1374 1996 1428 li-

409 1475 600 1530 benter
629 1476 1014 1542 interrogarem
1037 1516 1053 1540 ,
1081 1474 1190 1527 Cur
1209 1513 1224 1536 ,
1256 1484 1460 1541 qua-so,
1493 1468 1650 1539 digna
1682 1465 1996 1539 patiuntur?

408 1585 476 1622 an
508 1568 649 1638 quod
682 1568 752 1621 ali
785 1568 948 1621 velint
972 1575 1026 1620 et
1051 1581 1154 1619 non
1187 1565 1327 1618 fame
1352 1562 1540 1617 confici
1562 1562 1584 1615 ?
1607 1559 1742 1629 Non,
1771 1559 1993 1628 inquiet,

406 1661 502 1717 Sed
535 1661 659 1731 quia
690 1661 846 1713 otiosi
879 1669 1022 1714 Sunt.
1056 1657 1136 1713 Tu
1166 1674 1294 1710 vero
1319 1670 1499 1710 annon
1532 1655 1736 1707 otiosus
1770 1651 1994 1706 delicia-

407 1754 518 1807 ris?
544 1753 679 1820 Quid
712 1769 838 1806 Vt-t‘o
860 1792 874 1813 ,
905 1766 1084 1805 annon
1115 1764 1251 1818 opus
1294 1763 1438 1816 stupe
1465 1761 1684 1801 exerces
1712 1744 1823 1800 otio
1849 1745 1995 1800 omni

401 1846 642 1913 gravius,
685 1845 811 1897 dum
854 1843 1016 1908 rapis,
1065 1844 1170 1894 vim
1211 1838 1375 1894 infers
1413 1849 1468 1894 et
1497 1838 1733 1893 avaritia:
1772 1839 1995 1892 studes?

409 1937 597 1991 Melius
623 1947 767 1990 esset
793 1936 837 1989 si
872 1944 926 1988 tu
957 1949 1170 2003 quoque
1197 1931 1323 1986 huic
1355 1941 1406 1987 te
1436 1931 1660 1988 dederes
1690 1933 1799 1986 otio
1827 1950 1839 1985 :
1873 1947 1995 1986 nam

405 2028 480 2081 ita
521 2027 677 2082 otiari
725 2026 916 2080 melius
954 2035 1056 2089 est,
1104 2040 1261 2094 quam
1299 2025 1535 2079 avaritia:
1578 2023 1813 2080 studere.
1843 2023 1995 2079 Nunc

400 2129 586 2174 autem
616 2118 807 2173 alienis
833 2117 996 2172 etiam
1023 2116 1250 2171 insultas
1271 2115 1684 2181 calamitatibus,
1709 2133 1812 2171 non
1835 2116 1994 2171 modo

402 2211 460 2264 in
492 2213 600 2264 otio
625 2211 845 2279 degens,
877 2223 978 2264 nec
1007 2207 1167 2262 modo
1193 2223 1326 2278 opus
1366 2208 1684 2279 aggrediens
1727 2208 1836 2262 otio
1875 2223 1993 2278 gra-

406 2305 545 2367 vius,
595 2302 689 2358 sed
735 2302 894 2357 etiam
928 2302 980 2356 in
1023 2302 1234 2356 miseria
1264 2299 1520 2370 degentes
1548 2315 1823 2355 accusans.
1861 2300 1992 2370 Ipsis

397 2409 618 2464 quoque
669 2409 948 2448 narremus
1005 2393 1223 2448 alienas
1262 2392 1625 2459 calamitates,
1683 2392 1992 2446 immaturas

397 2487 680 2548 orbitates,
711 2501 805 2540 eos
835 2485 923 2555 qui
968 2485 1020 2540 in
1051 2499 1266 2540 carcere
1293 2483 1512 2554 degunt,
1545 2499 1639 2539 eos
1672 2484 1761 2555 qui
1786 2484 1988 2538 discer-

397 2588 603 2647 pnntur
629 2578 680 2631 in
703 2577 920 2648 jndiciis
940 2621 953 2642 ,
986 2591 1080 2632 eos
1106 2577 1194 2648 qui
1223 2575 1290 2632 de
1316 2577 1418 2631 vita
1449 2577 1656 2640 timent,
1692 2577 1989 2646 inopinatas

396 2670 689 2723 rtnttlierum
719 2668 1021 2732 viduitates,
1051 2669 1358 2737 repentinas
1387 2668 1610 2724 divitum
1644 2670 1985 2736 mutationes,

393 2774 454 2817 et
484 2761 583 2816 hoc
611 2770 752 2816 metu
783 2777 968 2816 eorum
999 2762 1208 2815 animos
1238 2760 1560 2815 molliamus.
1593 2761 1723 2816 Nam
1753 2778 1849 2832 per
1871 2762 1987 2818 illas

393 2856 603 2910 alienas
647 2854 977 2908 narrationes
1017 2853 1359 2908 suadebimus
1390 2853 1528 2920 illis,
1563 2864 1620 2908 ut
1647 2854 1831 2910 eadem
1875 2856 1984 2924 ipsa

391 2949 500 3003 sibi
533 2950 770 3004 timeant.
797 2944 928 3001 Cum
957 2947 1098 3000 enim
1127 2945 1414 3010 audierint,
1442 2945 1738 3017 cujuspiam
1766 2947 1909 3000 avari
1935 2955 1988 3002 et

392 3041 631 3112 raptoris
659 3039 822 3093 lilium
846 3080 860 3104 ,
890 3038 1186 3108 cujuSpiam
1215 3039 1304 3109 qui
1335 3040 1500 3094 multa
1532 3040 1810 3111 tyrannice
1839 3039 1984 3096 fece-

393 3144 483 3190 rat
511 3149 752 3198 uxorem,
773 3141 894 3204 post
918 3141 1145 3187 mortem
1178 3131 1421 3202 conjugis
1449 3132 1727 3188 innumera
1772 3147 1983 3203 passam

392 3243 519 3283 esse
548 3227 705 3291 mala,
727 3241 846 3280 cum
878 3225 911 3280 ii
942 3225 1031 3296 qui
1059 3225 1252 3295 injuste
1279 3224 1391 3279 hesi
1411 3224 1644 3290 fuerant,
1684 3227 1734 3279 in
1762 3241 1983 3280 uxorem

397 3327 450 3371 et
472 3316 610 3370 titius
635 3316 938 3379 irruisscnt,
965 3322 1019 3370 et
1035 3329 1319 3370 commune
1341 3316 1536 3371 bellum
1559 3325 1742 3371 contra
1767 3316 1982 3372 donnnn

401 3406 546 3461 illius
575 3405 807 3476 undique
836 3407 1122 3460 excitatum
1153 3416 1295 3460 esset
1329 3425 1342 3460 :
1370 3407 1578 3462 etiamsi
1610 3408 1840 3463 maxime.
1862 3425 1983 3463 om-

400 3496 547 3550 nium
589 3511 751 3550 sensu
781 3495 1068 3550 destitutus
1094 3497 1160 3550 sit
1185 3539 1198 3561 ,
1232 3494 1548 3566 exspectans
1577 3507 1750 3553 tamen
1776 3515 1834 3555 se
1865 3500 1980 3555 talia

399 3604 713 3659 passurum,
739 3599 798 3644 et
837 3589 948 3643 suis
979 3588 1171 3644 timens
1200 3606 1263 3644 ne
1295 3585 1494 3662 similia
1513 3595 1811 3662 patiantur,
1847 3603 1981 3648 tent-

399 3683 674 3749 perantior
727 3681 848 3736 erit.
901 3679 1034 3736 Tota
1081 3682 1184 3735 vita
1235 3693 1414 3736 nostra
1478 3684 1669 3737 talibus
1723 3686 1983 3756 exemplis

398 3773 583 3828 multis
628 3774 778 3843 plena
811 3782 930 3840 est,
965 3787 1065 3827 nec
1093 3772 1305 3828 deficiet
1350 3773 1505 3829 nobis
1549 3775 1634 3829 hic
1681 3777 1980 3846 corrigendi

393 3865 608 3921 modus.
636 3865 767 3920 Cum
800 3873 976 3920 autem
1011 3865 1124 3920 lucc
1150 3865 1374 3920 dicimus
1399 3907 1414 3933 ,
1441 3883 1546 3921 non
1575 3870 1724 3939 quasi
1754 3871 1981 3924 suaden-

397 3969 484 4012 ωδ
513 3955 594 4010 ve‘l
622 3956 772 4026 quasi
801 3956 1144 4011 eoiisulentes
1174 3955 1289 4011 hinc
1315 3957 1555 4012 diCamus
1574 3999 1590 4022 ,
1619 3975 1685 4013 ne
1708 3961 1982 4015 molestior

2116 445 2181 499 sit
2211 446 2403 511 oratio,
2435 447 2532 503 sed
2555 449 2606 504 id
2637 459 2906 522 tamquam
2935 455 3296 510 narrationem
3327 457 3687 526 proferamus;

2106 549 2160 593 et
2191 554 2252 593 ex
2281 539 2383 594 alia
2419 545 2803 614 consequentia
2834 545 2900 600 ad
2927 547 3155 602 similem
3189 564 3404 620 semper
3427 553 3687 606 narratio-

2108 644 2228 684 nem
2259 632 2533 687 veniamus
2556 675 2572 700 ,
2602 649 2666 690 ac
2691 635 3000 705 frequenter
3025 639 3104 694 eis
3140 640 3264 694 talia
3301 643 3545 714 exempla
3577 660 3689 713 pro-

2107 738 2388 793 ponamus,
2441 741 2548 782 non
2598 729 2957 786 concedentes
3007 741 3063 786 nt
3111 732 3215 787 alia
3263 750 3422 804 quam
3469 736 3584 792 hzre
3613 737 3689 791 lo-

2105 829 2339 886 quantur
2362 837 2374 872 :
2399 819 2677 888 Quomodo
2702 821 2863 893 hujus
2883 824 3076 880 domus
3101 827 3377 897 splendida
3399 839 3452 883 et
3475 829 3688 888 illustris

2105 909 2403 976 corruerit;
2445 913 2715 982 quomodo
2756 914 2825 969 ita
2852 915 3071 972 deserta
3103 919 3205 986 sit,
3252 930 3308 974 ut
3351 922 3517 991 ipsius
3556 923 3687 977 bona

2104 999 2282 1052 omnia
2341 1000 2392 1055 in
2438 1001 2664 1057 aliorum
2713 1021 2900 1060 manus
2942 1007 3223 1064 inciderint
3259 1027 3274 1074 ;
3319 1023 3448 1082 quot
3491 1013 3688 1083 judicia

2103 1091 2339 1159 quotidie
2364 1092 2432 1148 de
2462 1093 2547 1149 his
2578 1095 2914 1154 facultatibus
2938 1109 3061 1155 sunt
3087 1106 3407 1171 constituta,
3437 1116 3565 1177 quot
3596 1126 3688 1163 ne.

2101 1184 2240 1251 gotia
2269 1199 2282 1249 ;
2313 1196 2441 1254 quot
2478 1203 2546 1241 ex
2583 1186 2796 1244 famulis
2824 1191 2968 1247 illius
2989 1194 3079 1247 alii
3107 1198 3451 1253 emendicant
3475 1243 3488 1262 ,
3518 1202 3610 1255 alii
3639 1203 3686 1258 in

2101 1287 2318 1329 carcere
2338 1278 2573 1332 conclusi
2598 1281 2792 1334 mortui
2821 1293 2966 1337 sunt.
3001 1283 3068 1339 Et
3098 1285 3212 1341 hmc
3242 1291 3418 1344 omnia
3451 1291 3688 1348 dicamus

2102 1367 2252 1435 quasi
2299 1367 2543 1438 lugentes
2587 1387 2732 1439 eum,
2783 1375 2871 1443 qui
2916 1391 2979 1431 ex
3033 1377 3131 1434 hac
3176 1381 3283 1434 vita
3325 1383 3590 1453 migravit,
3635 1396 3689 1442 et

2101 1461 2249 1529 quasi
2295 1464 2580 1531 praesentia
2623 1463 3017 1536 despicientes;
3051 1480 3108 1525 ut
3138 1482 3190 1527 et
3222 1472 3411 1530 timore
3441 1486 3496 1532 et
3525 1479 3682 1536 mise-

2102 1553 2328 1607 riciirdia
2359 1555 2697 1612 emolliamus
2727 1559 2987 1616 immitem
3019 1561 3168 1617 illum
3195 1565 3451 1622 animum.
3481 1568 3684 1626 Etcum

2103 1645 2220 1699 illos
2268 1647 2561 1703 viderimus
2620 1647 2705 1704 bis
2751 1654 3144 1710 narrationibus
3189 1656 3513 1729 depressos,
3563 1671 3687 1719 tunc

2100 1736 2314 1791 demum
2359 1739 2465 1795 illis
2504 1740 2571 1796 de
2607 1741 2850 1812 gehenna
2883 1758 3186 1803 sermonem
3220 1749 3509 1806 inferamus
3531 1795 3547 1818 ,
3580 1770 3684 1810 non

2101 1838 2367 1900 tamquam
2389 1831 2510 1886 illos
2533 1825 2826 1897 terrentes,
2843 1835 2936 1890 sed
2967 1845 3024 1891 ut
3048 1839 3185 1894 alios
3213 1844 3682 1906 commiserantes;

2098 1928 2150 1974 et
2171 1920 2409 1977 dicamus
2434 1939 2448 1975 :
2474 1922 2544 1978 Et
2565 1925 2689 1993 quid
2721 1935 2929 1995 oportet
2957 1927 3140 1984 dicere
3169 1936 3481 2000 praesentia?
3511 1953 3685 2008 neque

2098 2013 2239 2067 enim
2287 2025 2466 2069 nostra
2507 2015 2593 2071 his
2628 2028 2755 2072 sunt
2797 2019 3056 2076 limitibus
3101 2023 3543 2096 circumscripta;
3591 2032 3682 2084 ειιιι

2095 2105 2308 2174 gravius
2335 2108 2653 2177 supplicium
2683 2109 2818 2164 tales
2847 2110 3089 2167 homines
3117 2117 3381 2185 excipiet,-
3405 2129 3460 2172 et
3489 2119 3684 2174 ﬂuvius

2098 2196 2283 2266 igneus
2307 2210 2361 2254 et
2386 2200 2582 2255 vermis
2601 2217 2904 2256 venenosus
2923 2214 2977 2258 et
3004 2206 3234 2261 tenebras
3257 2207 3683 2268 interminabiles

2095 2297 2150 2343 et
2177 2291 2432 2362 supplicia
2472 2293 2810 2346 immortalia.
2840 2294 2895 2350 Si
2925 2294 3006 2350 liis
3039 2297 3159 2352 illos
3189 2298 3525 2358 incantemus
3555 2320 3682 2358 nar-

2097 2384 2423 2449 rationibus,
2456 2393 2510 2439 et
2550 2401 2647 2438 nos
2691 2386 2834 2455 ipsos
2861 2395 2914 2443 et
2960 2387 3077 2444 illos
3115 2391 3480 2462 corrigemus,
3521 2407 3684 2467 atque

2095 2475 2163 2530 ab
2192 2476 2505 2547 :rgritudine
2533 2477 2641 2532 cito
2666 2478 3034 2546 liberabimus,
3069 2482 3119 2536 in
3153 2482 3346 2554 dieque
3378 2487 3465 2540 illo
3497 2488 3684 2544 lauda-

2094 2579 2265 2626 torem
2295 2571 2458 2625 Deum
2486 2571 2826 2636 habebimus,
2858 2585 2914 2628 ut
2938 2585 2992 2630 et
3018 2577 3209 2632 Paulus
3232 2577 3248 2609 ⁸
3279 2579 3406 2635 dicit
3431 2597 3445 2634 :
3472 2581 3539 2636 Et
3565 2593 3684 2637 tum:

2093 2665 2207 2720 laus
2235 2666 2326 2718 erit
2355 2665 2669 2736 unicuiquea
2695 2665 2819 2721 Dco.
2850 2667 2993 2722 Laus
3029 2671 3169 2724 enim
3199 2689 3316 2741 qua:
3346 2675 3412 2727 ab
3442 2675 3681 2731 homini-

2096 2759 2194 2814 bus
2213 2759 2475 2828 procedit,
2508 2768 2563 2814 et
2586 2758 2778 2837 difﬂuit
2806 2772 2861 2816 et
2889 2762 3173 2831 aliquando
3200 2780 3304 2819 non
3335 2781 3364 2820 a
3398 2767 3538 2823 bono
3563 2772 3682 2824 ani-

2095 2865 2184 2905 mo
2226 2849 2580 2920 proficiscitur
2613 2867 2624 2902 :
2658 2866 2776 2920 quae
2815 2862 2994 2907 autem
3037 2868 3067 2907 a
3115 2854 3224 2910 Deo
3269 2866 3371 2922 est,
3402 2869 3456 2913 et
3499 2873 3684 2917 manet

2094 2950 2349 3012 perpetuo
2393 2951 2448 2996 et
2489 2943 2633 2996 clare
2677 2944 2942 3012 Splendet.
2991 2946 3215 3013 Quando
3259 2953 3400 3004 enim
3451 2951 3534 3013 is,
3588 2957 3679 3025 qui

2091 3034 2268 3089 omnia
2298 3034 2443 3087 novit
2469 3042 2758 3104 antequam
2791 3035 2918 3088 tiaut
2943 3048 2995 3091 et
3025 3038 3091 3091 ab
3120 3041 3262 3092 omni
3298 3044 3546 3109 passione
3591 3057 3682 3101 va-

2090 3139 2222 3180 cuus
2245 3133 2348 3193 est,
2383 3125 2595 3192 laudat;
2627 3137 2750 3181 tunc
2781 3128 3071 3182 indubitata
3101 3140 3181 3183 est
3212 3133 3419 3188 virtutis
3448 3135 3683 3192 demun-

2091 3217 2298 3271 stratio.
2325 3215 2452 3271 Hinc
2477 3232 2606 3288 ergo
2635 3234 2756 3272 cum
2784 3222 3019 3274 sciamus
3044 3262 3058 3285 ,
3093 3222 3216 3276 talia
3247 3238 3530 3293 operemur
3563 3241 3620 3284 ut
3651 3248 3680 3286 a

2092 3309 2202 3364 Deo
2225 3307 2528 3374 laudemur,
2557 3319 2612 3365 et
2637 3311 2866 3364 maxima
2895 3326 3288 3381 consequamur
3317 3316 3453 3372 bona
3497 3337 3510 3373 :
3559 3337 3680 3391 qua:

2092 3403 2294 3457 utinam
2327 3417 2424 3456 nos
2447 3418 2634 3457 omnes
2665 3402 3045 3474 adipiscznnu'r,
3072 3408 3237 3476 gratia
3268 3417 3324 3463 et
3351 3410 3680 3482 benignitate

2091 3496 2301 3551 Domini
2340 3496 2508 3550 nosui
2551 3495 2674 3550 Jesu
2718 3496 2947 3564 Christi,
2993 3499 3206 3568 quicum
3270 3501 3409 3556 Patri
3466 3519 3680 3576 unaque

2088 3590 2305 3660 Spiritui
2330 3599 2515 3644 sancto
2536 3590 2725 3660 gloria,
2750 3591 3052 3660 imperium,
3077 3592 3268 3659 honor,
3291 3612 3428 3652 nunc
3450 3607 3502 3652 ct
3529 3615 3680 3654 sem-

2091 3699 2184 3754 per
2207 3724 2223 3752 ,
2268 3692 2322 3738 et
2347 3683 2402 3739 in
2432 3682 2630 3738 swcula
2656 3683 2996 3739 saeculorum.
3030 3687 3222 3741 Amen.

2088 3973 2100 3982 θ
2139 3911 2169 4019 ἰ
2205 3907 2369 4020 Μονᾳᾶ.
2395 3906 2649 3957 habet.....
2667 3905 2761 3957 cito
2783 3905 3111 3968 liberabimus,
3135 3913 3184 3958 ut
3205 3913 3251 3959 et
3273 3908 3469 3971 Paulus,
3480 3913 3681 3964 omissis

2090 3985 2138 4020 in
2162 3983 2320 4020 eruas:
2361 3984 2403 4020 s.

2090 3983 2403 4036 interposms.

1787 4187 2133 4250 HOMILIA
2174 4189 2320 4252 XII.

391 4327 527 4383 CAP.
557 4326 611 4383 4.
635 4343 687 4381 v.
714 4327 769 4382 6.
805 4327 928 4383 ﬂwc
954 4338 1152 4395 autem,
1182 4333 1397 4401 fratres,
1427 4331 1785 4402 transﬁguruvi
1811 4333 1862 4386 in
1903 4349 1981 4386 me

469 4431 521 4475 et
548 4421 733 4492 Apollo
763 4433 969 4492 propter
998 4439 1103 4484 vos,
1136 4433 1189 4477 ut
1221 4423 1272 4476 in
1303 4421 1444 4478 nobis
1473 4422 1809 4479 discatisnon
1840 4424 1977 4494 plus,

460 4527 619 4581 quam
645 4513 890 4578 scriptum
914 4523 1007 4580 est,
1037 4530 1234 4580 sapere.

471 4604 521 4657 ‘l.
553 4604 817 4672 Quamdiu
849 4604 1087 4660 molestis
1123 4608 1434 4678 asperisque
1472 4607 1650 4662 verbis
1677 4623 1810 4678 Opus
1841 4607 1976 4674 fuit,

390 4711 614 4751 scenam
667 4713 772 4750 non
823 4699 1063 4766 aperuit;
1111 4699 1203 4753 sed
1243 4714 1305 4754 ac
1331 4700 1374 4754 si
1429 4699 1540 4770 ipse
1567 4709 1708 4754 esset
1733 4701 1822 4770 qui
1866 4700 1980 4756 haec

389 4787 624 4852 audiret,
653 4789 730 4842 sic
757 4789 1105 4860 loquebatur,
1139 4799 1197 4843 ut
1222 4790 1452 4860 dignitas
1481 4805 1829 4860 personarum
1858 4808 1979 4862 quae

395 4881 782 4935 accusabantur
804 4882 1072 4938 obsistens
1093 4885 1487 4948 accu~autibus,
1522 4901 1624 4937 non
1648 4873 1979 4956 pet-mitteret

391 4972 462 5027 ad
496 4973 627 5026 iram
655 4976 980 5029 eommm'cri
1016 4994 1030 5028 :
1059 4992 1182 5031 cum
1213 4986 1390 5031 autem
1422 4988 1696 5047 oporteret
1724 4979 1979 5049 deinecps

395 5064 594 5133 aliquid
626 5065 901 5120 remittere
924 5105 939 5132 ,
971 5075 1096 5120 tunc
1125 5070 1293 5135 posita
1320 5069 1462 5122 larva
1485 5112 1498 5134 ,
1529 5069 1822 5124 occultatas
1855 5087 1978 5139 per-

390 5171 556 5212 Bonas
582 5155 814 5211 ostendit
845 5159 1050 5226 prolato
1091 5157 1240 5213 Pauli
1269 5169 1321 5213 et
1357 5160 1549 5231 Apollo
1581 5161 1813 5215 n02ninc.
1855 5160 1978 5216 Ideo

390 5247 607 5302 dicebat
635 5265 649 5303 :
684 5247 809 5302 Ha'c
833 5259 1034 5316 autem,
1068 5247 1285 5311 fratres,
1317 5253 1674 5322 transfigurari
1711 5251 1763 5304 in
1811 5268 1889 5306 me
1930 5261 1977 5306 et

394 5339 600 5408 Apollo.
650 5341 716 5394 Et
743 5341 878 5396 sicut
915 5341 970 5396 in
1010 5343 1430 5413 :rgrotantibus,
1477 5345 1688 5413 quando
1721 5347 1977 5412 puerulus

392 5449 536 5502 a-ger
562 5433 798 5488 calcibus
826 5433 967 5498 ferit,
997 5444 1053 5489 et
1079 5445 1357 5489 aversatur
1381 5435 1534 5490 cibos
1560 5437 1648 5506 qui
1680 5437 1978 5490 oll'eruutnr

386 5544 421 5582 ει
452 5527 694 5588 medicis.
722 5527 1038 5583 adrocatum
1068 5539 1273 5599 patrem
1308 5529 1389 5584 vcl
1419 5529 1762 5600 paidttgogutn
1783 5570 1799 5594 ,
1832 5531 1863 5584 ii
1889 5530 1977 5600 qui

387 5621 654 5688 assident,
679 5620 870 5690 jubent
901 5636 965 5675 ex
1000 5621 1191 5676 medici
1236 5635 1394 5675 manu
1435 5622 1680 5691 accipere
1705 5664 1718 5686 ,
1747 5633 1802 5678 et
1828 5624 1978 5678 cibus

387 5712 623 5777 afferre,
667 5725 722 5770 ut
760 5730 827 5771 ex
878 5714 1071 5769 timore
1116 5715 1353 5784 ipsorum
1409 5715 1557 5786 pueri
1613 5717 1873 5786 accipiant
1925 5725 1979 5769 et

386 5804 673 5875 quiescant
698 5825 715 5862 :
747 5808 824 5864 sic
851 5817 902 5864 et
946 5807 1143 5864 Paulus
1182 5799 1301 5863 cum
1325 5823 1427 5880 pro
1455 5808 1572 5863 aliis
1599 5820 1738 5863 esset
1758 5823 1982 5863 accusa-

2088 4343 2256 4399 turus,
2301 4333 2406 4389 illis
2451 4334 2666 4406 quidem
2713 4343 2770 4390 ut
2797 4336 2886 4406 qui
2925 4336 3116 4408 injuria
3161 4333 3541 4406 afficerentur,
3593 4341 3681 4398 liis

2088 4442 2216 4482 vero
2243 4436 2300 4482 ut
2343 4428 2431 4498 qui
2477 4443 2639 4507 supra
2689 4428 2906 4483 modum
2955 4429 3379 4497 lionorarentur,
3411 4446 3677 4502 personas

2086 4519 2298 4588 quidem
2323 4535 2508 4574 eorum
2532 4536 2636 4573 non
2667 4521 2904 4590 protulit,
2924 4520 3017 4576 sed
3040 4536 3139 4576 suo
3160 4530 3215 4577 et
3239 4521 3429 4592 Apollo
3452 4526 3678 4582 nomine

2085 4624 2390 4665 sermonem
2413 4610 2676 4676 adhibuit,
2703 4620 2760 4665 ut
2783 4626 2879 4666 eos
2907 4613 3144 4677 reveriti,
3175 4612 3491 4669 medicinam
3521 4618 3674 4671 acci-

2088 4713 2278 4770 perent
2307 4721 2319 4756 :
2353 4713 2634 4774 postquam
2679 4713 2856 4759 autem
2907 4715 3266 4775 acceperunt,
3297 4715 3422 4763 tunc
3448 4708 3676 4765 demum

2085 4794 2297 4863 aperuit
2328 4795 2396 4850 de
2440 4796 2759 4866 quibusnam
2807 4795 2924 4852 haec
2965 4797 3293 4867 loqueretur.
3338 4799 3463 4854 Haec
3487 4814 3676 4857 autem

2087 4901 2195 4941 non
2225 4886 2498 4940 simulatio
2525 4895 2678 4942 erant
2699 4928 2715 4953 ,
2743 4887 2839 4942 sed
2867 4889 3244 4960 attemperatio
3267 4898 3322 4945 et
3343 4895 3676 4949 oeconomia.

2085 4976 2214 5031 Nam
2247 4978 2289 5031 si
2318 4987 2504 5046 aperte
2534 4976 2766 5033 dixisset
2789 5019 2803 5043 ,
2832 4978 2985 5033 Viros
3009 4989 3225 5035 sanctos
3252 4993 3302 5037 et
3329 4981 3679 5041 admirabiles

2085 5067 2347 5136 iudicatis,
2376 5067 2424 5121 id
2450 5077 2595 5122 certe
2618 5083 2760 5139 aegre
2787 5069 3030 5123 tulissent
3052 5079 3104 5125 et
3127 5072 3450 5128 resiliissent
3483 5092 3496 5128 :
3525 5092 3674 5131 nunc

2085 5174 2212 5214 vero
2256 5174 2375 5213 cum
2406 5158 2665 5224 dixisset,
2707 5158 2838 5213 Mihi
2868 5172 3033 5213 autem
3062 5178 3152 5230 pro
3182 5164 3389 5217 ntinimo
3433 5175 3504 5221 est
3550 5178 3608 5219 ut
3645 5185 3666 5221 ρ

2081 5253 2219 5308 vobis
2233 5252 2472 5323 judicer;
2488 5260 2542 5307 et
2562 5267 2797 5316 rursum,
2824 5252 2950 5320 Qui:
2966 5263 3037 5308 est
3062 5253 3255 5309 Paulus
3271 5256 3298 5310 .9
3311 5257 3422 5321 qui:
3445 5258 3638 5329 Apollo
3656 5297 3669 5315 .

2083 5343 2469 5414 acceptabilem
2530 5345 2829 5398 orationem
2890 5343 3085 5398 effecit.
3135 5344 3427 5414 Propterea
3487 5348 3630 5403 dixit

2087 5436 2212 5491 lfwc
2237 5448 2402 5490 autent
2435 5436 2487 5490 in
2517 5452 2597 5490 me
2623 5436 2982 5507 transﬁguravi
2999 5447 3210 5508 propter
3240 5453 3345 5501 vos,
3375 5447 3429 5491 ut
3454 5439 3505 5491 in
3527 5439 3677 5495 nobis

2083 5531 2291 5584 discatis
2317 5547 2417 5584 non
2447 5528 2562 5596 plus
2591 5546 2741 5599 quam
2767 5531 3011 5598 scriptum
3042 5539 3112 5582 est
3138 5545 3352 5599 sapere;
3380 5529 3679 5587 ostendens

2084 5622 2223 5692 quod
2253 5622 2296 5676 si
2323 5621 2390 5676 de
2417 5621 2524 5675 illis
2552 5619 2713 5675 verba
2739 5620 2972 5684 fecisset,
3006 5635 3109 5674 non
3133 5619 3446 5675 didicissent
3465 5635 3527 5675 ea
3548 5637 3680 5692 qua:

2086 5715 2297 5768 discere
2323 5711 2642 5782 Oportebat,
2678 5727 2853 5782 neque
2880 5711 3267 5766 correctionem
3296 5711 3638 5780 accepissent
3659 5752 3678 5779 ,

2084 5826 2150 5863 ea
2198 5824 2315 5879 qua:
2360 5806 2678 5861 dicebantur
2724 5804 2948 5860 tnolestc
2991 5803 3238 5860 ferentes.
3289 5802 3439 5858 Nunc
3485 5811 3680 5862 autem
