3838 6214
72 313 136 366 93
1144 308 1213 364 IN
1248 307 1469 365 EPIST.
1509 306 1529 362 l
1564 303 1847 362 ADCOR.
1890 303 2121 361 HOMIL.
2166 303 2281 361 XII.
3257 306 3328 363 96

72 433 241 489 καίτοι
268 429 530 493 πολλάκις
552 426 763 481 ἐκεῖθεν
786 424 1041 489 ἀπιόντος
1070 425 1170 478 οὐκ
1199 426 1280 488 εἰς
1314 422 1493 477 οἰκίαν
1520 420 1644 475 οὐδὲ

72 519 201 589 πρὸς
227 520 478 587 γυναῖκα,
514 515 621 567 οὐδ’
658 514 737 575 εἰς
768 511 928 583 εὐνὴν
948 550 963 573 ,
1004 509 1120 564 ἀλλ’
1142 512 1219 573 εἰς
1254 508 1482 562 στιϐάδα
1512 506 1644 577 χόρ-

70 620 177 663 του,
206 599 458 669 καθάπερ
488 599 614 659 τοὺς
642 595 810 659 κύνας
837 594 1054 666 ὁρῶμεν
1091 594 1157 647 δι’
1187 593 1315 664 ὅλης
1334 591 1646 653 λυττῶντας

72 685 276 745 νυκτός.
318 683 426 735 Kal
462 682 526 734 σὺ
551 679 673 750 μὲν,
709 678 811 732 κᾶν
843 678 1047 748 μικράν
1080 695 1202 730 τινα
1235 676 1473 744 σταγόνα
1510 691 1646 727 κατ-

68 766 379 835 ενεχθεῖσαν
400 762 515 819 ἀπὸ
544 764 642 832 τῆς
672 761 872 831 στέγης
924 761 1057 831 ἰδῃς,
1089 760 1270 813 πάντα
1315 758 1646 829 ἀνατρέπεις

68 852 154 901 τὸν
176 847 344 911 οἷκον,
366 848 581 908 οἰκέτας
604 843 808 907 καλῶν,
842 844 1017 898 πάντα
1042 844 1207 897 κινῶν
1232 860 1245 875 ο
1276 844 1483 905 ἐκεῖνος
1509 840 1564 893 δὲ
1588 841 1647 893 ἐν

69 932 279 1001 ῥακίοις
304 930 400 983 καὶ
425 930 604 1000 χόρτῳ
634 928 727 981 καὶ
746 926 904 998 πηλῷ
938 926 1191 997 κείμενος
1215 966 1230 991 ,
1266 927 1483 980 ἅπαντα
1509 925 1645 977 ὑπο-

71 1016 221 1084 μένει
255 1014 346 1067 τὸν
382 1030 487 1082 κρυ
496 1011 615 1081 μόν.

129 1148 205 1194 ς’.
240 1142 397 1194 Ποῖον
421 1136 513 1194 οῦν
540 1140 729 1212 θηρίον
764 1138 976 1202 τούτοις
1014 1137 1113 1191 ούκ
1145 1136 1211 1191 ἂν
1240 1136 1645 1209 κατακλασθείη

70 1228 181 1287 τοῖς
209 1227 536 1295 πράγμασις
584 1224 671 1286 τίς
704 1222 875 1286 οὕτως
919 1221 1070 1291 ὠμὸς
1104 1222 1200 1273 καί¹
1240 1222 1606 1291 ἀπάνθρωπος
1629 1260 1645 1285 ,

70 1309 141 1369 ὼς
163 1308 241 1378 μή
256 1307 509 1376 γενέσθαι
546 1306 759 1369 τούτοις
786 1307 989 1377 ήμερος
1017 1322 1031 1370 ;
1088 1305 1251 1358 Ἀλλά
1274 1306 1380 1377 1&9
1425 1305 1530 1358 εἰσί
1569 1322 1666 1358 τι-.

70 1409 177 1455 νες,
211 1390 328 1463 [95]
350 1391 399 1443 οἶ
430 1389 565 1460 πρὸς
589 1388 843 1443 τοσοῦτον
872 1388 1143 1458 ἀπηνείας
1172 1388 1420 1458 ἥκουσιν,
1450 1388 1526 1450 ὡς
1554 1387 1649 1441 καὶ

71 1476 249 1542 λέγειν
277 1474 403 1541 ἀξια
426 1474 655 1545 πάσχειν
680 1470 898 1536 αὐτούς.
923 1472 1051 1527 Δέον
1080 1474 1189 1543 1&9
1213 1472 1383 1527 ἐλεεῖν
1421 1472 1517 1526 καὶ
1551 1472 1649 1525 δα-

70 1558 259 1630 κρύειν
286 1560 381 1613 καὶ
406 1556 741 1611 συνδιαλύειν
772 1555 870 1617 τάς
898 1574 961 1609 συ
971 1557 1204 1627 μφοράς,
1238 1556 1287 1617 οἱ
1309 1556 1368 1609 δέ
1396 1556 1489 1610 καὶ
1516 1573 1651 1609 κατ-

71 1644 366 1715 ηγοροῦσιν
392 1642 559 1713 ὠμῶς
583 1641 679 1695 καὶ
712 1639 1095 1712 ἀπανθρώπως
1128 1640 1334 1693 αὐτῶν·
1360 1639 1453 1704 οὒς
1479 1640 1649 1711 ήδέως

69 1728 131 1781 ἀν
165 1727 423 1799 ἐροίμην·
448 1726 603 1786 Τίνος
638 1725 825 1777 ἕνεκεν
849 1723 975 1788 ἀξια
1006 1724 1329 1794 πάσχουσιν,
1362 1723 1483 1777 εἰπέ
1515 1742 1605 1795 μοι
1633 1740 1648 1790 ;

68 1812 147 1864 ὅτι
176 1808 481 1881 τρέφεσθαι
528 1807 808 1878 βούλονται
851 1807 946 1861 καὶ
994 1807 1070 1877 μὴ
1126 1804 1452 1878 λιμώττειν;
1493 1808 1651 1879 Οὐχὶ,

69 1896 259 1965 φησὶν,
291 1894 407 1948 ἀλλ’
436 1895 518 1947 ὅτι
542 1891 863 1962 ἀργοῦντες.
886 1891 959 1943 Σὺ
995 1891 1051 1944 δὲ
1073 1892 1174 1945 οὐκ
1210 1890 1397 1962 ἀργῶν
1446 1907 1653 1946 σπατα-

69 1981 201 2051 λᾷςς
236 1979 290 2033 τί
316 1978 394 2041 δὲ,
422 1978 522 2031 οὐκ
552 1976 817 2047 ἐργασίαν
840 1974 1099 2038 πολλάκις
1122 1975 1303 2046 πάσης
1325 1976 1525 2045 ἀργίας
1549 1992 1651 2046 χα-

70 2064 395 2135 λεπωτέραν
451 2060 683 2133 ἐργάζῃ,
736 2059 1000 2131 ἁρπάζων
1044 2059 1139 2113 καὶ
1191 2058 1511 2130 βιαζόμενος
1564 2059 1651 2112 καί

74 2147 459 2212 π).εονεκτῶν;
497 2145 715 2198 Βέλτιον
745 2140 834 2215 ἦν,
866 2144 918 2196 εἰ
954 2144 1050 2197 καὶ
1083 2144 1147 2197 σὺ
1172 2144 1363 2215 ῆργεις
1394 2142 1650 2213 τοιαύτην

74 2233 277 2303 ἀργίαν
297 2249 311 2262 ·
329 2230 424 2285 τοῦ
446 2230 555 2300 1&9
572 2228 917 2283 πλεονεκτεῖν
928 2227 990 2279 τὸ
1006 2225 1181 2291 οὔτως
1202 2228 1393 2299 ἀργεῖν
1418 2227 1646 2297 βέλτιον.

67 2318 178 2372 Νῦν
212 2317 272 2369 δὲ
304 2316 399 2368 καὶ
448 2312 758 2384 ἀλλοτρίαις
809 2311 1163 2381 ὲπεμϐαίνεις
1220 2314 1544 2384 συμφοραῖς⁹
1590 2311 1651 2365 οὗ

72 2402 233 2471 μόνον
259 2397 468 2469 ἀργῶν,
502 2396 622 2449 οὐδὲ
656 2396 815 2465 μόνον
843 2394 1045 2465 ἀργίας
1070 2394 1460 2469 χαλεπωτέραν
1489 2397 1655 2466 ἐργα-

72 2484 190 2537 σίαν
227 2482 454 2552 μετιὼν,
478 2478 730 2533 ἀλλὰκαὶ
764 2479 1093 2551 κατηγορῶν
1130 2478 1238 2532 τῶν
1278 2478 1653 2551 δυσημερούν-

68 2584 195 2619 των.
228 2563 562 2635 Διηγώμεθα
586 2563 642 2615 δέ
669 2562 852 2625 αὐτοῖς
879 2563 973 2615 καὶ
1006 2560 1104 2624 τὰς
1132 2562 1417 2633 ἀλλοτρίας
1442 2580 1653 2634 συμφο-

72 2651 192 2722 ράς.
216 2650 317 2713 τάς
344 2647 608 2721 ὀρφανίας
632 2646 732 2710 τὰς
756 2643 991 2717 ἀώρους,
1033 2646 1158 2709 τοὺς
1184 2644 1245 2698 τὸ
1279 2648 1655 2720 δεσμωτήριον

71 2732 380 2795 οἰκοῦντας,
427 2732 553 2793 τοὺς
607 2731 666 2782 ἐν
724 2729 1096 2800 δικαστηρίοις
1151 2732 1651 2801 σπαραττομένους,

72 2817 195 2879 τοῦς
230 2814 367 2884 περ)⁸
391 2814 451 2866 τὸ
480 2813 576 2884 ζῇν
595 2811 922 2875 δεδοικότας,
944 2811 1043 2875 τὰς
1076 2811 1300 2883 χηρείας
1332 2813 1430 2877 τάς
1456 2814 1653 2885 ἀδοκή-

69 2916 194 2962 τους
210 2898 327 2951 τῶν
346 2896 641 2966 γυναικῶν,
663 2894 762 2958 τὰς
781 2893 1012 2965 ἁθρόους
1035 2895 1339 2966 μεταϐολὰς
1358 2897 1466 2951 τῶν
1490 2898 1657 2951 πλου-

71 2981 335 3045 τούντων,
368 2980 461 3033 καὶ
481 2980 559 3050 τῷ
584 2979 736 3050 φόϐῳ
754 2977 929 3049 τούτῳ
943 2995 1083 3031 κατα
1092 2978 1456 3050 μαλάττωμεν
1477 2981 1658 3035 αὐτῶν

70 3068 168 3137 τήν
197 3065 463 3119 διάνοιαν.
508 3064 596 3117 Ἐν
645 3062 753 3134 1&9
786 3065 901 3127 τοῖς
946 3062 1079 3135 περὶ
1110 3063 1315 3135 ἐτέρων
1356 3064 1659 3136 διηγήμασι

71 3151 341 3221 πείσομεν
368 3150 567 3212 αὐτοὺς
604 3148 776 3200 ταῦτα
810 3146 1110 3200 δεδοικέναι
1156 3146 1376 3211 πάντως
1406 3149 1503 3201 καὶ
1531 3148 1659 3220 περί

73 3235 309 3287 ἐαυτῶν.
349 3234 521 3286 Ὅταν
551 3232 659 3303 γὰρ
690 3229 1020 3296 ἀκούσωσιν,
1058 3231 1141 3284 ὅτι
1172 3230 1201 3283 0
1228 3230 1323 3283 τοῦ
1345 3231 1516 3296 δεῖνος
1541 3233 1658 3298 υίὸς

72 3319 404 3371 πλεονέκτου
430 3316 526 3371 καί⁸
558 3316 806 3390 ἀρπαγος
836 3310 929 3386 ἦν,
959 3313 1052 3369 τοῦ
1075 3315 1246 3380 δεῖνος
1281 3318 1315 3388 ή
1359 3316 1496 3387 γυνὴ
1515 3358 1530 3383 ,
1562 3317 1655 3371 τοῦ

70 3401 244 3454 πολλά
258 3400 561 3472 τυραννικά
583 3399 964 3469 πεποιηκότος,
994 3398 1132 3469 μετά
1150 3400 1251 3471 τὴν
1274 3400 1533 3473 τελευτήν
1561 3400 1656 3455 τοῦ

71 3480 453 3545 συνοικοῦντος
483 3482 651 3553 μυρία
672 3480 934 3552 ὑπέμεινε
955 3481 1126 3543 δεινὰ,
1155 3481 1262 3534 τῶν
1286 3482 1657 3555 ἀδικηθέντων

70 3567 163 3624 καὶ
178 3570 246 3638 τῇ
280 3567 503 3637 γυναικὶ
523 3565 615 3617 καὶ
639 3566 752 3627 τοῖς
778 3564 1012 3630 παιδίοις
1033 3565 1318 3632 ἐπιόντων,
1351 3569 1446 3621 καί
1475 3568 1654 3621 κοινοῦ

70 3648 321 3718 πολέμου
352 3646 615 3701 πάντοθεν
636 3647 875 3719 ἡρμένου
897 3649 1040 3701 κατά
1059 3649 1159 3719 τῆς
1187 3652 1363 3714 οἰκίας
1399 3651 1498 3723 τῆς
1515 3651 1658 3704 ἐκεί-

68 3747 177 3792 νου,
204 3729 318 3783 κᾶν
342 3734 558 3783 πάντων
588 3731 1045 3804 ἀναισθητότερος
1065 3744 1091 3773 ι
1111 3729 1167 3806 ᾖ,
1188 3734 1285 3787 καὶ
1304 3734 1467 3797 αὐτὸς
1488 3752 1658 3807 προσ-

67 3812 242 3867 δοκῶν
279 3811 351 3865 τά
380 3814 518 3866 αύτά
540 3814 845 3879 πείσεσθαι,
881 3816 976 3868 καὶ
1013 3816 1155 3888 ὺπέρ
1189 3817 1297 3871 τῶν
1341 3818 1537 3872 ἑαυτοῦ
1567 3820 1655 3873 δε-

67 3897 266 3961 δοικὼς
301 3900 512 3968 μήποτε
549 3897 619 3950 τά
639 3898 779 3951 αύτά
802 3899 1177 3970 ὑπομείνωσι,
1216 3904 1658 3975 σωφρονέστερος

68 3978 241 4033 ἔσται.
285 3980 505 4035 Πολλῶν
540 3980 597 4034 δὲ
640 3984 773 4053 ήμῖν
797 3982 1054 4037 τοιούτων
1100 3984 1457 4057 διηγημάτων
1481 3990 1510 4042 0
1541 3988 1658 4060 βίος

128 4165 325 4224 'Edili,
348 4166 753 4232 ἀναισθητότερος.
782 4168 1378 4236 Πθε.,ἀναισχυντότερος.

84 4348 251 4359 ._—..
262 4352 883 4362 mm”.--—

1747 418 2153 490 ἐμπέπλησται,
2174 418 2268 472 καὶ
2296 418 2398 473 οὐκ
2413 418 2765 490 ἀπορήσομεν
2786 417 2887 489 τῆς
2907 417 3163 489 τοιαύτης
3180 418 3328 492 διορ-

1747 503 1985 567 θώσεως.
2011 504 2178 558 Ὅταν
2202 504 2261 558 δὲ
2283 503 2458 558 ταῦτα
2480 503 2749 575 λέγωμεν,
2782 502 2859 574 μὴ
2895 502 2970 566 ώς
3002 503 3330 575 παραινοῦν-

1744 606 1835 653 τες
1871 590 2007 660 μηδὲ
2037 589 2113 653 ώς
2144 588 2607 660 συμϐουλεύοντες
2630 586 2771 641 αὐτὰ
2807 587 3079 657 λέγωμεν,
3123 586 3210 640 [va
3251 590 3327 657 μὴ

1747 673 2149 744 φορτικώτερος
2170 673 2397 744 γένηται
2419 674 2449 727 0
2480 674 2661 742 λόγος,
2690 672 2805 725 ἀλλ’
2840 671 2913 733 ὡς
2935 672 2992 724 ἐν
3036 670 3187 736 τάξει
3246 670 3329 723 δι-

1747 757 2053 826 ηγήματος
2080 757 2172 809 καὶ
2197 755 2258 820 ἐξ
2286 756 2479 826 ἐτέρας
2501 752 2818 818 ἀκολουθίας
2839 751 3042 823 ἐπὶτὴν
3074 752 3332 821 τοιαύτην

1748 840 1835 893 ἀεὶ
1862 839 2169 909 βαδίζωμεν
2188 840 2291 911 τὴν
2327 839 2586 904 διάλεξιν,
2617 839 2713 893 καὶ
2743 836 2984 908 συνεχῶς
3022 836 3219 897 αὐτοὺς
3250 836 3329 898 εἰς

1746 921 1920 975 ταῦτα
1982 922 2346 993 ὲμϐάλλωμεν
2382 922 2451 976 τά
2504 922 2864 993 διηγήματα,
2927 919 3094 990 μηδὲν
3137 917 3329 986 ἕτερον

1750 1004 2162 1076 συγχωροῦντες
2215 1005 2429 1068 λαλεῖν,
2470 1004 2504 1076 ἢ
2541 1004 2747 1057 ταῦτα’
2794 1002 2974 1072 πῶςή
3027 1000 3119 1054 τοῦ
3159 999 3330 1061 δεῖνος

1747 1089 1895 1142 οἰκία
1934 1088 2163 1162 λαμπρά
2197 1089 2292 1141 καὶ
2343 1087 2649 1160 περιφανὴς
2683 1082 2817 1140 οὖσα
2860 1086 3131 1140 κατέπεσε
3154 1101 3167 1114 ·
3214 1081 3331 1145 πῶς

1749 1170 1923 1234 οῦτως
1960 1172 2168 1243 ἔρημός
2200 1172 2229 1212 ι)
2260 1174 2427 1236 ἐστιν,
2468 1172 2542 1235 ὡς
2567 1174 2649 1233 εἰς
2686 1171 2893 1242 ἐτέρων
2939 1169 3112 1222 ἐλθεῖν
3144 1170 3331 1237 χεῖρας

1750 1254 1819 1307 τά
1843 1256 1901 1306 ἐν
1924 1256 2060 1325 αὐτῇ
2104 1256 2313 1309 πάντα·
2369 1255 2510 1308 πόσα
2555 1254 2887 1326 δικαστήρια
2919 1252 3042 1305 καθ’
3092 1250 3331 1318 έκάστην

1750 1336 1965 1407 ἡμέραν
2019 1337 2161 1408 ὑπὲρ
2206 1337 2414 1407 ταύτης
2464 1337 2750 1390 συνίστατο
2786 1338 2885 1407 τῆς
2932 1335 3141 1398 οὐσίας,
3191 1334 3334 1386 πόσα

1751 1419 2059 1491 πράγματα
2079 1434 2094 1450 ·
2132 1420 2290 1475 πόσοι
2310 1420 2421 1474 τῶν
2449 1420 2676 1474 οἰκετῶν
2699 1420 2931 1484 ἐκείνου,
2958 1419 3008 1471 οἱ
3043 1418 3140 1488 μὲν
3171 1418 3332 1468 ἐπαι-

1750 1503 1995 1569 τοῦντες,
2031 1504 2081 1557 οἰ
2111 1503 2170 1556 δὲ
2194 1503 2255 1557 τὸ
2283 1504 2659 1575 δεσμωτήριον
2701 1503 2979 1567 οἰκοῦντες
3025 1500 3295 1555 ἀπέθανον
3315 1516 3330 1531 ο

1752 1588 1848 1641 καὶ
1875 1587 2051 1641 ταῦτα
2073 1588 2252 1642 πάντα
2279 1587 2355 1651 ὼς
2395 1585 2679 1651 ἐλεοῦντες
2710 1587 2801 1641 τὸν
2830 1585 3134 1640 ἀπελθόντα
3164 1583 3336 1651 λέγω·

1756 1687 1874 1742 μεν,
1903 1670 1997 1724 καλ⁵
2028 1668 2105 1733 ὡς
2130 1669 2200 1723 τά
2238 1669 2487 1741 παρόντα
2513 1670 2959 1737 ἐξευτελίζοντες,
3008 1669 3094 1721 ἴνα
3134 1664 3226 1720 καὶ
3256 1662 3335 1734 τῷ

1754 1753 1906 1824 φόϐῳ
1936 1752 2030 1807 καὶ
2067 1752 2146 1823 τῷ
2183 1752 2320 1824 ἐλέῳ
2369 1752 2848 1823 καταμαλάξωμεν
2878 1752 2976 1823 τὴν
3015 1749 3202 1820 ἀπηνῆ
3227 1748 3337 1801 διά-

1754 1853 1903 1891 νοιαν
1923 1854 1938 1867 ο
1972 1837 2065 1889 καὶ
2097 1836 2228 1889 ὅταν
2251 1834 2617 1900 συσταλέντας
2652 1836 2853 1906 ἴδωμεν
2888 1838 3003 1898 τοῖς
3031 1834 3335 1904 διηγήμασι

1753 1918 1984 1983 τούτοις,
2028 1918 2152 1971 τότε
2192 1917 2379 1972 λοιπὸν
2412 1918 2597 1981 αὐτοῖς
2644 1920 2740 1971 καὶ
2764 1919 2856 1971 τὸν
2886 1918 3013 1988 περί
3044 1916 3144 1987 τῆς
3184 1909 3358 1984 γεέν-’

1757 2021 1854 2074 νης
1884 2004 2267 2073 ἐπεισάγωμεν
2312 2002 2494 2072 λόγον,
2537 2002 2611 2073 μὴ
2652 2002 2727 2061 ὡς
2759 2000 2984 2065 τούτους
3022 1999 3334 2070 φοϐοῦντες,

1754 2088 1869 2142 ἀλλ’
1902 2087 1977 2151 ὼς
2006 2087 2225 2158 ἑτέρους
2256 2086 2563 2158 ἐλεοῦντες·
2596 2088 2690 2140 καὶ
2718 2086 2990 2156 λέγωμεν·
3022 2084 3133 2137 Kal
3151 2084 3203 2137 τί
3229 2082 3337 2155 χρὴ

1754 2172 1937 2241 λέγειν
1964 2171 2034 2224 τὰ
2066 2169 2342 2241 παρόντας
2375 2169 2499 2223 οὐδὲ
2528 2170 2639 2241 1&9
2672 2170 2837 2241 μέχρι
2886 2168 3091 2222 τούτων
3134 2167 3337 2237 ἕστηκε

1754 2257 1825 2311 τά
1842 2256 2012 2328 ήμέτε
2024 2273 2112 2326 ρα,
2138 2254 2277 2308 ἀλλά
2302 2254 2664 2327 χαλεπωτέρα
2705 2254 2916 2319 δέξεται
2958 2253 3179 2315 κόλασις
3210 2253 3337 2313 τοὺς

1754 2340 2051 2404 τοιούτους,
2088 2340 2181 2392 καὶ
2208 2338 2453 2409 ποταμὸς
2473 2339 2647 2409 πυρὸς
2678 2337 2795 2410 [96]
2818 2338 2912 2391 καί
2942 2335 3156 2406 σκώληξ
3194 2334 3336 2388 ἰοϐό-

1756 2424 1848 2487 λος
1874 2424 1971 2477 καὶ
2006 2422 2195 2486 σκότος
2229 2420 2591 2492 ἀτελεύτητον
2637 2421 2732 2475 καὶ
2767 2420 3021 2475 ἀθάνατοι
3064 2419 3333 2481 κολάσεις.

1758 2508 1855 2561 Ἂν
1892 2505 2108 2570 τούτοις
2162 2506 2362 2568 αὐτοὺς
2407 2505 2807 2575 κατεπᾴδωμεν
2863 2506 2975 2568 τοῖς
3010 2503 3334 2574 διηγήμασι,

1757 2592 1852 2645 καὶ
1880 2592 2027 2662 ἡμᾶς
2074 2590 2274 2653 αὐτοὺς
2326 2589 2616 2653 κάκείνους
2672 2588 3041 2661 διορθώσομεν
3066 2630 3080 2653 ,
3112 2588 3210 2642 καὶ
3238 2588 3339 2656 τῆς

1757 2673 2068 2747 ἀρρωστίας
2098 2666 2311 2743 ταχέως
2344 2672 2751 2743 ἀπαλλάξομεν,
2774 2673 2869 2726 καὶ
2902 2672 3047 2727 κατά
3078 2670 3339 2743 τήνήμέ-

1760 2776 1862 2830 ραν
1891 2756 2107 2827 ἐκείνην
2136 2754 2430 2826 ἐπαινέτην
2471 2755 2563 2809 τὸν
2594 2756 2727 2808 Θεὸν
2766 2755 2982 2825 ἕξομεν,
3017 2753 3270 2824 καθάπερ
3310 2763 3334 2791 ο

1759 2841 1856 2896 καὶ
1879 2843 1908 2895 0
1949 2839 2161 2901 Παῦλός
2212 2854 2379 2909 φησι’
2403 2838 2514 2894 Καὶ
2554 2838 2689 2892 τότε
2722 2842 2755 2892 ό
2793 2840 3039 2905 ἔπαινος
3075 2838 3338 2892 ἑκάστου

1760 2924 2081 2996 γενήσεται
2113 2921 2232 2976 ἀπὸ
2254 2922 2362 2977 τοῦ
2398 2922 2567 2977 Θεοῦ.
2610 2922 2666 2976 ’0
2691 2923 2790 2992 μὲν
2816 2925 2927 2992 1&9
2962 2923 3110 2995 παρά
3130 2921 3340 2994 ἀνθρὼ-

1762 3026 1886 3072 ποις
1916 3008 2011 3061 καὶ
2037 3006 2252 3079 διαρρεῖ
2277 3006 2372 3059 καὶ
2393 3005 2543 3058 ἐστιν
2563 3006 2653 3058 ὅτε
2687 3006 2789 3059 οὐκ
2824 3007 2933 3060 ἀπὸ
2972 3006 3181 3075 ἀγαθῆς
3211 3004 3340 3057 πολε

1759 3092 1918 3155 λάκις
1949 3090 2158 3160 γίνεται
2186 3089 2425 3152 διανοίας
2446 3104 2462 3119 ·
2488 3090 2517 3142 0
2543 3088 2599 3142 δὲ
2627 3090 2781 3156 παρά
2817 3087 2912 3143 τοῦ
2949 3088 3085 3142 Θεοῦ
3116 3090 3209 3142 καὶ
3240 3088 3339 3159 μέμ

1759 3194 1841 3232 νει
1876 3175 2140 3247 διηνεκῶς
2170 3174 2266 3229 κιιί⁵
2292 3172 2592 3243 διαλάμπει
2618 3173 2827 3243 σαφῶς.
2867 3174 3037 3228 Ὅταν
3076 3175 3186 3246 γὰρ
3217 3177 3246 3227 ὁ
3273 3173 3349 3227 τά

1759 3263 1939 3318 πάντα
1979 3258 2139 3323 εἰδὼς
2183 3260 2316 3330 πρὶν
2366 3257 2657 3326 γενέσεως,
2712 3258 2808 3312 καὶ
2843 3259 3049 3323 πάθους
3080 3259 3237 3323 ἐκ.ὸς
3264 3258 3341 3313 ῶν

1759 3347 1981 3417 ἐπαινῇ,
2010 3344 2137 3398 τότε
2164 3342 2259 3397 καὶ
2284 3341 2771 3413 ἀναμφισϐήτητός
2799 3343 2916 3396 ἐστι
2942 3346 3041 3407 τῆς
3075 3344 3276 3414 ἀρετῆς
3306 3344 3351 3415 ή,

1758 3428 2052 3494 ἀπόδειξις.
2094 3426 2281 3480 Ταῦτα
2317 3422 2410 3480 οὖν
2448 3425 2673 3489 εἰδότες,
2723 3425 2950 3481 τοιαῦτα
3010 3428 3350 3499 πράττωμεν

1758 3514 1834 3579 ὡς
1874 3512 2033 3584 παρὰ
2054 3509 2150 3564 τοῦ
2182 3508 2319 3564 Θεοῦ
2356 3508 2720 3574 ἐπαινεῖσθαι,
2764 3510 2859 3565 καὶ
2904 3510 3012 3564 τῶν
3063 3511 3345 3581 μεγίστων

1757 3600 1943 3670 τυχεῖν
1968 3594 2221 3667 ἀγαθῶν·
2254 3588 2330 3649 ῶν
2359 3594 2571 3663 γένοιτο
2618 3594 2825 3659 πάντας
2854 3596 3002 3667 ήμᾶς
3038 3597 3343 3667 ἐπιτυχεῖν,

1760 3683 1945 3753 χάριτι
1996 3680 2093 3734 καὶ
2126 3678 2511 3751 φιλανθρωπίᾳ
2552 3677 2647 3731 τοῦ
2695 3678 2902 3750 Κυρίου
2948 3680 3105 3751 ήμῶν
3163 3682 3351 3753 Ἰησοῦ

1759 3764 2021 3837 Χριστοῦ,
2052 3763 2172 3836 μεθ’
2194 3756 2257 3817 οῦ
2285 3762 2364 3834 τῷ
2393 3763 2589 3835 Πατρὶ,
2622 3764 2739 3833 ἀμα
2764 3763 2842 3835 τῷ
2869 3764 3008 3836 ἁγίῳ
3036 3765 3351 3837 Πνεύματι,

1757 3849 1906 3914 δόξα,
1939 3849 2163 3919 κράτος,
2190 3845 2345 3918 τιμὴ,
2375 3846 2471 3902 νῦν
2494 3848 2594 3901 καὶ
2618 3847 2729 3913 ἀεὶ,
2756 3849 2850 3904 καὶ
2873 3850 2953 3913 εἰς
2978 3849 3106 3913 τοὺς
3139 3850 3353 3914 αἰῶνας

1757 3933 1867 3987 τῶν
1899 3933 2133 3987 αἰώνων.
2186 3931 2384 4003 Ἀμήν.

1821 4118 2188 4184 ἰαΜοιιριηίπῶς
2212 4119 2417 4184 ἔρημος,
2435 4118 2617 4184 omisso
2638 4119 2806 4184 οὕτως.
2894 4122 2918 4153 ο
2959 4119 3133 4171 Morel.
3143 4157 3159 4184 ,
3184 4124 3346 4173 ἀποιὶρ

1758 4182 1977 4244 λάξομεν,
1997 4180 2447 4245 καθάπερ,“οωὶεεὶε
2472 4180 2801 4244 interpositis.

1561 4487 1805 4542 OMIAIA
1842 4486 1943 4542 IB'.

72 4588 405 4670 Ταϋτᾳρἐ,
428 4588 714 4670 ᾀδελξοί,
743 4597 1240 4670 μετεσχημάτισα
1264 4602 1352 4667 εἰς
1384 4601 1647 4670 ἐμαυτὸν

130 4662 234 4743 χαί
267 4660 563 4743 ’Ἀπαμὼο
578 4662 651 4716 δι’
687 4660 863 4732 ὑμᾶς,
900 4660 1097 4743 ἵὼῖιίέγ
1126 4669 1271 4739 ἡμῖν
1294 4660 1545 4743 ιὶάθήτε,
1578 4674 1647 4729 τὸ

126 4730 215 4801 μὴ
252 4731 409 4800 ὑπὲρ
439 4730 470 4783 ὃ
499 4730 829 4803 τέποαπται
861 4738 1128 4806 φρονεῖν.

129 4842 197 4889 α’.
240 4838 391 4901 Ἕως
416 4837 517 4907 μὲν
552 4839 700 4911 αύτῷ
732 4854 759 4882 ιι
789 4842 899 4896 τῶν
922 4845 1195 4917 φορτικῶν
1229 4846 1337 4902 ἔδει
1369 4849 1653 4921 ῥημάτων,

63 4922 163 4977 οὐκ
177 4923 503 4995 ἀπεκάλυψε
517 4926 616 4995 τὴν
652 4928 876 4999 σκηνὴν,
892 4930 1009 4983 ἀλλ’
1036 4930 1111 4993 ὠς
1132 4932 1294 4997 αὐτὸς
1314 4932 1389 4987 ὢν
1419 4938 1447 4988 0
1480 4935 1656 4991 ταῦτα

64 5004 305 5066 ἀκούων,
330 5005 477 5059 οῦτω
497 5006 789 5078 διελέγετο,
814 5011 901 5065 ἵνα
928 5011 990 5065 τὸ
1012 5013 1231 5085 ἀξίωμα
1256 5016 1366 5070 τῶν
1393 5019 1655 5087 ἐγκαλου-

68 5088 244 5154 μένων
300 5089 612 5160 προσώπων
644 5095 757 5157 τοῖς
802 5096 1126 5164 ἐγκαλοῦσιν
1164 5101 1507 5166 άντιπίπτον,
1543 5103 1653 5157 ἀπὸ

64 5171 171 5258 τῶν
212 5173 587 5258 ἐγκλημάτων
629 5178 711 5241 εἰς
738 5180 910 5250 ὀργὴν
945 5179 1293 5254 ἐξενεχθῆναι
1331 5185 1407 5255 μὴ
1440 5203 1651 5258 συγχω-

67 5257 204 5326 Ρῆδῃ
228 5272 243 5285 ⁸
280 5257 471 5339 ἐπειδὴ
501 5258 557 5312 δὲ
590 5261 802 5315 ἀνεῖναι
834 5262 1021 5317 λοιπὸν
1052 5266 1181 5331 ἔδει,
1211 5268 1332 5321 τότε
1358 5257 1651 5339 ἀπαμφιά-

67 5356 158 5399 σας
192 5338 355 5403 αὐτὸ,
401 5345 498 5395 καί⁵
545 5343 607 5397 τό
656 5351 1002 5418 προσωπεῖον
1049 5350 1268 5421 ἀπάρας
1291 5351 1339 5417 δ,
1375 5338 1544 5421 ἔδειξε
1583 5355 1652 5409 τά

64 5425 421 5495 κρυπτόμενα
446 5427 714 5497 πρόσωπα
741 5430 799 5483 ἐν
822 5434 888 5503 τῇ
909 5432 1004 5485 τοῦ
1032 5433 1245 5488 Παύλου
1274 5437 1367 5490 καὶ
1408 5437 1651 5491 Ἀπολλὼ

64 5510 428 5582 προσηγορίᾳ.
452 5512 544 5565 Διό
569 5514 664 5567 καὶ
690 5514 868 5583 ἔλεγε·
902 5517 1093 5571 Ταῦτα
1120 5519 1208 5586 δὲ,
1242 5520 1478 5591 ἀδελφοὶ,
1508 5542 1648 5593 μετ-

63 5592 447 5660 εσχημάτισα
468 5599 558 5662 εἰς
578 5597 843 5667 ἐμαυτὸν
871 5601 967 5653 καί
1010 5602 1303 5658 Ἀπολλώ.
1341 5607 1451 5660 Kal
1480 5592 1650 5661 καθά-

65 5690 167 5760 περ
212 5678 311 5730 ἐπὶ
358 5679 467 5733 τῶν
512 5683 851 5753 καμνόντων,
891 5684 1022 5738 ὃταν
1058 5685 1288 5760 λακτίζῃ
1327 5690 1389 5743 τὸ
1434 5693 1648 5746 παιδίον

64 5755 121 5809 τό
157 5760 484 5831 ἀῤῥωστοῦν
532 5765 624 5818 καὶ
661 5766 1073 5838 ἀποστρέφηται
1118 5770 1188 5824 τὰ
1224 5755 1647 5848 προσφερόμενα

144 5886 171 5915 ⁸
194 5878 460 5937 ιίαεὺαιιιν
506 5884 679 5934 αὐτῶν.
766 5882 792 5925 ιο
818 5884 923 5947 Reg
951 5921 961 5945 ,
994 5886 1184 5951 ἐπάρας.

1757 4606 1902 4660 σιτία
1950 4604 2102 4677 παρά
2138 4603 2249 4657 τῶν
2301 4604 2522 4675 ἰατρῶν,
2567 4603 2660 4657 τὸν
2704 4604 2915 4676 πατέρα
2956 4605 2997 4677 ἢ
3049 4605 3140 4659 τὸν
3178 4610 3351 4663 παιδέ

1757 4688 1974 4756 αγωγὸν
2006 4688 2334 4750 καλέσαντες
2359 4688 2406 4742 οἰ
2442 4687 2915 4759 προσεδρεύοντες,
2937 4690 3086 4759 παρά
3116 4689 3222 4744 τῶν
3242 4692 3349 4747 τοῦ

1760 4772 1946 4844 ἰατροῦ
1971 4771 2170 4844 χειρῶν
2200 4771 2467 4835 λαϐόντας
2494 4772 2561 4826 τά
2589 4772 2735 4826 σιτία
2752 4772 3049 4843 προσάγειν
3084 4775 3340 4830 κελεύου-

1758 4873 1865 4920 σιν,
1904 4856 2045 4910 ὥστε
2071 4859 2136 4910 ἐκ
2160 4856 2254 4909 τοῦ
2290 4855 2453 4925 φόϐου
2495 4854 2589 4909 τοῦ
2618 4854 2755 4926 πρὸς
2797 4856 3037 4920 ἐκείνους
3080 4858 3351 4926 δέξασθαι

1756 4942 1851 4996 καὶ
1884 4942 2154 5012 ήσυχάσαι
2171 4956 2185 4972 ο
2211 4940 2354 4994 οὕτω
2383 4940 2474 4993 καὶ
2494 4938 2706 5001 Παῦλος
2730 4939 2940 5009 μέλλων
2969 4942 3109 5013 ὑπὲρ
3137 4945 3345 5018 ἐτέρων

1756 5025 2030 5095 ἐγκαλεῖν,
2063 5024 2172 5078 τῶν
2203 5024 2302 5095 μὲν
2330 5024 2405 5087 ὡς
2432 5023 2831 5094 ἀδικουμένων,
2859 5025 2966 5078 τῶν
2997 5026 3053 5080 δὲ
3084 5028 3160 5090 ὡς
3193 5032 3352 5104 πέρα

1754 5109 1849 5164 τοῦ
1888 5109 2089 5180 μέτρου
2140 5107 2491 5178 τιμωμένων,
2546 5106 2687 5160 αύτά
2741 5108 2841 5176 μὲν
2883 5109 2983 5163 οὑκ
3039 5111 3204 5184 ἔθηκε
3268 5117 3353 5169 τά;

1756 5195 2046 5264 πρόσωπα,
2090 5192 2185 5245 ἐπὶ
2231 5192 2289 5244 δὲ
2313 5190 2414 5262 τῆς
2442 5189 2637 5244 ἑαυτοῦ
2688 5194 3065 5264 προσηγορίας
3107 5197 3199 5250 καί
3234 5200 3347 5269 τῆς.

1767 5277 2012 5333 ’Δπολλὼ
2062 5276 2153 5330 τδν
2213 5274 2372 5343 λόγον
2436 5276 2811 5347 προσήγαγεν,
2876 5278 2965 5331 ἵνα
3023 5281 3345 5354 αἰδούμενοι

1752 5363 1977 5425 τούτους
2000 5361 2259 5428 δέξωνται
2278 5359 2378 5430 τὴν
2408 5359 2702 5430 θεραπείαν
2724 5376 2737 5391 °
2769 5361 2955 5433 ἐπειδὴ
2978 5362 3035 5415 δὲ
3061 5365 3335 5433 ἐδέξαντο,

1752 5447 1875 5500 τότε
1903 5445 2091 5499 λοιπὸν
2119 5442 2473 5513 ἀπεκάλυψεν
2505 5444 2646 5514 ὑπὲρ
2680 5438 2759 5496 ὧν
2788 5444 2959 5498 ταῦτα
2988 5446 3195 5516 ἔλεγεν.
3227 5445 3349 5504 Ἦν

1751 5533 1809 5586 δὲ
1850 5531 2024 5587 ταῦτα
2079 5532 2177 5601 οὐχ
2213 5529 2525 5601 ὑπόκρισις,
2585 5529 2724 5583 ἀλλά
2770 5533 3183 5599 συγκατάϐασις
3240 5540 3342 5591 καὶ⁸

1750 5615 2054 5685 οἰκονομία.
2094 5616 2155 5667 1Ξί
2185 5614 2294 5685 1&9
2326 5609 2448 5666 εἰπε
2484 5612 2760 5685 φανερῶς,
2789 5614 2870 5667 ὄτι
2890 5656 2895 5657 κ
2916 5614 3104 5685 Ὑμεῖς
3126 5617 3182 5670 δὲ
3205 5621 3339 5684 τοὺς

1752 5698 1953 5769 ἀνδρας
1988 5697 2202 5768 κρίνετε
2250 5697 2376 5760 τοὺς
2421 5697 2610 5765 ἁγίους
2662 5696 2754 5749 καὶ
2806 5697 3177 5767 θαυμαστοὺς,
3230 5701 3344 5755 κάν

1752 5782 2118 5853 ἐδυσχέραναν
2148 5782 2244 5836 καὶ
2276 5782 2639 5851 ἀπεπήδησαν
2661 5796 2674 5810 ·
2710 5779 2804 5835 νῦν
2847 5780 2903 5833 δὲ
2934 5782 3123 5835 εἰπών·
3167 5785 3330 5855 Ἐμοί

1752 5866 1817 5920 δὲ
1845 5873 1931 5934 εις
1959 5866 2286 5938 ἐλάχιστόν
2327 5865 2518 5933 ἐστιν,
2551 5865 2651 5919 ἵνα
2676 5866 2773 5934 ὑφ’
2803 5862 2968 5933 ὐμῶν
2991 5866 3324 5937 ἀνακριθῶο
