  <div class='ocr_page' id='page_1' title='image "/cluster/home/n/w/nwhite01/storage/ocr_20150623/61/hvd.32044019190461/104.png"; bbox 0 0 3838 6214; ppageno 0'>
   <div class='ocr_carea' id='block_1_1' title="bbox 76 246 3330 318">
    <p class='ocr_par' dir='ltr' id='par_1_1' title="bbox 76 246 3330 318">
     <span class='ocr_line' id='line_1_1' title="bbox 76 246 3330 318; baseline -0.004 -2"><span class='ocrx_word' id='word_1_1' title='bbox 76 262 128 316; x_wconf 68' lang='grc' dir='ltr'>ιτ</span> <span class='ocrx_word' id='word_1_2' title='bbox 1083 253 1147 309; x_wconf 78' lang='lat' dir='ltr'><strong><em>uv</em></strong></span> <span class='ocrx_word' id='word_1_3' title='bbox 1188 250 1401 308; x_wconf 81' lang='lat' dir='ltr'><strong><em>EPIST.</em></strong></span> <span class='ocrx_word' id='word_1_4' title='bbox 1444 250 1480 305; x_wconf 92' lang='lat' dir='ltr'><strong><em>l.</em></strong></span> <span class='ocrx_word' id='word_1_5' title='bbox 1536 248 1625 305; x_wconf 67' lang='lat' dir='ltr'><strong><em>an</em></strong></span> <span class='ocrx_word' id='word_1_6' title='bbox 1681 246 1831 304; x_wconf 84' lang='lat' dir='ltr'><strong><em>con.</em></strong></span> <span class='ocrx_word' id='word_1_7' title='bbox 1875 249 2105 306; x_wconf 77' lang='lat' dir='ltr'><strong><em>nontL.</em></strong></span> <span class='ocrx_word' id='word_1_8' title='bbox 2153 250 2263 306; x_wconf 84' lang='lat' dir='ltr'><strong><em>xu.</em></strong></span> <span class='ocrx_word' id='word_1_9' title='bbox 3260 260 3330 318; x_wconf 67' lang='grc' dir='ltr'>οε</span> 
     </span>
    </p>
   </div>
   <div class='ocr_carea' id='block_1_2' title="bbox 78 366 1637 437">
    <p class='ocr_par' dir='ltr' id='par_1_2' title="bbox 78 366 1637 437">
     <span class='ocr_line' id='line_1_2' title="bbox 78 366 1637 437; baseline -0.011 -1"><span class='ocrx_word' id='word_1_10' title='bbox 78 380 284 436; x_wconf 55' lang='lat' dir='ltr'><strong><em>tholum</em></strong></span> <span class='ocrx_word' id='word_1_11' title='bbox 314 387 367 434; x_wconf 88' lang='lat' dir='ltr'><strong><em>et</em></strong></span> <span class='ocrx_word' id='word_1_12' title='bbox 392 376 600 433; x_wconf 89' lang='lat' dir='ltr'><strong><em>socium</em></strong></span> <span class='ocrx_word' id='word_1_13' title='bbox 637 382 976 437; x_wconf 86' lang='lat' dir='ltr'><strong><em>reverentes,</em></strong></span> <span class='ocrx_word' id='word_1_14' title='bbox 1010 370 1165 426; x_wconf 79' lang='lat' dir='ltr'><strong><em>facile</em></strong></span> <span class='ocrx_word' id='word_1_15' title='bbox 1195 370 1524 423; x_wconf 84' lang='lat' dir='ltr'><strong><em>admiserunt</em></strong></span> <span class='ocrx_word' id='word_1_16' title='bbox 1555 366 1637 420; x_wconf 83' lang='lat' dir='ltr'><strong><em>in-</em></strong></span> 
     </span>
    </p>
   </div>
   <div class='ocr_carea' id='block_1_3' title="bbox 74 458 1641 540">
    <p class='ocr_par' dir='ltr' id='par_1_3' title="bbox 74 458 1641 540">
     <span class='ocr_line' id='line_1_3' title="bbox 74 458 1641 540; baseline -0.008 -15"><span class='ocrx_word' id='word_1_17' title='bbox 74 472 443 540; x_wconf 76' lang='lat' dir='ltr'><strong><em>rrepationem.</em></strong></span> <span class='ocrx_word' id='word_1_18' title='bbox 487 467 624 536; x_wconf 91' lang='lat' dir='ltr'><strong><em>Quid</em></strong></span> <span class='ocrx_word' id='word_1_19' title='bbox 666 474 846 520; x_wconf 86' lang='lat' dir='ltr'><strong><em>autem</em></strong></span> <span class='ocrx_word' id='word_1_20' title='bbox 896 464 997 518; x_wconf 90' lang='lat' dir='ltr'><strong>sibi</strong></span> <span class='ocrx_word' id='word_1_21' title='bbox 1027 462 1141 517; x_wconf 92' lang='lat' dir='ltr'><strong><em>vult</em></strong></span> <span class='ocrx_word' id='word_1_22' title='bbox 1183 461 1335 528; x_wconf 89' lang='lat' dir='ltr'><strong><em>illud,</em></strong></span> <span class='ocrx_word' id='word_1_23' title='bbox 1379 458 1500 514; x_wconf 84' lang='lat' dir='ltr'><strong><em>Non</em></strong></span> <span class='ocrx_word' id='word_1_24' title='bbox 1528 461 1641 528; x_wconf 79' lang='lat' dir='ltr'><strong><em>plus</em></strong></span> 
     </span>
    </p>
   </div>
   <div class='ocr_carea' id='block_1_4' title="bbox 83 552 1642 633">
    <p class='ocr_par' dir='ltr' id='par_1_4' title="bbox 83 552 1642 633">
     <span class='ocr_line' id='line_1_4' title="bbox 83 552 1642 633; baseline -0.006 -18"><span class='ocrx_word' id='word_1_25' title='bbox 83 581 212 633; x_wconf 77' lang='lat' dir='ltr'><strong><em>piam</em></strong></span> <span class='ocrx_word' id='word_1_26' title='bbox 240 563 485 631; x_wconf 83' lang='lat' dir='ltr'><strong><em>scriptum</em></strong></span> <span class='ocrx_word' id='word_1_27' title='bbox 524 570 597 614; x_wconf 89' lang='lat' dir='ltr'><strong><em>est</em></strong></span> <span class='ocrx_word' id='word_1_28' title='bbox 631 575 809 627; x_wconf 87' lang='lat' dir='ltr'><strong><em>sapere</em></strong></span> <span class='ocrx_word' id='word_1_29' title='bbox 829 558 855 611; x_wconf 87' lang='lat'><strong><em>?</em></strong></span> <span class='ocrx_word' id='word_1_30' title='bbox 889 556 1158 625; x_wconf 86' lang='lat' dir='ltr'><strong><em>Scriptum</em></strong></span> <span class='ocrx_word' id='word_1_31' title='bbox 1189 564 1272 609; x_wconf 86' lang='lat' dir='ltr'><strong><em>est</em></strong></span> <span class='ocrx_word' id='word_1_32' title='bbox 1299 573 1311 608; x_wconf 93' lang='lat'><strong>:</strong></span> <span class='ocrx_word' id='word_1_33' title='bbox 1344 552 1482 618; x_wconf 75' lang='lat' dir='ltr'><strong><em>Quid</em></strong></span> <span class='ocrx_word' id='word_1_34' title='bbox 1505 552 1642 605; x_wconf 82' lang='lat' dir='ltr'><strong><em>uides</em></strong></span> 
     </span>
    </p>
   </div>
   <div class='ocr_carea' id='block_1_5' title="bbox 74 644 1644 723">
    <p class='ocr_par' dir='ltr' id='par_1_5' title="bbox 74 644 1644 723">
     <span class='ocr_line' id='line_1_5' title="bbox 74 644 1644 723; baseline -0.007 -16"><span class='ocrx_word' id='word_1_35' title='bbox 74 666 302 723; x_wconf 67' lang='lat' dir='ltr'><strong><em>truncam</em></strong></span> <span class='ocrx_word' id='word_1_36' title='bbox 333 654 383 706; x_wconf 89' lang='lat' dir='ltr'><strong><em>iu</em></strong></span> <span class='ocrx_word' id='word_1_37' title='bbox 426 650 575 705; x_wconf 81' lang='lat' dir='ltr'><strong><em>oculo</em></strong></span> <span class='ocrx_word' id='word_1_38' title='bbox 613 650 788 718; x_wconf 85' lang='lat' dir='ltr'><strong><em>fratris</em></strong></span> <span class='ocrx_word' id='word_1_39' title='bbox 827 649 947 712; x_wconf 90' lang='lat' dir='ltr'><strong><em>tui;</em></strong></span> <span class='ocrx_word' id='word_1_40' title='bbox 986 646 1175 700; x_wconf 87' lang='lat' dir='ltr'><strong><em>trabem</em></strong></span> <span class='ocrx_word' id='word_1_41' title='bbox 1205 656 1390 709; x_wconf 87' lang='lat' dir='ltr'><strong><em>autem,</em></strong></span> <span class='ocrx_word' id='word_1_42' title='bbox 1434 660 1548 713; x_wconf 68' lang='lat' dir='ltr'><strong><em>qua:</em></strong></span> <span class='ocrx_word' id='word_1_43' title='bbox 1590 644 1644 697; x_wconf 86' lang='lat' dir='ltr'><strong><em>in</em></strong></span> 
     </span>
    </p>
   </div>
   <div class='ocr_carea' id='block_1_6' title="bbox 72 736 1643 809">
    <p class='ocr_par' dir='ltr' id='par_1_6' title="bbox 72 736 1643 809">
     <span class='ocr_line' id='line_1_6' title="bbox 72 736 1643 809; baseline -0.008 -9"><span class='ocrx_word' id='word_1_44' title='bbox 72 749 206 800; x_wconf 78' lang='lat' dir='ltr'><strong><em>orqu</em></strong></span> <span class='ocrx_word' id='word_1_45' title='bbox 248 755 332 798; x_wconf 89' lang='lat' dir='ltr'><strong><em>tuo</em></strong></span> <span class='ocrx_word' id='word_1_46' title='bbox 374 754 474 808; x_wconf 83' lang='lat' dir='ltr'><strong><em>est,</em></strong></span> <span class='ocrx_word' id='word_1_47' title='bbox 517 759 618 797; x_wconf 86' lang='lat' dir='ltr'><strong><em>non</em></strong></span> <span class='ocrx_word' id='word_1_48' title='bbox 659 740 950 795; x_wconf 71' lang='lat' dir='ltr'><strong><em>consideras</em></strong></span> <span class='ocrx_word' id='word_1_49' title='bbox 989 738 1201 809; x_wconf 78' lang='lat' dir='ltr'><strong><em>(Matth.</em></strong></span> <span class='ocrx_word' id='word_1_50' title='bbox 1248 739 1299 792; x_wconf 81' lang='lat'><strong><em>7.</em></strong></span> <span class='ocrx_word' id='word_1_51' title='bbox 1343 738 1396 791; x_wconf 87' lang='grc'><strong><em>’5.</em></strong></span> <span class='ocrx_word' id='word_1_52' title='bbox 1428 736 1527 806; x_wconf 70' lang='grc' dir='ltr'><strong><em>υἳ</em></strong></span> <span class='ocrx_word' id='word_1_53' title='bbox 1554 744 1643 801; x_wconf 88' lang='lat' dir='ltr'><strong><em>et,</em></strong></span> 
     </span>
    </p>
   </div>
   <div class='ocr_carea' id='block_1_7' title="bbox 74 828 1645 906">
    <p class='ocr_par' dir='ltr' id='par_1_7' title="bbox 74 828 1645 906">
     <span class='ocr_line' id='line_1_7' title="bbox 74 828 1645 906; baseline -0.008 -15"><span class='ocrx_word' id='word_1_54' title='bbox 74 836 241 891; x_wconf 77' lang='lat' dir='ltr'><strong><em>Nolite</em></strong></span> <span class='ocrx_word' id='word_1_55' title='bbox 257 836 525 906; x_wconf 75' lang='lat' dir='ltr'><strong><em>judicare,</em></strong></span> <span class='ocrx_word' id='word_1_56' title='bbox 557 841 612 886; x_wconf 86' lang='lat' dir='ltr'><strong><em>ut</em></strong></span> <span class='ocrx_word' id='word_1_57' title='bbox 652 849 753 886; x_wconf 87' lang='lat' dir='ltr'><strong><em>non</em></strong></span> <span class='ocrx_word' id='word_1_58' title='bbox 773 830 1092 902; x_wconf 84' lang='lat' dir='ltr'><strong><em>judicomini.</em></strong></span> <span class='ocrx_word' id='word_1_59' title='bbox 1126 829 1259 884; x_wconf 86' lang='lat' dir='ltr'><strong><em>Nam</em></strong></span> <span class='ocrx_word' id='word_1_60' title='bbox 1287 828 1329 883; x_wconf 97' lang='lat' dir='ltr'><strong>si</strong></span> <span class='ocrx_word' id='word_1_61' title='bbox 1360 844 1522 882; x_wconf 86' lang='lat' dir='ltr'><strong><em>unum</em></strong></span> <span class='ocrx_word' id='word_1_62' title='bbox 1549 843 1645 881; x_wconf 88' lang='lat' dir='ltr'><strong><em>su-</em></strong></span> 
     </span>
    </p>
   </div>
   <div class='ocr_carea' id='block_1_8' title="bbox 72 920 1647 997">
    <p class='ocr_par' dir='ltr' id='par_1_8' title="bbox 72 920 1647 997">
     <span class='ocr_line' id='line_1_8' title="bbox 72 920 1647 997; baseline -0.007 -13"><span class='ocrx_word' id='word_1_63' title='bbox 72 948 179 985; x_wconf 88' lang='lat' dir='ltr'><strong><em>mus</em></strong></span> <span class='ocrx_word' id='word_1_64' title='bbox 208 940 261 984; x_wconf 88' lang='lat' dir='ltr'><strong><em>et</em></strong></span> <span class='ocrx_word' id='word_1_65' title='bbox 293 944 392 983; x_wconf 86' lang='lat' dir='ltr'><strong><em>una</em></strong></span> <span class='ocrx_word' id='word_1_66' title='bbox 423 926 679 997; x_wconf 74' lang='lat' dir='ltr'><strong><em>colligati,</em></strong></span> <span class='ocrx_word' id='word_1_67' title='bbox 712 940 817 979; x_wconf 92' lang='lat' dir='ltr'><strong><em>non</em></strong></span> <span class='ocrx_word' id='word_1_68' title='bbox 846 932 1057 993; x_wconf 81' lang='lat' dir='ltr'><strong><em>oportet</em></strong></span> <span class='ocrx_word' id='word_1_69' title='bbox 1083 932 1270 977; x_wconf 83' lang='lat' dir='ltr'><strong><em>contra</em></strong></span> <span class='ocrx_word' id='word_1_70' title='bbox 1300 936 1397 976; x_wconf 90' lang='lat' dir='ltr'><strong><em>nos</em></strong></span> <span class='ocrx_word' id='word_1_71' title='bbox 1420 920 1647 974; x_wconf 84' lang='lat' dir='ltr'><strong>invicem</strong></span> 
     </span>
    </p>
   </div>
   <div class='ocr_carea' id='block_1_9' title="bbox 73 1013 1650 1091">
    <p class='ocr_par' dir='ltr' id='par_1_9' title="bbox 73 1013 1650 1091">
     <span class='ocr_line' id='line_1_9' title="bbox 73 1013 1650 1091; baseline -0.007 -15"><span class='ocrx_word' id='word_1_72' title='bbox 73 1025 359 1091; x_wconf 57' lang='lat' dir='ltr'><strong><em>insurgere.</em></strong></span> <span class='ocrx_word' id='word_1_73' title='bbox 393 1019 491 1086; x_wconf 85' lang='lat' dir='ltr'><strong><em>Qui</em></strong></span> <span class='ocrx_word' id='word_1_74' title='bbox 528 1019 659 1073; x_wconf 85' lang='lat' dir='ltr'><strong><em>enim</em></strong></span> <span class='ocrx_word' id='word_1_75' title='bbox 696 1034 749 1072; x_wconf 87' lang='lat' dir='ltr'><strong><em>se</em></strong></span> <span class='ocrx_word' id='word_1_76' title='bbox 778 1016 1047 1082; x_wconf 85' lang='lat' dir='ltr'><strong><em>humiliat,</em></strong></span> <span class='ocrx_word' id='word_1_77' title='bbox 1095 1014 1300 1086; x_wconf 89' lang='lat' dir='ltr'><strong><em>inquit,</em></strong></span> <span class='ocrx_word' id='word_1_78' title='bbox 1348 1013 1650 1067; x_wconf 72' lang='lat' dir='ltr'><strong><em>exaltabitur</em></strong></span> 
     </span>
    </p>
   </div>
   <div class='ocr_carea' id='block_1_10' title="bbox 72 1102 1649 1181">
    <p class='ocr_par' dir='ltr' id='par_1_10' title="bbox 72 1102 1649 1181">
     <span class='ocr_line' id='line_1_10' title="bbox 72 1102 1649 1181; baseline -0.006 -16"><span class='ocrx_word' id='word_1_79' title='bbox 72 1111 279 1181; x_wconf 68' lang='lat' dir='ltr'><strong><em>(ilauh.</em></strong></span> <span class='ocrx_word' id='word_1_80' title='bbox 308 1111 396 1167; x_wconf 70' lang='grc'><strong><em>25.</em></strong></span> <span class='ocrx_word' id='word_1_81' title='bbox 430 1109 555 1181; x_wconf 76' lang='grc'><strong><em>19.);</em></strong></span> <span class='ocrx_word' id='word_1_82' title='bbox 585 1118 660 1172; x_wconf 89' lang='lat' dir='ltr'><strong><em>et,</em></strong></span> <span class='ocrx_word' id='word_1_83' title='bbox 696 1106 796 1173; x_wconf 75' lang='lat' dir='ltr'><strong><em>Qui</em></strong></span> <span class='ocrx_word' id='word_1_84' title='bbox 822 1108 927 1160; x_wconf 77' lang='lat' dir='ltr'><strong><em>vult</em></strong></span> <span class='ocrx_word' id='word_1_85' title='bbox 952 1106 1147 1177; x_wconf 85' lang='lat' dir='ltr'><strong><em>primus</em></strong></span> <span class='ocrx_word' id='word_1_86' title='bbox 1172 1121 1278 1158; x_wconf 87' lang='lat' dir='ltr'><strong><em>esse</em></strong></span> <span class='ocrx_word' id='word_1_87' title='bbox 1302 1104 1550 1168; x_wconf 82' lang='lat' dir='ltr'><strong><em>omnium,</em></strong></span> <span class='ocrx_word' id='word_1_88' title='bbox 1583 1102 1649 1156; x_wconf 90' lang='lat' dir='ltr'><strong><em>sit</em></strong></span> 
     </span>
    </p>
   </div>
   <div class='ocr_carea' id='block_1_11' title="bbox 72 1197 1651 1272">
    <p class='ocr_par' dir='ltr' id='par_1_11' title="bbox 72 1197 1651 1272">
     <span class='ocr_line' id='line_1_11' title="bbox 72 1197 1651 1272; baseline -0.006 -14"><span class='ocrx_word' id='word_1_89' title='bbox 72 1204 292 1258; x_wconf 81' lang='lat' dir='ltr'><strong><em>omnium</em></strong></span> <span class='ocrx_word' id='word_1_90' title='bbox 335 1203 564 1255; x_wconf 78' lang='lat' dir='ltr'><strong><em>minister</em></strong></span> <span class='ocrx_word' id='word_1_91' title='bbox 593 1199 787 1272; x_wconf 80' lang='lat' dir='ltr'><strong><em>(Marc.</em></strong></span> <span class='ocrx_word' id='word_1_92' title='bbox 830 1198 916 1254; x_wconf 78' lang='grc'><strong><em>10.</em></strong></span> <span class='ocrx_word' id='word_1_93' title='bbox 966 1199 1079 1271; x_wconf 73' lang='grc'><strong><em>43).</em></strong></span> <span class='ocrx_word' id='word_1_94' title='bbox 1114 1197 1239 1252; x_wconf 70' lang='grc' dir='ltr'><strong><em>11ωο</em></strong></span> <span class='ocrx_word' id='word_1_95' title='bbox 1278 1204 1403 1252; x_wconf 82' lang='lat' dir='ltr'><strong><em>sunt</em></strong></span> <span class='ocrx_word' id='word_1_96' title='bbox 1442 1211 1503 1251; x_wconf 84' lang='lat' dir='ltr'><strong><em>ea</em></strong></span> <span class='ocrx_word' id='word_1_97' title='bbox 1532 1210 1651 1265; x_wconf 77' lang='lat' dir='ltr'><strong><em>qute</em></strong></span> 
     </span>
    </p>
   </div>
   <div class='ocr_carea' id='block_1_12' title="bbox 72 1289 1651 1367">
    <p class='ocr_par' dir='ltr' id='par_1_12' title="bbox 72 1289 1651 1367">
     <span class='ocr_line' id='line_1_12' title="bbox 72 1289 1651 1367; baseline -0.006 -15"><span class='ocrx_word' id='word_1_98' title='bbox 72 1298 268 1367; x_wconf 86' lang='lat' dir='ltr'><strong><em>scripta</em></strong></span> <span class='ocrx_word' id='word_1_99' title='bbox 298 1304 442 1351; x_wconf 89' lang='lat' dir='ltr'><strong><em>sunt.</em></strong></span> <span class='ocrx_word' id='word_1_100' title='bbox 477 1292 531 1347; x_wconf 83' lang='grc' dir='ltr'><strong><em>Ν</em></strong></span> <span class='ocrx_word' id='word_1_101' title='bbox 535 1311 561 1348; x_wconf 87' lang='lat' dir='ltr'><strong><em>e</em></strong></span> <span class='ocrx_word' id='word_1_102' title='bbox 599 1310 731 1348; x_wconf 73' lang='lat' dir='ltr'><strong><em>unus</em></strong></span> <span class='ocrx_word' id='word_1_103' title='bbox 776 1310 869 1364; x_wconf 83' lang='lat' dir='ltr'><strong><em>pro</em></strong></span> <span class='ocrx_word' id='word_1_104' title='bbox 897 1309 998 1346; x_wconf 79' lang='lat' dir='ltr'><strong><em>uno</em></strong></span> <span class='ocrx_word' id='word_1_105' title='bbox 1022 1293 1230 1362; x_wconf 74' lang='lat' dir='ltr'><strong><em>inﬂetur</em></strong></span> <span class='ocrx_word' id='word_1_106' title='bbox 1258 1291 1500 1345; x_wconf 78' lang='lat' dir='ltr'><strong><em>adversus</em></strong></span> <span class='ocrx_word' id='word_1_107' title='bbox 1525 1289 1651 1343; x_wconf 83' lang='lat' dir='ltr'><strong><em>alte-</em></strong></span> 
     </span>
    </p>
   </div>
   <div class='ocr_carea' id='block_1_13' title="bbox 72 1383 1648 1455">
    <p class='ocr_par' dir='ltr' id='par_1_13' title="bbox 72 1383 1648 1455">
     <span class='ocr_line' id='line_1_13' title="bbox 72 1383 1648 1455; baseline -0.006 -12"><span class='ocrx_word' id='word_1_108' title='bbox 72 1408 196 1443; x_wconf 84' lang='lat' dir='ltr'><strong><em>rum.</em></strong></span> <span class='ocrx_word' id='word_1_109' title='bbox 233 1389 460 1443; x_wconf 80' lang='lat' dir='ltr'><strong><em>Rursum</em></strong></span> <span class='ocrx_word' id='word_1_110' title='bbox 490 1386 669 1442; x_wconf 86' lang='lat' dir='ltr'><strong><em>missis</em></strong></span> <span class='ocrx_word' id='word_1_111' title='bbox 695 1386 1029 1450; x_wconf 91' lang='lat' dir='ltr'><strong><em>doctoribus,</em></strong></span> <span class='ocrx_word' id='word_1_112' title='bbox 1056 1384 1348 1455; x_wconf 85' lang='lat' dir='ltr'><strong>discipulos</strong></span> <span class='ocrx_word' id='word_1_113' title='bbox 1374 1383 1648 1451; x_wconf 80' lang='lat' dir='ltr'><strong><em>increpat:</em></strong></span> 
     </span>
    </p>
   </div>
   <div class='ocr_carea' id='block_1_14' title="bbox 74 1473 1651 1550">
    <p class='ocr_par' dir='ltr' id='par_1_14' title="bbox 74 1473 1651 1550">
     <span class='ocr_line' id='line_1_14' title="bbox 74 1473 1651 1550; baseline -0.006 -15"><span class='ocrx_word' id='word_1_114' title='bbox 74 1483 140 1536; x_wconf 78' lang='lat' dir='ltr'><strong><em>illi</em></strong></span> <span class='ocrx_word' id='word_1_115' title='bbox 183 1484 330 1536; x_wconf 87' lang='lat' dir='ltr'><strong><em>enim</em></strong></span> <span class='ocrx_word' id='word_1_116' title='bbox 362 1489 517 1535; x_wconf 86' lang='lat' dir='ltr'><strong><em>erant</em></strong></span> <span class='ocrx_word' id='word_1_117' title='bbox 555 1480 643 1550; x_wconf 88' lang='lat' dir='ltr'><strong><em>qui</em></strong></span> <span class='ocrx_word' id='word_1_118' title='bbox 693 1478 794 1533; x_wconf 87' lang='lat' dir='ltr'><strong><em>hos</em></strong></span> <span class='ocrx_word' id='word_1_119' title='bbox 820 1476 1174 1533; x_wconf 67' lang='lat' dir='ltr'><strong><em>extollebant.</em></strong></span> <span class='ocrx_word' id='word_1_120' title='bbox 1218 1473 1465 1544; x_wconf 85' lang='lat' dir='ltr'><strong>Alioquin</strong></span> <span class='ocrx_word' id='word_1_121' title='bbox 1492 1474 1651 1527; x_wconf 88' lang='lat' dir='ltr'><strong><em>etiam</em></strong></span> 
     </span>
    </p>
   </div>
   <div class='ocr_carea' id='block_1_15' title="bbox 74 1566 1656 1642">
    <p class='ocr_par' dir='ltr' id='par_1_15' title="bbox 74 1566 1656 1642">
     <span class='ocr_line' id='line_1_15' title="bbox 74 1566 1656 1642; baseline -0.004 -18"><span class='ocrx_word' id='word_1_122' title='bbox 74 1574 340 1642; x_wconf 77' lang='lat' dir='ltr'><strong>principes</strong></span> <span class='ocrx_word' id='word_1_123' title='bbox 367 1590 469 1626; x_wconf 89' lang='lat' dir='ltr'><strong><em>non</em></strong></span> <span class='ocrx_word' id='word_1_124' title='bbox 505 1571 657 1626; x_wconf 89' lang='lat' dir='ltr'><strong>facile</strong></span> <span class='ocrx_word' id='word_1_125' title='bbox 686 1570 842 1624; x_wconf 83' lang='lat' dir='ltr'><strong><em>talem</em></strong></span> <span class='ocrx_word' id='word_1_126' title='bbox 871 1568 1213 1623; x_wconf 86' lang='lat' dir='ltr'><strong><em>admisissent</em></strong></span> <span class='ocrx_word' id='word_1_127' title='bbox 1242 1566 1559 1628; x_wconf 87' lang='lat' dir='ltr'><strong><em>orationem,</em></strong></span> <span class='ocrx_word' id='word_1_128' title='bbox 1589 1578 1656 1618; x_wconf 87' lang='lat' dir='ltr'><strong><em>eo</em></strong></span> 
     </span>
    </p>
   </div>
   <div class='ocr_carea' id='block_1_16' title="bbox 72 1659 1658 1737">
    <p class='ocr_par' dir='ltr' id='par_1_16' title="bbox 72 1659 1658 1737">
     <span class='ocr_line' id='line_1_16' title="bbox 72 1659 1658 1737; baseline -0.003 -21"><span class='ocrx_word' id='word_1_129' title='bbox 72 1667 204 1737; x_wconf 86' lang='lat' dir='ltr'><strong><em>quod</em></strong></span> <span class='ocrx_word' id='word_1_130' title='bbox 234 1676 511 1721; x_wconf 75' lang='lat' dir='ltr'><strong><em>externam</em></strong></span> <span class='ocrx_word' id='word_1_131' title='bbox 535 1664 758 1735; x_wconf 78' lang='lat' dir='ltr'><strong><em>gloriam</em></strong></span> <span class='ocrx_word' id='word_1_132' title='bbox 787 1671 1046 1733; x_wconf 89' lang='lat' dir='ltr'><strong><em>cuperent</em></strong></span> <span class='ocrx_word' id='word_1_133' title='bbox 1073 1679 1085 1713; x_wconf 89' lang='lat'>:</span> <span class='ocrx_word' id='word_1_134' title='bbox 1117 1660 1217 1715; x_wconf 91' lang='lat' dir='ltr'><strong><em>hoc</em></strong></span> <span class='ocrx_word' id='word_1_135' title='bbox 1241 1660 1438 1730; x_wconf 86' lang='lat' dir='ltr'><strong>quippe</strong></span> <span class='ocrx_word' id='word_1_136' title='bbox 1467 1659 1658 1712; x_wconf 91' lang='lat' dir='ltr'><strong><em>morbo</em></strong></span> 
     </span>
    </p>
   </div>
   <div class='ocr_carea' id='block_1_17' title="bbox 71 1749 1655 1825">
    <p class='ocr_par' dir='ltr' id='par_1_17' title="bbox 71 1749 1655 1825">
     <span class='ocr_line' id='line_1_17' title="bbox 71 1749 1655 1825; baseline -0.005 -14"><span class='ocrx_word' id='word_1_137' title='bbox 71 1757 329 1811; x_wconf 71' lang='lat' dir='ltr'><strong><em>excu&#39;cali</em></strong></span> <span class='ocrx_word' id='word_1_138' title='bbox 378 1765 534 1812; x_wconf 86' lang='lat' dir='ltr'><strong><em>erant</em></strong></span> <span class='ocrx_word' id='word_1_139' title='bbox 566 1775 580 1810; x_wconf 89' lang='lat'><strong>:</strong></span> <span class='ocrx_word' id='word_1_140' title='bbox 611 1756 711 1825; x_wconf 89' lang='lat' dir='ltr'><strong><em>ipsi</em></strong></span> <span class='ocrx_word' id='word_1_141' title='bbox 749 1770 879 1809; x_wconf 87' lang='lat' dir='ltr'><strong><em>vero</em></strong></span> <span class='ocrx_word' id='word_1_142' title='bbox 914 1753 1083 1823; x_wconf 84' lang='lat' dir='ltr'><strong><em>gloria</em></strong></span> <span class='ocrx_word' id='word_1_143' title='bbox 1117 1768 1221 1807; x_wconf 93' lang='lat' dir='ltr'><strong><em>non</em></strong></span> <span class='ocrx_word' id='word_1_144' title='bbox 1252 1752 1489 1805; x_wconf 86' lang='lat' dir='ltr'><strong><em>fruentes</em></strong></span> <span class='ocrx_word' id='word_1_145' title='bbox 1512 1790 1528 1816; x_wconf 89' lang='lat'><strong><em>,</em></strong></span> <span class='ocrx_word' id='word_1_146' title='bbox 1560 1749 1655 1803; x_wconf 83' lang='lat' dir='ltr'><strong><em>sed</em></strong></span> 
     </span>
    </p>
   </div>
   <div class='ocr_carea' id='block_1_18' title="bbox 73 1842 1658 1919">
    <p class='ocr_par' dir='ltr' id='par_1_18' title="bbox 73 1842 1658 1919">
     <span class='ocr_line' id='line_1_18' title="bbox 73 1842 1658 1919; baseline -0.007 -15"><span class='ocrx_word' id='word_1_147' title='bbox 73 1851 210 1904; x_wconf 86' lang='lat' dir='ltr'><strong><em>illam</em></strong></span> <span class='ocrx_word' id='word_1_148' title='bbox 242 1850 365 1903; x_wconf 89' lang='lat' dir='ltr'><strong><em>aliis</em></strong></span> <span class='ocrx_word' id='word_1_149' title='bbox 398 1849 743 1919; x_wconf 72' lang='grc' dir='ltr'>ρτιιιιιοιιιεε,</span> <span class='ocrx_word' id='word_1_150' title='bbox 777 1856 828 1900; x_wconf 91' lang='lat' dir='ltr'><strong><em>et</em></strong></span> <span class='ocrx_word' id='word_1_151' title='bbox 861 1846 1068 1900; x_wconf 74' lang='lat' dir='ltr'><strong>facilius</strong></span> <span class='ocrx_word' id='word_1_152' title='bbox 1112 1842 1531 1898; x_wconf 90' lang='lat' dir='ltr'><strong><em>admonitionem</em></strong></span> <span class='ocrx_word' id='word_1_153' title='bbox 1573 1850 1658 1894; x_wconf 88' lang='lat' dir='ltr'><strong><em>tu-</em></strong></span> 
     </span>
    </p>
   </div>
   <div class='ocr_carea' id='block_1_19' title="bbox 69 1934 1661 2010">
    <p class='ocr_par' dir='ltr' id='par_1_19' title="bbox 69 1934 1661 2010">
     <span class='ocr_line' id='line_1_19' title="bbox 69 1934 1661 2010; baseline -0.007 -15"><span class='ocrx_word' id='word_1_154' title='bbox 69 1942 300 2008; x_wconf 77' lang='lat' dir='ltr'><strong><em>lissent,</em></strong></span> <span class='ocrx_word' id='word_1_155' title='bbox 348 1950 401 1995; x_wconf 88' lang='lat' dir='ltr'><strong><em>et</em></strong></span> <span class='ocrx_word' id='word_1_156' title='bbox 449 1940 682 2010; x_wconf 81' lang='lat' dir='ltr'><strong><em>aptiores</em></strong></span> <span class='ocrx_word' id='word_1_157' title='bbox 727 1938 791 1992; x_wconf 90' lang='lat' dir='ltr'><strong><em>ad</em></strong></span> <span class='ocrx_word' id='word_1_158' title='bbox 842 1937 1087 1991; x_wconf 89' lang='lat' dir='ltr'><strong><em>morbum</em></strong></span> <span class='ocrx_word' id='word_1_159' title='bbox 1139 1934 1461 1990; x_wconf 81' lang='lat' dir='ltr'><strong><em>solvendum</em></strong></span> <span class='ocrx_word' id='word_1_160' title='bbox 1506 1941 1661 1987; x_wconf 86' lang='lat' dir='ltr'><strong><em>erant</em></strong></span> 
     </span>
    </p>
   </div>
   <div class='ocr_carea' id='block_1_20' title="bbox 71 2024 1660 2105">
    <p class='ocr_par' dir='ltr' id='par_1_20' title="bbox 71 2024 1660 2105">
     <span class='ocr_line' id='line_1_20' title="bbox 71 2024 1660 2105; baseline -0.008 -19"><span class='ocrx_word' id='word_1_161' title='bbox 71 2049 228 2105; x_wconf 81' lang='lat' dir='ltr'><strong><em>quam</em></strong></span> <span class='ocrx_word' id='word_1_162' title='bbox 263 2032 553 2103; x_wconf 84' lang='lat' dir='ltr'><strong>principes.</strong></span> <span class='ocrx_word' id='word_1_163' title='bbox 589 2030 729 2100; x_wconf 88' lang='lat' dir='ltr'><strong><em>Ergo</em></strong></span> <span class='ocrx_word' id='word_1_164' title='bbox 756 2030 915 2084; x_wconf 80' lang='lat' dir='ltr'><strong><em>etiam</em></strong></span> <span class='ocrx_word' id='word_1_165' title='bbox 948 2029 1048 2081; x_wconf 86' lang='lat' dir='ltr'><strong><em>hoc</em></strong></span> <span class='ocrx_word' id='word_1_166' title='bbox 1086 2036 1170 2081; x_wconf 86' lang='lat' dir='ltr'><strong><em>est</em></strong></span> <span class='ocrx_word' id='word_1_167' title='bbox 1199 2026 1392 2087; x_wconf 80' lang='lat' dir='ltr'><strong><em>inﬂari,</em></strong></span> <span class='ocrx_word' id='word_1_168' title='bbox 1431 2040 1528 2095; x_wconf 84' lang='lat' dir='ltr'><strong><em>pro</em></strong></span> <span class='ocrx_word' id='word_1_169' title='bbox 1556 2024 1660 2076; x_wconf 85' lang='lat' dir='ltr'><strong><em>alio</em></strong></span> 
     </span>
    </p>
   </div>
   <div class='ocr_carea' id='block_1_21' title="bbox 73 2115 1656 2191">
    <p class='ocr_par' dir='ltr' id='par_1_21' title="bbox 73 2115 1656 2191">
     <span class='ocr_line' id='line_1_21' title="bbox 73 2115 1656 2191; baseline -0.007 -13"><span class='ocrx_word' id='word_1_170' title='bbox 73 2124 299 2191; x_wconf 88' lang='lat' dir='ltr'><strong><em>extolli,</em></strong></span> <span class='ocrx_word' id='word_1_171' title='bbox 329 2124 539 2179; x_wconf 87' lang='lat' dir='ltr'><strong><em>etiamsi</em></strong></span> <span class='ocrx_word' id='word_1_172' title='bbox 570 2123 620 2175; x_wconf 92' lang='lat' dir='ltr'><strong><em>in</em></strong></span> <span class='ocrx_word' id='word_1_173' title='bbox 652 2122 811 2176; x_wconf 82' lang='lat' dir='ltr'><strong>rebus</strong></span> <span class='ocrx_word' id='word_1_174' title='bbox 840 2122 950 2174; x_wconf 87' lang='lat' dir='ltr'><strong>suis</strong></span> <span class='ocrx_word' id='word_1_175' title='bbox 979 2120 1079 2174; x_wconf 89' lang='lat' dir='ltr'><strong><em>hoc</em></strong></span> <span class='ocrx_word' id='word_1_176' title='bbox 1103 2119 1261 2172; x_wconf 85' lang='lat' dir='ltr'><strong><em>alieni</em></strong></span> <span class='ocrx_word' id='word_1_177' title='bbox 1291 2133 1395 2171; x_wconf 90' lang='lat' dir='ltr'><strong><em>non</em></strong></span> <span class='ocrx_word' id='word_1_178' title='bbox 1428 2115 1656 2170; x_wconf 86' lang='lat' dir='ltr'><strong><em>accidat.</em></strong></span> 
     </span>
    </p>
   </div>
   <div class='ocr_carea' id='block_1_22' title="bbox 71 2210 1661 2284">
    <p class='ocr_par' dir='ltr' id='par_1_22' title="bbox 71 2210 1661 2284">
     <span class='ocr_line' id='line_1_22' title="bbox 71 2210 1661 2284; baseline -0.007 -14"><span class='ocrx_word' id='word_1_179' title='bbox 71 2217 221 2271; x_wconf 81' lang='lat' dir='ltr'><strong><em>Sicut</em></strong></span> <span class='ocrx_word' id='word_1_180' title='bbox 250 2218 393 2270; x_wconf 89' lang='lat' dir='ltr'><strong><em>enim</em></strong></span> <span class='ocrx_word' id='word_1_181' title='bbox 428 2215 493 2279; x_wconf 89' lang='lat' dir='ltr'><strong>is,</strong></span> <span class='ocrx_word' id='word_1_182' title='bbox 522 2214 611 2284; x_wconf 89' lang='lat' dir='ltr'><strong><em>qui</em></strong></span> <span class='ocrx_word' id='word_1_183' title='bbox 640 2214 708 2268; x_wconf 91' lang='lat' dir='ltr'><strong><em>de</em></strong></span> <span class='ocrx_word' id='word_1_184' title='bbox 737 2212 929 2268; x_wconf 86' lang='lat' dir='ltr'><strong><em>alienis</em></strong></span> <span class='ocrx_word' id='word_1_185' title='bbox 969 2210 1188 2266; x_wconf 88' lang='lat' dir='ltr'><strong><em>effertur</em></strong></span> <span class='ocrx_word' id='word_1_186' title='bbox 1214 2210 1381 2272; x_wconf 86' lang='lat' dir='ltr'><strong><em>vitiis,</em></strong></span> <span class='ocrx_word' id='word_1_187' title='bbox 1410 2224 1475 2262; x_wconf 82' lang='lat' dir='ltr'><strong><em>ex</em></strong></span> <span class='ocrx_word' id='word_1_188' title='bbox 1503 2223 1661 2261; x_wconf 79' lang='lat' dir='ltr'><strong><em>arro-</em></strong></span> 
     </span>
    </p>
   </div>
   <div class='ocr_carea' id='block_1_23' title="bbox 68 2300 1659 2378">
    <p class='ocr_par' dir='ltr' id='par_1_23' title="bbox 68 2300 1659 2378">
     <span class='ocr_line' id='line_1_23' title="bbox 68 2300 1659 2378; baseline -0.004 -21"><span class='ocrx_word' id='word_1_189' title='bbox 68 2308 245 2378; x_wconf 63' lang='lat' dir='ltr'><strong><em>gantia</em></strong></span> <span class='ocrx_word' id='word_1_190' title='bbox 296 2308 396 2362; x_wconf 90' lang='lat' dir='ltr'><strong><em>hoc</em></strong></span> <span class='ocrx_word' id='word_1_191' title='bbox 443 2306 612 2361; x_wconf 83' lang='lat' dir='ltr'><strong><em>facit:</em></strong></span> <span class='ocrx_word' id='word_1_192' title='bbox 645 2308 713 2360; x_wconf 85' lang='lat' dir='ltr'><strong><em>ita</em></strong></span> <span class='ocrx_word' id='word_1_193' title='bbox 761 2304 919 2359; x_wconf 88' lang='lat' dir='ltr'><strong><em>etiam</em></strong></span> <span class='ocrx_word' id='word_1_194' title='bbox 967 2304 1054 2373; x_wconf 87' lang='lat' dir='ltr'><strong>qui</strong></span> <span class='ocrx_word' id='word_1_195' title='bbox 1094 2302 1162 2357; x_wconf 90' lang='lat' dir='ltr'><strong><em>de</em></strong></span> <span class='ocrx_word' id='word_1_196' title='bbox 1208 2300 1380 2371; x_wconf 77' lang='lat' dir='ltr'><strong><em>gloria</em></strong></span> <span class='ocrx_word' id='word_1_197' title='bbox 1419 2300 1659 2354; x_wconf 84' lang='lat' dir='ltr'><strong><em>alterius.</em></strong></span> 
     </span>
    </p>
   </div>
   <div class='ocr_carea' id='block_1_24' title="bbox 72 2395 1066 2457">
    <p class='ocr_par' dir='ltr' id='par_1_24' title="bbox 72 2395 1066 2457">
     <span class='ocr_line' id='line_1_24' title="bbox 72 2395 1066 2457; baseline -0.008 -2"><span class='ocrx_word' id='word_1_198' title='bbox 72 2404 238 2457; x_wconf 75' lang='lat' dir='ltr'><strong><em>llecte</em></strong></span> <span class='ocrx_word' id='word_1_199' title='bbox 267 2413 447 2456; x_wconf 89' lang='lat' dir='ltr'><strong><em>autem</em></strong></span> <span class='ocrx_word' id='word_1_200' title='bbox 479 2398 808 2454; x_wconf 69' lang='lat' dir='ltr'><strong><em>inflationem</em></strong></span> <span class='ocrx_word' id='word_1_201' title='bbox 835 2395 1066 2451; x_wconf 85' lang='lat' dir='ltr'><strong><em>vocavit.</em></strong></span> 
     </span>
    </p>
   </div>
   <div class='ocr_carea' id='block_1_25' title="bbox 140 2481 1664 2564">
    <p class='ocr_par' dir='ltr' id='par_1_25' title="bbox 140 2481 1664 2564">
     <span class='ocr_line' id='line_1_25' title="bbox 140 2481 1664 2564; baseline -0.008 -16"><span class='ocrx_word' id='word_1_202' title='bbox 140 2495 474 2564; x_wconf 70' lang='lat' dir='ltr'><strong><em>Arrogantiaz</em></strong></span> <span class='ocrx_word' id='word_1_203' title='bbox 515 2490 726 2544; x_wconf 80' lang='lat' dir='ltr'><strong><em>malum.</em></strong></span> <span class='ocrx_word' id='word_1_204' title='bbox 776 2519 846 2530; x_wconf 93' lang='lat'>—</span> <span class='ocrx_word' id='word_1_205' title='bbox 888 2485 1019 2541; x_wconf 87' lang='lat' dir='ltr'><strong><em>Cum</em></strong></span> <span class='ocrx_word' id='word_1_206' title='bbox 1055 2486 1195 2541; x_wconf 90' lang='lat' dir='ltr'><strong><em>enim</em></strong></span> <span class='ocrx_word' id='word_1_207' title='bbox 1226 2483 1525 2539; x_wconf 85' lang='lat' dir='ltr'><strong><em>membrum</em></strong></span> <span class='ocrx_word' id='word_1_208' title='bbox 1566 2481 1664 2537; x_wconf 84' lang='lat' dir='ltr'><strong><em>ali-</em></strong></span> 
     </span>
    </p>
   </div>
   <div class='ocr_carea' id='block_1_26' title="bbox 69 2573 1665 2655">
    <p class='ocr_par' dir='ltr' id='par_1_26' title="bbox 69 2573 1665 2655">
     <span class='ocr_line' id='line_1_26' title="bbox 69 2573 1665 2655; baseline -0.009 -15"><span class='ocrx_word' id='word_1_209' title='bbox 69 2584 211 2655; x_wconf 85' lang='lat' dir='ltr'><strong><em>quod</em></strong></span> <span class='ocrx_word' id='word_1_210' title='bbox 242 2583 510 2653; x_wconf 68' lang='lat' dir='ltr'><strong><em>insurgit,</em></strong></span> <span class='ocrx_word' id='word_1_211' title='bbox 554 2580 659 2637; x_wconf 79' lang='lat' dir='ltr'><strong><em>hec</em></strong></span> <span class='ocrx_word' id='word_1_212' title='bbox 688 2579 817 2635; x_wconf 84' lang='lat' dir='ltr'><strong>nihil</strong></span> <span class='ocrx_word' id='word_1_213' title='bbox 847 2577 988 2632; x_wconf 84' lang='lat' dir='ltr'><strong>aliud</strong></span> <span class='ocrx_word' id='word_1_214' title='bbox 1016 2585 1098 2632; x_wconf 89' lang='lat' dir='ltr'><strong><em>est</em></strong></span> <span class='ocrx_word' id='word_1_215' title='bbox 1131 2590 1288 2646; x_wconf 89' lang='lat' dir='ltr'><strong><em>quam</em></strong></span> <span class='ocrx_word' id='word_1_216' title='bbox 1319 2573 1665 2628; x_wconf 79' lang='lat' dir='ltr'><strong><em>inﬂammatio</em></strong></span> 
     </span>
    </p>
   </div>
   <div class='ocr_carea' id='block_1_27' title="bbox 70 2666 1667 2732">
    <p class='ocr_par' dir='ltr' id='par_1_27' title="bbox 70 2666 1667 2732">
     <span class='ocr_line' id='line_1_27' title="bbox 70 2666 1667 2732; baseline -0.007 -1"><span class='ocrx_word' id='word_1_217' title='bbox 70 2686 123 2732; x_wconf 88' lang='lat' dir='ltr'><strong><em>et</em></strong></span> <span class='ocrx_word' id='word_1_218' title='bbox 154 2676 427 2730; x_wconf 89' lang='lat' dir='ltr'><strong><em>morbus:</em></strong></span> <span class='ocrx_word' id='word_1_219' title='bbox 458 2690 563 2729; x_wconf 90' lang='lat' dir='ltr'><strong><em>non</em></strong></span> <span class='ocrx_word' id='word_1_220' title='bbox 607 2673 751 2729; x_wconf 89' lang='lat' dir='ltr'><strong><em>enim</em></strong></span> <span class='ocrx_word' id='word_1_221' title='bbox 797 2671 954 2727; x_wconf 84' lang='lat' dir='ltr'><strong><em>aliter</em></strong></span> <span class='ocrx_word' id='word_1_222' title='bbox 992 2671 1218 2723; x_wconf 88' lang='lat' dir='ltr'><strong><em>alterum</em></strong></span> <span class='ocrx_word' id='word_1_223' title='bbox 1266 2668 1563 2722; x_wconf 89' lang='lat' dir='ltr'><strong><em>membrum</em></strong></span> <span class='ocrx_word' id='word_1_224' title='bbox 1607 2666 1667 2720; x_wconf 82' lang='lat' dir='ltr'><strong><em>ﬁt</em></strong></span> 
     </span>
    </p>
   </div>
   <div class='ocr_carea' id='block_1_28' title="bbox 69 2759 1663 2837">
    <p class='ocr_par' dir='ltr' id='par_1_28' title="bbox 69 2759 1663 2837">
     <span class='ocr_line' id='line_1_28' title="bbox 69 2759 1663 2837; baseline -0.005 -16"><span class='ocrx_word' id='word_1_225' title='bbox 69 2770 246 2823; x_wconf 87' lang='lat' dir='ltr'><strong><em>altero</em></strong></span> <span class='ocrx_word' id='word_1_226' title='bbox 275 2766 456 2829; x_wconf 62' lang='lat' dir='ltr'><strong><em>altius,</em></strong></span> <span class='ocrx_word' id='word_1_227' title='bbox 488 2781 647 2837; x_wconf 89' lang='lat' dir='ltr'><strong><em>quam</em></strong></span> <span class='ocrx_word' id='word_1_228' title='bbox 687 2779 805 2817; x_wconf 88' lang='lat' dir='ltr'><strong><em>cmn</em></strong></span> <span class='ocrx_word' id='word_1_229' title='bbox 831 2772 1007 2817; x_wconf 89' lang='lat' dir='ltr'><strong><em>tumor</em></strong></span> <span class='ocrx_word' id='word_1_230' title='bbox 1025 2761 1195 2815; x_wconf 88' lang='lat' dir='ltr'><strong><em>adest.</em></strong></span> <span class='ocrx_word' id='word_1_231' title='bbox 1233 2760 1323 2815; x_wconf 87' lang='lat' dir='ltr'><strong><em>Sic</em></strong></span> <span class='ocrx_word' id='word_1_232' title='bbox 1347 2761 1505 2830; x_wconf 81' lang='lat' dir='ltr'><strong><em>igitur</em></strong></span> <span class='ocrx_word' id='word_1_233' title='bbox 1532 2766 1587 2813; x_wconf 87' lang='lat' dir='ltr'><strong><em>et</em></strong></span> <span class='ocrx_word' id='word_1_234' title='bbox 1612 2759 1663 2813; x_wconf 88' lang='lat' dir='ltr'><strong><em>in</em></strong></span> 
     </span>
    </p>
   </div>
   <div class='ocr_carea' id='block_1_29' title="bbox 68 2850 1666 2930">
    <p class='ocr_par' dir='ltr' id='par_1_29' title="bbox 68 2850 1666 2930">
     <span class='ocr_line' id='line_1_29' title="bbox 68 2850 1666 2930; baseline -0.007 -15"><span class='ocrx_word' id='word_1_235' title='bbox 68 2875 305 2930; x_wconf 84' lang='lat' dir='ltr'><strong><em>corpore</em></strong></span> <span class='ocrx_word' id='word_1_236' title='bbox 334 2858 615 2922; x_wconf 72' lang='lat' dir='ltr'><strong><em>Ecclesite,</em></strong></span> <span class='ocrx_word' id='word_1_237' title='bbox 645 2856 734 2926; x_wconf 86' lang='lat' dir='ltr'><strong><em>qui</em></strong></span> <span class='ocrx_word' id='word_1_238' title='bbox 768 2853 1129 2908; x_wconf 82' lang='lat' dir='ltr'><strong><em>inﬂammatur</em></strong></span> <span class='ocrx_word' id='word_1_239' title='bbox 1154 2861 1209 2906; x_wconf 90' lang='lat' dir='ltr'><strong><em>et</em></strong></span> <span class='ocrx_word' id='word_1_240' title='bbox 1232 2850 1450 2905; x_wconf 87' lang='lat' dir='ltr'><strong><em>inflatur</em></strong></span> <span class='ocrx_word' id='word_1_241' title='bbox 1469 2891 1483 2916; x_wconf 91' lang='lat'><strong><em>,</em></strong></span> <span class='ocrx_word' id='word_1_242' title='bbox 1515 2850 1561 2904; x_wconf 88' lang='lat' dir='ltr'><strong><em>is</em></strong></span> <span class='ocrx_word' id='word_1_243' title='bbox 1583 2860 1666 2905; x_wconf 87' lang='lat' dir='ltr'><strong><em>est</em></strong></span> 
     </span>
    </p>
   </div>
   <div class='ocr_carea' id='block_1_30' title="bbox 69 2945 1669 3023">
    <p class='ocr_par' dir='ltr' id='par_1_30' title="bbox 69 2945 1669 3023">
     <span class='ocr_line' id='line_1_30' title="bbox 69 2945 1669 3023; baseline -0.005 -20"><span class='ocrx_word' id='word_1_244' title='bbox 69 2955 158 3023; x_wconf 86' lang='lat' dir='ltr'><strong><em>qui</em></strong></span> <span class='ocrx_word' id='word_1_245' title='bbox 190 2951 388 3006; x_wconf 89' lang='lat' dir='ltr'><strong><em>morbo</em></strong></span> <span class='ocrx_word' id='word_1_246' title='bbox 419 2950 626 3004; x_wconf 89' lang='lat' dir='ltr'><strong><em>laborat</em></strong></span> <span class='ocrx_word' id='word_1_247' title='bbox 659 2965 672 3001; x_wconf 90' lang='lat'>:</span> <span class='ocrx_word' id='word_1_248' title='bbox 705 2955 871 3001; x_wconf 89' lang='lat' dir='ltr'><strong><em>tumet</em></strong></span> <span class='ocrx_word' id='word_1_249' title='bbox 910 2945 1051 2999; x_wconf 91' lang='lat' dir='ltr'><strong><em>enim</em></strong></span> <span class='ocrx_word' id='word_1_250' title='bbox 1097 2951 1292 3014; x_wconf 70' lang='lat' dir='ltr'><strong><em>prmter</em></strong></span> <span class='ocrx_word' id='word_1_251' title='bbox 1327 2957 1669 2997; x_wconf 90' lang='lat' dir='ltr'><strong><em>communem</em></strong></span> 
     </span>
    </p>
   </div>
   <div class='ocr_carea' id='block_1_31' title="bbox 68 3034 1668 3099">
    <p class='ocr_par' dir='ltr' id='par_1_31' title="bbox 68 3034 1668 3099">
     <span class='ocr_line' id='line_1_31' title="bbox 68 3034 1668 3099; baseline -0.007 -1"><span class='ocrx_word' id='word_1_252' title='bbox 68 3058 413 3099; x_wconf 85' lang='lat' dir='ltr'><strong><em>mensuram.</em></strong></span> <span class='ocrx_word' id='word_1_253' title='bbox 462 3040 571 3093; x_wconf 88' lang='lat' dir='ltr'><strong><em>lloc</em></strong></span> <span class='ocrx_word' id='word_1_254' title='bbox 598 3037 742 3092; x_wconf 90' lang='lat' dir='ltr'><strong><em>enim</em></strong></span> <span class='ocrx_word' id='word_1_255' title='bbox 768 3048 850 3093; x_wconf 88' lang='lat' dir='ltr'><strong><em>est</em></strong></span> <span class='ocrx_word' id='word_1_256' title='bbox 888 3036 1111 3091; x_wconf 80' lang='lat' dir='ltr'><strong><em>inflatio.</em></strong></span> <span class='ocrx_word' id='word_1_257' title='bbox 1142 3035 1232 3090; x_wconf 89' lang='lat' dir='ltr'><strong><em>Sic</em></strong></span> <span class='ocrx_word' id='word_1_258' title='bbox 1271 3035 1430 3089; x_wconf 89' lang='lat' dir='ltr'><strong><em>etiam</em></strong></span> <span class='ocrx_word' id='word_1_259' title='bbox 1469 3034 1520 3088; x_wconf 90' lang='lat' dir='ltr'><strong><em>in</em></strong></span> <span class='ocrx_word' id='word_1_260' title='bbox 1545 3049 1668 3088; x_wconf 61' lang='lat' dir='ltr'><strong><em>coro</em></strong></span> 
     </span>
    </p>
   </div>
   <div class='ocr_carea' id='block_1_32' title="bbox 71 3127 1671 3205">
    <p class='ocr_par' dir='ltr' id='par_1_32' title="bbox 71 3127 1671 3205">
     <span class='ocr_line' id='line_1_32' title="bbox 71 3127 1671 3205; baseline -0.005 -16"><span class='ocrx_word' id='word_1_261' title='bbox 71 3150 207 3205; x_wconf 85' lang='lat' dir='ltr'><strong><em>pore</em></strong></span> <span class='ocrx_word' id='word_1_262' title='bbox 236 3132 457 3195; x_wconf 88' lang='lat' dir='ltr'><strong><em>accidit,</em></strong></span> <span class='ocrx_word' id='word_1_263' title='bbox 486 3129 698 3202; x_wconf 87' lang='lat' dir='ltr'><strong><em>quando</em></strong></span> <span class='ocrx_word' id='word_1_264' title='bbox 725 3130 938 3199; x_wconf 81' lang='lat' dir='ltr'><strong>Spurius</strong></span> <span class='ocrx_word' id='word_1_265' title='bbox 961 3128 1174 3199; x_wconf 86' lang='lat' dir='ltr'><strong><em>quidam</em></strong></span> <span class='ocrx_word' id='word_1_266' title='bbox 1198 3136 1255 3183; x_wconf 90' lang='lat' dir='ltr'><strong><em>et</em></strong></span> <span class='ocrx_word' id='word_1_267' title='bbox 1282 3128 1451 3181; x_wconf 84' lang='lat' dir='ltr'><strong><em>malus</em></strong></span> <span class='ocrx_word' id='word_1_268' title='bbox 1478 3127 1671 3181; x_wconf 86' lang='lat' dir='ltr'><strong><em>humor</em></strong></span> 
     </span>
    </p>
   </div>
   <div class='ocr_carea' id='block_1_33' title="bbox 70 3218 1673 3290">
    <p class='ocr_par' dir='ltr' id='par_1_33' title="bbox 70 3218 1673 3290">
     <span class='ocr_line' id='line_1_33' title="bbox 70 3218 1673 3290; baseline -0.005 -10"><span class='ocrx_word' id='word_1_269' title='bbox 70 3226 377 3290; x_wconf 84' lang='lat' dir='ltr'><strong><em>influxerit,</em></strong></span> <span class='ocrx_word' id='word_1_270' title='bbox 411 3240 516 3277; x_wconf 93' lang='lat' dir='ltr'><strong><em>non</em></strong></span> <span class='ocrx_word' id='word_1_271' title='bbox 549 3232 731 3277; x_wconf 89' lang='lat' dir='ltr'><strong><em>autem</em></strong></span> <span class='ocrx_word' id='word_1_272' title='bbox 765 3222 978 3275; x_wconf 92' lang='lat' dir='ltr'><strong><em>solitum</em></strong></span> <span class='ocrx_word' id='word_1_273' title='bbox 1008 3220 1345 3273; x_wconf 87' lang='lat' dir='ltr'><strong><em>alimentum.</em></strong></span> <span class='ocrx_word' id='word_1_274' title='bbox 1380 3218 1454 3273; x_wconf 91' lang='lat' dir='ltr'><strong><em>Ita</em></strong></span> <span class='ocrx_word' id='word_1_275' title='bbox 1496 3219 1673 3273; x_wconf 80' lang='lat' dir='ltr'><strong><em>nasci-</em></strong></span> 
     </span>
    </p>
   </div>
   <div class='ocr_carea' id='block_1_34' title="bbox 70 3310 1668 3385">
    <p class='ocr_par' dir='ltr' id='par_1_34' title="bbox 70 3310 1668 3385">
     <span class='ocr_line' id='line_1_34' title="bbox 70 3310 1668 3385; baseline -0.004 -14"><span class='ocrx_word' id='word_1_276' title='bbox 70 3327 159 3371; x_wconf 85' lang='lat' dir='ltr'><strong><em>tur</em></strong></span> <span class='ocrx_word' id='word_1_277' title='bbox 207 3315 518 3385; x_wconf 66' lang='lat' dir='ltr'><strong><em>arrogantia</em></strong></span> <span class='ocrx_word' id='word_1_278' title='bbox 566 3313 756 3367; x_wconf 89' lang='lat' dir='ltr'><strong><em>alienis</em></strong></span> <span class='ocrx_word' id='word_1_279' title='bbox 796 3327 894 3366; x_wconf 90' lang='lat' dir='ltr'><strong><em>nos</em></strong></span> <span class='ocrx_word' id='word_1_280' title='bbox 933 3312 1347 3381; x_wconf 84' lang='lat' dir='ltr'><strong><em>cogitationibus</em></strong></span> <span class='ocrx_word' id='word_1_281' title='bbox 1370 3310 1668 3365; x_wconf 86' lang='lat' dir='ltr'><strong><em>invadenti-</em></strong></span> 
     </span>
    </p>
   </div>
   <div class='ocr_carea' id='block_1_35' title="bbox 70 3401 1669 3476">
    <p class='ocr_par' dir='ltr' id='par_1_35' title="bbox 70 3401 1669 3476">
     <span class='ocr_line' id='line_1_35' title="bbox 70 3401 1669 3476; baseline -0.004 -14"><span class='ocrx_word' id='word_1_282' title='bbox 70 3409 191 3463; x_wconf 83' lang='lat' dir='ltr'><strong><em>luts.</em></strong></span> <span class='ocrx_word' id='word_1_283' title='bbox 230 3409 304 3463; x_wconf 82' lang='lat' dir='ltr'><strong><em>Et</em></strong></span> <span class='ocrx_word' id='word_1_284' title='bbox 334 3408 453 3462; x_wconf 86' lang='lat' dir='ltr'><strong><em>vide</em></strong></span> <span class='ocrx_word' id='word_1_285' title='bbox 483 3422 641 3476; x_wconf 85' lang='lat' dir='ltr'><strong><em>quam</em></strong></span> <span class='ocrx_word' id='word_1_286' title='bbox 667 3405 910 3474; x_wconf 86' lang='lat' dir='ltr'><strong><em>apposite</em></strong></span> <span class='ocrx_word' id='word_1_287' title='bbox 936 3403 1132 3457; x_wconf 79' lang='lat' dir='ltr'><strong><em>dixerit</em></strong></span> <span class='ocrx_word' id='word_1_288' title='bbox 1155 3443 1168 3466; x_wconf 95' lang='lat'><strong>,</strong></span> <span class='ocrx_word' id='word_1_289' title='bbox 1204 3401 1287 3456; x_wconf 90' lang='lat' dir='ltr'><strong><em>Ne</em></strong></span> <span class='ocrx_word' id='word_1_290' title='bbox 1328 3402 1495 3471; x_wconf 78' lang='lat' dir='ltr'><strong><em>inﬂati</em></strong></span> <span class='ocrx_word' id='word_1_291' title='bbox 1536 3402 1669 3456; x_wconf 87' lang='lat' dir='ltr'><strong><em>sitis.</em></strong></span> 
     </span>
    </p>
   </div>
   <div class='ocr_carea' id='block_1_36' title="bbox 68 3496 1671 3568">
    <p class='ocr_par' dir='ltr' id='par_1_36' title="bbox 68 3496 1671 3568">
     <span class='ocr_line' id='line_1_36' title="bbox 68 3496 1671 3568; baseline -0.003 -13"><span class='ocrx_word' id='word_1_292' title='bbox 68 3503 228 3568; x_wconf 77' lang='lat' dir='ltr'><strong><em>Quod</em></strong></span> <span class='ocrx_word' id='word_1_293' title='bbox 264 3502 411 3555; x_wconf 85' lang='lat' dir='ltr'><strong><em>enim</em></strong></span> <span class='ocrx_word' id='word_1_294' title='bbox 438 3499 673 3554; x_wconf 84' lang='lat' dir='ltr'><strong><em>inflatum</em></strong></span> <span class='ocrx_word' id='word_1_295' title='bbox 702 3508 804 3563; x_wconf 91' lang='lat' dir='ltr'><strong><em>est,</em></strong></span> <span class='ocrx_word' id='word_1_296' title='bbox 838 3507 1098 3551; x_wconf 83' lang='lat' dir='ltr'><strong><em>tumorem</em></strong></span> <span class='ocrx_word' id='word_1_297' title='bbox 1128 3496 1283 3550; x_wconf 81' lang='lat' dir='ltr'><strong><em>habet</em></strong></span> <span class='ocrx_word' id='word_1_298' title='bbox 1306 3496 1524 3564; x_wconf 88' lang='lat' dir='ltr'><strong>spiritus</strong></span> <span class='ocrx_word' id='word_1_299' title='bbox 1546 3536 1562 3563; x_wconf 91' lang='lat'><strong><em>,</em></strong></span> <span class='ocrx_word' id='word_1_300' title='bbox 1587 3510 1671 3550; x_wconf 50' lang='lat' dir='ltr'><strong><em>re-</em></strong></span> 
     </span>
    </p>
   </div>
   <div class='ocr_carea' id='block_1_37' title="bbox 70 3588 1671 3665">
    <p class='ocr_par' dir='ltr' id='par_1_37' title="bbox 70 3588 1671 3665">
     <span class='ocr_line' id='line_1_37' title="bbox 70 3588 1671 3665; baseline -0.004 -20"><span class='ocrx_word' id='word_1_301' title='bbox 70 3603 287 3665; x_wconf 75' lang='lat' dir='ltr'><strong><em>ptettnn</em></strong></span> <span class='ocrx_word' id='word_1_302' title='bbox 324 3596 546 3647; x_wconf 89' lang='lat' dir='ltr'><strong><em>humore</em></strong></span> <span class='ocrx_word' id='word_1_303' title='bbox 572 3600 846 3661; x_wconf 86' lang='lat' dir='ltr'><strong><em>corrupto.</em></strong></span> <span class='ocrx_word' id='word_1_304' title='bbox 880 3589 1005 3643; x_wconf 66' lang='lat' dir='ltr'><strong><em>llzec</em></strong></span> <span class='ocrx_word' id='word_1_305' title='bbox 1038 3602 1198 3658; x_wconf 85' lang='lat' dir='ltr'><strong><em>porro</em></strong></span> <span class='ocrx_word' id='word_1_306' title='bbox 1235 3588 1389 3651; x_wconf 88' lang='lat' dir='ltr'><strong><em>dicit,</em></strong></span> <span class='ocrx_word' id='word_1_307' title='bbox 1431 3601 1536 3641; x_wconf 90' lang='lat' dir='ltr'><strong><em>non</em></strong></span> <span class='ocrx_word' id='word_1_308' title='bbox 1575 3601 1671 3640; x_wconf 90' lang='lat' dir='ltr'><strong><em>cu-</em></strong></span> 
     </span>
    </p>
   </div>
   <div class='ocr_carea' id='block_1_38' title="bbox 68 3679 1671 3749">
    <p class='ocr_par' dir='ltr' id='par_1_38' title="bbox 68 3679 1671 3749">
     <span class='ocr_line' id='line_1_38' title="bbox 68 3679 1671 3749; baseline -0.006 -8"><span class='ocrx_word' id='word_1_309' title='bbox 68 3690 358 3741; x_wconf 70' lang='lat' dir='ltr'><strong><em>rationem</em></strong></span> <span class='ocrx_word' id='word_1_310' title='bbox 388 3683 728 3748; x_wconf 87' lang='lat' dir='ltr'><strong><em>exscindens,</em></strong></span> <span class='ocrx_word' id='word_1_311' title='bbox 773 3681 869 3737; x_wconf 90' lang='lat' dir='ltr'><strong><em>sed</em></strong></span> <span class='ocrx_word' id='word_1_312' title='bbox 909 3681 1243 3736; x_wconf 82' lang='lat' dir='ltr'><strong><em>curationem</em></strong></span> <span class='ocrx_word' id='word_1_313' title='bbox 1269 3680 1414 3733; x_wconf 81' lang='lat' dir='ltr'><strong><em>illam</em></strong></span> <span class='ocrx_word' id='word_1_314' title='bbox 1454 3694 1573 3749; x_wconf 67' lang='lat' dir='ltr'><strong><em>qua:</em></strong></span> <span class='ocrx_word' id='word_1_315' title='bbox 1617 3679 1671 3732; x_wconf 93' lang='lat' dir='ltr'><strong><em>in</em></strong></span> 
     </span>
    </p>
   </div>
   <div class='ocr_carea' id='block_1_39' title="bbox 67 3770 1672 3840">
    <p class='ocr_par' dir='ltr' id='par_1_39' title="bbox 67 3770 1672 3840">
     <span class='ocr_line' id='line_1_39' title="bbox 67 3770 1672 3840; baseline -0.006 -7"><span class='ocrx_word' id='word_1_316' title='bbox 67 3783 289 3834; x_wconf 72' lang='lat' dir='ltr'><strong><em>malum</em></strong></span> <span class='ocrx_word' id='word_1_317' title='bbox 322 3778 563 3832; x_wconf 77' lang='lat' dir='ltr'><strong><em>vertitur.</em></strong></span> <span class='ocrx_word' id='word_1_318' title='bbox 596 3775 685 3829; x_wconf 86' lang='lat' dir='ltr'><strong><em>Vis</em></strong></span> <span class='ocrx_word' id='word_1_319' title='bbox 714 3775 872 3830; x_wconf 85' lang='lat' dir='ltr'><strong><em>istum</em></strong></span> <span class='ocrx_word' id='word_1_320' title='bbox 896 3774 1126 3827; x_wconf 68' lang='lat' dir='ltr'><strong><em>curare?</em></strong></span> <span class='ocrx_word' id='word_1_321' title='bbox 1154 3771 1269 3825; x_wconf 83' lang='lat' dir='ltr'><strong><em>Non</em></strong></span> <span class='ocrx_word' id='word_1_322' title='bbox 1300 3771 1553 3840; x_wconf 85' lang='lat' dir='ltr'><strong><em>impedio,</em></strong></span> <span class='ocrx_word' id='word_1_323' title='bbox 1577 3770 1672 3824; x_wconf 90' lang='lat' dir='ltr'><strong><em>sed</em></strong></span> 
     </span>
    </p>
   </div>
   <div class='ocr_carea' id='block_1_40' title="bbox 63 3866 1674 3941">
    <p class='ocr_par' dir='ltr' id='par_1_40' title="bbox 63 3866 1674 3941">
     <span class='ocr_line' id='line_1_40' title="bbox 63 3866 1674 3941; baseline -0.006 -14"><span class='ocrx_word' id='word_1_324' title='bbox 63 3892 177 3927; x_wconf 90' lang='lat' dir='ltr'><strong><em>non</em></strong></span> <span class='ocrx_word' id='word_1_325' title='bbox 212 3873 273 3927; x_wconf 87' lang='lat' dir='ltr'><strong><em>in</em></strong></span> <span class='ocrx_word' id='word_1_326' title='bbox 310 3873 601 3941; x_wconf 84' lang='lat' dir='ltr'><strong><em>perniciem</em></strong></span> <span class='ocrx_word' id='word_1_327' title='bbox 642 3869 886 3923; x_wconf 74' lang='lat' dir='ltr'><strong><em>alterius.</em></strong></span> <span class='ocrx_word' id='word_1_328' title='bbox 931 3866 1045 3920; x_wconf 75' lang='lat' dir='ltr'><strong><em>Non</em></strong></span> <span class='ocrx_word' id='word_1_329' title='bbox 1077 3868 1217 3920; x_wconf 88' lang='lat' dir='ltr'><strong><em>enim</em></strong></span> <span class='ocrx_word' id='word_1_330' title='bbox 1250 3877 1305 3919; x_wconf 89' lang='lat' dir='ltr'><strong><em>ut</em></strong></span> <span class='ocrx_word' id='word_1_331' title='bbox 1344 3876 1531 3919; x_wconf 80' lang='lat' dir='ltr'><strong><em>contra</em></strong></span> <span class='ocrx_word' id='word_1_332' title='bbox 1578 3879 1674 3917; x_wconf 88' lang='lat' dir='ltr'><strong><em>nos</em></strong></span> 
     </span>
    </p>
   </div>
   <div class='ocr_carea' id='block_1_41' title="bbox 66 3958 1673 4026">
    <p class='ocr_par' dir='ltr' id='par_1_41' title="bbox 66 3958 1673 4026">
     <span class='ocr_line' id='line_1_41' title="bbox 66 3958 1673 4026; baseline -0.005 -5"><span class='ocrx_word' id='word_1_333' title='bbox 66 3969 316 4021; x_wconf 76' lang='lat' dir='ltr'><strong><em>invicem</em></strong></span> <span class='ocrx_word' id='word_1_334' title='bbox 341 3966 509 4019; x_wconf 89' lang='lat' dir='ltr'><strong><em>aciem</em></strong></span> <span class='ocrx_word' id='word_1_335' title='bbox 538 3965 863 4017; x_wconf 89' lang='lat' dir='ltr'><strong><em>instruamus</em></strong></span> <span class='ocrx_word' id='word_1_336' title='bbox 883 4002 902 4026; x_wconf 88' lang='lat'><strong><em>,</em></strong></span> <span class='ocrx_word' id='word_1_337' title='bbox 929 3960 1081 4014; x_wconf 89' lang='lat' dir='ltr'><strong><em>nobis</em></strong></span> <span class='ocrx_word' id='word_1_338' title='bbox 1110 3959 1225 4013; x_wconf 86' lang='lat' dir='ltr'><strong><em>dati</em></strong></span> <span class='ocrx_word' id='word_1_339' title='bbox 1248 3969 1369 4013; x_wconf 83' lang='lat' dir='ltr'><strong><em>sunt</em></strong></span> <span class='ocrx_word' id='word_1_340' title='bbox 1392 3958 1637 4013; x_wconf 88' lang='lat' dir='ltr'><strong><em>doctores</em></strong></span> <span class='ocrx_word' id='word_1_341' title='bbox 1655 3997 1673 4023; x_wconf 86' lang='lat'><strong><em>,</em></strong></span> 
     </span>
    </p>
   </div>
   <div class='ocr_carea' id='block_1_42' title="bbox 62 4050 1679 4122">
    <p class='ocr_par' dir='ltr' id='par_1_42' title="bbox 62 4050 1679 4122">
     <span class='ocr_line' id='line_1_42' title="bbox 62 4050 1679 4122; baseline -0.007 -7"><span class='ocrx_word' id='word_1_342' title='bbox 62 4061 163 4115; x_wconf 54' lang='lat' dir='ltr'><strong><em>st-d</em></strong></span> <span class='ocrx_word' id='word_1_343' title='bbox 214 4066 279 4114; x_wconf 91' lang='lat' dir='ltr'><strong><em>ut</em></strong></span> <span class='ocrx_word' id='word_1_344' title='bbox 325 4072 424 4112; x_wconf 90' lang='lat' dir='ltr'><strong><em>nos</em></strong></span> <span class='ocrx_word' id='word_1_345' title='bbox 460 4071 647 4111; x_wconf 87' lang='lat' dir='ltr'><strong><em>omnes</em></strong></span> <span class='ocrx_word' id='word_1_346' title='bbox 674 4052 1185 4122; x_wconf 89' lang='lat' dir='ltr'><strong><em>mutuojnngamus.</em></strong></span> <span class='ocrx_word' id='word_1_347' title='bbox 1219 4051 1334 4104; x_wconf 81' lang='lat' dir='ltr'><strong><em>Dux</em></strong></span> <span class='ocrx_word' id='word_1_348' title='bbox 1373 4050 1515 4105; x_wconf 86' lang='lat' dir='ltr'><strong><em>enim</em></strong></span> <span class='ocrx_word' id='word_1_349' title='bbox 1556 4050 1679 4104; x_wconf 90' lang='lat' dir='ltr'><strong><em>ideo</em></strong></span> 
     </span>
    </p>
   </div>
   <div class='ocr_carea' id='block_1_43' title="bbox 64 4140 1674 4219">
    <p class='ocr_par' dir='ltr' id='par_1_43' title="bbox 64 4140 1674 4219">
     <span class='ocr_line' id='line_1_43' title="bbox 64 4140 1674 4219; baseline -0.007 -13"><span class='ocrx_word' id='word_1_350' title='bbox 64 4151 351 4207; x_wconf 76' lang='lat' dir='ltr'><strong><em>exercitui</em></strong></span> <span class='ocrx_word' id='word_1_351' title='bbox 386 4147 675 4219; x_wconf 71' lang='lat' dir='ltr'><strong><em>pra-ﬁcitur</em></strong></span> <span class='ocrx_word' id='word_1_352' title='bbox 698 4186 713 4209; x_wconf 94' lang='lat'><strong><em>,</em></strong></span> <span class='ocrx_word' id='word_1_353' title='bbox 748 4152 806 4199; x_wconf 87' lang='grc' dir='ltr'><strong><em>ιιι</em></strong></span> <span class='ocrx_word' id='word_1_354' title='bbox 833 4156 1108 4213; x_wconf 88' lang='lat' dir='ltr'><strong><em>separatos</em></strong></span> <span class='ocrx_word' id='word_1_355' title='bbox 1137 4158 1301 4196; x_wconf 91' lang='lat' dir='ltr'><strong><em>unum</em></strong></span> <span class='ocrx_word' id='word_1_356' title='bbox 1328 4155 1525 4211; x_wconf 88' lang='lat' dir='ltr'><strong><em>corpus</em></strong></span> <span class='ocrx_word' id='word_1_357' title='bbox 1554 4140 1674 4195; x_wconf 84' lang='lat' dir='ltr'><strong>effi—</strong></span> 
     </span>
    </p>
   </div>
   <div class='ocr_carea' id='block_1_44' title="bbox 62 4232 1680 4301">
    <p class='ocr_par' dir='ltr' id='par_1_44' title="bbox 62 4232 1680 4301">
     <span class='ocr_line' id='line_1_44' title="bbox 62 4232 1680 4301; baseline -0.007 -4"><span class='ocrx_word' id='word_1_358' title='bbox 62 4248 181 4300; x_wconf 72' lang='lat' dir='ltr'><strong><em>t-iat</em></strong></span> <span class='ocrx_word' id='word_1_359' title='bbox 210 4264 227 4300; x_wconf 88' lang='lat'><strong>:</strong></span> <span class='ocrx_word' id='word_1_360' title='bbox 253 4244 305 4298; x_wconf 89' lang='lat' dir='ltr'><strong><em>si</em></strong></span> <span class='ocrx_word' id='word_1_361' title='bbox 333 4259 461 4297; x_wconf 78' lang='lat' dir='ltr'><strong><em>vero</em></strong></span> <span class='ocrx_word' id='word_1_362' title='bbox 490 4239 782 4295; x_wconf 85' lang='lat' dir='ltr'><strong><em>exercitum</em></strong></span> <span class='ocrx_word' id='word_1_363' title='bbox 806 4237 1119 4290; x_wconf 82' lang='lat' dir='ltr'><strong><em>divulsurus</em></strong></span> <span class='ocrx_word' id='word_1_364' title='bbox 1155 4235 1254 4298; x_wconf 85' lang='lat' dir='ltr'><strong><em>sit,</em></strong></span> <span class='ocrx_word' id='word_1_365' title='bbox 1281 4233 1481 4287; x_wconf 88' lang='lat' dir='ltr'><strong><em>inimici</em></strong></span> <span class='ocrx_word' id='word_1_366' title='bbox 1510 4232 1680 4301; x_wconf 80' lang='lat' dir='ltr'><strong><em>magis</em></strong></span> 
     </span>
    </p>
   </div>
   <div class='ocr_carea' id='block_1_45' title="bbox 63 4325 1680 4408">
    <p class='ocr_par' dir='ltr' id='par_1_45' title="bbox 63 4325 1680 4408">
     <span class='ocr_line' id='line_1_45' title="bbox 63 4325 1680 4408; baseline -0.008 -17"><span class='ocrx_word' id='word_1_367' title='bbox 63 4355 240 4408; x_wconf 81' lang='lat' dir='ltr'><strong><em>quam</em></strong></span> <span class='ocrx_word' id='word_1_368' title='bbox 276 4337 437 4391; x_wconf 89' lang='lat' dir='ltr'><strong><em>ducis</em></strong></span> <span class='ocrx_word' id='word_1_369' title='bbox 466 4337 639 4390; x_wconf 90' lang='lat' dir='ltr'><strong><em>locum</em></strong></span> <span class='ocrx_word' id='word_1_370' title='bbox 670 4333 877 4401; x_wconf 87' lang='lat' dir='ltr'><strong><em>implet.</em></strong></span> <span class='ocrx_word' id='word_1_371' title='bbox 908 4332 961 4386; x_wconf 91' lang='lat'><strong><em>7.</em></strong></span> <span class='ocrx_word' id='word_1_372' title='bbox 991 4330 1118 4396; x_wconf 87' lang='lat' dir='ltr'><strong><em>Quis</em></strong></span> <span class='ocrx_word' id='word_1_373' title='bbox 1143 4330 1275 4383; x_wconf 87' lang='lat' dir='ltr'><strong><em>enim</em></strong></span> <span class='ocrx_word' id='word_1_374' title='bbox 1314 4335 1361 4381; x_wconf 85' lang='lat' dir='ltr'><strong><em>te</em></strong></span> <span class='ocrx_word' id='word_1_375' title='bbox 1395 4325 1680 4380; x_wconf 82' lang='lat' dir='ltr'><strong><em>discernit?</em></strong></span> 
     </span>
    </p>
   </div>
   <div class='ocr_carea' id='block_1_46' title="bbox 61 4419 1677 4502">
    <p class='ocr_par' dir='ltr' id='par_1_46' title="bbox 61 4419 1677 4502">
     <span class='ocr_line' id='line_1_46' title="bbox 61 4419 1677 4502; baseline -0.007 -18"><span class='ocrx_word' id='word_1_376' title='bbox 61 4433 197 4502; x_wconf 78' lang='lat' dir='ltr'><strong><em>quid</em></strong></span> <span class='ocrx_word' id='word_1_377' title='bbox 247 4431 391 4485; x_wconf 86' lang='lat' dir='ltr'><strong><em>enim</em></strong></span> <span class='ocrx_word' id='word_1_378' title='bbox 436 4428 585 4482; x_wconf 89' lang='lat' dir='ltr'><strong><em>habes</em></strong></span> <span class='ocrx_word' id='word_1_379' title='bbox 620 4426 755 4497; x_wconf 83' lang='lat' dir='ltr'><strong><em>quod</em></strong></span> <span class='ocrx_word' id='word_1_380' title='bbox 796 4441 895 4479; x_wconf 89' lang='lat' dir='ltr'><strong><em>non</em></strong></span> <span class='ocrx_word' id='word_1_381' title='bbox 938 4420 1220 4495; x_wconf 76' lang='lat' dir='ltr'><strong><em>accepisti?</em></strong></span> <span class='ocrx_word' id='word_1_382' title='bbox 1249 4420 1419 4475; x_wconf 82' lang='lat' dir='ltr'><strong><em>Missis</em></strong></span> <span class='ocrx_word' id='word_1_383' title='bbox 1462 4419 1677 4474; x_wconf 88' lang='lat' dir='ltr'><strong><em>demum</em></strong></span> 
     </span>
    </p>
   </div>
   <div class='ocr_carea' id='block_1_47' title="bbox 64 4512 1678 4593">
    <p class='ocr_par' dir='ltr' id='par_1_47' title="bbox 64 4512 1678 4593">
     <span class='ocr_line' id='line_1_47' title="bbox 64 4512 1678 4593; baseline -0.009 -12"><span class='ocrx_word' id='word_1_384' title='bbox 64 4527 320 4582; x_wconf 75' lang='lat' dir='ltr'><strong><em>solulitis</em></strong></span> <span class='ocrx_word' id='word_1_385' title='bbox 344 4567 365 4592; x_wconf 86' lang='lat'><strong><em>,</em></strong></span> <span class='ocrx_word' id='word_1_386' title='bbox 391 4523 459 4578; x_wconf 87' lang='lat' dir='ltr'><strong><em>ad</em></strong></span> <span class='ocrx_word' id='word_1_387' title='bbox 499 4522 766 4593; x_wconf 86' lang='lat' dir='ltr'><strong><em>principes</em></strong></span> <span class='ocrx_word' id='word_1_388' title='bbox 792 4517 1139 4574; x_wconf 83' lang='lat' dir='ltr'><strong><em>convertitur.</em></strong></span> <span class='ocrx_word' id='word_1_389' title='bbox 1186 4515 1301 4571; x_wconf 81' lang='lat' dir='ltr'><strong><em>Hoc</em></strong></span> <span class='ocrx_word' id='word_1_390' title='bbox 1345 4523 1523 4567; x_wconf 91' lang='lat' dir='ltr'><strong><em>autem</em></strong></span> <span class='ocrx_word' id='word_1_391' title='bbox 1566 4512 1678 4566; x_wconf 86' lang='lat' dir='ltr'><strong><em>vult</em></strong></span> 
     </span>
    </p>
   </div>
   <div class='ocr_carea' id='block_1_48' title="bbox 62 4604 1679 4689">
    <p class='ocr_par' dir='ltr' id='par_1_48' title="bbox 62 4604 1679 4689">
     <span class='ocr_line' id='line_1_48' title="bbox 62 4604 1679 4689; baseline -0.009 -17"><span class='ocrx_word' id='word_1_392' title='bbox 62 4619 397 4689; x_wconf 76' lang='lat' dir='ltr'><strong><em>significare</em></strong></span> <span class='ocrx_word' id='word_1_393' title='bbox 424 4633 440 4673; x_wconf 72' lang='grc' dir='ltr'>ς</span> <span class='ocrx_word' id='word_1_394' title='bbox 472 4613 750 4671; x_wconf 85' lang='lat' dir='ltr'><strong><em>Undenam</em></strong></span> <span class='ocrx_word' id='word_1_395' title='bbox 795 4611 963 4680; x_wconf 86' lang='lat' dir='ltr'><strong><em>liquet</em></strong></span> <span class='ocrx_word' id='word_1_396' title='bbox 995 4607 1137 4680; x_wconf 88' lang='lat' dir='ltr'><strong><em>quod</em></strong></span> <span class='ocrx_word' id='word_1_397' title='bbox 1182 4616 1236 4661; x_wconf 87' lang='lat' dir='ltr'><strong><em>tu</em></strong></span> <span class='ocrx_word' id='word_1_398' title='bbox 1281 4605 1474 4676; x_wconf 89' lang='lat' dir='ltr'><strong><em>dignus</em></strong></span> <span class='ocrx_word' id='word_1_399' title='bbox 1520 4604 1679 4657; x_wconf 78' lang='lat' dir='ltr'><strong><em>laude</em></strong></span> 
     </span>
    </p>
   </div>
   <div class='ocr_carea' id='block_1_49' title="bbox 62 4695 1681 4774">
    <p class='ocr_par' dir='ltr' id='par_1_49' title="bbox 62 4695 1681 4774">
     <span class='ocr_line' id='line_1_49' title="bbox 62 4695 1681 4774; baseline -0.009 -11"><span class='ocrx_word' id='word_1_400' title='bbox 62 4712 191 4765; x_wconf 75' lang='lat' dir='ltr'><strong><em>sis?</em></strong></span> <span class='ocrx_word' id='word_1_401' title='bbox 236 4710 519 4764; x_wconf 86' lang='lat' dir='ltr'><strong><em>factumne</em></strong></span> <span class='ocrx_word' id='word_1_402' title='bbox 566 4714 649 4760; x_wconf 90' lang='lat' dir='ltr'><strong><em>est</em></strong></span> <span class='ocrx_word' id='word_1_403' title='bbox 693 4702 998 4774; x_wconf 80' lang='lat' dir='ltr'><strong><em>judicium?</em></strong></span> <span class='ocrx_word' id='word_1_404' title='bbox 1041 4698 1384 4771; x_wconf 81' lang='lat' dir='ltr'><strong><em>praecessitne</em></strong></span> <span class='ocrx_word' id='word_1_405' title='bbox 1411 4695 1681 4753; x_wconf 76' lang='lat' dir='ltr'><strong><em>examen?</em></strong></span> 
     </span>
    </p>
   </div>
   <div class='ocr_carea' id='block_1_50' title="bbox 62 4790 1682 4873">
    <p class='ocr_par' dir='ltr' id='par_1_50' title="bbox 62 4790 1682 4873">
     <span class='ocr_line' id='line_1_50' title="bbox 62 4790 1682 4873; baseline -0.01 -15"><span class='ocrx_word' id='word_1_406' title='bbox 62 4822 131 4858; x_wconf 83' lang='lat' dir='ltr'><strong><em>an</em></strong></span> <span class='ocrx_word' id='word_1_407' title='bbox 168 4801 439 4873; x_wconf 86' lang='lat' dir='ltr'><strong><em>probatio</em></strong></span> <span class='ocrx_word' id='word_1_408' title='bbox 461 4839 481 4864; x_wconf 90' lang='lat'><strong><em>,</em></strong></span> <span class='ocrx_word' id='word_1_409' title='bbox 507 4813 576 4851; x_wconf 89' lang='lat' dir='ltr'><strong><em>an</em></strong></span> <span class='ocrx_word' id='word_1_410' title='bbox 606 4806 855 4852; x_wconf 87' lang='lat' dir='ltr'><strong><em>accurata</em></strong></span> <span class='ocrx_word' id='word_1_411' title='bbox 885 4791 1240 4864; x_wconf 83' lang='lat' dir='ltr'><strong><em>perquisitio?</em></strong></span> <span class='ocrx_word' id='word_1_412' title='bbox 1281 4790 1387 4847; x_wconf 85' lang='lat' dir='ltr'><strong><em>Sed</em></strong></span> <span class='ocrx_word' id='word_1_413' title='bbox 1426 4790 1527 4845; x_wconf 90' lang='lat' dir='ltr'><strong><em>hoc</em></strong></span> <span class='ocrx_word' id='word_1_414' title='bbox 1571 4803 1682 4842; x_wconf 92' lang='lat' dir='ltr'><strong><em>non</em></strong></span> 
     </span>
    </p>
   </div>
   <div class='ocr_carea' id='block_1_51' title="bbox 64 4881 1683 4963">
    <p class='ocr_par' dir='ltr' id='par_1_51' title="bbox 64 4881 1683 4963">
     <span class='ocr_line' id='line_1_51' title="bbox 64 4881 1683 4963; baseline -0.004 -19"><span class='ocrx_word' id='word_1_415' title='bbox 64 4895 262 4963; x_wconf 77' lang='lat' dir='ltr'><strong><em>possis</em></strong></span> <span class='ocrx_word' id='word_1_416' title='bbox 312 4891 513 4945; x_wconf 83' lang='lat' dir='ltr'><strong><em>dicere.</em></strong></span> <span class='ocrx_word' id='word_1_417' title='bbox 554 4888 707 4956; x_wconf 86' lang='lat' dir='ltr'><strong><em>Quod</em></strong></span> <span class='ocrx_word' id='word_1_418' title='bbox 750 4888 793 4941; x_wconf 90' lang='lat' dir='ltr'><strong><em>si</em></strong></span> <span class='ocrx_word' id='word_1_419' title='bbox 824 4886 1069 4941; x_wconf 85' lang='lat' dir='ltr'><strong><em>homines</em></strong></span> <span class='ocrx_word' id='word_1_420' title='bbox 1091 4882 1356 4938; x_wconf 87' lang='lat' dir='ltr'><strong><em>calculum</em></strong></span> <span class='ocrx_word' id='word_1_421' title='bbox 1386 4881 1597 4948; x_wconf 73' lang='lat' dir='ltr'><strong><em>ierunt;</em></strong></span> <span class='ocrx_word' id='word_1_422' title='bbox 1627 4892 1683 4938; x_wconf 88' lang='lat' dir='ltr'><strong><em>at</em></strong></span> 
     </span>
    </p>
   </div>
   <div class='ocr_carea' id='block_1_52' title="bbox 63 4975 1683 5047">
    <p class='ocr_par' dir='ltr' id='par_1_52' title="bbox 63 4975 1683 5047">
     <span class='ocr_line' id='line_1_52' title="bbox 63 4975 1683 5047; baseline -0.005 -10"><span class='ocrx_word' id='word_1_423' title='bbox 63 5003 176 5039; x_wconf 77' lang='lat' dir='ltr'><strong><em>non</em></strong></span> <span class='ocrx_word' id='word_1_424' title='bbox 216 4991 441 5038; x_wconf 79' lang='lat' dir='ltr'><strong><em>rectum</em></strong></span> <span class='ocrx_word' id='word_1_425' title='bbox 473 4989 555 5034; x_wconf 90' lang='lat' dir='ltr'><strong><em>est</em></strong></span> <span class='ocrx_word' id='word_1_426' title='bbox 577 4981 795 5034; x_wconf 84' lang='lat' dir='ltr'><strong><em>illorum</em></strong></span> <span class='ocrx_word' id='word_1_427' title='bbox 815 4976 1101 5047; x_wconf 86' lang='lat' dir='ltr'><strong><em>judicium.</em></strong></span> <span class='ocrx_word' id='word_1_428' title='bbox 1132 4975 1401 5029; x_wconf 79' lang='lat' dir='ltr'><strong><em>Ponamus</em></strong></span> <span class='ocrx_word' id='word_1_429' title='bbox 1429 4982 1606 5028; x_wconf 90' lang='lat' dir='ltr'><strong><em>autem</em></strong></span> <span class='ocrx_word' id='word_1_430' title='bbox 1632 4983 1683 5029; x_wconf 83' lang='lat' dir='ltr'><strong><em>te</em></strong></span> 
     </span>
    </p>
   </div>
   <div class='ocr_carea' id='block_1_53' title="bbox 59 5067 1678 5149">
    <p class='ocr_par' dir='ltr' id='par_1_53' title="bbox 59 5067 1678 5149">
     <span class='ocr_line' id='line_1_53' title="bbox 59 5067 1678 5149; baseline -0.007 -16"><span class='ocrx_word' id='word_1_431' title='bbox 59 5081 314 5149; x_wconf 82' lang='lat' dir='ltr'><strong><em>dignum</em></strong></span> <span class='ocrx_word' id='word_1_432' title='bbox 344 5074 500 5130; x_wconf 85' lang='lat' dir='ltr'><strong><em>laude</em></strong></span> <span class='ocrx_word' id='word_1_433' title='bbox 521 5088 662 5138; x_wconf 89' lang='lat' dir='ltr'><strong><em>esse,</em></strong></span> <span class='ocrx_word' id='word_1_434' title='bbox 692 5080 746 5127; x_wconf 91' lang='lat' dir='ltr'><strong><em>et</em></strong></span> <span class='ocrx_word' id='word_1_435' title='bbox 770 5087 895 5127; x_wconf 84' lang='lat' dir='ltr'><strong><em>vere</em></strong></span> <span class='ocrx_word' id='word_1_436' title='bbox 913 5070 1139 5141; x_wconf 76' lang='lat' dir='ltr'><strong><em>gratiam</em></strong></span> <span class='ocrx_word' id='word_1_437' title='bbox 1159 5079 1211 5123; x_wconf 86' lang='lat' dir='ltr'><strong><em>et</em></strong></span> <span class='ocrx_word' id='word_1_438' title='bbox 1232 5068 1431 5123; x_wconf 88' lang='lat' dir='ltr'><strong><em>donum</em></strong></span> <span class='ocrx_word' id='word_1_439' title='bbox 1459 5067 1678 5133; x_wconf 77' lang='lat' dir='ltr'><strong><em>habere,</em></strong></span> 
     </span>
    </p>
   </div>
   <div class='ocr_carea' id='block_1_54' title="bbox 61 5161 1684 5239">
    <p class='ocr_par' dir='ltr' id='par_1_54' title="bbox 61 5161 1684 5239">
     <span class='ocr_line' id='line_1_54' title="bbox 61 5161 1684 5239; baseline -0.009 -10"><span class='ocrx_word' id='word_1_440' title='bbox 61 5188 170 5228; x_wconf 86' lang='lat' dir='ltr'><strong><em>nec</em></strong></span> <span class='ocrx_word' id='word_1_441' title='bbox 205 5178 537 5239; x_wconf 84' lang='lat' dir='ltr'><strong><em>corruptum</em></strong></span> <span class='ocrx_word' id='word_1_442' title='bbox 582 5181 703 5222; x_wconf 88' lang='lat' dir='ltr'><strong><em>esse</em></strong></span> <span class='ocrx_word' id='word_1_443' title='bbox 741 5165 1019 5219; x_wconf 87' lang='lat' dir='ltr'><strong><em>hominum</em></strong></span> <span class='ocrx_word' id='word_1_444' title='bbox 1056 5162 1316 5233; x_wconf 82' lang='lat' dir='ltr'><strong><em>judicium</em></strong></span> <span class='ocrx_word' id='word_1_445' title='bbox 1347 5180 1361 5217; x_wconf 90' lang='lat'><strong>:</strong></span> <span class='ocrx_word' id='word_1_446' title='bbox 1390 5176 1563 5232; x_wconf 89' lang='lat' dir='ltr'><strong><em>neque</em></strong></span> <span class='ocrx_word' id='word_1_447' title='bbox 1605 5161 1684 5216; x_wconf 84' lang='lat' dir='ltr'><strong><em>sic</em></strong></span> 
     </span>
    </p>
   </div>
   <div class='ocr_carea' id='block_1_55' title="bbox 60 5253 1683 5336">
    <p class='ocr_par' dir='ltr' id='par_1_55' title="bbox 60 5253 1683 5336">
     <span class='ocr_line' id='line_1_55' title="bbox 60 5253 1683 5336; baseline -0.007 -16"><span class='ocrx_word' id='word_1_448' title='bbox 60 5263 382 5336; x_wconf 82' lang='lat' dir='ltr'><strong><em>oportebat</em></strong></span> <span class='ocrx_word' id='word_1_449' title='bbox 408 5262 574 5315; x_wconf 89' lang='lat' dir='ltr'><strong><em>altum</em></strong></span> <span class='ocrx_word' id='word_1_450' title='bbox 605 5274 815 5329; x_wconf 82' lang='lat' dir='ltr'><strong><em>sapere.</em></strong></span> <span class='ocrx_word' id='word_1_451' title='bbox 842 5257 981 5312; x_wconf 84' lang='lat' dir='ltr'><strong><em>Nihil</em></strong></span> <span class='ocrx_word' id='word_1_452' title='bbox 1010 5258 1153 5312; x_wconf 78' lang='lat' dir='ltr'><strong><em>enim</em></strong></span> <span class='ocrx_word' id='word_1_453' title='bbox 1183 5271 1248 5311; x_wconf 82' lang='lat' dir='ltr'><strong><em>ex</em></strong></span> <span class='ocrx_word' id='word_1_454' title='bbox 1278 5264 1330 5311; x_wconf 87' lang='lat' dir='ltr'><strong><em>te</em></strong></span> <span class='ocrx_word' id='word_1_455' title='bbox 1360 5254 1556 5321; x_wconf 86' lang='lat' dir='ltr'><strong><em>babes,</em></strong></span> <span class='ocrx_word' id='word_1_456' title='bbox 1587 5253 1683 5309; x_wconf 86' lang='lat' dir='ltr'><strong><em>sed</em></strong></span> 
     </span>
    </p>
   </div>
   <div class='ocr_carea' id='block_1_56' title="bbox 59 5345 1683 5424">
    <p class='ocr_par' dir='ltr' id='par_1_56' title="bbox 59 5345 1683 5424">
     <span class='ocr_line' id='line_1_56' title="bbox 59 5345 1683 5424; baseline -0.008 -11"><span class='ocrx_word' id='word_1_457' title='bbox 59 5373 90 5413; x_wconf 85' lang='lat' dir='ltr'><strong><em>a</em></strong></span> <span class='ocrx_word' id='word_1_458' title='bbox 132 5359 261 5413; x_wconf 85' lang='lat' dir='ltr'><strong><em>Deo</em></strong></span> <span class='ocrx_word' id='word_1_459' title='bbox 289 5352 571 5424; x_wconf 86' lang='lat' dir='ltr'><strong><em>accepisti.</em></strong></span> <span class='ocrx_word' id='word_1_460' title='bbox 602 5352 713 5407; x_wconf 83' lang='lat' dir='ltr'><strong><em>Cur</em></strong></span> <span class='ocrx_word' id='word_1_461' title='bbox 738 5366 866 5420; x_wconf 85' lang='lat' dir='ltr'><strong><em>ergo</em></strong></span> <span class='ocrx_word' id='word_1_462' title='bbox 892 5358 943 5404; x_wconf 87' lang='lat' dir='ltr'><strong><em>te</em></strong></span> <span class='ocrx_word' id='word_1_463' title='bbox 969 5348 1170 5403; x_wconf 89' lang='lat' dir='ltr'><strong><em>habere</em></strong></span> <span class='ocrx_word' id='word_1_464' title='bbox 1196 5347 1416 5402; x_wconf 77' lang='lat' dir='ltr'><strong><em>simulas</em></strong></span> <span class='ocrx_word' id='word_1_465' title='bbox 1439 5346 1513 5409; x_wconf 89' lang='lat' dir='ltr'><strong><em>id,</em></strong></span> <span class='ocrx_word' id='word_1_466' title='bbox 1539 5345 1683 5415; x_wconf 90' lang='lat' dir='ltr'><strong><em>quod</em></strong></span> 
     </span>
    </p>
   </div>
   <div class='ocr_carea' id='block_1_57' title="bbox 65 5439 1685 5511">
    <p class='ocr_par' dir='ltr' id='par_1_57' title="bbox 65 5439 1685 5511">
     <span class='ocr_line' id='line_1_57' title="bbox 65 5439 1685 5511; baseline -0.007 -5"><span class='ocrx_word' id='word_1_467' title='bbox 65 5468 182 5506; x_wconf 90' lang='lat' dir='ltr'><strong><em>non</em></strong></span> <span class='ocrx_word' id='word_1_468' title='bbox 221 5448 450 5503; x_wconf 74' lang='lat' dir='ltr'><strong><em>habes?</em></strong></span> <span class='ocrx_word' id='word_1_469' title='bbox 497 5447 569 5501; x_wconf 78' lang='lat' dir='ltr'><strong><em>At</em></strong></span> <span class='ocrx_word' id='word_1_470' title='bbox 606 5454 661 5499; x_wconf 92' lang='lat' dir='ltr'><strong><em>tu</em></strong></span> <span class='ocrx_word' id='word_1_471' title='bbox 707 5443 809 5498; x_wconf 89' lang='lat' dir='ltr'><strong><em>hoc</em></strong></span> <span class='ocrx_word' id='word_1_472' title='bbox 840 5442 1045 5508; x_wconf 86' lang='lat' dir='ltr'><strong><em>babes,</em></strong></span> <span class='ocrx_word' id='word_1_473' title='bbox 1072 5452 1128 5495; x_wconf 90' lang='lat' dir='ltr'><strong><em>et</em></strong></span> <span class='ocrx_word' id='word_1_474' title='bbox 1171 5440 1259 5495; x_wconf 88' lang='lat' dir='ltr'><strong><em>alii</em></strong></span> <span class='ocrx_word' id='word_1_475' title='bbox 1303 5450 1498 5495; x_wconf 88' lang='lat' dir='ltr'><strong><em>tecum.</em></strong></span> <span class='ocrx_word' id='word_1_476' title='bbox 1541 5439 1685 5511; x_wconf 83' lang='lat' dir='ltr'><strong><em>Ergo</em></strong></span> 
     </span>
    </p>
   </div>
   <div class='ocr_carea' id='block_1_58' title="bbox 61 5531 1683 5608">
    <p class='ocr_par' dir='ltr' id='par_1_58' title="bbox 61 5531 1683 5608">
     <span class='ocr_line' id='line_1_58' title="bbox 61 5531 1683 5608; baseline -0.006 -11"><span class='ocrx_word' id='word_1_477' title='bbox 61 5557 199 5597; x_wconf 84' lang='lat' dir='ltr'><strong><em>eum</em></strong></span> <span class='ocrx_word' id='word_1_478' title='bbox 252 5536 540 5608; x_wconf 83' lang='lat' dir='ltr'><strong><em>acceperis</em></strong></span> <span class='ocrx_word' id='word_1_479' title='bbox 582 5536 763 5602; x_wconf 89' lang='lat' dir='ltr'><strong><em>babes,</em></strong></span> <span class='ocrx_word' id='word_1_480' title='bbox 796 5549 902 5590; x_wconf 92' lang='lat' dir='ltr'><strong><em>non</em></strong></span> <span class='ocrx_word' id='word_1_481' title='bbox 951 5533 1052 5589; x_wconf 91' lang='lat' dir='ltr'><strong><em>hoc</em></strong></span> <span class='ocrx_word' id='word_1_482' title='bbox 1081 5532 1165 5588; x_wconf 91' lang='lat' dir='ltr'><strong><em>vel</em></strong></span> <span class='ocrx_word' id='word_1_483' title='bbox 1193 5531 1351 5600; x_wconf 87' lang='lat' dir='ltr'><strong><em>illud,</em></strong></span> <span class='ocrx_word' id='word_1_484' title='bbox 1383 5531 1477 5589; x_wconf 87' lang='lat' dir='ltr'><strong><em>sed</em></strong></span> <span class='ocrx_word' id='word_1_485' title='bbox 1502 5534 1683 5588; x_wconf 85' lang='lat' dir='ltr'><strong><em>omnia</em></strong></span> 
     </span>
    </p>
   </div>
   <div class='ocr_carea' id='block_1_59' title="bbox 59 5631 439 5705">
    <p class='ocr_par' dir='ltr' id='par_1_59' title="bbox 59 5631 439 5705">
     <span class='ocr_line' id='line_1_59' title="bbox 59 5631 439 5705; baseline -0.011 -16"><span class='ocrx_word' id='word_1_486' title='bbox 59 5649 197 5705; x_wconf 69' lang='lat' dir='ltr'><strong><em>qua:</em></strong></span> <span class='ocrx_word' id='word_1_487' title='bbox 234 5633 314 5686; x_wconf 81' lang='lat' dir='ltr'><strong><em>ba</em></strong></span> <span class='ocrx_word' id='word_1_488' title='bbox 324 5631 439 5687; x_wconf 88' lang='lat' dir='ltr'><strong><em>bes.</em></strong></span> 
     </span>
    </p>
   </div>
   <div class='ocr_carea' id='block_1_60' title="bbox 137 5715 1686 5785">
    <p class='ocr_par' dir='ltr' id='par_1_60' title="bbox 137 5715 1686 5785">
     <span class='ocr_line' id='line_1_60' title="bbox 137 5715 1686 5785; baseline -0.005 -3"><span class='ocrx_word' id='word_1_489' title='bbox 137 5726 204 5782; x_wconf 67' lang='lat'><strong><em>3.</em></strong></span> <span class='ocrx_word' id='word_1_490' title='bbox 242 5722 374 5779; x_wconf 75' lang='lat' dir='ltr'><strong><em>Non</em></strong></span> <span class='ocrx_word' id='word_1_491' title='bbox 404 5725 549 5779; x_wconf 85' lang='lat' dir='ltr'><strong><em>enim</em></strong></span> <span class='ocrx_word' id='word_1_492' title='bbox 584 5721 697 5776; x_wconf 73' lang='lat' dir='ltr'><strong><em>lucc</em></strong></span> <span class='ocrx_word' id='word_1_493' title='bbox 722 5731 810 5776; x_wconf 85' lang='lat' dir='ltr'><strong><em>tua</em></strong></span> <span class='ocrx_word' id='word_1_494' title='bbox 840 5728 983 5777; x_wconf 84' lang='lat' dir='ltr'><strong><em>recte</em></strong></span> <span class='ocrx_word' id='word_1_495' title='bbox 1014 5717 1156 5774; x_wconf 80' lang='lat' dir='ltr'><strong><em>facta</em></strong></span> <span class='ocrx_word' id='word_1_496' title='bbox 1192 5726 1335 5785; x_wconf 89' lang='lat' dir='ltr'><strong><em>sunt,</em></strong></span> <span class='ocrx_word' id='word_1_497' title='bbox 1365 5716 1458 5775; x_wconf 87' lang='lat' dir='ltr'><strong><em>sed</em></strong></span> <span class='ocrx_word' id='word_1_498' title='bbox 1489 5732 1557 5774; x_wconf 79' lang='lat' dir='ltr'><strong><em>ex</em></strong></span> <span class='ocrx_word' id='word_1_499' title='bbox 1588 5715 1686 5774; x_wconf 87' lang='lat' dir='ltr'><strong><em>Dei</em></strong></span> 
     </span>
    </p>
   </div>
   <div class='ocr_carea' id='block_1_61' title="bbox 1748 365 3329 436">
    <p class='ocr_par' dir='ltr' id='par_1_61' title="bbox 1748 365 3329 436">
     <span class='ocr_line' id='line_1_61' title="bbox 1748 365 3329 436; baseline 0.01 -18"><span class='ocrx_word' id='word_1_500' title='bbox 1748 366 1919 436; x_wconf 84' lang='lat' dir='ltr'><strong><em>gratia</em></strong></span> <span class='ocrx_word' id='word_1_501' title='bbox 1948 368 2282 436; x_wconf 89' lang='lat' dir='ltr'><strong><em>proveniunt.</em></strong></span> <span class='ocrx_word' id='word_1_502' title='bbox 2312 366 2367 423; x_wconf 89' lang='lat' dir='ltr'><strong><em>Si</em></strong></span> <span class='ocrx_word' id='word_1_503' title='bbox 2400 365 2559 423; x_wconf 81' lang='lat' dir='ltr'><strong><em>fidem</em></strong></span> <span class='ocrx_word' id='word_1_504' title='bbox 2590 368 2813 436; x_wconf 80' lang='lat' dir='ltr'><strong><em>dixeris,</em></strong></span> <span class='ocrx_word' id='word_1_505' title='bbox 2839 384 2907 426; x_wconf 83' lang='lat' dir='ltr'><strong><em>ex</em></strong></span> <span class='ocrx_word' id='word_1_506' title='bbox 2934 374 3211 431; x_wconf 84' lang='lat' dir='ltr'><strong><em>vocatione</em></strong></span> <span class='ocrx_word' id='word_1_507' title='bbox 3241 378 3329 434; x_wconf 88' lang='lat' dir='ltr'><strong><em>illa</em></strong></span> 
     </span>
    </p>
   </div>
   <div class='ocr_carea' id='block_1_62' title="bbox 1744 463 3329 535">
    <p class='ocr_par' dir='ltr' id='par_1_62' title="bbox 1744 463 3329 535">
     <span class='ocr_line' id='line_1_62' title="bbox 1744 463 3329 535; baseline 0.009 -21"><span class='ocrx_word' id='word_1_508' title='bbox 1744 463 1931 528; x_wconf 88' lang='lat' dir='ltr'><strong><em>venit;</em></strong></span> <span class='ocrx_word' id='word_1_509' title='bbox 1967 464 2011 518; x_wconf 88' lang='lat' dir='ltr'><strong><em>si</em></strong></span> <span class='ocrx_word' id='word_1_510' title='bbox 2037 464 2410 519; x_wconf 87' lang='lat' dir='ltr'><strong><em>remissionem</em></strong></span> <span class='ocrx_word' id='word_1_511' title='bbox 2436 472 2796 535; x_wconf 87' lang='lat' dir='ltr'><strong><em>peccatorum,</em></strong></span> <span class='ocrx_word' id='word_1_512' title='bbox 2829 467 2873 522; x_wconf 90' lang='lat' dir='ltr'><strong><em>si</em></strong></span> <span class='ocrx_word' id='word_1_513' title='bbox 2908 469 3254 534; x_wconf 71' lang='lat' dir='ltr'><strong><em>charismata,</em></strong></span> <span class='ocrx_word' id='word_1_514' title='bbox 3283 474 3329 528; x_wconf 90' lang='lat' dir='ltr'><strong><em>si</em></strong></span> 
     </span>
    </p>
   </div>
   <div class='ocr_carea' id='block_1_63' title="bbox 1719 551 3337 632">
    <p class='ocr_par' dir='ltr' id='par_1_63' title="bbox 1719 551 3337 632">
     <span class='ocr_line' id='line_1_63' title="bbox 1719 551 3337 632; baseline 0.007 -27"><span class='ocrx_word' id='word_1_515' title='bbox 1719 551 1998 608; x_wconf 71' lang='lat' dir='ltr'><strong><em>.doctrinae</em></strong></span> <span class='ocrx_word' id='word_1_516' title='bbox 2026 554 2273 618; x_wconf 87' lang='lat' dir='ltr'><strong><em>verbum,</em></strong></span> <span class='ocrx_word' id='word_1_517' title='bbox 2302 555 2347 610; x_wconf 89' lang='lat' dir='ltr'><strong><em>si</em></strong></span> <span class='ocrx_word' id='word_1_518' title='bbox 2370 554 2624 610; x_wconf 72' lang='lat' dir='ltr'><strong><em>virtutes‘</em></strong></span> <span class='ocrx_word' id='word_1_519' title='bbox 2656 574 2670 610; x_wconf 90' lang='lat'><strong>:</strong></span> <span class='ocrx_word' id='word_1_520' title='bbox 2698 558 2875 612; x_wconf 90' lang='lat' dir='ltr'><strong><em>omnia</em></strong></span> <span class='ocrx_word' id='word_1_521' title='bbox 2902 558 3028 615; x_wconf 89' lang='lat' dir='ltr'><strong><em>inde</em></strong></span> <span class='ocrx_word' id='word_1_522' title='bbox 3054 562 3337 632; x_wconf 75' lang='lat' dir='ltr'><strong><em>accepisti.</em></strong></span> 
     </span>
    </p>
   </div>
   <div class='ocr_carea' id='block_1_64' title="bbox 1744 643 3337 721">
    <p class='ocr_par' dir='ltr' id='par_1_64' title="bbox 1744 643 3337 721">
     <span class='ocr_line' id='line_1_64' title="bbox 1744 643 3337 721; baseline 0.007 -23"><span class='ocrx_word' id='word_1_523' title='bbox 1744 643 1880 710; x_wconf 85' lang='lat' dir='ltr'><strong><em>Quid</em></strong></span> <span class='ocrx_word' id='word_1_524' title='bbox 1911 660 2038 716; x_wconf 85' lang='lat' dir='ltr'><strong><em>ergo</em></strong></span> <span class='ocrx_word' id='word_1_525' title='bbox 2068 645 2255 709; x_wconf 88' lang='lat' dir='ltr'><strong><em>habes,</em></strong></span> <span class='ocrx_word' id='word_1_526' title='bbox 2284 662 2469 717; x_wconf 73' lang='lat' dir='ltr'><strong><em>qumso</em></strong></span> <span class='ocrx_word' id='word_1_527' title='bbox 2497 658 2569 713; x_wconf 92' lang='lat' dir='ltr'><strong><em>te,</em></strong></span> <span class='ocrx_word' id='word_1_528' title='bbox 2604 648 2744 718; x_wconf 90' lang='lat' dir='ltr'><strong><em>quod</em></strong></span> <span class='ocrx_word' id='word_1_529' title='bbox 2774 664 2879 704; x_wconf 93' lang='lat' dir='ltr'><strong><em>non</em></strong></span> <span class='ocrx_word' id='word_1_530' title='bbox 2905 652 3200 721; x_wconf 86' lang='lat' dir='ltr'><strong><em>acceperis,</em></strong></span> <span class='ocrx_word' id='word_1_531' title='bbox 3235 652 3337 709; x_wconf 68' lang='lat' dir='ltr'><strong><em>sed:</em></strong></span> 
     </span>
    </p>
   </div>
   <div class='ocr_carea' id='block_1_65' title="bbox 1745 736 3333 814">
    <p class='ocr_par' dir='ltr' id='par_1_65' title="bbox 1745 736 3333 814">
     <span class='ocr_line' id='line_1_65' title="bbox 1745 736 3333 814; baseline 0.006 -24"><span class='ocrx_word' id='word_1_532' title='bbox 1745 750 1812 790; x_wconf 87' lang='lat' dir='ltr'><strong><em>ex</em></strong></span> <span class='ocrx_word' id='word_1_533' title='bbox 1844 744 1894 790; x_wconf 89' lang='lat' dir='ltr'><strong><em>te</em></strong></span> <span class='ocrx_word' id='word_1_534' title='bbox 1921 736 2035 806; x_wconf 86' lang='lat' dir='ltr'><strong><em>ipso</em></strong></span> <span class='ocrx_word' id='word_1_535' title='bbox 2054 747 2201 792; x_wconf 88' lang='lat' dir='ltr'><strong><em>recte</em></strong></span> <span class='ocrx_word' id='word_1_536' title='bbox 2230 738 2545 809; x_wconf 85' lang='lat' dir='ltr'><strong><em>acquisieris</em></strong></span> <span class='ocrx_word' id='word_1_537' title='bbox 2567 740 2591 791; x_wconf 75' lang='lat'><strong>7</strong></span> <span class='ocrx_word' id='word_1_538' title='bbox 2613 740 2744 794; x_wconf 87' lang='lat' dir='ltr'><strong><em>nihil</em></strong></span> <span class='ocrx_word' id='word_1_539' title='bbox 2785 741 2965 797; x_wconf 87' lang='lat' dir='ltr'><strong><em>dicere</em></strong></span> <span class='ocrx_word' id='word_1_540' title='bbox 3003 744 3198 814; x_wconf 85' lang='lat' dir='ltr'><strong><em>possis.</em></strong></span> <span class='ocrx_word' id='word_1_541' title='bbox 3225 743 3333 801; x_wconf 88' lang='lat' dir='ltr'><strong><em>Sed</em></strong></span> 
     </span>
    </p>
   </div>
   <div class='ocr_carea' id='block_1_66' title="bbox 1746 826 3336 904">
    <p class='ocr_par' dir='ltr' id='par_1_66' title="bbox 1746 826 3336 904">
     <span class='ocr_line' id='line_1_66' title="bbox 1746 826 3336 904; baseline 0.007 -25"><span class='ocrx_word' id='word_1_542' title='bbox 1746 826 2020 896; x_wconf 87' lang='lat' dir='ltr'><strong><em>accepisti,</em></strong></span> <span class='ocrx_word' id='word_1_543' title='bbox 2045 836 2100 882; x_wconf 93' lang='lat' dir='ltr'><strong><em>et</em></strong></span> <span class='ocrx_word' id='word_1_544' title='bbox 2127 827 2249 883; x_wconf 89' lang='lat' dir='ltr'><strong><em>ideo</em></strong></span> <span class='ocrx_word' id='word_1_545' title='bbox 2276 830 2440 884; x_wconf 89' lang='lat' dir='ltr'><strong><em>altum</em></strong></span> <span class='ocrx_word' id='word_1_546' title='bbox 2482 830 2625 899; x_wconf 88' lang='lat' dir='ltr'><strong><em>sapis</em></strong></span> <span class='ocrx_word' id='word_1_547' title='bbox 2653 830 2677 884; x_wconf 67' lang='grc' dir='ltr'><em>ἲ</em></span> <span class='ocrx_word' id='word_1_548' title='bbox 2707 830 2834 886; x_wconf 86' lang='lat' dir='ltr'><strong><em>ldeo</em></strong></span> <span class='ocrx_word' id='word_1_549' title='bbox 2872 842 3019 888; x_wconf 89' lang='lat' dir='ltr'><strong><em>certe</em></strong></span> <span class='ocrx_word' id='word_1_550' title='bbox 3051 834 3336 904; x_wconf 87' lang='lat' dir='ltr'><strong><em>oportebat</em></strong></span> 
     </span>
    </p>
   </div>
   <div class='ocr_carea' id='block_1_67' title="bbox 1750 921 3341 999">
    <p class='ocr_par' dir='ltr' id='par_1_67' title="bbox 1750 921 3341 999">
     <span class='ocr_line' id='line_1_67' title="bbox 1750 921 3341 999; baseline 0.006 -25"><span class='ocrx_word' id='word_1_551' title='bbox 1750 921 1976 990; x_wconf 89' lang='lat' dir='ltr'><strong><em>teipsum</em></strong></span> <span class='ocrx_word' id='word_1_552' title='bbox 2015 921 2319 993; x_wconf 89' lang='lat' dir='ltr'><strong><em>deprimere</em></strong></span> <span class='ocrx_word' id='word_1_553' title='bbox 2346 940 2360 987; x_wconf 88' lang='lat'><strong>;</strong></span> <span class='ocrx_word' id='word_1_554' title='bbox 2395 939 2499 979; x_wconf 92' lang='lat' dir='ltr'><strong><em>non</em></strong></span> <span class='ocrx_word' id='word_1_555' title='bbox 2522 926 2665 979; x_wconf 91' lang='lat' dir='ltr'><strong><em>enim</em></strong></span> <span class='ocrx_word' id='word_1_556' title='bbox 2694 936 2841 982; x_wconf 91' lang='lat' dir='ltr'><strong><em>tuum</em></strong></span> <span class='ocrx_word' id='word_1_557' title='bbox 2872 936 2958 982; x_wconf 89' lang='lat' dir='ltr'><strong><em>est</em></strong></span> <span class='ocrx_word' id='word_1_558' title='bbox 2987 928 3039 983; x_wconf 91' lang='lat' dir='ltr'><strong><em>id</em></strong></span> <span class='ocrx_word' id='word_1_559' title='bbox 3066 929 3208 999; x_wconf 89' lang='lat' dir='ltr'><strong><em>quod</em></strong></span> <span class='ocrx_word' id='word_1_560' title='bbox 3240 929 3341 984; x_wconf 84' lang='lat' dir='ltr'><strong><em>tibi</em></strong></span> 
     </span>
    </p>
   </div>
   <div class='ocr_carea' id='block_1_68' title="bbox 1748 1010 3346 1087">
    <p class='ocr_par' dir='ltr' id='par_1_68' title="bbox 1748 1010 3346 1087">
     <span class='ocr_line' id='line_1_68' title="bbox 1748 1010 3346 1087; baseline 0.007 -22"><span class='ocrx_word' id='word_1_561' title='bbox 1748 1010 1929 1066; x_wconf 81' lang='lat' dir='ltr'><strong><em>datum</em></strong></span> <span class='ocrx_word' id='word_1_562' title='bbox 1955 1022 2056 1077; x_wconf 89' lang='lat' dir='ltr'><strong><em>est,</em></strong></span> <span class='ocrx_word' id='word_1_563' title='bbox 2086 1012 2179 1068; x_wconf 90' lang='lat' dir='ltr'><strong><em>sed</em></strong></span> <span class='ocrx_word' id='word_1_564' title='bbox 2200 1013 2395 1069; x_wconf 85' lang='lat' dir='ltr'><strong><em>dantis.</em></strong></span> <span class='ocrx_word' id='word_1_565' title='bbox 2419 1015 2472 1070; x_wconf 88' lang='lat' dir='ltr'><strong><em>Si</em></strong></span> <span class='ocrx_word' id='word_1_566' title='bbox 2505 1016 2646 1071; x_wconf 91' lang='lat' dir='ltr'><strong><em>enim</em></strong></span> <span class='ocrx_word' id='word_1_567' title='bbox 2672 1018 2945 1087; x_wconf 88' lang='lat' dir='ltr'><strong><em>accepisti,</em></strong></span> <span class='ocrx_word' id='word_1_568' title='bbox 2971 1019 3039 1073; x_wconf 87' lang='lat' dir='ltr'><strong><em>ab</em></strong></span> <span class='ocrx_word' id='word_1_569' title='bbox 3068 1020 3159 1075; x_wconf 94' lang='lat' dir='ltr'><strong><em>illo</em></strong></span> <span class='ocrx_word' id='word_1_570' title='bbox 3184 1035 3346 1076; x_wconf 81' lang='lat' dir='ltr'><strong><em>acce-</em></strong></span> 
     </span>
    </p>
   </div>
   <div class='ocr_carea' id='block_1_69' title="bbox 1751 1106 3335 1182">
    <p class='ocr_par' dir='ltr' id='par_1_69' title="bbox 1751 1106 3335 1182">
     <span class='ocr_line' id='line_1_69' title="bbox 1751 1106 3335 1182; baseline 0.007 -24"><span class='ocrx_word' id='word_1_571' title='bbox 1751 1106 1872 1175; x_wconf 88' lang='lat' dir='ltr'><strong><em>pisti</em></strong></span> <span class='ocrx_word' id='word_1_572' title='bbox 1910 1122 1921 1159; x_wconf 91' lang='lat'>:</span> <span class='ocrx_word' id='word_1_573' title='bbox 1954 1107 1997 1160; x_wconf 91' lang='lat' dir='ltr'><strong><em>si</em></strong></span> <span class='ocrx_word' id='word_1_574' title='bbox 2025 1107 2093 1161; x_wconf 88' lang='lat' dir='ltr'><strong><em>ab</em></strong></span> <span class='ocrx_word' id='word_1_575' title='bbox 2122 1107 2213 1162; x_wconf 91' lang='lat' dir='ltr'><strong><em>illo</em></strong></span> <span class='ocrx_word' id='word_1_576' title='bbox 2255 1107 2539 1178; x_wconf 89' lang='lat' dir='ltr'><strong><em>accepisti,</em></strong></span> <span class='ocrx_word' id='word_1_577' title='bbox 2570 1125 2678 1164; x_wconf 90' lang='lat' dir='ltr'><strong><em>non</em></strong></span> <span class='ocrx_word' id='word_1_578' title='bbox 2711 1125 2824 1165; x_wconf 90' lang='lat' dir='ltr'><strong><em>rem</em></strong></span> <span class='ocrx_word' id='word_1_579' title='bbox 2854 1118 2997 1165; x_wconf 89' lang='lat' dir='ltr'><strong><em>tuam</em></strong></span> <span class='ocrx_word' id='word_1_580' title='bbox 3034 1113 3285 1182; x_wconf 89' lang='lat' dir='ltr'><strong><em>accepisti</em></strong></span> <span class='ocrx_word' id='word_1_581' title='bbox 3319 1132 3335 1171; x_wconf 89' lang='lat'>:</span> 
     </span>
    </p>
   </div>
   <div class='ocr_carea' id='block_1_70' title="bbox 1751 1198 3335 1277">
    <p class='ocr_par' dir='ltr' id='par_1_70' title="bbox 1751 1198 3335 1277">
     <span class='ocr_line' id='line_1_70' title="bbox 1751 1198 3335 1277; baseline 0.006 -27"><span class='ocrx_word' id='word_1_582' title='bbox 1751 1198 1890 1271; x_wconf 89' lang='lat' dir='ltr'><strong><em>quod</em></strong></span> <span class='ocrx_word' id='word_1_583' title='bbox 1932 1200 1977 1254; x_wconf 91' lang='lat' dir='ltr'><strong><em>si</em></strong></span> <span class='ocrx_word' id='word_1_584' title='bbox 2028 1216 2134 1254; x_wconf 92' lang='lat' dir='ltr'><strong><em>non</em></strong></span> <span class='ocrx_word' id='word_1_585' title='bbox 2175 1216 2287 1256; x_wconf 90' lang='lat' dir='ltr'><strong><em>rem</em></strong></span> <span class='ocrx_word' id='word_1_586' title='bbox 2331 1210 2474 1256; x_wconf 86' lang='lat' dir='ltr'><strong><em>tuam</em></strong></span> <span class='ocrx_word' id='word_1_587' title='bbox 2504 1203 2792 1273; x_wconf 84' lang='lat' dir='ltr'><strong><em>accepisti,</em></strong></span> <span class='ocrx_word' id='word_1_588' title='bbox 2833 1218 2930 1259; x_wconf 90' lang='lat' dir='ltr'><strong>cur</strong></span> <span class='ocrx_word' id='word_1_589' title='bbox 2960 1206 3124 1260; x_wconf 89' lang='lat' dir='ltr'><strong><em>altum</em></strong></span> <span class='ocrx_word' id='word_1_590' title='bbox 3155 1207 3335 1277; x_wconf 82' lang='lat' dir='ltr'><strong><em>sapis,</em></strong></span> 
     </span>
    </p>
   </div>
   <div class='ocr_carea' id='block_1_71' title="bbox 1751 1292 3348 1368">
    <p class='ocr_par' dir='ltr' id='par_1_71' title="bbox 1751 1292 3348 1368">
     <span class='ocr_line' id='line_1_71' title="bbox 1751 1292 3348 1368; baseline 0.008 -25"><span class='ocrx_word' id='word_1_591' title='bbox 1751 1292 1901 1361; x_wconf 88' lang='lat' dir='ltr'><strong><em>quasi</em></strong></span> <span class='ocrx_word' id='word_1_592' title='bbox 1934 1307 2043 1345; x_wconf 90' lang='lat' dir='ltr'><strong><em>rem</em></strong></span> <span class='ocrx_word' id='word_1_593' title='bbox 2080 1305 2221 1347; x_wconf 86' lang='lat' dir='ltr'><strong><em>tuam</em></strong></span> <span class='ocrx_word' id='word_1_594' title='bbox 2253 1292 2456 1349; x_wconf 86' lang='lat' dir='ltr'><strong><em>habens</em></strong></span> <span class='ocrx_word' id='word_1_595' title='bbox 2486 1293 2511 1347; x_wconf 87' lang='lat'><strong>?</strong></span> <span class='ocrx_word' id='word_1_596' title='bbox 2550 1293 2909 1361; x_wconf 85' lang='lat' dir='ltr'><strong><em>Quamobrem</em></strong></span> <span class='ocrx_word' id='word_1_597' title='bbox 2936 1296 3247 1368; x_wconf 87' lang='lat' dir='ltr'><strong><em>subjungit:</em></strong></span> <span class='ocrx_word' id='word_1_598' title='bbox 3277 1298 3348 1355; x_wconf 81' lang='lat' dir='ltr'><strong><em>Si</em></strong></span> 
     </span>
    </p>
   </div>
   <div class='ocr_carea' id='block_1_72' title="bbox 1752 1386 3351 1460">
    <p class='ocr_par' dir='ltr' id='par_1_72' title="bbox 1752 1386 3351 1460">
     <span class='ocr_line' id='line_1_72' title="bbox 1752 1386 3351 1460; baseline 0.005 -23"><span class='ocrx_word' id='word_1_599' title='bbox 1752 1392 1918 1438; x_wconf 79' lang='lat' dir='ltr'><strong><em>autem</em></strong></span> <span class='ocrx_word' id='word_1_600' title='bbox 1962 1386 2222 1454; x_wconf 82' lang='lat' dir='ltr'><strong><em>accepisti,</em></strong></span> <span class='ocrx_word' id='word_1_601' title='bbox 2262 1386 2387 1457; x_wconf 82' lang='lat' dir='ltr'><strong><em>quid</em></strong></span> <span class='ocrx_word' id='word_1_602' title='bbox 2423 1386 2660 1457; x_wconf 83' lang='lat' dir='ltr'><strong><em>gloriaris</em></strong></span> <span class='ocrx_word' id='word_1_603' title='bbox 2703 1389 2849 1457; x_wconf 81' lang='lat' dir='ltr'><strong><em>quasi</em></strong></span> <span class='ocrx_word' id='word_1_604' title='bbox 2891 1405 2993 1442; x_wconf 87' lang='lat' dir='ltr'><strong><em>non</em></strong></span> <span class='ocrx_word' id='word_1_605' title='bbox 3035 1392 3289 1460; x_wconf 84' lang='lat' dir='ltr'><strong><em>acceperis</em></strong></span> <span class='ocrx_word' id='word_1_606' title='bbox 3316 1392 3351 1446; x_wconf 75' lang='grc' dir='ltr'><em>γ</em></span> 
     </span>
    </p>
   </div>
   <div class='ocr_carea' id='block_1_73' title="bbox 1752 1474 3344 1550">
    <p class='ocr_par' dir='ltr' id='par_1_73' title="bbox 1752 1474 3344 1550">
     <span class='ocr_line' id='line_1_73' title="bbox 1752 1474 3344 1550; baseline 0.005 -20"><span class='ocrx_word' id='word_1_607' title='bbox 1752 1474 1886 1530; x_wconf 85' lang='lat' dir='ltr'><strong><em>Cum</em></strong></span> <span class='ocrx_word' id='word_1_608' title='bbox 1915 1491 2044 1545; x_wconf 89' lang='lat' dir='ltr'><strong><em>ergo</em></strong></span> <span class='ocrx_word' id='word_1_609' title='bbox 2069 1492 2134 1531; x_wconf 84' lang='lat' dir='ltr'><strong><em>ex</em></strong></span> <span class='ocrx_word' id='word_1_610' title='bbox 2165 1492 2429 1532; x_wconf 80' lang='lat' dir='ltr'><strong><em>concursu</em></strong></span> <span class='ocrx_word' id='word_1_611' title='bbox 2452 1477 2651 1533; x_wconf 90' lang='lat' dir='ltr'><strong><em>dictum</em></strong></span> <span class='ocrx_word' id='word_1_612' title='bbox 2670 1493 2822 1533; x_wconf 92' lang='lat' dir='ltr'><strong><em>suum</em></strong></span> <span class='ocrx_word' id='word_1_613' title='bbox 2843 1480 3142 1550; x_wconf 86' lang='lat' dir='ltr'><strong><em>probasset,</em></strong></span> <span class='ocrx_word' id='word_1_614' title='bbox 3162 1491 3344 1537; x_wconf 79' lang='lat' dir='ltr'><strong><em>osten-</em></strong></span> 
     </span>
    </p>
   </div>
   <div class='ocr_carea' id='block_1_74' title="bbox 1755 1566 3343 1635">
    <p class='ocr_par' dir='ltr' id='par_1_74' title="bbox 1755 1566 3343 1635">
     <span class='ocr_line' id='line_1_74' title="bbox 1755 1566 3343 1635; baseline 0.006 -15"><span class='ocrx_word' id='word_1_615' title='bbox 1755 1566 1834 1620; x_wconf 87' lang='lat' dir='ltr'><strong><em>dit</em></strong></span> <span class='ocrx_word' id='word_1_616' title='bbox 1855 1567 1936 1621; x_wconf 92' lang='lat' dir='ltr'><strong><em>vel</em></strong></span> <span class='ocrx_word' id='word_1_617' title='bbox 1961 1569 2122 1621; x_wconf 87' lang='lat' dir='ltr'><strong><em>multa</em></strong></span> <span class='ocrx_word' id='word_1_618' title='bbox 2156 1569 2259 1623; x_wconf 84' lang='lat' dir='ltr'><strong><em>illis</em></strong></span> <span class='ocrx_word' id='word_1_619' title='bbox 2284 1569 2497 1635; x_wconf 79' lang='lat' dir='ltr'><strong><em>deesse,</em></strong></span> <span class='ocrx_word' id='word_1_620' title='bbox 2528 1580 2582 1624; x_wconf 90' lang='lat' dir='ltr'><strong><em>et</em></strong></span> <span class='ocrx_word' id='word_1_621' title='bbox 2605 1571 2714 1624; x_wconf 85' lang='lat' dir='ltr'><strong><em>ait:</em></strong></span> <span class='ocrx_word' id='word_1_622' title='bbox 2746 1572 2904 1627; x_wconf 85' lang='lat' dir='ltr'><strong><em>Certe</em></strong></span> <span class='ocrx_word' id='word_1_623' title='bbox 2932 1572 3138 1628; x_wconf 90' lang='lat' dir='ltr'><strong><em>etiamsi</em></strong></span> <span class='ocrx_word' id='word_1_624' title='bbox 3164 1577 3343 1630; x_wconf 70' lang='lat' dir='ltr'><strong><em>omnia</em></strong></span> 
     </span>
    </p>
   </div>
   <div class='ocr_carea' id='block_1_75' title="bbox 1756 1660 3344 1731">
    <p class='ocr_par' dir='ltr' id='par_1_75' title="bbox 1756 1660 3344 1731">
     <span class='ocr_line' id='line_1_75' title="bbox 1756 1660 3344 1731; baseline 0.004 -18"><span class='ocrx_word' id='word_1_625' title='bbox 1756 1660 2119 1728; x_wconf 85' lang='lat' dir='ltr'><strong><em>accepissetis,</em></strong></span> <span class='ocrx_word' id='word_1_626' title='bbox 2151 1674 2256 1713; x_wconf 93' lang='lat' dir='ltr'><strong><em>non</em></strong></span> <span class='ocrx_word' id='word_1_627' title='bbox 2286 1669 2560 1729; x_wconf 85' lang='lat' dir='ltr'><strong><em>oporteret</em></strong></span> <span class='ocrx_word' id='word_1_628' title='bbox 2596 1661 2854 1731; x_wconf 90' lang='lat' dir='ltr'><strong><em>gloriari;</em></strong></span> <span class='ocrx_word' id='word_1_629' title='bbox 2902 1662 3029 1717; x_wconf 90' lang='lat' dir='ltr'><strong><em>nihil</em></strong></span> <span class='ocrx_word' id='word_1_630' title='bbox 3074 1664 3218 1719; x_wconf 89' lang='lat' dir='ltr'><strong><em>enim</em></strong></span> <span class='ocrx_word' id='word_1_631' title='bbox 3249 1682 3344 1720; x_wconf 85' lang='lat' dir='ltr'><strong><em>ve-</em></strong></span> 
     </span>
    </p>
   </div>
   <div class='ocr_carea' id='block_1_76' title="bbox 1757 1751 3353 1827">
    <p class='ocr_par' dir='ltr' id='par_1_76' title="bbox 1757 1751 3353 1827">
     <span class='ocr_line' id='line_1_76' title="bbox 1757 1751 3353 1827; baseline 0.006 -24"><span class='ocrx_word' id='word_1_632' title='bbox 1757 1761 1926 1804; x_wconf 87' lang='lat' dir='ltr'><strong><em>strum</em></strong></span> <span class='ocrx_word' id='word_1_633' title='bbox 1955 1759 2077 1805; x_wconf 87' lang='lat' dir='ltr'><strong><em>est:</em></strong></span> <span class='ocrx_word' id='word_1_634' title='bbox 2106 1766 2246 1806; x_wconf 90' lang='lat' dir='ltr'><strong><em>nunc</em></strong></span> <span class='ocrx_word' id='word_1_635' title='bbox 2277 1761 2454 1807; x_wconf 89' lang='lat' dir='ltr'><strong><em>autem</em></strong></span> <span class='ocrx_word' id='word_1_636' title='bbox 2485 1751 2649 1807; x_wconf 90' lang='lat' dir='ltr'><strong><em>multa</em></strong></span> <span class='ocrx_word' id='word_1_637' title='bbox 2680 1755 2829 1808; x_wconf 90' lang='lat' dir='ltr'><strong><em>vobis</em></strong></span> <span class='ocrx_word' id='word_1_638' title='bbox 2855 1754 3066 1810; x_wconf 85' lang='lat' dir='ltr'><strong><em>desunt.</em></strong></span> <span class='ocrx_word' id='word_1_639' title='bbox 3100 1756 3167 1827; x_wconf 85' lang='lat' dir='ltr'><strong><em>Et</em></strong></span> <span class='ocrx_word' id='word_1_640' title='bbox 3194 1757 3353 1812; x_wconf 87' lang='lat' dir='ltr'><strong><em>initio</em></strong></span> 
     </span>
    </p>
   </div>
   <div class='ocr_carea' id='block_1_77' title="bbox 1756 1840 3348 1918">
    <p class='ocr_par' dir='ltr' id='par_1_77' title="bbox 1756 1840 3348 1918">
     <span class='ocr_line' id='line_1_77' title="bbox 1756 1840 3348 1918; baseline 0.009 -27"><span class='ocrx_word' id='word_1_641' title='bbox 1756 1841 1971 1911; x_wconf 85' lang='lat' dir='ltr'><strong><em>quidem</em></strong></span> <span class='ocrx_word' id='word_1_642' title='bbox 2011 1840 2113 1896; x_wconf 89' lang='lat' dir='ltr'><strong><em>hoc</em></strong></span> <span class='ocrx_word' id='word_1_643' title='bbox 2139 1843 2498 1899; x_wconf 81' lang='lat' dir='ltr'><strong><em>subindicavit</em></strong></span> <span class='ocrx_word' id='word_1_644' title='bbox 2522 1846 2746 1901; x_wconf 89' lang='lat' dir='ltr'><strong><em>dicens:</em></strong></span> <span class='ocrx_word' id='word_1_645' title='bbox 2782 1846 2901 1900; x_wconf 85' lang='lat' dir='ltr'><strong><em>Non</em></strong></span> <span class='ocrx_word' id='word_1_646' title='bbox 2934 1850 3074 1918; x_wconf 84' lang='lat' dir='ltr'><strong><em>potui</em></strong></span> <span class='ocrx_word' id='word_1_647' title='bbox 3099 1850 3235 1904; x_wconf 78' lang='lat' dir='ltr'><strong><em>vobis</em></strong></span> <span class='ocrx_word' id='word_1_648' title='bbox 3269 1853 3348 1905; x_wconf 89' lang='lat' dir='ltr'><strong><em>to-</em></strong></span> 
     </span>
    </p>
   </div>
   <div class='ocr_carea' id='block_1_78' title="bbox 1758 1932 3355 2008">
    <p class='ocr_par' dir='ltr' id='par_1_78' title="bbox 1758 1932 3355 2008">
     <span class='ocr_line' id='line_1_78' title="bbox 1758 1932 3355 2008; baseline 0.008 -25"><span class='ocrx_word' id='word_1_649' title='bbox 1758 1932 1843 2001; x_wconf 84' lang='lat' dir='ltr'><strong><em>qui</em></strong></span> <span class='ocrx_word' id='word_1_650' title='bbox 1872 1942 1923 1984; x_wconf 88' lang='lat' dir='ltr'><strong><em>ut</em></strong></span> <span class='ocrx_word' id='word_1_651' title='bbox 1950 1933 2294 2000; x_wconf 83' lang='lat' dir='ltr'><strong><em>spiritualibus</em></strong></span> <span class='ocrx_word' id='word_1_652' title='bbox 2322 1949 2341 1997; x_wconf 93' lang='lat'><strong><em>;</em></strong></span> <span class='ocrx_word' id='word_1_653' title='bbox 2367 1944 2444 2001; x_wconf 88' lang='lat' dir='ltr'><strong><em>et,</em></strong></span> <span class='ocrx_word' id='word_1_654' title='bbox 2484 1934 2635 1989; x_wconf 85' lang='lat' dir='ltr'><strong><em>Nihil</em></strong></span> <span class='ocrx_word' id='word_1_655' title='bbox 2661 1935 2891 2008; x_wconf 85' lang='lat' dir='ltr'><strong><em>judicavi</em></strong></span> <span class='ocrx_word' id='word_1_656' title='bbox 2932 1954 3011 1992; x_wconf 85' lang='lat' dir='ltr'><strong><em>me</em></strong></span> <span class='ocrx_word' id='word_1_657' title='bbox 3046 1940 3178 1994; x_wconf 89' lang='lat' dir='ltr'><strong><em>scire</em></strong></span> <span class='ocrx_word' id='word_1_658' title='bbox 3216 1941 3355 1995; x_wconf 84' lang='lat' dir='ltr'><strong><em>inter</em></strong></span> 
     </span>
    </p>
   </div>
   <div class='ocr_carea' id='block_1_79' title="bbox 1760 2024 3355 2099">
    <p class='ocr_par' dir='ltr' id='par_1_79' title="bbox 1760 2024 3355 2099">
     <span class='ocr_line' id='line_1_79' title="bbox 1760 2024 3355 2099; baseline 0.009 -24"><span class='ocrx_word' id='word_1_659' title='bbox 1760 2039 1866 2089; x_wconf 83' lang='lat' dir='ltr'><strong><em>vos,</em></strong></span> <span class='ocrx_word' id='word_1_660' title='bbox 1891 2025 1987 2077; x_wconf 84' lang='lat' dir='ltr'><strong><em>nisi</em></strong></span> <span class='ocrx_word' id='word_1_661' title='bbox 2007 2024 2039 2077; x_wconf 90' lang='lat' dir='ltr'><em>J</em></span> <span class='ocrx_word' id='word_1_662' title='bbox 2046 2042 2183 2079; x_wconf 87' lang='lat' dir='ltr'><strong><em>esum</em></strong></span> <span class='ocrx_word' id='word_1_663' title='bbox 2212 2025 2486 2090; x_wconf 76' lang='lat' dir='ltr'><strong><em>Christum,</em></strong></span> <span class='ocrx_word' id='word_1_664' title='bbox 2507 2038 2553 2081; x_wconf 86' lang='lat' dir='ltr'><strong><em>et</em></strong></span> <span class='ocrx_word' id='word_1_665' title='bbox 2574 2030 2739 2097; x_wconf 84' lang='lat' dir='ltr'><strong><em>ipsum</em></strong></span> <span class='ocrx_word' id='word_1_666' title='bbox 2759 2031 3056 2099; x_wconf 69' lang='lat' dir='ltr'><strong><em>cruciﬁxum</em></strong></span> <span class='ocrx_word' id='word_1_667' title='bbox 3078 2047 3096 2085; x_wconf 81' lang='lat'><strong><em>.°</em></strong></span> <span class='ocrx_word' id='word_1_668' title='bbox 3114 2032 3199 2087; x_wconf 89' lang='lat' dir='ltr'><strong><em>hic</em></strong></span> <span class='ocrx_word' id='word_1_669' title='bbox 3220 2049 3355 2089; x_wconf 81' lang='lat' dir='ltr'><strong><em>vero</em></strong></span> 
     </span>
    </p>
   </div>
   <div class='ocr_carea' id='block_1_80' title="bbox 1762 2115 3350 2186">
    <p class='ocr_par' dir='ltr' id='par_1_80' title="bbox 1762 2115 3350 2186">
     <span class='ocr_line' id='line_1_80' title="bbox 1762 2115 3350 2186; baseline 0.008 -19"><span class='ocrx_word' id='word_1_670' title='bbox 1762 2115 1883 2168; x_wconf 88' lang='lat' dir='ltr'><strong><em>illos</em></strong></span> <span class='ocrx_word' id='word_1_671' title='bbox 1926 2116 2127 2186; x_wconf 90' lang='lat' dir='ltr'><strong><em>pudore</em></strong></span> <span class='ocrx_word' id='word_1_672' title='bbox 2154 2117 2438 2173; x_wconf 72' lang='lat' dir='ltr'><strong><em>alliciendo</em></strong></span> <span class='ocrx_word' id='word_1_673' title='bbox 2480 2120 2529 2173; x_wconf 90' lang='lat' dir='ltr'><strong><em>id</em></strong></span> <span class='ocrx_word' id='word_1_674' title='bbox 2562 2120 2689 2176; x_wconf 80' lang='lat' dir='ltr'><strong><em>facit</em></strong></span> <span class='ocrx_word' id='word_1_675' title='bbox 2717 2122 2902 2178; x_wconf 84' lang='lat' dir='ltr'><strong><em>dicens</em></strong></span> <span class='ocrx_word' id='word_1_676' title='bbox 2930 2141 2943 2176; x_wconf 90' lang='lat'><strong>:</strong></span> <span class='ocrx_word' id='word_1_677' title='bbox 2977 2123 3031 2179; x_wconf 89' lang='lat'><strong><em>8.</em></strong></span> <span class='ocrx_word' id='word_1_678' title='bbox 3059 2123 3180 2178; x_wconf 77' lang='lat' dir='ltr'><strong><em>1am</em></strong></span> <span class='ocrx_word' id='word_1_679' title='bbox 3208 2136 3350 2179; x_wconf 88' lang='lat' dir='ltr'><strong><em>satu-</em></strong></span> 
     </span>
    </p>
   </div>
   <div class='ocr_carea' id='block_1_81' title="bbox 1762 2208 3347 2283">
    <p class='ocr_par' dir='ltr' id='par_1_81' title="bbox 1762 2208 3347 2283">
     <span class='ocr_line' id='line_1_81' title="bbox 1762 2208 3347 2283; baseline 0.008 -24"><span class='ocrx_word' id='word_1_680' title='bbox 1762 2208 1861 2259; x_wconf 84' lang='lat' dir='ltr'><strong><em>rati</em></strong></span> <span class='ocrx_word' id='word_1_681' title='bbox 1887 2210 2025 2275; x_wconf 83' lang='lat' dir='ltr'><strong><em>estis,</em></strong></span> <span class='ocrx_word' id='word_1_682' title='bbox 2046 2210 2162 2278; x_wconf 85' lang='lat' dir='ltr'><strong><em>jam</em></strong></span> <span class='ocrx_word' id='word_1_683' title='bbox 2183 2210 2360 2264; x_wconf 82' lang='lat' dir='ltr'><strong><em>divites</em></strong></span> <span class='ocrx_word' id='word_1_684' title='bbox 2390 2213 2511 2283; x_wconf 81' lang='lat' dir='ltr'><strong><em>facti</em></strong></span> <span class='ocrx_word' id='word_1_685' title='bbox 2539 2213 2683 2277; x_wconf 85' lang='lat' dir='ltr'><strong><em>estis;</em></strong></span> <span class='ocrx_word' id='word_1_686' title='bbox 2713 2213 2764 2268; x_wconf 93' lang='lat' dir='ltr'><strong><em>ld</em></strong></span> <span class='ocrx_word' id='word_1_687' title='bbox 2794 2224 2894 2278; x_wconf 88' lang='lat' dir='ltr'><strong><em>est,</em></strong></span> <span class='ocrx_word' id='word_1_688' title='bbox 2925 2215 3075 2271; x_wconf 88' lang='lat' dir='ltr'><strong><em>Nulla</em></strong></span> <span class='ocrx_word' id='word_1_689' title='bbox 3115 2233 3174 2272; x_wconf 88' lang='lat' dir='ltr'><strong><em>re</em></strong></span> <span class='ocrx_word' id='word_1_690' title='bbox 3201 2217 3347 2272; x_wconf 87' lang='lat' dir='ltr'><strong><em>indi-</em></strong></span> 
     </span>
    </p>
   </div>
   <div class='ocr_carea' id='block_1_82' title="bbox 1763 2300 3355 2376">
    <p class='ocr_par' dir='ltr' id='par_1_82' title="bbox 1763 2300 3355 2376">
     <span class='ocr_line' id='line_1_82' title="bbox 1763 2300 3355 2376; baseline 0.007 -22"><span class='ocrx_word' id='word_1_691' title='bbox 1763 2300 1898 2369; x_wconf 85' lang='lat' dir='ltr'><strong><em>getis</em></strong></span> <span class='ocrx_word' id='word_1_692' title='bbox 1928 2300 2199 2371; x_wconf 63' lang='lat' dir='ltr'><strong><em>deinceps,</em></strong></span> <span class='ocrx_word' id='word_1_693' title='bbox 2222 2303 2444 2371; x_wconf 88' lang='lat' dir='ltr'><strong><em>perfecti</em></strong></span> <span class='ocrx_word' id='word_1_694' title='bbox 2466 2306 2732 2372; x_wconf 86' lang='lat' dir='ltr'><strong><em>evasistis,</em></strong></span> <span class='ocrx_word' id='word_1_695' title='bbox 2762 2308 2934 2376; x_wconf 91' lang='lat' dir='ltr'><strong><em>ipsum</em></strong></span> <span class='ocrx_word' id='word_1_696' title='bbox 2959 2309 3172 2364; x_wconf 92' lang='lat' dir='ltr'><strong><em>culmen</em></strong></span> <span class='ocrx_word' id='word_1_697' title='bbox 3191 2311 3355 2365; x_wconf 82' lang='lat' dir='ltr'><strong><em>attin-</em></strong></span> 
     </span>
    </p>
   </div>
   <div class='ocr_carea' id='block_1_83' title="bbox 1762 2392 3355 2468">
    <p class='ocr_par' dir='ltr' id='par_1_83' title="bbox 1762 2392 3355 2468">
     <span class='ocr_line' id='line_1_83' title="bbox 1762 2392 3355 2468; baseline 0.008 -24"><span class='ocrx_word' id='word_1_698' title='bbox 1762 2392 1905 2459; x_wconf 83' lang='lat' dir='ltr'><strong><em>gitis,</em></strong></span> <span class='ocrx_word' id='word_1_699' title='bbox 1936 2392 2131 2446; x_wconf 90' lang='lat' dir='ltr'><strong><em>nullius</em></strong></span> <span class='ocrx_word' id='word_1_700' title='bbox 2154 2408 2255 2463; x_wconf 91' lang='lat' dir='ltr'><strong><em>ope</em></strong></span> <span class='ocrx_word' id='word_1_701' title='bbox 2277 2409 2371 2448; x_wconf 89' lang='lat' dir='ltr'><strong><em>vos</em></strong></span> <span class='ocrx_word' id='word_1_702' title='bbox 2396 2411 2553 2465; x_wconf 91' lang='lat' dir='ltr'><strong><em>egere</em></strong></span> <span class='ocrx_word' id='word_1_703' title='bbox 2585 2399 2805 2466; x_wconf 89' lang='lat' dir='ltr'><strong><em>putatis,</em></strong></span> <span class='ocrx_word' id='word_1_704' title='bbox 2829 2415 2931 2453; x_wconf 93' lang='lat' dir='ltr'><strong><em>non</em></strong></span> <span class='ocrx_word' id='word_1_705' title='bbox 2962 2401 3355 2468; x_wconf 79' lang='lat' dir='ltr'><strong><em>apostolorum,</em></strong></span> 
     </span>
    </p>
   </div>
   <div class='ocr_carea' id='block_1_84' title="bbox 1765 2484 3350 2560">
    <p class='ocr_par' dir='ltr' id='par_1_84' title="bbox 1765 2484 3350 2560">
     <span class='ocr_line' id='line_1_84' title="bbox 1765 2484 3350 2560; baseline 0.008 -24"><span class='ocrx_word' id='word_1_706' title='bbox 1765 2499 1870 2536; x_wconf 88' lang='lat' dir='ltr'><strong><em>non</em></strong></span> <span class='ocrx_word' id='word_1_707' title='bbox 1899 2484 2200 2539; x_wconf 90' lang='lat' dir='ltr'><strong><em>doctorum.</em></strong></span> <span class='ocrx_word' id='word_1_708' title='bbox 2232 2485 2352 2540; x_wconf 73' lang='lat' dir='ltr'><strong><em>Iam</em></strong></span> <span class='ocrx_word' id='word_1_709' title='bbox 2370 2490 2585 2541; x_wconf 84' lang='lat' dir='ltr'><strong><em>saturati</em></strong></span> <span class='ocrx_word' id='word_1_710' title='bbox 2614 2491 2749 2544; x_wconf 85' lang='lat' dir='ltr'><strong><em>estis.</em></strong></span> <span class='ocrx_word' id='word_1_711' title='bbox 2774 2491 3000 2546; x_wconf 87' lang='lat' dir='ltr'><strong><em>Etrecte</em></strong></span> <span class='ocrx_word' id='word_1_712' title='bbox 3026 2493 3175 2560; x_wconf 90' lang='lat' dir='ltr'><strong><em>illud,</em></strong></span> <span class='ocrx_word' id='word_1_713' title='bbox 3204 2494 3350 2558; x_wconf 78' lang='lat' dir='ltr'><strong><em>lam,</em></strong></span> 
     </span>
    </p>
   </div>
   <div class='ocr_carea' id='block_1_85' title="bbox 1766 2574 3358 2650">
    <p class='ocr_par' dir='ltr' id='par_1_85' title="bbox 1766 2574 3358 2650">
     <span class='ocr_line' id='line_1_85' title="bbox 1766 2574 3358 2650; baseline 0.008 -22"><span class='ocrx_word' id='word_1_714' title='bbox 1766 2574 2038 2644; x_wconf 88' lang='lat' dir='ltr'><strong><em>usurpavit</em></strong></span> <span class='ocrx_word' id='word_1_715' title='bbox 2074 2591 2105 2629; x_wconf 89' lang='lat' dir='ltr'><strong><em>a</em></strong></span> <span class='ocrx_word' id='word_1_716' title='bbox 2141 2586 2379 2645; x_wconf 89' lang='lat' dir='ltr'><strong><em>tempore</em></strong></span> <span class='ocrx_word' id='word_1_717' title='bbox 2421 2579 2711 2634; x_wconf 82' lang='lat' dir='ltr'><strong><em>oSIeudens</em></strong></span> <span class='ocrx_word' id='word_1_718' title='bbox 2755 2581 3102 2650; x_wconf 88' lang='lat' dir='ltr'><strong><em>improbabile</em></strong></span> <span class='ocrx_word' id='word_1_719' title='bbox 3139 2601 3260 2640; x_wconf 83' lang='lat' dir='ltr'><strong><em>esse</em></strong></span> <span class='ocrx_word' id='word_1_720' title='bbox 3300 2586 3358 2640; x_wconf 84' lang='lat' dir='ltr'><strong><em>id</em></strong></span> 
     </span>
    </p>
   </div>
   <div class='ocr_carea' id='block_1_86' title="bbox 1765 2665 3355 2746">
    <p class='ocr_par' dir='ltr' id='par_1_86' title="bbox 1765 2665 3355 2746">
     <span class='ocr_line' id='line_1_86' title="bbox 1765 2665 3355 2746; baseline 0.009 -32"><span class='ocrx_word' id='word_1_721' title='bbox 1765 2665 1905 2734; x_wconf 87' lang='lat' dir='ltr'><strong><em>quod</em></strong></span> <span class='ocrx_word' id='word_1_722' title='bbox 1926 2665 2128 2733; x_wconf 87' lang='lat' dir='ltr'><strong><em>dicunt,</em></strong></span> <span class='ocrx_word' id='word_1_723' title='bbox 2154 2677 2251 2722; x_wconf 91' lang='lat' dir='ltr'><strong><em>eta</em></strong></span> <span class='ocrx_word' id='word_1_724' title='bbox 2276 2668 2485 2724; x_wconf 84' lang='lat' dir='ltr'><strong><em>ratione</em></strong></span> <span class='ocrx_word' id='word_1_725' title='bbox 2512 2671 2740 2724; x_wconf 90' lang='lat' dir='ltr'><strong><em>alienam</em></strong></span> <span class='ocrx_word' id='word_1_726' title='bbox 2770 2688 2890 2727; x_wconf 79' lang='lat' dir='ltr'><strong><em>esse</em></strong></span> <span class='ocrx_word' id='word_1_727' title='bbox 2909 2674 3117 2729; x_wconf 89' lang='lat' dir='ltr'><strong><em>illormn</em></strong></span> <span class='ocrx_word' id='word_1_728' title='bbox 3148 2678 3355 2746; x_wconf 87' lang='lat' dir='ltr'><strong><em>opinio-</em></strong></span> 
     </span>
    </p>
   </div>
   <div class='ocr_carea' id='block_1_87' title="bbox 1765 2756 3362 2829">
    <p class='ocr_par' dir='ltr' id='par_1_87' title="bbox 1765 2756 3362 2829">
     <span class='ocr_line' id='line_1_87' title="bbox 1765 2756 3362 2829; baseline 0.009 -20"><span class='ocrx_word' id='word_1_729' title='bbox 1765 2772 1921 2810; x_wconf 85' lang='lat' dir='ltr'><strong><em>nem.</em></strong></span> <span class='ocrx_word' id='word_1_730' title='bbox 1952 2756 2183 2829; x_wconf 87' lang='lat' dir='ltr'><strong><em>ldeoque</em></strong></span> <span class='ocrx_word' id='word_1_731' title='bbox 2224 2760 2506 2815; x_wconf 87' lang='lat' dir='ltr'><strong><em>traducens</em></strong></span> <span class='ocrx_word' id='word_1_732' title='bbox 2555 2762 2671 2816; x_wconf 89' lang='lat' dir='ltr'><strong><em>illos</em></strong></span> <span class='ocrx_word' id='word_1_733' title='bbox 2701 2763 2909 2818; x_wconf 88' lang='lat' dir='ltr'><strong><em>diccbat</em></strong></span> <span class='ocrx_word' id='word_1_734' title='bbox 2940 2782 2952 2816; x_wconf 77' lang='grc' dir='ltr'><strong>ε</strong></span> <span class='ocrx_word' id='word_1_735' title='bbox 2987 2765 3116 2820; x_wconf 83' lang='lat' dir='ltr'><strong><em>Tam</em></strong></span> <span class='ocrx_word' id='word_1_736' title='bbox 3154 2769 3260 2822; x_wconf 90' lang='lat' dir='ltr'><strong><em>cito</em></strong></span> <span class='ocrx_word' id='word_1_737' title='bbox 3287 2781 3362 2823; x_wconf 77' lang='lat' dir='ltr'><strong><em>ao</em></strong></span> 
     </span>
    </p>
   </div>
   <div class='ocr_carea' id='block_1_88' title="bbox 1768 2846 3357 2929">
    <p class='ocr_par' dir='ltr' id='par_1_88' title="bbox 1768 2846 3357 2929">
     <span class='ocr_line' id='line_1_88' title="bbox 1768 2846 3357 2929; baseline 0.01 -30"><span class='ocrx_word' id='word_1_738' title='bbox 1768 2846 1928 2901; x_wconf 87' lang='lat' dir='ltr'><strong><em>finem</em></strong></span> <span class='ocrx_word' id='word_1_739' title='bbox 1983 2849 2340 2917; x_wconf 89' lang='lat' dir='ltr'><strong><em>pervenistis,</em></strong></span> <span class='ocrx_word' id='word_1_740' title='bbox 2390 2852 2532 2922; x_wconf 91' lang='lat' dir='ltr'><strong><em>quod</em></strong></span> <span class='ocrx_word' id='word_1_741' title='bbox 2583 2853 2696 2907; x_wconf 85' lang='lat' dir='ltr'><strong><em>lieri</em></strong></span> <span class='ocrx_word' id='word_1_742' title='bbox 2739 2870 2845 2909; x_wconf 93' lang='lat' dir='ltr'><strong><em>non</em></strong></span> <span class='ocrx_word' id='word_1_743' title='bbox 2892 2866 3099 2926; x_wconf 89' lang='lat' dir='ltr'><strong><em>poterat</em></strong></span> <span class='ocrx_word' id='word_1_744' title='bbox 3138 2875 3357 2929; x_wconf 86' lang='lat' dir='ltr'><strong><em>prepter</em></strong></span> 
     </span>
    </p>
   </div>
   <div class='ocr_carea' id='block_1_89' title="bbox 1771 2942 3365 3020">
    <p class='ocr_par' dir='ltr' id='par_1_89' title="bbox 1771 2942 3365 3020">
     <span class='ocr_line' id='line_1_89' title="bbox 1771 2942 3365 3020; baseline 0.009 -27"><span class='ocrx_word' id='word_1_745' title='bbox 1771 2950 2003 3011; x_wconf 85' lang='lat' dir='ltr'><strong><em>tempus.</em></strong></span> <span class='ocrx_word' id='word_1_746' title='bbox 2038 2942 2365 2998; x_wconf 84' lang='lat' dir='ltr'><strong><em>Pcrfectiora</em></strong></span> <span class='ocrx_word' id='word_1_747' title='bbox 2404 2946 2545 2999; x_wconf 82' lang='lat' dir='ltr'><strong><em>enim</em></strong></span> <span class='ocrx_word' id='word_1_748' title='bbox 2587 2946 2639 3001; x_wconf 92' lang='lat' dir='ltr'><strong><em>in</em></strong></span> <span class='ocrx_word' id='word_1_749' title='bbox 2673 2947 2851 3002; x_wconf 87' lang='lat' dir='ltr'><strong><em>futuro</em></strong></span> <span class='ocrx_word' id='word_1_750' title='bbox 2880 2960 3099 3004; x_wconf 88' lang='lat' dir='ltr'><strong><em>manent</em></strong></span> <span class='ocrx_word' id='word_1_751' title='bbox 3131 2969 3145 3005; x_wconf 88' lang='lat'>:</span> <span class='ocrx_word' id='word_1_752' title='bbox 3178 2954 3365 3020; x_wconf 74' lang='lat' dir='ltr'><strong><em>pani-is</em></strong></span> 
     </span>
    </p>
   </div>
   <div class='ocr_carea' id='block_1_90' title="bbox 1768 3031 3365 3109">
    <p class='ocr_par' dir='ltr' id='par_1_90' title="bbox 1768 3031 3365 3109">
     <span class='ocr_line' id='line_1_90' title="bbox 1768 3031 3365 3109; baseline 0.008 -24"><span class='ocrx_word' id='word_1_753' title='bbox 1768 3031 1912 3086; x_wconf 86' lang='lat' dir='ltr'><strong><em>enim</em></strong></span> <span class='ocrx_word' id='word_1_754' title='bbox 1944 3034 2173 3087; x_wconf 90' lang='lat' dir='ltr'><strong><em>saturari</em></strong></span> <span class='ocrx_word' id='word_1_755' title='bbox 2219 3033 2410 3089; x_wconf 86' lang='lat' dir='ltr'><strong><em>infirmi</em></strong></span> <span class='ocrx_word' id='word_1_756' title='bbox 2454 3047 2537 3090; x_wconf 88' lang='lat' dir='ltr'><strong><em>est</em></strong></span> <span class='ocrx_word' id='word_1_757' title='bbox 2583 3037 2790 3105; x_wconf 81' lang='lat' dir='ltr'><strong><em>animi;</em></strong></span> <span class='ocrx_word' id='word_1_758' title='bbox 2821 3040 3002 3109; x_wconf 87' lang='lat' dir='ltr'><strong><em>paucis</em></strong></span> <span class='ocrx_word' id='word_1_759' title='bbox 3047 3043 3365 3099; x_wconf 81' lang='lat' dir='ltr'><strong><em>existimare</em></strong></span> 
     </span>
    </p>
   </div>
   <div class='ocr_carea' id='block_1_91' title="bbox 1770 3124 3361 3193">
    <p class='ocr_par' dir='ltr' id='par_1_91' title="bbox 1770 3124 3361 3193">
     <span class='ocr_line' id='line_1_91' title="bbox 1770 3124 3361 3193; baseline 0.006 -14"><span class='ocrx_word' id='word_1_760' title='bbox 1770 3139 1828 3181; x_wconf 87' lang='lat' dir='ltr'><strong><em>se</em></strong></span> <span class='ocrx_word' id='word_1_761' title='bbox 1858 3124 2075 3179; x_wconf 85' lang='lat' dir='ltr'><strong><em>divitem</em></strong></span> <span class='ocrx_word' id='word_1_762' title='bbox 2105 3125 2243 3193; x_wconf 83' lang='lat' dir='ltr'><strong><em>ﬁeri,</em></strong></span> <span class='ocrx_word' id='word_1_763' title='bbox 2272 3129 2579 3183; x_wconf 88' lang='lat' dir='ltr'><strong><em>nauseantis</em></strong></span> <span class='ocrx_word' id='word_1_764' title='bbox 2599 3138 2683 3184; x_wconf 69' lang='lat' dir='ltr'><strong><em>est</em></strong></span> <span class='ocrx_word' id='word_1_765' title='bbox 2711 3140 2765 3185; x_wconf 92' lang='lat' dir='ltr'><strong><em>et</em></strong></span> <span class='ocrx_word' id='word_1_766' title='bbox 2792 3131 2974 3187; x_wconf 90' lang='lat' dir='ltr'><strong><em>miseri</em></strong></span> <span class='ocrx_word' id='word_1_767' title='bbox 3002 3150 3015 3187; x_wconf 93' lang='lat'><strong>:</strong></span> <span class='ocrx_word' id='word_1_768' title='bbox 3042 3133 3361 3190; x_wconf 81' lang='lat' dir='ltr'><strong><em>insatiabilis</em></strong></span> 
     </span>
    </p>
   </div>
   <div class='ocr_carea' id='block_1_92' title="bbox 1770 3217 3362 3294">
    <p class='ocr_par' dir='ltr' id='par_1_92' title="bbox 1770 3217 3362 3294">
     <span class='ocr_line' id='line_1_92' title="bbox 1770 3217 3362 3294; baseline 0.008 -23"><span class='ocrx_word' id='word_1_769' title='bbox 1770 3217 1910 3271; x_wconf 81' lang='lat' dir='ltr'><strong><em>enim</em></strong></span> <span class='ocrx_word' id='word_1_770' title='bbox 1936 3225 2018 3271; x_wconf 83' lang='lat' dir='ltr'><strong><em>est</em></strong></span> <span class='ocrx_word' id='word_1_771' title='bbox 2048 3217 2214 3286; x_wconf 87' lang='lat' dir='ltr'><strong><em>pietas</em></strong></span> <span class='ocrx_word' id='word_1_772' title='bbox 2241 3236 2253 3271; x_wconf 90' lang='lat'><strong><em>:</em></strong></span> <span class='ocrx_word' id='word_1_773' title='bbox 2284 3230 2336 3273; x_wconf 90' lang='lat' dir='ltr'><strong><em>et</em></strong></span> <span class='ocrx_word' id='word_1_774' title='bbox 2366 3221 2582 3287; x_wconf 87' lang='lat' dir='ltr'><strong><em>puerilis</em></strong></span> <span class='ocrx_word' id='word_1_775' title='bbox 2607 3231 2691 3276; x_wconf 90' lang='lat' dir='ltr'><strong><em>est</em></strong></span> <span class='ocrx_word' id='word_1_776' title='bbox 2721 3223 2919 3277; x_wconf 90' lang='lat' dir='ltr'><strong><em>mentis</em></strong></span> <span class='ocrx_word' id='word_1_777' title='bbox 2938 3239 2968 3276; x_wconf 83' lang='lat' dir='ltr'><strong><em>a</em></strong></span> <span class='ocrx_word' id='word_1_778' title='bbox 2995 3225 3170 3294; x_wconf 82' lang='lat' dir='ltr'><strong><em>prium</em></strong></span> <span class='ocrx_word' id='word_1_779' title='bbox 3198 3243 3362 3283; x_wconf 81' lang='lat' dir='ltr'><strong><em>acce-</em></strong></span> 
     </span>
    </p>
   </div>
   <div class='ocr_carea' id='block_1_93' title="bbox 1773 3309 3367 3383">
    <p class='ocr_par' dir='ltr' id='par_1_93' title="bbox 1773 3309 3367 3383">
     <span class='ocr_line' id='line_1_93' title="bbox 1773 3309 3367 3383; baseline 0.008 -20"><span class='ocrx_word' id='word_1_780' title='bbox 1773 3309 1874 3379; x_wconf 84' lang='lat' dir='ltr'><strong><em>ptis</em></strong></span> <span class='ocrx_word' id='word_1_781' title='bbox 1919 3319 2106 3378; x_wconf 88' lang='lat' dir='ltr'><strong><em>putare</em></strong></span> <span class='ocrx_word' id='word_1_782' title='bbox 2136 3325 2196 3364; x_wconf 91' lang='lat' dir='ltr'><strong><em>se</em></strong></span> <span class='ocrx_word' id='word_1_783' title='bbox 2239 3320 2406 3365; x_wconf 91' lang='lat' dir='ltr'><strong><em>totum</em></strong></span> <span class='ocrx_word' id='word_1_784' title='bbox 2433 3313 2728 3383; x_wconf 84' lang='lat' dir='ltr'><strong><em>accepisse,</em></strong></span> <span class='ocrx_word' id='word_1_785' title='bbox 2757 3324 2812 3369; x_wconf 89' lang='lat' dir='ltr'><strong><em>et</em></strong></span> <span class='ocrx_word' id='word_1_786' title='bbox 2840 3331 2962 3372; x_wconf 93' lang='lat' dir='ltr'><strong><em>cum</em></strong></span> <span class='ocrx_word' id='word_1_787' title='bbox 2994 3318 3077 3372; x_wconf 83' lang='lat' dir='ltr'><strong><em>vix</em></strong></span> <span class='ocrx_word' id='word_1_788' title='bbox 3105 3319 3279 3374; x_wconf 87' lang='lat' dir='ltr'><strong><em>adhuc</em></strong></span> <span class='ocrx_word' id='word_1_789' title='bbox 3307 3322 3367 3375; x_wconf 65' lang='lat' dir='ltr'><strong><em>ina</em></strong></span> 
     </span>
    </p>
   </div>
   <div class='ocr_carea' id='block_1_94' title="bbox 1772 3402 3363 3476">
    <p class='ocr_par' dir='ltr' id='par_1_94' title="bbox 1772 3402 3363 3476">
     <span class='ocr_line' id='line_1_94' title="bbox 1772 3402 3363 3476; baseline 0.007 -21"><span class='ocrx_word' id='word_1_790' title='bbox 1772 3402 2047 3472; x_wconf 76' lang='lat' dir='ltr'><strong><em>prommiis</em></strong></span> <span class='ocrx_word' id='word_1_791' title='bbox 2099 3404 2231 3469; x_wconf 88' lang='lat' dir='ltr'><strong><em>sint,</em></strong></span> <span class='ocrx_word' id='word_1_792' title='bbox 2258 3418 2321 3458; x_wconf 91' lang='lat' dir='ltr'><strong><em>ac</em></strong></span> <span class='ocrx_word' id='word_1_793' title='bbox 2365 3404 2407 3458; x_wconf 91' lang='lat' dir='ltr'><strong><em>si</em></strong></span> <span class='ocrx_word' id='word_1_794' title='bbox 2450 3403 2610 3459; x_wconf 83' lang='lat' dir='ltr'><strong><em>ﬁnem</em></strong></span> <span class='ocrx_word' id='word_1_795' title='bbox 2657 3408 3161 3476; x_wconf 84' lang='lat' dir='ltr'><strong><em>appreltendisseut,</em></strong></span> <span class='ocrx_word' id='word_1_796' title='bbox 3194 3413 3363 3466; x_wconf 89' lang='lat' dir='ltr'><strong><em>altum</em></strong></span> 
     </span>
    </p>
   </div>
   <div class='ocr_carea' id='block_1_95' title="bbox 1773 3484 3370 3571">
    <p class='ocr_par' dir='ltr' id='par_1_95' title="bbox 1773 3484 3370 3571">
     <span class='ocr_line' id='line_1_95' title="bbox 1773 3484 3370 3571; baseline 0.005 -22"><span class='ocrx_word' id='word_1_797' title='bbox 1773 3510 1985 3564; x_wconf 83' lang='lat' dir='ltr'><strong><em>sapere.</em></strong></span> <span class='ocrx_word' id='word_1_798' title='bbox 2020 3484 2222 3551; x_wconf 81' lang='lat' dir='ltr'><strong><em>Deinde</em></strong></span> <span class='ocrx_word' id='word_1_799' title='bbox 2254 3496 2305 3550; x_wconf 93' lang='lat' dir='ltr'><strong><em>in</em></strong></span> <span class='ocrx_word' id='word_1_800' title='bbox 2333 3497 2682 3566; x_wconf 87' lang='lat' dir='ltr'><strong><em>sequentibus</em></strong></span> <span class='ocrx_word' id='word_1_801' title='bbox 2711 3499 2881 3568; x_wconf 86' lang='lat' dir='ltr'><strong><em>magis</em></strong></span> <span class='ocrx_word' id='word_1_802' title='bbox 2912 3499 3032 3555; x_wconf 90' lang='lat' dir='ltr'><strong><em>illos</em></strong></span> <span class='ocrx_word' id='word_1_803' title='bbox 3056 3501 3259 3571; x_wconf 85' lang='lat' dir='ltr'><strong><em>pudore</em></strong></span> <span class='ocrx_word' id='word_1_804' title='bbox 3286 3502 3370 3557; x_wconf 69' lang='lat' dir='ltr'><strong><em>aL</em></strong></span> 
     </span>
    </p>
   </div>
   <div class='ocr_carea' id='block_1_96' title="bbox 1774 3586 3361 3663">
    <p class='ocr_par' dir='ltr' id='par_1_96' title="bbox 1774 3586 3361 3663">
     <span class='ocr_line' id='line_1_96' title="bbox 1774 3586 3361 3663; baseline 0.003 -22"><span class='ocrx_word' id='word_1_805' title='bbox 1774 3586 1901 3642; x_wconf 86' lang='lat' dir='ltr'><strong><em>ﬁcit.</em></strong></span> <span class='ocrx_word' id='word_1_806' title='bbox 1926 3586 2058 3641; x_wconf 84' lang='lat' dir='ltr'><strong><em>Cum</em></strong></span> <span class='ocrx_word' id='word_1_807' title='bbox 2081 3588 2305 3642; x_wconf 82' lang='lat' dir='ltr'><strong><em>dixisset</em></strong></span> <span class='ocrx_word' id='word_1_808' title='bbox 2326 3590 2491 3653; x_wconf 89' lang='lat' dir='ltr'><strong><em>enim,</em></strong></span> <span class='ocrx_word' id='word_1_809' title='bbox 2513 3589 2633 3643; x_wconf 84' lang='lat' dir='ltr'><strong><em>Jum</em></strong></span> <span class='ocrx_word' id='word_1_810' title='bbox 2651 3592 2869 3645; x_wconf 87' lang='lat' dir='ltr'><strong><em>saturati</em></strong></span> <span class='ocrx_word' id='word_1_811' title='bbox 2884 3593 3023 3661; x_wconf 87' lang='lat' dir='ltr'><strong><em>estis,</em></strong></span> <span class='ocrx_word' id='word_1_812' title='bbox 3044 3595 3317 3663; x_wconf 81' lang='lat' dir='ltr'><strong><em>subjunxit</em></strong></span> <span class='ocrx_word' id='word_1_813' title='bbox 3346 3612 3361 3646; x_wconf 88' lang='lat'><strong>:</strong></span> 
     </span>
    </p>
   </div>
   <div class='ocr_carea' id='block_1_97' title="bbox 1772 3676 3362 3753">
    <p class='ocr_par' dir='ltr' id='par_1_97' title="bbox 1772 3676 3362 3753">
     <span class='ocr_line' id='line_1_97' title="bbox 1772 3676 3362 3753; baseline 0.006 -23"><span class='ocrx_word' id='word_1_814' title='bbox 1772 3676 1894 3731; x_wconf 73' lang='lat' dir='ltr'><strong><em>lam</em></strong></span> <span class='ocrx_word' id='word_1_815' title='bbox 1922 3679 2098 3732; x_wconf 87' lang='lat' dir='ltr'><strong><em>divites</em></strong></span> <span class='ocrx_word' id='word_1_816' title='bbox 2126 3681 2251 3750; x_wconf 83' lang='lat' dir='ltr'><strong><em>[acti</em></strong></span> <span class='ocrx_word' id='word_1_817' title='bbox 2279 3682 2398 3735; x_wconf 83' lang='lat' dir='ltr'><strong><em>estis</em></strong></span> <span class='ocrx_word' id='word_1_818' title='bbox 2421 3697 2440 3734; x_wconf 90' lang='lat'><strong><em>:</em></strong></span> <span class='ocrx_word' id='word_1_819' title='bbox 2467 3680 2575 3735; x_wconf 86' lang='lat' dir='ltr'><strong><em>sine</em></strong></span> <span class='ocrx_word' id='word_1_820' title='bbox 2602 3683 2745 3736; x_wconf 85' lang='lat' dir='ltr'><strong><em>nobis</em></strong></span> <span class='ocrx_word' id='word_1_821' title='bbox 2772 3687 3018 3753; x_wconf 84' lang='lat' dir='ltr'><strong><em>regnastis</em></strong></span> <span class='ocrx_word' id='word_1_822' title='bbox 3050 3700 3069 3739; x_wconf 92' lang='lat'><strong><em>:</em></strong></span> <span class='ocrx_word' id='word_1_823' title='bbox 3090 3694 3136 3739; x_wconf 83' lang='lat' dir='ltr'><strong><em>et</em></strong></span> <span class='ocrx_word' id='word_1_824' title='bbox 3164 3687 3362 3740; x_wconf 80' lang='lat' dir='ltr'><strong><em>utinam</em></strong></span> 
     </span>
    </p>
   </div>
   <div class='ocr_carea' id='block_1_98' title="bbox 1773 3774 3369 3847">
    <p class='ocr_par' dir='ltr' id='par_1_98' title="bbox 1773 3774 3369 3847">
     <span class='ocr_line' id='line_1_98' title="bbox 1773 3774 3369 3847; baseline 0.008 -22"><span class='ocrx_word' id='word_1_825' title='bbox 1773 3776 2072 3841; x_wconf 83' lang='lat' dir='ltr'><strong><em>regnaretis,</em></strong></span> <span class='ocrx_word' id='word_1_826' title='bbox 2086 3783 2140 3825; x_wconf 89' lang='lat' dir='ltr'><strong><em>ut</em></strong></span> <span class='ocrx_word' id='word_1_827' title='bbox 2156 3775 2307 3827; x_wconf 89' lang='lat' dir='ltr'><strong><em>etiam</em></strong></span> <span class='ocrx_word' id='word_1_828' title='bbox 2330 3791 2420 3828; x_wconf 88' lang='lat' dir='ltr'><strong><em>nos</em></strong></span> <span class='ocrx_word' id='word_1_829' title='bbox 2442 3774 2694 3829; x_wconf 84' lang='lat' dir='ltr'><strong><em>vobiscum</em></strong></span> <span class='ocrx_word' id='word_1_830' title='bbox 2720 3793 3064 3847; x_wconf 82' lang='lat' dir='ltr'><strong><em>regnaremus.</em></strong></span> <span class='ocrx_word' id='word_1_831' title='bbox 3085 3780 3369 3837; x_wconf 81' lang='lat' dir='ltr'><strong><em>Gravitate</em></strong></span> 
     </span>
    </p>
   </div>
   <div class='ocr_carea' id='block_1_99' title="bbox 1777 3862 3363 3930">
    <p class='ocr_par' dir='ltr' id='par_1_99' title="bbox 1777 3862 3363 3930">
     <span class='ocr_line' id='line_1_99' title="bbox 1777 3862 3363 3930; baseline 0.008 -16"><span class='ocrx_word' id='word_1_832' title='bbox 1777 3862 1945 3916; x_wconf 81' lang='lat' dir='ltr'><strong><em>multa</em></strong></span> <span class='ocrx_word' id='word_1_833' title='bbox 1972 3863 2157 3930; x_wconf 71' lang='lat' dir='ltr'><strong><em>plenus</em></strong></span> <span class='ocrx_word' id='word_1_834' title='bbox 2180 3873 2263 3918; x_wconf 87' lang='lat' dir='ltr'><strong><em>est</em></strong></span> <span class='ocrx_word' id='word_1_835' title='bbox 2286 3878 2485 3919; x_wconf 91' lang='lat' dir='ltr'><strong><em>sermo.</em></strong></span> <span class='ocrx_word' id='word_1_836' title='bbox 2513 3865 2640 3919; x_wconf 89' lang='lat' dir='ltr'><strong><em>Ideo</em></strong></span> <span class='ocrx_word' id='word_1_837' title='bbox 2679 3866 2924 3922; x_wconf 89' lang='lat' dir='ltr'><strong><em>ultimum</em></strong></span> <span class='ocrx_word' id='word_1_838' title='bbox 2967 3868 3115 3923; x_wconf 89' lang='lat' dir='ltr'><strong><em>illum</em></strong></span> <span class='ocrx_word' id='word_1_839' title='bbox 3150 3872 3363 3927; x_wconf 74' lang='lat' dir='ltr'><strong><em>induxit</em></strong></span> 
     </span>
    </p>
   </div>
   <div class='ocr_carea' id='block_1_100' title="bbox 1777 3955 3371 4030">
    <p class='ocr_par' dir='ltr' id='par_1_100' title="bbox 1777 3955 3371 4030">
     <span class='ocr_line' id='line_1_100' title="bbox 1777 3955 3371 4030; baseline 0.007 -24"><span class='ocrx_word' id='word_1_840' title='bbox 1777 3962 1897 4023; x_wconf 92' lang='lat' dir='ltr'><strong><em>post</em></strong></span> <span class='ocrx_word' id='word_1_841' title='bbox 1922 3955 2140 4009; x_wconf 84' lang='lat' dir='ltr'><strong><em>multam</em></strong></span> <span class='ocrx_word' id='word_1_842' title='bbox 2187 3956 2630 4027; x_wconf 87' lang='lat' dir='ltr'><strong><em>inerepationem.</em></strong></span> <span class='ocrx_word' id='word_1_843' title='bbox 2659 3957 2735 4013; x_wconf 88' lang='lat' dir='ltr'><strong><em>Ita</em></strong></span> <span class='ocrx_word' id='word_1_844' title='bbox 2777 3960 2918 4014; x_wconf 88' lang='lat' dir='ltr'><strong><em>enim</em></strong></span> <span class='ocrx_word' id='word_1_845' title='bbox 2950 3962 3126 4030; x_wconf 77' lang='lat' dir='ltr'><strong><em>gravis</em></strong></span> <span class='ocrx_word' id='word_1_846' title='bbox 3164 3974 3244 4016; x_wconf 90' lang='lat' dir='ltr'><strong><em>est</em></strong></span> <span class='ocrx_word' id='word_1_847' title='bbox 3271 3965 3371 4017; x_wconf 54' lang='lat' dir='ltr'><strong><em>ad»</em></strong></span> 
     </span>
    </p>
   </div>
   <div class='ocr_carea' id='block_1_101' title="bbox 1777 4046 3364 4120">
    <p class='ocr_par' dir='ltr' id='par_1_101' title="bbox 1777 4046 3364 4120">
     <span class='ocr_line' id='line_1_101' title="bbox 1777 4046 3364 4120; baseline 0.006 -21"><span class='ocrx_word' id='word_1_848' title='bbox 1777 4046 2002 4099; x_wconf 81' lang='lat' dir='ltr'><strong><em>monitio</em></strong></span> <span class='ocrx_word' id='word_1_849' title='bbox 2038 4056 2092 4101; x_wconf 90' lang='lat' dir='ltr'><strong><em>et</em></strong></span> <span class='ocrx_word' id='word_1_850' title='bbox 2116 4047 2484 4117; x_wconf 88' lang='lat' dir='ltr'><strong><em>acceptabilis,</em></strong></span> <span class='ocrx_word' id='word_1_851' title='bbox 2514 4064 2634 4103; x_wconf 90' lang='lat' dir='ltr'><strong><em>cum</em></strong></span> <span class='ocrx_word' id='word_1_852' title='bbox 2667 4060 2788 4120; x_wconf 89' lang='lat' dir='ltr'><strong><em>post</em></strong></span> <span class='ocrx_word' id='word_1_853' title='bbox 2816 4053 3185 4108; x_wconf 88' lang='lat' dir='ltr'><strong><em>accusationes</em></strong></span> <span class='ocrx_word' id='word_1_854' title='bbox 3227 4054 3364 4109; x_wconf 84' lang='lat' dir='ltr'><strong><em>infe-</em></strong></span> 
     </span>
    </p>
   </div>
   <div class='ocr_carea' id='block_1_102' title="bbox 1777 4139 3372 4211">
    <p class='ocr_par' dir='ltr' id='par_1_102' title="bbox 1777 4139 3372 4211">
     <span class='ocr_line' id='line_1_102' title="bbox 1777 4139 3372 4211; baseline 0.006 -18"><span class='ocrx_word' id='word_1_855' title='bbox 1777 4147 1971 4194; x_wconf 90' lang='lat' dir='ltr'><strong><em>runtur</em></strong></span> <span class='ocrx_word' id='word_1_856' title='bbox 1994 4139 2159 4194; x_wconf 82' lang='lat' dir='ltr'><strong><em>verba</em></strong></span> <span class='ocrx_word' id='word_1_857' title='bbox 2188 4156 2308 4211; x_wconf 74' lang='lat' dir='ltr'><strong><em>qua:</em></strong></span> <span class='ocrx_word' id='word_1_858' title='bbox 2351 4140 2607 4210; x_wconf 82' lang='lat' dir='ltr'><strong><em>pudorem</em></strong></span> <span class='ocrx_word' id='word_1_859' title='bbox 2656 4143 2935 4198; x_wconf 74' lang='lat' dir='ltr'><strong><em>incutiant.</em></strong></span> <span class='ocrx_word' id='word_1_860' title='bbox 2969 4144 3083 4199; x_wconf 87' lang='lat' dir='ltr'><strong><em>lloc</em></strong></span> <span class='ocrx_word' id='word_1_861' title='bbox 3107 4146 3249 4199; x_wconf 89' lang='lat' dir='ltr'><strong><em>enim</em></strong></span> <span class='ocrx_word' id='word_1_862' title='bbox 3281 4147 3372 4201; x_wconf 73' lang='lat' dir='ltr'><strong><em>velt</em></strong></span> 
     </span>
    </p>
   </div>
   <div class='ocr_carea' id='block_1_103' title="bbox 1780 4229 3372 4305">
    <p class='ocr_par' dir='ltr' id='par_1_103' title="bbox 1780 4229 3372 4305">
     <span class='ocr_line' id='line_1_103' title="bbox 1780 4229 3372 4305; baseline 0.004 -20"><span class='ocrx_word' id='word_1_863' title='bbox 1780 4229 2145 4300; x_wconf 87' lang='lat' dir='ltr'><strong><em>impudentem</em></strong></span> <span class='ocrx_word' id='word_1_864' title='bbox 2178 4240 2356 4300; x_wconf 89' lang='lat' dir='ltr'><strong><em>potest</em></strong></span> <span class='ocrx_word' id='word_1_865' title='bbox 2388 4233 2624 4286; x_wconf 82' lang='lat' dir='ltr'><strong><em>animum</em></strong></span> <span class='ocrx_word' id='word_1_866' title='bbox 2653 4233 2909 4288; x_wconf 88' lang='lat' dir='ltr'><strong><em>cohibere</em></strong></span> <span class='ocrx_word' id='word_1_867' title='bbox 2928 4275 2943 4298; x_wconf 92' lang='lat'><strong>,</strong></span> <span class='ocrx_word' id='word_1_868' title='bbox 2972 4243 3024 4289; x_wconf 89' lang='lat' dir='ltr'><strong><em>et</em></strong></span> <span class='ocrx_word' id='word_1_869' title='bbox 3053 4239 3220 4305; x_wconf 84' lang='lat' dir='ltr'><strong><em>magis</em></strong></span> <span class='ocrx_word' id='word_1_870' title='bbox 3247 4252 3372 4305; x_wconf 86' lang='lat' dir='ltr'><strong><em>per-</em></strong></span> 
     </span>
    </p>
   </div>
   <div class='ocr_carea' id='block_1_104' title="bbox 1779 4321 3365 4394">
    <p class='ocr_par' dir='ltr' id='par_1_104' title="bbox 1779 4321 3365 4394">
     <span class='ocr_line' id='line_1_104' title="bbox 1779 4321 3365 4394; baseline 0.003 -18"><span class='ocrx_word' id='word_1_871' title='bbox 1779 4322 2066 4392; x_wconf 85' lang='lat' dir='ltr'><strong><em>stringere,</em></strong></span> <span class='ocrx_word' id='word_1_872' title='bbox 2108 4338 2267 4392; x_wconf 89' lang='lat' dir='ltr'><strong><em>quam</em></strong></span> <span class='ocrx_word' id='word_1_873' title='bbox 2312 4321 2589 4376; x_wconf 82' lang='lat' dir='ltr'><strong><em>manifesta</em></strong></span> <span class='ocrx_word' id='word_1_874' title='bbox 2621 4323 2921 4387; x_wconf 85' lang='lat' dir='ltr'><strong><em>accusatio,</em></strong></span> <span class='ocrx_word' id='word_1_875' title='bbox 2959 4332 3365 4394; x_wconf 86' lang='lat' dir='ltr'><strong><em>temperareqne</em></strong></span> 
     </span>
    </p>
   </div>
   <div class='ocr_carea' id='block_1_105' title="bbox 1781 4413 3366 4487">
    <p class='ocr_par' dir='ltr' id='par_1_105' title="bbox 1781 4413 3366 4487">
     <span class='ocr_line' id='line_1_105' title="bbox 1781 4413 3366 4487; baseline 0.001 -18"><span class='ocrx_word' id='word_1_876' title='bbox 1781 4413 2022 4469; x_wconf 85' lang='lat' dir='ltr'><strong><em>dolorem</em></strong></span> <span class='ocrx_word' id='word_1_877' title='bbox 2068 4422 2125 4469; x_wconf 88' lang='lat' dir='ltr'><strong><em>et</em></strong></span> <span class='ocrx_word' id='word_1_878' title='bbox 2172 4413 2554 4483; x_wconf 88' lang='lat' dir='ltr'><strong><em>impudentiam</em></strong></span> <span class='ocrx_word' id='word_1_879' title='bbox 2588 4431 2675 4487; x_wconf 78' lang='lat' dir='ltr'><strong><em>ex</em></strong></span> <span class='ocrx_word' id='word_1_880' title='bbox 2722 4417 3061 4470; x_wconf 82' lang='lat' dir='ltr'><strong><em>accusatione</em></strong></span> <span class='ocrx_word' id='word_1_881' title='bbox 3107 4416 3366 4471; x_wconf 56' lang='lat' dir='ltr'><strong><em>inducens.</em></strong></span> 
     </span>
    </p>
   </div>
   <div class='ocr_carea' id='block_1_106' title="bbox 1781 4504 3375 4574">
    <p class='ocr_par' dir='ltr' id='par_1_106' title="bbox 1781 4504 3375 4574">
     <span class='ocr_line' id='line_1_106' title="bbox 1781 4504 3375 4574; baseline 0 -13"><span class='ocrx_word' id='word_1_882' title='bbox 1781 4507 1925 4561; x_wconf 90' lang='lat' dir='ltr'><strong><em>dam.</em></strong></span> <span class='ocrx_word' id='word_1_883' title='bbox 1958 4504 2091 4560; x_wconf 92' lang='lat' dir='ltr'><strong><em>Illud</em></strong></span> <span class='ocrx_word' id='word_1_884' title='bbox 2135 4514 2313 4559; x_wconf 90' lang='lat' dir='ltr'><strong><em>autem</em></strong></span> <span class='ocrx_word' id='word_1_885' title='bbox 2366 4505 2419 4560; x_wconf 90' lang='lat' dir='ltr'><strong><em>in</em></strong></span> <span class='ocrx_word' id='word_1_886' title='bbox 2460 4507 2639 4560; x_wconf 87' lang='lat' dir='ltr'><strong><em>verbis</em></strong></span> <span class='ocrx_word' id='word_1_887' title='bbox 2679 4507 2935 4574; x_wconf 85' lang='lat' dir='ltr'><strong><em>pudorem</em></strong></span> <span class='ocrx_word' id='word_1_888' title='bbox 2991 4507 3375 4562; x_wconf 68' lang='lat' dir='ltr'><strong><em>incntientihns-</em></strong></span> 
     </span>
    </p>
   </div>
   <div class='ocr_carea' id='block_1_107' title="bbox 1782 4597 3371 4671">
    <p class='ocr_par' dir='ltr' id='par_1_107' title="bbox 1782 4597 3371 4671">
     <span class='ocr_line' id='line_1_107' title="bbox 1782 4597 3371 4671; baseline 0 -16"><span class='ocrx_word' id='word_1_889' title='bbox 1782 4600 1950 4671; x_wconf 83' lang='lat' dir='ltr'><strong><em>magis</em></strong></span> <span class='ocrx_word' id='word_1_890' title='bbox 1976 4599 2218 4654; x_wconf 85' lang='lat' dir='ltr'><strong><em>mirabile</em></strong></span> <span class='ocrx_word' id='word_1_891' title='bbox 2247 4608 2358 4662; x_wconf 83' lang='lat' dir='ltr'><strong><em>est,</em></strong></span> <span class='ocrx_word' id='word_1_892' title='bbox 2391 4597 2532 4669; x_wconf 89' lang='lat' dir='ltr'><strong><em>quod</em></strong></span> <span class='ocrx_word' id='word_1_893' title='bbox 2563 4597 2671 4653; x_wconf 91' lang='lat' dir='ltr'><strong><em>duo</em></strong></span> <span class='ocrx_word' id='word_1_894' title='bbox 2702 4598 2936 4653; x_wconf 80' lang='lat' dir='ltr'><strong><em>habeant</em></strong></span> <span class='ocrx_word' id='word_1_895' title='bbox 2964 4600 3234 4655; x_wconf 82' lang='lat' dir='ltr'><strong><em>contraria</em></strong></span> <span class='ocrx_word' id='word_1_896' title='bbox 3263 4617 3277 4662; x_wconf 86' lang='lat'><strong>;</strong></span> <span class='ocrx_word' id='word_1_897' title='bbox 3314 4609 3371 4655; x_wconf 83' lang='lat' dir='ltr'><strong><em>cI</em></strong></span> 
     </span>
    </p>
   </div>
   <div class='ocr_carea' id='block_1_108' title="bbox 1782 4693 3366 4766">
    <p class='ocr_par' dir='ltr' id='par_1_108' title="bbox 1782 4693 3366 4766">
     <span class='ocr_line' id='line_1_108' title="bbox 1782 4693 3366 4766; baseline 0.001 -18"><span class='ocrx_word' id='word_1_898' title='bbox 1782 4694 2083 4766; x_wconf 88' lang='lat' dir='ltr'><strong><em>graviorem</em></strong></span> <span class='ocrx_word' id='word_1_899' title='bbox 2128 4693 2369 4763; x_wconf 81' lang='lat' dir='ltr'><strong><em>inﬂigaut</em></strong></span> <span class='ocrx_word' id='word_1_900' title='bbox 2416 4693 2622 4762; x_wconf 83' lang='lat' dir='ltr'><strong><em>plagam</em></strong></span> <span class='ocrx_word' id='word_1_901' title='bbox 2657 4708 2816 4762; x_wconf 87' lang='lat' dir='ltr'><strong><em>quam</em></strong></span> <span class='ocrx_word' id='word_1_902' title='bbox 2863 4693 3141 4749; x_wconf 80' lang='lat' dir='ltr'><strong><em>manifesta</em></strong></span> <span class='ocrx_word' id='word_1_903' title='bbox 3181 4695 3366 4750; x_wconf 75' lang='lat' dir='ltr'><strong><em>crium-</em></strong></span> 
     </span>
    </p>
   </div>
   <div class='ocr_carea' id='block_1_109' title="bbox 1785 4785 3368 4857">
    <p class='ocr_par' dir='ltr' id='par_1_109' title="bbox 1785 4785 3368 4857">
     <span class='ocr_line' id='line_1_109' title="bbox 1785 4785 3368 4857; baseline -0.001 -15"><span class='ocrx_word' id='word_1_904' title='bbox 1785 4789 1948 4850; x_wconf 87' lang='lat' dir='ltr'><strong><em>natio,</em></strong></span> <span class='ocrx_word' id='word_1_905' title='bbox 1978 4798 2032 4843; x_wconf 90' lang='lat' dir='ltr'><strong><em>et</em></strong></span> <span class='ocrx_word' id='word_1_906' title='bbox 2053 4804 2173 4842; x_wconf 90' lang='lat' dir='ltr'><strong><em>eum</em></strong></span> <span class='ocrx_word' id='word_1_907' title='bbox 2200 4787 2291 4857; x_wconf 89' lang='lat' dir='ltr'><strong>qui</strong></span> <span class='ocrx_word' id='word_1_908' title='bbox 2318 4787 2557 4856; x_wconf 86' lang='lat' dir='ltr'><strong><em>arguitur</em></strong></span> <span class='ocrx_word' id='word_1_909' title='bbox 2584 4785 2880 4856; x_wconf 82' lang='lat' dir='ltr'><strong><em>graviorem</em></strong></span> <span class='ocrx_word' id='word_1_910' title='bbox 2918 4785 3211 4841; x_wconf 83' lang='lat' dir='ltr'><strong><em>sectionem</em></strong></span> <span class='ocrx_word' id='word_1_911' title='bbox 3242 4803 3368 4857; x_wconf 77' lang='lat' dir='ltr'><strong><em>pas-</em></strong></span> 
     </span>
    </p>
   </div>
   <div class='ocr_carea' id='block_1_110' title="bbox 1785 4876 3375 4949">
    <p class='ocr_par' dir='ltr' id='par_1_110' title="bbox 1785 4876 3375 4949">
     <span class='ocr_line' id='line_1_110' title="bbox 1785 4876 3375 4949; baseline 0 -15"><span class='ocrx_word' id='word_1_912' title='bbox 1785 4894 1923 4941; x_wconf 80' lang='lat' dir='ltr'><strong><em>sum,</em></strong></span> <span class='ocrx_word' id='word_1_913' title='bbox 1955 4878 2021 4933; x_wconf 88' lang='lat' dir='ltr'><strong><em>ad</em></strong></span> <span class='ocrx_word' id='word_1_914' title='bbox 2066 4878 2325 4949; x_wconf 84' lang='lat' dir='ltr'><strong><em>majorem</em></strong></span> <span class='ocrx_word' id='word_1_915' title='bbox 2358 4879 2690 4933; x_wconf 83' lang='lat' dir='ltr'><strong><em>tolerantiam</em></strong></span> <span class='ocrx_word' id='word_1_916' title='bbox 2735 4887 3012 4946; x_wconf 73' lang='lat' dir='ltr'><strong><em>apparent.</em></strong></span> <span class='ocrx_word' id='word_1_917' title='bbox 3060 4876 3185 4932; x_wconf 87' lang='lat' dir='ltr'><strong><em>Sine</em></strong></span> <span class='ocrx_word' id='word_1_918' title='bbox 3227 4880 3375 4935; x_wconf 76' lang='lat' dir='ltr'><strong><em>nobis</em></strong></span> 
     </span>
    </p>
   </div>
   <div class='ocr_carea' id='block_1_111' title="bbox 1784 4958 3375 5041">
    <p class='ocr_par' dir='ltr' id='par_1_111' title="bbox 1784 4958 3375 5041">
     <span class='ocr_line' id='line_1_111' title="bbox 1784 4958 3375 5041; baseline 0.001 -16"><span class='ocrx_word' id='word_1_919' title='bbox 1784 4971 2047 5041; x_wconf 71' lang='lat' dir='ltr'><strong><em>regnastis.</em></strong></span> <span class='ocrx_word' id='word_1_920' title='bbox 2084 4970 2178 5024; x_wconf 83' lang='lat' dir='ltr'><strong><em>llic</em></strong></span> <span class='ocrx_word' id='word_1_921' title='bbox 2204 4984 2393 5039; x_wconf 84' lang='lat' dir='ltr'><strong><em>magna</em></strong></span> <span class='ocrx_word' id='word_1_922' title='bbox 2420 4977 2503 5022; x_wconf 89' lang='lat' dir='ltr'><strong><em>est</em></strong></span> <span class='ocrx_word' id='word_1_923' title='bbox 2529 4967 2800 5038; x_wconf 81' lang='lat' dir='ltr'><strong><em>emphasis</em></strong></span> <span class='ocrx_word' id='word_1_924' title='bbox 2825 4977 2880 5023; x_wconf 90' lang='lat' dir='ltr'><strong><em>et</em></strong></span> <span class='ocrx_word' id='word_1_925' title='bbox 2908 4980 3093 5023; x_wconf 86' lang='lat' dir='ltr'><strong><em>contra</em></strong></span> <span class='ocrx_word' id='word_1_926' title='bbox 3121 4958 3375 5026; x_wconf 81' lang='lat' dir='ltr'><strong><em>doctores</em></strong></span> 
     </span>
    </p>
   </div>
   <div class='ocr_carea' id='block_1_112' title="bbox 1786 5061 3375 5131">
    <p class='ocr_par' dir='ltr' id='par_1_112' title="bbox 1786 5061 3375 5131">
     <span class='ocr_line' id='line_1_112' title="bbox 1786 5061 3375 5131; baseline -0.001 -12"><span class='ocrx_word' id='word_1_927' title='bbox 1786 5074 1840 5120; x_wconf 89' lang='lat' dir='ltr'><strong><em>et</em></strong></span> <span class='ocrx_word' id='word_1_928' title='bbox 1869 5074 2055 5119; x_wconf 88' lang='lat' dir='ltr'><strong><em>contra</em></strong></span> <span class='ocrx_word' id='word_1_929' title='bbox 2080 5063 2392 5131; x_wconf 84' lang='lat' dir='ltr'><strong><em>discipulos.</em></strong></span> <span class='ocrx_word' id='word_1_930' title='bbox 2417 5062 2728 5118; x_wconf 87' lang='lat' dir='ltr'><strong><em>Ostenditur</em></strong></span> <span class='ocrx_word' id='word_1_931' title='bbox 2755 5061 2879 5117; x_wconf 86' lang='lat' dir='ltr'><strong><em>hine</em></strong></span> <span class='ocrx_word' id='word_1_932' title='bbox 2903 5063 3021 5118; x_wconf 83' lang='lat' dir='ltr'><strong><em>illos</em></strong></span> <span class='ocrx_word' id='word_1_933' title='bbox 3046 5062 3245 5117; x_wconf 74' lang='lat' dir='ltr'><strong><em>nullam</em></strong></span> <span class='ocrx_word' id='word_1_934' title='bbox 3276 5061 3375 5117; x_wconf 68' lang='lat' dir='ltr'><strong><em>hat-</em></strong></span> 
     </span>
    </p>
   </div>
   <div class='ocr_carea' id='block_1_113' title="bbox 1788 5152 3375 5224">
    <p class='ocr_par' dir='ltr' id='par_1_113' title="bbox 1788 5152 3375 5224">
     <span class='ocr_line' id='line_1_113' title="bbox 1788 5152 3375 5224; baseline 0.003 -16"><span class='ocrx_word' id='word_1_935' title='bbox 1788 5155 1915 5209; x_wconf 90' lang='lat' dir='ltr'><strong><em>bere</em></strong></span> <span class='ocrx_word' id='word_1_936' title='bbox 1953 5154 2338 5208; x_wconf 87' lang='lat' dir='ltr'><strong><em>conscientiam</em></strong></span> <span class='ocrx_word' id='word_1_937' title='bbox 2367 5162 2529 5224; x_wconf 86' lang='lat' dir='ltr'><strong><em>atque</em></strong></span> <span class='ocrx_word' id='word_1_938' title='bbox 2557 5152 2842 5208; x_wconf 90' lang='lat' dir='ltr'><strong><em>admodum</em></strong></span> <span class='ocrx_word' id='word_1_939' title='bbox 2871 5154 3065 5209; x_wconf 70' lang='lat' dir='ltr'><strong><em>stultos</em></strong></span> <span class='ocrx_word' id='word_1_940' title='bbox 3091 5167 3230 5209; x_wconf 90' lang='lat' dir='ltr'><strong><em>esse.</em></strong></span> <span class='ocrx_word' id='word_1_941' title='bbox 3261 5154 3375 5212; x_wconf 77' lang='lat' dir='ltr'><strong><em>Hoc</em></strong></span> 
     </span>
    </p>
   </div>
   <div class='ocr_carea' id='block_1_114' title="bbox 1789 5243 3371 5301">
    <p class='ocr_par' dir='ltr' id='par_1_114' title="bbox 1789 5243 3371 5301">
     <span class='ocr_line' id='line_1_114' title="bbox 1789 5243 3371 5301; baseline 0 -1"><span class='ocrx_word' id='word_1_942' title='bbox 1789 5246 1929 5301; x_wconf 89' lang='lat' dir='ltr'><strong><em>enim</em></strong></span> <span class='ocrx_word' id='word_1_943' title='bbox 1958 5245 2072 5299; x_wconf 90' lang='lat' dir='ltr'><strong><em>vult</em></strong></span> <span class='ocrx_word' id='word_1_944' title='bbox 2111 5244 2294 5299; x_wconf 90' lang='lat' dir='ltr'><strong><em>dicere</em></strong></span> <span class='ocrx_word' id='word_1_945' title='bbox 2332 5261 2347 5297; x_wconf 91' lang='lat'><strong>:</strong></span> <span class='ocrx_word' id='word_1_946' title='bbox 2376 5243 2432 5299; x_wconf 89' lang='lat' dir='ltr'><strong><em>ln</em></strong></span> <span class='ocrx_word' id='word_1_947' title='bbox 2463 5244 2731 5300; x_wconf 91' lang='lat' dir='ltr'><strong><em>laboribus</em></strong></span> <span class='ocrx_word' id='word_1_948' title='bbox 2756 5246 2933 5299; x_wconf 86' lang='lat' dir='ltr'><strong><em>omnia</em></strong></span> <span class='ocrx_word' id='word_1_949' title='bbox 2964 5256 3089 5299; x_wconf 91' lang='lat' dir='ltr'><strong><em>sunt</em></strong></span> <span class='ocrx_word' id='word_1_950' title='bbox 3127 5259 3371 5300; x_wconf 64' lang='lat' dir='ltr'><strong><em>commut-</em></strong></span> 
     </span>
    </p>
   </div>
   <div class='ocr_carea' id='block_1_115' title="bbox 1788 5336 3379 5407">
    <p class='ocr_par' dir='ltr' id='par_1_115' title="bbox 1788 5336 3379 5407">
     <span class='ocr_line' id='line_1_115' title="bbox 1788 5336 3379 5407; baseline -0.001 -14"><span class='ocrx_word' id='word_1_951' title='bbox 1788 5340 1875 5393; x_wconf 88' lang='lat' dir='ltr'><strong><em>nia</em></strong></span> <span class='ocrx_word' id='word_1_952' title='bbox 1903 5348 1957 5393; x_wconf 91' lang='lat' dir='ltr'><strong><em>et</em></strong></span> <span class='ocrx_word' id='word_1_953' title='bbox 1992 5336 2149 5392; x_wconf 91' lang='lat' dir='ltr'><strong><em>nobis</em></strong></span> <span class='ocrx_word' id='word_1_954' title='bbox 2190 5347 2245 5393; x_wconf 87' lang='lat' dir='ltr'><strong><em>et</em></strong></span> <span class='ocrx_word' id='word_1_955' title='bbox 2275 5336 2467 5403; x_wconf 81' lang='lat' dir='ltr'><strong><em>vobis;</em></strong></span> <span class='ocrx_word' id='word_1_956' title='bbox 2514 5336 2566 5391; x_wconf 85' lang='lat' dir='ltr'><strong><em>in</em></strong></span> <span class='ocrx_word' id='word_1_957' title='bbox 2597 5337 2830 5407; x_wconf 65' lang='lat' dir='ltr'><strong><em>prmmiis</em></strong></span> <span class='ocrx_word' id='word_1_958' title='bbox 2867 5345 3045 5391; x_wconf 81' lang='lat' dir='ltr'><strong><em>autem</em></strong></span> <span class='ocrx_word' id='word_1_959' title='bbox 3076 5345 3132 5391; x_wconf 88' lang='lat' dir='ltr'><strong><em>et</em></strong></span> <span class='ocrx_word' id='word_1_960' title='bbox 3155 5337 3379 5392; x_wconf 65' lang='lat' dir='ltr'><strong><em>coronis</em></strong></span> 
     </span>
    </p>
   </div>
   <div class='ocr_carea' id='block_1_116' title="bbox 1788 5427 3374 5500">
    <p class='ocr_par' dir='ltr' id='par_1_116' title="bbox 1788 5427 3374 5500">
     <span class='ocr_line' id='line_1_116' title="bbox 1788 5427 3374 5500; baseline 0.001 -16"><span class='ocrx_word' id='word_1_961' title='bbox 1788 5444 1885 5485; x_wconf 81' lang='lat' dir='ltr'><strong><em>vos</em></strong></span> <span class='ocrx_word' id='word_1_962' title='bbox 1927 5430 2081 5500; x_wconf 90' lang='lat' dir='ltr'><strong><em>primi</em></strong></span> <span class='ocrx_word' id='word_1_963' title='bbox 2126 5429 2277 5485; x_wconf 82' lang='lat' dir='ltr'><strong><em>estis:</em></strong></span> <span class='ocrx_word' id='word_1_964' title='bbox 2318 5428 2423 5484; x_wconf 87' lang='lat' dir='ltr'><strong><em>Sed</em></strong></span> <span class='ocrx_word' id='word_1_965' title='bbox 2468 5427 2585 5484; x_wconf 53' lang='lat' dir='ltr'><strong><em>haec</em></strong></span> <span class='ocrx_word' id='word_1_966' title='bbox 2612 5429 2795 5484; x_wconf 87' lang='lat' dir='ltr'><strong><em>dicens</em></strong></span> <span class='ocrx_word' id='word_1_967' title='bbox 2835 5445 2952 5483; x_wconf 45' lang='lat' dir='ltr'><strong><em>non.</em></strong></span> <span class='ocrx_word' id='word_1_968' title='bbox 2981 5428 3139 5484; x_wconf 82' lang='lat' dir='ltr'><strong><em>doleo</em></strong></span> <span class='ocrx_word' id='word_1_969' title='bbox 3171 5447 3185 5483; x_wconf 92' lang='lat'><strong>:</strong></span> <span class='ocrx_word' id='word_1_970' title='bbox 3213 5428 3374 5486; x_wconf 77' lang='lat' dir='ltr'><strong><em>ideo-</em></strong></span> 
     </span>
    </p>
   </div>
   <div class='ocr_carea' id='block_1_117' title="bbox 1789 5521 3371 5594">
    <p class='ocr_par' dir='ltr' id='par_1_117' title="bbox 1789 5521 3371 5594">
     <span class='ocr_line' id='line_1_117' title="bbox 1789 5521 3371 5594; baseline 0.001 -16"><span class='ocrx_word' id='word_1_971' title='bbox 1789 5538 1895 5594; x_wconf 89' lang='lat' dir='ltr'><strong><em>que</em></strong></span> <span class='ocrx_word' id='word_1_972' title='bbox 1942 5521 2216 5593; x_wconf 61' lang='lat' dir='ltr'><strong><em>subiunxit</em></strong></span> <span class='ocrx_word' id='word_1_973' title='bbox 2261 5540 2275 5577; x_wconf 90' lang='lat'><strong>:</strong></span> <span class='ocrx_word' id='word_1_974' title='bbox 2326 5522 2393 5577; x_wconf 81' lang='lat' dir='ltr'><strong><em>Et</em></strong></span> <span class='ocrx_word' id='word_1_975' title='bbox 2445 5523 2643 5577; x_wconf 77' lang='lat' dir='ltr'><strong><em>utinam</em></strong></span> <span class='ocrx_word' id='word_1_976' title='bbox 2695 5524 2993 5593; x_wconf 70' lang='lat' dir='ltr'><strong><em>regnantis.</em></strong></span> <span class='ocrx_word' id='word_1_977' title='bbox 3050 5523 3251 5580; x_wconf 87' lang='lat' dir='ltr'><strong><em>Deinde</em></strong></span> <span class='ocrx_word' id='word_1_978' title='bbox 3300 5537 3371 5580; x_wconf 79' lang='lat' dir='ltr'><strong><em>ns</em></strong></span> 
     </span>
    </p>
   </div>
   <div class='ocr_carea' id='block_1_118' title="bbox 1864 5718 2794 5784">
    <p class='ocr_par' dir='ltr' id='par_1_118' title="bbox 1864 5718 2794 5784">
     <span class='ocr_line' id='line_1_118' title="bbox 1864 5718 2794 5784; baseline -0.009 -7"><span class='ocrx_word' id='word_1_979' title='bbox 1864 5722 1878 5752; x_wconf 86' lang='lat'><strong>’</strong></span> <span class='ocrx_word' id='word_1_980' title='bbox 1906 5729 2039 5784; x_wconf 61' lang='lat' dir='ltr'><strong><em>nec,</em></strong></span> <span class='ocrx_word' id='word_1_981' title='bbox 2060 5722 2104 5776; x_wconf 87' lang='lat' dir='ltr'><strong><em>si</em></strong></span> <span class='ocrx_word' id='word_1_982' title='bbox 2121 5722 2336 5784; x_wconf 79' lang='lat' dir='ltr'><strong><em>uirtutes,</em></strong></span> <span class='ocrx_word' id='word_1_983' title='bbox 2359 5720 2539 5770; x_wconf 84' lang='lat' dir='ltr'><strong><em>desunt</em></strong></span> <span class='ocrx_word' id='word_1_984' title='bbox 2560 5722 2612 5768; x_wconf 85' lang='lat' dir='ltr'><strong><em>iu</em></strong></span> <span class='ocrx_word' id='word_1_985' title='bbox 2631 5718 2794 5771; x_wconf 78' lang='lat' dir='ltr'><strong><em>editis.</em></strong></span> 
     </span>
    </p>
   </div>
  </div>
