3838 6214
153 235 231 295 99
1214 240 1277 295 ΙΝ
1316 240 1534 297 EPIST.
1568 242 1588 293 1
1628 239 1714 294 AD

1821 237 1915 296 )R.
1959 242 2192 305 HOMIL.
2228 250 2347 305 XII.

152 366 309 418 ἐστιν·
336 361 426 414 Ἐν
464 360 561 433 μὲν
590 361 704 424 τοῖς
735 361 921 424 πόνοις
964 359 1129 430 φησὶν
1165 356 1304 412 εἶναι
1334 362 1511 415 πάντα
1553 359 1709 414 κοινά

151 447 230 501 καὶ
268 446 400 515 ἡμῖν
454 445 549 498 καὶ
600 445 750 515 ὑμῖν,
812 447 873 497 ἐν
924 445 982 498 δέ
1020 446 1132 507 τοῖς
1178 444 1433 508 ἐπάθλως
1470 446 1710 507 καὶτοῖς

153 530 418 599 στεφάνοις
459 529 617 599 ὑμεῖς
661 530 889 600 πρῶτοι.
932 529 1073 583 Ἀλλ’
1104 529 1206 582 οὐκ
1234 528 1386 597 ἀλγῶ
1417 528 1593 582 ταῦτα
1620 527 1708 579 λέ-

150 632 245 684 γων
267 628 279 640 ·
316 611 395 665 διὸ
429 614 522 665 καὶ
555 613 825 682 ἐπήγαγε·
877 616 984 666 Καὶ
1018 613 1244 682 ὄφελόν
1279 630 1344 682 γε
1392 612 1709 665 ἐϐασιλεύ-

151 713 298 753 σατε.
337 694 490 759 Εἶτα,
557 696 641 748 ἵνα
696 696 770 766 μὴ
810 696 937 766 δόξῃ
988 696 1240 766 εἰρωνεία
1275 714 1360 758 τις
1406 691 1566 760 εἶναι,
1616 699 1713 748 ἐπ-

150 786 336 852 ήγαγεν
357 797 371 812 ο
416 779 550 833 Ἵνα
600 779 699 832 καὶ
725 778 897 848 ἡμεῖς
934 779 1078 848 ὑμῖν
1101 779 1709 848 συμϐασιλεύσωμεν.

151 866 246 919 Καὶ
274 864 383 935 γὰρ
424 862 509 927 ἂν,
542 863 695 933 φησὶ,
734 863 829 915 καὶ
871 865 1031 932 ἡμεῖς
1065 863 1271 916 τούτων
1324 862 1663 933 ἐπετύχομεν
1686 875 1711 903 α

149 950 244 1002 τῶν
271 947 514 1015 ἀγαθῶν.
552 942 705 1009 Εἶδες
737 946 853 1010 πῶς
886 946 1021 1016 ὁμοῦ
1056 947 1151 1000 καὶ
1172 946 1273 1017 τὴν
1313 946 1592 1018 βαρύτητα
1623 948 1715 1000 καὶ

150 1034 235 1105 τὴν
264 1031 590 1103 κηδεμονίαν
625 1031 960 1084 ἐνδείκνυται
991 1032 1086 1085 καὶ
1114 1032 1213 1102 τὴν
1248 1032 1536 1099 φιλόσοφον
1576 1030 1716 1099 γνώ-

153 1136 278 1190 μην;
331 1119 468 1185 Ὅρα
505 1116 623 1181 πῶς
662 1116 913 1188 καθαιρεῖ
954 1117 1048 1170 καὶ
1074 1116 1166 1169 τὸν
1209 1116 1377 1185 τῦφον
1404 1116 1469 1169 δι’
1501 1110 1575 1169 ὧν
1611 1119 1711 1168 ἐπ-

150 1205 257 1270 άγει
308 1200 512 1269 λέγων’
575 1199 779 1253 Δοκῶυ
828 1199 940 1269 γὰρ
977 1199 1064 1253 ὅτι
1115 1201 1148 1253 ὁ
1199 1200 1343 1265 Θεὸς
1381 1198 1538 1268 ἡμᾶς
1571 1200 1714 1265 τοὺς

149 1285 517 1348 ἀποστόλους
564 1282 865 1352 ἐσχάτους
911 1281 1251 1350 ἀπέδειξεν,
1285 1284 1365 1348 ὡς
1424 1283 1711 1336 ἐπιθανα-

147 1371 317 1433 τίους.
348 1368 553 1439 Πολλὴν
581 1368 681 1438 τὴν
707 1368 943 1437 ἔμφασιν
979 1369 1071 1421 κα)⁸
1103 1368 1203 1439 τὴν
1240 1367 1517 1438 βαρύτητα
1544 1367 1712 1421 ἐνδεί-

149 1470 321 1506 κνυται
367 1450 529 1505 πάλιν
575 1451 652 1523 τῷ
695 1453 892 1513 είπεῖν,
961 1450 1167 1519 Ἠμᾶς.
1219 1451 1328 1503 Καὶ
1371 1450 1491 1502 οὐδέ
1536 1449 1712 1521 τούτῳ

145 1535 398 1606 ἠρκέσθη,
430 1535 567 1588 ἀλλά
606 1534 787 1588 καὶτὸ
822 1534 1042 1605 ἀξίωμα
1081 1535 1349 1604 ἐπήγαγε,
1388 1534 1595 1605 σφόδρα
1617 1535 1714 1586 αὑ-

147 1603 244 1674 τῶν
269 1603 742 1689 ’καθικνούμενοςο
805 1603 1001 1687 Ἡμᾶς,
1058 1603 1214 1690 φησὶ,
1255 1618 1397 1685 τοὺς
1440 1603 1708 1672 ἀποστό-

144 1711 309 1771 λους-⁸
345 1705 470 1767 τοὺς
502 1703 569 1755 τά
594 1702 765 1773 μυρία
796 1702 1167 1771 ὑπομένοντας
1196 1703 1361 1765 κακά,
1402 1703 1528 1765 τοῦς
1555 1702 1710 1754 σπεί-

147 1807 325 1862 ροντας
352 1790 413 1841 τὸ
440 1789 707 1858 κήρυγμα
739 1786 839 1857 τῆς
871 1785 1177 1850 εὐσεϐείας,
1218 1788 1344 1850 τοὺς
1377 1788 1469 1838 ἐπὶ
1499 1786 1599 1858 τὴν
1626 1804 1713 1856 φιη

144 1874 385 1942 λοσοφίαν
433 1871 638 1939 ταύτην
677 1866 820 1940 ὑμᾶς
860 1871 1128 1938 ἄγοντας’
1176 1870 1398 1933 τούτους
1451 1872 1713 1940 ἐσχάτους

145 1954 431 2020 ἀπέδειξεν,
459 1957 534 2019 ὠς
582 1954 984 2018 ἐπιθανατίους,
1035 1954 1333 2020 τουτέστιν,
1375 1954 1451 2018 ώς
1491 1955 1711 2009 καταδί-

144 2061 280 2106 κους.
318 2040 536 2111 Ἐπειδὴ
562 2039 671 2110 γὰρ
696 2033 868 2101 εἶπεν,
907 2038 1040 2091 Ἵνα
1067 2038 1162 2092 καί
1186 2038 1360 2107 ἡμεῖς
1402 2039 1540 2108 ὑμῖν
1561 2055 1713 2107 συμ-

145 2126 606 2192 ίάσιλεύσωμεν,
657 2123 752 2175 καὶ
803 2121 1037 2192 ἐχάλασε
1068 2120 1147 2191 τῷ
1180 2121 1324 2193 λόγῳ
1354 2122 1413 2175 τὸ
1443 2124 1670 2195 σφοδρόν
1693 2140 1709 2156 ο

145 2212 225 2263 ἵνα
250 2209 320 2279 μὴ
349 2208 550 2269 αὐτοὺς
579 2205 804 2277 ἐκλύση,
829 2205 1200 2275 ἀναλαμϐάνει
1228 2206 1390 2259 πάλιν
1415 2206 1546 2259 αὐτὸ
1575 2206 1712 2277 μετά

144 2294 377 2357 πλείονος
410 2290 777 2363 βαρυθυμίας,
826 2290 917 2342 καί
952 2306 1120 2359 φησι·
1154 2288 1316 2342 Δοκῶ
1362 2289 1493 2359 γὰρ,
1542 2290 1628 2343 ὅτι
1681 2293 1714 2344 δ

145 2379 279 2441 Θεὸς
301 2376 458 2445 ἡμᾶς
481 2375 624 2440 τοὺς
647 2374 1032 2438 ἀποστόλους
1049 2374 1350 2442 ἐσχάτους
1372 2372 1710 2439 ἀπέδειξεν,

142 2464 216 2526 ὡς
246 2459 685 2523 ἐπιθανατίους.
752 2457 839 2520 Ὠς
873 2456 981 2525 γάρ
1032 2456 1162 2527 ὁρῶ,
1218 2459 1372 2529 φησὶ,
1409 2457 1504 2510 καὶ⁸
1538 2458 1595 2524 ἐξ
1638 2451 1712 2512 ὧν

144 2549 291 2617 ὑμεῖς
319 2562 478 2615 φατε,
517 2544 566 2596 οί
606 2543 827 2595 πάντων
859 2541 1171 2611 ἀτιμότεροι
1214 2542 1309 2595 καὶ
1341 2542 1389 2594 οί
1430 2542 1714 2596 κατάδικοι

143 2632 295 2700 ἡμεῖς
313 2630 506 2699 ἐσμεν,
544 2626 592 2678 οἳ
617 2628 694 2688 είς
719 2625 780 2677 τὸ
821 2624 1050 2695 πάσχειν
1077 2625 1162 2677 ἀεὶ
1186 2624 1373 2688 κακῶς
1404 2626 1713 2696 προϐεϐλή-

143 2716 305 2787 μεθαο
355 2715 517 2783 ὑμεῖς
564 2710 620 2763 δὲ
680 2711 779 2782 ηδη
845 2708 1121 2779 βασιλείαν
1175 2708 1472 2779 καὶτιμὰς
1506 2711 1600 2763 καὶ
1644 2712 1713 2765 τὰ

141 2799 341 2853 ἔπαθλα
370 2794 733 2867 φαντάζεσθε.
767 2792 1099 2863 Βουλόμενος
1130 2792 1187 2846 δὲ
1220 2794 1299 2856 είς
1327 2793 1550 2848 πλείονα
1589 2795 1715 2848 ἀτοο

143 2884 265 2936 πίαν
287 2881 598 2949 ἀπαγαγεῖν
622 2877 711 2931 τὸν
740 2877 920 2944 λόγον,
946 2876 1040 2929 καὶ
1067 2876 1236 2942 δεῖξαι
1262 2876 1424 2930 αὐτὸν
1452 2878 1713 2932 ἀπίθανον

144 2966 256 3038 μεθ’
284 2964 617 3034 ὑπερϐολῆς,
648 2961 748 3014 οὐκ
773 2960 949 3023 εἶπεν,
993 2960 1074 3013 ὅτι
1115 2958 1330 3023 Ἀπλῶς
1356 2962 1519 3032 ἡμεῖς
1546 2964 1715 3032 ἐσμεν

141 3052 369 3120 ἔσχατοι,
402 3046 541 3111 ἀλλ’,
584 3046 642 3098 Ὀ
675 3044 805 3106 Θεὸς
846 3044 994 3114 ἡμᾶς
1024 3041 1287 3113 ἐσχάτους
1316 3043 1561 3117 ἐποίησε.
1606 3048 1715 3100 Καὶ

139 3135 232 3186 οὐκ
256 3130 504 3204 ἠρκέσθη
530 3129 606 3199 τῷ
634 3131 807 3182 εἰπεῖν
850 3125 1207 3196 Ἔσχάτους,
1241 3126 1378 3180 ἀλλά
1404 3128 1715 3201 προσέθηκε

140 3218 229 3269 καὶ
281 3213 739 3276 Ἐπιθανατίους
759 3228 771 3240 ·
799 3211 884 3264 ’ίνα
916 3211 1009 3264 καὶ
1031 3212 1059 3264 6
1094 3210 1298 3281 σφόδρα
1330 3210 1557 3282 ἀνόητος
1590 3231 1715 3267 συν-

140 3302 247 3371 ειδῇ
283 3299 391 3353 τῶν
421 3296 726 3368 εἰρημένων
768 3295 829 3346 τὸ
868 3293 1152 3360 ἀπίθανον,
1181 3296 1274 3348 καί⁵
1311 3294 1393 3347 ὅτι
1421 3295 1715 3365 ἀλγοῦντος

138 3381 201 3455 ἦν
226 3383 290 3437 τά
321 3382 594 3451 λεγόμενα
615 3379 710 3432 καὶ
748 3379 953 3449 σφόδρα
984 3378 1182 3441 αὐτοὺς
1206 3378 1576 3449 ἐντρέποντος-

203 3468 391 3536 γ’.Καὶ
412 3466 514 3536 ὅρα
526 3462 736 3516 Παύλου
761 3462 995 3516 σύνεσιν.
1014 3464 1130 3531 Ἀφ’
1147 3456 1221 3517 ὧν
1247 3464 1459 3527 ἐαυτὸν,
1473 3464 1637 3534 ἡνίκα
1651 3466 1717 3520 ἂν

140 3548 426 3627 ᾖκαιρὸς,
483 3547 697 3617 ἐπαίρει
746 3546 838 3599 καὶ
890 3545 1086 3616 σεμνὸν
1129 3545 1369 3601 δείκνυσι
1402 3548 1496 3600 καὶ
1543 3548 1716 3619 μέγαν

138 3639 296 3701 ποιεῖ,
329 3634 441 3687 ἀπὸ
474 3632 680 3685 τούτων
708 3629 949 3693 ἐκείνους
990 3629 1242 3701 ἐντρέπει
1276 3630 1393 3695 νῦν,
1426 3632 1717 3687 κατάδικον

136 3720 324 3774 ἑαυτὸν
346 3716 550 3771 καλῶν.
589 3712 855 3767 Τοσοῦτον
881 3716 996 3767 ἐστι
1032 3714 1171 3784 μετά
1213 3713 1306 3767 τοῦ
1357 3713 1511 3786 μου]
1546 3733 1716 3787 προσ-

137 3806 361 3876 ήκοντος
385 3797 582 3870 καιροῦ
616 3797 794 3851 πάντα
827 3798 1024 3851 ποιεῖν.
1069 3796 1522 3864 Ἐπιθανατίους
1544 3799 1601 3852 δέ
1628 3802 1717 3853 ἐν-

135 3887 306 3942 ταῦθα
338 3884 469 3945 τοὺς
504 3881 829 3943 καταδίκους
869 3879 1039 3949 λέγει,
1086 3882 1178 3933 καὶ
1230 3882 1439 3954 μυρίων
1473 3882 1717 3937 θανάτων

135 3970 339 4037 ἀξίους.
376 3968 510 4020 ’Ὅτι
555 3965 802 4032 οέατρον
832 3963 1202 4034 ἐγενήθημεν
1239 3963 1318 4030 τῷ
1364 3966 1571 4036 κόσμῳ
1617 3968 1717 4021 καί

133 4054 409 4125 ἀγγέλοις
437 4051 537 4105 καί
568 4049 920 4116 ἀνθρώποις.
950 4050 1014 4100 Τί
1041 4051 1179 4115 ἐστι,
1210 4049 1472 4119 Θέατρον
1510 4053 1718 4123 ἐγενή-

135 4142 317 4209 θημεν
345 4134 428 4201 τῷ
452 4136 689 4203 κόσμῳ;
728 4133 841 4186 Οὐκ
876 4134 933 4184 ἐν
958 4133 1131 4205 γωνίᾳ
1162 4135 1259 4204 μιᾷ
1288 4135 1410 4187 οὐδὲ
1443 4137 1501 4188 ἐν
1534 4138 1717 4210 μικρῷ

133 4224 226 4294 τῆς
262 4219 596 4290 οικουμένης
631 4218 786 4287 μέρει
814 4214 985 4269 ταῦτα
1016 4217 1319 4287 πάσχομεν,
1349 4223 1533 4291 φησὶν,
1583 4222 1719 4276 ἀλλά

134 4303 415 4374 πανταχοῦ
449 4302 545 4355 καὶ
591 4300 683 4353 ἐπὶ
734 4299 974 4354 πάντων.
1005 4298 1069 4351 Τί
1101 4300 1159 4353 δέ
1191 4302 1328 4367 ἐστι,
1386 4302 1497 4356 Καὶ
1546 4304 1719 4375 ἀττέ-

131 4394 290 4456 low;
320 4386 480 4440 Ἀντί
506 4383 625 4448 τοῦ,
656 4384 810 4436 Ἔστι
832 4383 930 4453 μὲν
958 4383 1270 4454 ἀνθρώποις
1292 4380 1434 4438 εἶναι
1468 4386 1716 4461 θέατρον,

136 4473 329 4545 μηκέτι
363 4471 425 4524 δὲ
451 4468 727 4537 ἀγγέλοις,
768 4468 895 4519 ὅταν
930 4467 1121 4536 εὐτελῆ
1168 4467 1235 4521 τὰ
1268 4468 1528 4539 γινόμενα
1651 4474 1719 4527 τὰ

132 4558 185 4610 δὲ
211 4557 368 4629 ἡμῶν
394 4551 758 4622 παλαίσματα
785 4551 1033 4617 τοιαῦτα,
1063 4550 1149 4629 Ad);
1177 4552 1271 4604 καὶ
1296 4553 1393 4623 τῆς
1420 4554 1720 4627 ἀγγελικῆς

132 4626 360 4710 Θεωρίας
382 4636 515 4702 ἀξια
544 4630 707 4689 εἶναι.
744 4636 884 4703 Ὅρα
918 4634 1013 4703 ἀφ’
1051 4626 1126 4687 ὧν
1152 4635 1345 4688 ἐαυτὸν
1369 4626 1717 4705 ἐξευτελίξει,

134 4724 246 4787 πῶς
270 4723 442 4777 πάλιν
471 4721 646 4792 μέγαν
675 4717 947 4771 δείκνυσιν
967 4732 981 4746 ’
1011 4720 1106 4788 ἀφ’
1132 4713 1207 4772 ὧν
1249 4720 1306 4773 δὲ
1336 4722 1533 4775 ἐκεῖνοι
1575 4724 1721 4793 μέγα

133 4806 413 4877 φρονοῦσι,
446 4803 567 4866 πῶς
603 4802 797 4864 αὐτοὺς
844 4802 1082 4865 εὐτελεῖς
1128 4804 1445 4873 ἀποφαίνει.
1501 4804 1719 4879 Ἐπειδὴ

132 4892 234 4961 γὰρ
269 4891 332 4943 τὸ
372 4888 600 4960 μωροὺς
640 4882 781 4938 εἶναι
821 4885 913 4938 τοῦ
957 4887 1255 4957 φρονίμους
1290 4887 1597 4957 φαίνεσθαι,
1629 4891 1721 4943 καὶ

130 4972 186 5023 τὸ
207 4973 465 5033 ἀσθενεῖς
490 4966 629 5023 εἶναι
670 4969 763 5021 τοῦ
791 4970 1045 5040 ἰσχυροὺς
1070 4970 1352 5039 γίνεσθαι,
1398 4971 1491 5025 καὶ
1517 4972 1577 5024 τὸ
1604 4972 1721 5025 ἀτί-

136 5075 263 5127 μους
293 5053 439 5111 εἶναι
466 5054 561 5108 τοῦ
589 5054 834 5121 ἐνδόξους
862 5055 958 5107 καὶ
983 5059 1303 5124 περιφανεῖς
1337 5057 1719 5129 εὐτελέστερον

132 5136 265 5193 εἶναι
296 5141 507 5202 ἐδόκει,
533 5139 630 5192 καὶ
652 5138 718 5191 τά
744 5136 841 5208 μὲν
868 5140 1098 5203 ἐκείνοις
1127 5140 1313 5209 μέλλει
1339 5141 1718 5214 προσρίπτειν,

112 5225 196 5277 ’τὰ
221 5225 277 5278 δὲ
308 5224 482 5287 αὐτὸς
511 5220 838 5285 κατεδέξατο
855 5238 869 5252 ο
896 5221 1170 5275 δείκνυσιν
1194 5224 1277 5277 ὅτι
1297 5224 1470 5278 ταῦτα
1493 5225 1719 5279 ἐκείνων

132 5311 360 5379 ἀμείνω,
396 5309 454 5362 εἴ
486 5326 551 5376 γε
578 5306 667 5360 διά
692 5306 864 5360 ταῦτα
902 5307 976 5378 μὴ
1025 5308 1186 5376 μόνον
1226 5309 1550 5381 ἀνθρώπων,
1581 5310 1719 5366 ἀλλά

131 5396 220 5445 καὶ
245 5392 433 5447 αὐτῶν
466 5392 577 5445 τῶν
610 5389 856 5460 ἀγγέλων
880 5390 969 5445 τὸν
991 5390 1161 5461 δῆμον
1192 5393 1325 5462 πρὸς
1352 5393 1449 5464 τὴν
1482 5393 1718 5467 θεωρίαν

130 5478 436 5549 ἐπέστρεψε
460 5478 562 5547 τὴν
590 5474 819 5528 ἐαυτῶν.
846 5475 919 5528 Οὐ
943 5474 1053 5545 γὰρ
1082 5474 1216 5546 πρὸς
1236 5476 1553 5548 ἀνθρώπους
1586 5481 1717 5550 ἡμῖν

130 5563 159 5631 ἡ
192 5562 335 5633 πάλη
376 5561 566 5632 μόνον,
607 5559 743 5613 ἀλλά
771 5561 864 5613 καὶ
894 5560 1029 5630 πρὸς
1063 5560 1160 5623 τὰς
1187 5562 1513 5631 ἀσωμάτους
1561 5565 1720 5617 δυνά-

135 5662 269 5712 μεις.
298 5646 405 5699 Διά
430 5646 591 5698 τοῦτο
622 5645 713 5697 καὶ¹
766 5644 910 5715 μέγα
952 5643 1181 5715 θέατρον
1213 5646 1466 5717 κάθηται.
1523 5648 1719 5718 Ἡμεῖς

180 5832 200 5857 ⁸
242 5823 516 5891 ιίερεὸσίιιν
540 5823 852 5891 ἐπιτύχωμεν.
917 5822 946 5862 ι)
976 5820 1234 5887 Legebalur
1262 5823 1379 5879 εἶδες
1402 5826 1501 5880 πῶς
1525 5828 1717 5891 καθαρεῖ

134 5884 210 5931 τὸν
226 5884 374 5949 τῦφον
391 5900 404 5947 ;
435 5889 597 5934 Δοκώ.

1813 362 1997 429 μωροὶ
2030 364 2129 420 διὰ
2162 367 2442 435 Χριστὸν,
2470 366 2639 438 ὑμεῖς
2666 366 2733 421 δὲ
2755 370 3032 438 φρόνιμοι
3055 368 3126 424 ἐν
3145 369 3398 440 Χριστῷ.

1819 444 1990 497 Πάλιν
2024 448 2119 500 καὶ
2174 448 2333 503 τοῦτο
2370 451 2741 522 ἐντρεπτικῶς
2795 452 3007 522 εἴρηκε,
3055 452 3269 518 δεικνὺς
3317 456 3403 510 ὅτι

1812 532 2050 599 πρᾶγμά
2074 535 2223 587 ἐστιν
2250 534 2511 588 ἀδύνατον
2545 536 2719 589 ταῦτα
2748 536 3021 605 συμϐῆναι
3058 538 3125 591 τά
3158 540 3401 606 ἐναντία,

1810 614 1906 665 καὶ
1934 615 2033 668 οὐκ
2073 615 2223 670 ἐστιν
2274 621 2332 671 ἐν
2368 620 2480 682 τοῖς
2528 620 2715 683 αὐτοῖς
2743 622 2813 672 τὰ
2848 620 3103 673 τοσοῦτον
3153 621 3405 692 ἀλλήλων

1815 696 2087 768 ἀπέχοντα
2121 700 2417 756 συνελθεῖν.
2447 703 2572 766 Πῶς
2604 702 2712 774 γὰρ
2742 702 2841 766 ἔνι,
2892 704 3077 772 φησὶν.
3107 704 3251 773 ὑμᾶς
3301 704 3404 775 μὲν
3440 762 3441 765 η

1818 780 2118 850 φρονίμους
2148 778 2310 847 εἶναι,
2340 786 2484 855 ἡμᾶς
2518 785 2574 838 δέ
2611 787 2827 856 μωροὺς
2859 787 2917 838 ἐν
2950 789 3064 849 τοῖς
3093 789 3236 839 κατά
3267 788 3406 859 Χρι-

1818 863 1942 916 στὸν
1968 866 2292 937 πράγμασιν
2314 884 2327 933 ;
2369 869 2591 940 Ἐπειδὴ
2621 870 2728 940 γὰρ
2751 871 2903 923 αὐτοὶ
2929 870 3028 939 μὲν
3059 870 3355 925 ἐτύπτοντο
3372 884 3399 912 ε

1818 946 1911 1000 καὶ
1959 950 2395 1021 κατεφρονοῦντο
2447 954 2542 1005 καὶ
2591 952 2920 1023 ἠτιμάζοντο
2968 954 3060 1006 καὶ
3084 954 3234 1007 οὐδὲν
3260 953 3401 1009 εἶναί

1818 1030 2130 1100 ἐνομίζοντο
2154 1071 2169 1097 ,
2206 1035 2406 1087 ἐκεῖνοι
2460 1034 2516 1087 δὲ
2565 1036 2734 1107 τιμῆς
2782 1037 3076 1101 ἀπέλαυον,
3116 1039 3210 1090 καὶ
3245 1038 3407 1107 σοφοί

1815 1129 1960 1177 τινες
2004 1116 2099 1168 καὶ
2133 1118 2344 1171 συνετοὶ
2394 1118 2551 1190 παρά
2605 1119 2819 1183 πολλοῖς
2874 1120 3280 1187 ὑπωπτεύοντο,
3313 1120 3405 1175 διά

1814 1199 1975 1252 τοῦτο
2005 1199 2176 1256 ταῦτά
2206 1220 2393 1273 φησιν,
2425 1204 2506 1257 ὅτι
2548 1202 2673 1267 Πῶς
2699 1203 2777 1257 ἔνι
2804 1205 2929 1267 τοὺς
2960 1204 3027 1257 τά
3048 1204 3270 1257 τοιαῦτα
3300 1221 3405 1276 κη-

1818 1281 2136 1354 ρύττοντας,
2177 1286 2271 1338 ἐπὶ
2299 1288 2412 1351 τοῖς
2461 1286 2728 1350 ἐναντίοις
2772 1286 3179 1341 ὑποπτεύεσθαι
3229 1286 3401 1355 είναι;

1825 1364 2018 1434 Ἡμεῖς
2072 1367 2384 1435 ἀσθενεῖς,
2430 1370 2602 1439 ὑμεῖς
2649 1370 2717 1423 δὲ
2772 1372 3030 1439 ἰσχυροί.
3087 1372 3398 1439 Τουτέστιν,

1827 1448 2020 1518 Ἡμεῖς
2066 1451 2444 1523 ἐλαυνόμεθα,
2482 1453 2791 1524 διωκόμεθα
2818 1472 2832 1486 ο
2897 1456 3055 1524 ὑμεῖς
3106 1454 3163 1507 δέ
3211 1455 3399 1521 ἀδείας

1815 1530 2118 1586 ἀπολαύετε
2169 1537 2262 1588 καὶ
2311 1536 2606 1607 θεραπείας
2640 1536 2862 1606 πολλῆς.
2906 1537 3045 1589 ’Λλλ’
3079 1539 3181 1591 οὐκ
3208 1538 3399 1608 ἀνέχε-

1814 1631 1902 1666 ται
1940 1615 2034 1668 τοῦ
2064 1617 2420 1689 κηρύγματος
2454 1620 2487 1688 ή
2524 1619 2705 1689 φύσις.
2750 1620 2949 1687 Ἡμεῖς
2970 1619 3183 1690 ἄτιμοι,
3229 1619 3400 1689 ὑμεῖς

1815 1696 1883 1750 δὲ
1904 1698 2165 1764 ἔνδοξοι.
2217 1701 2484 1755 Ἐνταῦθα
2513 1702 2651 1774 πρὸς
2679 1704 2805 1767 τοὺς
2835 1703 3076 1772 εὐγενεῖς
3121 1705 3403 1758 ἀποτείνε-

1815 1799 1901 1833 ται
1931 1782 2027 1836 καὶ
2068 1784 2210 1854 μέγα
2240 1784 2573 1856 φρονοῦντας
2603 1785 2696 1837 ἐπὶ
2719 1789 2830 1849 τοῖς
2851 1785 3070 1851 ἔξωθεν.
3101 1790 3270 1857 Ἀχρι
3288 1786 3400 1856 τῆς

1816 1865 1943 1933 ἄρτι
1976 1866 2130 1936 ὧρας
2150 1868 2246 1920 καὶ
2285 1867 2579 1937 πεινῶμεν
2612 1868 2708 1921 καὶ
2728 1868 3013 1937 διψῶμεν,
3042 1872 3136 1924 καὶ
3170 1889 3397 1941 γυμνη-

1816 1950 2084 2017 τεύομεν,
2118 1950 2215 2003 καὶ
2250 1949 2704 2020 κολαφιζόμεθα,
2737 1952 2833 2004 καί
2862 1953 3264 2023 ἀστατοῦμεν,
3299 1952 3399 2008 καί

1816 2032 2117 2103 κοπιῶμεν
2148 2034 2520 2104 ἐργαζόμενοι
2573 2035 2702 2102 ταῖς
2756 2035 2933 2100 ἰδίαις
2982 2039 3176 2106 χερσί.
3233 2039 3401 2092 Τουτ⁹

1818 2119 1996 2185 ἐστιν,
2030 2119 2105 2172 Οὐ
2146 2119 2353 2173 παλαιά
2390 2118 2683 2189 διηγοῦμαι
2719 2119 3055 2190 πράγματα,
3093 2119 3209 2173 ἀλλ’
3253 2121 3405 2194 ἅπερ

1817 2202 1910 2254 καὶ
1934 2204 1962 2254 ό
1993 2202 2183 2273 παρών
2215 2220 2305 2272 μοι
2342 2203 2532 2274 καιρὸς
2568 2205 2856 2274 μαρτυρεῖ.
2899 2203 3021 2256 Τῶν
3043 2203 3152 2275 γὰρ
3190 2204 3404 2276 ἀνθρω-

1816 2284 1989 2337 πίνων
2018 2287 2153 2356 ὴμῖν
2202 2285 2361 2353 λόγος
2389 2285 2569 2348 οὐδεὶς
2601 2286 2722 2338 οὐδέ
2781 2287 2882 2356 τῆς
2927 2286 3126 2353 ἔξωθεν
3163 2305 3406 2358 περιφα-

1816 2368 1984 2434 νείας,
2019 2368 2155 2422 ἀλλὰ
2181 2368 2317 2441 πρὸς
2345 2370 2434 2421 τὸν
2460 2369 2592 2422 Θεὸν
2615 2369 2914 2441 ἀφορῶμεν
2946 2371 3134 2441 μόνον*
3167 2373 3194 2425 ὃ
3219 2372 3284 2443 δὴ
3308 2374 3407 2427 καὶ

1816 2454 1965 2523 ἡμᾶς
1999 2453 2260 2522 πράττειν
2296 2452 2571 2523 πανταχοῦ
2597 2455 2914 2522 ἀναγκαῖον.
2948 2456 3022 2507 Οὑ
3061 2455 3170 2526 γὰρ
3197 2456 3261 2527 δὴ
3303 2457 3406 2527 ἆγ-

1819 2536 1968 2605 γελοι
2010 2535 2279 2606 θεωροῦσι
2307 2536 2489 2606 μόνον,
2523 2536 2658 2592 ἀλλά
2693 2539 2786 2590 καὶ
2820 2538 2927 2609 πρὸ
2949 2539 3172 2592 ἐκείνων
3201 2540 3228 2591 ὁ
3256 2542 3403 2610 ἀγω-

1816 2620 2060 2691 νοθέτης.
2086 2620 2177 2691 Μὴ
2206 2620 2386 2673 τοίνυν
2411 2620 2615 2690 ἐτέρων
2636 2622 2871 2691 δεόμεθα
2890 2624 3212 2678 ἐπαινετῶν.
3233 2625 3405 2680 Τοῦτο

1817 2705 1927 2777 γὰρ
1962 2705 2168 2758 ἐκεῖνόν
2213 2706 2363 2757 ἐστιν
2409 2704 2664 2775 ὑϐρίσαι,
2708 2706 2836 2758 ὅταν
2888 2707 2964 2770 ὡς
2995 2707 3095 2760 οὐκ
3128 2709 3404 2779 ἀρκοῦντα

1816 2788 1954 2859 πρὸς
1970 2788 2031 2840 τὸ
2048 2787 2325 2857 θαυμάσαι
2345 2788 2807 2858 παρατρέχοντες,
2839 2789 2931 2843 ἐπὶ
2960 2790 3084 2854 τοὺς
3101 2789 3253 2864 μοι]
3279 2810 3407 2847 συν-

1817 2870 2036 2933 δούλους
2067 2870 2408 2940 σπεύδωμεν.
2451 2870 2717 2943 Καθάπερ
2747 2870 2856 2943 γὰρ
2879 2875 2927 2925 οί
2962 2875 3020 2926 ἐν
3065 2875 3246 2945 μικρῴ
3277 2875 3404 2931 θεά-

1818 2973 1931 3027 τρῳ
1962 2955 2359 3025 ἀγωνιζόμενοι
2392 2955 2535 3024 μέγα
2565 2953 2842 3024 ζητοῦσιν,
2875 2956 2949 3019 ὡς
2979 2957 3079 3009 οὐκ
3108 2958 3405 3028 ἀρκοῦντος

1819 3041 2004 3103 αὐτοῖς
2050 3038 2186 3109 πρὸς
2238 3036 2497 3103 ἐπίδειξιν
2547 3036 2572 3075 ἀ
2613 3037 2823 3091 ἐκείνου
2852 3055 2865 3068 ·
2920 3039 3064 3093 οῦτω
3116 3043 3207 3093 καὶ
3261 3045 3310 3095 οί
3346 3044 3406 3097 ἐν

1815 3121 2116 3193 ὀφθαλμοῖς
2158 3120 2251 3173 τοῦ
2296 3119 2432 3173 Θεοῦ
2477 3119 2910 3191 ἀγωνιζόμενοι,
2962 3120 3080 3176 εἶτα
3118 3123 3217 3196 τὴν
3253 3128 3407 3197 παρὰ

1819 3206 2127 3278 ἀνθρώποις
2158 3202 2447 3274 ζητοῦντες
2471 3205 2768 3275 εὐφημίαν,
2792 3206 2891 3277 τὴν
2921 3207 3142 3277 μείζονα
3178 3210 3407 3278 ἀφέντες

1823 3291 1915 3344 καὶ
1948 3291 2047 3361 τῆς
2080 3289 2360 3351 ἐλάττονος
2414 3289 2713 3356 ἐφιέμενοι,
2746 3289 2988 3359 μεγάλην
3040 3292 3247 3355 ἐαυτοῖ,
3282 3294 3408 3346 ἐπι-

1822 3375 2067 3426 σπῶνται
2106 3372 2351 3425 κόλασιν.
2377 3371 2550 3423 Τοῦτο
2579 3370 2708 3439 γοῦν
2747 3372 2860 3425 ἀνω
2892 3376 2984 3426 καὶ
3033 3374 3185 3428 κάτω
3225 3376 3407 3430 πάντα

1820 3459 2114 3526 πεποίηκε,
2139 3455 2296 3508 τοῦτο
2325 3454 2658 3526 συνετάραξε
2680 3456 2780 3527 τὴν
2812 3459 3137 3530 οἰκουμένην
3163 3461 3406 3526 ἃπασαν,

1818 3545 1901 3598 ὅτι
1948 3540 2084 3615 πρὸς
2116 3537 2438 3608 ἀνθρώπους
2485 3537 2777 3608 βλέποντες
2813 3541 3028 3595 ᾶπαντα
3066 3543 3404 3616 πράττομεν,

1819 3629 1923 3681 κάν
1954 3628 2065 3688 τοῖς
2095 3623 2318 3691 ἀγαθοῖς
2341 3622 2491 3674 οὐδὲν
2520 3622 2802 3693 ἡγούμεθα
2842 3624 2902 3676 τὸ
2948 3625 3038 3679 τὸν
3091 3626 3224 3680 Θεὸν
3260 3628 3406 3699 ἔχειν

1820 3707 2163 3782 θαυμαστὴν,
2194 3705 2312 3759 ἀλλ’
2347 3703 2718 3776 ἐπιζητοῦμεν
2747 3707 2845 3777 τὴν
2872 3709 3023 3778 παρά
3045 3713 3153 3775 τοῖς
3178 3712 3405 3781 ὁμοδού-

1820 3796 1930 3857 λοις
1960 3790 2335 3861 εὐδοκίμησινο
2368 3789 2468 3841 κάν
2487 3790 2598 3851 τοῖς
2626 3792 2891 3854 ἐναντίοις
2925 3792 3086 3845 πάλιν
3118 3793 3283 3847 αὑτοῦ
3307 3813 3405 3849 κα-

1820 3877 2263 3948 ταφρονήσαντες
2292 3914 2306 3937 ,
2351 3872 2672 3943 ἀνθρώπους
2714 3873 3057 3945 δεδοίκαμεν.
3104 3878 3297 3932 Καίτοι
3338 3897 3404 3950 γε

1820 3964 1975 4017 αὐτοὶ
2009 3958 2126 4031 μεθ’
2152 3958 2309 4029 ἡμῶν
2347 3956 2634 4027 στήσονται
2660 3959 2752 4011 ἐπὶ
2781 3957 2874 4011 τοῦ
2896 3960 3139 4030 βήματος
3169 3963 3403 4029 ἐκείνου,

1820 4047 1972 4101 οὐδὲν
1991 4046 2139 4116 ἡμᾶς
2161 4042 2498 4113 ὠφελοῦντες
2515 4059 2527 4071 ·
2561 4044 2588 4095 6
2606 4045 2661 4096 δὲ
2682 4044 2834 4110 Θεὸς,
2860 4041 2920 4099 οὗ
2950 4047 3405 4120 καταφρονοῦμεν

1822 4132 1937 4194 νῦν,
1971 4130 2135 4193 αὐτὸς
2178 4129 2314 4182 οίσει
2355 4129 2454 4199 τὴν
2482 4128 2662 4199 ψῆφον
2706 4131 2856 4201 ἡμῖν.
2907 4130 3047 4184 Ἀλλ’
3082 4134 3266 4204 ὅμως,
3311 4135 3405 4189 καὶ

1819 4215 1991 4269 ταῦτα
2028 4214 2251 4279 εἰδότες,
2280 4213 2416 4285 πρὸς
2438 4212 2761 4283 ἀνθρώπους
2789 4214 2868 4267 ἐτι
2902 4216 3232 4287 κεχήναμεν,
3267 4218 3407 4290 ὅπερ

1822 4301 1968 4354 ἐστὶν
1985 4299 2289 4369 ἁμάρτημα
2311 4298 2545 4371 πρῶτον.
2579 4300 2686 4352 Καὶ
2707 4299 2997 4371 ἀνθρώπου
3022 4299 3121 4371 μὲν
3143 4302 3403 4373 ὁρῶντος,

1821 4386 1922 4464 σφι
1950 4384 2015 4437 ἄν
2038 4400 2120 4445 τις
2147 4383 2321 4435 ἐλοιτο
2356 4382 2662 4453 πορνεύειν,
2684 4384 2821 4437 ἀλλά
2847 4384 2949 4438 κᾶν
2986 4387 3246 4455 μυριάκις
3275 4387 3403 4456 φλέ-

1821 4484 1988 4538 γηται
2010 4465 2089 4536 τῷ
2116 4464 2290 4537 κακῷ,
2318 4469 2534 4519 νικᾶται
2562 4467 2657 4519 τοῦ
2692 4468 2898 4530 πάθους
2937 4471 2968 4537 ή
3009 4472 3264 4540 τυραννὶς
3298 4471 3408 4524 ὑπὸ

1821 4552 1920 4621 τῆς
1947 4549 2057 4603 τῶν
2105 4549 2407 4620 ἀνθρώπων
2463 4549 2682 4613 αἰδοῦς·
2716 4550 2811 4603 τοῦ
2860 4550 2995 4604 Θεοῦ
3048 4552 3105 4604 δὲ
3134 4553 3401 4622 ὁρῶντος,

1822 4635 1943 4704 οὐχὶ
1984 4631 2329 4705 μοιχεύουσιν
2370 4632 2492 4685 οὐδὲ
2538 4633 2863 4706 πορνεύουσι
2901 4634 3082 4703 μόνον,
3126 4635 3265 4690 ἀλλά
3309 4639 3406 4691 καὶ

1822 4720 1987 4790 ἐτερα
2026 4716 2204 4788 πολλῷ
2253 4716 2613 4789 χαλεπώτερα
2658 4717 2845 4771 πολλοὶ
2888 4719 3259 4791 τετολμήκασι
3309 4724 3405 4777 καὶ

1822 4803 2084 4873 τολμῶσι.
2117 4800 2289 4854 Τοῦτο
2321 4797 2413 4855 οὖν
2444 4801 2603 4872 μόνον
2636 4801 2733 4871 οὐχ
2780 4801 2962 4855 ἱκανὸν
3002 4804 3227 4875 μυρίους
3260 4807 3403 4861 ἀνω-

1825 4886 1916 4939 θεν
1951 4886 2229 4956 σκηπτοῦς
2274 4887 2664 4953 κατενεγκεῖν;
2718 4887 2828 4938 Καὶ
2872 4887 2926 4939 τί
2961 4886 3103 4953 λέγω
3158 4892 3404 4962 μοιχείας

1824 4971 1918 5024 καὶ
1952 4970 2209 5041 πορνείας
2235 4986 2249 5033 ;
2278 4970 2357 5022 Τά
2379 4967 2487 5037 γὰρ
2513 4967 2696 5038 πολλῷ
2718 4968 2926 5023 τούτων
2962 4958 3168 5025 ἐλάττω
3189 4958 3283 5026 ἐπί
3303 4958 3413 5046 μέν’

1823 5055 1921 5108 ἀνθ
1932 5053 2129 5121 ρώπων
2162 5052 2484 5121 δεδοίκαμεν
2516 5054 2850 5121 πράττοντες
2873 5071 2886 5086 ·
2913 5053 3047 5107 Θεοῦ
3067 5056 3122 5108 δὲ
3144 5058 3401 5129 ὁρῶντος,

1822 5138 2028 5193 οὐκέτι.
2056 5136 2156 5188 Διά
2184 5136 2247 5206 δὴ
2286 5134 2444 5188 τοῦτο
2483 5137 2663 5190 πάντα
2694 5138 2890 5210 ἐτέχθη
2936 5139 3002 5192 τά
3026 5141 3199 5205 κακὰ,
3236 5142 3317 5195 ὅτι
3346 5144 3405 5197 ἐν

1823 5223 1936 5283 τοῖς
1969 5220 2139 5284 ὅντως
2183 5232 2206 5259 θ
2241 5223 2431 5283 κακοῖς
2460 5220 2523 5273 οὐ
2556 5220 2648 5274 τὸν
2677 5221 2831 5287 Θεὸν,
2865 5222 3002 5277 ἀλλά
3036 5225 3163 5288 τοὺς
3193 5226 3405 5298 ἀνθρώ-

1823 5323 1958 5367 πους
1985 5304 2305 5375 αἰδούμεθα.
2346 5305 2445 5361 Διά
2474 5322 2555 5359 τοι
2586 5304 2748 5359 τοῦτο
2776 5307 2871 5361 καὶ
2901 5308 2970 5361 τά
3000 5308 3167 5373 ὅντως
3196 5311 3401 5379 ἀγαθὰ,

1823 5391 1882 5443 οὐ
1917 5389 2177 5444 δοκοῦντα
2230 5385 2372 5443 εἶναι
2421 5391 2647 5445 τοιαῦτα
2682 5395 2795 5456 τοῖς
2835 5392 3070 5458 πολλοῖς,
3103 5395 3400 5468 φεύγομεν,

1822 5475 1883 5527 οὑ
1905 5473 2002 5544 τὴν
2024 5474 2133 5527 τῶν
2154 5474 2497 5545 πραγμάτων
2521 5474 2868 5541 ἐξετάζοντες
2894 5478 3078 5547 φύσιν,
3107 5480 3242 5534 ἀλλά
3267 5483 3403 5552 πρὸς

1821 5557 1921 5630 τὴν
1958 5556 2115 5621 δόξαν
2144 5558 2251 5611 τῶν
2280 5559 2492 5614 πολλῶν
2519 5562 2941 5625 ἀποὸλέποντες.

1892 5638 1959 5694 δ’.
1977 5641 2087 5694 Καὶ
2109 5642 2325 5698 ἐπὶτῶν
2350 5643 2538 5697 κακῶν
2556 5645 2618 5699 τὸ
2636 5645 2768 5699 αὐτὸ
2792 5645 2953 5699 τοῦτο
2971 5646 3271 5718 πάσχοντες
3292 5647 3401 5702 πά·

1887 5775 1910 5834 _¢
1939 5765 2010 5815 Ita
2029 5766 2153 5834 Reg.
2182 5767 2313 5834 Edjti
2336 5781 2471 5823 vero.
2488 5770 2658 5834 suae»)
2684 5771 2773 5834 γὰρ
2795 5772 2927 5824 eum
2992 5769 3019 5810 ἀ
3043 5771 3123 5820 Sic
3146 5771 3271 5834 Reg.
3300 5771 3403 5820 Mn-

1822 5829 1917 5903 rgl.
1954 5842 2093 5892 vero,
2117 5829 2378 5893 ἀρκοῦντος
2416 5833 2530 5893 πρὸς
2570 5829 2801 5888 ἐπίδειξίν.
2898 5833 3203 5898 ο-ιρθεὺαιιιι·
3223 5829 3273 5884 ἐν
3303 5836 3404 5891 τοῖς

1827 5905 1953 5938 ουτω
1960 5927 1970 5939 ι
