3856 6312
399 250 493 306 101

396 362 500 421 λιν,
529 360 628 413 οὐκ
656 357 785 414 ὄντα
802 354 894 413 οὖν
915 377 1039 414 τινα
1064 360 1247 429 ἀγαθά
1274 361 1367 413 καὶ
1389 361 1530 415 καλά
1556 358 1696 415 εἶναι
1724 361 1985 415 δοκοῦντα

396 446 510 506 τοῖς
552 442 788 507 πολλοῖς,
837 442 914 506 ὼς
961 443 1142 511 ἀγαθά
1192 443 1304 496 ἀπὸ
1353 444 1452 514 τῆς
1485 443 1653 513 αὐτῆς
1695 445 1984 515 συνηθείας

400 525 688 596 διώκομενσ
711 524 851 579 ὥστε
875 525 1214 598 ἑκατέρωθεν
1239 525 1576 597 φθείρεσθαι.
1596 527 1749 597 Τάχα
1769 526 1984 589 πολλοῖς

398 611 779 681 ἀσαφέστερον
824 605 964 663 εἶναι
1007 610 1155 663 δοκεῖ
1186 609 1247 663 τὸ
1273 610 1462 681 λεχθέν
1485 629 1496 642 ·
1533 609 1730 664 οὐκοῦν
1768 610 1987 679 ἀνάγκη

400 696 537 749 αὐτὸ
571 693 902 763 σαφέστερον
931 694 1127 746 εἰπεῖν.
1162 686 1331 747 Ὅταν
1360 694 1714 765 πορνεύωμεν
1746 692 1850 764 (δεῖ
1878 692 1987 764 γάρ

401 778 510 832 ἀπὸ
530 777 637 831 τῶν
658 776 966 847 εἰρημένων
982 776 1295 848 ἄρξασθαι),
1317 776 1641 849 ἀνθρώπους
1670 777 1987 848 φοϐούμεθα

405 859 627 932 μᾶλλον,
664 859 697 931 ἢ
728 860 820 912 τὸν
847 859 1003 915 Θεόν.
1035 859 1187 912 Ἐπεὶ
1209 855 1302 913 οῦν
1321 858 1493 924 οὕτως
1526 861 1750 925 ἐαυτούς
1784 859 1989 932 ὑπεθή-

403 960 581 1015 καμεν
605 943 855 1005 ἐκείνοις,
889 945 984 996 3:01
1009 943 1280 1007 δεσπότας
1308 942 1467 1015 ὴμῶν
1498 942 1698 1007 αὐτοὺς
1727 946 1989 1015 ἐποιήσα-

405 1043 529 1098 μεν,
562 1025 731 1079 πολλά
764 1025 822 1078 δὲ
848 1027 960 1089 τοῖς
989 1024 1281 1089 δεσπόταις
1311 1025 1524 1091 τούτοις
1554 1028 1648 1081 3:01
1674 1026 1810 1080 0110
1837 1026 1989 1080 δοκεῖ

402 1108 544 1165 εἶναι
580 1109 727 1163 κακά
752 1109 853 1163 οὐκ
878 1109 1007 1163 δντα
1040 1109 1209 1176 κακά,
1244 1108 1474 1163 κάκεῖνα
1512 1109 1786 1181 φεύ-ομεν
1824 1109 1989 1164 πάλιν

403 1194 627 1265 δμοίως.
675 1188 800 1247 Οἷον
840 1191 901 1245 τὸ
944 1193 1002 1245 ἐν
1038 1192 1201 1264 πενία
1246 1193 1346 1264 ζῇν
1386 1190 1602 1256 πολλοῖς
1652 1190 1802 1246 δοκεῖ
1846 1187 1989 1246 εἶναι

403 1278 629 1349 αίσχρόν
648 1292 661 1306 ·
692 1276 786 1331 3:01
820 1277 1095 1347 φεύγομεν
1126 1275 1225 1346 τὴν
1253 1277 1465 1341 πενίαν,
1497 1277 1598 1330 οὐκ
1628 1274 1815 1336 ἐπειδή
1840 1275 1990 1330 ἐστιν

403 1361 652 1432 αἰσχρὸν,
682 1360 804 1413 οὐδέ
837 1360 1025 1430 ἐπειδὴ
1047 1358 1204 1412 τοῦτο
1236 1360 1609 1431 πεπείσμεθα,
1648 1359 1766 1413 ἀλλ’
1802 1359 1990 1431 ἐπειδὴ

405 1446 521 1508 τοῖς
547 1441 840 1506 δεσπόταις
878 1442 1038 1513 ήμῶν
1072 1436 1386 1496 εἶναιδοκεῖ
1418 1441 1577 1496 τοῦτο
1610 1442 1857 1513 αἰσχρὸν,
1892 1442 1993 1496 κά-

407 1528 621 1591 κείνους
645 1525 984 1596 δεδοίκαμεν.
1016 1526 1188 1580 Πάλιν
1211 1526 1271 1580 τὸ
1305 1525 1673 1598 ἀτιμάζεσθαι
1704 1528 1799 1581 καὶ
1831 1532 1994 1580 εὐκα-

408 1612 750 1684 ταφρόνητον
784 1606 922 1663 εῐναι
956 1612 1051 1664 καὶ
1077 1610 1259 1680 πάσης
1290 1610 1446 1675 ἐκτὸς
1475 1611 1814 1676 δυναστείας,
1845 1611 1994 1664 δοκεῖ

408 1699 523 1760 τοῖς
556 1696 769 1758 πολλοῖς
799 1693 999 1765 ὁμοίως
1018 1690 1156 1748 εἶναι
1186 1694 1446 1766 αἰσχύνης
1476 1695 1675 1767 πολλῆς
1712 1694 1807 1750 3:01
1841 1696 1995 1748 56:5-

408 1777 579 1843 λείας.
617 1778 789 1832 Τοῦτο
822 1778 985 1832 πάλιν
1013 1777 1308 1849 φεύγομεν,
1333 1778 1454 1831 οὐδέ
1485 1778 1649 1832 αὐτοῦ
1689 1777 1994 1846 καταγινώ-

412 1878 656 1929 σκοντες,
695 1860 831 1914 ἀλλὰ
865 1861 955 1915 διά
995 1862 1094 1931 τὴν
1138 1860 1249 1915 τῶν
1294 1859 1570 1914 δεσποτῶν
1594 1860 1750 1931 ήμῶν
1789 1861 1989 1931 ψῆφον.

412 1944 585 2001 Πάλιν
610 1947 705 2000 3:01
726 1946 788 1997 ἐκ
815 1943 909 1998 τοῦ
934 1944 1179 1997 ἐναντίου
1203 1943 1301 2015 τὴν
1330 1943 1497 2014 αὐτὴν
1532 1944 1876 2015 ὑπομένομεν
1905 1944 1995 1997 λύο

415 2048 523 2102 μην
544 2045 557 2059 ⁸
580 2030 640 2082 τὸ
669 2030 777 2099 γάρ
801 2028 1046 2082 πλουτεῖν
1074 2028 1280 2095 ἀγαθὸν
1310 2022 1630 2091 εἶναιδοκεῖ,
1657 2029 1749 2080 καὶ
1776 2029 1804 2079 ό
1828 2026 1995 2097 τῦφος

414 2115 509 2169 καὶ
540 2114 597 2166 αἰ
632 2112 779 2175 δόξαι
828 2111 925 2165 καὶ
978 2111 1038 2163 τὸ
1073 2110 1436 2181 περίϐλεπτον
1470 2104 1643 2163 εἶναι·
1694 2111 1791 2163 3:01
1839 2111 1997 2163 τοῦτο

414 2199 577 2253 πάλιν
602 2197 905 2267 διώκομεν,
947 2194 1067 2249 οὐδὲ
1116 2193 1350 2248 ἐνταῦθα
1389 2194 1486 2265 τὴν
1510 2195 1619 2247 τῶν
1652 2194 1996 2265 πραγμάτων

415 2280 845 2351 ἐπισκεψάμενοι
885 2277 1047 2348 φύσιν
1089 2278 1171 2331 δτι
1205 2275 1381 2349 καλὴ,
1416 2276 1529 2331 ἀλλ’
1555 2278 1665 2332 ἀπὸ
1697 2279 1796 2349 τῆς
1840 2278 1998 2348 δόξης

413 2366 526 2419 τῶν
578 2364 854 2418 δεσποτῶν
898 2360 1049 2434 [102]
1086 2360 1245 2432 ήμῶν
1291 2360 1671 2429 πεπεισμένοι.
1718 2360 1998 2433 Δεσπότης

415 2449 526 2521 γάρ
556 2447 711 2520 ήμῶν
744 2448 772 2500 ό
799 2445 969 2517 δῆμός
995 2446 1140 2498 ἐστι’
1176 2446 1272 2498 καὶ
1292 2446 1320 2498 ὁ
1339 2445 1507 2509 πολὺς
1543 2445 1699 2515 δχλος
1732 2443 2000 2515 δεσπότης

415 2535 566 2605 ὠμὸς
589 2533 684 2585 καὶ
707 2530 969 2602 τύραννος
990 2528 1245 2600 χαλεπός.
1278 2529 1411 2582 Οὐδὲ
1437 2529 1543 2599 γάρ
1568 2530 1835 2599 ἐπιταγῆς
1852 2525 2000 2598 αὐτῷ

415 2619 498 2672 δεῖ
525 2616 660 2690 πρὸς
688 2616 747 2669 τὸ
768 2614 1105 2685 ἀκουσθῆναι
1136 2613 1265 2684 παρ’
1294 2612 1471 2683 ήμῶν,
1500 2612 1614 2665 ἀλλ’
1647 2614 1808 2683 ἀρκεῖ
1839 2611 2001 2681 μόνον

418 2704 567 2774 ἡμᾶς
595 2700 796 2755 είδέναι
849 2700 902 2751 τί
952 2697 1198 2768 βούλεται
1220 2737 1234 2762 ,
1293 2697 1387 2749 καὶ
1423 2696 1589 2767 χωρὶς
1626 2694 2003 2765 ἐπιτάγματος

419 2786 646 2855 εἷκομεν
664 2800 678 2814 ·
718 2782 956 2853 τοσαύτῃ
988 2781 1168 2852 εὐνοίᾳ
1194 2781 1320 2850 περὶ
1352 2778 1512 2833 αὐτὸν
1536 2777 1872 2850 κεχρήμεθα.
1894 2778 2004 2830 K01

419 2870 450 2921 0
484 2868 585 2938 μὲν
617 2865 749 2929 Θεὸς
778 2865 897 2918 καθ’
927 2864 1164 2933 ἐκάστην
1193 2862 1437 2916 ἀπειλῶν
1468 2862 1562 2915 καὶ
1594 2860 1864 2915 νουθετῶν
1900 2859 2003 2933 τήν

421 2952 658 3024 ἡμέραν,
690 2951 790 3004 οὐκ
819 2949 1072 3003 ἀκούεται
1096 2964 1109 2979 ·
1140 2950 1168 3000 ό
1189 2945 1247 3000 δέ
1269 2946 1434 3010 πολὺς
1462 2945 1617 3016 δχλος
1648 2947 1742 2999 καὶ
1768 2945 2004 3009 ἀτακτος

422 3037 516 3090 3:01
548 3031 896 3106 συρφετώδης
922 3032 1042 3084 οὐδέ
1075 3029 1344 3100 ἐπιταγῆς
1376 3028 1569 3101 χρείαν
1597 3030 1734 3100 ἔχει,
1758 3028 1876 3083 ἀλλ’
1906 3029 2004 3099 00-

420 3124 511 3174 κεῖ
530 3120 690 3192 μόνον
710 3117 881 3183 δεῖξαι
914 3115 1056 3169 τίσιν
1074 3113 1391 3186 ἀρέσκεται,
1422 3113 1516 3167 καὶ
1532 3113 1709 3167 πάντα
1727 3112 2003 3167 ὑπακούο-

424 3222 525 3277 μεν
554 3202 774 3264 εὐθέως.
803 3201 911 3254 K01
928 3198 1046 3261 πῶς
1075 3198 1140 3251 ἀν
1165 3214 1247 3260 τις
1266 3197 1511 3259 τούτους,
1534 3198 1723 3267 φησὶν,
1745 3194 2003 3267 ἀποφύγῃ

420 3290 549 3351 τοὺς
578 3286 880 3347 δεσπότας;
918 3282 981 3335 Εί
1014 3281 1199 3351 μεῖζον
1228 3280 1407 3333 αὐτῶν
1450 3280 1706 3350 φρόνημα
1740 3278 1919 3341 λάϐοι,
1956 3278 2007 3331 εἰ

421 3374 522 3445 τὴν
546 3371 653 3425 τῶν
686 3367 1026 3439 πραγμάτων
1049 3362 1406 3433 ἐπισκέψαιτο
1432 3363 1615 3431 φύσιν,
1638 3364 1687 3414 εί
1709 3361 2006 3434 καταγνοίη

422 3457 524 3527 τῆς
554 3455 663 3509 τῶν
700 3448 910 3505 πολλῶν
939 3448 1145 3518 ψήφου,
1176 3449 1225 3500 εί
1257 3446 1364 3516 πρὸ
1395 3448 1503 3499 τῶν
1535 3446 1710 3500 ἀὶλων
1749 3446 2005 3499 ἀπάντων

426 3541 483 3592 ἐν
516 3540 624 3601 τοῖς
656 3536 824 3595 δντως
847 3530 1096 3600 αἰσχροῖς
1130 3528 1412 3582 παιδεύσει
1448 3529 1642 3582 ἐαυτὸν
1688 3529 1762 3600 μὴ
1798 3529 2008 3599 ἀνθρὼ-

426 3639 583 3685 πους,
620 3617 756 3673 ἀλλά
785 3614 873 3669 τὸν
907 3614 1207 3684 ἀκοίμητον
1253 3610 1530 3682 ὀφθαλμὸν
1569 3610 1881 3676 δεδοικέναι,
1914 3614 2008 3665 καὶ

431 3706 617 3766 ἐντοῖς
665 3696 893 3768 ἀγαθοῖς
940 3698 1103 3751 πάλιν
1142 3696 1268 3759 τοὺς
1296 3694 1427 3766 παρ’
1456 3693 1667 3747 ἐκείνου
1711 3696 2008 3763 στεφάνους

427 3788 631 3859 ζητεῖν.
667 3782 826 3836 06:0)
858 3781 968 3855 γάρ
999 3780 1120 3833 οὐδέ
1150 3781 1209 3831 ἐν
1238 3782 1352 3842 τοῖς
1388 3778 1569 3841 ἄλλοις
1610 3777 1792 3831 αὐτῶν
1826 3778 2009 3842 ἀνεξό-

431 3870 594 3942 μεθα.
640 3868 698 3920 Ὅ
722 3866 852 3938 γάρ,
892 3865 1055 3936 ἡνίκα
1082 3862 1147 3916 ἂν
1173 3863 1446 3933 κατορθοῖ,
1484 3864 1559 3933 μὴ
1601 3861 1785 3927 ἀξίους
1817 3862 2007 3932 κρίνας

428 3953 669 4016 ἐκείνους
697 3951 894 4004 εἰδέναι
922 3946 1086 4001 αὐτοῦ
1117 3947 1185 3999 τά
1206 3945 1630 4017 κατορθώματα,
1658 3945 1774 3997 ἀλλ’
1809 3945 2009 4016 ἀρκού-

431 4055 590 4111 μενος
613 4040 680 4108 τῇ
704 4034 797 4087 τοῦ
820 4032 954 4085 Θεοῦ
981 4031 1168 4101 ψήφῳ,
1188 4030 1310 4083 οὐδέ
1333 4031 1392 4082 ἐν
1418 4032 1528 4091 τοῖς
1558 4029 1820 4091 ἐναντίοις
1852 4029 2009 4097 λόγον

428 4120 609 4177 αὐτῶν
641 4120 752 4183 ἓξει
772 4118 915 4171 τινά.
947 4116 1057 4168 Καὶ
1086 4113 1203 4177 πῶς
1237 4111 1367 4166 06:0
1400 4111 1558 4166 τοῦτο
1599 4111 1773 4175 ἔσται,
1804 4113 1964 4181 φησίν
1992 4128 2006 4178 ;

498 4269 784 4337 Ἐννόησον
802 4265 853 4319 τί
874 4264 973 4337 μέν
988 4264 1291 4335 ἄνθρωπος,
1306 4261 1359 4315 τί
1374 4261 1430 4314 δὲ
1443 4260 1592 4325 Θεὸς,
1608 4261 1702 4314 καὶ
1719 4260 1837 4315 τίνα
1852 4263 2010 4330 ἀφεὶς

429 4353 536 4406 τίνι
569 4349 960 4423 προσφεύγεις,
996 4348 1091 4400 καὶ
1109 4346 1319 4418 ταχέως
1344 4343 1614 4416 διορθὼσῃ
1645 4345 1706 4397 τὸ
1735 4346 1866 4399 πᾶν.
1893 4346 2011 4397 Ἀν-

430 4441 650 4510 θρωπος
687 4435 793 4488 ὑπὸ
815 4434 913 4504 τὴν
947 4431 1117 4503 αὐτὴν
1137 4429 1414 4501 ἁμαρτίαν
1458 4430 1541 4482 σοὶ
1584 4432 1761 4483 κεῖται
1791 4430 1884 4482 καὶ
1914 4429 2011 4501 τὴν

429 4521 613 4595 κρίσιν
639 4520 735 4573 καὶ
750 4520 849 4589 τὴν
870 4516 1092 4570 κόλασιν
1110 4530 1123 4544 °
1153 4513 1440 4584 ἄνθρωπος
1462 4514 1785 4584 ματαιότητι
1805 4511 2014 4583 ὡμοιώ·

431 4608 524 4678 (ιη,
551 4607 645 4660 3:01
674 4604 855 4676 κρίσιν
886 4600 1053 4673 ὀρθὴν
1074 4599 1174 4653 οὐκ
1202 4598 1338 4668 ἔχει,
1360 4600 1455 4652 3:01
1473 4598 1643 4651 δεῖται
1672 4597 1772 4666 τῆς
1805 4596 2011 4651 ἀνωθεν

427 4689 766 4759 διορθώσεως
785 4705 797 4717 ·
817 4686 1124 4757 ἄνθρωπος,
1151 4685 1221 4753 γῆ
1244 4686 1339 4735 καὶ
1362 4682 1579 4745 σποδὸς,
1601 4679 1703 4733 κάν
1722 4680 2009 4751 ἐπαινέσῃ,

432 4773 695 4833 πολλάκις
725 4769 909 4832 ἀπλῶς
939 4767 1316 4828 ἐπαινέσεται,
1355 4764 1388 4835 ἢ
1421 4764 1558 4835 πρὸς
1599 4765 1779 4833 χάριν,
1808 4762 1839 4832 ἢ
1876 4764 2012 4834 πρὸς

430 4854 758 4924 ἀπέχθειαν
796 4851 897 4905 κᾶν
922 4850 1152 4920 διαϐάλῃ
1180 4850 1273 4901 3:01
1302 4847 1680 4917 κατηγορήσῃ,
1712 4845 1878 4898 πάλιν
1904 4846 2012 4899 ἀπὸ

430 4939 531 5009 τῆς
560 4937 730 5006 αὐτῆς
756 4936 918 4989 τοῦτο
936 4935 1232 5006 ἐργάσεται
1249 4932 1496 5003 γνώμης.
1541 4930 1683 4983 Ἀλλ’
1711 4931 1811 5000 οὐχ
1832 4932 1860 4982 ὁ
1880 4930 2011 4993 Θεὸς

429 5023 628 5086 οὐτως,
669 5020 782 5074 ἀλλ’
821 5020 1058 5089 ἀληπτος
1094 5018 1337 5089 ήψῆφος
1372 5015 1558 5079 αὐτοῦ,
1602 5017 1694 5068 3:01
1736 5016 2011 5086 καθαρὰή

432 5106 613 5177 κρίσις
641 5103 825 5158 06:06.
858 5102 968 5155 K01
997 5100 1103 5171 χρὴ
1132 5101 1219 5153 διὰ
1240 5102 1412 5154 ταῦτα
1441 5101 1526 5153 051
1554 5099 1689 5171 πρὸς
1720 5099 1884 5151 αὐτὸν
1916 5115 2010 5149 κα-

430 5188 727 5261 ταφεύγειν
744 5204 758 5219 σ
781 5188 841 5239 οὐ
875 5184 962 5237 6:0
986 5182 1158 5237 :06:0
1183 5184 1239 5236 δὲ
1273 5184 1454 5253 μόνον,
1480 5183 1593 5237 ἀλλ’
1618 5185 1700 5235 6::
1729 5184 1824 5234 3:01
1848 5182 2012 5244 06:0;

430 5274 680 5345 ἐποίησε,
703 5271 794 5324 καὶ
814 5268 1053 5340 φείδεται
1078 5284 1172 5321 σου
1207 5269 1440 5337 μάλιστα
1464 5270 1701 5331 πάντων,
1727 5268 1818 5320 καὶ
1845 5266 2010 5319 αὐτοῦ

433 5357 531 5412 σοῦ
565 5356 768 5429 μᾶλλόν
802 5371 861 5408 σε
889 5354 1102 5423 ἀγαπᾷ.
1144 5352 1209 5403 Τί
1236 5351 1418 5403 τοίνυν
1455 5352 1683 5418 ἀφέντες
1710 5352 1854 5422 ἔχειν
1879 5351 2010 5405 θαυο

436 5442 642 5514 μαστὸν
690 5437 1005 5509 ἐπαινέτην,
1060 5435 1195 5507 πρὸς
1233 5434 1520 5505 ἄνθρωπον
1567 5436 2009 5505 καταφεύγομεν,

432 5526 525 5581 τὸν
551 5524 723 5588 οὐδὲν,
750 5523 840 5575 τὸν
867 5521 1011 5591 είκῆ,
1039 5518 1131 5572 τὸν
1148 5518 1335 5581 άπλῶς
1362 5533 1376 5583 ;
1405 5518 1643 5588 Πονηρόν
1673 5536 1732 5571 σε
1752 5518 1901 5587 λέγει
1919 5521 2012 5573 καὶ

437 5607 633 5682 μιαρὸν
662 5607 761 5660 οὐκ
786 5606 914 5659 δντα
934 5602 1174 5658 τοιοῦτον
1199 5619 1212 5669 ;
1236 5601 1421 5673 Ταύτῃ
1448 5602 1647 5672 μᾶλλον
1670 5602 1834 5656 αὐτὸν
1867 5602 2015 5674 ἐλέηο

435 5709 551 5756 σον,
572 5693 665 5745 καὶ
686 5690 955 5759 δάκρυσον
981 5689 1062 5741 6::
1091 5685 1431 5759 διέφθαρται,
1474 5685 1569 5739 καὶ
1594 5685 2009 5758 καταφρόνησον

433 5778 600 5831 αὐτοῦ
633 5775 732 5845 τῆς
757 5775 947 5846 δόξης,
984 5774 1065 5827 6::
1111 5774 1437 5845 πεπήρωται
1474 5769 1640 5825 αὐτοῦ
1672 5770 1741 5823 :0
1768 5773 1867 5842 τῆς
1894 5771 2009 5824 δια-

437 5862 585 5926 νοίας
618 5862 873 5933 ὄμματα·
921 5861 1043 5914 ἐπεὶ
1079 5859 1173 5913 3:01
1206 5861 1253 5910 οί
1286 5857 1574 5913 ἀπόστολοι
1620 5856 1793 5909 ταῦτα
1843 5856 2008 5925 ἡκου-

1101 246 1159 302 S.
1198 245 1486 301 .IOANNIS
1522 243 2013 302 CHRYSOSTOW
2055 242 2372 301 ARCIIIEP.
2417 240 2971 300 CONSTANTINOP.

3567 245 3683 302 109.

2093 377 2214 422 σαν,
2243 360 2337 414 3:01
2375 358 2688 428 κατεγέλων
2706 359 2827 413 τῶν
2852 356 3268 413 διαϐαλλόντων.
3307 355 3447 412 Ἀλλ’
3467 358 3689 427 ἀγαθόν

2091 458 2152 495 σε
2181 441 2329 512 λέγει
2356 442 2451 525 x0":
2479 442 2746 512 χρηστόν;
2780 444 2889 525 ’Δν
2915 442 3013 512 μέν
3036 440 3277 525 τοιοῦτος
3307 435 3395 514 ᾗς,
3430 442 3689 514 μηδόλως

2092 528 2373 598 χαυνωθῇς
2394 520 2504 580 ὐπὸ
2534 526 2635 596 τῆς
2662 526 2850 596 δόξηςο
2868 524 2933 579 ἂν
2959 525 3017 578 δὲ
3044 525 3119 597 μὴ
3145 520 3210 600 ᾖς
3231 525 3493 591 τοιοῦτος,
3514 525 3690 579 πλέον

2090 611 2526 683 καταφρόνησον,
2563 610 2659 664 3:01
2704 610 2999 682 χλευασίαν
3040 609 3101 663 τὸ
3131 612 3364 681 πρᾶγμα
3397 607 3537 663 εῖναι
3593 610 3687 664 νό-

2093 695 2237 765 μιζε.
2268 694 2458 747 Βούλει
2501 693 2694 764 μαθεῖν
2744 693 2854 747 τῶν
2884 691 3095 747 πολλῶν
3126 693 3226 756 :0;
3281 693 3525 764 κρίσεις,
3564 695 3693 757 πῶς

2088 778 2196 831 είσὶ
2227 776 2622 849 διεφθαρμέναι
2653 776 2750 831 καὶ
2777 776 3044 847 ἄχρηστοι
3088 777 3184 830 καὶ
3228 775 3465 845 γέλωτος
3507 777 3688 841 ἄξιαι⁹

2088 863 2185 917 καὶ
2209 863 2264 916 αί
2295 862 2394 933 μέν
2419 860 2743 932 μεμηνότων
2773 862 2869 914 καὶ
2897 860 3289 930 ἐξεστηκότων.
3317 861 3373 913 αί
3399 859 3456 913 δέ
3478 861 3693 913 παίδων

2089 945 2457 1008 ὑποτιτθίωνς
2494 946 2763 997 Ἀκουᾶον
2792 944 3019 998 ἀνωθεν.
3068 942 3211 1015 Ἐρῶ
3255 940 3315 995 δέ
3350 960 3433 996 00:
3471 944 3694 1014 κρίσεις

2089 1029 2215 1100 οὐχὶ
2248 1027 2347 1091 :0;
2377 1026 2471 1081 :06
2500 1028 2675 1098 δήμου
2710 1026 2890 1098 μόνον,
2920 1025 3057 1080 0110
3082 1028 3178 1080 3:01
3206 1025 3307 1088 :0;
3330 1025 3439 1078 τῶν
3457 1026 3693 1079 δοκούν-

2088 1129 2198 1166 των
2219 1106 2358 1165 εῐναι
2381 1112 2731 1180 σοφωτάτων,
2765 1110 2872 1163 τῶν
2900 1110 2958 1176 ἐξ
3001 1109 3179 1181 ἀρχῆς
3218 1108 3549 1180 νομοθετῶν.
3588 1109 3694 1172 Τίς

2090 1196 2201 1267 γάρ
2224 1195 2291 1250 ἂν
2318 1196 2490 1263 δόξειε
2513 1195 2667 1266 παρά
2694 1196 2805 1257 τοῖς
2831 1193 3047 1256 πολλοῖς
3074 1190 3380 1263 σοφώτερος
3414 1188 3558 1245 εἶναι
3589 1192 3691 1246 τοῦ

2090 1278 2445 1349 νομισθέντος
2498 1278 2652 1343 ἀξίου
2718 1277 2907 1333 πόλεσι
2957 1278 3053 1331 καὶ
3097 1276 3292 1347 δήμοις
3337 1276 3689 1347 νομοθετεῖνς

2105 1362 2245 1417 Ἀλλ’
2268 1364 2420 1434 ὅμως
2452 1365 2566 1426 τοῖς
2611 1364 2797 1431 σοφοῖς
2840 1360 3051 1421 τούτοις
3102 1359 3165 1413 τὸ
3206 1360 3495 1430 πορνεύειν
3530 1359 3692 1412 οὐδὲν

2093 1441 2235 1500 εἶναι
2259 1446 2409 1499 δοκεῖ
2426 1444 2663 1515 πονηρὸν
2692 1444 2814 1498 οὐδέ
2838 1444 3115 1506 κολάσεως
3149 1442 3319 1507 ἀξιον.
3342 1443 3537 1506 Οὐδεὶς
3553 1443 3693 1512 γοῦν

2092 1532 2203 1586 τῶν
2230 1530 2410 1601 νόμων
2436 1529 2585 1602 [106]
2609 1528 2719 1582 τῶν
2745 1526 2946 1593 ἔξωθεν
2977 1526 3111 1582 06:0
3141 1526 3422 1590 ἐκόλασεν,
3456 1526 3581 1580 οὐδὲ
3609 1530 3697 1592 είς

2092 1614 2444 1684 δικαστήριον
2473 1611 2725 1665 εἵλκυσεν
2756 1610 3009 1665 ἐντεῦθεν
3030 1628 3044 1643 ο
3068 1609 3205 1664 ἀλλά
3232 1610 3337 1663 κάν
3367 1610 3573 1684 ἐλκύσῃ
3606 1629 3697 1675 τις

2096 1697 2237 1768 ὑπὲρ
2269 1694 2497 1758 τούτων,
2527 1694 2905 1763 καταγελῶσιν
2934 1694 2983 1746 οί
3016 1692 3223 1757 πολλοὶ,
3247 1693 3342 1745 3:01
3372 1694 3472 1746 063:
3500 1693 3699 1759 ἀνέξε-

2094 1799 2184 1835 ται
2220 1789 2237 1810 ⁸
2279 1779 2308 1832 ὁ
2332 1778 2591 1841 δικάζων.
2624 1778 2698 1830 Τὸ
2731 1777 2984 1831 κυϐεύειν
3012 1776 3174 1830 πάλιν
3207 1776 3305 1847 τῆς
3336 1776 3467 1847 παρ’
3498 1776 3698 1829 αὐτῶν

2094 1864 2365 1936 τιμωρίας
2404 1862 2552 1916 ἐστὶν
2589 1860 2897 1932 ἐλεύθερον,
2948 1860 3045 1913 καὶ
3075 1858 3252 1922 06651;
3287 1858 3430 1930 ὑπὲρ
3476 1859 3700 1911 τούτων

2095 1948 2253 2018 δίκην
2280 1945 2447 2001 ἔδωκέ
2481 1963 2614 1998 ποτε
2648 1944 2778 2017 παρ’
2810 1945 3060 2006 ἐκείνοις.
3104 1943 3179 1996 Τὸ
3199 1942 3419 2012 μεθύειν
3461 1943 3556 1996 καὶ
3589 1959 3702 2010 γα-

2100 2032 2417 2104 στρίζεσθαι
2452 2029 2514 2083 οὐ
2564 2031 2725 2100 μόνον
2748 2030 2847 2082 οὐκ
2871 2028 3020 2080 ἐστιν
3047 2026 3300 2098 ἔγκλημα
3324 2028 3373 2091 δ,
3406 2024 3546 2079 ἀλλά
3596 2027 3702 2079 3:01

2102 2115 2437 2185 κατόρθωμα
2474 2115 2627 2184 παρά
2674 2111 2889 2174 πολλοῖς
2936 2104 3081 2163 εἶναι
3125 2110 3475 2180 νενόμισταιο
3507 2110 3606 2161 καὶ
3638 2110 3702 2162 ἐν

2099 2201 2213 2261 τοῖς
2248 2198 2661 2269 στρατιωτικοῖς
2697 2196 2932 2258 δείπνοις
2966 2194 3133 2265 πολλὴ
3162 2196 3194 2266 ή
3227 2192 3322 2246 :06
3362 2192 3701 2264 πράγματος

2101 2280 2444 2352 ἆμιλλα,καὶ
2492 2276 2542 2332 οἱ
2583 2278 2818 2349 μάλιστα
2868 2276 3253 2348 σωφρονούσης
3301 2275 3542 2339 διανοίας
3596 2277 3704 2329 3:01

2102 2366 2352 2437 σώματος
2385 2363 2700 2437 ἐρρωμένου
2734 2363 2999 2433 δεόμενοι,
3034 2354 3181 2417 06:0:
3227 2360 3460 2431 μάλιστα
3502 2363 3567 2431 τῇ
3599 2377 3706 2412 τυ-

2107 2445 2309 2521 ραννίδι
2332 2445 2726 2519 παραδέδονται
2756 2445 2856 2515 τῆς
2890 2445 3085 2516 μέθης,
3111 2445 3206 2498 3:01
3230 2445 3289 2497 τὸ
3320 2442 3479 2514 σῶμα
3511 2460 3707 2513 παρα·
3732 2450 3739 2455 ’

2102 2531 2341 2595 λύοντες,
2375 2529 2468 2585 3:01
2487 2529 2585 2601 τὴν
2616 2529 2794 2601 ψυχὴν
2820 2528 3158 2594 σκοτοῦντες,
3192 2529 3287 2582 καὶ
3319 2528 3427 2581 τῶν
3463 2526 3709 2597 νομοθε-

2101 2616 2210 2672 τῶν
2238 2615 2412 2680 06651;
2432 2613 2591 2668 τοῦτο
2613 2612 2839 2666 ἐκόλασε
2868 2612 2927 2665 :0
2957 2614 3280 2685 ἁμάρτημα.

2178 2700 2320 2755 ε’.Τί
2342 2698 2544 2767 ταύτης
2562 2696 2661 2769 τῆς
2692 2696 2885 2767 μανίας
2915 2699 3092 2768 χεῖρον
3116 2714 3131 2763 ;
3169 2697 3279 2766 Τῆς
3301 2690 3393 2749 οὖν
3415 2694 3711 2765 εὐφημίας

2101 2784 2209 2839 τῶν
2246 2782 2388 2837 οὕτω
2418 2779 2774 2851 διακειμένων
2800 2779 3103 2847 ἀνθρώπων
3136 2779 3429 2851 ἐπιθυμεῖς
3449 2819 3463 2841 ,
3495 2780 3601 2833 3:01
3635 2780 3705 2833 οὗ

2103 2864 2458 2940 κατορύττεις
2494 2865 2690 2920 σαυτόν
2714 2881 2730 2929 ;
2754 2865 2817 2916 Εί
2848 2864 2955 2936 γάρ
2986 2863 3082 2917 καὶ
3123 2862 3325 2927 πάντες
3356 2880 3417 2917 σε
3445 2861 3709 2933 ἐθαύμα-

2105 2952 2197 3018 ζον
2220 2953 2270 3005 οἱ
2296 2948 2550 3011 τοιοῦτοι,
2589 2949 2690 3002 οὐκ
2726 2948 2891 3019 ἐχρῆν
2926 2945 3279 3017 αἰσχύνεσθαι
3314 2946 3410 3001 3:01
3452 2945 3706 3015 ἐγκαλύ-

2106 3033 2358 3099 πτεσθαι,
2380 3049 2456 3087 πα
2466 3032 2513 3106 ρ’
2533 3031 2836 3104 ἀνθρώπων
2858 3032 2999 3086 οὕτω
3015 3032 3423 3103 διεφθαρμένων
3444 3032 3545 3095 τάς
3567 3031 3701 3101 κρί-

2106 3138 2221 3185 σεις
2257 3114 2620 3192 κροτούμενον
2644 3117 2853 3183 ;“Πάλιν
2884 3116 3200 3187 βλασφημία
3233 3118 3342 3179 τοῖς
3364 3112 3699 3186 νομοθέταις

2105 3205 2256 3259 οὐδὲν
2288 3196 2428 3256 εἶναι
2446 3202 2593 3255 δοκεῖ
2608 3198 2836 3272 φοϐερόν
2856 3212 2903 3239 ε’
2922 3200 3097 3263 οὐδεὶς
3118 3198 3249 3269 γοῦν
3264 3199 3355 3253 τὸν
3373 3197 3506 3252 Θεὸν
3525 3197 3704 3268 βλασ-

2108 3292 2390 3358 φημήσας,
2431 3286 2511 3348 είς
2538 3285 2599 3338 τὸ
2632 3282 2980 3355 δικαστήριον
3018 3283 3277 3352 εἱλκύσθη
3298 3283 3391 3335 καὶ
3416 3280 3576 3352 δίκην
3612 3280 3707 3336 δέ.

2106 3370 2297 3424 δῶκεν.
2344 3369 2482 3422 Ἀλλ’
2515 3363 2609 3421 ἐάν
2640 3366 2738 3438 μὲν
2761 3367 2819 3420 τὸ
2850 3366 3062 3437 ἱμάτιόν
3088 3383 3169 3430 τις
3203 3366 3397 3440 κλέψῃ,
3433 3365 3706 3437 ήβαλάν-

2106 3472 2219 3507 τιον
2248 3450 2501 3526 διατέμῃ,
2530 3452 2624 3506 καὶ
2661 3451 2763 3515 :0;
2798 3450 3039 3522 πλευρὰς
3081 3448 3421 3519 διορύττεται
3460 3451 3555 3503 καὶ
3594 3452 3706 3503 Oa-

2109 3539 2253 3609 νάτῳ
2286 3535 2640 3609 παραδίδοται
2665 3533 2926 3597 πολλάκις
2944 3551 2958 3565 ο
2988 3533 3079 3587 τὸν
3094 3532 3151 3586 δὲ
3174 3532 3306 3587 Θεὸν
3328 3532 3704 3604 βλατφημῶν,

2108 3624 2207 3676 οὐκ
2235 3620 2550 3690 ἐγκαλεῖται
2591 3617 2745 3690 παρά
2785 3616 2895 3670 τῶν
2935 3616 3041 3683 ἐξω
3072 3615 3400 3686 νομοθετῶν.
3434 3615 3552 3669 Κάν
3578 3616 3708 3670 δού-

2108 3707 2207 3777 λην
2242 3702 2585 3774 προσφθείρῃ
2612 3718 2694 3765 τις
2723 3703 2955 3769 γυναῖκα
3002 3700 3163 3769 ἔχων,
3187 3700 3341 3753 οὐδὲν
3372 3695 3510 3753 εἶναι
3546 3700 3708 3754 δοκεῖ

2109 3794 2220 3852 τοῖς
2242 3790 2429 3858 νόμοις
2468 3787 2583 3849 τοῖς
2614 3783 2817 3852 ἔξωθεν
2839 3784 2960 3838 οὐδὲ
2991 3786 3104 3848 τοῖς
3136 3781 3373 3848 πολλοῖς.

2181 3871 2371 3923 Βούλει
2405 3869 2498 3924 καὶ
2536 3870 2699 3940 ἔτερα
2745 3864 2908 3920 πάλιν
2942 3865 3175 3920 ἀκοῦσαι
3196 3866 3477 3920 δεικνύντα
3509 3865 3704 3920 αὐτῶν

2106 3956 2206 4028 τὴν
2235 3957 2452 4019 ἀνοιαν;
2491 3950 2667 4005 ταῦτα
2694 3953 2793 4023 μὲν
2817 3951 2926 4022 γὰρ
2959 3949 3019 4003 οὐ
3048 3950 3369 4028 κολάζουσιν
3389 3991 3405 4016 ,
3438 3950 3602 4019 ἔτερα
3639 3950 3704 4003 δὲ

2110 4026 2203 4094 καὶ
2224 4034 2607 4109 νομοθετοῦσιν
2634 4036 2812 4089 αὐτοί.
2850 4034 2983 4087 Τίνα
3015 4026 3108 4087 οὖν
3134 4036 3271 4087 εἰσιν
3294 4036 3513 4099 ἐκεῖνα;
3548 4032 3703 4086 Θέα-

2109 4141 2214 4197 τρα
2245 4122 2558 4189 συνάγουσι,
2621 4121 2712 4172 καὶ
2763 4116 2977 4189 πορνῶν
3024 4116 3141 4169 ἐκεῖ
3185 4116 3460 4185 γυναικῶν
3494 4120 3703 4187 χοροὺς

2110 4207 2422 4275 εἰσάγοντες
2456 4204 2551 4256 3:01
2596 4202 2793 4265 παῖδας
2824 4201 3303 4273 πεπορνευμένους
3340 4200 3434 4253 καὶ
3478 4200 3556 4260 είς
3592 4199 3702 4270 τὴν

2111 4290 2274 4365 φύσιν
2303 4289 2473 4358 αὐτὴν
2499 4285 2905 4357 ἐνυϐρίζοντας,
2936 4283 3221 4349 καθίζουσι
3266 4282 3356 4335 τὸν
3382 4282 3549 4352 δῆμον
3581 4284 3704 4336 ἀνω

2113 4363 2313 4439 πάντα,
2356 4370 2499 4425 οὕτω
2542 4369 2640 4441 τὴν
2687 4369 2841 4422 πόλιν
2869 4365 3348 4438 ψυχαγωγοῦντες,
3390 4363 3533 4418 οὕτω
3565 4367 3703 4428 :00;

2114 4457 2387 4530 μεγάλους
2446 4454 2687 4516 ἐκείνους
2727 4451 3005 4523 βασιλέας,
3058 4450 3152 4514 οὓς
3192 4448 3278 4504 ἀεὶ
3318 4450 3701 4520 θαυμάζουσιν

2114 4543 2205 4595 ἐπὶ
2234 4538 2512 4613 τροπαίοις
2544 4536 2638 4591 3:01
2670 4537 2869 4601 νίκαις,
2895 4532 3306 4604 στεφανοῦντες.
3339 4533 3530 4587 Καίτοι
3558 4549 3621 4601 γε
3644 4533 3702 4585 τί

2113 4624 2213 4695 τῆς
2245 4623 2413 4694 τιμῆς
2443 4620 2647 4690 ταύτης
2670 4618 3006 4691 ψυχρότερον
3026 4635 3041 4685 ;
3064 4617 3116 4671 τί
3142 4615 3242 4687 τῆς
3265 4616 3455 4687 ήδονῆς
3478 4616 3701 4686 ἐκείνης

2114 4708 2471 4779 ἀηδέστερον;
2522 4704 2588 4759 ἐκ
2619 4706 2827 4759 τούτων
2865 4698 2958 4757 οὖν
3010 4700 3305 4765 ἐπαινέτας
3352 4699 3537 4769 ζητεῖς
3584 4701 3701 4752 τῶν

2113 4790 2290 4863 ἔργων
2317 4792 2425 4844 τῶν
2458 4789 2605 4855 σῶν;
2646 4790 2742 4842 καὶ
2777 4787 2920 4859 μετά
2965 4785 3252 4858 ὀρχηστῶν
3286 4786 3380 4837 3:01
3435 4781 3701 4853 μαλακῶν

2114 4876 2208 4928 καὶ
2233 4873 2417 4945 μίμων
2448 4872 2544 4927 3:01
2560 4872 2777 4941 πορνῶν
2797 4871 3075 4940 γυναικῶν
3099 4867 3370 4938 εὐφημίας
3400 4865 3702 4922 ἀπολαύειν

2114 4959 2324 5022 θέλεις,
2358 4958 2480 5010 εἰπέ
2514 4973 2643 5028 μοι;
2681 4956 2773 5010 καὶ
2801 4955 2917 5018 πῶς
2948 4955 3049 5007 οὐκ
3083 4952 3149 5007 ἂν
3190 4954 3274 5022 εῖη
3308 4949 3480 5003 ταῦτα
3519 4967 3703 5019 παρα-

2113 5042 2259 5104 νοίας
2295 5040 2528 5112 ἐσχάτης
2551 5058 2567 5106 ς
2607 5039 2811 5103 Ἡδέως
2834 5038 2943 5109 γάρ
2968 5037 3033 5090 0v
3064 5036 3259 5098 αὐτοὺς
3286 5032 3513 5106 ἐροίμην
3540 5050 3553 5062 ·
3580 5038 3702 5085 Δει-

2113 5126 2203 5179 νὸν
2220 5126 2345 5188 τούς
2366 5124 2466 5194 τῆς
2491 5123 2708 5192 φύσεως
2738 5121 3140 5193 ἀνατρέπεσθαι
3171 5120 3388 5188 νόμους,
3407 5118 3499 5169 καὶ
3523 5133 3705 5185 παρα-

2113 5209 2313 5281 νόμους
2344 5206 2664 5276 εἰσάγεσθαι
2701 5205 2909 5277 μίξεις;
2952 5203 3171 5266 πάντως
3212 5199 3451 5271 ἐροῦσιν,
3483 5199 3565 5251 6::
3593 5200 3704 5250 δει-

2114 5296 2202 5346 νόν
2223 5308 2237 5321 ο
2263 5290 2485 5345 δοκοῦσι
2532 5289 2662 5359 γοῦν
2690 5289 2785 5343 3:01
2834 5286 3086 5351 κολάζειν
3137 5284 3196 5338 τὸ
3229 5282 3487 5355 ἀνόμημα
3514 5282 3699 5337 τοῦτο.

2114 5378 2178 5431 Τί
2206 5372 2298 5430 οὖν
2325 5376 2451 5439 τοῦς
2476 5374 2843 5446 ήταιρηκότας
2872 5370 3115 5433 ἐκείνους
3158 5368 3430 5436 εῖσάγεις;
3469 5366 3565 5419 καὶ
3597 5368 3703 5419 οὐκ

2114 5463 2354 5531 εἰσάγεις
2380 5462 2564 5532 μόνον,
2596 5459 2733 5514 ἀλλά
2762 5457 2855 5511 καὶ
2884 5454 3049 5526 τιμᾷς
3084 5452 3304 5526 μυρίαις
3334 5448 3427 5507 3:01
3470 5452 3701 5519 ἀφάτοις

2113 5547 2377 5618 δωρεαῖς;
2423 5542 2685 5615 Ἀλλαχοῦ
2723 5543 2845 5605 τούς
2871 5540 2939 5593 :0
2969 5537 3196 5593 τοιαῦτα
3244 5534 3561 5609 τολμῶντας
3603 5552 3700 5588 κο-

2112 5632 2312 5698 λάζων,
2366 5628 2600 5683 ἐνταῦθα
2640 5628 2697 5681 δέ
2738 5626 2833 5680 καὶ
2879 5623 2953 5688 ὼς
3002 5623 3319 5693 εὐεργέταις
3374 5621 3574 5683 κοινοῖς
3600 5621 3701 5688 τῆς

2176 5805 2203 5833 ⁸
2234 5802 2304 5853 Re
2348 5837 2381 5859 .,
2402 5801 2483 5848 καὶ
2516 5801 2645 5862 ὅμως
2668 5799 2902 5861 ἀνέχεται.
2968 5795 2996 5834 δ
3024 5797 3172 5860 383.,
3218 5797 3273 5846 06
3316 5797 3456 5859 μόνον
3490 5796 3545 5844 οὐ
3570 5796 3704 5845 δοκεῖ

2176 5902 2185 5913 .
2256 5868 2278 5895 ⁸⁵
2305 5816 2379 5913 fta
2405 5864 2525 5913 “ea.
2560 5861 2688 5911 I'Ldnli
2713 5873 2851 5913 vero.
2876 5860 3009 5909 οὐδὲν
3034 5862 3151 5910 εἶναι
3182 5861 3393 5913 φοϐερόν.

2118 5866 2185 5927 ἔγ.
2256 5868 2278 5895 ⁸⁵
2305 5860 2379 5914 [ια
2405 5864 2525 5925 Reg.
2550 5860 2688 5911 'l-Ldnli
2713 5860 2851 5920 vero,
2876 5860 3009 5909 οὐδὲν
3034 5862 3151 5910 εἶναι
3182 5861 3393 5926 φοϐερόν.
