3838 6214
220 245 308 302 101

214 366 325 418 rius
346 375 466 416 esse
486 359 696 414 videtur
723 356 779 412 id
819 357 961 426 quod
1005 357 1205 412 dictum
1247 364 1331 410 est
1358 374 1373 410 :
1405 367 1624 409 necesse
1664 365 1794 422 ergo

212 461 293 508 est
340 451 392 506 id
438 451 634 505 clarius
673 451 981 519 explanare.
1028 449 1162 504 Cum
1207 448 1535 503 fornicamur
1561 447 1799 514 (oportet

211 545 352 600 enim
381 558 410 598 a
435 543 548 613 jam
572 543 732 597 dictis
757 542 1037 611 incipere),
1063 540 1307 595 homines
1330 542 1499 609 magis
1522 539 1792 602 timemus,

211 654 367 707 quam
418 639 608 692 Deum.
640 637 772 703 Quia
803 636 963 705 igitur
996 649 1093 689 nos
1123 635 1201 689 sic
1236 635 1316 688 eis
1343 633 1687 702 sultjecimus,
1727 630 1794 684 il-

212 730 398 794 losque
425 729 670 782 dominos
701 736 914 781 nostros
941 727 1314 780 constituimus
1334 741 1349 788 ;
1369 724 1533 778 multa
1559 738 1686 777 vero
1714 722 1794 786 his

210 818 440 876 dominis
464 836 584 874 esse
617 820 754 873 mala
788 819 1056 884 videntur,
1098 833 1217 887 qua:
1248 819 1386 870 mala
1431 831 1537 869 non
1564 822 1708 877 sunt,
1738 822 1794 868 et

211 916 299 968 illa
322 914 565 968 similiter
595 913 846 982 fugimus.
888 911 1128 980 Exempli
1166 923 1351 973 causa,
1396 907 1446 960 in
1480 914 1792 977 paupertate

211 1008 391 1059 vivere
421 1005 600 1058 multis
626 1011 780 1071 turpe
805 1016 925 1056 esse
955 1000 1166 1055 videtur
1198 1009 1290 1053 :et
1314 1006 1678 1067 paupertatem
1706 995 1790 1049 fu-

210 1098 403 1167 gimus,
434 1111 537 1148 non
569 1095 709 1162 quod
757 1095 925 1163 turpis
953 1094 1024 1147 sit
1066 1107 1165 1146 nec
1193 1090 1337 1161 quod
1369 1099 1578 1160 turpem
1605 1088 1792 1143 credao

211 1207 345 1252 ntus,
375 1190 468 1243 sed
498 1190 617 1257 qttia
650 1187 881 1240 dominis
911 1185 1107 1240 nostris
1134 1199 1256 1239 esse
1287 1184 1454 1251 turpis
1477 1183 1708 1246 videtur,
1736 1189 1790 1234 et

210 1283 329 1334 illos
360 1281 623 1334 timemus.
672 1279 876 1333 Rursus
921 1276 1228 1330 inltonorari
1276 1282 1332 1329 et
1359 1275 1628 1328 contemni
1673 1272 1792 1326 nul-

210 1377 420 1445 lamque
461 1374 656 1429 habere
683 1383 1025 1444 potesmtem.
1067 1386 1096 1423 a
1123 1369 1304 1424 multis
1336 1378 1486 1436 turpe
1520 1377 1574 1420 et
1598 1365 1790 1419 vilissi-

207 1483 355 1522 mum
399 1468 752 1522 eaistitnatur.
802 1465 914 1519 Hoc
953 1477 1164 1521 rursum
1213 1461 1472 1531 fugimus,
1525 1473 1627 1512 non
1675 1472 1788 1510 rem

205 1561 542 1621 damnantes.
581 1559 672 1613 sed
705 1566 923 1628 prepter
961 1556 1300 1610 dominorum
1337 1563 1639 1606 nostrorum
1667 1565 1790 1605 sen-

205 1655 446 1709 tentiam.
478 1652 708 1707 Rursum
736 1667 766 1704 e
794 1649 1062 1704 contrario
1089 1645 1330 1702 eamdem
1352 1645 1583 1715 patimur
1604 1642 1784 1712 perni-

202 1749 339 1801 ciem
372 1763 384 1798 :
417 1761 535 1799 nam
565 1743 780 1797 divitem
813 1757 952 1806 esse,
990 1742 1188 1795 bonum
1217 1753 1337 1794 esse
1363 1737 1594 1801 videtur,
1627 1737 1783 1790 item-

201 1853 306 1907 que
338 1836 502 1888 fastus
530 1846 583 1889 et
605 1833 772 1904 gloria
797 1842 852 1887 et
879 1831 1090 1886 claritas
1116 1848 1128 1884 :
1158 1838 1213 1884 et
1235 1829 1335 1884 hoc
1363 1843 1574 1882 rursum
1604 1841 1786 1898 perse-

200 1929 436 1997 quimur,
466 1943 570 1980 non
599 1941 776 1979 rerum
809 1933 1053 1979 naturam
1084 1932 1144 1976 ut
1189 1923 1382 1976 bonam
1410 1919 1779 1990 respicientes,

199 2021 294 2076 sed
323 2036 388 2075 ex
412 2019 660 2088 Opinione
685 2017 1022 2071 dominorum
1052 2023 1357 2069 nostrorum
1389 2011 1647 2081 persuasi.
1681 2010 1783 2064 Do-

200 2115 376 2167 minus
398 2113 594 2182 Quippe
623 2120 804 2164 noster
833 2119 915 2163 est
955 2108 1214 2178 populus;
1243 2116 1298 2162 et
1325 2105 1466 2174 vulgi
1499 2103 1648 2159 turba
1679 2102 1779 2157 do-

199 2209 375 2260 minus
401 2214 504 2267 est,
531 2217 703 2256 saevus
730 2200 1085 2270 immanisque
1113 2208 1390 2270 tyrannus.
1425 2196 1607 2265 Neque
1636 2194 1778 2248 enim

196 2311 334 2366 opus
354 2303 437 2350 est
465 2303 521 2347 ut
547 2293 792 2362 imperet,
821 2299 878 2344 tit
900 2290 948 2345 ei
980 2289 1366 2358 obsequantur;
1399 2285 1492 2341 sed
1519 2285 1648 2340 satis
1674 2293 1774 2349 est,

197 2389 239 2442 si
269 2402 368 2441 nos
407 2383 533 2456 quid
575 2384 650 2438 illi
681 2384 886 2452 placeat
912 2382 1163 2445 sciamus,
1198 2387 1254 2434 et
1283 2379 1398 2432 sine
1436 2377 1586 2447 jussu
1618 2391 1777 2447 parc-

195 2493 312 2531 mns
341 2495 355 2530 :
388 2485 530 2529 tanta
557 2473 756 2527 utimur
783 2486 907 2541 erga
945 2471 1092 2525 illum
1121 2468 1511 2524 benevolentia.
1553 2469 1617 2522 Et
1639 2467 1777 2522 Deus

195 2570 409 2640 quidem
436 2567 672 2637 quotidie
705 2567 877 2619 minas
922 2565 1189 2619 intentans
1222 2572 1278 2618 et
1319 2562 1636 2628 admonens,
1668 2577 1774 2616 noti

195 2662 446 2725 auditur;
476 2659 626 2714 turba
655 2669 832 2712 autem
867 2654 1235 2724 incomposita,
1260 2653 1358 2708 faex
1380 2653 1678 2720 hominum,
1708 2668 1776 2708 ne

193 2753 446 2807 mandato
470 2751 681 2821 quidem
710 2763 844 2818 opus
872 2749 1064 2809 habet;
1094 2748 1187 2802 sed
1215 2747 1346 2802 satis
1370 2755 1473 2808 est,
1497 2754 1554 2800 ttt
1579 2745 1776 2801 indicet

192 2847 314 2917 quid
347 2846 446 2899 sibi
472 2845 695 2914 placeat,
727 2854 782 2897 et
811 2842 990 2896 statim
1025 2841 1076 2894 in
1105 2840 1351 2894 omnibus
1395 2840 1492 2908 ipsi
1519 2839 1772 2909 obsequi-

192 2954 330 2992 mur.
365 2936 431 2990 Et
465 2934 755 3005 quomodo,
784 2933 1011 3003 inquies,
1055 2931 1218 2985 hosce
1256 2930 1502 2984 dominos
1539 2929 1774 3000 effugere

197 3032 304 3100 quis
329 3029 540 3099 possit?
579 3026 633 3082 Si
676 3025 930 3096 majorem
958 3038 1114 3094 quam
1145 3023 1218 3076 illi
1248 3035 1466 3076 sensum
1511 3030 1768 3086 assumat,

193 3125 236 3179 si
259 3139 439 3178 rerqu
456 3129 696 3176 naturam
717 3127 941 3188 spectet,
965 3118 1008 3171 si
1036 3116 1178 3184 vulgi
1208 3115 1468 3170 calculum
1492 3114 1768 3184 despiciat,

191 3218 234 3270 si
258 3225 382 3269 ante
411 3214 516 3267 alia
542 3212 721 3266 omnia
749 3211 800 3265 in
833 3211 916 3274 iis,
948 3224 1066 3278 qua:
1099 3223 1224 3263 vere
1256 3209 1426 3277 turpia
1453 3215 1598 3275 sunt,
1621 3207 1769 3276 seip-

192 3324 302 3363 sutn
335 3309 405 3362 ita
436 3306 692 3368 instituat,
732 3313 786 3356 ut
817 3318 922 3357 non
959 3301 1224 3364 homines,
1249 3300 1343 3356 sed
1373 3301 1673 3354 insomnem
1705 3299 1767 3353 il-

194 3401 296 3454 lum
324 3398 538 3453 oculum
585 3404 804 3459 metuat,
833 3404 887 3449 et
923 3393 974 3448 in
1009 3393 1161 3447 bonis
1205 3409 1415 3448 rursum
1451 3407 1677 3446 coronas
1703 3392 1770 3445 ab

193 3493 278 3546 illo
304 3499 528 3560 quaerat.
560 3489 630 3542 Ita
657 3488 798 3542 enim
831 3502 1001 3556 neque
1043 3486 1094 3539 in
1136 3486 1252 3539 aliis
1284 3484 1556 3539 hominum
1583 3498 1767 3538 auram

193 3584 442 3638 feremus.
471 3581 600 3635 Nam
629 3580 716 3649 qui
755 3594 877 3633 cum
908 3589 1052 3632 recte
1091 3578 1218 3646 agit,
1251 3591 1316 3630 ne
1341 3576 1530 3645 dignos
1553 3575 1768 3645 quidem

189 3686 370 3730 censet
398 3674 539 3736 illos,
561 3671 652 3741 qui
677 3686 770 3726 sua
797 3680 945 3726 recte
966 3668 1100 3722 facta
1123 3669 1320 3733 norint,
1345 3666 1438 3721 sed
1455 3666 1546 3720 Dei
1562 3665 1770 3721 calculo

191 3776 472 3822 contentus
494 3777 594 3827 ,
631 3779 800 3832 neque
824 3763 876 3816 in
897 3761 1180 3817 contrariis
1203 3761 1433 3830 aliquam
1461 3773 1648 3814 eorum
1679 3773 1769 3811 ra-

192 3861 388 3914 tionem
417 3855 652 3910 habebit.
709 3854 776 3908 Et
815 3851 1083 3923 quomodo
1109 3891 1124 3917 ,
1168 3850 1402 3920 inquies,
1452 3849 1555 3905 hoc
1597 3849 1770 3919 ipsum

189 3953 286 4006 erit
303 3951 325 4002 ?

259 4041 541 4096 Hominum
567 4037 740 4092 laudes
776 4052 876 4090 non
905 4034 1208 4104 quaerendw,
1243 4032 1330 4087 sed
1362 4031 1475 4086 Dei.
1585 4030 1770 4101 Cogita

189 4133 312 4204 quid
342 4135 413 4188 sit
436 4134 619 4195 homo,
644 4128 769 4199 quid
791 4130 858 4182 sit
888 4127 1044 4190 Deus,
1077 4134 1132 4180 et
1151 4139 1256 4194 quo
1277 4123 1498 4178 dimisso
1519 4123 1585 4177 ad
1609 4138 1768 4193 quem

191 4226 482 4295 confugias,
516 4234 570 4278 et
597 4224 702 4277 cito
731 4231 898 4273 totum
924 4219 1179 4288 corriges.
1204 4216 1373 4270 Homo
1395 4211 1576 4272 tecum
1594 4214 1769 4270 eidem

194 4327 406 4387 peccato
457 4315 716 4384 suhjaeet,
768 4311 940 4364 eidem
979 4309 1202 4378 judicio,
1244 4306 1416 4361 eidem
1461 4305 1767 4376 supplicio:

194 4413 348 4468 homo
380 4411 600 4464 vanitati
631 4408 818 4462 similis
851 4411 1019 4462 factus
1037 4415 1138 4471 est,
1162 4416 1365 4460 rectum
1385 4403 1640 4473 judicium
1665 4417 1770 4456 non

196 4506 366 4569 habet,
401 4512 460 4558 et
498 4517 726 4571 superna
765 4509 887 4569 eget
917 4497 1252 4553 correctione
1290 4514 1303 4548 :
1343 4496 1524 4558 homo,
1555 4503 1694 4549 terra
1719 4501 1774 4547 et

196 4597 342 4660 cinis,
376 4597 420 4649 si
459 4593 656 4657 laudet,
700 4606 844 4660 saepe
889 4600 1090 4644 temere
1125 4587 1377 4653 laudabit,
1419 4595 1510 4640 aut
1549 4586 1615 4641 ad
1655 4600 1774 4655 gra-

201 4693 316 4740 tiam
359 4693 454 4740 aut
491 4701 554 4740 ex
584 4684 736 4746 odio;
769 4684 812 4736 si
841 4682 1196 4736 calumnietur
1225 4689 1280 4734 et
1311 4687 1546 4742 accuset,
1588 4691 1773 4732 rursus

200 4777 377 4830 eodem
408 4776 589 4828 animo
617 4774 666 4827 id
695 4772 837 4827 facit.
869 4773 938 4826 At
965 4787 1070 4826 non
1105 4772 1173 4824 ita
1208 4771 1378 4834 Deus;
1423 4769 1515 4823 sed
1546 4769 1774 4837 irreprc-

203 4869 470 4922 hensihilis
489 4875 572 4920 est
595 4867 709 4935 ejus
729 4865 987 4930 calculus,
1021 4872 1074 4918 et
1100 4879 1286 4932 purum
1315 4861 1573 4930 judicium
1606 4860 1771 4916 illius.

204 4961 425 5030 Ideoque
470 4967 678 5029 oportet
717 4973 929 5027 semper
954 4956 1022 5010 ad
1070 4957 1214 5010 illum
1242 4955 1566 5025 confugere;
1600 4968 1776 5023 neque

204 5056 315 5108 ideo
343 5064 570 5117 tantum,
600 5052 693 5106 sed
719 5051 840 5122 quia
861 5051 1018 5106 etiam
1044 5051 1154 5119 ipse
1177 5058 1228 5104 te
1251 5049 1391 5113 fecit,
1410 5059 1460 5103 et
1477 5050 1595 5118 plus
1615 5062 1772 5117 quam

203 5162 382 5199 omnes
422 5146 514 5199 tibi
545 5147 736 5215 paruit,
783 5145 1057 5213 magisque
1100 5153 1149 5196 te
1192 5152 1356 5207 amat,
1384 5156 1541 5210 quam
1580 5148 1634 5192 tu
1665 5138 1776 5208 ipse

207 5249 254 5292 te
278 5254 446 5294 ames.
484 5236 590 5292 Cur
625 5252 752 5306 ergo
800 5245 905 5290 tam
945 5235 1170 5289 mirabili
1203 5235 1368 5287 misso
1399 5232 1672 5286 laudatore
1709 5231 1776 5285 ad

209 5333 470 5388 hominem
492 5333 825 5402 confugimus
851 5332 942 5399 qui
968 5330 1101 5383 nihil
1130 5339 1232 5395 est,
1263 5329 1351 5398 qui
1382 5327 1575 5382 frustra
1602 5335 1656 5381 et
1695 5336 1776 5380 te-

210 5440 349 5478 mere
373 5424 550 5479 omnia
581 5423 736 5477 facit?
765 5422 958 5476 Malum
992 5433 1042 5476 te
1083 5422 1212 5474 dicit
1237 5432 1288 5476 et
1311 5420 1621 5482 scelestum,
1653 5432 1774 5472 cum

213 5518 322 5572 talis
353 5534 459 5572 non
496 5519 610 5572 sis?
655 5517 746 5571 illa
785 5517 854 5572 de
880 5533 1037 5572 causa
1069 5517 1238 5586 magis
1267 5517 1413 5570 illum
1445 5515 1703 5569 miserare
1727 5522 1782 5567 et

214 5610 361 5674 dee,
389 5611 509 5681 quia
539 5619 823 5681 corruptus
848 5618 949 5675 est,
977 5611 1200 5679 ejusque
1221 5609 1446 5678 gloriam
1473 5616 1778 5670 contemne,

213 5705 328 5769 quia
364 5704 477 5776 ejus
525 5705 721 5758 mentis
758 5704 896 5757 oeuli
943 5702 1190 5757 exctecati
1237 5711 1360 5757 sunt
1397 5699 1697 5771 :siquidem
1726 5709 1780 5755 et

523 5801 795 5860 PATBOL.
843 5798 960 5857 (in.
1013 5798 1172 5858 LXi.

1303 238 1370 296 IN
1407 237 1624 296 EPIST.
1748 237 1836 290 AD
1873 234 2032 291 COR.
2073 235 2303 292 HOMIL.
2345 237 2463 294 XII.

3395 244 3498 303 102

1909 352 2134 420 apostoli
2167 351 2280 408 haec
2309 352 2609 421 audierunt,
2641 364 2695 410 et
2721 355 2840 412 illos
2868 371 2927 414 se
2955 358 3346 418 calumniantes
3375 361 3495 417 irri-

1903 453 2112 497 serunt.
2143 445 2210 498 At
2230 453 2282 500 te
2313 445 2510 501 bonum
2539 457 2592 502 et
2620 447 2806 504 utilem
2832 449 3000 506 dicit?
3038 450 3097 507 Si
3127 453 3246 508 talis
3275 454 3489 524 quidem

1900 533 1995 598 sis,
2029 533 2177 588 nullo
2201 534 2362 590 modo
2402 552 2432 590 a
2481 537 2571 592 tali
2619 537 2786 608 gloria
2813 540 3141 606 emolliaris;
3170 544 3212 597 si
3240 559 3344 598 non
3369 546 3490 599 talis

1900 625 1997 689 sis,
2019 626 2185 695 magis
2205 626 2442 696 despice,
2475 639 2528 684 et
2551 645 2662 684 rem
2687 645 2806 685 esse
2834 633 2944 686 risu
2971 633 3183 703 dignam
3213 645 3358 704 puta.
3394 637 3486 691 \is

1899 714 2034 768 scire
2060 730 2217 783 quam
2241 727 2491 786 corrupta
2517 720 2624 773 sint
2654 720 2792 790 vulgi
2816 721 3037 790 judicia,
3067 740 3226 793 quam
3255 725 3486 790 inutilia,

1898 821 2053 874 quam
2093 808 2350 874 ridicula;
2405 819 2460 866 et
2497 814 2596 866 alia
2637 815 2849 884 quidem
2884 816 3170 873 furentium
3217 831 3270 874 et
3306 833 3487 878 mente

1894 905 2192 964 captorum,
2224 899 2325 953 alia
2373 916 2502 955 vero
2551 903 2828 959 infantium
2873 907 3222 966 lactentium?
3257 915 3394 970 Audi
3427 928 3486 972 ut

1895 985 2094 1079 fuerint
2118 988 2226 1057 jam
2255 991 2402 1045 olim.
2429 992 2635 1048 Iudicia
2667 1011 2796 1051 vero
2819 999 2908 1053 tibi
2940 1000 3230 1070 proferam,
3259 1023 3365 1063 non
3391 1025 3484 1079 po-

1897 1078 2006 1145 puli
2035 1088 2261 1146 tantum,
2286 1083 2379 1137 sed
2419 1099 2606 1140 eorum
2633 1088 2720 1156 qui
2759 1091 3137 1160 sapientissimi
3169 1112 3289 1154 esse
3329 1078 3481 1158 vide-

1894 1169 2121 1238 bantur,
2154 1174 2350 1245 quique
2375 1177 2708 1246 legislatores
2738 1182 2970 1238 fut-runt.
3001 1187 3130 1252 Quis
3156 1191 3296 1245 enim
3339 1195 3480 1263 apud

1894 1263 2081 1332 vulgus
2111 1267 2401 1335 sapientior
2429 1269 2595 1325 videri
2624 1275 2790 1342 possit
2814 1290 2904 1342 eo,
2933 1279 3020 1347 qui
3046 1280 3237 1350 dignus
3269 1283 3480 1341 habitus

1892 1363 1993 1418 est,
2029 1366 2083 1409 ut
2107 1356 2408 1414 civitatibus
2434 1369 2488 1415 et
2521 1364 2729 1431 populis
2761 1365 2903 1436 leges
2929 1374 3188 1436 poneret?
3219 1377 3470 1433 Attamen

1893 1447 2040 1503 hisce
2089 1452 2417 1519 sapientibus
2465 1456 2713 1512 fornicari
2764 1461 2892 1514 nihil
2950 1463 3159 1520 videtur
3198 1482 3318 1524 esse
3349 1471 3474 1526 mali

1891 1555 1990 1594 nec
2018 1541 2292 1610 punitione
2319 1544 2560 1615 dignum.
2593 1548 2746 1604 Nulla
2778 1553 2918 1606 enim
2947 1567 3162 1611 externa
3197 1558 3280 1613 lex
3311 1561 3476 1616 furni-

1889 1639 2098 1686 catores
2126 1633 2234 1688 ulta
2281 1646 2394 1703 est,
2428 1653 2603 1708 neque
2646 1640 2747 1697 hac
2802 1642 2868 1699 de
2911 1660 3071 1700 causa
3110 1649 3172 1702 ad
3213 1651 3473 1720 judicium

1890 1725 2084 1788 traxit;
2111 1725 2204 1778 sed
2227 1726 2433 1781 etiamsi
2463 1729 2582 1798 quis
2612 1746 2678 1785 eo
2706 1733 2966 1801 trahatur,
2999 1737 3146 1792 multi
3172 1739 3396 1797 irrident
3419 1753 3476 1797 et

1883 1813 2045 1882 judex
2083 1815 2133 1870 id
2162 1832 2266 1870 non
2299 1819 2516 1887 patitur.
2550 1822 2680 1878 Alea
2714 1826 2900 1882 ludere
2937 1845 3124 1886 rursus
3165 1834 3307 1902 apud
3351 1835 3472 1892 illos

1885 1908 2145 1978 supplicio
2176 1911 2405 1966 liberum
2447 1923 2549 1978 est,
2589 1925 2643 1970 et
2676 1933 2832 1973 nemo
2865 1920 2966 1975 hac
2999 1922 3067 1978 de
3092 1939 3252 1980 causa
3287 1943 3470 1997 pinnas

1885 2002 2049 2056 dedit.
2081 2003 2334 2060 lnehriari
2361 2014 2416 2060 et
2445 2009 2754 2079 ingurgitari
2784 2013 2908 2067 cibo
2939 2030 3042 2069 tton
3075 2018 3236 2072 modo
3263 2021 3469 2078 crimen

1885 2110 1990 2148 non
2017 2105 2117 2161 est,
2161 2098 2254 2151 sed
2281 2107 2427 2154 recte
2454 2099 2649 2156 factum
2691 2118 2721 2157 a
2753 2104 2935 2159 multis
2981 2115 3222 2177 putatum
3250 2110 3384 2167 fuit:
3413 2123 3472 2169 et

1885 2185 1936 2239 in
1974 2187 2141 2242 cmuis
2177 2189 2496 2244 militaribus
2523 2192 2690 2247 multa
2728 2209 2790 2248 ea
2821 2195 2887 2249 de
2924 2213 2980 2252 re
3009 2209 3090 2252 est
3116 2203 3465 2270 concertatio,

1881 2289 1936 2334 et
1964 2281 2052 2350 qui
2084 2282 2313 2338 maxime
2342 2295 2500 2354 egent
2523 2299 2649 2339 sana
2679 2298 2857 2344 mente
2882 2299 2938 2345 et
2967 2291 3189 2349 robusto
3213 2311 3464 2366 corpore,

1881 2369 1934 2424 iti
1961 2373 2190 2426 maxime
2217 2373 2493 2429 ebrietatis
2526 2379 2794 2448 tyrannidi
2837 2395 2896 2434 se
2925 2382 3146 2452 dedunt,
3186 2395 3240 2441 et
3268 2403 3466 2459 corpus

1881 2463 2234 2520 dissolventes
2263 2477 2317 2520 et
2343 2470 2574 2522 animam
2606 2470 2838 2526 tenebris
2859 2473 3234 2545 oundentes;
3262 2480 3466 2536 nullus-

1878 2570 1983 2627 que
2013 2556 2279 2626 legislator
2307 2557 2409 2612 hoc
2431 2560 2612 2614 vitium
2641 2563 2867 2630 punivit.

1949 2646 2002 2702 5.
2037 2648 2172 2714 Quid
2203 2650 2301 2703 hac
2328 2650 2530 2706 insania
2563 2654 2749 2722 pejus?
2771 2655 2907 2710 Num
2937 2673 3064 2728 ergo
3085 2659 3270 2717 laudes
3290 2661 3465 2719 homi-

1878 2754 2024 2802 num,
2067 2740 2156 2807 qui
2197 2740 2274 2794 sic
2313 2740 2486 2796 affecti
2516 2754 2656 2806 sunt,
2711 2747 2959 2814 requiris,
2987 2759 3040 2803 et
3086 2766 3192 2805 non
3232 2753 3460 2822 teipsum

1877 2831 2122 2886 defodis?
2151 2831 2206 2888 Si
2236 2834 2378 2889 enim
2409 2850 2598 2890 omnes
2627 2837 2886 2906 ejusmodi
2921 2842 3162 2898 homines
3191 2853 3241 2900 te
3277 2846 3463 2901 lauda-

1877 2934 2018 2989 rent,
2049 2939 2227 2980 annon
2254 2934 2529 2995 oporteret
2553 2929 2871 2986 erubescere
2900 2942 2954 2986 et
2987 2934 3190 3002 pudore
3227 2937 3458 2994 su'undi

1877 3015 2250 3084 plaudentibus
2281 3019 2605 3084 hominibus,
2639 3038 2863 3091 quorum
2888 3024 3084 3092 judicia
3115 3028 3186 3082 ita
3207 3043 3459 3103 corrupta

1874 3108 2035 3162 sunt?
2065 3108 2269 3163 Rursus
2300 3109 2629 3179 blasphemia
2659 3113 3051 3182 iegislatoribus
3083 3134 3188 3172 non
3218 3123 3459 3182 terribile

1873 3198 2145 3268 quidpiam
2165 3215 2286 3256 esse
2317 3202 2523 3256 videtur
2545 3221 2558 3257 :
2584 3219 2740 3258 nemo
2767 3206 2907 3259 cnint
2936 3208 3025 3278 qui
3051 3209 3104 3264 in
3129 3210 3291 3266 Deum
3315 3214 3460 3271 blas-

1875 3289 2158 3359 phemarit,
2201 3292 2268 3345 ad
2309 3293 2537 3348 tribunal
2576 3305 2815 3366 raptatus
2858 3297 2958 3353 fuit
2998 3309 3053 3355 et
3079 3315 3264 3371 pinnas
3289 3304 3454 3363 dedit.

1873 3385 1978 3441 Sed
2006 3386 2051 3440 si
2078 3387 2196 3458 quis
2225 3397 2426 3444 vestem
2468 3389 2692 3459 foretur,
2721 3403 2812 3447 aut
2855 3409 3167 3450 crumenam
3203 3397 3453 3468 dissecet,

1875 3490 1928 3535 et
1953 3480 2118 3535 latera
2167 3481 2264 3550 ipsi
2303 3482 2605 3538 lacerantur
2635 3494 2688 3540 et
2727 3499 2868 3555 Stepe
2909 3497 3081 3544 morte
3123 3491 3453 3549 mulctatur:

1872 3575 1963 3644 qui
1988 3583 2166 3630 autem
2197 3576 2247 3629 in
2275 3576 2440 3631 Deum
2472 3577 2805 3648 blasphetnat
2824 3621 2840 3645 ,
2874 3595 2979 3636 non
3010 3596 3294 3639 accusatur
3317 3588 3457 3656 apud

1873 3675 2124 3721 externos
2150 3668 2505 3738 legislatores.
2536 3669 2603 3725 Et
2642 3675 2685 3724 si
2715 3673 2835 3742 quis
2865 3689 3084 3729 uxorem
3110 3675 3332 3744 habens,
3360 3694 3458 3733 an-

1873 3760 2051 3815 cillam
2082 3761 2252 3828 vitiet,
2297 3761 2350 3816 id
2391 3762 2524 3818 nihil
2574 3764 2712 3834 apud
2741 3775 2989 3822 externas
3034 3767 3179 3839 leges
3219 3780 3275 3826 et
3315 3773 3456 3842 apud

1874 3855 2071 3907 multos
2098 3868 2219 3908 esse
2243 3853 2473 3910 videtur.

1945 3943 2280 3998 Theatrorunt
2322 3942 2871 4016 ratieJlt'ppodromus
2917 3959 2966 4003 et
3005 3967 3191 4022 pugna?
3231 3954 3454 4022 [eruum

1871 4037 2065 4109 quales.
2197 4036 2291 4092 Vis
2313 4037 2415 4091 alia
2443 4053 2652 4108 quoque
2681 4039 2869 4095 audire
2893 4057 3011 4110 qua:
3039 4043 3274 4113 ipsorum
3315 4047 3458 4104 insa-

1876 4129 2018 4183 niam
2048 4128 2369 4183 ostendant?
2394 4145 2516 4182 nam
2560 4128 2674 4184 haec
2700 4131 2914 4200 quidem
2950 4149 3055 4188 non
3087 4138 3332 4206 puniunt,
3360 4140 3456 4194 sed

1875 4220 2008 4274 alias
2037 4220 2177 4290 leges
2207 4230 2466 4275 statuunt.
2494 4222 2801 4288 Quasnam?
2821 4222 3050 4278 Theatra
3077 4227 3353 4296 colligunt,
3387 4230 3455 4283 il-

1877 4310 2035 4381 loque
2079 4311 2418 4366 meretricum
2464 4313 2658 4367 choros
2696 4313 2985 4378 inducunt,
3024 4326 3078 4370 et
3119 4333 3310 4386 pueros
3337 4334 3456 4375 cor-

1877 4413 2081 4472 ruptos,
2129 4403 2216 4472 qui
2263 4413 2505 4457 naturam
2547 4407 2870 4459 contumelia
2911 4407 3170 4472 afficiunt,
3204 4413 3452 4479 populum

1880 4504 2045 4549 totum
2077 4495 2127 4549 itt
2159 4496 2434 4564 superiore
2460 4497 2579 4551 loco
2609 4499 2798 4552 sedere
2822 4498 3048 4567 jubent;
3081 4503 3159 4555 sic
3183 4505 3455 4561 civitatem

1878 4595 2202 4653 recreantes,
2230 4588 2309 4642 sic
2333 4603 2555 4658 magnos
2579 4589 2698 4643 ilics
2724 4605 2897 4660 reges,
2927 4605 3060 4660 quos
3081 4607 3294 4663 semper
3315 4597 3458 4652 cele-

1880 4681 2035 4736 brant
2057 4682 2128 4737 ob
2157 4690 2354 4751 tropica
2393 4691 2551 4750 atque
2586 4682 2855 4747 victorias,
2888 4695 3226 4740 coronantes.
3259 4687 3457 4746 Verum

1880 4773 2004 4843 quid
2027 4783 2108 4827 est
2132 4773 2235 4828 hoc
2261 4773 2463 4828 honore
2490 4772 2774 4843 frigidius?
2795 4775 2918 4843 quid
2947 4775 3048 4830 hac
3069 4779 3340 4847 voluptate
3371 4783 3452 4835 in-

1880 4864 2116 4934 gratius?
2133 4881 2197 4919 ex
2215 4864 2366 4919 hisne
2383 4867 2576 4934 quzeris
2600 4875 2868 4933 gestorum
2891 4876 3097 4922 tuorum
3122 4871 3458 4928 laudatores?

1881 4965 2082 5010 etcum
2112 4957 2471 5018 saltatoribus,
2527 4957 2796 5023 mollibus,
2844 4960 3021 5013 mimis
3060 4977 3122 5015 ac
3166 4968 3465 5022 meretrici-

1886 5050 2002 5112 bus,
2048 5051 2160 5116 vis,
2210 5064 2393 5119 quteso
2437 5057 2524 5114 te,
2567 5050 2722 5104 laude
2764 5052 2903 5106 frui?
2951 5063 3006 5106 et
3047 5057 3314 5122 quomodo
3359 5075 3464 5114 non

1885 5140 2082 5194 fuerint
2249 5152 2503 5195 extrema:
2537 5141 2862 5197 dementia}?
2893 5145 3140 5199 Libenter
3167 5148 3310 5203 enim
3344 5149 3465 5204 illos

1888 5237 2312 5304 interrogarem:
2342 5233 2687 5304 Indignumne
2705 5244 2787 5289 est
2809 5247 3008 5290 natura:
3036 5237 3181 5306 leges
3201 5249 3464 5306 evertere,

1889 5339 1941 5384 et
1971 5329 2201 5384 nefarios
2249 5327 2502 5384 inducere
2544 5328 2752 5382 coitus?
2803 5329 3032 5384 Omnino
3071 5331 3252 5386 dicent
3279 5349 3468 5389 omnes

1888 5437 2001 5478 rem
2029 5436 2149 5477 esse
2179 5419 2445 5491 indignam
2471 5439 2485 5485 ;
2518 5420 2766 5476 videntur
2796 5423 2938 5476 enim
2967 5423 3068 5478 hoc
3096 5424 3282 5491 punire
3313 5423 3469 5495 agi-

1889 5512 2040 5566 tium.
2065 5510 2172 5567 Cur
2200 5527 2328 5582 ergo
2347 5512 2582 5567 cinaedos
2605 5513 2724 5566 illos
2747 5511 2975 5578 inducis,
3005 5529 3104 5568 nec
3128 5514 3287 5568 modo
3314 5516 3471 5570 indu-

1892 5606 1991 5670 cis,
2024 5603 2116 5658 sed
2148 5605 2307 5658 etiam
2351 5604 2646 5660 innumeris
2670 5614 2725 5660 et
2768 5604 3123 5659 ineabilibus
3151 5607 3321 5661 donas
3355 5625 3470 5665 mu-

1893 5698 2156 5755 neribus?
2187 5697 2319 5753 Cum
2349 5697 2476 5750 alibi
2501 5711 2596 5752 eos
2622 5696 2712 5767 qui
2743 5696 2866 5750 talia
2906 5696 3108 5750 audent
3142 5697 3349 5766 punias,
3390 5701 3472 5756 hic

3050 5803 3087 5861 7
