3856 6324
303 282 403 338 103

302 410 449 466 quam
466 402 778 447 communes
793 385 1024 443 civitatis
1040 376 1310 440 beneﬁcos
1331 374 1614 466 insumptis
1630 368 1887 442 pecuniis,

305 465 520 559 publico
546 492 761 553 sumptu
789 479 937 548 ipsos
964 476 1084 529 alis.
1109 467 1201 539 'At,
1230 470 1463 541 inquies,
1492 465 1720 559 infames
1744 467 1888 514 sunt.

306 555 413 635 Cur
433 589 563 647 ergo
593 573 715 628 illos
746 567 1013 625 instituis?
1038 581 1135 621 cur
1179 579 1274 633 per
1304 560 1532 616 infames
1575 555 1698 611 illos
1741 563 1894 655 reges

306 669 581 728 honoras?
607 681 704 722 cur
731 664 975 720 civitates
999 656 1233 714 enecas?
1259 670 1354 709 cur
1381 654 1434 706 in
1469 651 1591 705 illos
1624 653 1767 701 tanta
1796 651 1898 697 im-

311 761 541 833 pendis?
562 774 682 814 nam
704 756 749 812 si
781 753 1007 809 infames
1028 758 1173 815 sunt,
1194 744 1388 816 expelli
1403 742 1618 798 debent.
1638 737 1745 790 Cur
1764 748 1898 833 ergo

310 825 434 914 illos
481 853 707 910 infames
741 846 955 903 fccisti‘!
981 859 1049 899 an
1083 850 1141 895 ut
1176 837 1419 899 laudans,
1460 848 1527 887 an
1585 841 1645 885 ut
1694 825 1895 881 conde-

313 945 609 1004 mnans?Ut
624 940 987 1001 condemnans
1008 930 1431 1003 utique.Ergone
1449 933 1511 980 ut
1535 922 1900 980 condemnans

314 1038 541 1095 infames
570 1035 719 1097 facis,
742 1039 798 1087 ct
824 1038 883 1085 ut
905 1022 1249 1081 honorabiles
1267 1020 1390 1075 illos
1408 1017 1617 1071 visurus
1638 1007 1895 1070 accurris,

314 1128 549 1193 miraris,
578 1122 784 1189 laudas,
813 1115 1135 1189 applaudis?
1174 1111 1311 1181 Quid
1340 1124 1475 1179 opus
1503 1116 1587 1162 cst
1616 1105 1799 1159 dicere
1833 1100 1902 1154 de

318 1219 562 1285 fallaciis,
594 1231 714 1287 qua:
750 1214 803 1267 in
852 1205 1217 1280 hippodromis
1251 1212 1307 1258 et
1352 1202 1404 1255 iu
1440 1197 1629 1270 pugnis
1672 1195 1901 1287 ferarum

317 1286 711 1366 admittuntur?
737 1305 862 1359 llznc
902 1302 1098 1372 quippe
1134 1295 1279 1352 omni
1322 1302 1542 1362 stupore
1570 1296 1695 1343 sunt
1721 1286 1921 1357 plcna,‘

318 1405 620 1471 docentque
672 1396 886 1453 assidue
932 1392 1187 1463 populum
1242 1400 1363 1442 esse
1403 1376 1901 1471 imtnisericordem,

318 1468 606 1552 satvumvet
642 1490 1013 1548 inhumanum,
1043 1490 1366 1549 exercetque
1393 1475 1459 1531 ad
1485 1472 1775 1529 videndum
1802 1468 1906 1523 ho-

322 1589 495 1646 mines
542 1587 859 1655 discerptos,
901 1579 1215 1649 sanguinem
1267 1574 1515 1636 effusum,
1569 1578 1621 1623 et
1674 1564 1905 1622 ferarum

322 1678 706 1734 immanitatem
750 1674 927 1728 omnia
971 1666 1411 1725 confundentetn.
1462 1662 1533 1716 Et
1581 1660 1681 1713 hos
1720 1669 1908 1710 omnes

324 1770 542 1826 morbos
566 1766 832 1837 Sapientes
860 1763 932 1818 illi
955 1760 1289 1830 legislatores
1308 1755 1374 1810 ab
1398 1753 1550 1808 initio
1566 1750 1906 1813 induxerunt,

325 1861 698 1935 plaudentibus
718 1872 781 1913 ac
807 1852 1122 1910 mirantibus
1150 1846 1476 1905 civitatibus.
1497 1841 1624 1907 Sed,
1644 1842 1689 1897 si
1718 1840 1908 1935 placet,

327 1934 412 2013 his
436 1955 655 2012 omissis
683 1967 802 2019 quae
846 1956 1055 2019 aperte,
1083 1952 1143 1999 ut
1183 1944 1236 1997 in
1272 1940 1523 1997 confesso
1548 1946 1652 2003 est,
1682 1934 1912 1989 absurda

327 2057 474 2112 sunt,
502 2043 735 2101 licetsic
766 2054 871 2095 non
913 2038 1086 2093 visum
1128 2034 1199 2089 sit
1224 2030 1462 2089 externis
1500 2026 1910 2099 legislatoribus,

330 2142 398 2197 ad
444 2135 757 2196 honoranda
792 2140 1055 2204 praecepta
1099 2127 1397 2189 veniamus,
1443 2132 1499 2178 et
1526 2120 1729 2177 videbis
1754 2118 1914 2175 etiam

332 2236 433 2289 illa
457 2247 527 2288 ex
574 2229 867 2284 multorum
898 2222 1151 2294 opinione
1197 2223 1452 2287 corrupta
1492 2214 1674 2269 fuisse.
1702 2209 1918 2266 Connu-

334 2328 478 2383 bium
524 2324 665 2378 enim
706 2335 795 2375 res
836 2314 1165 2372 honorabilis
1205 2326 1324 2367 esse
1353 2308 1563 2366 videtur
1594 2314 1651 2363 et
1674 2304 1834 2361 nobis
1866 2311 1922 2357 et

334 2416 572 2474 externis
601 2432 614 2468 :
645 2423 699 2470 et
724 2420 805 2467 est
832 2424 957 2463 vere
979 2404 1331 2468 honorabile;
1360 2399 1456 2457 sed
1478 2400 1532 2455 in
1562 2396 1921 2453 celebratione

338 2510 641 2582 nuptiarum
666 2547 682 2571 ,
714 2514 795 2559 tut
822 2500 1059 2558 ridiculae
1086 2512 1172 2553 res
1199 2493 1469 2561 accidunt,
1490 2501 1620 2563 quot
1647 2499 1770 2560 post
1808 2486 1925 2582 haec

337 2578 568 2659 audituri
596 2600 746 2653 estis.
789 2594 921 2650 Nam
966 2607 1036 2647 ex
1071 2586 1460 2646 consuetudine
1499 2582 1651 2638 multi
1679 2578 1924 2650 occupati

338 2713 403 2752 ac
428 2693 660 2764 decepti,
688 2704 869 2746 earum
891 2683 1273 2741 absurditatem
1292 2696 1397 2735 non
1421 2684 1632 2741 norunt,
1649 2674 1743 2730 sed
1763 2681 1928 2764 egent

340 2789 459 2844 aliis
486 2785 574 2855 qui
604 2783 725 2839 illos
752 2781 1001 2835 doceant.
1036 2774 1251 2831 Etenim
1296 2771 1530 2835 choreae,
1558 2766 1825 2839 cymbala,
1855 2763 1925 2819 ti-

342 2882 465 2947 biae,
487 2876 656 2933 verba
682 2873 995 2942 canticaque
1037 2868 1232 2937 turpia,
1266 2862 1616 2926 temulentiae,
1652 2872 1927 2915 comessa-

345 2976 538 3037 tiones,
572 2970 846 3037 multaque
874 2963 1072 3019 diaboli
1100 2958 1359 3016 colluvies
1394 2966 1522 3012 tunc
1550 2952 1837 3010 inducitur.
1861 2950 1931 3005 Et

346 3066 459 3121 scio
488 3061 703 3135 quidem
746 3073 832 3113 me
871 3054 1158 3111 ridiculum
1203 3048 1393 3115 videri,
1437 3047 1581 3118 quod
1609 3046 1726 3100 haec
1748 3059 1931 3114 repre-

347 3157 601 3221 hendam,
642 3163 699 3209 ct
726 3151 883 3221 vulgo
914 3146 1178 3203 stolidum
1219 3139 1537 3206 existimari,
1586 3139 1676 3209 qui
1720 3147 1932 3192 veteres

349 3255 493 3322 leges
520 3258 914 3305 transmoveam
941 3260 954 3296 :
984 3255 1128 3305 nam,
1171 3246 1229 3292 ut
1253 3251 1415 3306 supra
1437 3234 1570 3301 dixi,
1608 3248 1672 3288 ex
1700 3244 1932 3287 consue-

350 3321 534 3402 tudine
560 3354 747 3411 magna
777 3336 1023 3405 deceptio
1050 3332 1254 3402 paritur
1281 3346 1295 3382 :
1321 3337 1557 3383 attamen
1587 3327 1700 3379 haec
1720 3321 1931 3378 dicendi

352 3440 511 3493 linem
538 3450 642 3489 non
674 3433 887 3487 faciam.
933 3428 1185 3483 Fortasse
1222 3423 1383 3485 enim,
1418 3420 1664 3482 fortasse,
1697 3417 1796 3471 etsi
1829 3430 1932 3470 non

352 3541 558 3592 omnes,
586 3521 741 3596 pauci
773 3535 951 3576 tamen
995 3530 1094 3573 nos
1122 3513 1419 3583 excipient,
1447 3520 1502 3566 et
1529 3511 1727 3565 malent
1758 3508 1938 3562 nobis-

352 3635 474 3676 cum
499 3615 754 3679 derideri,
787 3626 946 3683 quam
975 3624 1097 3665 cum
1126 3607 1232 3663 illis
1257 3620 1355 3661 nos
1371 3603 1640 3671 deridere,
1666 3601 1774 3656 risu
1792 3608 1938 3655 certe

356 3709 607 3784 lacrymis
650 3706 813 3777 digno
860 3702 1176 3773 magnisque
1224 3697 1395 3769 poenis
1436 3704 1598 3765 atque
1640 3692 1935 3763 suppliciis.

355 3800 635 3875 Quomodo
676 3799 819 3855 enim
863 3810 973 3851 non
1017 3794 1179 3849 fuerit
1208 3800 1448 3847 extrema
1486 3788 1828 3844 damnatione
1856 3785 1939 3840 di-

355 3912 539 3968 gnum,
584 3892 845 3962 virginem
889 3903 1009 3959 qua:
1053 3892 1317 3956 perpetuo
1357 3883 1567 3938 vixerat
1597 3880 1651 3934 in
1683 3878 1937 3943 thalamo,

357 4002 584 4063 quaeque
609 4002 637 4040 a
667 3984 837 4055 prima
879 3989 1038 4036 (etate
1066 3975 1445 4032 verecundiam
1477 3972 1757 4035 didicerat,
1786 3969 1943 4025 dere-

360 4092 520 4153 pente
548 4077 666 4149 cogi
688 4074 762 4130 ad
802 4070 1177 4144 deponendum
1208 4067 1490 4138 pudorem,
1535 4072 1591 4119 et
1637 4063 1940 4133 nuptiarum

361 4170 515 4228 initio
540 4164 921 4237 impudentiam
951 4160 1154 4225 doceri,
1182 4167 1239 4215 et
1265 4174 1296 4213 a
1323 4155 1534 4212 lascivis
1556 4153 1946 4226 petulantibus-

362 4277 467 4334 que
496 4260 648 4325 viris,
672 4253 1080 4312 fornicatoribus
1111 4260 1166 4306 et
1194 4249 1442 4305 mollibus
1471 4249 1523 4302 in
1555 4246 1787 4303 medium
1818 4260 1946 4316 pro-

362 4351 522 4410 duci?
550 4348 694 4421 quod
721 4347 866 4404 enim
897 4345 1096 4400 malum
1125 4343 1178 4398 in
1204 4356 1341 4397 nova
1371 4355 1568 4411 sponsa
1597 4355 1706 4394 non
1738 4340 1947 4393 insere-

363 4454 452 4500 tur
474 4440 544 4497 ab
569 4440 658 4495 illo
684 4436 812 4495 die?
831 4434 1185 4507 lmpudentia,
1211 4432 1526 4503 petulantia,
1541 4432 1946 4501 inverecundia,

362 4549 516 4590 vanae
555 4531 739 4603 gloriae
780 4544 935 4584 amor
971 4545 984 4582 :
1023 4527 1166 4583 volet
1208 4527 1351 4582 enim
1386 4524 1502 4580 dies
1527 4540 1713 4581 omnes
1747 4525 1951 4581 habere

366 4623 450 4679 his
474 4623 697 4680 similes.
714 4621 849 4677 Hinc
866 4618 1117 4675 mulieres
1136 4616 1367 4688 profusae
1384 4625 1438 4672 et
1453 4624 1777 4687 sumptuosae
1796 4618 1947 4683 fiunt,

366 4716 493 4773 hinc
541 4713 900 4786 impudentes,
949 4711 1074 4766 hinc
1117 4711 1246 4781 ipsis
1275 4710 1413 4764 mala
1443 4709 1743 4764 innumera.
1772 4708 1953 4779 Neque

367 4806 498 4863 mihi
518 4805 666 4860 dicas
686 4803 1150 4859 consuetudinem.
1177 4799 1310 4856 Nam
1341 4801 1387 4855 si
1417 4799 1614 4854 malum
1641 4809 1744 4866 est,
1771 4816 1840 4856 ne
1866 4816 1955 4856 se-

366 4897 471 4953 mel
501 4893 714 4964 quidem
750 4892 872 4958 llat;
915 4893 960 4947 si
1008 4892 1232 4954 bonum,
1274 4904 1489 4959 semper
1521 4888 1633 4946 fiat.
1676 4890 1773 4946 Dic
1811 4891 1953 4947 enim

368 4987 523 5053 mihi,
553 4985 832 5041 fornicatio
854 4998 1030 5039 nonne
1053 4983 1190 5038 mala
1218 4990 1302 5039 est
1319 4983 1343 5036 ?
1362 4997 1431 5037 an
1457 4997 1584 5052 ergo
1600 4983 1958 5041 concedemus

368 5082 513 5134 illam
541 5078 628 5133 vel
662 5076 833 5133 semel
864 5074 1145 5130 exerceri?
1170 5073 1541 5145 Nequaquam.
1569 5073 1791 5141 Quare?
1821 5075 1955 5143 Quia

369 5171 583 5226 etiamsi
611 5170 777 5225 semel
808 5178 1011 5223 tantum
1041 5166 1151 5230 fiat,
1201 5167 1335 5220 mala
1363 5175 1544 5222 tamen
1572 5175 1674 5223 est.
1706 5167 1889 5238 Itaque
1910 5168 1957 5222 si

374 5276 567 5317 novam
596 5275 845 5331 sponsam
885 5259 964 5314 sic
1007 5258 1266 5313 obiectari
1305 5259 1501 5313 malum
1530 5268 1644 5326 est,
1685 5275 1754 5316 ne
1790 5260 1959 5317 semel

374 5355 590 5427 quidem
619 5353 744 5419 flat;
779 5353 823 5406 si
851 5352 1048 5406 bonum
1076 5359 1179 5415 est,
1209 5364 1422 5420 semper
1442 5350 1555 5405 fiat.

449 5448 504 5502 6.
544 5444 855 5515 Nuptiarum
894 5444 1021 5496 ritus
1065 5440 1361 5495 describitur
1389 5450 1433 5494 et
1458 5441 1961 5512 damnatur.—Quid

378 5537 559 5608 igitur,
589 5550 772 5607 quaeso
798 5544 880 5599 te,
913 5533 1141 5604 inquies,
1170 5533 1454 5602 nuptiasne
1483 5533 1737 5587 incusas?
1763 5535 1917 5591 Absit
1944 5551 1957 5589 :

383 5646 488 5688 non
519 5631 588 5686 ita
617 5629 825 5684 insanio
843 5670 858 5696 ,
886 5628 979 5683 sed
1006 5641 1069 5683 ea
1095 5642 1214 5698 quae
1253 5627 1305 5682 in
1338 5625 1547 5698 nuptias
1576 5627 1795 5684 advecta
1817 5636 1961 5695 sunt,

384 5725 644 5795 pigmenta
665 5764 681 5793 ,
714 5721 890 5777 fucum
914 5728 968 5777 et
1004 5717 1272 5791 superflua
1314 5719 1418 5776 alia
1456 5719 1692 5791 ejusdem
1726 5720 1959 5792 generis.

1002 270 1058 326 S.
1097 262 1376 324 JOANNIS
1411 250 1883 318 CHRYSOSTOMI
1925 248 2247 307 AllClllEP.
2286 247 2819 307 CONSTANTINOP.
2916 236 2924 256 ’

3480 251 3586 308 104

1999 366 2133 421 Nam
2176 368 2254 424 sic
2296 369 2498 424 multos
2539 367 2607 423 ab
2644 368 2739 423 illo
2767 367 2856 424 die
2879 366 3111 424 attrahet
3151 375 3459 433 amatores,
3492 382 3593 423 an-

2001 467 2215 531 tequam
2245 475 2367 515 cum
2416 474 2616 530 sponso
2642 468 2816 516 coeat.
2846 458 2952 516 Sed
2983 459 3136 514 multi
3174 460 3416 515 mulieris
3458 474 3588 529 spc-

2001 551 2137 606 ciem
2161 552 2516 607 mirabuntur.
2545 553 2613 607 Et
2630 551 2757 622 quid
2781 554 2931 607 tum?
2954 552 3178 607 Etiamsi
3204 561 3349 607 casta
3388 552 3584 620 fuerit,

2002 644 2091 699 vix
2132 643 2350 715 effugiet
2376 645 2568 700 malam
2614 645 3014 715 suspicionem;
3056 645 3140 700 sin
3169 647 3442 716 negligens
3471 645 3595 702 fue-

2001 736 2105 802 rit,
2132 736 2239 792 cito
2262 739 2534 807 capietur,
2562 747 2782 807 accepta
2820 737 2887 792 ab
2915 737 3005 791 illo
3033 737 3120 792 die
3152 738 3388 794 libidinis
3425 754 3590 795 occa-

2004 829 2175 881 sione.
2217 830 2463 882 Attamen
2500 843 2620 884 cunt
2664 837 2808 883 tanta
2850 828 2975 883 hinc
3034 829 3172 884 mala
3216 826 3494 897 oriantur;
3539 832 3592 889 si

2004 918 2219 987 quando
2257 918 2338 973 his
2357 916 2716 986 abstineatur,
2731 920 3116 975 contumeliam
3153 936 3267 976 rem
3298 922 3453 978 istam
3491 939 3599 978 vo-

2005 1020 2129 1065 cant
2158 1012 2261 1077 illi,
2293 1012 2383 1081 qui
2413 1010 2695 1080 pecoribus
2736 1026 2843 1065 non
2873 1012 3123 1068 meliores
3151 1022 3309 1082 sunt,
3349 1024 3405 1069 et
3442 1014 3592 1071 indi-

2007 1118 2162 1173 gnam
2195 1118 2307 1157 rem
2357 1110 2576 1173 putant,
2605 1104 2651 1158 si
2678 1102 2871 1159 mulier
2913 1104 3001 1158 illa
3026 1105 3208 1160 multis
3236 1122 3339 1159 non
3388 1106 3593 1175 produ-

2008 1205 2160 1248 catur
2188 1209 2361 1264 neque
2385 1209 2671 1250 commune
2691 1194 2955 1251 theatrum
2980 1197 3343 1266 spectantibus
3364 1209 3591 1269 prostet.

2011 1286 2168 1354 Atqui
2207 1286 2444 1355 oportuit
2488 1287 2798 1342 existimare
2844 1329 2863 1356 ,
2934 1292 3023 1350 illa
3073 1300 3329 1347 consueta
3381 1302 3592 1348 contu—

2012 1377 2260 1441 meliam,
2314 1378 2483 1433 risum
2527 1387 2583 1433 et
2631 1380 2949 1435 commdiam
3002 1378 3219 1436 inferre.
3265 1381 3398 1436 Nam
3448 1397 3597 1437 nunc

2012 1482 2223 1537 quoque
2248 1468 2360 1522 scio
2388 1467 2503 1524 fore
2527 1478 2586 1524 ut
2614 1469 2764 1524 multi
2789 1484 2885 1525 nos
2908 1479 2967 1525 ut
2984 1471 3177 1525 stultos
3195 1479 3248 1526 et
3270 1473 3379 1527 risu
3402 1472 3599 1543 dignos

2016 1560 2320 1630 improbent
2366 1578 2380 1615 :
2419 1561 2515 1616 sed
2565 1561 2780 1616 irrideri
2828 1563 3035 1631 patiar,
3068 1561 3194 1616 dum
3244 1564 3367 1622 hinc
3395 1564 3600 1635 aliquid

2013 1652 2147 1707 lucri
2196 1652 2477 1708 referatur.
2534 1654 2745 1708 Etenim
2816 1654 3071 1710 ridiculus
3112 1672 3321 1725 essem,
3368 1659 3413 1713 si
3468 1659 3601 1712 dum

2015 1742 2203 1798 hortor
2245 1755 2299 1798 ut
2328 1744 2472 1815 vulgi
2510 1743 2683 1814 gloria
2739 1745 3101 1816 despiciatur,
3127 1750 3241 1817 ipse
3281 1757 3409 1804 ante
3460 1750 3603 1805 alios

2017 1836 2120 1890 hoc
2176 1837 2367 1891 morbo
2406 1851 2648 1906 caperer.
2696 1837 2827 1893 Vide
2875 1855 2993 1909 qua:
3034 1840 3156 1895 hinc
3209 1840 3459 1912 deinceps
3509 1858 3604 1897 se-

2017 1938 2249 1999 quantur
2293 1944 2445 1983 :non
2476 1930 2649 1985 solum
2699 1930 2932 1986 interdiu
2958 1972 2973 1995 ,
3019 1932 3113 1988 sed
3162 1934 3324 1988 etiam
3369 1950 3603 2006 vespere

2019 2021 2163 2077 viros
2189 2021 2368 2077 ebrios
2390 2031 2444 2078 et
2483 2023 2693 2080 deliciis
2721 2024 2968 2080 incensos
2986 2066 3002 2091 ,
3029 2026 3120 2097 qui
3145 2026 3211 2081 ad
3240 2026 3465 2083 formam
3488 2032 3606 2085 vir-

2019 2114 2158 2184 ginei
2205 2115 2380 2170 vultus
2424 2115 2861 2185 conspiciendam
2910 2131 3033 2172 sese
3080 2129 3360 2188 apparant.
3417 2121 3609 2192 Neque

2021 2206 2166 2263 domi
2198 2215 2400 2263 tantum
2423 2250 2440 2275 ,
2468 2207 2565 2263 sed
2588 2208 2748 2264 etiam
2780 2224 2876 2279 per
2898 2209 3075 2265 forum
3100 2210 3167 2266 ad
3191 2213 3609 2270 ostentationem

2022 2299 2311 2366 incedunt,
2339 2316 2464 2356 cum
2492 2301 2726 2357 lucernis
2751 2301 2896 2358 illam
2928 2319 3141 2360 summo
3163 2320 3385 2376 vespere
3418 2308 3613 2363 tradu-

2024 2401 2241 2458 centes,
2272 2400 2332 2447 ut
2373 2407 2402 2446 a
2444 2392 2650 2448 cunctis
2686 2394 3081 2464 conspiciatur,
3121 2397 3252 2451 nihil
3293 2398 3432 2453 aliud
3478 2399 3611 2456 hinc

2026 2480 2348 2548 suadentes,
2379 2498 2537 2549 quam
2571 2492 2630 2537 ut
2662 2499 2878 2539 omnem
2922 2486 3012 2540 illa
3059 2487 3316 2557 pudorem
3351 2488 3613 2562 deinceps

2028 2581 2209 2643 ponat.
2255 2572 2437 2644 Neque
2465 2574 2552 2630 hic
2573 2575 2796 2646 gradum
2825 2576 3053 2644 sistunt,
3085 2578 3179 2635 sed
3218 2596 3338 2635 cum
3366 2584 3616 2653 turpibus

2027 2665 2208 2721 verbis
2235 2665 2379 2721 illam
2405 2666 2605 2723 ducunt
2634 2685 2648 2720 :
2673 2676 2729 2723 et
2751 2667 2856 2723 hoc
2880 2684 3093 2741 quoque
3123 2672 3175 2727 in
3206 2672 3377 2744 legem
3401 2677 3619 2734 transiit

2030 2761 2170 2831 apud
2198 2759 2414 2814 multos.
2442 2760 2513 2816 Et
2536 2760 2775 2831 fugitivi,
2805 2762 3131 2820 verberones
3158 2765 3458 2835 innumeri,
3487 2786 3619 2840 per-

2032 2852 2220 2908 niciosi
2264 2852 2511 2909 homines
2532 2869 2655 2910 cum
2685 2854 2898 2911 licentia
2923 2855 3142 2913 demum
3166 2860 3341 2915 omnia
3366 2878 3460 2932 pro
3490 2863 3620 2919 libi-

2033 2942 2160 2999 dine
2183 2944 2480 3014 proferunt,
2504 2946 2618 3002 sive
2646 2946 2699 3001 in
2722 2946 2861 3002 illam
2889 2947 3007 3004 sive
3031 2948 3083 3005 in
3110 2965 3361 3021 sponsum
3383 2969 3501 3009 cum
3524 2956 3620 3011 illa

2037 3036 2430 3105 habitatorum;
2471 3046 2528 3093 et
2571 3038 2703 3093 nihil
2735 3040 3020 3095 honestum
3044 3082 3059 3107 ,
3090 3042 3185 3097 sed
3218 3045 3388 3114 turpia
3434 3049 3622 3105 omnia

2035 3141 2090 3186 et
2130 3130 2481 3188 obscoenitate
2525 3132 2700 3203 plena.
2730 3132 2921 3187 Annon
2952 3134 3171 3204 probam
3198 3138 3455 3193 castitatis
3482 3141 3623 3196 doe-

2038 3221 2231 3277 trinam
2258 3222 2516 3294 percipiet
2540 3237 2759 3295 sponsa,
2792 3224 2920 3279 talia
2953 3223 3159 3291 videns,
3195 3227 3318 3281 talia
3349 3229 3571 3285 audiens
3592 3232 3623 3287 ?

2038 3313 2107 3368 Et
2132 3323 2406 3370 certamen
2441 3314 2708 3385 quoddam
2740 3324 2823 3369 est
2846 3315 3165 3371 diabolicum
3191 3319 3328 3374 inter
3358 3336 3480 3389 eos,
3526 3325 3622 3393 qui

2038 3404 2105 3459 ad
2133 3405 2254 3460 talia
2277 3406 2648 3474 cohortantur,
2682 3416 2739 3462 ut
2763 3408 2853 3462 alii
2881 3408 3016 3463 alios
3045 3422 3301 3480 superent
3321 3416 3627 3483 opprobriis

2039 3510 2095 3554 et
2115 3501 2337 3571 impuris
2366 3501 2553 3567 dictis,
2578 3502 2731 3573 queis
2759 3513 3050 3573 prmsentes
3078 3503 3365 3577 deturpant
3390 3524 3404 3560 :
3436 3507 3627 3580 illique

2041 3594 2274 3649 victores
2305 3595 2607 3662 discedunt,
2649 3598 2736 3667 qui
2770 3598 2963 3668 probra
2995 3608 3049 3653 et
3075 3600 3244 3669 magis
3271 3601 3442 3672 turpia
3480 3602 3629 3660 dicta

2043 3688 2340 3758 projecere.
2385 3688 2521 3744 Novi
2549 3690 2765 3760 quidem
2809 3705 2895 3744 tne
2924 3692 3231 3760 molestum,
3262 3706 3548 3749 onerosum
3569 3705 3631 3751 et

2046 3778 2409 3849 importunum
2431 3796 2571 3849 esse,
2595 3783 2686 3852 qui
2713 3782 2836 3838 vita:
2870 3783 3196 3854 voluptatem
3226 3787 3503 3856 quamdam
3531 3788 3632 3843 ab-

2046 3872 2309 3930 scindam.
2342 3872 2466 3929 ldeo
2492 3874 2680 3937 doleo,
2712 3875 2855 3944 quod
2880 3889 2968 3929 res
2996 3884 3103 3929 tam
3136 3876 3356 3947 ingratae
3382 3879 3632 3949 voluptas

2048 3978 2167 4019 esse
2196 3973 2467 4035 putentur.
2497 3964 2777 4032 Quomodo
2802 4006 2816 4032 ,
2841 3980 3024 4035 quaeso
3045 4007 3059 4030 ,
3088 3981 3196 4021 non
3221 3968 3481 4036 ingratum
3511 3970 3634 4026 fue-

2049 4058 2138 4124 rit,
2165 4057 2501 4113 contumeliis
2528 4066 2583 4114 et
2626 4058 2833 4129 probris
2858 4059 3017 4125 affici,
3046 4068 3101 4113 et
3126 4059 3196 4115 ab
3232 4061 3477 4116 omnibus
3500 4078 3627 4117 cum

2050 4164 2244 4220 sponsa
2270 4149 2534 4205 dedecore
2571 4159 2626 4205 et
2650 4150 2936 4221 ignominia
2968 4151 3184 4205 notari?
3210 4151 3272 4205 Et
3298 4152 3343 4206 si
3370 4152 3634 4222 quispiam

2051 4256 2118 4297 ex
2165 4240 2282 4296 foro
2322 4241 2534 4311 conjugi
2567 4250 2671 4296 tute
2714 4241 3084 4307 maledixerit,
3126 4242 3403 4298 innumera
3446 4258 3637 4299 moves

2052 4332 2301 4401 negotia,
2350 4341 2405 4387 et
2441 4346 2548 4388 non
2591 4331 2807 4386 vitalem
2851 4346 2972 4388 esse
3020 4332 3180 4387 vitam
3223 4333 3526 4399 existimas;
3577 4344 3638 4391 et

2054 4425 2267 4480 civitate
2296 4434 2405 4480 tota
2437 4433 2702 4495 praesente
2738 4425 2865 4479 dum
2906 4426 3134 4497 turpiter
3161 4427 3273 4498 agis
3296 4442 3414 4482 cum
3458 4427 3637 4484 futura

2054 4515 2280 4585 conjuge
2302 4556 2316 4581 ,
2348 4515 2548 4586 gaudes
2574 4524 2630 4570 et
2657 4524 2712 4571 te
2738 4518 3015 4571 ostentas?
3041 4526 3095 4572 et
3119 4527 3329 4587 quantae
3367 4518 3481 4573 haec
3508 4528 3639 4575 sunt

2057 4608 2316 4663 insaniat?
2340 4609 2448 4676 At,
2476 4609 2686 4679 inquies
2706 4651 2720 4675 ,
2750 4609 2866 4664 haec
2890 4626 2954 4665 ex
2976 4610 3358 4666 consuetudine
3384 4609 3535 4666 ﬁunt.
3568 4612 3640 4668 Et

2059 4701 2180 4756 idco
2200 4702 2430 4756 maxime
2457 4700 2742 4772 lugendum
2762 4742 2778 4767 ,
2810 4702 2953 4772 quod
2979 4716 3092 4757 rem
3118 4702 3169 4756 in
3197 4702 3638 4759 consuetudinem

2058 4792 2382 4848 concluserit
2412 4793 2676 4849 diabolus.
2710 4794 2843 4862 Quia
2874 4794 3016 4848 enim
3046 4796 3244 4864 nuptiae
3272 4811 3358 4851 res
3386 4806 3510 4852 sunt
3541 4797 3641 4853 ho-

2060 4883 2353 4949 norabilis,
2385 4899 2504 4954 quae
2546 4901 2712 4953 genus
2744 4894 2986 4941 nostrum
3013 4896 3292 4941 conservet
3318 4896 3371 4941 et
3408 4898 3643 4959 augeat,

2062 4985 2117 5031 et
2142 4976 2429 5030 multorum
2460 4977 2530 5030 sit
2553 4990 2714 5032 causa
2741 4976 3002 5032 bonorum
3022 5019 3036 5044 ,
3066 4976 3252 5033 dolore
3280 4978 3499 5034 affectus
3526 4996 3645 5034 ma-

2064 5067 2238 5139 lignus
2266 5068 2377 5133 ille,
2408 5076 2463 5123 et
2486 5068 2660 5124 sciens
2690 5069 2822 5123 illud
2850 5071 3300 5141 propugnaculum
3322 5087 3442 5127 esse
3457 5085 3645 5129 contra

2048 5158 2503 5227 fornicationem,
2549 5160 2656 5215 alio
2687 5160 2776 5215 ille
2803 5161 2963 5216 modo
2992 5177 3207 5218 omnem
3234 5163 3647 5223 fornicationem

2067 5250 2289 5306 inducit.
2320 5250 2376 5305 ln
2401 5250 2593 5307 talibus
2617 5252 2759 5308 enim
2782 5253 3009 5309 canibus
3029 5255 3209 5309 multa:
3226 5254 3460 5325 virgines
3483 5255 3654 5311 dede-

2067 5359 2195 5399 core
2238 5352 2363 5399 sunt
2403 5343 2626 5400 affectae.
2657 5344 2808 5411 Quod
2841 5345 2887 5400 si
2928 5362 3035 5401 non
3064 5362 3304 5417 semper,
3342 5358 3398 5402 at
3435 5349 3651 5404 interim

2068 5436 2202 5491 satis
2230 5446 2310 5492 est
2340 5437 2599 5505 daemoni,
2629 5438 2771 5507 quod
2803 5438 2891 5493 illa
2920 5438 3082 5494 verba
3112 5449 3163 5493 et
3185 5439 3423 5509 improba
3442 5442 3653 5496 cantica

2071 5540 2125 5585 et
2150 5544 2401 5599 sponsam
2431 5529 2785 5594 traduxerim,
2814 5541 2870 5586 et
2896 5545 3155 5602 sponsum
3181 5547 3302 5586 cum
3331 5548 3519 5603 pompa
3552 5549 3655 5603 per

2073 5623 2247 5704 forum
2288 5622 2700 5678 transmiserint.
2754 5623 2954 5680 Deinde
2996 5625 3118 5695 quia
3168 5624 3282 5680 hzcc
3330 5626 3382 5679 in
3429 5638 3656 5694 vespera

2076 5716 2250 5786 fiunt,
2278 5732 2347 5774 ne
2392 5719 2627 5775 tenebrae
2678 5717 2943 5775 malorum
2984 5717 3239 5776 horumce
3286 5719 3461 5774 velum
3507 5715 3658 5781 sint,
