3838 6214
225 296 318 354 Ιῦ5

222 450 443 503 lucerna
472 440 802 497 inducuntur
831 434 1041 499 multa,
1071 446 1190 503 qua
1222 428 1609 500 turpitudinem
1632 426 1799 481 latere

219 553 319 594 non
370 534 572 592 sinunt.
619 528 758 599 Quitl
806 527 951 583 enim
989 524 1090 580 sibi
1132 522 1248 577 vult
1297 521 1463 576 multa
1492 520 1580 573 illa
1610 519 1803 573 turba?

219 628 337 701 quid
377 623 648 682 ebrietas?
696 619 824 692 quid
863 614 1094 672 listula?
1123 628 1303 669 nonne
1337 612 1512 682 palam
1553 618 1634 666 est
1685 608 1803 665 hac

168 710 183 751 ἶ
219 718 500 785 adhiberi,
548 724 608 771 ut
659 729 727 769 ne
775 712 810 767 ii
848 708 1104 782 quidem,
1134 705 1223 777 qui
1270 706 1321 759 in
1367 703 1612 758 domibus
1639 709 1799 767 sunt,

176 866 184 878 ,
220 815 362 887 gravi
388 824 580 868 somno
604 806 786 863 obruti
815 804 928 858 hac
957 801 1223 872 ignorent,
1254 797 1348 853 sed
1378 811 1407 850 a
1437 796 1626 850 fistulis
1654 794 1801 849 exei-

172 906 181 937 '~
222 905 312 961 tati
353 912 408 959 et
434 912 668 972 superne
697 912 765 952 ex
794 892 1050 950 cancellis
1082 905 1202 946 sese
1238 888 1594 952 inclinantes,
1639 894 1804 940 testes

220 997 322 1051 sint
350 994 491 1048 illius
515 986 835 1045 comadia?
860 983 999 1053 Quid
1025 982 1226 1036 dixeris
1255 980 1323 1035 de
1370 979 1499 1047 ipsis
1543 976 1765 1031 canticis
1783 1016 1800 1042 ,

224 1102 340 1159 qua
382 1083 526 1139 omni
554 1081 715 1152 plena
755 1085 879 1132 sunt
904 1072 1267 1143 impudicitia,
1299 1084 1523 1140 quasque
1545 1065 1804 1121 abSnrdus

223 1192 433 1233 amores
451 1215 467 1241 ,
495 1172 799 1242 illegitimos
825 1165 1162 1229 concubitus,
1190 1163 1472 1217 domorum
1499 1160 1805 1215 eversiones

223 1281 275 1327 et
301 1270 607 1323 innumeras
630 1262 887 1318 inducunt
906 1257 1217 1329 tragadias,
1249 1265 1304 1310 et
1331 1269 1473 1325 saepe
1499 1268 1692 1306 nomen
1719 1252 1803 1307 di.-

222 1358 343 1417 lecti
384 1367 439 1414 et
467 1354 696 1410 amantis
724 1352 959 1418 habent,
988 1362 1292 1417 nomenque
1318 1345 1527 1400 dilecta:
1556 1355 1610 1397 et
1658 1358 1806 1397 anta-

220 1452 314 1507 sia
333 1450 361 1505 ?
395 1447 657 1518 Quodque
682 1443 898 1516 gravius
927 1450 1029 1505 est,
1069 1438 1152 1492 his
1180 1437 1376 1493 adsunt
1405 1435 1662 1505 virgines,
1686 1446 1805 1503 qua

220 1556 435 1599 omnem
464 1545 728 1595 exuerunt
758 1533 1034 1605 pudorem,
1065 1529 1119 1584 in
1147 1528 1405 1583 honorem
1431 1540 1667 1597 sponsa,
1697 1525 1805 1577 imo

223 1636 279 1692 in
296 1628 714 1694 contumeliam;
743 1636 797 1682 et
820 1626 1051 1682 salutem
1080 1634 1236 1677 suam
1256 1618 1521 1689 produnt,
1549 1617 1798 1686 interque

218 1725 453 1797 juvenes
500 1720 758 1778 indecore
796 1732 857 1774 se
902 1719 1135 1787 gerunt,
1184 1709 1385 1778 ineptis
1430 1706 1718 1763 cantilenis
1745 1712 1801 1760 et

222 1816 414 1873 verbis
429 1810 677 1884 turpibus
696 1822 819 1864 cum
839 1805 1083 1864 satanica
1104 1800 1423 1874 symphonia
1442 1805 1674 1853 utentes.
1695 1797 1803 1851 Ad--

217 1904 420 1968 hucne,
452 1914 654 1971 quaso,
705 1896 1001 1965 interrogas
1030 1893 1296 1948 undenam
1340 1889 1598 1945 adulteria
1616 1889 1638 1940 ’ἒ
1667 1886 1807 1942 unde

215 1990 635 2049 fornicationes?
661 1988 802 2043 unde
830 1986 1136 2057 nuptiarum
1166 1981 1537 2050 curruptiones
1557 1980 1581 2032 ?
1604 1980 1673 2034 At
1700 1994 1805 2033 non

215 2087 466 2157 ingenua
491 2092 546 2138 et
569 2082 843 2143 honesta,
873 2075 1119 2146 inquies,
1151 2074 1252 2128 hoc
1278 2073 1497 2128 faciunt.
1530 2069 1639 2125 Cur
1678 2084 1807 2139 ergo

211 2190 307 2231 me
355 2173 578 2237 irrides,
623 2185 744 2225 cum
789 2167 903 2237 ipse
935 2168 1071 2221 hanc
1116 2164 1286 2234 legem
1327 2171 1452 2219 ante
1496 2177 1582 2217 me
1629 2160 1808 2216 scias?

209 2269 353 2325 Nam
398 2267 442 2321 si
471 2266 608 2319 bona
648 2270 774 2317 sunt
817 2261 905 2315 illa
930 2300 948 2327 ,
990 2257 1107 2313 sine
1148 2255 1269 2310 illas
1307 2269 1519 2326 quoque
1544 2253 1596 2308 id
1624 2268 1805 2324 agere.

209 2362 356 2418 Num
400 2358 522 2429 quia
549 2356 653 2411 ill-.e
680 2355 732 2409 in
761 2358 1078 2424 paupertate
1110 2347 1342 2402 vivunt?
1371 2361 1549 2401 nonne
1591 2355 1644 2401 et
1674 2345 1807 2414 ipsa

207 2453 453 2524 virgines
478 2456 634 2516 sunt,
664 2446 887 2516 illasque
912 2441 1177 2498 castitatis
1202 2454 1383 2496 curam
1414 2439 1614 2494 habere
1640 2453 1806 2508 opor-

206 2543 331 2601 tet?
361 2541 513 2597 Nunc
553 2546 733 2593 autem
751 2534 875 2590 dum
897 2532 1060 2589 saltat
1085 2532 1234 2601 virgo
1275 2529 1327 2584 in
1352 2529 1624 2584 communi
1649 2528 1805 2583 thea-

206 2648 296 2693 tro
318 2631 710 2703 impudicorum
734 2628 1011 2697 juvenum,
1033 2638 1233 2691 annon,
1252 2636 1454 2693 quaso,
1472 2620 1684 2677 videtur
1711 2620 1807 2676 tibi

203 2731 295 2786 vel
325 2724 612 2783 meretrice
647 2718 1020 2778 inhonestior?
1046 2716 1201 2786 Quod
1245 2717 1291 2774 si
1330 2715 1536 2772 dixeris
1579 2715 1808 2771 ancillas

205 2823 263 2879 id
294 2820 483 2877 facere
500 2860 519 2887 ,
543 2829 718 2887 neque
744 2812 823 2870 sic
847 2813 1009 2868 finem
1035 2809 1174 2866 facio
1202 2820 1254 2866 te
1281 2809 1609 2866 accusandi:
1635 2824 1810 2881 neque

203 2915 362 2971 enim
392 2912 505 2967 illis
521 2908 573 2964 id
603 2904 886 2978 oportebat
910 2902 1169 2975 permitti.

282 3006 343 3059 7.
375 3001 569 3059 Omnia
596 2998 739 3055 enim
770 2995 897 3050 hinc
922 2992 1063 3049 mala
1103 2993 1370 3057 oriuntur,
1400 2990 1542 3061 quod
1596 2989 1810 3045 familia

201 3097 424 3154 nullam
462 3090 755 3146 habeamus
797 3086 1107 3151 rationem;
1138 3082 1231 3139 sed
1258 3082 1325 3137 ad
1371 3098 1486 3137 rem
1513 3080 1811 3151 despicien-

200 3191 340 3247 dam
389 3184 523 3241 satis
561 3190 645 3239 est
697 3179 911 3239 dicere.
955 3176 1155 3233 Servus
1200 3183 1318 3239 est,
1372 3173 1585 3229 ancilla
1615 3182 1743 3228 sunt
1786 3188 1801 3225 :

197 3278 431 3340 etiamsi
458 3272 696 3348 quotidie
716 3270 935 3327 audiant
968 3290 982 3326 :
1010 3266 1077 3322 1η
1103 3266 1305 3322 Christo
1330 3264 1458 3320 Jesu
1486 3282 1588 3319 non
1609 3281 1806 3329 servus,

198 3392 313 3431 non
345 3373 475 3429 liber
505 3376 579 3424 est
633 3364 776 3436 (Gal.
818 3365 874 3420 5.
920 3361 1036 3433 28).
1068 3361 1149 3416 Tu
1178 3374 1307 3414 vero
1345 3373 1542 3429 equum
1593 3358 1810 3428 quidem

197 3481 320 3521 non
367 3459 604 3530 despicis
630 3472 731 3513 nec
758 3456 969 3511 asinum
997 3493 1014 3518 ,
1065 3451 1159 3506 sed
1202 3449 1337 3505 nihil
1367 3464 1474 3505 non
1500 3449 1615 3519 agis
1658 3457 1719 3503 ιιι
1745 3463 1812 3504 ne

195 3554 397 3611 vitiosi
439 3551 609 3614 fiant;
652 3559 837 3604 servos
884 3551 1062 3599 autem
1108 3540 1342 3612 despicis
1383 3538 1570 3595 eadem
1602 3555 1704 3610 qua
1757 3548 1811 3592 tu

193 3644 478 3719 pra-ditus
503 3638 726 3696 anima?
755 3635 821 3692 Et
847 3633 974 3706 qui‘d
1003 3632 1125 3688 dico
1147 3644 1355 3698 servos,
1384 3630 1600 3701 quando
1649 3629 1812 3684 etiam

192 3749 257 3795 et
308 3737 459 3791 filios
486 3742 542 3788 et
569 3730 748 3786 tilias?
776 3726 916 3796 Quid
968 3739 1100 3781 vero
1146 3721 1377 3794 postea?
1404 3720 1641 3777 Necesse
1687 3731 1771 3775 est
1794 3760 1811 3784 ,

192 3840 264 3888 ut
289 3828 461 3885 dolor
487 3823 667 3881 statim
699 3822 910 3887 subeat,
940 3832 1063 3875 cum
1092 3816 1169 3871 illi
1200 3830 1387 3871 omnes
1416 3829 1629 3885 pessum
1652 3822 1819 3879 eaut;

190 3935 365 3991 sape
415 3926 592 3973 autem
647 3911 941 3969 maximum
990 3923 1202 3980 quoque
1244 3907 1539 3973 damnum,
1590 3920 1714 3960 cum
1758 3904 1817 3959 in

192 4013 380 4072 turba
412 4017 469 4064 et
512 4005 743 4063 tumultu
788 4003 957 4059 multa
978 4015 1145 4056 aurea
1173 4000 1402 4070 pretiosa
1433 4004 1675 4068 pereant.
1708 3996 1811 4052 De-

188 4107 344 4164 inde
396 4109 520 4174 post
565 4098 781 4170 nuptias
828 4096 875 4151 si
916 4102 1076 4149 natus
1121 4090 1285 4147 fuerit
1327 4088 1535 4156 infans,
1564 4088 1811 4145 eamdem

189 4197 529 4255 videbimus
576 4188 872 4246 amentiam
912 4194 968 4242 et
1014 4185 1180 4239 multa
1226 4181 1472 4255 symbola
1495 4182 1605 4237 risu
1633 4181 1810 4252 plena.

188 4294 353 4350 Nam
404 4302 530 4346 cum
572 4283 764 4340 infanti
792 4294 989 4337 nomen
1018 4279 1297 4349 imponere
1326 4275 1657 4345 oportuerit,
1705 4291 1812 4329 non

187 4392 535 4443 sanctorum
562 4375 780 4433 nomine
812 4370 1124 4444 appellant,
1155 4376 1214 4422 ut
1256 4375 1468 4422 veteres
1494 4366 1620 4420 olim
1650 4364 1813 4421 facie-

188 4480 385 4543 bant;
416 4471 513 4528 sed
557 4467 798 4525 accensis
842 4462 1076 4520 lucernis
1109 4459 1303 4532 quibus
1331 4458 1549 4512 nomina
1580 4457 1811 4523 indunt,

190 4578 349 4627 nato
378 4576 579 4620 nomen
605 4557 795 4614 indunt
820 4555 958 4625 ejus,
987 4567 1106 4625 qua
1133 4550 1335 4607 diutius
1363 4549 1536 4605 lucem
1566 4548 1812 4616 dederit;

188 4664 348 4719 hinc
378 4654 733 4726 conjicientes
754 4650 987 4705 futurum
1013 4654 1071 4702 ut
1095 4644 1191 4701 diu
1217 4644 1382 4699 vivat.
1414 4641 1617 4697 Deinde
1643 4642 1690 4696 si
1718 4642 1817 4696 im-

189 4761 496 4809 maturum
521 4750 695 4801 morte
722 4737 921 4810 corripi
946 4734 1265 4807 contigerit,
1309 4741 1370 4788 ut
1408 4746 1552 4803 sape
1581 4731 1774 4788 accidit
1798 4772 1815 4799 ,

186 4845 433 4905 multus
475 4846 731 4908 sequetur
750 4831 951 4890 diaboli
982 4830 1142 4897 risus,
1174 4825 1317 4899 quod
1347 4824 1470 4881 illos
1498 4840 1595 4880 ceu
1624 4826 1817 4880 stultus

190 4950 430 5014 pueros
453 4927 833 4989 ludiﬁcaverit.

302 5026 596 5100 Ligatm'na
652 5031 701 5079 et
762 5018 1074 5091 crepitacula
1142 5012 1496 5086 superstitiosa
1520 5053 1536 5078 ,
1608 5012 1821 5080 aliaeque

188 5111 886 5195 superstitionem—Quid
933 5107 1133 5165 dixeris
1179 5105 1247 5162 de
1276 5104 1619 5176 ligaminibus
1658 5112 1713 5157 et
1756 5101 1824 5158 de

186 5194 574 5282 crepitaculis
601 5203 785 5261 manui
809 5200 1062 5274 appensis
1088 5207 1144 5255 et
1170 5196 1242 5253 de
1267 5197 1497 5252 stamine
1521 5194 1776 5250 coccineo
1804 5234 1820 5259 ,

189 5308 411 5376 deque
430 5301 551 5357 aliis
571 5297 757 5355 multis
781 5293 988 5350 insania
1016 5291 1187 5363 plenis
1208 5306 1223 5356 ;
1248 5305 1368 5344 cum
1391 5296 1665 5358 oporteret
1692 5286 1823 5340 nihil

188 5394 379 5455 aliud
412 5406 579 5464 puero
619 5390 1027 5457 circumponere
1045 5424 1061 5451 ,
1090 5398 1249 5456 quam
1278 5381 1453 5436 crucis
1478 5378 1824 5435 custodiam?

186 5490 391 5547 Nunc
416 5494 596 5539 autem
624 5480 714 5536 hic
756 5476 973 5550 quidem
1009 5472 1291 5546 despectui
1331 5480 1415 5528 est
1442 5471 1685 5536 habitus,
1732 5469 1829 5541 qui

187 5578 506 5642 convertit
534 5584 703 5631 totum
732 5571 918 5627 orbem
945 5578 1208 5624 terrarum
1229 5606 1245 5633 ,
1276 5573 1326 5619 et
1365 5578 1580 5633 gravem
1612 5561 1829 5616 diabolo

196 5678 453 5748 plagam
508 5668 707 5725 inﬂixit
736 5674 1008 5733 totamque
1035 5661 1152 5731 ejus
1195 5658 1487 5748 potentiam
1529 5654 1830 5748 subvertit:

194 5745 567 5835 subtcgtncn
603 5767 781 5815 autent
811 5765 867 5812 et
908 5763 1116 5811 stamen
1155 5749 1370 5821 aliaque
1399 5746 1647 5819 ligamina
1676 5745 1824 5802 simi-

1312 275 1375 332 ΙΝ
1414 272 1630 330 EPIST.
1672 273 1692 329 ι
1754 272 1845 327 AD
1879 271 2038 328 (ΞΟΠ.
2078 273 2304 333 llOMlL.
2350 280 2461 337 XII.

3393 300 3489 356 196

1921 387 2018 456 lia,
2066 406 2127 445 ea
2158 402 2283 449 sunt
2319 397 2474 466 queis
2515 399 2752 457 creditur
2791 406 2941 473 pueri
2996 411 3176 467 tutela.
3235 413 3489 476 Dicanme

1907 480 2049 535 aliud
2075 483 2243 554 magis
2267 486 2587 544 ridiculum?
2612 490 2717 547 Sed
2746 509 2904 549 nemo
2946 513 3045 555 nos
3072 501 3491 573 importunitatis

1905 582 2149 668 accuset,
2178 576 2223 630 si
2262 591 2501 651 eousque
2526 583 2778 652 procedat
2807 588 2997 645 oratio.
3032 589 3161 648 Nam
3191 596 3281 666 qui
3309 607 3465 668 putre

1907 659 2085 717 dinem
2120 667 2229 720 vult
2264 670 2577 738 emundare,
2610 689 2717 730 non
2748 679 3015 736 recusabit
3042 682 3190 751 prius
3206 659 3510 758 inquinare‘

1910 770 2099 810 manus
2138 772 2281 813 suas.
2312 761 2572 827 Quidnam
2604 781 2732 839 ergo
2756 780 2838 825 est
2862 770 2964 827 hoc
2989 774 3309 833 ridiculum?
3338 780 3494 847 Qum.

1908 847 2122 917 quidem
2163 851 2294 907 nihil
2318 868 2441 911 esse
2483 858 2728 926 videtur,
2757 863 2987 937 ideoque
3008 869 3339 940 ingemisco;
3396 878 3489 931 sed

1909 1228 1964 1274 et
2005 1221 2052 1277 si
2104 1222 2222 1294 quis
2268 1226 2592 1299 interroget,
2626 1230 2777 1299 Quid
2810 1235 2911 1293 sibi
2957 1239 3073 1294 vult
3113 1241 3313 1313 lutum,
3363 1248 3493 1318 quid

1909 1327 2121 1369 canum
2141 1316 2165 1370 ?
2184 1315 2377 1374 Malum
2402 1324 2594 1379 avertit
2614 1326 2855 1395 oculum,
2874 1330 3138 1404 inquiunt,
3161 1315 3497 1410 livoremque

1909 1418 1965 1461 et
1991 1407 2267 1467 invidiam.
2299 1412 2479 1485 Papa,
2504 1428 2697 1486 quanta
2724 1422 2804 1475 vis
2834 1422 2951 1490 lttti,
2980 1436 3176 1497 quanta
3202 1431 3344 1485 cani
3386 1407 3485 1502 po-

1911 1502 2114 1596 testas?
2143 1510 2434 1561 tantaneut
2466 1517 2629 1565 totam
2658 1512 2856 1569 diaboli
2882 1518 3053 1575 aciem
3081 1521 3328 1596 profliget
3376 1526 3497 1584 Non

1912 1591 2137 1662 pudore,
2165 1611 2368 1664 quaso,
2403 1600 2828 1661 suifundemini?
2858 1623 2964 1663 non
2993 1611 3076 1666 vel
3106 1591 3494 1675 sero'tandem

1911 1685 2105 1742 diaboli
2157 1688 2377 1759 laqueos
2430 1693 2772 1766 intelligetis,
2829 1703 3101 1771 quomodo
3151 1707 3222 1764 ab
3274 1709 3505 1769 ineunte-

1910 1784 2068 1833 atate
2112 1779 2389 1837 machinas
2413 1797 2537 1840 suas
2585 1788 2836 1856 paulatim
2867 1791 3121 1851 inducat?
3144 1796 3280 1854 Nam
3320 1801 3371 1857 si
3410 1802 3496 1857 ht-

1914 1876 2023 1922 lum
2052 1868 2153 1926 hoc
2179 1870 2360 1939 faciat,
2389 1889 2485 1931 cur
2510 1891 2614 1931 non
2648 1886 2706 1934 tu
2752 1880 2804 1935 in
2834 1881 3011 1941 fronte
3038 1894 3124 1941 tua
3155 1889 3386 1960 idipsum
3413 1893 3503 1949 fa-

1910 1959 1991 2015 cis
2013 2001 2028 2023 ,
2058 1975 2180 2017 eum
2223 1963 2306 2019 vir
2330 1966 2404 2021 sis
2430 1975 2486 2022 et
2533 1969 2687 2038 plena
2730 1981 2920 2038 atate,
2943 1985 2996 2031 et
3036 1959 3317 2050 plusquam
3364 2000 3497 2055 puer

1913 2049 2122 2109 invidos
2149 2052 2388 2112 habeas?
2410 2072 2508 2113 cur
2535 2076 2642 2115 non
2671 2062 2781 2118 luto
2831 2066 2992 2123 illinis
3040 2049 3213 2129 totum
3256 2049 3497 2148 corpus?

1913 2159 2035 2199 nam
2064 2146 2110 2202 si
2141 2147 2193 2203 in
2222 2148 2401 2205 fronte
2431 2161 2630 2209 tantam
2657 2154 2816 2213 habet
2845 2162 3119 2230 virtutem,
3149 2180 3248 2224 cur
3285 2146 3393 2226 non
3444 2182 3497 2229 te

1913 2247 2082 2296 totum
2110 2241 2222 2297 luto
2248 2245 2498 2317 inungis?
2527 2246 2651 2304 l-latc
2676 2258 2802 2306 sunt
2827 2253 2966 2310 risus
2992 2264 3047 2313 et
3067 2261 3331 2317 comadia
3358 2275 3495 2320 sata-

1911 2332 2031 2388 nica
2057 2374 2072 2399 ,
2102 2349 2222 2405 qua
2248 2352 2353 2391 non
2378 2338 2443 2392 ad
2474 2340 2773 2398 irrisiunem
2802 2353 3009 2403 tantum
3034 2389 3048 2415 ,
3076 2351 3171 2406 sed
3200 2353 3270 2409 ad
3293 2355 3496 2425 gehem

1912 2440 2036 2479 nam
2091 2428 2392 2496 pracipitat
2441 2446 2535 2485 eos
2575 2434 2663 2502 qui
2723 2434 3080 2507 decipiuntur.
3136 2443 3298 2502 Certe
3353 2450 3495 2520 quod

1910 2516 2051 2607 apud
2082 2516 2299 2576 Graecos
2331 2521 2453 2577 talia
2480 2523 2629 2590 fiant,
2652 2526 2848 2584 mirum
2875 2546 2980 2585 non
3003 2541 3121 2601 est;
3150 2538 3295 2607 quod
3315 2516 3512 2597 autem-

1910 2604 2049 2677 apud
2078 2623 2172 2664 eos
2200 2612 2290 2681 qui
2313 2626 2528 2670 crucem
2556 2616 2783 2673 adorant
2808 2659 2824 2685 ,
2864 2629 2920 2677 et
2943 2604 3320 2694 mysteriorum
3346 2646 3497 2689 area—

1912 2717 2103 2757 norum
2149 2704 2438 2775 participes
2462 2717 2626 2775 sunt,
2655 2718 2710 2765 et
2750 2719 2897 2769 tanta
2946 2714 3413 2791 philosophantur,
3442 2725 3498 2780 id

1910 2805 2057 2852 certe
2096 2798 2277 2854 multis
2306 2798 2557 2871 lacrymis
2582 2810 2664 2858 est
2691 2802 2931 2875 dignum.
2979 2808 3121 2865 Deus
3148 2819 3200 2867 te
3231 2826 3499 2885 unguento

1912 2891 2177 2961 spirituali
2202 2892 2510 2961 honoravit,
2538 2906 2594 2952 et
2618 2907 2669 2953 tu
2703 2900 2814 2954 luto
2840 2901 3006 2958 tilium
3035 2903 3328 2977 deturpas?
3357 2911 3505 2967 Deus

1916 2994 1968 3040 te
1992 2984 2303 3052 decoravit,
2333 2995 2388 3042 et
2416 2994 2472 3042 tu
2497 2990 2726 3059 teipsum
2749 2992 3084 3052 dedecoras?
3110 3006 3166 3054 et
3186 3014 3313 3056 eum
3339 3017 3499 3073 opor-

1917 3082 2053 3130 teret
2074 3076 2128 3130 in
2149 3075 2327 3135 fronte
2350 3092 2564 3135 crucem
2586 3081 2924 3153 adscribere,
2947 3102 3067 3157 qua
3083 3090 3509 3161 insuperabilem

1918 3168 2146 3223 tutelam.
2162 3169 2404 3239 praebet;
2437 3182 2493 3228 tu
2520 3172 2603 3229 his
2642 3174 2878 3232 dimissis
2903 3177 2956 3233 in
2984 3181 3278 3238 satanicam
3307 3200 3500 3242 amen-

1918 3259 2042 3315 tiam
2069 3261 2312 3317 decidis?
2336 3264 2390 3319 Si
2409 3265 2603 3335 quibus
2621 3276 2800 3324 autem
2820 3268 2935 3325 hac
2948 3287 3111 3342 parva
3138 3289 3259 3333 esse
3280 3278 3502 3335 videan‘

1916 3362 2037 3422 tur,
2065 3356 2275 3413 discant
2318 3358 2370 3414 id
2411 3374 2533 3416 esse
2576 3377 2889 3433 magnorum
2932 3350 3149 3423 causam
3191 3371 3453 3428 malorum
3481 3416 3499 3441 ,

1917 3466 2089 3521 neque
2111 3452 2276 3511 Paulo
2294 3452 2469 3508 visum
2490 3453 2653 3510 fuisse
2682 3470 2842 3525 parva
2866 3458 3155 3530 negligere.
3172 3462 3310 3530 Quid
3331 3467 3499 3533 enim,

1914 3558 2118 3613 quaso,
2151 3545 2329 3600 minus
2350 3555 2455 3613 est,
2482 3561 2642 3616 quam
2666 3556 2724 3602 ut
2748 3549 2912 3603 homo
2935 3562 3095 3621 caput
3122 3556 3369 3625 aperiat?
3393 3558 3500 3616 Sed

1920 3633 2037 3689 vide
2060 3644 2313 3705 quantam
2344 3635 2503 3707 hujus
2530 3636 2609 3693 rei
2634 3653 2816 3694 curam
2840 3639 3033 3697 haheat
3050 3681 3068 3709 ,
3090 3652 3145 3700 et
3163 3660 3283 3701 cum
3305 3660 3500 3719 quanta

1919 3725 2200 3795 prohibeat
2226 3727 2563 3784 vehementia
2584 3769 2601 3796 ,
2650 3737 2761 3785 tum
2787 3731 2892 3786 alia
2929 3734 3092 3789 multa
3121 3735 3340 3805 dicens,
3390 3749 3501 3795 tum

1918 3816 2060 3887 quod
2090 3827 2423 3885 caputsuum
2445 3819 2764 3878 dehonestat
2793 3822 2842 3894 (i
2878 3822 2996 3879 Cor.
3018 3826 3106 3881 11.
3129 3824 3208 3898 4).
3238 3828 3294 3884 Si
3321 3840 3497 3885 autem

1918 3910 2010 3983 qui
2057 3912 2186 3981 tegit
2242 3920 2399 3981 caput
2425 3905 2451 3978 ς,
2486 3913 2661 3983 ipsum
2707 3913 3061 3982 dehonestat;
3093 3920 3183 3990 qui
3220 3920 3332 3976 luto
3371 3923 3500 3978 illud

1920 4003 2073 4075 ungit
2093 4044 2110 4070 ,
2156 4004 2427 4074 quomodo
2454 4020 2561 4062 non
2588 4020 2813 4076 puerum
2840 4009 3015 4064 reddit
3037 4011 3452 4070 abominandum
3476 4017 3501 4069 ?

1918 4093 2208 4166 quomodo,
2237 4110 2441 4165 quaso,
2473 4096 2691 4153 adducit
2718 4113 2840 4154 eum
2872 4100 2940 4156 ad
2969 4116 3158 4158 manus
3178 4106 3506 4161 sacerdotis?

1918 4186 2188 4258 quomodo
2213 4188 2469 4258 precaris,
2496 4197 2555 4244 ut
2578 4190 2878 4261 presbyteri
2905 4207 3065 4247 manu
3089 4195 3417 4264 signaculum
3442 4205 3499 4252 in

1919 4277 2095 4333 fronte
2116 4290 2421 4348 apponatur
2448 4317 2463 4343 ,
2515 4279 2604 4335 ubi
2631 4281 2743 4336 luto
2769 4283 3008 4338 unxisti?
3031 4283 3139 4349 Ne,
3170 4284 3363 4343 fratres
3383 4329 3399 4353 ,
3437 4305 3505 4344 ne

1922 4370 2038 4427 hac
2057 4370 2299 4437 faciatis;
2332 4370 2426 4426 sed
2452 4372 2520 4427 ab
2546 4372 2761 4428 ineunte
2787 4384 2944 4429 aetate
2966 4391 3159 4445 pueros
3206 4379 3470 4447 spirituali
3494 4412 3499 4415 ι

1921 4465 2028 4521 bus
2068 4464 2241 4519 armis
2281 4463 2483 4518 munite
2502 4502 2518 4528 ,
2548 4471 2604 4519 et
2632 4462 2823 4519 docete
2846 4479 2941 4520 eos
2961 4480 3121 4522 manu
3170 4465 3400 4525 frontem
3426 4485 3504 4525 st-

1922 4571 2121 4627 gnare;
2154 4556 2315 4612 etiam
2341 4555 2490 4625 prius
2513 4570 2671 4625 quam
2719 4555 2919 4625 possint
2958 4556 3061 4613 hoc
3100 4572 3259 4613 manu
3289 4558 3465 4617 faceta
3488 4602 3508 4629 ,

1926 4664 2019 4704 vos
2046 4647 2145 4716 ipsi
2173 4646 2254 4702 eis
2277 4660 2492 4703 crucem
2522 4645 2834 4716 imprimite.

1996 4742 2337 4812 Prwﬁcarttm
2370 4756 2511 4795 usus.
2533 4737 2757 4806 -—Quid
2786 4738 2985 4795 dixeris
3012 4741 3079 4796 de
3105 4741 3225 4797 aliis
3252 4746 3505 4800 satanicis

1927 4835 2392 4893 observationibus
2435 4833 2489 4888 in
2530 4831 2803 4888 doloribus
2833 4833 2967 4887 uteri
2995 4844 3049 4889 et
3084 4835 3137 4889 in
3165 4844 3321 4906 partu
3350 4836 3507 4892 adhi-

1926 4930 2074 4997 bitis,
2097 4942 2236 5000 quas
2250 4925 2569 4983 obstetrices
2591 4926 2644 4980 in
2669 4927 2863 4993 capitis
2880 4928 2961 4982 sui
2986 4928 3182 4983 malum
3212 4930 3510 4988 inducunt?

1928 5021 1998 5078 de
2050 5021 2120 5077 iis
2161 5020 2287 5075 item
2316 5034 2435 5089 qua
2475 5019 2529 5073 in
2559 5025 2731 5072 mor-te
2754 5056 2775 5084 ,
2808 5026 2863 5073 et
2894 5034 3023 5073 cum-
3047 5036 3244 5093 corpus
3287 5023 3508 5081 eﬂ‘ertur

1930 5114 2289 5179 adhibentur;
2316 5111 2544 5181 ejulatus
2570 5126 2762 5181 nempe
2783 5153 2799 5179 ,
2831 5114 3076 5184 planctus
3106 5115 3277 5173 insani
3303 5160 3318 5185 ,
3348 5121 3513 5177 stulta

1931 5206 1985 5262 itt
2024 5205 2282 5277 sepulcris
2324 5204 2578 5273 admissa,
2605 5205 2746 5261 circa
2774 5217 3114 5262 monumenta
3145 5210 3402 5279 studium,
3427 5214 3517 5270 in-

1934 5298 2313 5369 tempestivum
2353 5308 2409 5354 et
2452 5297 2736 5354 ridiculum
2767 5300 3100 5369 praficarum
3131 5317 3321 5373 agmen
3346 5347 3363 5372 ,
3398 5307 3509 5361 die-

1935 5406 2055 5448 rum
2079 5389 2503 5456 observationes,
2532 5405 2741 5447 necnon
2767 5391 3040 5462 ingressus
3066 5400 3120 5446 et
3156 5393 3374 5448 exitus?
3407 5395 3507 5449 llo»

1939 5502 2127 5541 rumne
2149 5524 2167 5552 ,
2216 5500 2396 5554 qua-so
2421 5524 2436 5549 ,
2467 5483 2683 5539 venaris
2705 5481 2971 5553 gloriam?
3007 5490 3062 5538 et
3087 5484 3358 5554 quomodo
3404 5486 3517 5542 hac

1996 5618 2016 5684 ξ
2041 5616 2133 5667 Hic
2155 5616 2292 5684 locus
2319 5616 2402 5684 _slc_
2424 5614 2588 5684 habet_
2607 5614 2656 5684 i_n
2682 5628 2780 5664 uno
2804 5615 2972 5684 mag;
3005 5612 3143 5684 Quod
3168 5610 3361 5684 quidem
3391 5608 3515 5684 nillil

1934 5678 2108 5745 habere
2134 5676 2249 5728 mali
2278 5678 2518 5745 plerisque
2540 5676 2748 5745 videtur,
2777 5678 2862 5727 sed
2882 5671 2953 5728 Est
2976 5671 3270 5739 principium
3290 5671 3515 5723 incredu-

1939 5739 2107 5804 litatis,
2130 5747 2173 5793 et
2197 5739 2426 5792 extremm
2446 5739 2697 5791 dementia:
2726 5752 2859 5799 Opus.
