3856 6332
326 371 422 427 107

326 498 431 539 non
459 487 715 535 extremae
746 468 1029 529 dementia:
1060 466 1292 530 fuerint,
1324 461 1597 517 hominum
1625 458 1697 511 ita
1732 460 1911 509 mente

324 586 704 649 corruptorum
727 581 784 627 et
809 569 985 626 omnia
1014 576 1216 620 temere
1235 560 1503 631 agentium
1525 554 1746 626 gloriam
1767 562 1913 620 qua:—

325 687 469 738 rere,
491 645 612 724 cum
642 671 915 735 Oporteret
939 671 1151 727 semper
1177 654 1243 708 ad
1278 653 1574 707 insomnem
1614 645 1761 699 illum
1777 655 1899 696 con-

328 767 513 835 fugere
542 733 759 816 oculum
780 798 795 819 ,
825 763 879 809 et
904 753 1019 823 ejus
1045 746 1365 805 sententiam
1396 748 1701 812 spectantes
1730 733 1910 791 omnia

329 826 510 912 facere
555 868 619 908 ac
641 846 867 907 dicere?
896 845 959 899 Hi
982 850 1129 898 certe
1155 837 1365 895 etiamsi
1392 833 1630 894 laudent,
1660 826 1790 883 nihil
1816 838 1913 879 vos

327 951 515 1021 iuvare
546 950 799 1017 poterunt
826 957 840 993 :
864 939 954 993 ille
978 949 1127 1000 vero,
1150 933 1195 988 si
1215 939 1363 1001 gesta
1390 934 1568 982 nostra
1593 922 1694 993 ipsi
1717 917 1913 973 fuerint

969 1046 1659 1070 ___________________.

1101 354 1158 410 S.
1189 347 1465 409 JOANNIS
1500 336 1980 403 CHRYSOSTUHI
2017 336 2335 397 ARCHIEP.
2376 334 2905 393 CONSTANTINOP.

3492 326 3599 385 108

2015 460 2233 521 accepta
2260 493 2275 517 ,
2322 460 2378 506 et
2427 450 2515 507 hic
2548 450 2861 519 splendidos
2892 449 3080 505 reddet
3131 458 3185 505 et
3210 448 3262 503 in
3302 447 3477 503 futuro
3509 448 3603 502 die

2016 559 2207 599 arcana
2260 543 2345 598 illa
2395 544 2533 598 bona
2580 544 2780 598 tribuet
2824 562 2836 596 :
2885 560 3003 614 qua:
3032 560 3133 599 nos
3172 558 3361 598 omnes
3384 543 3603 612 assequi

2017 637 2324 707 contingat,
2358 637 2527 706 gratia
2558 646 2611 691 et
2646 636 2981 706 benignitate
3016 638 3225 692 Domini
3263 637 3427 690 nostri
3471 635 3606 691 Jesu

2016 726 2254 793 Christi,
2287 727 2502 798 quicum
2534 727 2677 783 Patri
2700 736 2756 782 et
2803 743 2906 781 una
2932 728 3153 798 Spiritui
3179 737 3367 782 sancto
3405 726 3603 796 gloria,

2018 820 2212 889 honor,
2236 821 2541 891 imperium,
2566 834 2705 877 nunc
2720 830 3022 892 etsemper,
3046 832 3102 877 et
3126 822 3179 877 in
3204 820 3403 877 saecula
3422 834 3603 874 sazcu-

2020 914 2215 969 lorum.
2244 914 2439 969 Amen.

1660 1097 2010 1163 HOMILIA
2052 1094 2228 1154 XIII.

330 1283 458 1339 Ωιι).
489 1282 541 1336 4.
574 1294 629 1333 v.
660 1274 749 1331 10.
794 1271 905 1327 Nos
945 1268 1083 1323 stulti
1114 1271 1315 1337 prapter
1360 1257 1613 1313 Christum
1648 1250 1907 1323 (necesse

402 1375 544 1431 enim
588 1378 671 1425 est
700 1368 825 1421 hinc
866 1376 1074 1418 rursum
1106 1366 1408 1411 sermonem
1453 1341 1798 1410 resumere);
1830 1353 1916 1391 vos

404 1473 575 1518 autem
604 1458 875 1530 prudentes
898 1456 951 1506 in
978 1449 1178 1506 Christo
1208 1461 1226 1499 :
1256 1460 1346 1496 nos
1391 1436 1603 1508 inﬁrmi,
1635 1449 1722 1488 vos
1751 1438 1921 1483 autem

408 1562 600 1627 fortes;
628 1567 713 1603 vos
738 1544 968 1617 gloriosi,
998 1557 1089 1594 nos
1120 1548 1285 1591 autem
1308 1530 1531 1603 inglorii.

406 1652 466 1706 1.
511 1648 796 1714 Postquam
826 1638 1086 1710 gravitate
1132 1631 1297 1686 multa
1328 1638 1631 1681 sermonem
1668 1617 1921 1685 impleve-

336 1754 440 1806 rat,
489 1738 539 1793 id
581 1734 721 1807 quod
772 1708 915 1787 omni
965 1726 1190 1783 crimine
1236 1720 1494 1790 majorem
1525 1710 1781 1769 inferebat
1811 1708 1924 1777 pla-

336 1804 479 1904 gam,
515 1804 751 1883 hic—eum
782 1822 1041 1892 dignitate
1076 1816 1173 1871 sibi
1209 1806 1526 1881 congruenti
1549 1804 1654 1859 hoc
1685 1808 1875 1855 tractat
1905 1812 1920 1850 :

338 1937 543 1981 etcum
576 1920 821 1982 dixisset,
865 1914 991 1969 Sine
1020 1908 1161 1963 nobis
1200 1902 1490 1976 regnastis;
1530 1905 1606 1964 et,
1654 1894 1791 1948 Deus
1834 1905 1924 1943 nos

340 2015 641 2071 novissimos
694 2005 930 2069 ostendit,
985 2012 1242 2068 tamquam
1286 2002 1435 2047 morti
1478 1987 1785 2047 destinatos;
1832 1994 1927 2051 per

340 2104 620 2176 sequentia
660 2097 894 2154 ostendit
924 2089 1194 2165 quomodo
1243 2085 1401 2142 morti
1431 2078 1681 2138 destinati
1723 2081 1924 2140 essent,

341 2170 529 2255 dicens
557 2213 571 2250 :
603 2193 714 2249 Nos
756 2190 895 2246 stulti
925 2197 969 2241 et
1007 2183 1198 2253 infirmi
1223 2192 1269 2235 et
1302 2177 1526 2249 inglorii,
1559 2174 1645 2228 11.
1688 2179 1733 2224 et
1763 2170 1930 2222 esuri-

342 2307 455 2345 mus
483 2298 530 2343 et
556 2287 774 2347 sitituus,
804 2291 849 2335 et
878 2278 1001 2333 nudi
1030 2291 1223 2340 sumus,
1254 2285 1302 2327 et
1342 2268 1569 2338 colaphis
1594 2264 1856 2321 cwdimur,
1884 2267 1931 2312 et

344 2378 602 2436 instabiles
644 2389 833 2438 sumus,
872 2369 961 2424 12.
1000 2377 1045 2422 et
1083 2365 1368 2420 laboramus
1407 2369 1670 2429 aperantes
1703 2353 1932 2407 manibus

346 2472 534 2527 nostris
566 2484 584 2523 :
611 2482 730 2538 qua“:
770 2462 961 2519 iudicia
992 2474 1116 2514 vere
1146 2466 1299 2512 erant
1323 2454 1602 2509 doctorum
1635 2457 1688 2504 et
1713 2453 1932 2516 aposto-

347 2566 541 2620 lorum.
561 2536 729 2614 Atilii
756 2557 808 2610 in
828 2551 1111 2609 contrariis
1135 2549 1297 2602 altum
1319 2544 1619 2614 sapiebant,
1648 2540 1699 2593 in
1726 2536 1935 2606 sapien-

349 2658 442 2716 tia,
475 2654 526 2707 in
552 2649 742 2721 gloria,
771 2647 825 2701 in
851 2643 1076 2708 divitiis,
1106 2638 1248 2710 quod
1277 2637 1686 2691 bonorarentur.
1716 2627 1782 2684 Ut
1808 2640 1937 2695 ergo

351 2719 777 2803 illorum—fastum
806 2738 1092 2807 deprimat,
1119 2745 1173 2788 et
1195 2728 1445 2786 ostendat
1466 2727 1518 2781 in
1552 2724 1617 2778 iis
1648 2738 1753 2777 nan
1779 2719 1938 2773 modo

352 2855 459 2894 non
486 2833 725 2907 gloriari,
751 2829 846 2884 sed
872 2828 1032 2883 etiam
1062 2822 1265 2894 pudore
1295 2819 1432 2874 affici
1463 2824 1732 2885 oportere,
1768 2811 1939 2882 primo

353 2902 735 2987 illosvtradueit
760 2921 967 2986 dicens,
993 2918 1118 2973 Siue
1155 2913 1299 2969 nobis
1327 2909 1595 2981 regnastis.
1642 2905 1754 2977 Ego
1796 2902 1937 2958 enim

353 3022 494 3084 dico,
527 3016 719 3088 inquit,
749 3026 985 3085 pnesens
1016 3019 1225 3077 tempus
1252 3020 1356 3059 non
1382 3000 1602 3056 honoris
1625 3012 1799 3066 neque
1822 2994 1939 3066 glo-

355 3113 448 3167 ria:
475 3086 619 3175 esse,
651 3106 805 3178 queis
832 3118 929 3159 vos
970 3098 1205 3156 fruimini
1228 3086 1253 3161 ς’
1286 3094 1379 3150 sed
1413 3086 1844 3164 persequutionis
1890 3092 1942 3138 et

355 3177 829 3266 contumeliarum,
862 3209 994 3267 quas
1042 3209 1140 3247 nos
1184 3190 1431 3259 patimur.
1461 3184 1613 3252 Quod
1656 3181 1701 3236 si
1729 3180 1829 3233 hoc
1871 3177 1943 3231 ita

358 3312 465 3350 non
495 3294 584 3357 sit,
612 3292 714 3347 etsi
736 3291 846 3359 jam
878 3295 1086 3354 tempus
1108 3277 1554 3336 remunerationis
1579 3274 1669 3338 sit,
1704 3279 1762 3324 ut
1789 3268 1944 3323 video

362 3388 491 3458 (hoc
527 3394 708 3439 autem
732 3394 829 3451 per
859 3377 1084 3432 ironiam
1126 3372 1299 3441 dicit),
1332 3383 1428 3423 vos
1459 3366 1671 3438 quidem
1699 3361 1943 3431 discipuli

359 3452 477 3549 jam
506 3473 807 3544 regnastis;
841 3484 941 3523 nos
981 3476 1156 3519 autem
1205 3462 1452 3516 doctores
1480 3467 1532 3512 et
1578 3453 1825 3526 apostoli,
1857 3452 1943 3521 qui

365 3577 496 3637 ante
544 3578 733 3621 omnes
781 3557 1088 3617 mercedem
1136 3555 1379 3623 accipere
1434 3549 1781 3611 debebamus,
1840 3559 1944 3598 non

363 3659 526 3715 modo
551 3656 705 3712 vobis
745 3651 1072 3725 posteriores
1113 3660 1315 3710 sumus,
1359 3643 1453 3699 sed
1502 3642 1662 3697 etiam
1695 3649 1750 3693 ιιι
1788 3638 1948 3693 morti

367 3750 640 3815 destinati,
682 3746 733 3802 id
761 3755 845 3802 est
884 3741 1149 3807 damnati,
1189 3752 1400 3807 semper
1442 3736 1493 3789 in
1535 3731 1845 3804 ignominia,
1894 3730 1948 3784 in

374 3840 651 3916 periculis,
681 3836 899 3892 infame
936 3833 1197 3904 degimns,
1229 3826 1551 3884 contumelia
1592 3823 1768 3878 allecti
1811 3832 1950 3876 tam-

368 3914 527 4005 quam
573 3932 740 3996 stulti,
786 3927 923 3998 pulsi
975 3934 1031 3981 et
1088 3921 1442 3977 intolerabilia
1484 3918 1764 3989 patientes.
1824 3914 1951 3969 Haze

371 4039 535 4093 porro
560 4022 792 4087 dicebat,
825 4028 881 4073 ut
908 4033 974 4072 ex
1005 4016 1070 4070 iis
1098 4013 1444 4085 persuaderet
1474 4010 1624 4080 ipsis,
1651 4008 1791 4079 quod
1822 4022 1954 4078 apo-

370 4118 635 4173 stolorum
663 4123 813 4185 gesta
840 4111 1102 4166 deberent
1127 4106 1386 4170 annulari,
1413 4103 1648 4174 pericula
1682 4116 1875 4171 nempe
1900 4109 1957 4156 et

377 4207 754 4271 contumelias,
805 4218 916 4258 non
946 4211 1121 4256 autem
1155 4201 1411 4253 honorem
1458 4205 1512 4252 et
1546 4194 1769 4266 gloriam
1802 4211 1815 4247 :
1850 4208 1954 4247 non

376 4299 522 4355 enim
566 4297 675 4363 illa,
713 4294 808 4350 sed
837 4294 953 4348 ltan
981 4290 1214 4363 postulat
1258 4286 1581 4359 prmdicatio.
1611 4285 1714 4341 Sed
1744 4285 1845 4340 hoc
1874 4295 1956 4339 ta-

378 4406 502 4446 men
534 4403 637 4443 non
667 4386 870 4441 directe
898 4383 1049 4449 dicit,
1083 4391 1140 4436 ut
1169 4397 1236 4435 ne
1267 4380 1509 4434 videatur
1542 4377 1670 4448 ipsis
1701 4378 1959 4432 molestus

376 4499 534 4549 esse;
562 4480 657 4537 sed
687 4488 745 4534 ut
772 4479 922 4534 illum
951 4476 1198 4542 decebat,
1230 4474 1307 4528 sic
1336 4481 1527 4528 tractat
1557 4472 1694 4527 hanc
1719 4472 1961 4541 inerepa-

379 4579 599 4633 tionem.
648 4572 780 4628 Nam
824 4572 869 4626 si
920 4570 1122 4625 directe
1164 4582 1467 4623 sermonem
1516 4565 1831 4630 induxisset,
1880 4564 1960 4619 sic

382 4671 619 4723 dicturus
642 4673 759 4721 erat
786 4681 799 4719 :
829 4662 1031 4718 Erratis
1059 4668 1114 4715 et
1140 4659 1381 4714 fallimini
1412 4664 1466 4711 et
1491 4657 1648 4726 longe
1672 4656 1872 4711 abestis
1895 4654 1964 4709 ab

385 4758 747 4815 admonitione
773 4753 1064 4825 apostolica
1096 4769 1110 4806 :
1143 4758 1356 4820 oportet
1395 4749 1537 4802 enim
1566 4748 1864 4817 apostolum
1910 4754 1965 4801 et

390 4851 691 4906 ministrum
718 4846 913 4901 Christi
943 4845 1163 4899 stultum
1187 4841 1380 4907 videri,
1408 4848 1570 4910 atque
1601 4840 1651 4893 in
1681 4838 1965 4893 afﬂictione

390 4954 445 5000 et
471 4948 776 5008 contemptu
805 4938 1021 5006 degere,
1051 4944 1109 4990 ut
1142 4950 1240 4989 nos
1270 4934 1543 5004 degimus;
1590 4948 1683 4985 vos
1709 4942 1886 4986 autem
1914 4932 1964 4986 in

391 5032 678 5091 contrariis
716 5031 864 5085 estis.
895 5028 1001 5083 Sed
1030 5029 1107 5083 sic
1138 5026 1251 5081 haec
1276 5027 1445 5096 magis
1471 5026 1592 5080 illos
1633 5024 1966 5079 commovis-

396 5140 535 5195 sent,
576 5134 759 5197 utpote
786 5138 903 5193 qum
946 5120 1306 5190 apostolorum
1354 5119 1597 5173 encomia
1625 5132 1734 5188 prae
1776 5132 1838 5171 se
1867 5118 1972 5171 fer-

392 5229 536 5284 rent,
561 5228 615 5272 et
643 5216 766 5272 illos
794 5212 1151 5269 reddidissent
1176 5210 1508 5271 audaciores,
1542 5219 1599 5263 ut
1627 5208 1719 5279 qui
1745 5224 1971 5264 accusa-

398 5321 581 5366 rentur
605 5307 888 5372 socordite,
921 5304 1094 5360 inanis
1123 5302 1306 5373 gloriae
1335 5312 1389 5357 et
1417 5302 1743 5357 divitiarum.
1768 5302 1972 5357 Idcirco

403 5416 504 5457 non
537 5402 638 5455 hoc
676 5398 835 5453 modo
860 5398 1001 5453 dicta
1042 5392 1362 5467 procedunt,
1406 5393 1499 5448 sed
1531 5394 1658 5460 alio,
1684 5397 1774 5465 qui
1806 5396 1975 5465 magis

396 5492 612 5565 quidem
636 5492 963 5563 perstringit,
992 5488 1087 5545 sed
1112 5487 1289 5542 minus
1314 5487 1569 5542 molestus
1593 5498 1698 5543 est.
1728 5489 1977 5561 Quapro—

399 5594 517 5659 pter
542 5584 613 5639 ita
645 5581 852 5653 profert
878 5582 1173 5636 orationem
1219 5594 1312 5648 per
1342 5580 1586 5647 ironiam,
1620 5580 1843 5636 dicens:
1879 5580 1978 5636 Vos

396 5689 569 5733 autem
598 5680 750 5750 fortes
780 5684 827 5731 et
847 5674 1074 5747 gloriosi.
1100 5672 1231 5728 Nam
1262 5672 1306 5728 si
1334 5672 1502 5728 ironia
1528 5688 1632 5729 non
1660 5688 1786 5729 usus
1812 5684 1975 5738 esset,

398 5770 473 5827 ita
501 5769 761 5827 dixisset:
793 5768 931 5825 Fieri
974 5782 1081 5823 non
1124 5775 1315 5837 potest,
1346 5778 1403 5823 ut
1441 5765 1577 5823 alius
1605 5766 1797 5822 stultus
1826 5773 1979 5836 pute-

2025 1252 2131 1309 tur,
2163 1242 2302 1297 alius
2328 1240 2585 1314 prudens,
2630 1242 2767 1298 alius
2794 1241 2967 1309 fortis,
3012 1244 3149 1300 alius
3180 1245 3437 1309 infirmus,
3472 1262 3610 1314 pra-—

2025 1336 2289 1391 dicatione
2317 1345 2601 1407 utrumque
2624 1351 2729 1391 non
2759 1337 2774 1368 ¹
2806 1337 3126 1407 postulante.
3166 1337 3297 1392 Nam
3343 1340 3387 1392 si
3418 1339 3609 1393 liceret

2029 1428 2125 1481 hos
2150 1427 2301 1493 tales,
2331 1427 2465 1482 alios
2492 1426 2634 1482 aliud
2663 1442 2800 1493 esse,
2831 1444 2950 1498 quae
2995 1444 3021 1481 a
3052 1429 3203 1483 nobis
3232 1429 3603 1498 proferuntur,

2027 1520 2256 1588 aliquam
2281 1518 2509 1574 fortasse
2530 1521 2794 1576 rationem
2818 1520 3079 1576 haberent
3103 1540 3115 1576 :
3146 1538 3286 1577 nunc
3306 1534 3478 1579 autem
3507 1526 3617 1582 hoc

2030 1624 2135 1663 non
2167 1609 2315 1677 licet,
2360 1610 2609 1666 nimirum
2640 1612 2954 1681 prudentem
2998 1614 3081 1667 vel
3124 1614 3411 1684 gloriosum
3438 1616 3618 1672 videri

2030 1717 2093 1757 ac
2137 1702 2252 1757 sine
2280 1702 2520 1771 periculo
2561 1704 2775 1774 degere.
2818 1704 2910 1761 Sin
2951 1706 3149 1772 minus,
3189 1722 3409 1764 necesse
3445 1720 3528 1764 est
3555 1718 3620 1764 ut

2035 1795 2176 1898 Deus
2202 1810 2302 1850 vos
2330 1796 2484 1851 nobis
2511 1798 2826 1867 prmtulerit,
2847 1813 2942 1853 vos
2965 1799 3252 1869 discipulos
3278 1800 3615 1865 doctoribus,

2030 1889 2121 1955 qui
2149 1889 2425 1942 innumera
2459 1889 2598 1958 passi
2644 1904 2847 1943 sumus.
2892 1890 3042 1956 Quod
3070 1892 3114 1945 si
3144 1891 3245 1947 hoc
3271 1908 3429 1947 nemo
3455 1893 3619 1949 dixe-

2032 1979 2118 2043 rit,
2158 1986 2326 2032 restat
2367 1988 2424 2032 ut
2470 1989 2648 2032 nostra
2679 1994 2772 2034 vos
2818 1983 3227 2050 persequamini.
3280 1983 3346 2037 Et
3386 2000 3452 2038 ne
3492 1985 3622 2055 quis

2033 2081 2203 2140 p-uet,
2257 2070 2446 2139 inquit,
2497 2085 2582 2124 me
2610 2072 2871 2139 praeterita
2904 2081 3102 2126 tantum
3146 2088 3614 2132 commemorare:

2040 2159 2208 2230 Usque
2253 2160 2305 2213 in
2348 2160 2477 2213 hanc
2508 2160 2685 2213 harant
2730 2170 2777 2213 et
2824 2162 3072 2215 esurimus
3113 2164 3375 2217 ctsitimus
3419 2176 3464 2218 et
3492 2168 3623 2221 nudi

2034 2270 2230 2308 sumus.
2265 2252 2447 2307 Viden’
2472 2262 2633 2307 totam
2662 2252 3083 2307 Christianorum
3116 2256 3276 2308 vitam
3308 2258 3462 2310 talem
3493 2273 3622 2312 esse

2036 2344 2255 2411 debere,
2286 2362 2391 2399 non
2420 2360 2527 2399 uno
2554 2345 2637 2400 vel
2668 2347 2836 2399 altero
2862 2345 2988 2401 die?
3016 2346 3194 2417 Neque
3222 2350 3363 2402 enim
3391 2351 3618 2413 athleta,

2038 2438 2127 2507 qui
2172 2441 2222 2491 in
2252 2453 2359 2491 uno
2399 2446 2603 2491 tantum
2640 2438 2809 2491 victor
2852 2438 3145 2491 certamine
3186 2449 3472 2493 coronatus
3511 2451 3621 2506 est,

2041 2529 2233 2583 iterum
2260 2538 2547 2582 coronatur
2572 2543 2691 2582 cum
2723 2528 3082 2583 succubuerit.
3117 2528 3186 2582 Et
3215 2531 3480 2597 esurimus,
3524 2532 3628 2587 ad-

2042 2636 2229 2677 versus
2256 2636 2349 2677 eos
2375 2622 2463 2690 qui
2493 2620 2544 2674 in
2572 2621 2777 2676 deliciis
2798 2632 2960 2692 agunt
2987 2639 3000 2675 :
3035 2630 3079 2676 et
3100 2622 3328 2692 colaphis
3354 2625 3624 2694 credimur,

2042 2715 2299 2771 adversus
2319 2729 2414 2769 eos
2438 2714 2525 2784 qui
2548 2714 2710 2769 inﬂati
2732 2724 2854 2769 sunt
2877 2734 2890 2770 :
2921 2726 2966 2769 et
2990 2717 3246 2773 instabiles
3269 2736 3439 2772 sumus
3462 2721 3625 2790 pulsi,

2044 2811 2298 2865 adversus
2327 2823 2421 2863 eos
2447 2808 2534 2878 qui
2563 2807 2813 2862 labuntur
2846 2825 2861 2862 :
2889 2820 2934 2864 et
2972 2810 3096 2863 nudi
3134 2828 3329 2877 sumus,
3366 2812 3629 2869 adversus

2045 2918 2139 2958 eos
2165 2902 2253 2973 qui
2285 2911 2411 2957 sunt
2434 2900 2626 2955 divites
2652 2917 2664 2953 :
2692 2910 2739 2954 et
2764 2901 3072 2967 laboramus,
3096 2903 3205 2972 jam
3245 2916 3430 2959 contra
3461 2905 3632 2961 falsos

2046 2994 2338 3065 apostolos,
2370 2992 2457 3062 qui
2486 3006 2585 3047 nec
2615 2992 2859 3048 laborare
2888 3009 2988 3047 nec
3015 2996 3306 3063 periclitari
3338 2998 3627 3063 sustinent,

2047 3086 2140 3143 sed
2170 3086 2266 3156 ipsi
2296 3084 2521 3138 fructum
2552 3084 2869 3154 percipiunt.
2900 3087 2969 3140 At
2995 3101 3092 3141 nos
3118 3103 3223 3142 non
3268 3088 3368 3153 sic,
3413 3090 3631 3160 inquit;

2049 3181 2143 3237 sed
2166 3198 2284 3236 cum
2311 3183 2545 3238 externis
2566 3183 2819 3255 periculis
2840 3199 2938 3239 nos
2957 3200 3166 3254 quoque
3192 3198 3445 3256 perpetuo
3471 3203 3633 3243 exer-

2048 3286 2229 3328 cemus
2255 3274 2455 3329 labore.
2501 3274 2759 3345 Quodque
2787 3275 2957 3345 majus
3002 3286 3103 3344 est,
3150 3293 3306 3332 nemo
3337 3278 3502 3347 possit
3544 3278 3632 3333 di-

2049 3378 2172 3418 cere
2204 3379 2299 3418 nos
2328 3364 2441 3419 haec
2469 3381 2609 3435 mgre
2636 3366 2775 3420 ferre
2801 3378 2892 3419 aut
2919 3379 3299 3437 persequentes
3328 3384 3423 3421 uos
3463 3383 3629 3423 accu-

2053 3469 2206 3509 sare:
2237 3456 2352 3511 illos
2380 3457 2521 3511 enim
2548 3456 2637 3527 qui
2666 3471 2763 3511 nos
2790 3466 3002 3524 vexant,
3048 3474 3139 3527 per
3161 3461 3422 3513 contraria
3451 3476 3634 3514 remu-

2053 3561 2324 3602 neramus.
2356 3548 2469 3603 Hoc
2492 3548 2687 3619 quippe
2732 3564 2981 3619 maguum
3010 3559 3110 3613 est,
3154 3567 3258 3604 non
3287 3560 3462 3605 autem
3489 3552 3636 3607 male

2051 3641 2197 3708 pati;
2240 3641 2382 3711 quod
2422 3642 2669 3698 omnibus
2702 3652 2785 3698 est
2833 3659 3149 3709 commune;
3192 3660 3375 3700 verum
3425 3648 3635 3715 patien-

2056 3742 2136 3788 tes
2164 3749 2261 3789 nec
2289 3750 2431 3804 :egre
2458 3750 2560 3791 nec
2593 3735 2809 3807 indigne
2837 3736 2996 3792 ferre,

2125 3822 2181 3891 2.
2220 3823 2329 3880 Nos
2368 3835 2546 3881 autem
2596 3842 2703 3881 non
2748 3827 2909 3883 modo
2954 3843 3059 3884 non
3103 3844 3246 3900 aegre
3270 3829 3508 3896 ferimus,
3538 3832 3636 3887 sed

2055 3916 2214 3971 etiam
2252 3918 2617 3984 exsultamus;
2660 3919 2812 3988 cujus
2857 3921 2934 3975 rei
2966 3921 3067 3975 hoc
3106 3923 3315 3991 signum
3364 3933 3464 3987 est,
3491 3927 3638 3991 quod

2057 4023 2171 4074 eos,
2215 4009 2305 4079 qui
2347 4009 2500 4064 nobis
2544 4009 2682 4064 mala
2712 4009 2966 4077 inferunt,
2996 4013 3282 4068 contrariis
3322 4029 3638 4071 remunere-

2060 4116 2196 4154 mus.
2228 4099 2377 4166 Quod
2405 4110 2582 4155 autem
2612 4100 2711 4156 hoc
2738 4100 2995 4168 facerent,
3024 4103 3144 4157 audi
3170 4106 3441 4174 sequentia
3470 4123 3482 4151 τ
3514 4106 3639 4159 Μα-

2060 4190 2344 4255 ledicimur,
2374 4200 2422 4243 et
2453 4191 2820 4257 benedicimus;
2861 4196 3291 4263 perscquutionem
3319 4196 3559 4265 patimur,
3589 4208 3641 4251 et

2062 4282 2399 4349 sustinemus;
2441 4284 2530 4338 15.
2562 4282 2993 4355 blasphemamur,
3037 4295 3081 4339 et
3124 4287 3460 4353 obsecramus,
3503 4298 3643 4341 tam-

2062 4390 2211 4442 quam
2238 4385 2569 4445 purgamenta
2612 4376 2788 4429 mundi
2811 4376 2931 4446 {acti
2970 4394 3164 4431 sumus.
3198 4377 3309 4433 Hoc
3349 4389 3449 4443 est,
3493 4381 3644 4435 stulti

2067 4476 2282 4535 propter
2301 4466 2594 4523 Christum.
2618 4467 2747 4523 Nam
2771 4469 2859 4539 qui
2888 4470 3025 4525 male
3052 4485 3242 4540 passus
3262 4481 3362 4536 est,
3393 4482 3447 4527 et
3470 4488 3646 4543 neque

2067 4577 2125 4615 se
2154 4563 2424 4618 ulciscitur
2470 4580 2643 4635 neque
2685 4564 2850 4631 dolet,
2882 4567 3075 4621 stultus
3104 4567 3314 4623 videtur
3353 4584 3473 4624 esse
3498 4572 3642 4638 apud

2071 4663 2321 4709 externos
2367 4667 2421 4711 et
2460 4658 2716 4727 inglorius
2744 4656 3116 4728 infirmusque.
3165 4661 3242 4714 Ac
3269 4674 3339 4715 ne
3367 4661 3641 4717 molestio-

2069 4762 2181 4801 rem
2208 4747 2457 4803 redderet
2477 4750 2797 4813 orationem,
2825 4749 2890 4803 ad
2916 4750 3126 4803 illorum
3155 4751 3426 4807 civitatem
3451 4767 3653 4808 aerum-

2071 4846 2168 4896 nas
2210 4841 2489 4906 reducens,
2535 4841 2661 4912 quid
2712 4842 2885 4897 dicit?
2936 4842 3304 4914 Purgamenta,
3349 4861 3454 4900 non
3501 4846 3654 4902 urbis

2071 4944 2286 4999 vestrm,
2335 4934 2426 4989 sed
2454 4934 2631 4987 mundi
2669 4936 2789 5005 {acti
2830 4954 3033 5003 sumus;
3070 4949 3123 4994 et
3172 4956 3376 5007 rursus,
3410 4940 3653 4995 Omnium

2075 5030 2380 5096 peripsema,
2423 5041 2525 5080 non
2556 5036 2790 5081 vestrum
2831 5037 3053 5094 tantum,
3087 5030 3181 5084 sed
3211 5032 3470 5086 omnium.
3501 5032 3652 5089 Sicut

2075 5133 2205 5189 ergo
2249 5134 2369 5173 cum
2412 5117 2477 5173 de
2520 5118 2721 5173 Christi
2760 5135 2885 5173 cura
2919 5122 3171 5189 loquitur,
3206 5132 3363 5189 terra,
3419 5124 3553 5179 czelo
3596 5138 3656 5181 et

2076 5212 2222 5265 omni
2268 5221 2510 5264 creatura
2540 5211 2760 5274 relictis,
2808 5226 3020 5266 crucem
3058 5213 3109 5266 in
3143 5214 3318 5268 medio
3359 5215 3508 5283 ponit
3537 5233 3551 5268 :
3581 5216 3657 5273 ita

2078 5300 2237 5354 etiam
2270 5300 2482 5369 quando
2509 5299 2576 5354 ad
2603 5315 2661 5355 se
2684 5300 2795 5354 vult
2814 5300 3102 5367 attrahere,
3131 5303 3295 5372 signis
3325 5306 3668 5373 prietermisv

2080 5391 2176 5455 sis,
2209 5407 2326 5459 qua:
2370 5399 2587 5461 propter
2629 5392 2773 5460 ipsos
2812 5407 3001 5461 passus
3049 5403 3132 5448 est
3156 5394 3303 5449 dicit.
3334 5395 3406 5449 lta
3443 5412 3661 5466 quoque

2081 5481 2318 5536 solemus
2345 5498 2463 5537 cum
2492 5483 2685 5551 injuria
2716 5482 2977 5538 alﬁcimur
3001 5485 3085 5539 vel
3112 5485 3433 5558 despicimur
3471 5505 3500 5541 a
3543 5493 3663 5559 qni-

2087 5574 2331 5644 busdam,
2364 5591 2481 5646 qua:
2508 5592 2604 5645 pro
2632 5576 2740 5631 illis
2767 5579 2905 5648 passi
2937 5593 3121 5634 sumus
3154 5581 3206 5635 in
3233 5581 3466 5637 medium
3493 5582 3667 5639 addu-

2151 5778 2165 5807 ί
2204 5775 2258 5825 In
2282 5773 2567 5835 quibusdam
2590 5772 2736 5827 Codd.
2760 5774 2905 5829 deest
2926 5775 3145 5839 negatio.
