3838 6214
379 299 478 356 109

367 427 439 476 τά
469 419 618 490 πάθη
653 417 802 486 λέγει
835 419 902 472 τὰ
947 418 1015 472 δι’
1056 419 1274 483 αύτούς.
1318 418 1476 474 Οὕτω
1507 419 1601 473 καὶ
1631 421 1766 491 ἡμῖν
1801 420 1944 487 ἔθος,

369 507 500 560 ὅταν
551 502 865 573 ἀδικώμεθα
919 503 1067 572 παρά
1101 519 1262 556 τινων
1319 504 1414 556 καὶ
1453 503 1946 574 καταφρονῶμεθα,

370 591 516 660 ειπερ
539 588 679 656 ὑπὲρ
709 584 889 639 αὐτῶν
921 585 1215 656 ἐπάθομεν,
1245 584 1420 638 ταῦτα
1441 586 1628 656 φέρειν
1653 586 1734 648 εἰς
1757 588 1939 656 μέσον.

373 669 621 726 Πάντων
654 669 960 738 περίψημα
995 668 1108 735 ἕως
1140 667 1291 738 ἄρτι.
1325 667 1555 724 Εύτονον
1604 669 1703 738 τὴν
1732 670 1946 741 πληγὴν

373 753 542 807 ἔδωκε
591 752 727 825 πρὸς
763 751 839 822 τῷ
878 751 1041 804 τέλει.
1085 751 1332 805 Πάντων
1369 752 1458 816 δὲ,
1493 751 1552 804 ού
1586 751 1695 804 τῶν
1722 751 1946 805 διωκὸν⁴

370 857 501 904 των,
525 845 710 911 φησιν,
743 836 878 890 ἀλλά
901 837 1012 889 τῶν
1042 836 1108 889 δι’
1132 835 1224 898 οὓς
1240 836 1412 888 ταῦτα
1436 835 1721 906 πάσχομεν
1743 851 1758 866 ⁸
1788 852 1946 889 τουτ-

373 925 558 987 ἐστι..
602 922 777 992 Χάριν
826 921 935 991 έχω
983 919 1183 990 πολλὴν
1241 919 1445 982 αὐτοῖς.
1493 918 1944 989 Βαρυθυμοῦντος

369 1008 432 1062 τὸ
459 1008 630 1079 ῥῆμα,
657 1006 759 1058 οὐκ
785 1003 1076 1072 ἀλγοῦντος
1102 1002 1290 1066 αὑτοῦ,
1324 1002 1440 1056 ἀλλ’
1474 1001 1714 1065 ἐκείνους
1743 1002 1943 1072 πλῆξαι

371 1090 714 1164 βουλομένου.
758 1089 816 1142 '0
841 1088 949 1159 7&9
977 1087 1147 1159 μυρία
1176 1086 1316 1156 ἔχων
1350 1085 1619 1154 ἐγκαλεῖν,
1643 1085 1738 1139 καὶ
1767 1086 1942 1139 ἀσπάη

367 1176 543 1242 ζεται.
581 1173 682 1230 Διὰ
711 1171 871 1226 τοῦτο
908 1171 1003 1224 καὶ
1035 1173 1064 1224 0
1089 1169 1321 1240 Χριστὸς
1343 1168 1554 1222 κελεύει
1579 1169 1769 1241 πράως
1797 1169 1944 1239 ἡμᾶς

370 1260 556 1332 φέρειν
578 1256 679 1320 τάς
719 1255 926 1326 ὓϐρεις,
971 1253 1058 1307 ἵνα
1095 1253 1190 1307 καὶ
1220 1253 1375 1305 αὐτοὶ
1413 1253 1810 1325 φιλοσοφῶμεν,
1846 1252 1945 1306 κά-

367 1341 581 1402 κείνους
616 1337 815 1408 μᾶλλον
842 1336 1212 1406 ἐντρέπωμεν.
1249 1335 1322 1388 Ού
1346 1336 1452 1408 7&9
1483 1334 1656 1399 οὓτως
1681 1333 1940 1406 ὑϐρίζων,

367 1424 444 1488 ὡς
491 1421 658 1492 σιγῶν
695 1437 800 1486 τις,
845 1417 1003 1473 τοῦτο
1053 1417 1363 1489 ἐργάζεται.
1412 1413 1524 1472 Εἶτ’
1573 1418 1762 1490 ἐπειδὴ
1802 1415 1943 1472 εἶδεν

367 1505 638 1577 ἀφόρητον
671 1505 769 1574 τὴν
804 1500 1048 1574 πληγὴν,
1093 1500 1307 1572 ταχέως
1351 1500 1518 1572 αὐτὴν
1551 1501 1939 1572 ἐθεράπευσεν,
1994 1540 1997 1541 ν

365 1589 535 1646 εἰπών
553 1605 567 1621 ο
593 1589 713 1643 Οὐκ
740 1586 1039 1655 ἐντρέπων
1060 1585 1214 1654 ὑμᾶς
1237 1584 1441 1654 γράφω
1468 1586 1674 1650 ταῦτα,
1703 1587 1839 1640 ἀλλ’
1860 1587 1942 1652 ὡς

363 1670 546 1728 τέκνα
567 1687 687 1740 μου
724 1667 995 1739 ἀγαπητὰ
1015 1667 1298 1722 νουθετῶ.
1327 1668 1440 1738 Οὐχ
1457 1669 1531 1731 ὡς
1561 1670 1939 1740 καταισχύνων

361 1754 473 1829 γὰρ
513 1756 677 1825 ὑμᾶς,
720 1752 895 1808 ταῦτα
943 1751 1108 1821 λέγω,
1146 1751 1334 1822 φησίν.
1367 1753 1545 1824 Ὅπερ
1590 1754 1814 1823 ἐποίησε
1849 1754 1938 1808 διά

358 1839 468 1894 τῶν
497 1838 777 1911 ῥημάτων,
817 1833 975 1890 τοῦτό
1007 1852 1174 1908 φησιν
1202 1836 1264 1889 οὐ
1299 1836 1661 1905 πεποιηκέναι
1681 1855 1696 1870 ·
1733 1838 1934 1908 μᾶλλον

360 1923 420 1981 δὲ
472 1919 830 1992 πεποιηκέναι
861 1918 960 1988 μέν
996 1935 1161 1989 φησιν
1189 1957 1207 1982 ,
1239 1918 1298 1971 οὐ
1335 1921 1442 1990 μὴν
1469 1919 1678 1992 διανοίᾳ
1722 1923 1934 1992 πονηρᾷ

361 2004 458 2060 καὶ
487 2001 722 2075 μισούσῃ
741 2019 755 2033 ·
791 2001 913 2055 ἐπεὶ
937 2001 1032 2056 καὶ
1067 2001 1264 2072 ἀρίστη
1294 2002 1432 2073 αὕτη
1477 2005 1509 2072 ἠ
1547 2003 1830 2074 θεραπεία,
1860 2006 1938 2057 εί-

358 2088 534 2147 πόντα
575 2087 667 2141 τὸν
709 2085 866 2154 λόγον
903 2083 1219 2155 προσθεῖναι
1262 2085 1362 2157 τὴν
1407 2087 1513 2139 ἀπὸ
1553 2088 1652 2157 τῆς
1700 2087 1937 2152 διανοίας

359 2169 676 2239 ἀπολογίαν.
715 2169 810 2238 Μὴ
848 2169 1025 2226 εἰπεῖν
1063 2167 1163 2237 μὲν
1195 2167 1304 2238 γὰρ
1331 2170 1430 2222 οὐκ
1460 2169 1608 2240 ἐνῆν,
1635 2171 1756 2224 ἐπεὶ
1788 2170 1932 2243 ἐμει-

364 2271 462 2310 ναν
497 2253 564 2308 ἂν
603 2249 918 2324 ἀδιόρθιιηοι
954 2265 968 2279 ⁸
1009 2250 1232 2306 εἰπόντα
1276 2250 1336 2310 δέ
1374 2252 1594 2321 ἀφεῖναι
1625 2253 1788 2309 πάλιν
1836 2254 1936 2325 τὴν

360 2337 573 2410 πληγὴν
620 2335 859 2400 ἀνίατον,
908 2333 1173 2404 χαλεπόν·
1217 2333 1407 2408 διόπερ
1447 2336 1588 2406 μετά
1631 2337 1933 2410 βαρύτητος

358 2421 728 2490 ἀπολογεῖται.
754 2417 924 2472 Τοῦτο
951 2418 1058 2489 γὰρ
1085 2419 1144 2471 ού
1172 2418 1330 2491 μόνον
1360 2421 1462 2475 οὐκ
1483 2419 1687 2492 ἐξαίρει
1711 2421 1810 2495 τὴν
1839 2439 1931 2476 το-

361 2506 470 2580 μὴν
503 2502 678 2577 [111],
703 2501 838 2557 ἀλλά
886 2504 980 2555 καὶ
1011 2501 1278 2573 ἐνδοτέρω
1308 2507 1452 2561 ποιεῖ
1481 2504 1801 2571 καταδῦναι,
1834 2508 1935 2578 τῆς

357 2589 571 2661 πληγῆς
609 2586 710 2657 τὴν
763 2585 1032 2656 ἀλγηδόνα
1064 2585 1554 2657 παραμυθούμενον
1600 2588 1835 2642 ἃπασαν.
1877 2592 1933 2644 '0

356 2674 466 2746 7&9
491 2669 751 2736 ἀκούσας,
785 2669 867 2721 ὅτι
892 2669 994 2722 οὐκ
1022 2668 1319 2734 ὀνειδίζων,
1348 2669 1466 2722 ἀλλ’
1500 2670 1732 2736 ἀγαπῶν
1760 2671 1934 2726 ταῦτα

356 2757 528 2826 λέγει,
567 2752 764 2824 μᾶλλον
808 2750 1166 2822 καταδέχεται
1203 2750 1301 2822 τὴν
1335 2751 1640 2823 διόρθωσιν.
1676 2754 1851 2825 Πολλὴ
1877 2755 1934 2811 δὲ

357 2841 451 2897 καὶ
469 2835 701 2892 ἐνταῦθα
722 2837 759 2906 ἡ
787 2833 1026 2904 βαρύτης
1047 2834 1142 2886 καὶ
1241 2835 1497 2904 ἐντροπή.
1523 2835 1598 2887 Ού
1625 2837 1732 2908 γὰρ
1757 2832 1932 2901 εἶπεν,

352 2922 428 2986 ὡς
454 2917 792 2982 διδάσκαλος,
827 2917 951 2974 οὐδὲ,
980 2917 1056 2979 ὠς
1081 2916 1398 2980 ἀπόστολος,
1425 2917 1548 2970 οὐδὲ
1573 2915 1647 2980 ὡς
1680 2919 1932 2988 μαθητὰς

352 3004 514 3076 ἔχων,
545 3003 681 3075 ὅπερ
710 3001 809 3071 τῆς
831 2999 986 3072 ἀξίας
1010 2995 1099 3077 ἦν,
1129 2995 1265 3065 άλλξ
1306 2999 1400 3066 Ὡς
1429 2999 1612 3054 τέκνα
1635 3019 1756 3070 μου
1785 3005 1931 3073 ἀγα-

351 3089 511 3157 πητὰ
541 3085 803 3144 νουθετῶ
829 3100 842 3113 ·
880 3086 976 3143 καὶ
1007 3086 1106 3156 οὐχ
1129 3083 1315 3146 ἁπλῶς
1340 3084 1530 3149 τέκνα,
1559 3087 1699 3142 ἀλλά
1729 3088 1930 3141 ποθού-

354 3189 512 3246 μενά.
546 3168 830 3240 Σύγγνωτέ
861 3187 970 3240 μοι,
996 3167 1134 3245 (ρησί,
1154 3185 1169 3199 ο
1202 3171 1298 3222 καὶ
1325 3169 1376 3222 εἰ
1402 3187 1456 3221 τι
1490 3171 1746 3242 φορτικὸν
1779 3171 1931 3243 είρη-

350 3273 463 3322 ται,
491 3254 551 3319 ἐξ
579 3254 801 3322 ἀγάπης
829 3251 1004 3305 ταῦτα
1032 3251 1265 3319 γίνεται.
1296 3251 1407 3304 Καὶ
1437 3253 1536 3307 οὐκ
1563 3250 1739 3318 εἶπεν,
1782 3255 1931 3308 Ἐπι⁹

349 3338 516 3410 τιμῶ,
545 3335 703 3397 ἀλλά..
732 3332 1025 3393 Νουθετῶ.
1066 3333 1161 3398 Τίς
1188 3334 1247 3387 δέ
1283 3335 1384 3388 οὐκ
1420 3335 1485 3394 ἂν
1509 3337 1798 3408 ἀνάσχοιτο
1829 3357 1932 3393 πα-

351 3422 479 3494 Ιπρὸς
501 3417 810 3494 ἀλγοῦντος,
841 3416 934 3472 καὶ
955 3416 1024 3469 τά
1065 3415 1252 3475 δέοντα
1294 3419 1790 3490 συμϐουλεύοντος;
1835 3422 1934 3480 Διά

350 3491 511 3560 τοῦτο
547 3503 606 3556 ού
646 3491 910 3573 πρόξερον
940 3496 1062 3560 εἷπε
1095 3500 1272 3566 τοῦτο,
1313 3501 1428 3555 ἀλλ’
1461 3504 1549 3556 ὅτε
1578 3503 1678 3575 τὴν
1714 3505 1933 3577 πληγὴν

352 3586 541 3645 ἔδωκε.
571 3584 636 3637 Τί
665 3580 777 3649 οὖν,
811 3583 1118 3651 ἀφειδοῦσιν
1145 3582 1302 3661 ἡμῶν
1335 3587 1383 3640 οἰ
1409 3585 1558 3640 ἄλλοι
1593 3586 1928 3652 διδάσκαλοι,

351 3668 552 3741 φησίνς
593 3669 668 3726 00
722 3667 879 3726 τοῦτο
925 3667 1087 3736 λέγω,
1141 3666 1256 3720 ἀλλ’
1304 3668 1402 3740 οὐχ
1447 3669 1592 3726 οὕτω
1637 3671 1927 3739 φείδονται.

363 3751 527 3806 Ἀλλά
551 3749 708 3808 τοῦτο
730 3749 830 3828 μὲν
861 3749 1140 3820 συντόμως
1167 3750 1268 3804 οὐκ
1298 3746 1442 3816 εἰπε,
1469 3752 1561 3807 διὰ
1589 3752 1648 3807 δὲ
1679 3753 1789 3809 τῶν
1813 3756 1932 3814 ἐπιέ

349 3833 708 3908 τηδευμάτωκ
761 3834 854 3888 καὶ
903 3831 1010 3886 τῶν
1049 3832 1326 3904 ὀνομάτων
1367 3835 1500 3888 αὐτὸ
1531 3836 1758 3908 ἐνέφηνε
1783 3878 1798 3903 ,
1839 3839 1930 3899 τὸν

349 3917 826 3986 παιδαγωγὸν.καὶ
867 3915 957 3969 τὸν
992 3916 1202 3986 πατέρα
1239 3916 1376 3981 θείς.
1427 3919 1563 3972 Ἐὰν
1603 3920 1734 3989 γὰρ,
1773 3923 1926 3993 φησι,

349 3999 622 4066 πολλοὺς
654 3998 1064 4075 παιδαγωγοὺς
1100 4000 1275 4068 ἔχητε
1296 4001 1367 4055 ἐν
1403 4002 1656 4070 Χριστῷ,
1685 4004 1824 4058 ἀλλ’
1857 4009 1929 4061 οὺ

349 4083 622 4150 πολλοὺς
650 4082 928 4150 πατέρας.
954 4084 1028 4135 Οὐ
1050 4083 1110 4133 τὸ
1138 4083 1353 4153 ἀξίωμα
1381 4085 1642 4156 ἐμφαίνει
1667 4088 1925 4156 ἐνταῦθα,

349 4167 488 4224 ἀλλά
507 4167 606 4236 τῆς
645 4167 864 4236 ἀγάπης
894 4166 992 4235 τὴν
1030 4165 1356 4237 ὑπερϐολήν.
1387 4168 1497 4222 Καὶ
1537 4168 1659 4222 ούδέ
1686 4172 1929 4237 ἐκείνους

349 4250 571 4321 ἔπληξε,
608 4250 690 4316 τὸ,
729 4251 831 4303 Ἑν
874 4246 1124 4317 Χριστῷ,
1164 4249 1442 4324 προσθεὶς,
1481 4251 1617 4305 ἀλλά
1653 4255 1746 4307 καὶ
1790 4273 1933 4328 παρη

347 4335 661 4406 εμυθήσατο
687 4334 905 4398 αὐτοὺς,
940 4333 1063 4403 οὐχὶ
1090 4331 1348 4397 κόλακας,
1378 4334 1515 4393 ἀλλά
1551 4337 1930 4408 παιδαγωγοὺς

346 4420 516 4476 εἰπὼν
531 4420 658 4482 τοὺς
679 4415 1080 4482 σπουδάζοντας
1100 4419 1194 4470 καί
1210 4418 1570 4488 ἀνεχομένους
1591 4421 1700 4475 τῶν
1717 4423 1894 4478 πόνων
1910 4441 1926 4454 ο

345 4507 440 4560 καὶ
461 4504 561 4576 τὴν
601 4501 798 4564 ἐαυτοῦ
848 4500 1174 4572 κηδεμονίαν
1205 4501 1545 4567 ἀπεδείξατο.
1586 4504 1682 4558 Διὸ
1711 4507 1814 4560 οὐκ
1851 4502 1933 4560 εἷς

346 4605 448 4643 πεν
465 4626 483 4653 ,
525 4586 664 4641 Ἀλλ’
691 4588 751 4641 ού
783 4585 1014 4648 πολλοὺς
1047 4584 1424 4648 διδασκάλους,
1461 4586 1602 4653 ἀλλ’,
1637 4591 1722 4643 οὐ
1749 4589 1928 4643 πατέ-

339 4686 474 4739 ρας.
507 4668 695 4731 Οὕτως
735 4668 839 4723 οὐκ
873 4667 1092 4737 ἀξίωμα
1129 4667 1307 4726 θεῖναι
1339 4667 1613 4732 ἐϐούλετο,
1648 4669 1770 4722 ούδέ
1793 4711 1809 4735 ,
1845 4673 1928 4726 ὅτι

348 4753 570 4806 πλείονα
595 4753 725 4822 παρ’
755 4750 920 4804 αὑτοῦ
951 4750 1256 4822 ὡφέληντο,
1281 4749 1490 4816 διδάξαι
1516 4767 1538 4797 ⁸-
1559 4753 1698 4807 ἀλλά
1720 4771 1931 4825 συγχω-

350 4838 524 4908 ρήσας
561 4834 790 4898 ἐκείνοις
835 4834 903 4888 τά
934 4834 1108 4888 πολλά
1155 4834 1286 4906 περὶ
1324 4836 1525 4900 αὐτοὺς
1561 4839 1928 4909 πεπονηκέναι

350 4916 606 4988 (τοιοῦτον
639 4916 748 4989 7&9
779 4917 808 4968 0
836 4916 1226 4988 παιδαγωγὸς),
1255 4917 1353 4989 τὴν
1385 4918 1484 4988 τῆς
1517 4919 1739 4991 ἀγάπης
1764 4922 1932 4993 ὑπερ-

349 5001 510 5070 ϐολὴν
538 4998 715 5075 ἐαυτῴ
732 4999 1072 5069 ταμιεύεται.
1101 5000 1358 5054 Τοιοῦτον
1386 5001 1496 5072 7&9
1524 5002 1557 5059 ἁ
1578 5004 1785 5075 πατήρ.
1817 5005 1928 5057 Καὶ

347 5084 410 5136 οὑ
449 5083 595 5152 λέγει
625 5083 805 5154 μόνον,
849 5083 930 5140 ὅτι
976 5084 1166 5147 Οὐδεὶς
1193 5085 1339 5153 ὑμᾶς
1380 5085 1522 5138 οὕτω
1561 5075 1744 5156 φιλεῖ,
1790 5089 1926 5158 ὅπερ

347 5174 634 5228 ἀνεύθυνον
662 5171 760 5248 ἦν,
796 5175 934 5228 ἀλλά
973 5176 1076 5234 καὶ,
1105 5178 1341 5248 πρᾶγμα
1379 5179 1605 5248 γεγονὸς
1641 5180 1723 5242 εἰς
1756 5180 1923 5251 μέσον

348 5259 493 5327 ἀγει.
515 5260 684 5312 ’Ποῖον
725 5259 792 5331 δὴ
822 5259 1017 5325 τοῦτο;
1057 5261 1161 5318 Ἐν
1188 5261 1299 5330 τὰρ
1330 5261 1559 5330 Χριστῷ
1598 5263 1802 5331 Ἰησοῦ
1831 5263 1930 5318 διὰ

349 5341 456 5397 τοῦ
483 5344 854 5412 Εὐαγγελίου
883 5342 1000 5414 ἐγὼ
1027 5342 1184 5414 ὑμᾶς
1216 5344 1537 5414 ἐγέννησα.
1574 5348 1671 5401 Ἐν
1696 5345 1929 5416 Χριστῷ

361 5427 599 5496 Ἰησοῦ·
626 5427 727 5479 οὐκ
755 5425 981 5497 ἐμαυτῷ
1011 5425 1174 5480 τοῦτο
1211 5427 1520 5496 λογίζομαι,
1567 5429 1721 5500 φησί.
1757 5430 1927 5484 Πάλιν

347 5513 474 5575 τοὺς
496 5512 706 5574 ἑαυτοῖς
733 5509 1168 5580 ἐπιφημίζοντας
1184 5511 1286 5582 τὴν
1298 5511 1650 5566 διδασκαλίαν
1675 5515 1921 5586 πλήττει.

357 5594 555 5666 ’Υμεῖς
573 5593 686 5664 γάρ
709 5594 869 5657 ἐστε,
900 5594 1087 5664 φησιν,
1113 5595 1154 5662 ἠ
1177 5595 1438 5663 σφραγίς
1465 5593 1576 5665 τῆς
1607 5595 1758 5667 ἐμῆς
1783 5598 1928 5652 ἀπο-

347 5679 610 5748 στολῆςο
640 5679 735 5733 καὶ
768 5677 951 5746 πάλιν,
995 5678 1144 5750 Ἐγὼ
1182 5679 1510 5749 ἐφύτευσεν
1539 5680 1640 5738 καὶ,
1669 5680 1922 5749 ἐνταῦθα,

411 5915 458 5977 ³,
468 5914 639 5973 Deerat
659 5918 890 5967 τουτέστι.

1121 298 1182 355 S.
1218 293 1504 351 JOANNIS
1540 293 2033 352 CllRYSOSTOMl
2076 294 2393 355 ARCIIIEP.
2435 297 2987 356 CONSTANTINOP.
3527 304 3616 360 ιιο

2066 420 2212 490 Ἐγὼ
2237 421 2554 494 ἐγέννησα.
2598 426 2712 480 Οὐκ
2749 424 2869 480 εἶπε
2896 467 2911 492 ,
2955 426 3304 498 Κατήγγειλα
3331 425 3422 478 τὸν
3452 427 3622 495 λόγον,

2050 504 2193 570 ἀλλ’.
2231 506 2378 578 Ἐγὼ
2397 508 2720 577 ἐγέννησα,
2761 513 2875 572 τοῖς
2897 511 2994 581 τῆς
3034 511 3248 580 φύσεως
3275 511 3503 580 ὀνόμασι
3535 527 3621 561 κε-

2048 591 2339 660 χρημένος.
2376 594 2471 646 Ἓν
2511 594 2620 665 7&9
2663 595 2982 661 ἐσπούδαζε,
3021 594 3122 666 τὴν
3171 595 3395 663 ἀγάπην
3432 593 3621 645 ἐπιδεί-

2045 673 2262 739 ξασθαι,
2301 676 2369 747 ἦν
2419 679 2546 749 περὶ
2589 679 2785 741 αὐτοὺς
2841 675 3007 749 εῖχεν.
3077 679 3307 732 Ἐκεῖνοι
3365 677 3464 747 μέν
3521 680 3622 746 γὰρ

2045 758 2176 826 παρ’
2200 759 2332 829 ἐμοῦ
2360 761 2643 832 δεξάμενοι
2678 765 2947 834 ἐνήγαγον
2978 764 3157 834 ὑμᾶς·
3195 763 3260 815 τὸ
3285 763 3344 815 δὲ
3376 757 3517 814 εἶναι
3541 777 3620 811 πι-

2047 843 2239 908 στοὺς,
2281 843 2350 897 δι’
2403 845 2538 915 ἐμοῦ
2583 846 2827 915 γέγονεν.
2887 849 3105 920 Ἐπειδὴ
3140 847 3250 919 7&9
3296 844 3472 911 εἶπεν,
3529 846 3618 910 Ὡς

2044 924 2246 990 τέκνα,
2293 928 2377 982 ἵνα
2419 929 2496 1000 μὴ
2529 931 2820 994 κολακείας
2867 927 3006 985 εἶναι
3060 932 3292 1004 νομίσῃς
3339 931 3404 986 τὸ
3453 931 3618 1002 ῥῆμα,

2044 1009 2339 1079 παρίστησι
2378 1013 2472 1066 καὶ
2511 1013 2573 1065 τὸ
2619 1015 2870 1085 πρᾶγμα.
2924 1011 3256 1082 Παρακαλῶ
3295 1008 3411 1067 οὖν
3450 1011 3618 1080 ὑμᾶς,

2037 1094 2288 1159 μιμηταί
2301 1112 2420 1162 μου
2441 1097 2701 1165 γίνεσθε,
2718 1097 2915 1164 καθὼς
2931 1095 3094 1166 κάγὼ
3110 1096 3396 1164 Χριστοῦ.
3416 1095 3584 1147 Βαϐαί
3604 1097 3617 1147 !

2045 1174 2184 1244 πόση
2219 1176 2314 1232 τοῦ
2342 1178 2664 1233 διδασκάλου
2695 1181 2728 1249 η
2763 1181 3084 1252 παρῤησίαῑ
3148 1182 3264 1243 πῶς
3297 1179 3620 1250 ἀπηκριϐω-

2045 1256 2181 1327 μένη
2210 1260 2242 1328 ἡ
2268 1259 2451 1326 εἰκὼν,
2473 1263 2601 1316 ὅταν
2624 1263 2717 1321 καὶ
2745 1264 2965 1334 ἐτέρους
2985 1265 3078 1317 ἐπὶ
3109 1262 3266 1316 τοῦτο
3292 1263 3615 1334 παρακαλῇἰ

2043 1338 2159 1393 Οὐκ
2185 1341 2427 1413 ἐπαίρων
2456 1344 2514 1396 δὲ
2536 1345 2730 1397 ἑαυτὸν
2756 1345 2911 1402 τοῦτο
2941 1349 3103 1413 ποι-εἰ,
3136 1346 3273 1400 ἀλλά
3297 1346 3513 1409 δεικνὺς
3532 1345 3621 1397 εὖ-

2043 1422 2197 1476 κολον
2224 1419 2391 1482 οὖσαν
2417 1425 2516 1497 τὴν
2541 1427 2764 1500 ἀρετήν.

2110 1581 2179 1642 γ’.
2196 1576 2288 1648 Μὴ
2300 1577 2407 1647 γάρ
2427 1577 2801 1651 μοιείπῃς,ὂτι
2821 1578 2896 1631 Οὐ
2917 1577 3221 1649 δύναμαίσε
3249 1577 3615 1649 μιμήσασθαι·

2042 1658 2108 1712 σὺ
2136 1659 2460 1725 διδάσκαλος
2490 1657 2563 1728 εἰ,
2597 1663 2695 1716 καὶ
2729 1661 2928 1732 μέγας.
2960 1663 3035 1715 Οὐ
3071 1663 3180 1733 γάρ
3218 1663 3336 1713 ἐστι
3365 1661 3617 1713 τοσοῦτον

2038 1742 2101 1796 τὸ
2129 1744 2291 1815 μέσον
2315 1744 2452 1815 ἐμοῦ
2479 1745 2616 1816 πρὸς
2638 1746 2805 1817 ὑμᾶς,
2821 1747 2945 1799 ὅσον
2960 1745 3052 1802 τοῦ
3077 1745 3314 1817 Χριστοῦ
3338 1746 3478 1817 πρὸς
3498 1746 3614 1816 ἐμέ·

2039 1827 2157 1881 ἀλλ’
2198 1830 2348 1900 ὅμως
2379 1831 2742 1903 ἐμιμησάμην
2775 1833 2980 1884 ἐκεῖνον
3010 1831 3137 1901 ἐγώ.
3184 1830 3354 1884 Ὅταν
3389 1831 3490 1900 μὲν
3527 1827 3617 1883 οὖν

2051 1914 2320 1982 Ἐφεσίοις
2345 1915 2554 1988 γράφῃ,
2588 1915 2649 1968 ού
2675 1915 2856 1985 τίθησι
2883 1915 3046 1986 μέσον
3077 1915 3290 1979 ἐαυτὸν,
3321 1913 3436 1966 ἀλλ’
3460 1913 3618 1978 εὐθὺς

2040 1996 2194 2070 [H2]
2220 2000 2419 2063 αὐτοὺς
2453 1999 2571 2052 ἐκεῖ
2603 1999 2811 2062 πάντας
2835 1999 3058 2065 ἀπάγει,
3089 2000 3344 2052 Γίνεσθε
3370 1998 3614 2068 μιμηταί

2037 2082 2144 2136 τοῦ
2178 2083 2347 2148 Θεοῦ,
2383 2082 2579 2155 λέγων·
2612 2082 2846 2136 ἐνταῦθα
2873 2081 2951 2150 δὲ,
2977 2081 3164 2153 ἐπειδὴ
3193 2082 3328 2152 πρὸς
3375 2083 3617 2145 ἀσθενεῖς

2035 2160 2103 2240 ἦν
2130 2167 2158 2219 0
2189 2165 2349 2234 λόγος
2376 2164 2547 2236 αὐτῷ,
2585 2165 2777 2218 ἐαυτὸν
2809 2164 3166 2234 παρενέϐαλε.
3199 2165 3308 2217 Καὶ
3346 2163 3524 2226 άλλως
3559 2163 3615 2217 δὲ

2035 2249 2328 2313 δείκνυσιν,
2352 2250 2436 2303 ὅτι
2463 2249 2541 2302 ἔνι
2568 2249 2664 2305 καὶ
2697 2248 2842 2302 οὕτω
2868 2248 2959 2301 τὸν
2993 2249 3038 2301 Χ
3047 2247 3227 2320 ριστὸν
3249 2247 3614 2319 μιμήσασθαι.

2049 2333 2105 2389 '0
2136 2333 2247 2406 7&9
2276 2335 2374 2405 τὴν
2408 2333 2682 2406 σφραγῖδα
2731 2333 3112 2405 μιμησάμενος
3152 2333 3250 2405 τὴν
3292 2333 3615 2402 ἀπηκριϐω-

2039 2417 2241 2488 μένην,
2289 2417 2352 2470 τὸ
2390 2417 2697 2488 ἀρχέτυπον
2733 2416 3064 2487 ἐμιμήσατο.
3103 2416 3331 2486 Ἰδωμεν
3370 2411 3464 2469 οὖν
3501 2415 3616 2480 πῶς

2034 2499 2193 2563 αὐτὸς
2223 2501 2537 2569 ἐμιμήσατο
2559 2498 2652 2552 τὸν
2676 2499 2933 2572 Χριστόν.
2976 2499 3040 2552 Ἦ
3067 2498 3178 2571 7&9
3205 2499 3441 2570 μίμησις
3479 2499 3618 2569 αῦτη

2034 2581 2094 2634 ού
2112 2582 2317 2652 χρόνων
2334 2583 2508 2635 δεῖται
2527 2583 2623 2635 καὶ
2641 2583 2858 2654 τέχνης,
2874 2581 3010 2635 ἀλλά
3031 2582 3408 2653 προαιρέσεως
3427 2582 3612 2652 μόνης.

2034 2663 2130 2728 Εἰς
2171 2664 2463 2736 ζωγράφου
2505 2664 2605 2736 μὲν
2643 2665 2752 2738 7&9
2803 2664 3137 2728 εἰσελθόντες
3171 2665 3230 2716 οὐ
3269 2663 3614 2732 δυνησόμεθα

2037 2748 2379 2818 μιμήσασθαι
2408 2749 2507 2817 τὴν
2527 2749 2734 2814 εἰκόνα,
2765 2749 2868 2802 κᾶν
2893 2748 3153 2820 μυριάκις
3180 2747 3404 2817 ἴδωμεν·
3428 2747 3614 2800 τοῦτον

2033 2831 2090 2885 δέ
2123 2832 2216 2884 καὶ
2239 2831 2298 2898 ἐξ
2323 2831 2640 2902 ἀκροάσεως
2678 2832 2847 2904 μόνης
2887 2831 2965 2885 ἐνι
3011 2831 3380 2902 μιμήσασθαι.
3409 2831 3615 2885 Οὐκοῦν

2035 2914 2290 2985 βούλεσθε
2323 2917 2413 2967 τὸν
2448 2914 2653 2967 πίνακα
2681 2917 2762 2978 εἰς
2800 2914 2965 2985 μέσον
2995 2916 3316 2984 ἀγαγόντες,
3371 2916 3615 2986 ὑπογρά-

2030 2997 2221 3068 ψωμεν
2265 2999 2350 3065 ἐφ’
2385 2998 2539 3068 ὑμῶν
2579 2999 2679 3072 τὴν
2726 2997 3000 3051 πολιτείαν
3046 2996 3142 3050 τοῦ
3186 2997 3438 3065 Παύλου;
3478 3001 3618 3068 Προ-

2033 3081 2235 3135 κείσθω
2277 3082 2457 3135 τοίνυν
2502 3084 2530 3136 0
2577 3081 2743 3150 πίναξ
2789 3081 2922 3135 πολὺ
2965 3081 3344 3153 λαμπρότερος
3385 3084 3461 3136 ῶν
3508 3083 3616 3136 τῶν

2033 3165 2329 3238 βασιλικῶν
2367 3167 2610 3220 εἰκόνων.
2649 3167 2722 3219 T0
2753 3158 2860 3238 γὰρ
2894 3166 3274 3236 ὑποκείμενον,
3301 3167 3362 3220 ού
3404 3167 3617 3232 σανίδες

2031 3251 2432 3320 κεκολλημέναι
2469 3251 2591 3309 οὐδὲ
2635 3250 2874 3314 σινδόνες
2903 3251 3270 3321 ἐπικείμεναι,
3309 3250 3426 3304 ἀλλ’
3456 3251 3616 3322 ἔργον

2031 3332 2167 3388 Θεοῦ
2191 3334 2252 3387 τὸ
2276 3333 2655 3404 ὑποκείμενον·
2681 3333 2830 3404 ψυχὴ
2852 3333 2962 3404 γάρ
2979 3335 3096 3386 ἐστι
3120 3335 3212 3387 καὶ
3240 3332 3421 3404 σῶμα.
3455 3335 3615 3406 Ψυχὴ

2030 3418 2168 3474 Θεοῦ
2197 3417 2384 3490 ἔργον,
2412 3417 2515 3471 οὐκ
2544 3416 2871 3488 ἀνθρώπων,
2889 3419 2983 3470 καὶ
3017 3417 3178 3488 σῶμα
3206 3419 3370 3473 πάλιν
3393 3419 3593 3489 ὁμοίως

2043 3502 2408 3574 Ἐκροτὴσατε
2440 3500 2711 3564 ἐνταῦθα;
2753 3501 2895 3555 Ἀλλ’
2924 3501 3027 3557 οὐκ
3053 3501 3289 3557 ἐνταῦθα
3321 3502 3433 3557 τῶν
3491 3505 3617 3574 κρό-

2029 3603 2138 3643 των
2163 3587 2192 3638 0
2229 3585 2441 3655 καιρὸς,
2469 3585 2586 3639 ἀλλ’
2611 3587 2706 3638 ἐπὶ
2740 3585 2851 3639 τῶν
2892 3585 3020 3656 ἐξῆς
3066 3587 3163 3640 καὶ
3205 3586 3302 3640 τοῦ
3348 3589 3617 3660 κροτῆσαι

2031 3667 2242 3721 καὶτοῦ
2275 3667 2538 3738 ζηλῶσαι.
2570 3667 2722 3732 Τέως
2761 3671 2870 3740 7&9
2917 3670 2954 3740 ἡ
2995 3667 3096 3740 ὕλη
3135 3669 3422 3724 ὑπόκειται
3463 3673 3617 3744 κοινὴ

2031 3753 2170 3823 πρὸς
2201 3752 2447 3815 ἅπαντας
2467 3746 2622 3808 οὖσα.
2643 3753 2804 3826 Ψυχὴ
2835 3753 2941 3824 7&9
2962 3752 3140 3825 ψυχῆς
3163 3753 3317 3807 οὐδὲν
3344 3755 3614 3826 διαφέρει,

2030 3835 2170 3893 καθὸ
2189 3833 2362 3906 ψυχὴ,
2393 3834 2508 3888 ἀλλ’
2589 3836 2908 3906 προαίρεσις
2931 3835 3173 3893 δείκνυσι
3200 3836 3299 3908 τὴν
3325 3837 3614 3909 διαφοράν.

2033 3919 2246 3992 ’Ὥσπερ
2271 3919 2382 3994 γάρ
2417 3918 2578 3988 σῶμα
2607 3919 2860 3990 σώματος
2879 3963 2892 3985 ,
2926 3919 3060 3977 καθό
3089 3922 3208 3974 ἐστι
3242 3920 3426 3992 σῶμα,
3461 3923 3616 3975 οὐδὲν

2029 4003 2362 4075 διενήνοχεν,
2391 4002 2508 4056 ἀλλ’
2553 4003 2737 4074 ὅμοιόν
2772 4003 2892 4058 ἐστι
2921 4004 3017 4056 καὶ
3043 4004 3105 4056 τὸ
3136 4003 3231 4058 τοῦ
3267 4004 3486 4058 Παύλου
3520 4008 3615 4059 καὶ

2029 4086 2137 4146 ⁶τῶν
2173 4085 2408 4152 πολλῶν,
2453 4087 2502 4140 οἰ
2535 4085 2592 4139 δὲ
2622 4085 2855 4143 κίνδυνοι
2897 4087 3251 4158 φαιδρότερον
3285 4089 3614 4158 ἐργάζονται

2029 4169 2189 4224 τοῦτο
2221 4169 2450 4222 ἐκείνουο
2482 4167 2627 4222 οὕτω
2658 4167 2724 4240 δὴ
2763 4169 2858 4222 καὶ
2900 4170 2992 4222 ἐπὶ
3029 4169 3234 4241 ψυχῆς.
3273 4171 3619 4226 ’Υποκείσθω

2027 4253 2206 4306 τοίνυν
2231 4255 2260 4306 0
2296 4251 2459 4317 πίναξ
2490 4255 2623 4323 ἡμῖν
2663 4255 2695 4323 ἡ
2725 4243 2890 4326 ’ψυχὴ
2929 4253 3169 4308 Παύλου.
3205 4250 3372 4317 Οὗτος
3394 4256 3424 4307 0
3452 4257 3615 4321 πίναξ

2031 4335 2212 4397 ἔκειτο
2251 4335 2444 4408 πρώην
2467 4333 2870 4405 ὴσϐολωμένος,
2926 4336 3199 4406 ἀραχνίων
3221 4337 3408 4407 γέμων
3426 4357 3438 4368 ·
3461 4340 3614 4392 οὐδὲν

2029 4418 2138 4490 7&9
2161 4408 2511 4490 βλασφημίας
2530 4419 2740 4489 χεῖρον.
2763 4416 3056 4489 Ἐπειδὴδέ
3076 4415 3238 4488 ἦλθεν
3261 4421 3289 4471 0
3314 4420 3490 4474 πάντα
3515 4440 3614 4490 με-

2027 4500 2405 4565 τασκευάζων,
2437 4501 2532 4556 καὶ
2576 4497 2716 4553 εἶδεν
2746 4501 2806 4560 00,
2845 4503 2996 4571 παρά
3030 4500 3306 4573 ῥᾳθυμίαν
3348 4505 3442 4558 καὶ
3479 4504 3613 4574 βλαο

2029 4584 2185 4638 κείαν
2217 4583 2360 4637 αῦτω
2384 4581 2776 4653 διαγραφέντα,
2825 4583 2965 4641 ἀλλά
3007 4582 3159 4655 παρά
3190 4585 3470 4656 ἀπειρίαν,
3518 4587 3613 4639 καὶ

2029 4666 2090 4723 τὸ
2123 4665 2198 4737 μὴ
2229 4665 2374 4734 ἔχειν
2401 4665 2471 4717 τὰ
2498 4664 2636 4738 ἄνθη
2665 4665 2767 4736 τῆς
2798 4666 3086 4729 εὐσεϐείας
3131 4668 3334 4738 (ζῆλον
3365 4669 3469 4738 μὲν
3505 4671 3610 4741 γάρ

2028 4748 2165 4822 εἶχε,
2195 4749 2262 4803 τά
2293 4749 2348 4802 δέ
2374 4747 2646 4821 χρώματα
2677 4751 2739 4803 οὐ
2769 4751 2974 4822 παρῆνο
2999 4751 3060 4803 ού
3086 4750 3194 4820 γὰρ
3219 4753 3343 4805 κατ’
3373 4753 3616 4822 ἐπίγνω-

2031 4853 2114 4888 σιν
2142 4836 2231 4893 τὸν
2265 4833 2428 4904 ζῆλον
2469 4829 2605 4904 εἷχε)
2627 4847 2641 4863 ⁸
2669 4833 2887 4890 δίδωσιν
2917 4833 3070 4902 αύτῷ
3109 4837 3210 4905 τῆς
3239 4836 3504 4907 ἀληθείας
3552 4838 3620 4890 τὸ

2027 4917 2208 4982 άνθος,
2259 4918 2531 4979 τουτέστι,
2567 4918 2667 4988 τὴν
2710 4917 2905 4992 χάριν·
2954 4917 3051 4972 καὶ
3094 4918 3292 4988 ἀθρόον
3325 4918 3614 4991 βασιλικὴν

2027 5001 2277 5067 ἀπέδειξε
2309 5001 2410 5071 τὴν
2444 5001 2648 5055 εἰκόνα.
2699 5001 2897 5055 Λαϐὼν
2935 5002 3046 5073 γὰρ
3077 5001 3146 5056 τά
3184 5002 3483 5074 χρώματα,
3519 5009 3616 5059 καὶ

2032 5085 2219 5158 μαθὼν
2251 5086 2396 5156 άπερ
2425 5084 2611 5154 ἠγνόει
2630 5121 2647 5148 ,
2675 5084 2778 5138 οὐκ
2813 5085 3068 5154 ἀνέμεινε
3106 5087 3298 5156 χρόνον
3317 5079 3357 5153 ,’
3377 5087 3493 5140 ἀλλ’
3518 5091 3618 5142 εύ-

2029 5169 2167 5233 θέως
2200 5169 2372 5238 ἐφάνη
2404 5167 2658 5238 τεχνίτης
2689 5168 2931 5238 ἀριστος.
2980 5169 3092 5224 Καὶ
3123 5170 3342 5238 πρῶτον
3371 5169 3616 5223 δείκνυσι

2025 5255 2127 5326 τὴν
2149 5252 2393 5325 κεφαλὴν
2427 5251 2734 5324 βασιλικὴν,
2763 5253 2854 5306 τὸν
2886 5252 3120 5326 Χριστὸν
3147 5253 3457 5323 κηρύττων·
3492 5251 3611 5306 εἶτα

2028 5338 2124 5392 καὶ
2153 5338 2215 5389 τὸ
2239 5335 2424 5390 λοιπὸν
2451 5334 2633 5407 σῶμα,
2657 5336 2718 5390 τὸ
2745 5335 2846 5407 τῆς
2878 5335 3156 5398 πολιτείας
3184 5336 3288 5406 τῆς
3317 5327 3619 5407 ἀκριϐοῦς⁸

2028 5421 2093 5474 Οἰ
2134 5421 2231 5491 μὲν
2262 5414 2356 5478 οὖν
2381 5418 2666 5489 ζωγράφοι
2695 5418 3156 5482 κατακλείσαντες
3185 5419 3439 5485 ἑαυτοὺς,
3466 5424 3617 5490 μετά

2027 5503 2228 5578 πολλῆς
2255 5504 2353 5574 τῆς
2381 5501 2669 5574 ἀκριϐείας
2699 5501 2793 5555 καὶ
2822 5501 3055 5573 ἡσυχίας
3080 5503 3300 5556 ἅπαντα
3339 5505 3618 5572 πράττουο

2029 5605 2113 5641 σιν
2136 5627 2158 5652 ,,
2191 5586 2365 5639 οὐδενὶ
2395 5585 2493 5648 τάς
2529 5583 2700 5655 θύρας
2754 5585 3178 5656 παρανοίγοντες
3202 5600 3217 5614 °
3269 5581 3426 5650 οὗτος
3463 5588 3524 5641 δὲ
3556 5591 3617 5641 ἐν

2029 5670 2180 5742 μέσῳ
2227 5669 2325 5740 τῆς
2371 5667 2696 5738 οἰκουμένης
2740 5668 2832 5721 τὸν
2864 5667 3068 5722 πίνακα
3100 5669 3344 5740 προθεὶς,
3390 5671 3614 5724 πάντων

2026 5751 2471 5821 ἐναντιουμένων,
2526 5748 2902 5822 θορυϐούντων
2920 5791 2936 5815 ,
2987 5753 3399 5822 ταραττόντων,
3435 5753 3617 5817 οὕτως

2029 5834 2316 5907 εἰργάζετο
2359 5835 2459 5904 τὴν
2506 5834 2793 5905 βασιλικὴν
2842 5832 3049 5906 ταύτην
3101 5836 3308 5901 εἰκόνα,
3363 5839 3461 5890 καὶ
3505 5839 3614 5890 οὐκ

2033 5917 2318 5974 ἐκωλύετο.
2365 5917 2454 5972 Διὸ
2497 5918 2588 5971 καὶ
2639 5917 2828 5986 ἔλεγεσ
2878 5917 3116 5992 Θέατρον
3159 5920 3498 5992 ἐγενήθημεν
3531 5920 3618 5990 τῷ
