3838 6214
195 322 296 377 ")9

188 450 333 492 cere.
378 429 617 485 Omnium
651 426 935 499 peripsema
978 439 1134 495 usque
1167 422 1357 476 adhuc.
1388 422 1771 476 Vehementem

187 525 398 596 plagam
427 521 631 578 inducit
673 520 726 574 in
754 519 881 573 ﬁne.
917 515 1181 583 Omnium,
1212 514 1403 585 inquit,
1449 528 1556 568 non
1584 527 1773 583 perse-

184 615 485 687 quentium.
536 610 632 668 sed
676 625 865 665 eorum
910 616 1129 678 propter
1171 621 1308 677 quos
1338 606 1452 660 hate
1498 604 1773 673 patimur:

184 708 292 763 hoc
340 715 443 770 est,
471 703 713 774 Magnam
745 701 877 771 ipsis
918 699 1145 771 gratiam
1188 697 1379 752 habeo.
1419 695 1665 751 Graviter
1689 692 1775 749 fe-

183 801 356 856 rentis
380 807 467 853 est
488 796 733 861 verbum,
767 808 873 848 non
901 790 1047 863 quod
1073 791 1188 860 ipse
1229 798 1475 858 angatur,
1504 786 1602 842 sed
1632 784 1775 855 quod

184 890 312 944 illos
350 887 708 959 perStringere
752 884 902 939 velit.
952 881 1084 936 Nam
1134 880 1226 950 qui
1267 888 1443 949 potest
1488 879 1770 933 innumera

185 982 429 1054 proferre
472 980 720 1045 crimina,
766 976 888 1030 illos
930 974 1148 1029 salutat.
1194 971 1318 1027 ldeo
1338 971 1493 1040 jubet
1528 968 1774 1038 Christus

185 1071 541 1129 contumelias
579 1083 677 1123 nos
719 1074 998 1121 mansuete
1024 1065 1181 1127 ferre,
1230 1070 1367 1116 utet
1406 1061 1507 1131 ipsi
1536 1059 1773 1129 philoso-

184 1166 437 1235 phemur,
466 1170 521 1217 et
549 1158 969 1216 contumeliosos
1005 1154 1209 1225 pudore
1252 1152 1420 1222 magis
1448 1151 1766 1206 afﬁciamus.

183 1255 305 1310 Non
331 1255 474 1310 enim
512 1252 586 1306 ita
624 1247 949 1305 contumelia
988 1245 1251 1310 alliciens,
1287 1252 1343 1298 ut
1369 1244 1533 1298 silens
1562 1242 1664 1297 hoc
1693 1240 1772 1297 fa-

183 1349 277 1405 cit.
336 1344 541 1403 Deinde
584 1344 706 1415 quia
752 1342 883 1397 vidit
929 1340 1324 1396 intolerabilem
1377 1353 1498 1394 esse
1540 1339 1767 1408 plagam,

182 1442 366 1496 statim
411 1440 485 1494 illi
526 1437 771 1493 medetur
807 1436 991 1490 dicens
1021 1452 1035 1489 :
1070 1434 1157 1489 14.
1192 1431 1315 1487 Non
1361 1442 1412 1485 ut
1457 1430 1772 1502 confundam

84 1544 91 1547 “
181 1550 269 1588 vos
294 1533 404 1586 haec
433 1529 613 1594 scribo,
641 1529 731 1583 sed
757 1537 811 1582 ut
850 1526 988 1598 ﬁlios
1013 1543 1149 1582 meos
1188 1526 1396 1581 dilectos
1421 1540 1623 1579 moueo.
1653 1523 1770 1578 Non

182 1635 241 1681 ut
268 1621 478 1697 pudore
503 1621 737 1677 afﬁciam
778 1633 895 1687 vos,
940 1618 1130 1690 inquit,
1168 1617 1284 1673 haec
1311 1617 1455 1672 dico.
1488 1614 1642 1684 Quod
1673 1629 1771 1686 per

180 1720 346 1775 verba
372 1717 518 1782 fecit,
547 1731 606 1772 se
631 1730 738 1770 non
770 1713 963 1769 fecisse
987 1711 1145 1778 dicit;
1187 1712 1296 1766 imo
1324 1725 1452 1765 vero
1491 1723 1551 1765 se
1578 1709 1769 1764 fecisse

178 1811 334 1877 dicit,
377 1808 472 1865 sed
520 1823 627 1863 non
678 1806 819 1861 malo
864 1804 1045 1859 animo
1090 1802 1173 1858 vel
1211 1817 1278 1858 ex
1322 1801 1467 1856 odio.
1519 1800 1644 1855 limo
1685 1808 1770 1854 est

180 1905 330 1962 enim
358 1905 558 1974 optima
600 1900 827 1965 curatio,
864 1913 986 1953 cum
1028 1897 1252 1953 verbum
1282 1896 1506 1960 dixeris,
1536 1907 1766 1950 excusa-

180 1998 387 2052 tionem
415 2011 477 2049 ex
507 2004 686 2048 mente
713 1991 974 2061 proferre.
1003 1989 1133 2044 Nam
1166 1988 1281 2044 hare
1309 2004 1412 2043 non
1441 1987 1620 2042 dicere
1660 2000 1767 2040 non

180 2088 399 2150 licebat,
429 2086 550 2156 quia
580 2083 865 2139 incorrecti
894 2084 1253 2138 mansissent:
1278 2089 1558 2149 postquam
1586 2087 1765 2133 autem

178 2179 414 2242 dixerat,
443 2175 649 2245 plagam
680 2173 973 2227 incnratam
1002 2171 1330 2240 relinquere,
1355 2184 1517 2239 grave
1543 2168 1763 2223 fuisset:

176 2285 346 2341 quare
383 2283 505 2323 cum
550 2266 807 2338 gravitate
847 2272 1086 2320 excusat.
1134 2264 1244 2318 Hoc
1272 2264 1415 2319 enirn
1459 2278 1566 2316 non
1596 2261 1759 2316 modo

176 2362 496 2417 incisionem
526 2373 631 2413 non
656 2357 812 2419 tollit,
836 2356 932 2412 sed
958 2357 1119 2411 etiam
1142 2355 1328 2422 efficit,
1357 2363 1414 2409 ut
1444 2353 1762 2424 profundius

174 2454 450 2525 inligatur,
501 2450 628 2506 dum
675 2451 841 2521 plaga:
884 2436 1128 2504 dolorem
1173 2463 1389 2503 omnem
1436 2445 1763 2502 consolatur.

174 2546 277 2613 Qui
298 2544 447 2599 enim
473 2541 623 2597 audit
648 2544 823 2611 ipsum
850 2554 959 2594 non
984 2538 1421 2608 exprobrantem,
1451 2537 1545 2592 sed
1573 2552 1762 2591 aman-

173 2647 281 2693 tem
313 2636 430 2691 hzec
451 2634 649 2698 dicere,
672 2632 924 2687 libentius
940 2631 1329 2687 correctionem
1359 2630 1572 2699 accipit.
1596 2628 1760 2682 Multa

174 2739 259 2786 est
282 2729 375 2784 hic
418 2740 635 2798 quoque
660 2725 898 2796 gravitas
936 2732 992 2778 et
1031 2723 1099 2777 ad
1133 2722 1387 2792 pudorem
1432 2722 1761 2792 provocatio.

174 2822 294 2879 Non
341 2821 488 2878 enim
519 2829 578 2874 ut
602 2819 814 2882 doctor,
864 2833 971 2872 non
1014 2827 1072 2871 ut
1116 2818 1415 2887 apostolus,
1446 2831 1552 2870 non
1592 2826 1647 2869 ttt
1674 2815 1765 2884 qui

174 2915 472 2985 discipulos
499 2912 750 2975 habeam,
776 2909 921 2981 quod
945 2908 1218 2981 dignitatis
1250 2918 1352 2975 est,
1386 2909 1501 2973 sed,
1534 2906 1601 2962 Ut
1628 2908 1764 2975 filios

174 3025 315 3062 meos
356 3006 645 3061 carissimos
671 3019 847 3057 moneo
876 3018 895 3053 :
924 3017 1024 3057 nec
1054 3010 1258 3055 tantum
1290 3000 1451 3065 ﬁlios,
1485 3000 1580 3055 sed
1616 3000 1764 3056 desi-

173 3101 417 3156 deratos.
464 3097 728 3170 ignoscite
778 3094 932 3161 mihi,
976 3094 1168 3164 inquit,
1216 3093 1260 3147 si
1306 3092 1435 3162 quid
1480 3093 1762 3146 molestum

174 3192 336 3247 dixi:
371 3190 489 3244 hate
538 3204 601 3243 ex
644 3186 928 3241 dilectione
970 3185 1121 3239 ﬁunt.
1164 3184 1273 3239 Nec
1300 3184 1455 3249 dixit,
1500 3182 1763 3252 Corripit),

173 3281 294 3346 sed,
330 3280 538 3334 Moneo.
581 3278 713 3347 Quis
739 3291 868 3332 vero
906 3291 1012 3331 non
1058 3274 1195 3330 ferat
1223 3284 1430 3345 patrem
1468 3274 1762 3339 dolentem,

173 3384 227 3428 et
253 3388 377 3443 qua:
398 3371 554 3426 decet
577 3369 947 3425 consulentem
964 3368 990 3421 ἲ
1020 3366 1142 3422 ideo
1170 3382 1273 3421 non
1297 3366 1411 3421 lucc
1443 3368 1586 3435 prius
1608 3366 1763 3431 dixit,

172 3463 270 3519 sed
305 3473 585 3533 postquam
613 3461 820 3530 plagam
844 3459 1129 3514 inllixerat.
1161 3457 1298 3525 Quid
1326 3458 1484 3527 ergo?
1507 3457 1754 3526 inquies;

174 3569 285 3609 non
320 3561 544 3621 parcunt
584 3551 741 3606 nobis
788 3550 874 3603 alii
903 3548 1188 3603 doctores?
1217 3547 1333 3602 Non
1374 3548 1452 3601 sic
1478 3546 1622 3615 dico,
1663 3546 1759 3601 sed

173 3660 280 3700 non
334 3648 407 3699 ita
454 3653 693 3714 parcunt.
740 3641 937 3696 Verum
969 3641 1072 3693 hoc
1113 3639 1327 3709 quidem
1378 3638 1612 3693 breviter
1656 3653 1762 3692 non

174 3736 335 3801 dixit,
364 3735 460 3790 sed
494 3750 588 3804 per
616 3733 791 3787 studia
832 3741 885 3788 et
915 3733 1129 3787 nomina
1158 3730 1261 3785 hoc
1288 3730 1562 3797 indicavit,
1594 3739 1657 3785 ut
1675 3730 1764 3799 qui

174 3827 533 3896 pardagogum
562 3824 795 3894 posuerit
824 3834 876 3877 et
906 3835 1133 3893 patrem.
1164 3822 1253 3877 15.
1283 3820 1422 3875 Nam
1442 3829 1487 3875 et
1512 3822 1557 3875 si
1582 3820 1767 3874 multos

174 3917 508 3987 pwdagogos,
540 3916 733 3986 inquit,
765 3915 990 3969 habeatis
1014 3916 1065 3967 iu
1091 3911 1312 3978 Christo,
1342 3913 1432 3967 sed
1457 3929 1558 3967 non
1585 3914 1768 3967 multos

174 4018 371 4077 patres.
419 4006 535 4061 Non
581 4007 895 4078 dignitatem
937 4006 1023 4061 hic
1068 4006 1324 4069 ostendit,
1376 4005 1473 4061 sed
1524 4005 1766 4060 caritatis

173 4097 643 4169 magnitudinem;
674 4112 849 4167 neque
894 4097 1015 4153 illos
1040 4096 1356 4167 perstrinxit
1379 4111 1501 4150 cum
1540 4095 1763 4161 addidit,

174 4188 243 4243 lu
274 4188 509 4256 Clu-isto,
540 4189 636 4245 sed
674 4188 986 4244 consolatus
1015 4197 1099 4243 est
1126 4188 1270 4255 illos,
1304 4202 1408 4241 non
1434 4188 1764 4254 adulatores,

172 4282 268 4336 sed
312 4280 636 4354 paedagogos
674 4296 871 4336 vocans
916 4281 1057 4347 illos,
1098 4280 1188 4351 qui
1234 4279 1411 4335 studia
1455 4290 1511 4336 et
1556 4281 1767 4335 labores

174 4373 443 4441 ferebant,
488 4370 748 4446 suamque
786 4390 970 4429 curam
1014 4373 1265 4428 ostendit.
1302 4372 1427 4428 ideo
1476 4389 1580 4427 non
1611 4372 1764 4439 dixit,

175 4464 281 4521 Sed
311 4482 423 4520 non
452 4467 648 4520 multos
671 4466 939 4531 doctores,
965 4464 1083 4531 sed,
1108 4463 1230 4517 Non
1258 4464 1445 4518 multos
1465 4474 1649 4534 patres.
1679 4464 1767 4519 Sic

178 4574 283 4617 non
334 4559 651 4629 dignitatem
698 4573 971 4631 apponere
1018 4557 1207 4623 voluit,
1254 4572 1428 4627 neque
1481 4557 1767 4613 ostendere

179 4651 320 4720 quod
344 4652 569 4705 multam
599 4651 877 4705 utilitatem
905 4650 973 4704 ab
998 4650 1113 4719 ipso
1134 4649 1496 4719 accepissent;
1523 4648 1619 4703 sed
1644 4663 1765 4703 cum

176 4744 563 4809 concessisset,
594 4744 735 4812 quod
767 4743 843 4796 illi
872 4742 1036 4795 multa
1064 4742 1437 4812 praestitissent
1464 4742 1592 4811 ipsis
1621 4742 1767 4811 (talis

174 4835 321 4888 enim
351 4844 469 4888 erat
487 4834 857 4904 ptedagogns),
880 4833 1180 4888 dilectionis
1206 4834 1638 4902 exsnperantiam
1664 4834 1765 4887 sibi

174 4938 448 4983 reservat.
474 4928 618 4981 Talis
637 4929 779 4982 enim
807 4935 891 4982 est
920 4936 1090 4996 pater.
1114 4924 1224 4981 Nec
1250 4925 1573 4991 dicitmodo,
1598 4924 1765 4981 Nemo

175 5030 272 5072 vos
317 5017 392 5072 ita
442 5028 607 5084 amat,
657 5018 798 5089 quod
841 5018 1043 5087 absque
1086 5016 1503 5087 reprehensione
1543 5017 1767 5083 fuisset;

176 5114 270 5170 sed
301 5129 421 5169 rem
455 5114 531 5169 uti
561 5121 710 5184 gesta
738 5122 821 5168 est
842 5113 894 5167 in
925 5112 1160 5168 medium
1191 5112 1426 5168 adducit.
1454 5110 1638 5181 Qualis
1679 5112 1766 5167 illa

172 5206 333 5261 erat?
364 5205 505 5260 Nam
550 5206 607 5259 in
634 5205 832 5261 Christo
879 5204 1007 5259 Jesu
1053 5222 1140 5276 per
1167 5205 1498 5277 anugelium
1541 5221 1633 5276 ego
1679 5220 1767 5259 vos

177 5301 357 5369 qenui.
412 5299 469 5353 In
519 5297 733 5354 Christo
788 5297 914 5353 Jesn
957 5315 971 5352 :
1019 5313 1124 5352 non
1176 5296 1305 5351 mihi
1352 5297 1454 5353 hoc
1496 5296 1764 5351 adscribo.

177 5390 391 5447 Rursus
413 5392 536 5448 illos
561 5394 768 5464 pungit,
791 5393 887 5464 qui
906 5391 1007 5446 sibi
1040 5390 1249 5445 laudem
1272 5390 1531 5445 doctrina:
1562 5390 1766 5445 tribue-

176 5483 334 5540 bant.
374 5482 476 5538 Vos
505 5484 640 5539 enim
685 5484 824 5549 estis,
871 5483 1060 5552 inquit,
1107 5482 1430 5552 signaculum
1457 5481 1769 5550 apostolatus

178 5578 280 5631 mei
310 5576 394 5650 (i.
426 5576 547 5632 Cor.
580 5577 634 5631 9.
662 5576 739 5646 2).
771 5577 838 5631 Et
867 5590 1103 5642 rursum,
1139 5574 1248 5646 Ego
1277 5576 1538 5645 plantam;
1574 5584 1629 5631 el
1659 5574 1764 5640 hic,

178 5668 294 5740 Ego
324 5671 499 5741 genui.
531 5670 648 5725 Non
676 5669 829 5733 dixit,
872 5669 1193 5725 Annuntiavi
1220 5668 1473 5732 verbum;
1508 5668 1624 5732 sed,
1662 5667 1768 5739 Ego

181 5762 361 5836 genui,
392 5774 599 5819 natura:
636 5777 763 5819 usus
792 5761 1122 5819 nominibus.
1150 5759 1325 5820 Unum
1350 5759 1493 5817 enim
1523 5759 1595 5815 illi
1625 5775 1767 5816 cura:

1238 308 1303 365 ΙΝ
1342 306 1532 364 EPIST
1574 306 1591 362 Ι
1652 305 1746 364 ΔΙ.)
1783 304 1939 363 COR.
1982 306 2209 366 ilOMlL.
2253 309 2389 365 XIII.

3367 317 3470 373 110

1886 431 2021 487 erat,
2054 431 2111 478 ut
2138 422 2481 481 dilectionem
2531 440 2658 497 erga
2686 424 2808 481 illos
2852 441 3002 482 suam
3043 430 3340 488 exhiberet.
3390 433 3471 489 Illi

1884 527 2115 584 namque
2140 530 2262 572 cum
2283 532 2313 571 a
2336 531 2422 573 me
2442 518 2794 587 accepissent,
2823 534 2918 575 vos
2943 520 3298 592 induxerunt;
3325 528 3470 596 quod

1881 615 2061 663 autem
2095 608 2284 664 ﬁdeles
2322 609 2461 675 sitis,
2496 625 2591 679 per
2638 626 2726 667 me
2764 612 2960 667 factum
3008 623 3109 669 est.
3142 616 3276 683 Quia
3322 618 3467 674 enim

1880 696 2039 762 dixit,
2074 697 2143 753 Ut
2171 699 2327 767 ﬁlios,
2356 716 2423 755 ne
2444 700 2768 757 adulationis
2790 705 3012 758 verbum
3041 720 3162 760 esse
3185 707 3467 762 existima-

1880 804 1988 855 res,
2024 804 2136 845 rem
2164 793 2334 860 ipsam
2359 795 2581 862 profert.
2624 794 2713 849 l6.
2742 793 2888 865 Rogo
2926 796 3081 865 igitur
3102 813 3209 863 vos,
3238 799 3468 853 imitato-

1877 895 1958 933 res
1983 881 2082 934 mei
2102 891 2278 949 estote,
2306 883 2433 937 sicut
2460 893 2508 937 et
2547 900 2639 955 ego
2680 882 2889 939 Christi.
2924 886 3104 955 Papae,
3150 898 3349 957 quanta
3375 890 3467 945 do.

1877 973 2042 1027 ctoris
2068 972 2281 1039 ﬁducia,
2311 990 2469 1045 quam
2493 986 2740 1031 accurata
2764 976 2961 1047 imago,
2988 993 3112 1034 eum
3138 980 3299 1035 etiam
3328 982 3466 1036 alios

1876 1062 1943 1117 ad
1972 1064 2075 1118 hoc
2101 1064 2363 1120 advocat?
2390 1065 2507 1121 Non
2539 1082 2660 1122 sese
2686 1068 2951 1125 extollens
2972 1079 3151 1124 autem
3182 1070 3286 1127 hoc
3309 1071 3460 1140 facit,

1876 1156 1969 1212 sed
1998 1167 2054 1212 ut
2077 1158 2326 1214 ostendat
2353 1160 2562 1215 facilem
2590 1174 2711 1216 esse
2739 1161 3015 1216 virtutem.

1946 1249 1999 1305 5.
2028 1248 2281 1304 Christum
2308 1251 2497 1305 imitari
2536 1268 2823 1321 possumus.
2856 1251 3212 1323 Chrysostomo
3239 1256 3451 1323 plaudi—

1876 1351 1981 1396 tur.
2032 1340 2189 1396 Pauli
2230 1354 2277 1397 et
2320 1345 2479 1413 ipsius
2522 1345 2763 1398 virtutum
2804 1345 3286 1415 descriptio.—-Ne
3331 1347 3459 1401 mihi

1875 1434 2017 1490 enim
2048 1434 2275 1502 dixeris,
2306 1435 2423 1491 Non
2450 1451 2665 1506 possum
2691 1447 2741 1492 te
2768 1437 2963 1492 imitari
2989 1456 3003 1491 :
3030 1448 3083 1493 tu
3112 1438 3300 1494 doctor
3323 1455 3383 1494 es
3405 1449 3463 1495 et

1876 1541 2123 1597 magnus.
2156 1527 2270 1582 Non
2298 1529 2440 1583 enim
2474 1538 2678 1585 tantum
2709 1532 2865 1600 spatii
2894 1531 3034 1586 inter
3060 1547 3145 1586 me
3170 1541 3227 1587 et
3251 1547 3348 1587 vos
3375 1534 3459 1587 iu-

1874 1630 2061 1689 terest,
2090 1630 2348 1692 quantum
2374 1622 2511 1677 inter
2532 1621 2803 1678 Christum
2826 1633 2881 1679 et
2909 1638 2995 1679 me
3016 1633 3280 1680 :attamen
3309 1625 3457 1679 illum

1873 1727 1974 1783 ego
2003 1712 2237 1785 imitatus
2263 1728 2402 1767 sum.
2432 1711 2566 1767 Cum
2619 1729 2747 1783 ergo
2802 1712 3052 1783 Ephesiis
3092 1714 3299 1781 scribit,
3348 1730 3458 1770 non

1873 1821 1931 1861 se
1947 1805 2178 1860 medium
2194 1804 2363 1875 ponit,
2381 1806 2479 1861 sed
2498 1806 2678 1861 statim
2699 1806 2845 1876 ipsos
2855 1823 3046 1863 omnes
3069 1808 3196 1863 illuc
3216 1808 3454 1872 adducit,

1873 1898 2048 1955 Estote
2076 1899 2355 1954 imitatores
2384 1898 2481 1954 Dei
2511 1898 2727 1969 (Ephes.
2758 1901 2814 1955 5.
2858 1900 2908 1970 l)
2938 1901 3123 1954 dicens
3149 1919 3163 1955 :
3190 1902 3276 1955 hic
3304 1917 3455 1966 vero,

1870 1992 1994 2063 quia
2017 1990 2261 2046 inﬁrmos
2277 1991 2677 2061 alloquebatur,
2697 1992 2931 2062 seipsum
2953 1992 3289 2062 interposuit.
3311 1994 3462 2049 Alio—

1872 2086 1998 2156 quin
2023 2094 2198 2139 autem
2222 2084 2479 2151 ostendit,
2504 2084 2647 2155 quod
2668 2084 2746 2139 sic
2765 2099 2976 2154 quoque
2999 2082 3076 2137 fas
3097 2085 3166 2138 sit
3185 2085 3456 2140 Christum

1873 2177 2089 2231 imitari.
2121 2175 2252 2231 Nam
2278 2176 2369 2247 qui
2394 2184 2704 2230 accuratum
2732 2175 3062 2245 signaculum
3090 2184 3173 2230 est
3198 2175 3456 2240 imitatus,

1870 2270 2220 2341 archetypum
2265 2269 2501 2323 imitatus
2548 2278 2651 2324 est.
2693 2268 2980 2322 Videamus
3022 2282 3151 2338 ergo
3188 2267 3459 2337 quomodo

1875 2361 1991 2432 ipse
2019 2361 2292 2416 Christum
2323 2360 2561 2415 imitatus
2590 2360 2677 2413 sit.
2708 2358 2840 2412 Nam
2883 2358 3188 2427 huiusmodi
3231 2359 3458 2413 imitatio

1871 2470 1978 2509 non
1998 2462 2239 2524 tempore
2254 2462 2309 2508 et
2323 2460 2441 2507 arte
2460 2466 2596 2520 opus
2616 2450 2795 2515 habet,
2813 2450 2907 2505 sed
2929 2451 3205 2520 proposito
3225 2459 3453 2507 tantum.

1872 2545 1928 2601 in
1958 2545 2183 2617 pictoris
2211 2545 2353 2599 enim
2403 2543 2674 2597 ofﬁcinam
2721 2543 2941 2611 ingressi
2967 2582 2984 2606 ,
3024 2558 3131 2596 non
3165 2543 3458 2611 poterimus

1870 2639 2154 2708 imaginem
2187 2637 2419 2699 imitari,
2446 2636 2656 2691 etiamsi
2695 2636 2839 2690 illam
2873 2636 3067 2691 millies
3095 2635 3454 2705 aspiciamus:

1870 2733 2013 2788 hunc
2057 2741 2236 2786 autem
2269 2730 2351 2785 vel
2390 2745 2457 2786 ex
2502 2731 2619 2784 solo
2661 2729 2845 2783 auditu
2886 2728 3084 2783 imitari
3113 2729 3256 2785 licet.
3288 2727 3458 2785 Vultis

1872 2840 2002 2897 ergo
2024 2867 2038 2890 ,
2070 2824 2246 2879 tabula
2274 2824 2327 2877 in
2356 2821 2591 2877 medium
2619 2822 2847 2876 adducta
2869 2862 2885 2886 ,
2915 2822 3279 2877 describamus
3306 2821 3458 2877 vobis

1873 2917 2023 2973 Pauli
2066 2916 2370 2970 institutum
2420 2914 2577 2967 vitaz?
2621 2914 2830 2968 Prostet
2875 2913 3034 2983 igitur
3072 2913 3247 2969 tabula
3290 2915 3462 2969 multo

1871 3007 2203 3077 Splendidior
2251 3020 2409 3075 quam
2456 3004 2617 3073 regia:
2668 3004 2944 3073 imagines.
2998 3002 3128 3057 Nam
3180 3003 3323 3074 quod
3371 3004 3457 3058 hie

1869 3098 2173 3169 subjicitur,
2199 3112 2305 3150 non
2328 3106 2451 3151 sunt
2472 3109 2683 3150 asseres
2702 3093 3073 3163 eonglutiuati,
3094 3109 3198 3147 non
3222 3094 3456 3163 impositi

1870 3190 2148 3254 sindones,
2180 3188 2274 3243 sed
2304 3201 2439 3256 opus
2463 3186 2555 3239 Dei
2586 3185 2865 3254 subjicitur
2888 3202 2901 3237 :
2924 3185 3100 3238 anima
3123 3186 3265 3243 enim
3293 3194 3377 3239 est
3402 3194 3458 3240 et

1869 3297 2085 3350 corpus.
2135 3280 2324 3335 Anima
2359 3279 2451 3334 Dei
2490 3292 2628 3348 opus
2652 3318 2665 3339 ,
2701 3293 2804 3329 non
2833 3276 3108 3330 hominum
3136 3294 3149 3341 ;
3182 3286 3234 3332 et
3263 3292 3459 3347 corpus

1870 3373 2139 3427 similiter.
2169 3371 2266 3426 ilic
2291 3369 2600 3440 plausistis?
2626 3368 2732 3423 Sed
2760 3384 2863 3421 non
2892 3368 2993 3423 hoc
3020 3368 3298 3437 plausuum
3324 3377 3457 3423 tem-

1871 3482 1970 3536 pus
1997 3473 2100 3529 est,
2120 3463 2213 3520 sed
2244 3463 2298 3516 in
2326 3460 2671 3532 sequentibus
2703 3472 2913 3530 tempus
2940 3460 3225 3531 plandeudi
3254 3470 3307 3517 et
3337 3460 3457 3515 imi—

1872 3556 2017 3612 tandi
2041 3556 2163 3610 erit.
2185 3554 2401 3609 Interim
2420 3553 2562 3607 enim
2592 3552 2812 3606 materia
2833 3552 3133 3621 subjicitur.
3155 3552 3458 3607 communis

1870 3648 2139 3703 omnibus.
2164 3647 2356 3701 Anima
2377 3646 2518 3700 enim
2540 3645 2607 3699 ab
2628 3646 2804 3698 anima
2825 3644 2953 3698 nihil
2976 3644 3175 3709 dili'ert,
3196 3652 3460 3714 quatenus

1870 3740 2047 3811 anima
2071 3747 2175 3802 est,
2199 3737 2293 3792 sed
2313 3737 2645 3806 propositum
2666 3735 3021 3790 dill'erentiam
3040 3734 3293 3789 ostendit.
3310 3735 3460 3791 Sicut

1870 3820 2015 3884 enim
2046 3842 2241 3898 corpus
2278 3843 2307 3881 a
2348 3841 2575 3895 corpore
2600 3868 2615 3887 ,
2649 3834 2912 3895 quatenus
2942 3841 3138 3895 corpus
3162 3834 3280 3892 est,
3327 3824 3461 3880 nihil

1871 3921 2081 3987 differt;
2110 3920 2205 3976 sed
2235 3919 2411 3975 simile
2437 3927 2521 3974 est
2548 3927 2603 3972 ct
2626 3933 2824 3987 corpus
2846 3918 2993 3971 Pauli
3021 3929 3074 3973 et
3104 3932 3299 3986 Corpus
3324 3918 3462 3971 mul-

1874 4023 2072 4079 tarum,
2100 4013 2193 4066 sed
2226 4011 2462 4081 pericula
2496 4010 2635 4066 illius
2662 4026 2860 4080 corpus
2886 4012 2991 4063 alio
3018 4025 3245 4080 corpore
3273 4011 3459 4080 spien-

1872 4105 2049 4160 didius
2077 4103 2315 4157 efﬁciunt
2347 4120 2361 4158 :
2396 4103 2465 4156 ita
2494 4111 2549 4156 et
2575 4102 2641 4157 de
2669 4104 2844 4155 anima
2886 4102 3192 4157 dicendum.
3224 4102 3460 4158 Ponatur

1873 4211 2003 4264 ergo
2033 4195 2213 4249 tabula
2245 4193 2397 4249 nobis
2419 4236 2434 4259 ,
2467 4193 2641 4247 anima
2687 4210 2879 4262 tietnpe
2924 4193 3092 4248 Pauli.
3128 4193 3252 4248 Haec
3282 4194 3463 4249 tabula

1874 4303 2042 4357 nuper
2082 4285 2297 4355 jacebat
2344 4283 2563 4355 fuligine
2600 4284 2828 4339 obducta
2854 4325 2869 4350 ,
2904 4285 3057 4353 plena
3087 4284 3203 4338 telis
3231 4299 3459 4339 aranea-

1874 4394 1991 4432 rum
2026 4394 2039 4429 :
2072 4375 2205 4430 nihil
2250 4375 2391 4431 enim
2427 4383 2511 4430 est
2543 4375 2870 4444 blasphemia
2904 4375 3072 4443 pejus.
3102 4374 3236 4441 Quia
3278 4384 3462 4429 autem

1874 4468 2019 4522 venit
2046 4467 2113 4534 is,
2140 4467 2229 4537 qui
2255 4466 2433 4521 omnia
2459 4465 2832 4530 transformat;
2861 4475 2916 4520 et
2937 4466 3067 4519 vidit
3089 4482 3194 4519 non
3220 4481 3285 4519 cx
3316 4465 3463 4534 igna-

1873 4558 1957 4611 via
1986 4565 2042 4612 et
2071 4555 2314 4611 socordia
2355 4556 2427 4609 ita
2456 4555 2723 4625 depictam
2750 4570 2871 4609 esse
2891 4596 2907 4620 ,
2937 4554 3032 4610 sed
3062 4570 3127 4608 ex
3159 4552 3422 4623 imperitia
3442 4595 3459 4619 ,

1872 4660 1935 4703 et
1970 4648 2112 4718 quod
2151 4662 2256 4702 non
2299 4646 2522 4702 haberet
2560 4645 2718 4700 liores
2763 4645 3008 4714 pietatis;
3051 4644 3221 4701 zelum
3263 4646 3462 4715 quippe

1873 4739 2125 4806 habebat,
2153 4739 2367 4795 colores
2400 4753 2530 4793 vero
2560 4754 2665 4792 non
2693 4738 2943 4803 aderant;
2977 4752 3083 4791 non
3112 4753 3255 4792 emm
3286 4739 3459 4793 zelum

1873 4830 2165 4888 secundum
2198 4830 2477 4887 scientiam
2511 4829 2778 4885 habebat:
2804 4829 2895 4883 dat
2932 4828 3009 4883 illi
3040 4828 3227 4884 liorem
3258 4831 3458 4885 verita-

1876 4925 1965 4992 tis,
1996 4925 2045 4978 id
2073 4934 2175 4990 est,
2205 4924 2463 4995 gratiam;
2493 4940 2555 4977 ac
2584 4930 2805 4993 repente
2832 4923 3033 4992 regiam
3064 4922 3300 4978 ostendit
3328 4924 3464 4978 ima-

1872 5018 2076 5089 ginem.
2107 5017 2361 5087 Acceptis
2391 5031 2622 5084 namque
2659 5016 2932 5071 coloribus
2956 5057 2971 5081 ,
3017 5032 3139 5071 eum
3184 5017 3464 5073 didicisset

1873 5110 1959 5165 illa
1986 5125 2106 5180 qua:
2134 5109 2435 5179 ignorabat,
2470 5124 2576 5162 non
2609 5108 2941 5179 exspectavit
2970 5117 3199 5179 tempus,
3228 5109 3324 5166 sed
3352 5119 3461 5165 sta.

1876 5200 1972 5255 tim
2000 5200 2235 5270 Optimus
2263 5198 2456 5254 artifex
2498 5200 2645 5255 visus
2671 5210 2792 5265 est;
2836 5210 2890 5255 et
2916 5200 3090 5269 primo
3114 5201 3347 5258 ostendit
3379 5218 3463 5257 re-

1872 5292 2016 5363 gium
2047 5299 2207 5362 caput
2229 5333 2247 5358 ,
2289 5292 2560 5347 Christum
2593 5292 2925 5362 praedicans;
2958 5292 3151 5348 deinde
3196 5294 3466 5365 reliquum

1873 5399 2091 5455 corpus,
2121 5384 2264 5453 quod
2292 5394 2376 5440 est
2402 5395 2705 5441 accuratum
2729 5387 3199 5453 vitminstitutnm.
3223 5387 3467 5442 Pictores

1874 5477 2113 5549 quidem,
2140 5493 2262 5532 cum
2292 5493 2351 5533 se
2382 5478 2725 5541 incluserint,
2756 5494 2877 5532 cum
2906 5480 3247 5533 accuratione
3271 5492 3465 5547 magna

1873 5579 1930 5626 et
1957 5570 2138 5641 quiete
2163 5570 2342 5625 omnia
2375 5569 2594 5637 faciunt,
2622 5571 2819 5625 nemini
2848 5570 2983 5627 ostia
3010 5580 3312 5641 aperientes
3336 5587 3350 5624 :
3378 5568 3463 5627 hie

1873 5673 2056 5723 autem
2086 5665 2139 5720 in
2179 5664 2358 5720 medio
2400 5662 2535 5719 orbe
2574 5662 2808 5719 tabulam
2856 5678 3188 5734 proponens,
3217 5662 3471 5719 omnibus

1881 5757 2413 5823 contradicentibus,
2454 5757 2937 5824 tumultuantibus,
2979 5754 3350 5823 turbantibus,
3392 5754 3465 5809 ita
