3838 6214
373 308 472 366 ιιι

371 425 514 482 hanc
541 422 743 496 regiam
770 423 1057 494 Imaginem
1081 421 1229 492 fecit,
1252 435 1354 478 nec
1373 420 1782 493 prohibebatur,
1809 418 1958 475 ideo-

371 531 476 586 que
517 515 729 571 dicebat
757 532 772 569 :
801 513 1180 584 Spectaculum
1224 512 1349 569 facti
1387 526 1574 568 sumus
1616 509 1854 576 mundo,
1901 509 1955 563 in

366 608 552 662 medio
575 617 731 662 terra:
752 615 806 660 et
825 606 992 661 maris
1011 612 1066 661 et
1083 605 1199 661 caeli
1221 613 1276 661 et
1296 604 1458 660 totius
1475 603 1644 672 orbis,
1665 603 1956 673 mundique

376 700 536 770 hujus
565 708 672 754 tam
695 699 963 754 sensibilis
983 713 1143 769 quam
1165 697 1475 768 spiritualis,
1504 695 1798 766 depingens
1824 696 1956 750 ima-

371 791 571 862 ginem.
609 790 782 845 Vultis
823 804 1033 860 quoque
1069 798 1293 844 caeteras
1335 788 1451 858 ejus
1493 797 1672 857 partes
1714 786 1896 840 videre
1922 800 1953 839 a

372 884 549 954 capite
579 898 746 950 usque
779 879 1067 937 deorsum?
1108 889 1202 935 aut
1239 879 1402 934 vultis
1429 880 1497 934 ab
1526 877 1764 934 inferiori
1801 884 1954 947 parte

371 990 677 1032 sermonem
723 989 939 1029 sursum
991 972 1353 1028 deducamus?
1402 970 1777 1040 Contemplare
1824 982 1952 1039 ergo

371 1077 599 1123 statuam
648 1079 890 1131 auream,
937 1066 1046 1120 imo
1089 1080 1150 1120 ea
1199 1065 1594 1134 pretiosiorem,
1641 1062 1854 1133 qualem
1896 1061 1954 1116 in

370 1161 504 1216 caelo
532 1169 678 1216 stare
706 1174 800 1229 par
825 1167 942 1224 est;
971 1173 1076 1214 non
1101 1159 1318 1228 plumbo
1340 1157 1572 1212 vinctam
1594 1197 1610 1220 ,
1639 1169 1814 1225 neque
1843 1168 1951 1210 uno

368 1250 420 1306 in
451 1251 570 1306 loco
597 1250 856 1320 positam;
885 1248 978 1304 sed
1003 1263 1030 1301 a
1055 1247 1350 1303 Jerusalem
1375 1261 1546 1316 usque
1576 1244 1644 1299 ad
1675 1244 1942 1315 Illyricum

367 1353 671 1400 currentem
700 1354 755 1400 et
780 1343 834 1397 in
861 1343 1168 1412 Hispaniam
1198 1342 1510 1407 abeuntem,
1555 1349 1610 1395 et
1647 1355 1766 1410 qum
1794 1337 1949 1408 quasi

366 1436 506 1490 alata
536 1451 631 1505 per
658 1437 846 1490 orbem
875 1443 1028 1490 terra:
1057 1435 1277 1489 feratur.
1309 1434 1445 1501 Quid
1473 1433 1557 1488 his
1585 1431 1808 1502 pedibus
1833 1431 1946 1487 ﬁeri

364 1528 537 1598 possit
561 1526 854 1597 speciosius
875 1567 890 1591 ,
921 1525 1012 1596 qui
1041 1533 1202 1579 totam
1232 1541 1351 1595 qua:
1375 1525 1475 1579 sub
1501 1523 1615 1579 sole
1641 1532 1724 1579 est
1749 1531 1945 1577 terram

366 1619 753 1688 pervaserunt?
780 1619 927 1673 Hanc
952 1619 1183 1688 speciem
1223 1618 1334 1687 jam
1361 1617 1487 1672 olim
1518 1616 1776 1687 propheta
1804 1630 1943 1685 pne-

362 1711 558 1765 dicavit
592 1711 813 1764 dicens:
843 1711 1008 1776 Quam
1046 1711 1260 1780 speciosi
1298 1710 1449 1780 pedes
1491 1711 1945 1779 euangelizantium

361 1818 535 1872 pacem
558 1800 708 1872 (Isai.
741 1801 832 1857 52.
862 1800 951 1873 7)!
982 1801 1170 1855 Viden‘
1195 1817 1352 1871 quam
1384 1803 1588 1871 pulchri
1616 1803 1778 1871 pedes
1803 1803 1944 1870 sint?

360 1893 524 1948 Visne
551 1903 606 1948 et
631 1901 816 1962 pectus
838 1891 1060 1947 videre?
1082 1891 1313 1960 Accede,
1342 1891 1444 1946 hoc
1464 1892 1624 1947 etiam
1649 1893 1740 1948 tibi
1762 1901 1942 1948 osten-

358 1986 502 2052 dam,
533 1994 589 2043 et
616 1986 785 2041 multo
811 1985 1145 2055 splendidius
1172 1985 1407 2048 videbis,
1438 2002 1596 2056 quam
1628 1985 1795 2056 pedes
1822 1987 1942 2041 illos

357 2079 654 2150 speciosus,
686 2088 740 2133 et
765 2078 886 2149 ipso
909 2077 1108 2132 veteris
1132 2077 1451 2148 legislatoris
1473 2089 1708 2148 pectore.
1731 2079 1941 2151 Moyses

356 2170 574 2240 quidem
603 2169 808 2224 tabulas
835 2170 1062 2239 gestavit
1094 2169 1330 2239 lapideas
1355 2185 1370 2233 ;
1403 2169 1489 2224 hic
1517 2184 1642 2224 vero
1671 2171 1812 2226 intus
1840 2171 1939 2225 ha-

357 2260 473 2315 buit
501 2260 773 2314 Christum
795 2301 810 2325 ,
841 2259 1007 2329 ipsam
1056 2261 1253 2329 regiam
1300 2261 1538 2330 gestabat
1572 2262 1856 2333 imaginem
1885 2274 1940 2318 et

355 2349 732 2421 prepitiatorii.
766 2349 888 2405 Ideo
913 2349 1232 2405 Cherubinis
1256 2351 1626 2407 honorabilior
1652 2360 1788 2408 erat.
1819 2353 1935 2409 Non

353 2446 499 2501 enim
528 2445 648 2498 talis
675 2445 798 2499 inde
827 2460 928 2500 vox
968 2443 1240 2500 ferebatur
1259 2486 1274 2510 ,
1304 2446 1479 2516 qualis
1504 2447 1659 2514 hinc;
1690 2449 1784 2504 sed
1827 2449 1937 2506 illic

354 2537 506 2606 plura
534 2537 831 2592 disserebat
853 2536 922 2591 de
947 2537 1253 2602 sensilibus,
1281 2553 1348 2593 ex
1370 2538 1550 2609 lingua
1579 2549 1755 2595 autem
1784 2541 1934 2597 Pauli

351 2627 420 2680 de
447 2627 608 2681 rebus
633 2642 751 2697 quae
789 2641 954 2698 supra
992 2628 1154 2682 caelos
1190 2639 1316 2683 sunt
1343 2647 1358 2683 :
1387 2639 1443 2685 et
1473 2645 1537 2684 ex
1567 2632 1936 2702 propitiatorio

351 2716 554 2772 Judasis
579 2718 707 2772 solis
733 2719 950 2772 oracula
981 2717 1206 2784 ferebat,
1240 2719 1364 2775 hinc
1389 2735 1518 2777 vero
1545 2723 1640 2776 toti
1668 2731 1931 2780 terrarum

351 2808 469 2863 orbi
496 2827 510 2863 :
535 2819 590 2863 et
617 2809 728 2863 illic
752 2809 965 2879 quidem
994 2825 1090 2880 per
1117 2809 1348 2866 inanima
1369 2853 1385 2879 ,
1427 2811 1516 2869 hic
1542 2829 1672 2871 vero
1697 2829 1794 2885 per
1817 2816 1931 2871 ani-

349 2918 490 2957 mam
521 2904 715 2958 virtute
739 2903 1038 2972 praeditam.

418 2995 472 3048 4.
505 2994 618 3049 Hoc
655 2995 1084 3064 propitiatorium
1126 2995 1260 3051 cmlo
1288 2997 1617 3066 splendidius
1642 3007 1792 3066 erat,
1823 3016 1930 3058 non

345 3086 620 3141 stellarum
667 3086 923 3141 varietate
966 3086 1173 3158 fulgens
1216 3103 1390 3158 neque
1435 3089 1600 3146 radiis
1642 3091 1924 3159 solaribus,

343 3177 440 3233 sed
471 3179 640 3248 ipsum
663 3178 832 3234 solem
855 3179 1075 3249 justitize
1099 3179 1300 3236 habens
1327 3179 1450 3235 inde
1472 3181 1650 3236 radios
1672 3184 1926 3237 emitten-

347 3279 475 3325 tem.
512 3271 577 3324 Et
603 3271 703 3325 hoc
731 3271 946 3340 quidem
977 3272 1164 3326 caelum
1195 3272 1365 3327 nubes
1392 3272 1612 3329 subiens
1639 3273 1926 3345 aliquando

348 3362 554 3415 tristius
582 3361 793 3416 reddit:
817 3371 1002 3430 pectus
1031 3377 1159 3416 vero
1190 3363 1318 3417 illud
1351 3365 1495 3419 nulla
1526 3380 1775 3434 umquam
1808 3367 1928 3422 talis

345 3462 637 3521 tempestas
664 3452 866 3516 subiit;
900 3454 1007 3508 imo
1038 3453 1213 3522 potius
1258 3469 1402 3524 smpe
1429 3465 1773 3526 tempestates
1809 3459 1929 3514 sub-

345 3544 718 3598 tcrcurrebant
766 3544 968 3610 multat,
1015 3544 1108 3598 sed
1157 3545 1330 3599 lucem
1381 3560 1487 3600 non
1532 3548 1922 3615 obscurabant;

344 3637 440 3692 sed
472 3636 525 3690 in
557 3635 728 3690 media
762 3637 1052 3690 tentatione
1079 3644 1133 3690 et
1162 3637 1215 3690 in
1247 3637 1497 3707 periculis
1530 3639 1615 3694 lux
1647 3640 1733 3695 illa
1764 3641 1924 3696 efful-

340 3729 518 3797 gebat.
566 3726 923 3792 Quamobrem
971 3726 1087 3795 ipse
1126 3728 1328 3782 catenis
1369 3729 1579 3785 vinctus
1623 3731 1921 3788 clamabat:

357 3819 572 3873 Verbum
611 3818 706 3872 Dei
745 3835 846 3872 non
894 3828 964 3872 est
1010 3820 1278 3890 alligatum
1321 3823 1400 3892 (2.
1448 3823 1579 3877 Tim.
1625 3824 1680 3878 2.
1721 3826 1797 3892 9).
1844 3827 1920 3881 ita

339 3925 556 3980 semper
585 3925 682 3980 per
707 3910 848 3963 illam
875 3909 1106 3981 linguam
1135 3912 1314 3968 radios
1340 3915 1648 3981 emittebat;
1683 3934 1781 3973 nec
1807 3934 1924 3974 me-

347 4013 434 4058 tus
465 4016 563 4057 nec
592 4001 884 4072 periculum
917 4011 1102 4073 pectus
1133 4005 1260 4060 illud
1289 4005 1574 4062 obscurum
1605 4009 1918 4066 reddebant.

345 4097 599 4152 Fortasse
628 4096 841 4152 videtur
873 4106 1058 4166 pectus
1087 4098 1217 4153 illud
1265 4100 1428 4169 pedes
1471 4101 1628 4173 longe
1656 4113 1801 4158 retro
1833 4120 1922 4159 re-

338 4188 582 4257 linquere
609 4205 622 4244 :
646 4189 740 4244 sed
768 4189 839 4243 illi
870 4197 1048 4244 tamen
1075 4199 1133 4244 ut
1161 4190 1326 4260 pedes
1345 4192 1550 4261 pulchri
1573 4204 1716 4261 sunt,
1743 4208 1798 4252 et
1818 4196 1921 4252 hac

338 4281 500 4336 etiam
530 4290 586 4334 ut
611 4291 797 4350 pectus
825 4279 1104 4351 pulchrum
1131 4291 1233 4336 est.
1263 4283 1356 4338 Vis
1384 4293 1439 4338 et
1469 4295 1711 4341 ventrem
1741 4289 1922 4344 videre

335 4371 682 4442 speciosum?
712 4372 850 4427 Audi
878 4373 1004 4442 quid
1034 4373 1101 4429 de
1128 4373 1219 4428 illo
1244 4374 1421 4430 dicat:
1447 4376 1510 4432 Si
1533 4378 1674 4433 cibus
1703 4382 1922 4434 scanda-

336 4465 460 4519 lizat
488 4467 704 4536 fratrem
732 4480 915 4525 meum,
945 4481 1044 4518 non
1068 4468 1326 4520 comedam
1355 4484 1558 4522 carnem
1578 4471 1630 4523 in
1656 4481 1917 4526 arteruum.

340 4559 419 4629 (1.
452 4557 571 4614 Cor.
601 4559 655 4614 8.
692 4556 801 4633 l3).
836 4560 1040 4614 Bonum
1081 4569 1165 4614 est
1193 4575 1408 4614 carnem
1451 4577 1556 4616 non
1594 4564 1878 4620 comedere
1900 4607 1918 4634 ,

335 4669 436 4710 nec
465 4653 644 4708 vinum
687 4653 905 4720 bibere,
937 4668 1108 4724 neque
1139 4670 1250 4708 rem
1282 4668 1672 4724 quamcumque
1692 4698 1707 4721 ,
1739 4658 1790 4711 in
1816 4674 1918 4729 qua

336 4747 504 4800 frater
532 4755 654 4798 tuus
683 4743 969 4798 offenditur
992 4753 1083 4798 aut
1113 4743 1532 4812 scandalizatur,
1555 4755 1645 4800 aut
1676 4747 1917 4802 inﬁrma-

336 4849 445 4893 tur.
493 4835 629 4890 Esca
669 4838 847 4901 ventri,
889 4846 935 4891 et
982 4848 1152 4892 venter
1193 4838 1319 4892 escis
1372 4836 1483 4909 (Id.
1535 4840 1587 4894 6.
1636 4839 1745 4911 15).
1779 4842 1914 4909 Quid

337 4927 440 4982 hoc
469 4936 657 4981 ventre
684 4924 846 4979 fuerit
864 4928 1180 4995 speciosius,
1208 4927 1298 4999 qui
1328 4928 1398 4982 ita
1425 4928 1614 4984 doctus
1635 4940 1751 4986 erat
1770 4933 1920 5000 quie-

334 5035 508 5083 scere,
553 5027 603 5075 et
635 5033 850 5072 omnem
881 5022 1283 5088 temperantiam
1313 5021 1593 5090 exhibere,
1624 5023 1714 5093 qui
1758 5024 1920 5081 sciret

334 5114 578 5178 esurire,
625 5111 823 5168 famem
855 5112 964 5182 pati
993 5123 1047 5168 et
1075 5115 1258 5170 sitire?
1287 5116 1744 5181 Quemadmodum
1773 5119 1914 5174 enim

330 5222 506 5278 equus
547 5206 686 5262 bene
723 5214 972 5261 assuetus
1012 5204 1247 5262 habenas
1274 5209 1478 5264 habens
1509 5226 1697 5266 aureas
1719 5255 1733 5278 ,
1763 5213 1830 5267 ita
1863 5223 1919 5269 et

334 5299 421 5353 hic
466 5311 754 5353 numerose
801 5296 1084 5352 incedebat
1126 5312 1248 5352 cum
1301 5308 1503 5353 naturzu
1541 5305 1914 5359 necessitatem

331 5397 648 5460 superasset
672 5406 686 5443 :
709 5404 836 5444 nam
865 5387 1108 5444 Christus
1147 5389 1427 5445 incedebat
1457 5391 1508 5446 in
1542 5393 1652 5448 illo.
1685 5395 1797 5451 Hoc
1825 5414 1917 5451 an-

334 5491 441 5537 tem
469 5490 580 5536 tam
605 5491 971 5553 temperanter
997 5492 1211 5554 agente,
1242 5483 1417 5553 palam
1448 5493 1530 5540 est
1559 5485 1743 5542 vitium
1772 5489 1914 5544 aliud

333 5589 495 5630 omne
523 5574 754 5630 solutum
783 5573 964 5632 fuisse.
1002 5576 1089 5631 Vis
1117 5577 1276 5632 etiam
1305 5576 1485 5633 videre
1513 5593 1606 5634 eas
1633 5596 1750 5650 qua:
1777 5599 1918 5640 nunc

331 5675 459 5721 sunt
492 5666 721 5721 manus?
763 5675 855 5722 aut
891 5667 970 5723 vis
999 5667 1149 5738 prius
1178 5669 1387 5725 illorum
1417 5670 1696 5739 pristinam
1727 5676 1915 5745 ncqui-

332 5761 460 5820 tiam
500 5761 719 5820 videre?
754 5761 1027 5835 ingressus
1067 5763 1159 5823 illc
1203 5761 1416 5833 domos,
1461 5783 1631 5841 nuper
1675 5771 1816 5829 viros
1861 5783 1916 5828 ct

1188 303 1248 362 s.
1271 301 1550 362 JOANNlS
1576 299 2054 360 CHRYSOSTOMI
2091 263 2406 364 metuar.
2445 307 2984 374 consummari.

3553 329 3652 385 Hi

2066 417 2318 478 mulieres
2350 424 2622 491 trahebat,
2655 444 2760 484 non
2789 433 2889 487 viri
2917 449 3108 492 manus
3153 437 3384 508 habens,
3419 443 3518 499 sed
3549 445 3646 500 im-

2069 513 2242 567 manis
2269 513 2420 571 ferze.
2453 517 2742 589 Postquam
2783 533 2962 580 autem
2994 527 3204 584 colores
3231 535 3470 588 veritatis
3501 551 3652 593 aere-

2065 602 2164 671 pit,
2216 612 2270 658 et
2311 607 2639 675 spiritualem
2688 613 2967 683 peritiam,
3023 633 3129 673 non
3181 622 3318 676 ultra
3364 626 3463 680 viri
3508 626 3651 684 fuere

2062 709 2254 751 manus
2282 698 2407 765 illae,
2439 701 2534 756 sed
2563 704 2892 774 spirituales,
2925 711 3165 780 quotidie
3187 717 3384 772 catenis
3411 723 3648 775 constri-

2061 795 2201 852 ctae;
2233 797 2288 842 et
2319 791 2586 848 neminem
2616 811 2869 868 umquam
2896 816 3300 871 percusserunt,
3332 809 3423 864 sed
3455 811 3648 870 millies

2063 890 2332 944 percussae
2359 891 2504 937 sunt.
2537 884 2710 942 Hasce
2741 904 2932 946 manus
2960 893 3250 965 aliquando
3275 900 3460 969 vipera
3492 918 3645 959 reve-

2059 967 2164 1022 rita
2192 979 2276 1024 est
2303 992 2316 1026 :
2347 987 2452 1028 non
2481 977 2624 1032 enim
2653 977 2764 1049 jam
2795 992 2950 1038 erant
2978 984 3212 1042 hominis
3238 967 3462 1058 manus;
3499 995 3643 1050 ideo-

2059 1075 2162 1126 que
2192 1077 2294 1116 non
2323 1067 2497 1137 attigit
2521 1083 2633 1124 eas.
2669 1071 2756 1126 Vis
2783 1076 2944 1130 etiam
2976 1085 3183 1148 tergum
3211 1082 3390 1140 videre
3419 1087 3641 1158 reliquis

2058 1153 2314 1209 membris
2357 1158 2570 1215 simile?
2597 1163 2735 1218 Audi
2773 1167 2898 1236 quid
2929 1169 2998 1225 de
3041 1171 3133 1225 illo
3162 1173 3341 1230 dicat:
3366 1153 3640 1250 Quinquies

2054 1246 2408 1319 quadragenas
2451 1268 2552 1306 una
2592 1256 2757 1310 minus
2796 1262 2966 1330 accepi
3010 1279 3043 1316 a
3079 1263 3302 1322 Judwis.
3348 1269 3447 1324 Ter
3485 1246 3636 1345 virgis

2054 1353 2212 1392 cazsus
2236 1358 2378 1408 sum,
2425 1345 2578 1400 semel
2618 1348 2878 1417 lapidatus
2905 1370 3036 1416 sum,
3070 1365 3146 1410 ter
3165 1362 3492 1432 naufragium
3525 1384 3636 1434 per.

2054 1433 2165 1522 tuli,
2195 1445 2339 1489 nocte
2367 1447 2413 1490 et
2434 1439 2516 1493 die
2539 1440 2591 1493 in
2612 1444 2868 1514 profundo
2891 1447 3046 1502 maris
3071 1451 3148 1520 fui
3169 1451 3217 1522 (Ι
3240 1494 3251 1506 .
3283 1453 3400 1510 Cor.
3427 1433 3634 1514 H.724.

2051 1521 2170 1591 25).
2199 1523 2303 1579 Sed
2343 1543 2410 1619 ne
2451 1543 2550 1584 nos
2592 1532 2644 1585 in
2691 1534 3009 1602 profundum
3051 1521 3369 1600 immensum
3403 1547 3632 1619 dejecti,

2051 1615 2276 1671 multum
2306 1618 2748 1693 circumagamur,
2794 1627 3003 1699 singula
3043 1633 3160 1703 ejus
3188 1637 3423 1694 membra
3455 1615 3635 1710 pet-se;

2052 1718 2310 1777 quentes;
2342 1727 2441 1782 age
2466 1714 2575 1784 jam
2605 1732 2634 1770 a
2665 1733 2894 1789 corpore
2919 1722 3278 1794 discedentes,
3322 1732 3481 1788 aliam
3514 1738 3631 1806 pul-

2049 1799 2408 1858 chritudinem
2454 1808 2756 1876 videamus,
2800 1829 2995 1886 nempe
3020 1833 3049 1872 a
3076 1823 3441 1892 vestimentis,
3474 1799 3630 1899 quam

2047 1893 2320 1994 daemones
2348 1901 2764 1972 reverebantur;
2809 1907 3035 1980 ideoque
3062 1911 3364 1985 fugiebant,
3399 1930 3454 1975 ct
3479 1893 3632 1994 ἀπνετί-

2047 1985 2258 2042 tudines
2301 1990 2578 2048 curabant.
2611 1995 2674 2050 Et
2707 1997 3028 2071 ubicumque
3075 2019 3357 2074 appareret
3401 1985 3626 2077 Paulus,

2043 2077 2220 2132 omnia
2249 2079 2514 2137 cedebant
2539 2094 2595 2140 et
2630 2089 3017 2147 amovebantur
3038 2136 3052 2160 ,
3093 2105 3276 2166 utpote
3303 2115 3425 2154 cum
3469 2104 3627 2160 adve-

2043 2170 2211 2225 nisset
2233 2172 2382 2228 orbis
2406 2185 2668 2233 terrarum
2693 2182 2858 2252 pugil.
2883 2185 2961 2239 Ac
2983 2191 3433 2255 quemadmodum
3459 2197 3513 2259 ii,
3540 2201 3624 2265 qui

2045 2264 2240 2318 multas
2270 2266 2320 2320 in
2353 2267 2495 2324 bello
2523 2272 2704 2344 plagas
2729 2290 3086 2346 acceperunt,
3128 2285 3172 2337 si
3209 2287 3440 2343 viderint
3480 2264 3628 2346 arma

2041 2354 2158 2424 ejus
2183 2358 2270 2427 qui
2305 2360 2425 2415 illos
2455 2367 2716 2432 percussit
2737 2409 2752 2433 ,
2787 2367 3144 2428 horrescunt:
3169 2375 3239 2430 ita
3271 2387 3324 2432 et
3352 2380 3624 2438 dri-mones

2039 2448 2370 2505 semicinctia
2401 2461 2603 2508 tantum
2649 2457 2892 2516 videntes
2915 2502 2932 2528 ,
2972 2463 3336 2523 discedebant.
3371 2471 3471 2527 Ubi
3503 2486 3624 2530 sunt

2040 2553 2180 2593 nunc
2207 2542 2400 2599 divites
2426 2587 2439 2608 ,
2482 2549 2573 2617 qui
2606 2549 2658 2604 in
2689 2551 2890 2609 divitiis
2919 2556 3083 2612 altum
3115 2563 3363 2630 sapiunt?
3393 2567 3480 2622 ubi
3512 2569 3621 2636 illi,

2037 2630 2126 2697 qui
2167 2631 2449 2702 dignitates
2491 2654 2615 2694 suas
2659 2655 2941 2700 numerant
2986 2659 3408 2724 sumptuosaque
3451 2630 3622 2714 vesti;

2037 2723 2250 2777 menta?
2275 2722 2406 2779 Cum
2433 2726 2516 2783 bis
2535 2743 2593 2784 se
2623 2746 3016 2804 comparantes,
3042 2756 3137 2796 sua
3168 2722 3348 2800 omnia
3370 2749 3621 2805 videbunt

2035 2827 2155 2868 esse
2189 2829 2401 2872 canum
2443 2827 2497 2874 et
2542 2821 2731 2878 lutum.
2773 2826 2840 2881 Et
2877 2830 3001 2898 quid
3045 2831 3165 2889 dico
3209 2840 3526 2897 vestimenta
3570 2854 3622 2898 et

2035 2918 2194 2960 aurea
2213 2907 2237 2959 7
2257 2907 2310 2962 Si
2341 2910 2484 2964 enim
2505 2914 2623 2980 quis
2646 2915 2779 2970 mihi
2797 2919 2958 2974 totius
2976 2924 3120 2979 orbis
3143 2926 3424 2996 imperium
3446 2933 3618 2995 daret.

2034 3011 2264 3068 unguem
2312 3001 2485 3056 solum
2533 3004 2715 3070 Pauli,
2764 3008 2866 3065 isto
2910 3011 3137 3082 imperio
3183 3016 3460 3076 fortiorem
3505 3040 3623 3080 esse

2034 3098 2297 3157 putarem,
2330 3105 2698 3184 paupertatem
2724 3099 2860 3169 ejus,
2886 3106 3032 3162 omni
3058 3108 3348 3178 voluptate,
3378 3115 3622 3184 ignobili.

2034 3185 2195 3233 tatem
2225 3183 2372 3236 omni
2399 3185 2590 3254 gloria,
2624 3191 2878 3248 omnibus
2901 3193 3100 3251 divitiis
3125 3183 3444 3270 nuditatem,
3475 3209 3620 3260 omni

2031 3269 2242 3326 licentia
2283 3273 2545 3344 impactos
2583 3293 2740 3336 sacro
2791 3284 2865 3338 illi
2919 3289 3076 3357 capiti
3137 3292 3428 3362 calaphos,
3475 3301 3623 3351 omni

2030 3362 2332 3422 diademate
2370 3367 2577 3438 lapides
2613 3387 2750 3442 quos
2777 3379 3006 3449 excepit.
3041 3379 3188 3438 lianc
3225 3399 3479 3441 coronam
3524 3389 3620 3444 de-

2027 3457 2364 3528 s’deremus,
2411 3461 2592 3519 dilecti
2618 3482 2633 3520 :
2659 3474 2714 3520 et
2743 3470 2956 3526 etiamsi
2989 3479 3338 3542 persequutio
3379 3496 3484 3535 non
3528 3485 3615 3546 sit,

2032 3549 2244 3605 interim
2273 3567 2372 3608 nos
2398 3569 2782 3626 praeparemus.
2809 3560 2993 3632 Neque
3021 3567 3164 3621 enim
3191 3583 3221 3621 a
3249 3576 3620 3642 persequutio-

2031 3643 2186 3698 nibus
2217 3655 2420 3700 tantum
2452 3647 2541 3703 hic
2571 3650 2654 3705 vir
2691 3652 3006 3722 splendidus
3034 3671 3148 3713 erat
3174 3678 3189 3715 :
3213 3677 3338 3716 nam
3365 3665 3578 3720 dicebat
3603 3687 3617 3722 :

2029 3733 2234 3807 Castigo
2272 3753 2459 3808 corpus
2501 3757 2668 3796 meum
2713 3743 2793 3813 (ί.
2825 3744 2943 3800 Cor.
2975 3746 3028 3802 9.
3059 3749 3184 3819 27);
3214 3751 3316 3808 hoc
3346 3771 3475 3811 vero
3501 3759 3618 3814 sine

2031 3831 2443 3899 persequutione
2471 3842 2618 3890 recte
2645 3833 2758 3890 fieri
2783 3848 2979 3906 potest.
3003 3840 3073 3894 Et
3091 3843 3415 3900 admonebat
3438 3851 3617 3904 carnis

2027 3933 2210 3974 curam
2240 3935 2347 3975 non
2375 3922 2673 3980 faciendam
2703 3941 2822 3982 esse
2848 3929 2912 3983 ad
2940 3934 3408 4002 concupiscentias
3434 3939 3611 4011 (Rom.

2031 4010 2119 4066 l5.
2151 4011 2276 4083 ﬂ);
2309 4023 2366 4067 et
2392 4029 2613 4070 rursus:
2643 4015 2896 4073 Habentes
2929 4022 3171 4077 alimenta
3215 4036 3261 4078 et
3301 4010 3488 4095 restes,
3537 4032 3615 4086 Itis

2027 4105 2244 4157 contenti
2271 4106 2427 4161 simus
2454 4107 2530 4177 (l.
2565 4107 2699 4162 Tim.
2731 4109 2784 4164 6.
2816 4110 2894 4180 8).
2925 4111 3006 4167 Ad
3036 4114 3150 4168 haec
3175 4117 3317 4170 enim
3351 4135 3454 4173 non
3477 4135 3614 4191 opus

2025 4207 2108 4250 est
2134 4198 2654 4267 persequutionibus.
2679 4201 2744 4256 Et
2763 4204 3047 4272 opulentos
3076 4223 3288 4278 quoque
3311 4211 3378 4264 ad
3411 4221 3612 4283 tempe-

2025 4288 2254 4343 rantiam
2284 4290 2508 4345 vocabat
2531 4291 2756 4347 dicens:
2785 4294 2888 4361 Qui
2918 4297 3089 4351 volunt
3119 4317 3226 4354 esse
3254 4302 3452 4367 divites,
3483 4305 3610 4358 inci-

2025 4381 2152 4434 dunt
2178 4382 2231 4435 in
2262 4384 2585 4438 tentationem
2625 4383 2736 4455 (Ib.
2776 4403 2824 4441 υ.
2855 4387 2932 4459 9).
2975 4388 3031 4444 Si
3079 4390 3240 4459 igitur
3268 4408 3369 4448 nos
3398 4410 3610 4466 quoque

2025 4473 2102 4528 sic
2141 4489 2528 4543 exerceamus,
2574 4477 2627 4531 in
2673 4493 2900 4549 agonem
2942 4480 3168 4551 ingressi
3200 4486 3608 4553 coronabimur;

2025 4572 2080 4618 ct
2107 4563 2230 4619 licet
2257 4567 2600 4638 persequutio
2623 4584 2725 4624 non
2753 4569 2844 4637 sit,
2868 4571 3033 4626 multa
3059 4588 3159 4643 pro
3180 4573 3266 4630 his
3283 4578 3610 4648 recipiemus

2025 4656 2262 4725 prmmia.
2305 4656 2362 4712 Si
2401 4673 2530 4713 vero
2557 4674 2751 4730 corpus
2781 4661 3207 4732 impinguemus,
3237 4676 3291 4720 et
3322 4681 3605 4735 porcorum

2028 4747 2189 4800 vitam
2218 4749 2508 4816 ducamus,
2541 4753 2700 4806 etiam
2734 4753 2785 4807 in
2817 4767 2950 4822 pace
2979 4755 3143 4808 multa
3171 4766 3386 4825 peccata
3418 4759 3610 4813 admit-

2027 4849 2200 4894 temus
2225 4857 2288 4895 ac
2313 4841 2552 4898 dedecus
2578 4843 2828 4899 feremus.
2871 4845 2986 4900 Non
3013 4846 3163 4902 vides
3187 4847 3448 4905 adversus
3475 4869 3610 4922 quos

2025 4931 2178 4984 nobis
2199 4932 2267 4985 sit
2286 4932 2629 4988 colluctatio?
2645 4933 2914 4991 Adversus
2933 4937 3278 5007 incorporeas
3291 4951 3606 5011 potestates.

2025 5023 2306 5090 Quomodo
2335 5039 2466 5096 ergo
2493 5040 2612 5080 cum
2643 5041 2768 5082 caro
2811 5029 3012 5095 simus,
3057 5030 3155 5087 has
3196 5035 3609 5102 superabimus?

2023 5114 2154 5170 Nam
2195 5117 2240 5171 si
2286 5132 2408 5171 cum
2458 5117 2676 5173 homine
2721 5119 2839 5190 quis
2873 5131 3203 5191 pugnaturus
3245 5134 3608 5196 temperanter

2022 5209 2308 5264 comedere
2333 5210 2489 5266 debet
2511 5253 2526 5277 ,
2569 5211 2736 5267 multo
2763 5213 2931 5283 magis
2959 5214 3004 5268 si
3029 5215 3285 5271 adversus
3309 5218 3603 5274 darmonas.

2021 5300 2248 5368 Quando
2291 5313 2468 5357 autem
2499 5319 2619 5358 cum
2649 5305 2830 5359 carnis
2861 5306 3182 5376 pinguedine
3211 5308 3414 5365 divitiis
3445 5314 3602 5366 etiam

2022 5394 2280 5450 fuerimus
2332 5397 2572 5466 alligati,
2627 5397 2766 5452 unde
2814 5397 3149 5455 adversarios
3200 5403 3605 5470 superabimus?

2027 5487 2306 5543 Vinculqu
2337 5489 2479 5544 enim
2506 5500 2628 5544 sunt
2653 5489 2873 5554 divitiae,
2907 5489 3180 5546 vinculum
3206 5507 3372 5563 grave
3397 5493 3485 5558 iis,
3515 5495 3602 5563 qui

2021 5579 2129 5636 illis
2159 5581 2235 5636 uti
2280 5580 2560 5646 nesciunt,
2611 5589 2866 5652 tyrannus
2905 5583 3136 5637 crudelis
3164 5592 3217 5637 et
3247 5583 3599 5648 inhumanus,

2023 5673 2199 5729 servis
2243 5673 2355 5729 suis
2385 5672 2564 5728 omnia
2611 5673 2883 5740 imperans
2929 5674 2994 5728 ad
3038 5675 3322 5744 perniciem
3375 5673 3516 5740 Sed,
3556 5677 3600 5729 si

2023 5769 2287 5834 velimus,
2325 5769 2460 5824 hanc
2486 5766 2734 5823 acerbam
2775 5767 3108 5838 tyrannidem
3137 5783 3169 5824 e
3197 5769 3334 5824 solio
3361 5767 3596 5823 decutie-
