3838 6214
393 233 498 291 “3

452 355 516 402 ε’.
537 347 648 402 Καὶ
659 346 831 402 ταῦτα
846 347 1124 420 λέγω,ούκ
1143 352 1329 424 ἐπειδὴ
1341 353 1584 426 ἁμαρτία
1596 355 1663 408 τὰ
1672 357 1953 428 χρήματαο

380 433 494 495 τοῖς
522 435 758 502 πτωχοῖς
785 433 840 486 δὲ
865 445 892 474 ιι
937 434 1012 505 μὴ
1039 434 1317 506 διανέμειν
1353 436 1523 502 αύτά,
1567 439 1832 510 ἁμαρτία,
1862 439 1958 493 καὶ

384 514 570 579 κακῶς
592 514 777 579 αὐτοῖς
792 517 1048 588 χρῆσθαι.
1065 520 1229 573 Οὐδὲν
1257 520 1366 592 γὰρ
1389 523 1417 574 6
1439 520 1572 586 Θεὸς
1591 523 1762 576 κακὸν
1780 524 1961 594 ἐποίη-

383 614 497 659 σεν,
528 596 665 652 ἀλλά
696 599 872 653 πάντα
909 601 1050 654 καλά
1087 600 1240 655 λίαν·
1283 602 1426 656 ῶστε
1457 605 1551 658 καὶ
1579 605 1648 658 τά
1699 607 1958 677 χρήματα

381 679 542 743 καλά,
584 679 699 734 ἀλλ’
723 680 818 734 ἐὰν
867 682 945 753 μὴ
981 687 1155 754 κρατῇ
1185 684 1294 738 τῶν
1325 687 1701 758 κεκτημένων,
1735 689 1830 742 ἐὰν
1858 690 1959 752 τάς

382 761 574 825 πενίας
600 762 709 816 τῶν
735 763 961 835 πλησίον
992 765 1114 838 λύῃ.
1148 767 1284 821 Ούδὲ
1309 769 1418 839 γὰρ
1449 768 1565 837 φῶς
1597 771 1774 824 ἐκεῖνο
1795 773 1958 824 καλὸν

379 843 444 898 τὸ
488 844 563 914 μὴ
607 845 866 914 ἀφανίζον
917 848 1141 914 σκότος,
1193 850 1332 904 ἀλλά
1382 854 1477 906 καὶ
1517 854 1806 918 ἐπιτεῖνον,
1838 856 1958 909 οὐδὲ

383 927 611 983 πλοῦτον
643 930 708 984 ἂν
732 930 939 1002 εῐποιμι
965 933 1154 987 τοῦτον
1179 934 1270 989 τὸν
1288 937 1348 989 ού
1382 935 1577 990 λύοντα
1603 938 1819 1005 πενίαν,
1838 941 1956 994 ἀλλ’

382 1011 614 1078 αὔξοντα
638 1015 845 1070 πενίαν.
896 1017 954 1070 '0
982 1017 1090 1089 γάρ
1117 1019 1364 1073 πλουτῶν
1400 1021 1461 1074 ού
1494 1020 1650 1091 ζητεῖ
1677 1023 1808 1092 παρ’
1835 1024 1956 1076 ἐτέ-

385 1114 493 1166 ρων
537 1097 858 1168 λαμϐάνειν,
898 1101 1015 1155 ἀλλ’
1045 1103 1253 1174 ἑτέροις
1288 1105 1618 1176 ἐπικουρεῖν·
1667 1106 1698 1158 ό
1737 1106 1796 1160 δέ
1825 1109 1956 1178 παρ’

383 1178 586 1249 ἐτέρων
632 1179 810 1252 ζητῶν
861 1182 1074 1251 λαϐεῖν,
1105 1186 1288 1240 οὐκέτι
1343 1187 1592 1253 πλουτεῖ,
1633 1187 1747 1241 ἀλλ’
1793 1189 1956 1253 αὐτός

383 1263 530 1316 ἐστιν
560 1264 589 1316 6
619 1264 808 1334 πένης.
838 1266 1000 1320 Ὥστε
1049 1270 1108 1321 ού
1139 1267 1209 1321 τὰ
1255 1271 1513 1341 χρήματα
1542 1271 1732 1336 κακὸν,
1766 1271 1880 1324 ἀλλ’
1920 1274 1952 1344 ή

383 1345 616 1423 πενιχρά
638 1345 868 1409 διάνοια,
894 1350 927 1420 ή
959 1350 1050 1403 τὸν
1077 1350 1307 1406 πλοῦτον
1355 1355 1436 1416 εἰς
1491 1354 1682 1408 πενίαν
1723 1355 1952 1423 ἄγουσα.

381 1419 544 1481 Οὗτοι
567 1428 677 1482 τῶν
715 1429 802 1484 διά
841 1419 951 1484 τῶν
985 1434 1272 1487 στενωπῶν
1300 1435 1667 1489 ἐπαιτούντων
1697 1437 1956 1492 ἀθλιώτεο

383 1526 489 1580 ροι,
517 1511 629 1566 τῶν
673 1514 922 1585 πήρωσιν
969 1517 1201 1586 ἐχόντων
1235 1517 1264 1560 ιι
1312 1520 1408 1572 καὶ
1452 1520 1845 1592 λελωϐημένων
1886 1522 1956 1580 τά

382 1592 634 1663 σώματα,
665 1595 774 1651 τῶν
798 1597 962 1671 ῥάκια
992 1599 1473 1671 περιϐεϐλημένων
1501 1605 1551 1656 οἰ
1576 1605 1636 1656 ἐν
1655 1607 1771 1668 τοῖς
1801 1622 1957 1677 σηρι-

379 1677 496 1764 κοῖς
527 1678 967 1764 ἐκαὶ-λαμπροῖς
1003 1683 1260 1764 ίματίοις·
1291 1685 1341 1741 οἱ
1389 1685 1674 1751 σοϐοῦντες
1713 1688 1806 1741 ἐπὶ
1854 1689 1956 1759 τῆς

377 1757 591 1828 ἀγορᾶς
616 1759 726 1817 τῶν
756 1763 895 1818 κατά
927 1765 996 1819 τά
1023 1757 1248 1836 ’ἀμφοδα
1278 1765 1602 1836 βαδιζόντων
1635 1770 1729 1823 καὶ
1756 1771 1836 1834 εἰς
1858 1757 1958 1834 τάς

377 1841 544 1907 am;
580 1845 856 1900 εἰσιόντων
912 1849 1006 1902 καὶ
1055 1848 1304 1902 κάτωθεν
1361 1849 1610 1920 βοώντων
1659 1853 1755 1907 καὶ
1801 1855 1957 1908 ἐπαι-

375 1924 614 1981 τούντων
655 1926 1030 2002 ἐλεεινότεροι.
1088 1925 1247 1985 Οὗτοι
1297 1931 1397 2004 μὲν
1431 1933 1539 2004 γάρ
1568 1935 1659 1989 τὸν
1701 1935 1832 1991 Θεὸν
1864 1939 1959 1992 ἀν⁴⁹

376 2009 628 2078 υμνοῦσι,
646 2011 741 2065 καὶ
765 2012 915 2067 ἐλέου
939 2013 1267 2083 φθέγγονται
1289 2018 1356 2088 ρή
1366 2035 1514 2088 ματα
1529 2020 1621 2073 καὶ
1638 2020 1956 2090 φιλοσοφίας

377 2091 600 2163 πολλῆςο
624 2094 708 2147 διὸ
729 2097 823 2150 καὶ
847 2095 1106 2167 ἐλεοῦμεν
1130 2099 1347 2164 αὐτοὺς,
1373 2101 1468 2154 καὶ
1491 2103 1647 2172 χεῖρα
1668 2103 1955 2174 όρέγομεν,

377 2175 474 2229 καὶ
500 2175 756 2231 οὐδέποτε
785 2180 1146 2250 ἐγκαλοῦμεν.
1179 2184 1240 2237 Ol
1265 2183 1320 2236 δὲ
1352 2183 1705 2248 πλουτοῦντες
1747 2187 1953 2251 κακῶς,

374 2256 656 2330 ὠμότητος
703 2263 797 2317 καὶ
833 2263 1246 2336 ἀπανθρωπίας,
1307 2267 1562 2339 ἁρπαγῆς
1594 2270 1688 2323 καὶ
1738 2286 1956 2326 σατανιο

375 2339 480 2408 κῆς
511 2342 807 2414 ἐπιθυμίας
839 2347 1159 2418 ἐρεύγονται
1184 2348 1394 2417 λόγους·
1429 2349 1511 2402 διὸ
1540 2351 1634 2404 καὶ
1664 2351 1818 2421 παρὰ
1847 2355 1954 2408 πᾶ-

375 2424 462 2478 σίν
480 2427 588 2480 εἰσι
612 2432 833 2500 μισητοὶ
854 2432 946 2484 καὶ
967 2433 1383 2498 καταγέλαστοι.
1411 2433 1608 2487 Σκόπει
1630 2433 1709 2499 δὲ,
1728 2436 1781 2488 τί
1805 2439 1956 2506 παρά

375 2509 544 2564 πᾶσιν
571 2511 882 2582 ἀνθρώποις
916 2515 1144 2587 αἰσχρόν
1179 2511 1319 2571 εἰναι
1359 2509 1527 2581 δοκεῖ,
1553 2517 1616 2570 τὸ
1659 2518 1810 2588 παρά
1845 2519 1956 2573 τῶν

373 2590 748 2650 πλουτούντων
772 2599 967 2663 αἰτεῖν,
993 2599 1028 2669 ἢ
1061 2599 1122 2652 τὸ
1153 2599 1303 2671 παρά
1334 2599 1443 2653 τῶν
1481 2601 1746 2671 ἀπόρων;
1783 2603 1954 2658 Παντί

377 2689 484 2727 που
533 2677 710 2747 δῆλον,
747 2681 830 2734 ὄτι
871 2681 934 2735 τὸ
967 2683 1118 2754 παρά
1148 2683 1258 2736 τῶν
1286 2685 1529 2754 ἀπόρων.
1566 2683 1738 2740 Τοῦτο
1773 2685 1955 2742 τοίνυν

378 2760 430 2812 οἰ
464 2759 820 2827 πλουτοῦντες
853 2765 1117 2820 ποιοῦσιν·
1148 2766 1208 2818 ού
1240 2767 1349 2836 γὰρ
1385 2766 1450 2821 ἂν
1480 2767 1810 2838 τολμήσαιεν
1842 2771 1955 2834 τοῖς

381 2841 800 2918 πλουσιωτέροις
835 2849 1174 2916 προσελθεῖν.
1203 2852 1264 2903 υἱ
1296 2851 1353 2904 δὲ
1392 2851 1764 2917 ἐπαιτούντες,
1800 2853 1953 2923 παρά

371 2924 480 2978 τῶν
509 2927 777 2998 εὐπόρων·
812 2931 874 2985 ού
913 2931 1024 3004 γὰρ
1047 2932 1136 2986 τὸν
1160 2933 1392 3004 ἐπαίτην
1411 2936 1440 2987 6
1459 2935 1689 3004 ἐπαίτης
1714 2937 1952 3008 αἰτήσει,

371 3009 512 3065 ἀλλά
549 3011 641 3066 τὸν
687 3012 939 3086 εὔπορονο
981 3018 1009 3070 6
1049 3017 1106 3070 δέ
1161 3017 1414 3080 πλούσιος
1445 3018 1536 3072 τὸν
1566 3019 1776 3090 πένητα
1809 3036 1952 3072 σπα-

377 3094 577 3165 ράττει.
605 3098 772 3152 Πάλιν
804 3099 857 3152 τί
882 3101 1231 3174 σεμνότερον,
1252 3101 1372 3156 εἰπέ
1400 3119 1512 3173 μοι,
1544 3103 1696 3174 παρά
1717 3104 1952 3157 ἑκόντων

371 3177 559 3233 λαϐεῖν
585 3182 679 3234 καὶ
705 3183 866 3252 χάριν
891 3185 1146 3255 ἐχόντων,
1180 3185 1213 3256 ἢ
1250 3185 1377 3249 τοὺς
1407 3187 1469 3238 οὐ
1501 3185 1758 3249 θέλοντας
1782 3187 1953 3256 ἀναγ-

373 3262 564 3328 κάζειν
595 3264 690 3317 καὶ
721 3265 959 3335 ἐνοχλεῖν
985 3285 1000 3330 ς
1028 3266 1265 3338 Εὔδηλον
1302 3269 1384 3322 ὅτι
1428 3269 1553 3330 τοὺς
1589 3268 1664 3340 μὴ
1696 3267 1952 3340 βουλομὲ-

374 3363 499 3410 νους
544 3347 620 3418 μὴ
666 3347 922 3418 ἐνοχλεῖν.
963 3348 1124 3402 Ἀλλά
1171 3350 1266 3403 καὶ
1308 3350 1465 3404 τοῦτο
1506 3352 1556 3404 οί
1597 3351 1980 3416 πλουτοῦντες.

373 3428 642 3485 ποιοῦσιν.
680 3430 747 3487 Ol
778 3432 878 3502 μέν
900 3431 1010 3502 γάρ
1041 3433 1271 3505 πένητες
1297 3434 1429 3505 παρ’
1472 3436 1708 3490 ἑκόντων
1736 3437 1952 3508 λαμϐά-

373 3529 524 3566 νουσι
575 3514 669 3567 καὶ
717 3516 878 3586 χάριν
923 3518 1161 3583 εἰδότων,
1199 3520 1249 3571 οί
1296 3519 1355 3572 δὲ
1399 3519 1754 3584 πλουτοῦντες
1799 3524 1949 3595 παρά

371 3595 619 3654 ἀκόντων
643 3600 738 3652 καὶ
778 3599 854 3672 μὴ
890 3599 1248 3672 βουλομένων,
1282 3603 1311 3656 6
1346 3602 1588 3673 μείζονός
1612 3605 1729 3659 ἐστι
1758 3608 1950 3673 πενίας

371 3679 668 3746 ἀπόδειξις.
705 3681 767 3736 Εἰ
791 3683 900 3754 γάρ
921 3683 1046 3739 ούδέ
1071 3685 1158 3738 ἐπ’
1191 3687 1412 3756 ἄριστον
1444 3687 1620 3743 ἐλοιτό
1651 3706 1737 3751 τις
1780 3691 1949 3746 ἀπελ-

373 3761 508 3828 θεῖν,
540 3766 589 3817 εἰ
618 3764 694 3835 μή
718 3766 879 3836 χάριν
910 3768 939 3820 6
968 3766 1149 3822 καλῶν
1177 3768 1343 3840 εἰδείη
1364 3770 1443 3840 τῷ
1463 3771 1805 3844 καλουμένῳ,
1831 3775 1948 3842 πῶς

373 3849 632 3918 χρήματα
672 3848 860 3903 λαϐεῖν
896 3851 1016 3921 μετ’
1065 3852 1314 3924 ἀνάγκης
1352 3854 1550 3919 καλόν;
1600 3857 1739 3923 Τοὺς
1778 3859 1948 3925 κύνας

369 3930 435 3986 ού
478 3931 566 3985 διά
613 3931 774 3986 τοῦτο
829 3935 1287 4007 ἀποστρεφόμεθα
1341 3939 1437 3990 καὶ
1490 3939 1767 4010 φεύγομεν
1821 3944 1948 4009 τοὺς

373 4012 779 4084 ὗλακτοῦντας,
829 4018 909 4072 ὅτι
956 4021 1022 4090 τῇ
1082 4019 1245 4092 πολλῇ
1281 4018 1431 4094 [116]
1472 4023 1767 4096 προσεδρίᾳ
1799 4027 1948 4097 ήμᾶς

371 4097 752 4165 ἐκϐιάζονταις
777 4100 949 4156 Τοῦτο
977 4104 1072 4156 καὶ
1109 4105 1159 4157 οἰ
1203 4104 1445 4159 πλούσιοι
1479 4106 1742 4164 ποιοῦσιν.
1788 4110 1946 4166 Ἀλλά

369 4180 463 4267 τόν
484 4182 648 4267 φόϐον
675 4188 960 4256 προσεῖναι
989 4190 1056 4258 τῇ
1095 4189 1238 4242 δόσει
1270 4190 1615 4262 σεμνότερον.
1651 4193 1822 4248 Τοῦτο
1849 4197 1949 4267 μὲν

367 4259 462 4319 οὖν
491 4265 711 4322 πάντων
740 4270 1115 4342 αἰσχρότερον·
1161 4273 1189 4325 6
1228 4259 1345 4343 γάρ
1383 4259 1563 4327 πάντα
1593 4276 1759 4330 κινῶν
1806 4259 1947 4352 ὑπὲρ

482 4403 564 4484 εἰς
606 4407 728 4482 βεδε.
776 4411 981 4472 optime.
1029 4411 1084 4460 In
1110 4412 1259 4462 editis
1301 4413 1353 4463 δέ
1385 4411 1546 4465 deest.
1611 4413 1806 4479 bReg.,
1848 4419 1946 4467 τῶν

362 4483 520 4532 πηραν
542 4483 764 4533 εχοντων.

1100 233 1158 290 S.
1199 232 1485 291 JOANNIS
1519 233 2008 294 CHRYSOSTOMI
2045 234 2365 294 ARCIIIEP.
2399 237 2950 297 CONSTANTINOP.

3524 243 3620 299 ιιι

2059 355 2151 410 τοῦ
2182 356 2388 423 λαϐεῖν,
2415 357 2560 422 τίνος
2588 358 2690 412 οὐκ
2723 358 2792 413 ἀν
2813 359 2897 430 εῐη
2927 358 3501 430 καταγεὶαστότεροςς
3527 357 3630 415 Καὶ

2057 441 2166 512 γάρ
2203 442 2331 505 τοὺς
2367 439 2538 505 κύνας
2569 442 2832 506 πολλάκις
2881 443 3234 513 φοϐηθέντες,
3272 445 3631 516 προηκάμεθα

2059 525 2203 596 ἆπερ
2237 525 2589 596 κατείχομεν.
2625 526 2690 578 Τί
2730 526 2891 580 πάλιν
2929 528 3323 598 αἰσχρότερον,
3362 528 3492 580 εἰπέ
3528 544 3630 596 μοι,

2063 608 2228 680 ῥάκια
2259 608 2725 679 περιϐεϐλημένον
2767 611 2960 672 αἰτεῖν,
3006 611 3039 681 ἢ
3090 611 3293 681 σηρικὰ
3325 609 3630 681 φοροῦντα;

2063 691 2230 746 Ὅταν
2290 691 2388 762 μὲν
2439 690 2548 762 γὰρ
2603 692 2852 744 πλουτῶν
2899 709 2983 757 τις
3032 692 3296 764 γέροντας
3357 693 3631 765 θεραπεύῃ

2059 774 2319 844 πένητας,
2346 772 2488 828 ὥστε
2521 773 2590 828 τά
2611 775 2839 828 ἐκείνων
2864 774 3072 838 λαϐεῖν,
3106 777 3203 830 καὶ
3230 776 3413 829 ταῦτα
3435 775 3634 827 παίδων

2057 857 2245 922 όντων,
2269 857 2413 921 τίνος
2435 856 2589 911 ἐσται
2617 857 2949 929 συγγνώμης
2971 858 3120 923 ἄξιος
3140 875 3156 923 ;
3188 859 3253 911 Εἰ
3275 858 3335 911 δέ
3359 855 3633 927 βούλεσθε,

2059 940 2152 992 καὶ
2173 939 2241 993 τά
2275 940 2496 1010 ῥήματα
2525 939 2664 994 αύτά
2693 941 3061 1012 ἐξετάσωμεν,
3095 943 3220 995 τίνα
3255 941 3356 1010 μὲν
3384 941 3442 992 οἰ
3479 940 3636 992 πλουο

2056 1021 2274 1086 τοῦντες
2307 1022 2660 1088 ἐπαιτοῦντες
2688 1024 2926 1092 λέγουσι.
2955 1024 3076 1079 τίνα
3102 1025 3160 1078 δὲ
3198 1026 3248 1077 οί
3286 1023 3552 1092 πένητες.
3575 1021 3635 1075 Τί

2056 1103 2151 1159 οὖν
2199 1105 2228 1157 ό
2279 1105 2448 1175 πένης
2478 1107 2683 1175 φησίν;
2728 1107 2851 1160 Ὅτι
2886 1107 2914 1159 6
2951 1107 3126 1170 διδοὺς
3160 1106 3540 1178 ἐλεημοσύνην
3577 1105 3632 1157 ού

2060 1187 2341 1259 μετριάσει
2376 1187 2526 1252 ποτὲ,
2555 1189 2639 1242 ὅτι
2661 1188 2768 1243 ἀπὸ
2795 1189 2905 1244 τῶν
2941 1189 3038 1243 τοῦ
3067 1189 3203 1243 Θεοῦ
3233 1188 3476 1250 δίδωσιν,
3502 1188 3582 1240 ὅτι
3609 1189 3638 1240 ὁ

2057 1271 2188 1335 Θεὸς
2239 1269 2620 1342 φιλάνθρωπος
2669 1272 2763 1324 καί⁵
2816 1270 3038 1343 μείζονα
3083 1271 3426 1326 ἀντιδίδωσιν
3452 1285 3466 1298 °
3499 1271 3637 1339 ἅπερ

2055 1353 2272 1410 ἅπαντα
2321 1353 2637 1424 φιλοσοφίας
2685 1354 2803 1408 ἐστὶ
2850 1356 3073 1424 ῥήματα
3117 1354 3215 1408 καὶ
3264 1351 3634 1424 παραινέσεως

2054 1439 2153 1492 καὶ
2189 1437 2522 1508 συμϐουλῆς.
2571 1437 2738 1502 Ἀξιοῖ
2787 1454 2847 1491 σε
2892 1437 3003 1509 γάρ
3055 1437 3191 1508 πρὸς
3235 1436 3328 1490 τὸν
3360 1434 3635 1502 Δεσπότην

2058 1523 2207 1587 ἰδεῖν,
2225 1522 2320 1575 καὶ
2344 1521 2434 1575 τὸν
2453 1521 2618 1591 φόϐον
2639 1520 2846 1590 ἐξαίρει
2865 1537 2958 1575 σου
2981 1520 3080 1590 τῆς
3099 1519 3402 1592 μελλούσης
3425 1517 3631 1578 πενίας

2056 1605 2152 1660 καὶ
2186 1605 2388 1675 πολλὴν
2413 1604 2478 1658 ἀν
2508 1621 2593 1668 τις
2625 1604 2722 1658 ίδοι
2746 1603 3099 1659 διδασκαλίαν
3131 1603 3190 1656 ἐν
3210 1605 3324 1666 τοῖς
3344 1601 3459 1655 τῶν
3486 1601 3637 1653 ἐπαι-

2054 1686 2291 1741 τούντων
2339 1688 2571 1758 ῥήμασι.
2618 1685 2702 1740 Τά
2751 1686 2811 1740 δὲ
2859 1685 2972 1741 τῶν
3027 1685 3404 1740 πλουτούντων
3447 1684 3637 1744 ὁποῖα;

2055 1771 2270 1840 Χαίρων
2297 1770 2390 1823 καὶ
2418 1769 2598 1824 κυνῶν
2627 1770 2724 1823 καὶ
2747 1768 2926 1824 λύκων
2946 1770 3170 1824 καὶτῶν
3203 1768 3381 1826 ἄλλων
3409 1765 3635 1836 θηρίων.

2057 1855 2122 1909 Οἱ
2168 1854 2266 1924 μὲν
2310 1854 2418 1925 γάρ
2469 1853 2651 1908 αὐτῶν
2702 1853 2831 1924 περὶ
2883 1852 3174 1922 τραπεζῶν
3221 1852 3317 1906 καὶ
3356 1849 3506 1916 δᾴων
3544 1847 3638 1899 καὶ

2057 1940 2493 2007 καρυκευμάτων
2517 1936 2611 1990 καὶ
2646 1936 2793 1990 οἴνου
2821 1935 3166 1990 παντοδαποῦ
3203 1935 3296 1988 καὶ
3330 1931 3520 2003 μύρων
3544 1929 3642 1982 καὶ

2060 2019 2291 2090 ἱματίων
2320 2019 2416 2072 καὶ
2443 2018 2542 2089 τῆς
2583 2018 2751 2090 άλλης
2795 2019 3087 2083 διαπαντὸς
3116 2017 3462 2086 διαλέγονται
3494 2015 3639 2067 ἀσω-

2055 2104 2196 2166 τίας·
2229 2103 2280 2156 οἱ
2309 2102 2364 2156 δὲ
2389 2101 2518 2172 περὶ
2551 2101 2727 2155 τόκων
2764 2102 2858 2156 καὶ
2886 2103 3280 2173 δανεισμάτων,
3333 2101 3429 2152 καὶ
3457 2113 3640 2168 γραμο

2059 2189 2257 2257 ματεῖα
2279 2185 2606 2249 πλάττοντες
2633 2186 2730 2240 καὶ
2755 2186 2934 2256 χρεῶν
2953 2186 3116 2254 ϐγκον
3131 2185 3408 2255 ἀφόρητον
3427 2184 3639 2234 ἐπαιω-

2059 2269 2278 2341 ροῦντες
2297 2280 2346 2334 ε,
2370 2269 2445 2333 ὡς
2473 2269 2537 2322 ἐκ
2561 2269 2815 2341 πατέρων
2833 2271 2867 2340 ἢ
2891 2271 3131 2324 πάππων
3149 2269 3325 2340 ἀρχὴν
3352 2265 3637 2335 εἰληφότα,

2053 2351 2147 2406 τοῦ
2185 2352 2287 2424 μὲν
2318 2351 2419 2422 τὴν
2451 2352 2663 2417 οἰκίαν,
2701 2352 2795 2408 τοῦ
2830 2353 2889 2408 δὲ
2934 2354 3028 2407 τὸν
3061 2353 3251 2424 ἀγρὸν,
3297 2348 3394 2403 τοῦ
3442 2349 3501 2401 δὲ
3541 2347 3642 2400 ἀν-

2053 2436 2321 2508 δράποδον
2354 2435 2720 2506 ἀφαιροῦνται.
2755 2438 2848 2490 καὶ
2881 2437 2951 2490 τὰ
2995 2437 3130 2491 ὂντα
3174 2436 3416 2490 ἅπαντα.
3456 2431 3523 2484 Τί
3568 2430 3638 2484 ἀν

2053 2539 2139 2584 τις
2169 2520 2313 2572 εῖποι
2360 2519 2461 2583 τὰς
2511 2519 2813 2591 διαθήκας,
2847 2521 2946 2585 τὰς
2993 2521 3117 2575 ἀντὶ
3173 2519 3400 2592 μέλανος
3441 2515 3638 2584 αἵματι

2054 2604 2447 2675 γεγραμμένας
2467 2619 2481 2668 ;
2512 2605 2581 2656 Ἣ
2617 2603 2724 2675 γάρ
2773 2604 3020 2658 κίνδυνον
3063 2603 3338 2673 ἀφόρητον
3374 2597 3638 2668 περιστή-

2056 2702 2268 2750 σαντες.
2307 2685 2342 2756 ἢ
2377 2689 2597 2756 μικραῖς
2629 2704 2740 2740 τισι
2776 2687 3310 2760 καταγοητεύσαντες
3339 2679 3639 2750 ὑποσχέσε-

2058 2787 2163 2835 σιν,
2192 2769 2287 2833 οὒς
2323 2769 2388 2822 ἂν
2413 2769 2594 2824 ἴδωσιν
2623 2770 2778 2839 ὀλίγα
2820 2772 2941 2826 τινά
2983 2770 3373 2842 κεκτημένους,
3409 2766 3638 2818 ἔπεισαν

2053 2854 2183 2916 τοὺς
2219 2853 2319 2923 μὲν
2355 2853 2728 2924 προσήκοντας
2760 2853 3006 2918 ἅπαντας
3049 2855 3144 2908 καὶ
3183 2852 3340 2921 πενία
3373 2847 3636 2907 πολλάκις

2055 2935 2462 3008 ἀπολλυμένους
2496 2936 2896 3008 παραδραμεῖν,
2928 2938 3124 3001 αὐτοὺς
3156 2936 3212 2989 δὲ
3249 2933 3366 2988 ἀντ’
3408 2931 3642 2984 ἐκείνου

2055 3020 2350 3091 ἐγγράψαι.
2386 3019 2554 3074 Ταῦτ’
2582 3016 2676 3074 οὖν
2716 3021 2884 3073 ποίων
2911 3021 3115 3092 θηρίων
3152 3020 3252 3072 οὐκ
3287 3013 3642 3088 ἀποκρύπτει

2058 3103 2255 3173 μανίαν
2288 3103 2383 3156 καὶ
2431 3103 2766 3174 ἀγριότητα;
2797 3103 2908 3164 Διὸ,
2957 3103 3283 3174 παρακαλῶ,
3313 3101 3494 3156 πάντα
3541 3097 3634 3150 τὺν

2052 3185 2294 3242 τοιοῦτον
2325 3185 2556 3240 πλοῦτον
2585 3185 2874 3256 φύγωμεν,
2925 3185 3018 3240 τὸν
3046 3186 3271 3256 αἰσχρὸν
3320 3186 3418 3239 καί
3455 3182 3637 3251 φόνων

2054 3268 2312 3339 γέμοντα⁶
2337 3269 2433 3323 καὶ
2465 3267 2796 3340 κτησώμεθα
2824 3269 2918 3324 τὸν
2958 3268 3349 3340 πνευματικὸν,
3377 3268 3474 3320 καὶ
3506 3265 3635 3325 τοὺς

2053 3355 2112 3407 ἐν
2140 3355 2250 3417 τοῖς
2282 3353 2532 3426 ούρανοῖς
2583 3353 2888 3427 θησαυροὺς
2933 3354 3378 3424 ἐπιζητήσωμεν.
3421 3353 3485 3404 υἱ
3523 3348 3640 3418 γάρ

2052 3441 2274 3502 τούτους
2321 3437 2555 3509 ἔχοντες,
2589 3439 2787 3492 ἐκεῖνοι
2833 3440 2882 3492 οἰ
2932 3437 3199 3502 πλούσιοι,
3231 3438 3428 3490 ἐκεῖνοι
3465 3436 3516 3487 οἱ
3544 3432 3636 3485 εὖ·

2051 3537 2232 3592 ποροι,
2272 3522 2368 3575 καὶ
2403 3521 2512 3574 τῶν
2542 3519 2774 3577 ἐνταῦθα
2815 3523 2908 3576 καὶ
2937 3521 3054 3574 τῶν
3094 3522 3213 3574 ἐκεῖ
3240 3521 3459 3572 πάντων
3493 3518 3633 3570 ἀπο-

2051 3603 2326 3667 λαύοντες.
2364 3603 2424 3658 Ὃ
2448 3604 2556 3676 γὰρ
2595 3604 2916 3672 βουλόμενος
2950 3603 3207 3658 πένεσθαι
3240 3601 3386 3656 κατά
3419 3600 3511 3653 τὸν
3535 3597 3633 3649 τοῦ

2051 3687 2188 3742 Θεοῦ
2216 3687 2394 3756 λόγον,
2419 3687 2519 3751 τὰς
2549 3687 2768 3741 πάντων
2797 3687 2976 3751 οἰκίας
3005 3686 3358 3758 ἀνεῳγμένας
3380 3684 3517 3753 ἔχει.
3539 3680 3634 3748 Τῷ

2051 3773 2160 3844 γάρ
2187 3772 2340 3826 οὐδὲν
2373 3772 2696 3844 κεκτημένῳ
2723 3772 2812 3826 διὰ
2845 3772 2936 3826 τὸν
2965 3771 3118 3835 Θεὸν,
3152 3770 3382 3832 ἕκαστος
3415 3767 3482 3820 ἂν
3511 3767 3631 3817 εἰσ-

2051 3857 2268 3926 ενέγκοι
2287 3854 2357 3908 τά
2385 3854 2601 3909 ἐαυτοῦ·
2625 3857 2654 3910 6
2681 3855 2740 3908 δὲ
2769 3854 2942 3928 μικρά
2965 3854 3101 3926 μετά
3128 3852 3342 3916 ἀδικίας
3371 3848 3632 3921 βουλόμε-

2051 3958 2139 4004 νος
2165 3939 2330 4010 ἔχειν,
2360 3940 2458 4002 τάς
2489 3939 2742 3994 ἁπάντων
2766 3939 3057 3993 ἀπέκλεισε
3084 3936 3274 4007 θύρας.
3306 3936 3425 3990 Ἵνα
3447 3933 3631 3986 τοίνυν

2050 4023 2145 4076 καὶ
2174 4023 2282 4075 τῶν
2315 4020 2549 4075 ἐνταῦθα
2585 4022 2680 4075 καὶ
2705 4022 2813 4076 τῶν
2843 4024 2960 4075 ἐκεῖ
2994 4019 3216 4089 ἀγαθῶν
3240 4017 3626 4088 ἐπιτύχωμεν,

2051 4104 2300 4177 ἑλώμεθα
2343 4103 2436 4158 τόν
2466 4105 2696 4158 πλοῦτον
2737 4105 2831 4159 τὸν
2879 4104 3161 4174 ἀκίνητον,
3208 4103 3308 4173 τὴν
3358 4103 3630 4156 ἀθάνατον

2045 4189 2326 4262 εὐπορίαν
2356 4183 2424 4260 ἦς
2451 4189 2665 4258 γένοιτο
2695 4189 2904 4254 πάντας
2939 4191 3086 4260 ἡμᾶς
3125 4189 3403 4258 ἐπιτυχεῖν
3441 4187 3628 4256 χάριτι

2043 4273 2138 4326 καὶ
2173 4269 2553 4345 φιλανθρωπίᾳ
2587 4271 2684 4325 τοῦ
2714 4273 2922 4343 Κυρίου
2963 4271 3121 4343 ήμῶν
3163 4270 3340 4342 Ἰησοῦ
3361 4267 3625 4342 Χριστοῦ,

2043 4355 2139 4410 καὶ
2166 4353 2236 4408 τὰ
2267 4353 2417 4423 ἑξῆς.

2134 4475 2158 4505 ⁸
2184 4473 2332 4538 Βθε.,
2351 4471 2718 4538 ἀπαιωροῦντες.

375 4614 3600 4646 rm

1744 4773 1896 4850 [ιι-ι]
1919 4776 2161 4832 ΟΜΙΛΙΑ
2198 4779 2298 4835 ιΑο.

368 5051 961 5132 Διὰιτοῦτο-ἕπεμψᾳ
1009 5053 1151 5132 ὑμῖν
1210 5057 1512 5132 Τιμόθεως.
1541 5055 1611 5132 ὅς
1661 5054 1944 5132 ἑστίᾼμου

435 5123 650 5176 τέκνον
668 5123 978 5193 ἀγαπητὸν
1005 5125 1101 5177 καί
1129 5123 1348 5179 πιστὸν
1371 5127 1440 5179 ἐν
1460 5127 1677 5193 Κυρίῳ,
1701 5125 1769 5189 ὃς
1787 5123 1945 5193 ὑμᾶς

437 5193 778 5274 ἀναμνήσει
821 5192 930 5258 τὰς
969 5193 1150 5258 ὁδούς
1173 5211 1294 5264 μου
1323 5195 1432 5263 τὰς
1458 5198 1528 5250 ἐν
1549 5192 1792 5265 Χριστῷ
1825 5192 1944 5263 "In-

435 5279 575 5319 σου.

439 5395 510 5443 α’.
539 5388 738 5444 Σκόπει
769 5407 860 5459 μοι
888 5387 1168 5443 κάνταῦθα
1207 5388 1304 5458 τὴν
1327 5388 1581 5458 γενναίαν
1608 5387 1810 5459 ψυχήν,
1843 5387 1946 5458 τὴν

367 5473 534 5544 πυρὸς
568 5474 907 5545 θερμοτέραν
952 5473 1047 5527 καὶ
1078 5474 1437 5545 γοργοτέραν.
1509 5472 1790 5526 Ἐϐούλετο
1839 5471 1940 5544 μέν

365 5555 475 5626 γὰρ
501 5557 662 5619 αὐτὸς
689 5555 1098 5628 παραγενέσθαι
1125 5557 1366 5627 μάλιστα
1393 5555 1641 5610 νοσοῦσιν
1673 5555 1813 5609 οὕτω
1847 5557 1942 5610 καὶ

368 5640 717 5705 στασιάζουσι
747 5641 1076 5713 Κορινθίοις.
1121 5642 1232 5696 Καὶ
1270 5641 1381 5713 γάρ
1415 5639 1532 5712 ᾔδει
1564 5637 1750 5709 σαφῶς
1781 5639 1944 5709 ἡλίκα

365 5739 427 5777 τε
455 5723 650 5794 ὠφέλει
676 5727 801 5790 τοὺς
839 5725 1089 5799 μαθητάς
1114 5727 1146 5798 ἡ
1171 5725 1439 5796 παρουσία
1463 5724 1648 5785 αὑτοῦ,
1673 5724 1765 5778 καὶ
1779 5725 1943 5795 ήλίκα

373 5805 636 5867 ῑϐλαπτεν
659 5811 692 5881 ἡ
713 5810 969 5867 ἀπουσία.
1003 5810 1114 5867 Καὶ
1133 5809 1194 5865 τὸ
1218 5810 1316 5883 μὲν
1337 5809 1601 5882 ἐδήλωσεν
1631 5809 1687 5863 ἐν
1715 5810 1782 5880 τῇ
1807 5807 1944 5879 πρὸς

2039 5054 2436 5124 Φιλιππησίους
2455 5095 2470 5118 ,
2504 5054 2700 5107 εἰπών’
2734 5054 2828 5122 Μὴ
2861 5055 2940 5121 ὡς
2969 5055 3039 5108 ἐν
3071 5053 3147 5123 τῇ
3176 5056 3475 5124 παρουσίᾳ
3497 5075 3617 5125 μου

2035 5138 2247 5207 μόνον,
2278 5138 2442 5192 ἀλλά
2473 5139 2570 5192 καί
2604 5139 2722 5193 νῦν
2741 5137 2948 5203 πολλῷ
2969 5135 3214 5207 μᾶλλον
3231 5138 3303 5193 ἐν
3323 5138 3401 5208 τῇ
3426 5140 3615 5195 ἀπου-

2040 5223 2147 5290 σίᾳ
2183 5241 2319 5290 μου,
2339 5223 2492 5292 μετά
2518 5223 2708 5292 φόϐου
2732 5223 2832 5276 καί
2864 5222 3081 5290 τρόμου
3107 5221 3225 5289 τὴν
3239 5221 3474 5278 ἑαυτῶν
3501 5242 3619 5278 σω-

2040 5307 2254 5374 τηρίαν
2288 5304 2718 5376 κατεργάζεσθε
2737 5321 2752 5336 ·
2782 5305 2846 5360 τὸ
2869 5305 2924 5358 δέ
2950 5305 3222 5360 δείκνυσιν
3256 5308 3316 5361 ἐν
3344 5311 3411 5379 τῇ
3458 5310 3613 5361 Ἐπιο

2044 5389 2202 5460 στολῇ
2254 5388 2448 5461 ταύτῃ.
2496 5388 2698 5458 λέγων·
2764 5389 2857 5455 Ὠς
2893 5387 2980 5458 μὴ
3025 5388 3353 5458 ἐρχομένου
3403 5391 3472 5446 δέ
3495 5411 3615 5461 μου

2040 5473 2192 5538 πρὸς
2228 5471 2384 5542 ὑμᾶς
2427 5471 2858 5542 ἐφυσιώθησάν
2903 5489 3066 5539 τινες
3088 5511 3103 5536 ,
3157 5474 3485 5546 ἐλεύσομαι
3523 5477 3610 5531 δέ.

2054 5556 2342 5624 Ἢπείγετο
2376 5557 2477 5627 μὲν
2501 5551 2596 5610 οὖν
2623 5557 2718 5612 καὶ
2761 5556 3025 5626 ἐπεθύμει
3066 5559 3477 5628 παραγενέσθαι
3511 5562 3614 5614 αύ-

2039 5637 2163 5702 τός·
2196 5639 2382 5710 ἐπειδὴ
2411 5639 2467 5693 δέ
2500 5638 2660 5693 τοῦτο
2713 5640 2850 5704 τέως
2895 5641 2994 5692 ούκ
3024 5641 3170 5710 ἐνῆν,
3196 5644 3264 5712 τῇ
3307 5644 3613 5714 ἐπαγγελίᾳ

2039 5721 2142 5792 τῆς
2174 5721 2476 5793 παρουσίας
2501 5723 2700 5786 αὐτοὺς
2736 5722 3076 5793 διορθοῦται·
3113 5723 3206 5778 καὶ
3233 5725 3296 5778 ού
3328 5724 3490 5779 τοῦτο
3517 5725 3612 5796 μό-

2041 5821 2151 5872 νον,
2181 5804 2316 5862 ἀλλά
2349 5808 2444 5862 καὶ
2470 5809 2536 5878 τῇ
2559 5807 2653 5862 τοῦ
2687 5806 2930 5879 μαθητοῦ
2973 5807 3267 5879 ἀποστολῇ.
3303 5808 3404 5863 Διὰ
3433 5807 3610 5863 τοῦτο
