3856 6310
204 326 299 383 IIIS

203 455 318 495 nius
338 478 356 503 ,
391 445 446 492 et
477 433 638 490 nobis
665 430 861 488 cedere
888 426 1308 497 compellemus,
1356 440 1464 480 non
1504 425 1792 494 imperare.

203 527 481 596 Quomodo
508 541 640 595 ergo
669 524 771 578 hoc
797 523 920 576 ﬁet?
941 519 1074 574 Cum
1101 517 1320 573 divitias
1345 515 1594 571 omnibus
1620 512 1802 568 distric

207 625 456 678 bnernus.
489 620 672 673 Donec
698 620 841 670 enim
865 610 1140 682 opulentia
1167 610 1277 664 sola
1305 624 1425 664 cum
1453 609 1586 663 solis
1612 607 1713 661 erit
1746 613 1804 660 ut

207 718 339 770 latro
367 714 421 767 in
457 709 784 774 solitudine,
814 706 993 760 omnia
1026 702 1218 757 inferet
1261 700 1398 754 mala
1423 715 1437 753 :
1461 715 1582 754 cum
1620 705 1800 752 autem

206 809 345 861 illam
387 805 443 858 in
478 802 716 857 medium
743 797 1072 852 adducemus
1097 834 1112 860 ,
1146 807 1252 848 non
1285 793 1423 846 ultra
1452 791 1606 846 nobis
1635 789 1804 859 impe-

207 898 358 960 rabit,
390 912 517 950 cum
548 906 739 946 omnes
771 891 915 944 illam
946 887 1180 956 undique
1204 884 1444 953 alligent.

283 991 339 1044 5.
384 986 638 1040 Pecunice
680 999 781 1036 non
821 980 1003 1045 malta,
1049 983 1091 1030 sl
1134 977 1257 1030 bene
1283 976 1386 1029 illis
1415 971 1805 1027 utamur.-—Et

208 1082 318 1136 hac
350 1078 480 1134 dico
502 1118 520 1144 ,
555 1092 662 1130 non
686 1072 827 1145 quod
871 1080 1085 1142 peccata
1116 1068 1225 1122 sint
1255 1066 1526 1136 pecuniae;
1556 1065 1653 1120 sed
1683 1079 1806 1133 pec-

207 1184 378 1230 catum
406 1179 496 1226 est
539 1184 647 1222 non
695 1183 788 1222 eas
825 1162 1149 1234 pauperibus
1180 1160 1502 1214 distribuere
1525 1198 1541 1224 ,
1583 1167 1638 1212 et
1666 1156 1806 1211 male

209 1269 307 1322 illis
329 1266 430 1319 uti.
463 1261 609 1317 Nihil
632 1263 772 1314 enim
803 1258 1000 1312 malum
1031 1256 1172 1310 Deus
1201 1252 1345 1316 fecit,
1369 1251 1463 1306 sed
1485 1249 1663 1304 omnia
1689 1248 1807 1302 val-

207 1359 270 1413 de
300 1358 468 1411 bona.
509 1353 698 1422 Itaque
733 1351 888 1404 bonae
932 1347 1091 1401 etiam
1136 1353 1262 1399 sunt
1309 1341 1588 1412 pecuniae,
1629 1337 1723 1393 sed
1763 1337 1808 1392 si

208 1444 614 1518 possidentibus
646 1457 752 1495 non
782 1441 1087 1509 imperent,
1115 1435 1158 1490 si
1192 1440 1557 1504 paupertatem
1580 1428 1809 1500 proximi

209 1541 445 1594 solvant.
492 1535 683 1603 Neque
712 1532 856 1587 enim
901 1530 988 1583 lux
1029 1527 1116 1580 illa
1165 1526 1336 1589 bona,
1369 1537 1489 1591 qua:
1519 1536 1624 1576 non
1667 1518 1812 1574 delet

209 1631 464 1686 tenebras
485 1669 499 1690 ,
543 1625 642 1680 sed
674 1631 830 1692 auget
854 1637 944 1675 eas
969 1636 983 1683 ;
1015 1633 1189 1687 neque
1217 1616 1431 1671 divitias
1459 1614 1538 1669 sic
1563 1611 1807 1682 appella-

208 1724 329 1788 rim,
363 1735 493 1791 quae
530 1734 639 1773 non
669 1717 880 1769 solvant
906 1719 1310 1782 paupertatem,
1344 1705 1438 1761 sed
1473 1711 1706 1774 augeant
1747 1702 1811 1756 il-

211 1818 336 1870 lam.
369 1813 510 1868 Nam
537 1813 627 1880 qui
652 1810 804 1865 dives
824 1817 927 1868 est.
961 1820 1066 1860 non
1091 1803 1285 1873 quterit
1309 1801 1375 1854 ab
1401 1799 1521 1852 aliis
1545 1797 1809 1866 accipere,

208 1907 300 1962 sed
332 1905 463 1959 aliis
491 1918 651 1972 opem
686 1899 830 1955 ferre
872 1915 886 1952 :
915 1897 1005 1967 qui
1036 1910 1166 1950 vero
1205 1892 1272 1948 ab
1301 1892 1421 1945 aliis
1448 1889 1639 1960 quierit
1669 1885 1813 1941 acci-

211 2014 357 2067 pere,
387 1996 505 2065 jam
539 2008 647 2048 non
675 1992 825 2046 dives
845 1997 947 2053 est,
976 1987 1071 2043 sed
1101 1986 1216 2055 ipse
1246 1997 1465 2054 pauper.
1499 1980 1682 2049 Itaque
1708 1993 1814 2032 nun

210 2089 412 2144 divitia:
443 2087 603 2141 mala:
643 2091 807 2149 sunt,
841 2080 934 2136 sed
961 2092 1165 2150 pauper
1205 2075 1416 2130 animus
1441 2115 1456 2139 ,
1487 2072 1576 2142 qui
1605 2069 1816 2124 divitias

212 2180 435 2237 deducit
465 2179 518 2234 in
554 2183 948 2246 paupertatem.
987 2170 1052 2226 Hi
1096 2166 1405 2223 miseriores
1435 2171 1561 2218 sunt
1592 2160 1697 2215 illis
1725 2159 1815 2228 qui

217 2277 266 2330 in
291 2271 606 2343 angiportis
635 2267 962 2330 mendicant,
993 2263 1058 2317 iis
1079 2260 1168 2331 qui
1191 2257 1321 2314 caici
1347 2265 1400 2311 et
1428 2254 1670 2310 mutilato
1700 2265 1819 2306 cor-

217 2383 344 2439 pore
371 2374 542 2429 sunt;
575 2369 629 2416 et
653 2360 743 2431 qui
773 2357 961 2414 sericis
997 2351 1398 2424 splendidisque
1425 2345 1663 2401 vestibus
1685 2341 1818 2396 ami-

217 2463 282 2516 cti
307 2465 474 2521 sunt,
501 2457 569 2510 iis
596 2453 688 2523 qui
711 2451 903 2506 laceris
933 2445 1122 2517 pannis
1151 2442 1478 2503 induuntur;
1502 2435 1666 2508 quiin
1703 2433 1818 2488 foro

218 2551 454 2622 superbe
477 2545 737 2601 incedunt
767 2539 1049 2596 inferiores
1101 2542 1226 2590 sunt
1247 2532 1314 2587 iis
1345 2571 1361 2597 ,
1417 2529 1510 2600 qui
1561 2528 1612 2580 in
1666 2523 1819 2579 biviis

219 2620 420 2696 vadunt
447 2647 501 2694 et
525 2638 581 2691 in
603 2635 753 2689 aulas
775 2629 1168 2702 ingrediuntur,
1190 2624 1258 2679 ab
1283 2623 1390 2677 imo
1413 2620 1643 2675 clamant
1671 2630 1820 2669 men-

218 2737 487 2791 dicantes.
523 2729 591 2784 Ili
620 2741 852 2795 namque
884 2724 1048 2777 Deum
1082 2717 1322 2782 laudant,
1355 2722 1408 2767 et
1437 2707 1819 2765 misericordia:

219 2826 519 2892 multasque
553 2813 911 2888 philosophia:
927 2811 1086 2866 verba
1110 2807 1390 2878 proferunt
1414 2819 1429 2856 :
1453 2801 1677 2868 ideoque
1704 2797 1820 2850 illos

219 2919 549 2986 miserantur
576 2920 631 2965 et
669 2923 860 2963 manus
905 2903 1032 2974 ipsis
1071 2898 1413 2971 porrigimus,
1442 2908 1504 2948 ac
1530 2904 1818 2962 numquam

218 2983 564 3063 accusamus.
597 3000 699 3067 Qui
730 3005 906 3051 autem
939 2992 1078 3046 male
1107 2988 1318 3044 divitias
1348 2981 1655 3056 possident,
1696 2993 1822 3035 cru-

219 3097 480 3161 delitatis,
508 3087 885 3152 immanitatis,
916 3083 1118 3154 rapinae
1146 3090 1201 3135 et
1228 3073 1681 3144 concupiscentiae
1703 3085 1817 3125 vero

221 3193 280 3247 ba
303 3189 629 3262 proferunt.
667 3183 791 3238 Ideo
819 3177 960 3250 apud
991 3189 1178 3231 omnes
1206 3169 1382 3226 odiosi
1403 3177 1458 3223 et
1488 3165 1698 3221 ridiculi
1726 3163 1819 3217 ha-

221 3286 441 3340 bentur.
475 3276 778 3334 Considera
805 3279 982 3327 autem
1004 3308 1018 3331 ,
1045 3266 1171 3338 quid
1198 3262 1337 3332 apud
1363 3274 1552 3315 omnes
1579 3257 1821 3312 homines

221 3388 373 3446 turpe
393 3387 524 3428 esse
553 3368 800 3423 videatur
820 3404 836 3430 ,
867 3378 935 3416 an
959 3375 988 3413 a
1009 3356 1270 3413 divitibus
1297 3362 1479 3423 petere
1515 3364 1582 3403 an
1613 3348 1679 3401 ab
1705 3347 1823 3400 ino-

221 3438 416 3540 pibus?
451 3463 636 3520 Palam
671 3466 819 3514 certe
844 3463 948 3519 est,
979 3452 1046 3508 ab
1085 3449 1357 3518 inopibus.
1395 3445 1507 3498 Hoc
1545 3444 1722 3511 itaque
1751 3438 1822 3493 l'a-

219 3563 363 3616 ciunt
384 3558 588 3613 divites
609 3570 624 3618 ;
646 3565 751 3604 non
772 3548 914 3603 enim
929 3544 1190 3599 auderent
1211 3541 1274 3593 ad
1296 3537 1520 3593 ditiores
1541 3531 1818 3588 accedere.

219 3653 317 3722 Qui
339 3659 529 3706 autem
562 3643 916 3705 mendicant,
948 3652 976 3692 a
1003 3633 1358 3704 locupletibus
1389 3635 1576 3699 petunt
1603 3643 1618 3679 :
1650 3637 1823 3694 neque

219 3718 361 3802 latim
396 3739 686 3798 mendicus
718 3751 748 3789 a
778 3732 1028 3789 mendico
1051 3728 1216 3799 petit,
1249 3724 1342 3781 sed
1381 3739 1410 3777 a
1439 3721 1641 3786 divite;
1671 3718 1822 3772 dives

219 3849 396 3894 autem
425 3846 718 3906 pauperem
745 3825 1022 3896 discerpit.
1049 3823 1257 3876 Rursus
1285 3816 1434 3889 quid,
1468 3828 1653 3885 quaeso
1671 3852 1686 3876 ,
1726 3811 1824 3864 ho-

221 3931 452 3994 nestius,
484 3942 516 3980 a
549 3922 856 3979 lubentibus
881 3927 936 3973 et
959 3915 1183 3988 gratiam
1209 3908 1526 3965 habentibus
1555 3907 1819 3973 accipere,

219 4040 282 4078 an
307 4025 515 4079 invitos
544 4029 741 4086 cogere
766 4022 821 4069 et
849 4006 1179 4082 pertubare?
1215 4002 1394 4058 Palam
1421 4008 1504 4054 est
1546 3994 1822 4051 honestius

219 4131 336 4171 esse
360 4112 568 4168 invitos
592 4085 695 4161 non
719 4105 956 4160 turbare.
981 4098 1090 4155 Sed
1119 4098 1220 4150 hoc
1235 4093 1427 4148 divites
1449 4088 1665 4143 faciunt.
1691 4085 1821 4139 Nam

221 4217 492 4276 pauperes
528 4215 559 4253 a
591 4196 894 4252 lubentibus
923 4189 1194 4258 accipiunt
1220 4194 1273 4240 et
1303 4182 1528 4254 gratiam
1579 4173 1823 4232 babenti-

223 4301 355 4361 bus;
383 4293 589 4349 divites
603 4299 784 4344 autem
808 4286 875 4340 ab
906 4282 1088 4338 invitis
1116 4291 1169 4334 et
1197 4271 1616 4344 repugnantibus
1643 4285 1656 4321 :
1683 4264 1823 4335 quod

224 4389 446 4459 majoris
482 4394 571 4439 est
619 4376 950 4451 paupertatis
987 4368 1400 4428 demonstratio.
1452 4365 1508 4418 Si
1561 4359 1704 4416 enim
1755 4357 1822 4412 ad

226 4479 512 4551 prandium
541 4488 702 4529 nemo
731 4470 858 4526 velit
883 4465 1158 4528 accedere,
1191 4460 1295 4515 nisi
1321 4456 1544 4529 gratiam
1574 4451 1676 4522 ipsi
1721 4451 1820 4504 ha-

225 4541 340 4628 beat
386 4573 436 4626 is
463 4567 558 4639 qui
602 4565 828 4627 invitat,
858 4556 1127 4629 quomodo
1157 4553 1357 4608 bonum
1389 4546 1549 4602 fuerit
1569 4541 1821 4616 pecunias

228 4669 269 4719 vi
298 4657 669 4731 extorquere?
695 4655 872 4710 Canes
907 4666 1083 4706 nnnnc
1111 4646 1230 4704 ideo
1256 4656 1573 4700 aversantur
1598 4645 1651 4693 et
1687 4633 1822 4706 fugi-

229 4774 337 4812 mus
367 4757 635 4810 latrantes
655 4791 670 4815 ,
700 4745 845 4819 quod
872 4743 1031 4800 nobis
1053 4739 1266 4796 assidue
1296 4737 1501 4792 instent
1526 4739 1580 4788 et
1604 4743 1705 4785 nos
1731 4742 1821 4782 ur-

1252 308 1318 368 IN
1358 308 1573 368 EPIST.
1614 309 1636 363 1
1696 306 1788 362 AD
1823 304 1982 363 COR.
2020 304 2251 362 IIOMIL.
2288 303 2430 363 XIV.

3392 317 3496 377 114

1905 419 2105 489 geant?
2134 420 2248 476 Hoc
2275 430 2328 476 et
2353 421 2547 475 divites
2574 420 2793 477 faciunt.
2820 435 2891 479 At
2915 423 3192 484 honestius
3211 469 3229 496 ,
3269 438 3329 484 ut
3365 446 3491 488 cum

1905 511 2049 566 dono
2087 510 2228 566 adsit
2267 525 2460 567 metus.
2511 513 2626 570 Hoc
2663 525 2810 572 certe
2836 519 3074 573 omnium
3121 524 3490 592 turpissimum

1906 610 1990 656 est
2019 619 2032 655 :
2061 603 2150 672 qui
2179 605 2322 658 enim
2350 606 2527 660 omnia
2557 616 2734 661 movet
2763 617 2818 661 ut
2848 611 3110 680 accipiat,
3137 628 3242 683 quo
3271 615 3489 675 homine

1907 695 2076 764 magis
2104 695 2358 750 ridiculus
2399 712 2504 751 non
2536 696 2727 752 fuerit?
2769 700 2977 756 Etenim
3008 717 3151 773 saepe
3180 721 3302 761 cum
3326 723 3488 766 cane'

1909 795 2310 851 metueremus,
2354 803 2414 842 ea
2443 803 2564 858 qua:
2607 789 2921 845 tenebamus
2965 794 3304 862 projecimus.
3349 799 3490 865 Quid

1908 889 2117 940 rursus,
2147 877 2235 933 dic
2261 878 2426 944 mihi,
2471 881 2680 950 turpius
2721 885 2913 951 pannis
2957 885 3150 940 laceris
3193 889 3489 947 involutum

1909 980 2125 1040 petere,
2166 987 2233 1025 an
2282 975 2482 1027 sericas
2525 985 2703 1029 vestes
2756 975 3056 1032 ferentem?
3086 980 3308 1045 Quando
3349 984 3492 1040 enim

1910 1064 2028 1131 quis
2057 1062 2208 1116 dives
2233 1079 2388 1118 senes
2416 1064 2546 1118 colit
2575 1081 2868 1136 pauperes,
2902 1079 2958 1122 ut
2999 1084 3086 1124 res
3116 1069 3328 1126 illorum
3353 1076 3494 1132 acci-

1913 1153 2039 1221 piat,
2067 1152 2276 1207 etiamsi
2309 1153 2507 1208 liberos
2537 1155 2787 1218 habeant,
2813 1174 2914 1226 qua
2944 1162 3097 1215 venia
3125 1161 3318 1232 dignus
3344 1165 3494 1220 erit?

1911 1242 1964 1297 Si
2002 1243 2160 1297 vultis
2208 1253 2423 1309 autem,
2467 1246 2579 1315 ipsa
2622 1263 2833 1317 quoque
2882 1250 3042 1303 verba
3085 1254 3492 1322 examinemus;

1913 1351 2156 1404 quamam
2194 1337 2400 1391 scilicet
2427 1338 2619 1392 divites
2652 1349 2892 1408 petentes
2922 1341 3134 1408 dicant,
3163 1355 3216 1399 et
3249 1362 3494 1415 quamam

1915 1442 2195 1497 pauperes.
2227 1428 2362 1495 Quid
2383 1445 2510 1500 ergo
2535 1431 2661 1484 dicit
2687 1434 2926 1501 panper?
2948 1435 3098 1500 Quod
3127 1439 3216 1507 qui
3237 1438 3327 1493 dat
3347 1441 3497 1496 elec-

1915 1533 2191 1589 mosynam
2223 1537 2328 1573 non
2358 1536 2518 1591 parce
2549 1521 2725 1587 dabit,
2756 1525 2896 1592 quod
2925 1541 2985 1580 ea
3029 1527 3119 1582 det
3163 1545 3282 1599 qua:
3320 1547 3350 1584 a
3390 1532 3500 1588 Deo

1915 1621 2069 1678 sunt,
2112 1612 2249 1680 quod
2289 1613 2428 1666 Deus
2471 1613 2540 1667 sit
2569 1613 2826 1683 benignus
2863 1625 2918 1670 et
2958 1618 3157 1687 majora
3199 1622 3496 1677 retribuat:

1915 1720 2032 1774 ane
2079 1705 2255 1758 omnia
2286 1706 2637 1776 phi|050phiae
2670 1717 2795 1762 sunt
2817 1709 2976 1764 verba
3020 1721 3074 1765 et
3109 1713 3498 1770 exhortationis

1917 1807 1971 1851 et
1995 1799 2225 1853 consilii.
2260 1798 2429 1867 Rogat
2455 1800 2595 1853 enim
2625 1808 2679 1856 te
2705 1802 2770 1855 ad
2805 1803 3083 1857 Dominum
3124 1807 3381 1875 respicias
3401 1849 3416 1875 ,
3446 1816 3502 1863 et

1920 1901 2117 1945 metum
2146 1891 2238 1945 tibi
2271 1892 2405 1945 tollit
2436 1893 2626 1947 futurae
2648 1897 2975 1963 paupertatis
3001 1912 3014 1948 :
3043 1911 3105 1949 ac
3129 1898 3354 1955 multam
3380 1901 3502 1968 quis

1921 1982 2098 2035 videat
2123 1982 2416 2037 doctrinam
2463 1984 2513 2037 in
2555 1985 2734 2038 verbis
2780 1985 3214 2044 mendicantium.
3260 1991 3492 2047 Divitnm

1919 2082 2098 2129 autem
2116 2074 2274 2127 verba
2297 2075 2471 2144 qualia
2493 2075 2658 2129 sunt?
2689 2075 2998 2141 Porcorum,
3019 2093 3232 2147 canum,
3252 2079 3498 2149 luporum

1921 2165 2250 2234 aliarumque
2269 2165 2517 2220 ferarum.
2547 2165 2680 2220 Nam
2697 2166 2784 2220 alii
2812 2167 2880 2222 de
2909 2168 3129 2235 mensis,
3153 2170 3220 2224 de
3241 2171 3500 2237 obsoniis,

1922 2255 1987 2308 de
2018 2253 2405 2321 condimentis,
2435 2255 2503 2310 de
2533 2256 2659 2310 vino
2690 2261 2863 2310 omnis
2890 2259 3104 2327 generis
3123 2301 3139 2326 ,
3168 2259 3236 2315 de
3261 2277 3504 2332 unguen-

1924 2346 2011 2412 tis,
2036 2347 2102 2401 de
2128 2347 2383 2410 vestibus,
2415 2347 2588 2416 deque
2612 2349 2756 2402 omni
2786 2351 2891 2403 alio
2918 2351 3042 2404 luxu
3073 2361 3128 2406 et
3152 2353 3458 2422 prolusione
3486 2373 3503 2411 :

1920 2438 2010 2491 alii
2052 2437 2120 2493 de
2150 2439 2327 2492 usuris
2346 2477 2362 2504 ,
2391 2438 2458 2493 de
2488 2437 2783 2494 faenoribus
2809 2456 2824 2505 ;
2855 2449 2910 2494 et
2943 2442 3170 2497 schedas
3208 2445 3465 2515 tingentes
3485 2489 3502 2516 ,

1922 2545 1986 2585 ac
2019 2531 2324 2585 debitorum
2370 2532 2760 2588 intolerabilem
2814 2536 3124 2592 attollentes
3177 2541 3504 2610 magnitudi-

1923 2640 2068 2690 nem,
2100 2635 2367 2696 tamquam
2396 2641 2424 2680 a
2457 2627 2695 2696 patribus
2722 2637 2777 2683 et
2798 2630 2910 2683 avis
2930 2631 3136 2686 initium
3157 2637 3504 2704 sumpserint,

1922 2718 2078 2787 hujus
2104 2719 2354 2784 domum,
2385 2721 2526 2775 illius
2553 2735 2738 2791 agrum
2761 2763 2775 2788 ,
2805 2723 3026 2778 alterius
3062 2727 3382 2795 mancipium
3413 2744 3506 2782 au-

1923 2810 2100 2865 ferunt
2131 2811 2516 2882 facultatesque
2537 2827 2743 2867 omnes.
2776 2813 2911 2879 Quid
2939 2829 3068 2871 vero
3093 2815 3292 2872 dixeris
3313 2817 3376 2871 de
3400 2826 3508 2873 tes-

1925 2905 2194 2968 tamentis,
2217 2919 2337 2973 qua:
2365 2920 2469 2958 non
2509 2913 2842 2966 atramento,
2885 2906 2979 2960 sed
3009 2907 3266 2976 sanguine
3309 2909 3505 2976 scripta

1923 2996 2084 3050 sunt?
2112 2997 2217 3050 Aut
2241 2997 2384 3050 enim
2416 2996 2466 3050 in
2495 3011 2600 3050 non
2622 2996 2898 3050 ferendum
2917 2997 3161 3051 inductos
3187 2999 3504 3068 periculum,

1924 3096 2016 3142 aut
2041 3088 2262 3143 modicis
2292 3088 2570 3158 promissis
2599 3088 2918 3152 incantatus,
2942 3104 3077 3158 quos
3104 3090 3335 3145 viderint
3360 3107 3508 3160 qua:-

1925 3178 2045 3234 dam
2077 3179 2286 3234 modica
2315 3179 2678 3248 possidentes.
2713 3193 2779 3233 eo
2817 3179 3142 3234 induxerunt
3165 3188 3221 3233 ut
3249 3190 3505 3249 cognatos

1925 3287 2113 3327 omnes
2138 3281 2193 3326 et
2218 3281 2527 3341 paupertate
2552 3285 2693 3339 sarpe
2722 3280 3004 3340 pereuntes
3026 3271 3218 3326 missos
3245 3269 3504 3339 lacerent,

1924 3379 2089 3435 seque
2120 3378 2214 3433 pro
2241 3363 2342 3417 illis
2370 3362 2595 3417 heredes
2616 3362 3001 3416 adscriberent.
3034 3361 3158 3417 Ilaec
3183 3371 3358 3417 autem
3375 3377 3508 3433 qua-

1925 3473 2171 3514 rumnam
2214 3456 2447 3512 ferarum
2485 3470 2592 3510 non
2634 3463 2888 3523 superant
2929 3453 3241 3508 feritatem?
3270 3454 3509 3524 Quaproo

1926 3559 2045 3622 pter
2064 3591 2080 3616 ,
2109 3549 2335 3604 obsecro
2357 3588 2372 3614 ,
2401 3562 2591 3602 omnes
2619 3545 2924 3614 hujusmodi
2969 3545 3181 3600 divitias
3218 3545 3505 3617 fugiamus,

1927 3652 2110 3712 turpes
2133 3649 2189 3695 et
2212 3639 2448 3695 czedibus
2478 3639 2699 3694 refertas
2725 3653 2739 3703 ;
2769 3647 2823 3693 et
2855 3638 3161 3708 Spirituales
3190 3639 3308 3694 illas
3338 3639 3512 3709 possi-

1926 3734 2168 3797 deamus,
2202 3731 2586 3799 thesaurosque
2622 3728 2674 3783 in
2709 3730 2842 3783 03310
2871 3730 3228 3800 requiramus.
3257 3729 3390 3803 Nam
3416 3732 3508 3801 qui

1928 3823 2028 3879 hos
2059 3821 2290 3886 habent,
2321 3821 2394 3875 illi
2439 3829 2585 3875 certe
2619 3820 2810 3874 divites
2851 3827 2995 3883 sunt,
3037 3820 3110 3873 illi
3151 3821 3410 3890 epulenti,
3452 3829 3509 3877 et

1926 3914 2177 3970 fruuntur
2201 3911 2448 3966 omnibus
2475 3927 2594 3980 qua:
2623 3911 2708 3965 hic
2733 3921 2786 3965 et
2814 3911 2922 3965 illic
2947 3920 3090 3965 sunt.
3119 3911 3218 3978 Qui
3246 3912 3389 3967 enim
3417 3926 3510 3967 se-

1926 4006 2158 4062 cundum
2189 4004 2280 4059 Dei
2304 4003 2522 4057 verbum
2548 4017 2746 4073 pauper
2765 4017 2884 4058 esse
2903 4002 3038 4067 vult,
3062 4003 3298 4056 ninnium
3321 4002 3510 4058 domos

1929 4099 2090 4155 habet
2131 4106 2365 4167 apertas.
2397 4097 2528 4150 Nam
2559 4097 2606 4149 ei
2626 4137 2641 4160 ,
2671 4096 2759 4166 qui
2790 4105 3004 4166 propter
3033 4096 3197 4150 Deum
3228 4096 3358 4150 nihil
3386 4111 3509 4164 pos-

1928 4192 2066 4248 sidet
2088 4233 2102 4255 ,
2134 4191 2496 4260 unusquisque
2521 4203 2616 4243 sua
2642 4187 2886 4244 confert:
2920 4187 3008 4258 qui
3040 4203 3166 4242 vero
3195 4203 3353 4257 parva
3383 4203 3508 4243 cum

1931 4282 2183 4353 injustitia
2216 4281 2329 4335 vult
2371 4279 2572 4334 habere
2591 4319 2608 4346 ,
2637 4279 2873 4334 omnium
2910 4278 3014 4334 sibi
3042 4279 3175 4333 ostia
3207 4278 3416 4333 clausit.
3444 4278 3512 4334 Ut

1927 4392 2054 4447 ergo
2084 4386 2138 4431 et
2166 4390 2284 4446 quae
2325 4373 2412 4429 hic
2438 4384 2492 4428 et
2517 4388 2636 4443 qua:
2665 4373 2771 4428 illic
2797 4381 2921 4428 sunt
2956 4372 3094 4427 bona
3121 4387 3470 4441 assequamur
3490 4410 3507 4435 ,

1925 4469 2182 4540 eligamus
2203 4467 2476 4522 immotam
2503 4475 2557 4520 et
2578 4465 2932 4519 immortalem
2961 4463 3286 4534 opulentiam
3311 4481 3324 4516 :
3348 4477 3508 4532 quam

1925 4563 2125 4617 utinam
2158 4573 2256 4614 nos
2279 4573 2468 4613 omnes
2494 4571 2886 4624 consequamur
2906 4557 3074 4628 gratia
3095 4565 3150 4612 et
3185 4556 3511 4628 benignitate

1927 4653 2138 4711 Domini
2167 4651 2335 4707 nostri
2364 4650 2492 4706 Iesu
2517 4647 2741 4716 Christi,
2767 4657 2878 4704 etc.

231 4840 3505 4909 ______________________________________

1670 4935 2015 5002 HOMILIA
2057 4931 2230 4993 XIV.

228 5108 345 5164 Cu.
375 5109 431 5162 ιι.
475 5121 528 5160 v.
562 5105 648 5158 l7.
683 5101 810 5155 Ideo
849 5097 964 5153 misi
998 5096 1068 5150 ad
1111 5110 1198 5148 vos
1245 5086 1596 5150 Timotheum,
1621 5083 1706 5153 qui
1739 5091 1815 5137 est

292 5201 431 5269 ﬁlius
481 5212 622 5249 meus
667 5193 882 5247 dilectus
925 5197 970 5244 et
1013 5187 1180 5258 ﬁdelis
1218 5185 1272 5238 in
1312 5179 1569 5240 Domino,
1602 5175 1687 5241 qui
1731 5189 1817 5227 vos

293 5288 714 5360 commonefaciet
742 5285 850 5338 vias
879 5297 1034 5347 meas,
1065 5294 1178 5351 qua:
1204 5284 1321 5331 sunt
1356 5275 1410 5326 in
1435 5269 1635 5326 Christo
1667 5264 1813 5321 Jeau.

298 5385 344 5438 1.
381 5357 582 5436 Paulus
614 5380 730 5449 igne
759 5373 1037 5428 ardentior.
1063 5401 1129 5411 ——
1149 5369 1245 5423 llic
1271 5378 1484 5436 quoque
1509 5357 1818 5416 consideres

234 5478 381 5531 velim
409 5484 731 5544 generosam
757 5466 1013 5530 animam,
1042 5462 1164 5532 igne
1187 5455 1548 5514 ardentiorem
1570 5459 1624 5507 et
1648 5448 1820 5504 acrio-

234 5585 358 5626 rem.
391 5543 620 5622 \iolebat
641 5562 858 5634 quidem
889 5559 1002 5628 ipse
1027 5555 1240 5621 adesse,
1267 5547 1562 5607 Corinthiis
1589 5543 1819 5600 maxime

237 5663 305 5715 sic
331 5657 719 5731 :cgrotantibus
754 5661 810 5708 et
847 5649 1110 5708 seditione
1150 5644 1381 5717 agitatis.
1414 5640 1588 5697 Probe
1618 5635 1821 5692 sciebat

238 5755 372 5808 enim
395 5793 412 5821 ,
441 5767 603 5824 quam
629 5747 914 5824 prodesset
958 5739 1237 5812 discipulis
1283 5736 1567 5810 praesentia
1601 5747 1695 5790 sua
1720 5773 1735 5800 ,
1766 5737 1822 5785 et

1925 5087 2181 5149 quantum
2211 5074 2426 5130 obesset
2451 5071 2712 5127 absentia.
2749 5071 2817 5126 Et
2848 5070 2978 5125 illud
3008 5068 3220 5140 quidem
3260 5063 3512 5122 indicavit

1927 5174 1978 5226 in
2014 5169 2251 5240 Epistula
2279 5167 2343 5221 ad
2375 5165 2744 5236 Philippenses
2766 5204 2781 5230 ,
2810 5164 2994 5218 dicens
3017 5205 3033 5229 ,
3065 5160 3187 5216 Non
3215 5171 3268 5213 ut
3293 5160 3346 5213 in
3373 5172 3510 5228 pma

1926 5263 2087 5317 rentia
2131 5276 2241 5313 mea
2288 5267 2520 5325 tantum,
2553 5255 2641 5309 sed
2671 5255 2828 5309 nmlto
2857 5254 3020 5325 magis
3059 5268 3194 5307 nunc
3220 5265 3417 5320 quoque
3457 5247 3512 5302 in

1927 5353 2151 5408 absentia
2179 5369 2289 5406 mea
2315 5393 2329 5413 ,
2371 5367 2485 5405 cum
2513 5358 2690 5403 timore
2732 5357 2778 5402 et
2807 5357 3019 5400 tremore
3058 5345 3270 5399 salutem
3295 5350 3509 5396 vestram

1926 5444 2203 5518 aperantini
2253 5441 2514 5517 (Philipp.
2553 5441 2609 5496 2.
2640 5437 2738 5511 I2)
2768 5457 2781 5494 :
2812 5438 2915 5494 hoc
2955 5445 3132 5492 autem
3172 5433 3412 5491 ostendit
3451 5433 3508 5488 in

1927 5539 2027 5593 hac
2056 5536 2282 5606 epistola
2309 5533 2492 5589 dicens
2518 5549 2531 5586 :
2566 5531 2652 5586 18.
2699 5529 2979 5600 Tamquam
3018 5544 3121 5581 non
3150 5535 3385 5580 venturus
3412 5522 3507 5576 sim

1928 5630 1995 5683 ad
2011 5629 2305 5698 vos,inﬂati
2340 5635 2455 5680 sunt
2479 5625 2728 5696 quidam;
2758 5622 2840 5678 I9.
2873 5622 3072 5676 veniam
3109 5629 3296 5672 autent.
3339 5615 3510 5672 Festi.

1931 5724 2089 5781 nabat
2128 5724 2305 5793 itaque
2350 5729 2405 5777 et
2431 5719 2678 5790 cupit-bat
2719 5717 2832 5788 ipse
2859 5715 3090 5780 adesse;
3127 5710 3220 5767 sed
3259 5710 3380 5782 quia
3408 5707 3514 5763 hoc
