3838 6214
327 280 428 337 H5

327 397 566 455 nondum
596 393 792 452 licebat
809 433 825 460 ,
855 387 1212 462 promissione
1236 384 1496 458 adventus
1523 382 1605 438 sui
1645 380 1764 436 illos
1791 392 1914 433 cor-

327 491 496 562 rigit:
554 503 727 558 neque
772 485 875 540 hoc
894 481 1300 544 tantummodo,
1340 475 1434 533 sed
1457 475 1617 530 etiam
1659 471 1915 562 missione

326 560 592 650 discipuli.
645 577 773 631 Ideo
814 587 1046 644 namque
1069 613 1083 636 ,
1132 569 1304 640 inquit
1326 609 1342 631 ,
1371 567 1486 620 misi
1514 565 1581 617 ad
1606 578 1694 616 vos
1743 560 1916 615 Timo-

329 671 522 724 theam.
545 669 672 724 Ideo
699 685 719 722 :
739 665 941 737 quare?
963 663 1098 732 Quia
1128 669 1363 716 vestrum
1385 667 1445 712 ut
1475 656 1704 709 ﬁliorum
1729 663 1913 705 curam

330 775 460 832 gero
479 799 497 827 ,
527 768 586 813 ut
613 758 706 828 qui
741 770 837 811 vos
863 753 1161 826 genuerim.
1190 749 1402 806 Etcum
1449 742 1915 801 commendatione

334 865 579 922 personae
609 858 693 904 est
717 846 944 916 epistola
970 862 984 898 :
1019 843 1120 911 Qui
1147 850 1220 896 est
1258 841 1396 908 ﬁlius
1423 854 1561 892 meus
1588 834 1799 889 dilectus
1818 873 1834 898 ,
1867 841 1914 884 et

335 943 502 1013 ﬁdelis
529 943 583 995 in
619 940 838 994 Domino
862 976 876 990 .
921 937 1032 992 lloc
1060 943 1240 990 autem
1265 931 1428 994 dixit,
1473 938 1531 984 et
1574 937 1633 981 ut
1676 937 1915 979 amorem

337 1051 494 1094 suum
522 1031 773 1088 ostendat
795 1071 810 1092 ,
841 1038 897 1085 et
924 1037 982 1083 ut
1017 1027 1141 1082 illos
1166 1029 1430 1094 prmparet
1458 1020 1524 1074 ad
1569 1018 1715 1072 illum
1759 1028 1916 1070 reve-

335 1137 518 1184 renter
538 1126 848 1182 videndum.
889 1122 1072 1192 Neque
1113 1126 1319 1174 tantum
1353 1113 1564 1169 ﬁdelem
1587 1111 1717 1165 dicit
1740 1151 1755 1174 ,
1784 1107 1878 1161 sed
1899 1146 1915 1170 ,

336 1221 403 1276 In
428 1221 677 1285 Domino;
703 1218 754 1274 id
777 1227 879 1283 est,
911 1217 962 1270 in
991 1215 1152 1270 rebus
1173 1227 1290 1281 qua:
1316 1204 1606 1263 secundum
1638 1200 1917 1255 Dominum

335 1321 481 1368 sunt.
507 1309 663 1378 Quod
691 1310 737 1364 si
780 1309 834 1364 in
860 1303 1203 1362 saecularibus
1233 1300 1392 1355 rebus
1419 1296 1628 1350 lidelem
1656 1305 1776 1347 esse
1805 1290 1918 1342 laus

336 1413 453 1471 est,
485 1403 654 1458 multo
699 1401 866 1469 magis
910 1398 963 1452 in
1005 1391 1385 1464 spiritualibus.
1435 1387 1492 1441 Si
1538 1400 1668 1455 ergo
1692 1381 1919 1436 dilectus

338 1495 456 1562 ejus
483 1493 624 1548 ﬁlius
649 1492 737 1556 sit,
759 1489 932 1559 cogita
955 1494 1184 1558 quantus
1210 1483 1278 1538 sit
1303 1495 1455 1534 amor
1477 1475 1621 1531 l’auli
1653 1477 1706 1528 in
1725 1471 1919 1526 Corin-

340 1585 504 1651 thios,
531 1598 757 1655 quorum
782 1581 949 1651 gratia
983 1578 1051 1631 ab
1075 1576 1169 1630 illo
1190 1573 1414 1628 voluerit
1447 1567 1706 1639 separari.
1736 1565 1790 1620 Si
1814 1578 1914 1618 au-

343 1688 449 1732 tem
477 1674 650 1731 ﬁdelis
687 1674 792 1737 sit,
821 1671 1090 1738 inculpate
1125 1681 1214 1722 res
1247 1660 1663 1719 administrabit.
1701 1657 1801 1724 Qui
1835 1672 1922 1709 vos

339 1765 774 1837 commonefaciet.
802 1762 920 1818 Non
946 1760 1110 1826 dicit,
1145 1755 1369 1811 Docebit
1392 1795 1406 1814 ,
1439 1767 1507 1808 ne
1554 1750 1606 1805 id
1647 1764 1790 1820 tegre
1819 1746 1925 1802 fer-

339 1868 499 1925 rent,
535 1868 592 1913 ut
620 1855 710 1927 qui
748 1855 817 1910 ab
863 1854 982 1923 ipso
1003 1850 1297 1906 discerent.
1335 1845 1568 1915 ideoque
1599 1843 1652 1896 in
1680 1841 1784 1895 ﬁne
1804 1839 1878 1893 ait
1908 1855 1922 1892 :

345 1953 490 2022 Opus
517 1951 649 2005 enim
678 1947 777 2002 Dei
805 1952 1046 2017 operatur
1074 1943 1205 1996 sicut
1223 1950 1271 1995 et
1296 1955 1386 2010 ego
1413 1938 1489 2008 (l.
1518 1935 1637 1990 Cor.
1672 1932 1760 1988 16.
1790 1931 1878 1998 l0)
1908 1947 1920 1984 :

343 2061 413 2101 ne
436 2044 556 2115 quis
584 2057 714 2113 ergo
744 2040 892 2095 illum
925 2036 1206 2108 despiciat.
1238 2033 1389 2087 Nulla
1416 2029 1558 2086 enim
1584 2028 1638 2082 in
1666 2023 1926 2115 apostolis

345 2113 470 2190 erat
487 2133 716 2200 invidia,
749 2129 842 2186 sed
865 2144 1030 2184 unum
1068 2125 1414 2198 spectabant,
1447 2133 1639 2188 nempe
1671 2113 1926 2172 Ecclesiae

346 2225 753 2280 aediﬁcationem
789 2239 803 2276 :
831 2229 886 2276 et
924 2220 970 2274 si
1016 2218 1191 2273 minor
1213 2222 1330 2270 erat
1370 2212 1414 2266 is
1441 2210 1529 2282 qui
1562 2207 1886 2279 operabatur
1909 2245 1924 2270 ,

346 2333 467 2373 cum
496 2314 641 2371 omni
687 2313 865 2370 studio
894 2310 1145 2367 fovebant
1192 2308 1340 2362 illum
1386 2315 1441 2360 et
1477 2303 1752 2373 juvabant.
1787 2300 1929 2368 Qua-

349 2421 568 2479 propter
594 2423 700 2462 non
731 2405 862 2462 satis
889 2403 1074 2457 habuit
1096 2400 1278 2457 dicere
1297 2440 1312 2465 ,
1340 2393 1766 2464 Commonefaciet
1789 2409 1805 2455 ;
1833 2389 1928 2446 sed

352 2501 564 2557 illorum
604 2497 857 2554 invidiam
904 2495 1075 2565 magis
1130 2489 1446 2546 abscindere
1493 2489 1683 2541 volens
1733 2483 1924 2555 (juvea

354 2595 438 2648 nis
469 2605 699 2661 namque
739 2598 855 2645 erat
896 2583 1277 2654 Timotheus):
1305 2581 1425 2636 ideo
1463 2576 1775 2648 subjunxit,
1812 2573 1931 2630 Vias

356 2702 513 2740 meas.
568 2683 685 2739 Non
739 2695 898 2744 suas,
925 2678 1044 2743 sed,
1095 2676 1272 2742 Meas;
1313 2675 1367 2730 id
1418 2682 1524 2738 est,
1566 2669 1928 2734 wconomias,

355 2776 617 2850 pericula,
662 2789 864 2841 mores,
921 2774 1086 2845 leges,
1132 2777 1350 2836 statuta,
1401 2781 1637 2824 canones
1679 2763 1936 2836 apostoli-

353 2885 447 2924 cos
498 2877 554 2924 et
599 2867 702 2922 alia
748 2867 949 2920 omnia.
979 2861 1109 2931 Quia
1141 2860 1282 2916 enim
1332 2859 1504 2926 dixit,
1563 2855 1711 2911 Nudi
1763 2871 1934 2910 sumus

360 2969 406 3016 et
443 2959 672 3031 colaphis
723 2957 963 3012 «edimur
1013 2965 1060 3011 et
1118 2953 1378 3008 instabiles
1421 2965 1644 3006 sumus:
1675 2958 1728 3005 et
1772 2949 1888 3003 hinc
1915 2987 1932 3014 ,

357 3054 558 3124 inquit,
593 3052 769 3107 omnia
803 3065 898 3104 vos
924 3045 1367 3104 commonefaciet
1416 3054 1472 3101 et
1516 3044 1662 3114 leges
1712 3041 1934 3108 Christi,

358 3153 418 3200 ut
435 3143 668 3199 hzereses
683 3142 878 3196 deleat.
911 3138 1111 3194 Deinde
1134 3138 1410 3208 superiora
1439 3145 1690 3206 repetens
1711 3133 1938 3204 subjun-

359 3236 476 3306 git,
533 3233 662 3299 Qua:
709 3241 825 3288 sunt
877 3231 930 3284 in
976 3229 1176 3286 Christo
1230 3249 1249 3284 :
1303 3227 1482 3282 omnia
1532 3227 1607 3280 uti
1647 3225 1784 3280 solet
1837 3225 1943 3278 Do-

363 3332 510 3386 mino
538 3328 798 3392 referens,
821 3334 877 3380 et
907 3325 1011 3380 ﬁde
1029 3324 1186 3394 digna
1215 3322 1490 3392 sequentia
1513 3320 1744 3376 reddens
1773 3337 1785 3373 :
1810 3334 1942 3390 qua-

368 3439 430 3478 re
479 3423 658 3478 subdit
702 3439 715 3474 :
772 3419 918 3475 Sicut
968 3418 1152 3488 ubique
1199 3417 1252 3469 in
1306 3416 1443 3470 omni
1493 3412 1726 3468 Ecclesia
1768 3413 1939 3466 doceo.

365 3513 510 3570 Nihil
537 3512 675 3581 apud
705 3525 798 3564 vos
830 3508 951 3562 novi
979 3507 1088 3563 dixi
1120 3527 1134 3562 :
1169 3506 1356 3561 horum
1399 3504 1529 3560 mihi
1566 3502 1795 3559 consciae
1819 3509 1946 3556 sunt

367 3606 586 3675 reliqua:
613 3617 802 3658 omnes
834 3600 1109 3656 Ecclesiae.
1144 3599 1267 3652 Vias
1291 3606 1468 3652 autem
1497 3597 1616 3652 illas
1647 3597 1698 3651 in
1729 3595 1945 3650 Christo

366 3697 518 3768 dicit,
549 3694 840 3750 ostendens
862 3692 981 3748 illas
1011 3689 1143 3746 nihil
1172 3689 1461 3744 humanum
1489 3689 1710 3754 habere,
1741 3697 1797 3742 et
1822 3701 1944 3741 cum

370 3792 490 3862 ejus
513 3788 711 3844 auxilio
738 3801 796 3842 se
837 3793 985 3840 recte
1022 3784 1199 3838 omnia
1227 3797 1432 3852 gerere.
1455 3781 1740 3851 Postquam
1769 3789 1945 3833 autem

372 3887 490 3942 haec
512 3884 648 3940 dixit
671 3891 724 3937 et
756 3881 874 3935 illos
903 3879 1146 3943 curavit;
1177 3889 1526 3949 aggressurus
1553 3873 1947 3929 accusationem

375 3977 735 4039 fornicatoris,
769 3987 953 4028 rursus
981 3972 1059 4026 ira
1089 3970 1272 4040 plenos
1297 3981 1574 4024 sermones
1597 3966 1812 4031 emittit,
1843 3979 1947 4020 non

375 4067 519 4136 quod
542 4067 630 4122 ille
659 4067 728 4120 ita
774 4063 996 4119 affectus
1034 4071 1198 4124 esset,
1229 4060 1322 4115 sed
1352 4068 1410 4114 ut
1449 4059 1569 4113 illos
1602 4058 1867 4128 corrigat;
1897 4065 1952 4112 et

377 4163 700 4217 fornicatore
728 4157 970 4220 dimisso,
999 4155 1134 4209 alios
1161 4152 1467 4222 alloquitur,
1501 4167 1569 4207 ne
1596 4153 1707 4206 suis
1736 4151 1951 4222 quidem

375 4253 552 4308 verbis
577 4251 794 4321 dignum
825 4247 972 4303 illum
1007 4246 1254 4317 judicans
1281 4261 1295 4298 :
1325 4243 1467 4313 quod
1497 4259 1620 4314 erga
1650 4259 1835 4299 servus
1861 4243 1951 4314 qui

375 4343 660 4400 admodum
691 4339 1029 4396 offenderunt
1067 4337 1242 4392 facere
1270 4336 1522 4392 solemus.
1555 4336 1624 4390 Et
1649 4336 1769 4406 quia
1797 4335 1950 4401 dixit,

377 4434 716 4492 Timotheum
747 4433 936 4496 mitto;
967 4445 1037 4486 ne
1078 4430 1199 4484 ideo
1225 4428 1501 4499 segniores
1529 4427 1794 4492 evadant,
1833 4428 1954 4482 vide

371 4527 499 4601 quid
524 4527 667 4582 dicat
697 4545 711 4581 :
747 4524 1030 4594 Tamquam
1071 4537 1173 4576 non
1216 4530 1454 4575 venturus
1495 4521 1591 4574 sim
1634 4520 1703 4573 ad
1729 4536 1815 4574 vos
1835 4561 1850 4584 ,
1879 4519 1955 4574 sic

372 4619 540 4689 inﬂati
583 4627 698 4672 sunt
741 4615 967 4685 quidam.
1011 4613 1104 4668 His
1129 4613 1271 4668 enim
1301 4623 1356 4668 et
1385 4612 1505 4667 illos
1551 4612 1858 4682 perstringit
1901 4621 1956 4668 et

373 4711 512 4764 alios
535 4708 791 4780 quosdam
819 4749 834 4772 ,
867 4707 1007 4761 altos
1038 4705 1250 4760 illorum
1280 4721 1471 4761 sensus
1517 4706 1812 4776 exagitans.
1862 4706 1958 4762 Est

380 4802 522 4855 enim
552 4800 752 4855 crimen
795 4796 1016 4868 appetiti
1043 4796 1372 4866 principatus
1394 4835 1410 4858 ,
1441 4795 1682 4851 absentia
1719 4796 1957 4853 doctoris

378 4892 445 4946 ad
475 4891 828 4960 arrogantiam
860 4891 956 4945 uti.
986 4889 1210 4956 Quando
1233 4890 1374 4946 enim
1405 4889 1614 4960 plebem
1637 4890 1954 4960 alloquitur,

383 4985 652 5058 perpende
679 4982 809 5038 mihi
838 4983 1104 5053 quomodo
1125 4983 1189 5038 ad
1218 4983 1476 5055 pudorem
1506 4983 1722 5038 inducat
1746 5000 1761 5050 ;
1789 4999 1953 5054 quane

377 5079 449 5133 do
493 5085 669 5132 autem
701 5089 795 5130 eos
836 5075 924 5144 qui
953 5074 1006 5128 in
1035 5088 1191 5128 causa
1225 5075 1348 5128 mali
1397 5082 1559 5138 sunt,
1590 5074 1958 5130 vehementius

379 5172 506 5240 agit.
559 5168 669 5222 Illis
712 5167 854 5222 enim
880 5165 1047 5229 dicit,
1081 5167 1318 5219 Omnium
1363 5169 1688 5239 peripsema;
1731 5167 1959 5239 illosque

378 5261 587 5315 leniens
613 5257 779 5323 addit,
813 5256 934 5310 Non
963 5264 1016 5309 ut
1041 5257 1350 5326 confundam
1377 5272 1483 5322 vos,
1514 5258 1620 5312 lucc
1645 5259 1805 5313 scribo
1830 5274 1850 5313 :
1876 5259 1958 5314 his

372 5363 578 5415 autem,
609 5349 890 5418 Tamquam
914 5365 1014 5402 non
1039 5359 1275 5401 venturus
1301 5349 1397 5400 sim
1425 5348 1492 5401 ad
1516 5364 1624 5414 nos,
1648 5351 1815 5420 inﬂati
1842 5361 1959 5405 sunt

376 5446 623 5516 quidam;
653 5441 942 5496 ostendens
969 5439 1190 5508 puerilis
1227 5439 1390 5494 animi
1418 5455 1537 5496 esse
1575 5444 1955 5513 arrogantiam.

378 5537 586 5592 Etenim
617 5535 769 5606 pueri
806 5531 1043 5588 absentia
1075 5531 1313 5602 magistri
1357 5534 1633 5604 segniores
1663 5534 1816 5591 ﬁunt.
1846 5535 1959 5590 Iloc

376 5642 502 5696 ergo
526 5625 812 5694 indicatur,
839 5635 897 5681 et
923 5623 1063 5695 quod
1090 5625 1374 5696 praesentia
1405 5625 1536 5681 satis
1560 5625 1630 5682 sit
1655 5627 1721 5684 ad
1747 5642 1958 5685 correc-

372 5717 588 5774 tionem.

1037 265 1095 320 S.
1134 262 1422 318 JOANNIS‘
1445 257 1923 321 CHRYSOSTOMI
1959 257 2282 316 ARCHIEP.
2321 261 2857 322 CONSTANTINOP.

3508 266 3597 322 ιω

2091 378 2148 434 2.
2187 378 2647 446 Quemadmodum
2709 382 2852 435 enim
2908 381 3062 436 leone
3115 390 3388 450 praesente
3435 381 3602 436 omnia

2023 481 2294 528 terrentur
2319 473 2570 526 animalia
2601 491 2616 526 :
2645 473 2723 526 sic
2759 482 3028 542 prasente
3065 471 3232 527 Paulo
3260 472 3603 543 pertimesce-

2021 562 2149 618 bant
2172 563 2208 618 ii
2237 564 2325 633 qui
2357 564 2648 618 Ecelesiam
2675 565 3121 633 corrumpebant.
3151 564 3281 618 Ideo
3307 563 3598 633 subjunxit:

2023 655 2113 710 l9.
2165 653 2374 708 Veniam
2403 663 2574 708 autem
2602 655 2700 708 cito
2723 655 2791 707 ad
2817 669 2902 708 vos
2934 696 2948 719 ,
2993 655 3036 709 si
3094 653 3354 708 Dominus
3379 655 3605 708 voluerit.

2021 745 2126 801 Sed
2170 745 2272 800 hoc
2301 746 2472 800 solum
2499 745 2680 802 dicere
2705 786 2718 811 ,
2746 747 3122 800 comminantis
3148 760 3271 800 esse
3299 744 3604 810 videbatur;

2023 852 2244 910 operum
2273 848 2451 892 autem
2476 836 2986 892 demonstrationem
3011 847 3065 892 et
3093 839 3266 907 ipsum
3296 839 3610 908 promittere

2022 937 2078 984 et
2102 928 2170 984 ab
2198 929 2303 984 illis
2329 930 2566 1000 exigere,
2597 928 2700 984 hoc
2724 929 2898 999 magni
2926 939 2982 984 et
3008 928 3254 983 sublimis
3276 937 3397 983 erat
3431 928 3605 982 animi.

2022 1022 2380 1090 Quamobrem
2419 1030 2472 1077 et
2500 1020 2601 1076 hoc
2627 1021 2921 1091 subjunxit,
2944 1021 3127 1077 dicens
3155 1039 3170 1075 :
3199 1021 3268 1075 Et
3288 1037 3606 1091 cognoscant,

2023 1133 2124 1169 non
2174 1131 2451 1170 sermonem
2476 1131 2651 1169 eorum
2696 1115 2782 1184 qui
2822 1115 2988 1185 inﬂati
3032 1124 3195 1184 sunt,
3226 1117 3318 1170 sed
3359 1117 3608 1173 uirtutem.

2023 1206 2138 1262 Non
2165 1207 2307 1263 enim
2339 1222 2403 1261 ex
2434 1206 2664 1276 propriis
2693 1216 2838 1263 recte
2879 1207 3031 1262 factis
3061 1248 3078 1274 ,
3105 1206 3201 1262 sed
3247 1223 3316 1262 ex
3376 1207 3610 1261 doctoris

2023 1297 2264 1354 absentia
2280 1297 2500 1353 suborta
2523 1306 2641 1352 erat
2659 1298 2960 1369 arrogantia
2993 1316 3007 1352 :
3035 1298 3174 1367 quod
3199 1300 3377 1368 ipsum
3401 1313 3610 1368 quoque

2025 1390 2186 1443 animi
2216 1398 2334 1445 erat
2356 1389 2721 1461 despicientis.
2766 1391 2891 1446 ideo
2915 1405 3036 1446 cum
3059 1390 3282 1446 dixisset
3309 1434 3324 1456 ,
3358 1391 3485 1446 Misi
3526 1390 3606 1444 Tt-

2025 1483 2282 1536 mntlieum
2300 1523 2314 1548 ,
2347 1497 2451 1537 non
2479 1483 2658 1537 statim
2686 1482 2821 1538 dixit
2847 1524 2862 1550 ,
2893 1483 3116 1539 Veniam
3145 1527 3159 1550 ,
3187 1484 3281 1540 sed
3309 1501 3437 1540 cum
3467 1485 3609 1554 prius

2028 1574 2174 1642 ipsos
2199 1583 2510 1630 accusasset
2534 1573 2676 1644 quod
2695 1574 2861 1629 inﬁati
2878 1583 3080 1642 essent,
3099 1583 3226 1630 tunc
3245 1576 3344 1642 ait,
3379 1574 3610 1629 Veniant.

2027 1665 2160 1720 Nam
2189 1667 2236 1721 si
2266 1675 2389 1720 ante
2417 1665 2815 1722 accusationem
2845 1666 2976 1722 illud
3003 1668 3306 1738 posuisset,
3335 1669 3614 1723 excusatio

2031 1761 2206 1830 potius
2232 1762 2344 1816 visa
2369 1761 2578 1826 fuisset,
2611 1771 2669 1816 ut
2693 1762 2781 1832 qui
2814 1778 2920 1835 non
2945 1763 3223 1831 defuisset,
3252 1774 3309 1820 et
3335 1780 3444 1819 non
3470 1781 3618 1821 com-

2031 1853 2253 1910 minalio
2281 1895 2296 1920 ,
2329 1870 2431 1910 nec
2456 1854 2728 1910 credibilis
2778 1871 2959 1910 sermo
2997 1855 3184 1912 luisset
3215 1875 3230 1921 ;
3262 1874 3409 1912 nunc
3437 1869 3616 1914 autem

2030 1955 2152 2015 post
2177 1945 2573 2001 accusationem
2591 1947 2819 2016 positum
2847 1946 3070 2014 dictum,
3094 1957 3148 2003 et
3177 1947 3282 2003 ﬁde
3308 1948 3532 2020 dignum
3562 1960 3617 2006 et

2032 2038 2332 2093 terribilem
2355 2037 2607 2092 reddidit.
2634 2039 2700 2092 Et
2724 2037 2846 2094 vide
2875 2039 2994 2108 ejus
3023 2041 3327 2095 ﬁrmitatem
3355 2043 3616 2096 securita-

2034 2138 2268 2200 temque.
2293 2129 2407 2183 Non
2431 2131 2572 2184 enim
2599 2131 2916 2198 simpliciter
2940 2130 3096 2195 dixit,
3142 2130 3371 2197 Veniam,
3396 2132 3489 2186 sed
3509 2176 3524 2198 ,
3557 2133 3618 2188 Si

2035 2220 2280 2275 Dominus
2301 2221 2512 2275 voluerit
2533 2237 2550 2285 ;
2580 2237 2678 2277 nec
2701 2232 2911 2290 tempus
2926 2223 3272 2276 constitutum
3290 2225 3464 2292 ponit.
3483 2225 3617 2290 Quia

2033 2314 2176 2368 enim
2207 2313 2430 2382 conligit
2455 2329 2578 2369 eum
2617 2313 2819 2368 tardius
2844 2314 3105 2370 accedere
3126 2357 3142 2381 ,
3170 2330 3236 2370 ex
3266 2317 3475 2372 incerto
3502 2317 3618 2370 vult

2035 2405 2157 2460 illos
2179 2404 2368 2459 dubios
2393 2407 2555 2461 animi
2607 2409 2674 2461 et
2705 2422 2998 2476 suspensos
3028 2417 3234 2463 tenere.
3270 2408 3338 2462 Et
3385 2426 3451 2464 ne
3491 2426 3618 2480 pro-

2035 2507 2218 2569 pterea
2242 2512 2425 2553 rursus
2451 2499 2736 2554 concidant
2754 2541 2768 2563 ,
2784 2499 3021 2564 addidit,
3039 2499 3167 2554 Cito.
3203 2500 3270 2554 Et
3296 2518 3617 2572 cognoscam.

2036 2606 2137 2643 non
2166 2606 2444 2644 sermonem
2475 2605 2645 2644 eorum
2665 2591 2751 2662 qui
2765 2591 2930 2660 inﬂati
2954 2601 3090 2656 sunt,
3115 2592 3203 2646 sed
3232 2593 3484 2646 virtutem.
3504 2593 3619 2648 Non

2038 2680 2189 2745 dixit,
2213 2679 2543 2751 Cognoscam
2571 2681 2908 2750 sapientiam,
2937 2698 3110 2752 neque
3132 2684 3313 2752 signa;
3345 2684 3438 2738 sed
3469 2684 3622 2753 quid?

2041 2770 2162 2827 Non
2188 2789 2467 2826 sermonem
2497 2789 2516 2839 ;
2544 2772 2755 2828 etillud
2784 2773 2994 2843 prolato
3025 2775 3242 2829 nomine
3262 2775 3573 2843 deprimens
3603 2817 3620 2840 ,

2039 2875 2095 2920 et
2120 2864 2223 2920 hoc
2249 2865 2531 2921 extollens.
2562 2866 2628 2920 Et
2657 2865 2868 2920 interim
2901 2880 3204 2921 sermonem
3227 2867 3402 2938 dirigit
3423 2869 3487 2921 ad
3503 2884 3616 2923 eos.

2040 2957 2132 3027 qui
2161 2956 2538 3012 lornicatorem
2566 2957 2836 3012 fovebant.
2856 2956 2988 3012 Nam
3005 2958 3050 3012 si
3072 2958 3218 3012 illum
3236 2959 3622 3029 alloqueretur,

2042 3064 2147 3104 non
2175 3049 2377 3104 diceret
2403 3050 2669 3116 virtutem,
2693 3050 2786 3105 sed
2808 3065 2992 3119 opera,
3011 3065 3131 3120 qua:
3165 3062 3419 3120 corrupta
3444 3059 3619 3105 erant.

2043 3139 2111 3195 Et
2162 3155 2258 3194 cur
2303 3155 2406 3196 non
2459 3141 2657 3210 quaeris
2704 3141 3197 3197 sermonem2Non
3238 3143 3382 3210 quod
3437 3143 3622 3197 verbis

2043 3248 2250 3303 egeam.
2279 3232 2375 3289 sed
2396 3236 2516 3304 quia
2541 3233 2595 3288 in
2627 3234 2825 3290 virtute
2851 3250 2939 3289 res
2971 3245 3168 3289 nosme
3197 3236 3527 3290 consistunt.
3559 3237 3626 3293 lJ-t

2047 3327 2205 3396 igitur
2227 3326 2280 3380 in
2307 3327 2447 3382 bello
2476 3341 2580 3380 non
2610 3327 2778 3381 multa
2801 3327 3133 3397 loquentium
3161 3369 3176 3393 ,
3208 3327 3301 3382 sed
3334 3329 3502 3382 multa
3535 3345 3625 3398 pa-

2048 3417 2297 3470 trantium
2322 3426 2446 3472 sunt
2475 3417 2726 3488 prteclara
2754 3427 2902 3488 gesta
2932 3436 2946 3470 :
2974 3419 3043 3473 ita
3075 3419 3161 3474 hic
3181 3436 3396 3489 quoque
3425 3436 3533 3474 non
3553 3423 3605 3476 lo

2048 3510 2323 3578 quentium
2358 3551 2372 3574 ,
2402 3509 2494 3563 sed
2523 3509 2861 3579 operantium
2891 3520 2974 3564 est
3000 3511 3243 3566 victoria.
3274 3512 3456 3566 Altum
3488 3514 3632 3580 sapis

2050 3602 2120 3656 ob
2159 3601 2459 3655 facundiam
2493 3644 2508 3667 ,
2541 3601 2744 3671 inquit;
2795 3600 2890 3655 sed
2931 3601 2975 3657 si
3034 3603 3308 3656 rhetorum
3347 3613 3624 3658 certamen

2051 3705 2196 3749 esset
2225 3703 2278 3748 et
2308 3706 2517 3764 tempus
2550 3735 2566 3760 ,
2610 3703 2756 3749 recte
2795 3693 2916 3749 ideo
2943 3694 3036 3748 tibi
3067 3693 3347 3763 placeres;
3381 3695 3426 3750 si
3454 3709 3633 3751 autem

2053 3787 2417 3856 apostolorum
2449 3788 2729 3841 veritatem
2772 3788 3204 3842 annuntiantium
3231 3829 3247 3855 ,
3283 3798 3339 3843 et
3381 3788 3529 3843 illam
3561 3791 3634 3844 εἰς

2052 3878 2168 3947 gnis
2193 3877 2624 3932 conﬁrmantium
2659 3921 2675 3945 ,
2723 3879 2849 3949 quid
2900 3878 3103 3934 inﬂaris
3131 3879 3199 3934 de
3228 3895 3288 3935 re
3317 3880 3590 3950 superﬂua
3617 3924 3632 3947 ,

2054 3986 2173 4041 quae
2201 3970 2331 4024 nihil
2359 3979 2460 4036 est,
2486 3980 2542 4026 et
2564 3971 2628 4025 ad
2659 3971 2946 4040 praesentia
2976 3971 3106 4026 nihil
3136 3971 3390 4028 conferre
3421 3973 3635 4043 possit?

2054 4063 2189 4130 Quid
2233 4065 2374 4119 enim
2412 4064 2699 4118 verborum
2731 4067 3024 4119 ostentatio
3054 4073 3236 4132 posset
3262 4065 3331 4120 ad
3362 4075 3633 4119 mortuum

2056 4155 2420 4211 suscitandum
2453 4197 2468 4221 ,
2513 4164 2605 4208 aut
2655 4154 2929 4210 daemones
2969 4153 3248 4226 pellendos
3287 4196 3302 4221 ,
3349 4166 3440 4210 aut
3490 4157 3633 4211 aliud

2061 4249 2346 4320 quodpiam
2372 4249 2685 4304 miraculum
2717 4249 3052 4318 patrandum.
3082 4249 3174 4303 His
3200 4265 3342 4304 nunc
3369 4265 3505 4318 opus
3534 4261 3632 4316 est,

2057 4351 2114 4397 et
2165 4357 2260 4412 per
2317 4341 2431 4397 haec
2481 4357 2569 4397 res
2620 4351 2816 4397 nostra:
2865 4342 3183 4398 consistunt.
3234 4342 3464 4412 Ideoque
3510 4344 3637 4397 sub-

2053 4433 2230 4504 junxit
2256 4451 2269 4488 :
2293 4432 2384 4488 20.
2418 4431 2539 4487 Non
2569 4433 2701 4487 enim
2731 4435 2784 4487 in
2813 4450 3042 4488 sermone
3066 4443 3140 4488 est
3165 4451 3378 4504 regnum
3407 4433 3521 4499 Dei,
3555 4435 3638 4488 sed

2057 4524 2113 4578 in
2143 4524 2340 4578 virtute.
2371 4524 2474 4579 Per
2501 4524 2674 4593 signa,
2701 4524 2891 4594 inquit,
2922 4539 3026 4579 non
3052 4539 3149 4595 per
3174 4523 3473 4579 lacundiam
3503 4525 3634 4578 viei-

2060 4631 2179 4672 mus
2202 4654 2217 4680 ,
2248 4615 2467 4687 etquod
2498 4615 2674 4671 divina
2703 4617 2775 4670 sit
2802 4615 3046 4670 doctrina
3089 4623 3272 4670 nostra
3293 4656 3310 4678 ,
3337 4623 3392 4670 et
3420 4631 3636 4685 regnum

2061 4710 2312 4766 caelorum
2341 4711 2718 4765 annuntiemus
2739 4751 2756 4778 ,
2788 4710 3078 4764 maximum
3105 4717 3479 4779 argumentum
3509 4724 3638 4777 prae.

2061 4800 2294 4868 buimns,
2324 4802 2473 4872 signa
2498 4817 2710 4872 nempe,
2739 4817 2860 4871 qua:
2886 4816 2983 4871 per
3012 4801 3262 4854 virtutem
3294 4799 3532 4868 Spiritus
3563 4800 3636 4852 fa-

2063 4893 2256 4948 cimus.
2280 4893 2334 4948 Si
2379 4909 2508 4962 ergo
2541 4893 2716 4961 magni
2748 4892 2961 4962 quidam
2991 4891 3088 4945 viri
3124 4905 3245 4945 esse
3273 4892 3462 4946 volunt
3488 4892 3524 4945 ii
3556 4894 3637 4961 qui

2066 4998 2206 5039 nunc
2234 4993 2359 5038 sunt
2385 4983 2574 5046 inflati,
2603 4998 2725 5038 cum
2753 4983 3042 5048 advenero,
3067 4982 3353 5037 ostendant
3371 5025 3386 5043 ,
3419 4983 3463 5036 si
3485 4998 3637 5052 quam

2065 5077 2226 5131 talem
2272 5076 2522 5130 virtutem
2575 5075 2807 5130 habeant
2839 5091 2853 5140 ;
2883 5090 3058 5143 neque
3107 5075 3392 5128 verborum
3452 5074 3638 5128 fastum

2067 5167 2197 5221 mihi
2229 5166 2525 5220 obtendant
2556 5185 2570 5220 :
2603 5181 2693 5221 ars
2721 5166 2863 5221 enim
2894 5165 2978 5218 illa
3001 5165 3134 5218 nihil
3161 5164 3226 5218 ad
3251 5179 3369 5217 nos.
3398 5164 3490 5218 2|.
3514 5165 3639 5230 Quid

2064 5257 2214 5312 vultis
2236 5257 2262 5310 .9
2285 5257 2337 5311 in
2359 5258 2500 5327 virga
2527 5259 2723 5310 veniam
2751 5257 2819 5310 ad
2848 5273 2953 5321 vos,
2983 5273 3048 5308 an
3076 5256 3128 5308 in
3147 5256 3363 5308 caritate
3388 5265 3436 5308 et
3466 5256 3642 5324 spiritu

2064 5349 2467 5403 mansuetudinis
2545 5348 2766 5403 Multum
2798 5347 3016 5402 terroris
3047 5357 3102 5401 et
3142 5347 3366 5400 multum
3414 5347 3641 5400 lenitatis

2065 5441 2153 5496 hic
2178 5455 2357 5496 sermo
2383 5456 2492 5510 prae
2517 5455 2578 5495 se
2597 5428 2726 5493 fert.
2765 5439 2950 5493 Dicere
2976 5441 3141 5503 enim,
3172 5436 3508 5507 Cagnoscam,
3529 5451 3642 5490 sese

2065 5532 2387 5588 continentis
2417 5540 2570 5597 erat;
2600 5531 2780 5586 dicere
2804 5539 2980 5585 autem
3008 5548 3021 5583 :
3048 5529 3186 5594 Quid
3218 5529 3367 5582 vultis
3386 5529 3411 5581 ?
3439 5529 3491 5581 in
3512 5529 3641 5596 virga

2065 5627 2261 5680 veniam
2277 5621 2345 5677 ad
2364 5623 2490 5678 vos?
2515 5622 2631 5692 ejus
2656 5631 2739 5677 est
2759 5620 2848 5692 qui
2877 5622 2929 5675 in
2956 5620 3214 5675 doctrinae
3239 5619 3434 5674 solium
3461 5632 3642 5672 ascen-

2075 5722 2171 5783 dit,
2200 5731 2249 5776 ct
2281 5719 2402 5775 inde
2429 5717 2683 5783 disserit,
2718 5725 2986 5786 totamque
3009 5714 3380 5770 auctoritatem
3419 5707 3638 5778 accepit.
