3838 6214
203 196 293 253 I15

196 309 297 380 γὰρ
319 347 334 371 ,
374 306 559 378 φησὶν,
588 305 832 377 ἔπεμψα
875 307 1021 377 ὑμῖν
1060 311 1355 378 Τιμόθεον.
1384 311 1488 365 Διά
1530 312 1707 365 τοῦτο
1731 325 1747 342 ’

199 394 373 453 ποῖονς
416 391 631 462 Ἐπειδὴ
663 392 737 455 ὡς
778 392 982 446 παίδων
1020 394 1257 464 κήδομαι
1277 437 1291 459 ,
1320 395 1413 448 καὶ
1443 397 1520 459 ὡς
1561 411 1752 463 γεγεν-

200 471 386 542 νηκώς.
437 474 545 527 Καὶ
589 474 728 543 μετὰ
754 475 853 546 τῆς
900 476 1211 539 συστάσεως
1240 476 1335 529 τοῦ
1367 477 1680 548 προσώπου,
1712 478 1748 548 ή

210 555 505 626 Ἐπιστολή·
523 558 631 622 ’⁷ος
653 558 788 610 ἐστι
806 576 926 627 μου
959 558 1174 613 τέκνον
1198 558 1508 628 ἀγαπητὸν
1535 562 1634 613 καί
1664 572 1758 612 πι-

199 638 337 694 στὸν
363 638 432 691 ἐν
454 640 666 707 Κυρίῳ.
692 639 865 695 Τοῦτο
892 641 948 695 δὲ
970 636 1115 706 εἷπε,
1135 644 1236 712 τήν
1264 660 1324 695 τε
1357 642 1521 696 αὑτοῦ
1542 644 1763 711 ἀγάπην

200 720 487 791 ἐμφαίνων,
509 722 798 785 κάκείνους
820 726 1253 793 παρασκευάζων
1282 725 1575 795 αἰδεσίμως
1597 724 1762 778 αὐτὸν

204 804 335 856 ίδεῖν.
378 805 486 855 Καὶ
513 804 610 873 οὐχ
632 805 816 867 ἁπλῶς
857 807 1069 871 πιστὸν,
1096 807 1211 859 ἀλλ’
1243 809 1337 860 Ἐν
1366 809 1578 874 Κυρίῳ,
1605 824 1761 861 τουτ-

201 888 353 947 έστιν,
386 888 444 939 ἐν
475 890 587 951 τοῖς
614 889 754 942 κατά
781 890 980 959 Κύριον
1014 890 1355 961 πράγμασιν.
1392 893 1454 944 Εἰ
1501 892 1559 944 δὲ
1592 891 1652 944 τὸ
1703 893 1762 945 ἐν

200 974 301 1033 τοῖς
334 971 604 1040 βιωτικοῖς
649 969 788 1026 εἷναί
824 991 944 1026 τινα
977 975 1185 1035 πιστὸν,
1239 974 1534 1044 ἐγκώμιον,
1578 974 1761 1046 πολλῷ

205 1052 392 1124 μᾶλλον
430 1056 488 1106 ἐν
535 1057 649 1117 τοῖς
693 1060 1106 1126 πνευματικοῖς.
1142 1058 1206 1109 Et
1257 1058 1432 1110 τοίνυν
1479 1059 1760 1128 ἀγαπητὸν

200 1135 353 1190 αὐτοῦ
384 1137 592 1199 τέκνον,
629 1138 883 1208 ἐννόησον
909 1140 1050 1210 πόση
1092 1140 1185 1193 τοῦ
1234 1141 1447 1195 Παύλου
1478 1144 1511 1213 ἡ
1546 1142 1759 1211 ἀγάπη,

200 1223 274 1274 ὅτι
294 1220 465 1272 εῖλετο
483 1219 647 1290 αὑτοῦ
664 1222 999 1292 χωρισθῆναι
1020 1224 1108 1277 διά
1131 1224 1470 1295 Κορινθίους.
1498 1226 1561 1279 EI
1586 1225 1641 1277 δὲ
1666 1226 1761 1277 καὶ

202 1302 419 1369 πιστὸν,
467 1303 723 1375 ἀλήπτως
760 1304 1069 1376 διακονήσει
1110 1310 1226 1370 τοῖς
1271 1309 1614 1379 πράγμασιν.
1662 1309 1762 1372 Ὃς

200 1384 342 1457 ὑμᾶς
382 1386 738 1455 ἀναμνήσει.
779 1388 892 1442 Οὐκ
924 1386 1073 1453 εἶπε,
1104 1390 1346 1457 Διδάξει,
1381 1392 1468 1445 ἵνα
1518 1392 1593 1463 μὴ
1635 1392 1763 1445 δυσο

199 1472 584 1540 ανασχετῶσιν,
617 1473 690 1534 ὡς
726 1473 855 1543 παρ’
887 1473 1051 1527 αὐτοῦ
1079 1474 1458 1545 μανθάνοντες.
1483 1477 1580 1530 Διά
1606 1475 1763 1530 τοῦτο

200 1555 285 1607 καὶ
311 1555 447 1625 πρὸς
470 1554 548 1624 τῷ
574 1555 712 1607 τέλει
746 1556 911 1625 φησί’
952 1558 1021 1611 Τὸ
1048 1557 1157 1627 γὰρ
1200 1560 1379 1629 ἔργον
1419 1561 1643 1627 Κυρίου
1667 1560 1763 1628 ἐρ-

198 1638 435 1707 γάζεται,
474 1640 666 1705 καθὼς
694 1640 793 1693 καὶ
820 1640 933 1709 ἐγώ
964 1659 977 1672 ’
1021 1644 1094 1713 μή
1124 1661 1203 1706 τις
1234 1640 1329 1697 οῦν
1358 1644 1521 1698 αὐτὸν
1551 1644 1764 1709 ἐξουθε-

198 1723 349 1792 νήσῃ.
392 1722 578 1785 Οὐδεὶς
620 1722 728 1795 γὰρ
760 1719 828 1794 ἦν
879 1726 936 1777 ἐν
988 1726 1306 1791 ἀποστόλοις
1363 1727 1576 1796 φθόνος,
1628 1726 1764 1780 ἀλλά

198 1805 328 1875 πρὸς
366 1804 424 1858 ἒν
450 1804 657 1873 ἐώρων,
692 1806 791 1875 τῆς
827 1806 1155 1878 Ἐκκλησίας
1183 1808 1283 1881 τὴν
1314 1810 1633 1880 οἰκοδομήν·
1669 1810 1764 1863 καὶ

196 1887 243 1939 εί
260 1886 496 1940 ἐλάττων
513 1883 582 1957 ἦν
607 1890 634 1941 ό
657 1889 1043 1960 ἐργαζόμενος,
1064 1893 1420 1964 συνεκρότουν
1443 1892 1604 1945 αὐτὸν
1626 1892 1763 1961 μετά

199 1971 427 2041 σπουδῆς
459 1972 697 2042 ἀπάσης.
727 1973 824 2025 Διὰ
847 1972 1003 2026 τοῦτο
1035 1975 1155 2027 ούδέ
1189 1975 1431 2046 ἠρκέσθη
1465 1974 1542 2045 τῷ
1565 1976 1759 2039 εἰπεῖν,

199 2053 573 2123 Ἀναμνήσει,
604 2056 720 2108 ἀλλ’
745 2056 839 2109 ἐπὶ
859 2056 1020 2110 πλέον
1040 2058 1164 2123 ἀγει
1188 2058 1279 2111 τὸν
1307 2058 1464 2127 λόγον
1482 2070 1540 2133 ἀ,
1565 2058 1762 2111 ὑποτέα

204 2135 427 2204 μνεσθαι
473 2136 793 2206 βουλόμενος
842 2138 1025 2193 αὐτῶν
1071 2140 1160 2193 τὸν
1197 2140 1393 2209 φθόνον
1426 2141 1541 2210 (καὶ
1565 2140 1674 2211 γὰρ
1695 2135 1763 2209 ἧν

196 2219 308 2282 νέος
329 2222 356 2273 ό
386 2219 691 2291 Τιμόθεος).
722 2222 804 2276 διὸ
835 2224 1082 2295 ἐπήγαγε
1103 2241 1116 2256 ·
1156 2224 1268 2291 Τὰς
1305 2224 1485 2291 ὁδούς
1513 2242 1651 2294 μου.
1686 2224 1762 2276 Οὐ

196 2302 290 2367 τὰς
320 2306 509 2372 αὑτοῦ,
544 2306 678 2361 ἀλλά
695 2307 794 2371 τὰς
826 2308 987 2378 ἐμὰς,
1010 2310 1275 2374 τουτέστι,
1302 2311 1403 2374 τὰς
1430 2312 1763 2381 οἰκονομίας,

197 2389 317 2451 τοὺς
346 2389 644 2455 κινδύνους,
682 2392 749 2445 τά
777 2391 872 2462 ἐθη
891 2432 906 2457 ,
946 2394 1073 2457 τοὺς
1109 2393 1325 2465 νόμους,
1353 2396 1479 2458 τοὺς
1507 2394 1762 2465 θεσμοὺς,

196 2472 316 2532 τοὺς
365 2472 594 2536 κανόνας
646 2474 773 2537 τοὺς
800 2474 1211 2540 ἀποστολικοὺς,
1258 2477 1327 2529 τὰ
1376 2477 1512 2531 ἄλλα
1562 2479 1761 2534 πάντα.

208 2552 423 2625 Ἐπειδὴ
471 2555 576 2627 γὰρ
633 2553 774 2621 εἷπε,
813 2560 1275 2628 Γυμνητεύομεν
1317 2559 1416 2613 καὶ
1454 2561 1767 2630 κολαφιζόο

190 2640 337 2704 μεθα
358 2638 456 2690 καί
483 2639 876 2709 ἀστατοῦμεν,
906 2642 998 2695 καὶ
1023 2641 1213 2707 ταῦτα,
1237 2644 1392 2713 φησὶ,
1419 2644 1596 2698 πάντα
1624 2646 1767 2714 ὑμᾶς

195 2720 494 2791 ἀναμνήσει
524 2722 617 2776 καὶ
647 2724 774 2787 τοὺς
799 2724 996 2795 νόμους
1034 2726 1160 2789 τοὺς
1184 2725 1276 2780 τοῦ
1306 2727 1541 2798 Χριστοῦ
1562 2767 1578 2793 ,
1625 2727 1766 2781 ὥστε

194 2803 291 2867 τὰς
322 2806 563 2876 αἱρέσεις
590 2807 817 2863 ἀνελεῖν.
858 2804 989 2861 Εἶτα
1022 2810 1276 2881 ἀνωτέρω
1321 2811 1410 2863 τὸν
1454 2811 1612 2880 λόγον
1674 2811 1767 2864 ἀν-

194 2887 418 2957 αγαγὼν
443 2892 687 2961 ἐπήγαγε
712 2905 728 2921 ⁶
758 2891 835 2946 Τὰ
866 2892 1181 2961 ἐνΧριστῷ
1199 2911 1214 2926 ο
1248 2895 1441 2959 πάντα,
1457 2896 1531 2958 ὡς
1556 2894 1766 2959 εἴωθεν,

196 2972 470 3037 ἀνατιθεὶς
514 2973 592 3045 τῷ
617 2975 882 3048 Δεσπότῃ,
922 2977 1017 3029 καὶ
1061 2978 1122 3029 τὸ
1157 2978 1469 3043 ἀξιόπιστον
1501 2979 1609 3031 τῶν
1642 2978 1768 3049 ἑξῆς

196 3057 448 3111 ἐντεῦθεν
507 3061 932 3125 κατασκευάζων
965 3076 979 3091 ’
1042 3060 1192 3133 [118]
1246 3063 1326 3116 διὸ
1380 3064 1476 3116 καὶ
1528 3062 1761 3131 ἐπάγει’

194 3142 400 3209 Καθὼς
419 3143 732 3213 πανταχοῦ
757 3146 826 3199 ἐν
846 3145 1014 3215 πάσῃ
1031 3148 1356 3214 Ἐκκλησία
1377 3146 1769 3200 διδάσκω.οὑ-

196 3224 283 3278 δέν
312 3227 451 3300 πρὸς
485 3228 627 3297 ὑμᾶς
660 3230 845 3283 καινὸν
876 3226 1059 3283 εἴπονο
1091 3230 1263 3284 ταῦτά
1288 3246 1376 3300 μοι
1408 3229 1768 3283 συνίσασικαὶ

194 3310 250 3362 αἱ
276 3308 463 3364 λοιπαὶ
503 3312 820 3384 Ἐκκλησίαι
845 3316 1035 3369 πᾶσαι.
1074 3316 1255 3378 Ὁδοὺς
1284 3315 1342 3368 δὲ
1358 3314 1529 3377 αὑτὰς
1553 3317 1609 3368 ἐν
1632 3316 1768 3381 Χρι-

198 3393 306 3463 στῴ
332 3412 490 3464 φησι,
525 3396 736 3460 δεικνὺς
763 3398 844 3452 ὅτι
866 3399 1017 3452 οὐδὲν
1043 3398 1258 3469 ἔχουσιν
1279 3399 1639 3469 ἀνθρώπινον,
1674 3399 1768 3451 καὶ

193 3478 272 3530 ὅτι
311 3477 455 3544 μετά
484 3479 582 3549 τῆς
630 3479 837 3534 ἐκεῖθεν
886 3481 1137 3553 βοηθείας
1166 3484 1233 3536 τά
1282 3483 1457 3537 πάντα
1491 3480 1766 3551 κατορθοῖ.

196 3559 381 3612 Εἰπὼν
398 3560 455 3613 δέ
475 3561 648 3616 ταῦτα
665 3565 758 3617 καὶ
783 3564 1128 3634 θεραπεύσας
1150 3566 1412 3629 ἐκείνους,
1440 3566 1535 3619 καὶ
1561 3566 1768 3636 μέλλων

195 3643 488 3711 ἐμϐάλλειν
530 3648 609 3709 είς
655 3646 753 3717 τὴν
802 3647 1136 3720 κατηγορίαν
1165 3648 1259 3701 τοῦ
1310 3649 1765 3719 πεπορνευκότος,

194 3726 355 3780 πάλιν
388 3728 563 3797 θυμοῦ
604 3730 872 3799 γέμοντας
913 3732 1103 3798 λόγους
1152 3731 1397 3801 ἀφίησιν,
1453 3732 1554 3785 οὑκ
1606 3732 1769 3793 αὐτὸς

194 3809 364 3864 ταῦτα
396 3812 647 3881 πάσχων,
668 3812 780 3865 ἀλλ’
811 3814 1052 3877 ἐκείνους
1094 3813 1473 3884 διορθούμενος
1500 3831 1511 3843 ·
1558 3816 1650 3867 καὶ
1678 3814 1770 3868 τὸν

194 3899 607 3964 πεπορνευκότα
630 3894 923 3964 ἀφεὶς,τοῖς
946 3895 1126 3960 ἄλλοις
1143 3895 1469 3965 διαλέγεται,
1487 3897 1587 3950 οὐκ
1606 3897 1770 3962 ἀξιῶν

194 3975 406 4031 ἐκεῖνον
442 3974 565 4030 οὔτε
614 3978 724 4031 τῶν
753 3979 883 4049 παρ’
914 3979 1079 4032 αὑτοῦ
1126 3980 1300 4048 λόγων
1319 3996 1335 4012 ο
1363 3982 1500 4052 ὅπερ
1530 3982 1624 4035 ἐπὶ
1661 3982 1771 4037 τῶν

193 4062 426 4114 οἰκετῶν
451 4062 558 4115 τῶν
581 4063 785 4135 σφόδρα
815 4065 1334 4135 προσκεκρουκότων
1354 4065 1631 4135 ποιοῦμεν.
1662 4067 1772 4121 Καὶ

194 4144 387 4216 ἐπειδὴ
415 4140 593 4210 εἶπεν,
620 4146 702 4198 ὅτι
726 4146 989 4216 Τιμόθεον
1022 4148 1245 4216 πέμπω,
1270 4149 1355 4202 ῖνα
1387 4150 1460 4219 μὴ
1478 4148 1653 4220 τούτῳ
1674 4152 1772 4221 ρᾳ.

193 4226 491 4299 θυμότεροι
512 4228 795 4295 γένωνται,
820 4229 922 4298 ὃρα
950 4230 1001 4281 τί
1038 4246 1203 4299 φησιν
1224 4247 1237 4261 ·
1279 4232 1375 4295 Ὠς
1414 4231 1501 4301 μὴ
1529 4231 1773 4302 ὲρχομέο

192 4327 303 4363 νου
338 4310 411 4363 δέ
442 4329 564 4380 μου
594 4310 744 4379 πρὸς
778 4310 951 4381 ὑμᾶς,
977 4313 1406 4382 ἐφυσιώθησάν
1438 4331 1615 4381 τινες.
1660 4316 1775 4369 Ἐν·

194 4395 367 4448 ταῦθα
389 4395 503 4465 γὰρ
530 4382 620 4447 καὶ
647 4396 872 4450 ἐκείνων
900 4398 1239 4451 καθάπτεται
1260 4398 1350 4451 καὶ¹
1371 4399 1570 4470 ἐτέρων
1591 4402 1771 4467 τινῶν,

195 4480 510 4532 κατασείων
534 4478 712 4532 αὐτῶν
740 4479 801 4532 τὸ
834 4481 1106 4551 φρόνημα.
1132 4480 1423 4552 Φιλαρχίας
1462 4485 1570 4554 γὰρ
1606 4484 1666 4537 τὸ
1686 4484 1777 4552 ἐγ-

196 4562 409 4632 κλημα,
436 4564 505 4631 τῇ
533 4562 738 4633 ἐρημίᾳ
768 4562 863 4616 τοῦ
893 4563 1216 4618 διδασκάλου
1250 4566 1330 4627 είς
1378 4565 1637 4619 ἀπόνοιαν
1685 4583 1778 4619 κε-

196 4644 460 4715 χρῆσθαι.
499 4644 668 4697 Ὀταν
697 4645 795 4714 μὲν
820 4642 912 4700 οὖν
934 4646 1069 4718 πρὸς
1098 4648 1224 4710 τοὺς
1264 4647 1491 4711 πολλοὺς
1523 4647 1775 4717 διαλέγη-

196 4745 305 4791 ται,
338 4729 537 4782 σκόπει
566 4727 683 4791 πῶς
732 4729 1099 4800 ἐντρεπτικῶς
1148 4730 1281 4783 αὐτὸ
1314 4733 1490 4785 ποιεῖ⁹
1544 4733 1671 4785 ὅταν
1721 4731 1779 4784 δέ

196 4812 333 4882 πρὸς
363 4814 498 4876 τοὺς
521 4813 756 4878 αἰτίους,
792 4813 1324 4885 καταφορικώτερον.
1370 4814 1629 4878 Ἐκείνοις
1681 4815 1778 4885 μὲν

194 4896 305 4965 γὰρ
339 4896 516 4961 λέγει,
545 4895 795 4949 Πάντων
828 4897 1168 4965 περίψημα,
1198 4898 1291 4950 καὶ
1334 4898 1651 4969 θεραπεύων
1684 4900 1781 4951 αύ-

196 4980 324 5040 τούς
360 4993 554 5048 φησινο
588 4980 711 5032 Οὐκ
766 4978 1066 5047 ἐντρέπων
1100 4980 1275 5049 ὑμᾶς,
1310 4980 1512 5051 γράφω
1560 4984 1777 5036 ταῦτα’

195 5062 415 5125 τούτοις
440 5062 521 5126 δὲ,
561 5062 655 5129 Ὠς
680 5063 765 5132 μὴ
799 5064 1126 5132 ἐρχομένου
1156 5064 1223 5117 δέ
1248 5082 1368 5134 μου
1403 5066 1553 5134 πρὸς
1602 5067 1778 5136 ὑμᾶς.

196 5146 638 5215 ἐφυσιώθησάν
670 5165 826 5215 τινες
845 5189 859 5213 ,
890 5149 1105 5214 δεικνὺς
1132 5150 1213 5203 δτι
1260 5151 1515 5221 παιδικῆς
1547 5151 1781 5217 διανοίας

198 5231 232 5300 ή
255 5231 495 5284 ἀπόνοια
518 5247 531 5259 ·
565 5230 659 5284 καὶ
685 5232 793 5302 γὰρ
818 5232 869 5284 οἱ
902 5232 1090 5295 παῖδες
1129 5235 1196 5303 τῇ
1229 5233 1467 5305 ἀπουσίᾳ
1495 5233 1589 5287 τοῦ
1637 5236 1782 5289 διδα-

202 5314 409 5367 σκάλου
448 5315 806 5388 ρᾳθυμότεροι
839 5317 1102 5384 γίνονται.
1128 5318 1299 5370 Τοῦτο
1321 5318 1377 5370 δὲ
1407 5315 1499 5373 οὖν
1522 5319 1785 5374 ἐνδείκνυ-

199 5416 310 5457 ται.
344 5401 447 5453 καί
473 5402 554 5452 ὅτι
593 5403 754 5471 ἀρκεῖ
781 5402 915 5471 πρὸς
936 5401 1220 5472 διόρθωσιν
1243 5404 1275 5472 ἡ
1314 5405 1604 5474 παρουσία.

272 5481 342 5551 β’.
370 5483 644 5554 Καθάπερ
672 5484 776 5555 γὰρ
832 5484 1045 5549 λέοντος
1084 5486 1353 5555 παρουσία
1383 5487 1593 5541 ἅπαντα
1642 5490 1785 5542 ποιεῖ

202 5566 621 5636 κατεπτηχέναι
646 5566 714 5620 τά
737 5567 879 5633 ζῶα·
912 5567 1053 5621 οὕτω
1082 5568 1175 5621 καὶ
1201 5570 1235 5639 ὴ
1260 5568 1472 5623 Παύλου
1511 5572 1636 5636 τοὺς
1668 5570 1783 5625 δια-

266 5755 297 5789 ⁸
322 5756 541 5809 Deerant
575 5762 737 5824 verba,
762 5760 862 5823 ἄγει
914 5762 1148 5824 τὸνλόγον

1208 198 1274 255 ΙΝ
1320 196 1542 257 EPIST.
1586 198 1603 253 Ι
1638 197 1731 253 Αἰ)
1766 196 1925 257 COR.
1970 201 2203 262 HOMIL.
2240 206 2378 264 XIV.

3322 211 3426 269 Ηϐ

1857 313 2187 385 φθείραντας
2215 317 2314 387 τὴν
2345 316 2691 391 Ἐκκλησίαν.
2719 321 2809 375 Διὸ
2836 324 2929 377 καὶ
2971 323 3198 392 ἐπάγει·
3230 324 3430 380 Ἐλεύ·

1856 409 2038 466 σομαι
2058 399 2126 451 δὲ
2149 402 2376 470 ταχέως
2395 403 2546 470 πρὸς
2570 404 2745 472 ὑμᾶς,
2770 406 2878 460 ἐὰν
2892 410 2924 460 ό
2940 408 3150 476 Κύριος
3172 410 3426 479 θελήσῃ.

1872 479 2033 532 Ἀλλά
2069 480 2129 533 τὸ
2161 483 2259 552 μὲν
2296 482 2455 537 τοῦτο
2479 487 2653 539 εἰπεῖν
2685 488 3056 558 μόνον,ἐδὸκει
3090 490 3317 561 ἀπειλῆς
3350 488 3431 546 εῖ-

1858 578 1945 614 ναι
1966 580 1979 593 ·
2015 563 2076 615 τὸ
2105 563 2162 616 δὲ
2185 566 2280 617 καὶ
2312 568 2411 637 τὴν
2440 568 2546 621 ἀπὸ
2576 568 2685 623 τῶν
2713 571 2887 641 ἔργων
2917 572 3188 637 ἀπόδειξιν
3214 575 3307 627 καὶ
3331 576 3431 627 αύ-

1858 643 1950 697 τὸν
1998 646 2448 715 ἐπαγγείλασθαι,
2497 652 2788 716 κάκείνους
2839 656 3105 717 ἀπαιτεῖν,
3164 655 3318 708 τοῦτο
3362 651 3432 727 ἦν

1863 728 2263 799 μεγαλόφρονος
2288 732 2551 797 διανοίας.
2587 737 2786 807 Διόπερ
2818 737 2913 789 καὶ
2942 735 3221 807 πρσέθηκε
3252 735 3430 801 τοῦτο,

1859 811 2029 866 είπών
2053 829 2067 843 °
2100 816 2209 868 Kal
2234 816 2536 885 γνώσομαι
2557 820 2627 873 οὐ
2650 820 2756 873 τὸν
2776 822 2961 889 λόγον
2986 820 3106 873 τῶν
3126 838 3432 889 πεφυσιω-

1853 893 2075 962 μένων,
2113 897 2275 951 ἀλλὰ
2300 898 2416 965 τὴν
2437 900 2714 970 δύναμιν.
2753 904 2888 955 Οὐδὲ
2936 903 3044 974 γὰρ
3086 903 3193 956 ἀπὸ
3232 920 3429 973 κατορ-

1860 977 2128 1049 θωμάτων
2176 983 2391 1037 οἰκείων
2415 1026 2430 1049 ,
2476 986 2590 1039 ἀλλ’
2644 988 2752 1040 ἀπὸ
2805 989 2907 1057 τῆς
2954 988 3049 1040 τοῦ
3110 988 3429 1042 διδασκάλου

1856 1060 2127 1125 ἀπουσίας
2170 1066 2202 1134 ἡ
2237 1065 2466 1120 ἀπόνοια
2495 1064 2599 1139 ἦν’
2630 1072 2766 1141 ὅπερ
2802 1072 2895 1125 καὶ
2929 1072 3058 1124 αὐτὸ
3108 1072 3332 1143 γνώμης
3362 1068 3432 1142 ἦν

1858 1147 2360 1216 καταφρονητικῆς.
2388 1149 2486 1202 Διά
2521 1151 2681 1205 τοῦτο
2707 1153 2895 1218 εἰπὼν,
2929 1155 3212 1222 Ἔπεμψα
3264 1156 3430 1222 Τιμό-

1859 1228 2017 1291 θεον,
2042 1230 2141 1280 οὐκ
2168 1230 2370 1293 εὐθέως
2397 1229 2571 1298 εἶπεν,
2617 1235 2935 1307 Ἐλεύσομαι
2960 1279 2973 1302 ,
3004 1237 3139 1290 ἀλλά
3167 1238 3433 1307 πρότερον

1858 1310 2040 1363 αὐτῶν
2069 1317 2484 1384 κατηγορήσας,
2526 1317 2605 1370 ὅτι
2632 1319 3042 1390 ἐφυσιώθησάν,
3073 1321 3193 1372 τότε
3243 1320 3427 1390 φησιν’

1873 1394 2247 1465 Ἐλεύσομαι.
2301 1400 2363 1451 Et
2415 1400 2512 1469 μὲν
2539 1400 2647 1472 γάρ
2679 1402 2787 1472 πρὸ
2811 1404 2908 1473 τῆς
2930 1404 3262 1473 κατηγορίας
3299 1405 3431 1457 αὐτὸ

1858 1475 2122 1543 τέθεικεν,
2145 1481 2412 1549 ἀπολογία
2437 1484 2635 1552 μᾶλλον
2656 1485 2869 1553 ἐγένετο
2894 1485 3056 1539 αὐτοῦ
3080 1485 3154 1547 ώς
3173 1486 3272 1538 οὐκ
3297 1488 3431 1539 ἀπο-

1858 1557 2188 1630 λειφθέντος,
2221 1565 2315 1616 καὶ
2344 1566 2442 1618 οὐκ
2472 1568 2690 1637 ἀπειλὴ,
2725 1570 2820 1622 καὶ
2850 1569 2969 1622 οὐδὲ
2995 1563 3149 1631 οὗτος
3177 1569 3206 1608 ι)
3238 1568 3430 1633 πιστὸς

1858 1642 1886 1693 ό
1919 1640 2075 1709 λόγος
2098 1639 2165 1713 ἦν
2189 1660 2202 1673 ο
2234 1646 2351 1698 νυνὶ
2384 1648 2440 1699 δὲ
2478 1648 2615 1717 μετά
2647 1650 2748 1720 τὴν
2796 1649 3129 1721 κατηγορίαν
3162 1649 3294 1713 θεὶς,
3334 1652 3430 1704 καὶ

1860 1723 2172 1787 ἀξιόπιστον
2196 1728 2358 1780 αὐτὸν
2380 1730 2471 1781 καὶ
2492 1731 2721 1800 φοϐερὸν
2742 1732 2984 1802 ἐποίησε.
3008 1731 3117 1784 Καὶ
3137 1732 3238 1802 ὄρα
3264 1731 3428 1784 αὑτοῦ

1858 1804 1920 1857 τὸ
1943 1805 2161 1875 βέϐαιον
2182 1810 2273 1861 καὶ
2303 1811 2562 1879 ἀσφαλές.
2596 1814 2670 1864 υύ
2698 1812 2805 1883 γὰρ
2821 1813 3006 1876 ἀπλῶς
3034 1808 3208 1877 εἶπεν,
3228 1813 3432 1867 Ἐλεύ-

1860 1902 2062 1956 σομαι,
2101 1890 2238 1955 ἀλλ’,
2282 1893 2418 1947 Ἐὰν
2440 1898 2472 1948 ό
2492 1896 2709 1963 Κύριος
2743 1896 2975 1965 θελήσῃ
2995 1910 3009 1924 °
3040 1897 3134 1948 καὶ
3165 1897 3226 1947 ού
3250 1895 3432 1965 τίθησι

1861 1971 2052 2041 χρόνον
2087 1973 2410 2044 ὡρισμένον.
2475 1978 2693 2049 Ἐπειδὴ
2750 1978 2859 2048 γὰρ
2915 1978 3226 2031 συνέϐαινεν
3272 1978 3434 2030 αὐτὸν

1862 2052 2105 2122 βραδέως
2132 2060 2541 2127 παραγενέσθαι
2568 2100 2584 2124 ,
2614 2066 2682 2133 τῇ
2713 2060 2908 2130 ἀδηλία
2944 2060 3190 2130 βούλεται
3236 2060 3435 2122 αὐτοὺς

1860 2138 2187 2207 ἐναγωνίους
2216 2146 2457 2213 ποιῆσαι.
2481 2145 2593 2198 Καὶ
2621 2145 2710 2198 ἵνα
2736 2145 2810 2215 μὴ
2833 2144 2920 2198 διὰ
2943 2144 3097 2196 τοῦτο
3115 2143 3278 2196 πάλιν
3300 2143 3434 2195 ἀναη

1861 2222 2091 2289 πέσωσι,
2136 2224 2465 2296 προσέθηκεο
2522 2227 2774 2296 Ταχέως.
2824 2226 2936 2282 Καὶ
2968 2225 3270 2295 γνώσομαι
3297 2264 3312 2288 ,
3361 2226 3435 2279 οὐ

1861 2306 1969 2360 τὸν
2003 2308 2190 2377 λόγον
2220 2308 2340 2363 τῶν
2366 2311 2857 2382 πεφυσιωμένων,
2893 2311 3052 2365 ἀλλὰ
3086 2310 3202 2377 τὴν
3251 2310 3436 2363 δύνα-

1857 2407 1985 2459 μιν.
2016 2392 2129 2444 Ούκ
2149 2388 2323 2455 εἶπεν,
2351 2395 2432 2447 ὅτι
2465 2396 2502 2446 Γ
2505 2394 2748 2466 νώσομαι
2777 2394 2875 2466 τὴν
2908 2392 3118 2463 σοφίαν,
3148 2391 3295 2464 [H9]
3313 2391 3436 2445 οὐδὲ

1863 2473 1929 2526 τά
1960 2478 2183 2544 σημεῖα,
2227 2477 2361 2530 ἀλλά
2384 2478 2438 2530 τί
2459 2494 2472 2543 ;
2501 2480 2583 2532 Οὐ
2613 2480 2720 2531 τὸν
2737 2480 2951 2547 λόγον·
2977 2479 3197 2530 κάκεῖνο
3222 2476 3299 2545 τῷ
3320 2476 3437 2529 6V6-

1866 2572 1997 2625 ματι
2022 2559 2371 2630 καταφέρων,
2405 2561 2680 2614 καὶτοῦτο
2709 2560 2972 2630 ἐπαίρων.
3003 2560 3113 2613 Καὶ
3139 2560 3274 2622 τέως
3298 2559 3435 2629 πρὸς

1862 2643 1989 2705 τοὺς
2022 2642 2215 2705 ἄλλους
2244 2645 2589 2699 ἀποτείνεται
2618 2645 2745 2708 τοὺς
2769 2642 3200 2715 συγκροτοῦντας
3230 2643 3322 2695 τὸν
3345 2660 3437 2695 πε-

1865 2726 2224 2794 πορνευκότα.
2256 2728 2319 2780 Ei
2343 2727 2451 2799 γὰρ
2474 2729 2611 2799 πρὸς
2642 2730 2848 2781 ἐκεῖνον
2867 2728 3071 2795 ἔλεγεν,
3100 2728 3199 2779 οὐκ
3224 2726 3290 2779 ἂν
3312 2721 3435 2779 εἶπε

1862 2807 1961 2879 τὴν
1995 2808 2242 2880 δύναμιν,
2273 2812 2410 2865 άλλά
2436 2814 2503 2867 τὰ
2549 2813 2706 2882 ἔργα,
2740 2813 2882 2881 άπερ
2914 2806 2981 2881 ἦν
3011 2809 3159 2879 αὑτῷ
3178 2809 3435 2879 διεφθαρ-

1867 2893 2026 2962 μένα.
2074 2895 2183 2946 Καὶ
2220 2894 2306 2947 διὰ
2333 2894 2385 2946 τί
2433 2896 2495 2947 ού
2543 2894 2724 2966 ζητεῖς
2754 2896 2847 2948 τὸν
2884 2894 3070 2961 λόγον;
3102 2893 3215 2945 Οὐκ
3248 2894 3436 2962 ἐπειδὴ

1864 2974 2055 3045 ἀπορῶ
2082 2975 2260 3043 λόγου,
2297 2976 2410 3031 ἀλλ’
2444 2978 2631 3049 ἐπειδὴ
2685 2979 2743 3030 ἐν
2792 2976 3017 3046 δυνάμει
3056 2975 3125 3027 τὰ
3159 2974 3431 3045 ἡμέτερα.

1864 3058 2132 3131 Καθάπερ
2155 3056 2247 3114 οὖν
2280 3061 2338 3116 ἐν
2382 3062 2603 3133 πολέμῳ
2629 3062 2691 3114 οὐ
2726 3062 2832 3114 τῶν
2856 3061 3024 3113 πολλὰ
3052 3060 3437 3130 φθεγγομένων

1864 3142 1924 3194 τὸ
1954 3144 2275 3214 κατορθοῦν,
2320 3145 2457 3198 ἀλλά
2488 3145 2595 3199 τῶν
2626 3144 2795 3198 πολλὰ
2840 3144 3221 3215 ἐργαζομένων
3240 3159 3252 3171 ·
3294 3142 3437 3195 οὓτω

1862 3224 1927 3294 δὴ
1950 3228 2046 3280 καὶ
2075 3227 2328 3291 ἐνταῦθα,
2349 3230 2408 3281 ού
2439 3228 2545 3281 τῶν
2570 3226 2893 3293 λαλούντων,
2922 3228 3058 3280 ἀλλά
3080 3228 3187 3279 τῶν
3217 3225 3436 3279 ποιούν⁴

1864 3312 2037 3381 τωνή
2090 3312 2235 3381 νίκη.
2269 3312 2429 3380 Μέγα
2466 3314 2683 3383 φρονεῖς
2731 3312 2825 3363 ἐπὶ
2872 3309 3192 3381 εύγλωττίᾳ,
3236 3307 3434 3378 φησιν·

1863 3393 1980 3447 ἀλλ’
2006 3396 2055 3448 εί
2090 3395 2188 3463 μὲν
2219 3394 2466 3466 ρητόρων
2490 3396 2518 3446 ὁ
2548 3394 2696 3462 ἀγὼν
2722 3396 2818 3448 καὶ
2836 3396 2864 3447 ὁ
2890 3394 3100 3465 καιρὸς,
3142 3392 3323 3454 καλῶς
3352 3392 3439 3443 ἐν·

1863 3476 2053 3530 τεῦθεν
2083 3478 2360 3548 ἐφρόνειςο
2403 3480 2451 3531 εἰ
2494 3478 2552 3530 δέ
2586 3478 2897 3531 ἀποστόλων
2928 3477 3186 3548 ἀλήθειαν
3232 3489 3437 3542 καταγ-

1865 3561 2184 3630 γελλόντων,
2226 3562 2319 3615 καὶ
2351 3563 2600 3631 σημείοις
2630 3561 2833 3632 ταύτην
2859 3560 3239 3631 βεϐαιούντων,
3265 3559 3316 3610 τί
3342 3574 3439 3610 πε-

1867 3645 2108 3716 φύσησαι
2137 3648 2230 3698 ἐπὶ
2256 3647 2543 3717 πράγματι
2566 3645 2807 3716 περιττῷ
2838 3645 2932 3698 καὶ
2959 3642 3110 3697 οὐδὲν
3151 3642 3285 3705 ὄντι,
3316 3640 3438 3694 οὐδὲ

1868 3730 1948 3790 είς
1977 3727 2048 3780 τά
2080 3730 2321 3798 παρόντα
2349 3746 2401 3782 τι
2426 3728 2738 3781 συντελέσαι
2768 3727 3088 3797 δυναμένῳ;
3120 3725 3183 3777 Τί
3214 3727 3323 3793 γὰρ
3354 3723 3441 3777 λό-

1868 3827 1980 3879 γων
2006 3810 2264 3875 ἐπίδειξις
2290 3811 2492 3864 δύναιτ’
2529 3812 2595 3864 ἂν
2626 3811 2761 3883 πρὸς
2788 3810 2849 3863 τὸ
2886 3809 3076 3879 νεκρὸν
3110 3807 3438 3877 ἀναστῆσαι,

1867 3894 1902 3965 ἢ
1929 3894 2185 3964 δαίμονας
2211 3895 2424 3957 ἐλάσαι,
2450 3894 2668 3963 ἢᾶλλην
2688 3893 2807 3947 τινά
2828 3892 3083 3961 τοιαύτην
3103 3889 3440 3961 ἐργάσασθαι

1871 3976 2317 4049 θαυματουργίαν
2339 3994 2354 4039 ς
2374 3977 2590 4031 Τούτων
2616 3977 2672 4030 δὲ
2690 3976 2849 4050 χρεία
2870 3975 2986 4042 νῦν,
3011 3975 3105 4028 καὶ
3128 3974 3215 4026 διὰ
3236 3973 3444 4025 τούτων

1870 4060 1939 4133 τᾲ
1964 4061 2209 4132 ἡμέτερα
2234 4061 2571 4115 συνίσταται.
2607 4059 2699 4112 Διὸ
2726 4059 2822 4113 καὶ
2854 4060 3135 4129 ἐπήγαγεν
3160 4072 3171 4085 ·
3205 4058 3284 4111 Οὐ
3332 4054 3445 4124 γὰρ

1870 4144 1941 4199 ἐν
1964 4147 2126 4215 λόγῳ
2161 4146 2199 4213 ή
2225 4146 2517 4210 βασιλεία
2549 4144 2657 4198 τοῦ
2699 4144 2868 4209 Θεοῦ,
2899 4142 3037 4196 ἀλλ’
3065 4141 3135 4194 ἐν
3172 4138 3441 4207 δυνάμει.

1872 4229 1971 4283 Διά
2007 4229 2268 4300 σημείων,
2295 4230 2479 4300 φησὶν,
2502 4228 2562 4281 οὑ
2589 4228 2654 4281 δι’
2678 4229 3009 4298 εὐγλωττίας
3040 4226 3442 4295 ἐκρατήσαμεν,

1874 4313 1970 4368 καὶ
1999 4313 2092 4367 τοῦ
2128 4313 2278 4367 θείαν
2299 4310 2434 4366 εἶναι
2466 4314 2566 4382 τὴν
2595 4312 2935 4366 διδασκαλίαν
2970 4311 3144 4381 ⁴ἡμῶν,
3171 4309 3262 4361 καὶ
3293 4308 3447 4375 βασι-

1874 4398 2026 4451 λείαν
2075 4398 2481 4466 καταγγέλλειν.
2523 4396 2803 4467 οὐρανῶν,
2864 4394 3127 4465 μεγίστην
3172 4389 3445 4456 ἀπόδειξιν

1879 4481 2246 4553 παρεχόμενοι
2275 4480 2344 4532 τά
2377 4481 2600 4549 σημεῖα,
2640 4480 2783 4550 ἆπερ
2821 4476 3083 4546 ποιοῦμεν
3121 4476 3186 4544 τῇ
3220 4473 3447 4542 δυνάμει

1877 4566 1971 4619 τοῦ
1995 4563 2333 4636 Πνεύματος.
2364 4564 2425 4616 EE
2449 4562 2626 4615 τοίνυν
2653 4561 2876 4632 μεγάλοι
2908 4561 3052 4622 τινὲς
3078 4554 3213 4611 εἶναι
3236 4556 3450 4628 βούλονα-

1878 4667 1968 4703 ται
2000 4652 2047 4703 οἱ
2076 4647 2481 4718 πεφυσιωμένοι
2502 4646 2617 4711 νῦν,
2651 4646 2869 4700 ἐπειδάν
2902 4642 3317 4714 παραγένωμαι,
3339 4641 3447 4693 δει-

1881 4732 2153 4799 ξάτωσαν,
2200 4730 2254 4783 εἴ
2287 4748 2409 4783 τινα
2440 4730 2669 4801 δύναμιν
2702 4729 2960 4798 τοιαύτην
2994 4727 3209 4797 έχουσι·
3246 4726 3339 4778 καὶ
3374 4725 3447 4795 μή

1883 4834 1973 4887 μοι
2018 4815 2277 4887 ῥημάτων
2312 4813 2803 4885 προδαλλέσθωσαν
2848 4811 3127 4881 κόμπους·
3162 4809 3311 4863 οὐδὲν
3341 4809 3449 4877 γάρ

1881 4902 2063 4970 ἐκείνη
2101 4900 2236 4970 πρὸς
2280 4902 2428 4969 ἡμᾶς
2461 4902 2493 4970 ἡ
2524 4899 2707 4969 τέχνη.
2746 4897 2805 4950 Τί
2852 4895 3089 4958 θέλετε;
3147 4894 3216 4948 ἐν
3252 4893 3453 4961 ῥάϐδῳ

1880 4984 2035 5039 ἔλθω
2052 4985 2201 5052 πρὸς
2228 4982 2406 5054 ὑμᾶς,
2434 4984 2472 5050 ἢ
2501 4983 2569 5035 ἐν
2596 4981 2795 5049 ἀγάπῃ
2842 4979 3134 5050 πνεύματί
3169 4996 3233 5032 τε
3268 4980 3451 5045 πραό-

1882 5083 2089 5134 τητος;
2130 5067 2270 5119 Πολὺ
2300 5068 2394 5119 καὶ
2420 5066 2482 5118 τὺ
2508 5064 2737 5135 φοϐερὸν
2786 5064 2896 5135 ἔχει
2923 5066 3015 5117 καὶ
3042 5063 3103 5115 τὸ
3136 5061 3403 5131 προσηνὲς
3424 5061 3453 5112 ό

1883 5151 2039 5219 λόγος
2071 5143 2245 5213 οὗτος.
2281 5149 2353 5201 Τὸ
2390 5150 2486 5219 μὲν
2506 5148 2615 5218 γὰρ
2652 5150 2854 5211 εἰπεῖν,
2887 5148 2967 5200 ὅτι
2995 5144 3330 5213 Γνώσομαι,
3372 5142 3452 5193 ἔτι

1890 5232 2290 5302 ὺπεσταλμένου
2312 5227 2380 5302 ἦν
2404 5248 2416 5261 ·
2442 5231 2504 5284 τὸ
2530 5231 2586 5284 δὲ
2611 5233 2806 5295 εἰπεῖν,
2832 5231 2891 5283 Τί
2910 5228 3147 5291 θέλετε;
3174 5227 3242 5279 ὲν
3259 5224 3453 5293 ῥάϐδῳ

1884 5315 2038 5371 ἔλθω
2062 5314 2211 5382 πρὸς
2242 5312 2434 5384 ὐμᾶς;
2466 5316 2558 5368 ἐπὶ
2587 5313 2677 5367 τὸν
2708 5311 3082 5366 διδασκαλικὸν
3115 5307 3299 5362 λοιπὸν
3323 5308 3454 5359 ἀνα-
3518 5308 3524 5317 ”

1887 5400 2165 5462 ϐαίνοντος
2188 5398 2377 5471 θρόνον
2407 5398 2661 5454 κάκεῖθεν
2686 5399 2869 5459 αὺτοῖς
2905 5395 3283 5465 διαλεγομένου
3306 5431 3321 5455 ,
3361 5391 3454 5443 καὶ

1885 5485 1984 5557 τὴν
2012 5484 2261 5549 ἐξουσίαν
2287 5483 2647 5546 ἀναλαϐόντος
2679 5484 2879 5535 πᾶσαν.
2910 5480 2975 5532 Τί
3009 5483 3174 5543 ἐστιν,
3229 5478 3323 5527 Ἐν
3348 5472 3455 5557 [5d—

1889 5556 2044 5633 δδφὶ
2082 5569 2171 5623 Ἑν
2200 5567 2442 5631 κολάσει,
2482 5568 2538 5621 ὲν
2573 5566 2831 5637 τιμωρία,
2875 5566 3183 5625 τουτέστιν,
3236 5556 3453 5620 Ἀνελῶ,

1954 5760 1982 5800 b
2014 5758 2159 5820 Beg.,
2186 5757 2293 5806 ούδέ
2318 5758 2483 5812 οὕτως.
