3838 6214
426 216 526 274 117

421 330 668 405 πηρώσω
689 349 705 366 '
728 332 867 405 ὅπερ
889 334 985 388 ἐπὶ
1005 334 1107 405 τῆς
1138 335 1459 406 Σαπφείρας
1507 336 1537 387 ὁ
1575 332 1785 405 Πέτρος
1819 330 2008 402 ἐποίη-

422 435 517 473 σεν
537 434 550 445 ·
581 418 719 489 ὅπερ
749 417 915 482 αὐτὸς
944 419 1037 472 ἐπὶ
1070 417 1275 489 Ἐλύμα
1301 417 1397 471 τοῦ
1436 416 1635 487 μάγου.
1668 415 1867 470 Οὐκέτι
1896 413 2007 485 7&9

421 500 609 554 λοιπὸν
635 500 710 563 ὡς
732 501 1121 571 παρεξετάζων
1156 501 1387 565 ἐκείνοις
1435 498 1628 554 ἑαυτὸν
1672 500 1845 568 λέγει,
1889 496 2005 551 ἀλλ’

422 583 777 647 αὐθεντικῶς.
815 586 925 638 Καὶ
948 587 1007 639 ἐν
1027 589 1091 656 τῇ
1125 584 1357 655 δευτέρᾳ
1384 583 1443 637 δὲ
1476 582 1767 654 Ἐπιστολῇ
1792 582 1855 635 τὸ
1876 580 2011 633 αὐτὸ

420 667 583 721 τοῦτο
634 668 883 737 φαίνεται
917 668 1124 737 λέγων,
1164 669 1293 721 ὃταν
1326 667 1492 741 λέγῃ·
1543 667 1701 721 Ἐπεὶ
1755 663 2011 734 δοκιμὴν

424 751 645 816 ζητεῖτε
674 752 781 807 τοῦ
813 754 884 807 ἐν
907 753 1039 824 ἐμοὶ
1062 752 1407 818 λαλοῦντος
1444 752 1729 820 Χριστοῦ.
1788 752 1892 805 Ἐν
1908 749 2012 816 ράρ

424 834 543 900 ὅόῳ
562 837 736 901 ἔλθω,
767 836 805 905 ἢ
840 837 910 890 ἐν
935 836 1136 906 ἀγάπῃ
1160 854 1179 901 ;
1207 837 1259 891 τί
1290 836 1423 907 7&9,
1470 837 1531 890 ὲν
1574 835 1757 907 ῥάϐδῳ
1798 834 1972 887 ἐλθεῖν
1992 875 2007 898 ,

422 920 523 973 οὐκ
553 914 620 991 ἦν
643 921 895 991 ἀγάπηςς
948 920 1197 993 Ἀγάπης
1228 921 1327 993 μὲν
1356 918 1456 993 ἦν’
1508 920 1625 975 ἀλλ’
1662 918 1851 989 ἐπειδὴ
1883 918 2012 986 σφό-

421 1004 525 1074 δρα
566 1004 799 1073 ἀγαπῶν
852 1006 1145 1061 ἀναδύεται
1192 1007 1333 1077 πρὸς
1377 1005 1690 1077 τιμωρίαν,
1728 1004 1817 1058 διά
1853 1002 2012 1057 τοῦτο

420 1086 563 1141 οὔτω
590 1088 775 1158 φησίν.
812 1090 940 1142 Ὅτε
972 1090 1071 1160 μὲν
1097 1086 1192 1143 οῦν
1222 1090 1351 1161 περὶ
1381 1090 1653 1161 τιμωρίας
1675 1087 1881 1155 ἔλεγεν,
1908 1085 2010 1139 οὐκ

422 1166 567 1235 εἶπε,
610 1171 891 1243 Πνεύματί
924 1191 986 1226 τε
1021 1174 1347 1245 πραότητος,
1372 1172 1511 1228 ἀλλά
1552 1170 1796 1238 Ῥάϐδῳ.
1816 1170 2009 1224 Καίτοι

423 1255 645 1307 κάκεῖνο
664 1256 947 1327 Πνεύματι
974 1258 1211 1326 ἐγίνετο⁸
1244 1258 1358 1311 ἔστι
1383 1257 1489 1327 7&9
1519 1255 1738 1325 πνεῦμα
1759 1254 2009 1326 πραότης

422 1354 533 1401 τος,
592 1340 688 1391 καὶ
743 1339 962 1411 πνεῦμα
1018 1342 1457 1412 αύστηρότητος·
1488 1339 1603 1394 ἀλλ’
1649 1339 1714 1392 οὐ
1760 1338 2008 1409 βούλεται

421 1419 597 1483 οὕτως
619 1422 751 1475 αὐτὸ
784 1422 988 1488 καλεῖν,
1014 1424 1131 1477 ἀλλ’
1159 1424 1268 1477 ἀπὸ
1310 1424 1418 1477 τῶν
1464 1422 1866 1495 χρηστοτέρων.
1909 1421 2009 1476 Διά

422 1502 695 1558 τοῦτοκαὶ
730 1506 759 1557 ὀ
786 1505 919 1569 Θεὸς
956 1506 1134 1561 καίτοι
1165 1524 1228 1574 γε
1276 1505 1694 1579 τιμωρούμενος
1718 1547 1733 1572 ,
1789 1507 1872 1560 ὅτι
1908 1505 2007 1576 μὲν

422 1584 670 1656 ἐλεήμων
699 1589 815 1640 ἐστὶ
836 1588 929 1642 καὶ
954 1590 1309 1661 μακρόθυμος
1342 1590 1439 1644 καὶ
1476 1588 1736 1652 πλούσιος
1784 1590 1842 1642 ἐν
1868 1589 2007 1642 ἐλέει

421 1672 515 1723 καὶ
546 1673 868 1742 οίκτιρμοῖς,
894 1672 1047 1746 [120]
1075 1674 1345 1745 πολλαχοῦ
1371 1675 1623 1744 λέγεται*
1656 1675 1739 1728 ὅτι
1764 1674 1822 1727 δέ
1844 1674 2007 1727 κολα·-

421 1752 623 1819 στικὸς,
666 1754 814 1822 ἅπαξ
859 1773 963 1810 που
1004 1759 1097 1811 καὶ
1130 1758 1386 1831 δεύτερον
1416 1760 1513 1814 καὶ
1546 1759 1841 1823 σπανιάκις
1863 1797 1876 1821 ,
1912 1758 2008 1812 καὶ

416 1834 593 1890 ταῦτα
620 1838 719 1907 τῆς
746 1838 928 1903 αίτίας
966 1843 1422 1914 κατεπειγούσης.
1453 1844 1565 1897 Kal
1588 1844 1780 1897 σκόπει
1813 1842 2007 1912 σοφίαν

416 1919 654 1976 Παύλου.
680 1923 792 1993 Τὴν
818 1923 1069 1989 ἐξουσίαν
1089 1927 1253 1992 αὐτὸς
1281 1927 1443 1999 ἔχων,
1474 1929 1568 1981 καὶ
1598 1926 1789 1981 τούτου
1814 1927 2007 1982 κάκεί-

415 2017 512 2056 νου
545 2004 769 2076 ἐτέρους
801 2010 949 2061 ποιεῖ
966 2010 1189 2079 κυρίους
1216 2011 1410 2079 λέγων,
1447 2012 1509 2065 Τί
1523 2012 1762 2077 θέλε-τες
1792 2013 1851 2064 ἐν
1875 2012 2005 2081 ὑμῖν

414 2085 479 2139 τὸ
498 2089 733 2158 πρᾶγμα
766 2092 963 2145 κεῖται.
1002 2094 1115 2146 Καὶ
1136 2095 1246 2165 γάρ
1275 2096 1435 2165 ήμεῖς
1462 2097 1631 2166 ἐσμεν
1674 2095 1770 2149 καὶ
1805 2094 2001 2147 τούτου

417 2170 675 2223 κάκείνου
706 2172 906 2244 κύριοι,
944 2175 1039 2231 καὶ
1086 2176 1180 2231 τοῦ
1217 2180 1297 2241 είς
1329 2179 1560 2248 γέενναν
1596 2182 1884 2248 ἐμπεσεῖν,
1907 2177 2002 2231 καὶ

414 2250 510 2304 τοῦ
536 2252 812 2323 βασιλείας
840 2258 1146 2330 ἐπιτυχεῖν·
1173 2261 1361 2332 ἐπειδὴ
1386 2247 1419 2314 ό
1448 2261 1580 2325 Θεὸς
1608 2247 1785 2326 οὓτως
1803 2262 2003 2333 ἠθέλη-

419 2354 531 2390 σεν.
570 2338 725 2394 Ἰδοὺ
756 2342 886 2413 γάρ,
905 2345 1058 2412 φησὶ,
1078 2345 1199 2414 πῦρ
1216 2347 1315 2400 καί
1348 2347 1505 2415 ὕδωρ
1532 2365 1546 2379 ο
1576 2344 1647 2403 οὗ
1669 2348 1779 2402 ἐὰν
1792 2348 1999 2417 θέλῃς,

414 2420 681 2489 ἐκτενεῖς
712 2424 829 2493 τὴν
874 2425 1046 2495 χεῷἁ
1096 2443 1245 2484 σου’
1299 2432 1416 2492 καὶ,
1458 2432 1595 2484 Ἐὰν
1618 2430 1853 2499 θέλητε,
1900 2432 1999 2485 καί

413 2506 820 2576 είσακούσητέ
844 2526 987 2579 μου,
1018 2512 1092 2566 τὰ
1121 2512 1315 2582 ἀγαθὰ
1341 2510 1451 2581 τῆς
1480 2513 1593 2583 γῆς
1623 2513 1888 2585 φάγεσθε
1914 2527 1963 2571 ι.

483 2680 555 2743 7'.
588 2674 727 2729 Ἀλλ’
762 2678 895 2743 ἴσως
921 2680 1040 2749 ἐρεῖ
1060 2698 1169 2747 τις,
1189 2680 1273 2735 ὅτι
1302 2681 1474 2736 Θέλω.
1494 2682 1606 2737 Καὶ
1622 2682 1797 2747 οὐδεὶς
1826 2684 2000 2748 οὐτως

412 2761 661 2833 ἀνόητος,
698 2761 840 2816 ὥστε
872 2762 947 2834 μὴ
995 2764 1202 2818 θέλειν⁶
1237 2765 1473 2821 ἀλλὀὐκ
1500 2768 1663 2839 ἀρκεῖ
1697 2786 1787 2838 μοι
1815 2770 1875 2823 τὸ
1907 2770 1999 2823 θέ-

410 2843 548 2899 λειν.
583 2845 697 2899 Καὶ
728 2844 836 2916 μὴν
866 2846 1047 2917 ἀρκεῖ,
1082 2847 1179 2901 ἐὰν
1202 2848 1279 2913 ὠς
1310 2850 1416 2921 χρὴ
1444 2850 1629 2922 θέλῃς,
1673 2852 1767 2906 καὶ
1800 2854 1870 2906 τὰ
1903 2854 1997 2908 τοῦ

408 2927 657 2992 θέλοντος
689 2932 849 3001 ποιῇς
868 2946 882 2961 ’
914 2931 1029 2983 νυνὶ
1056 2931 1113 2985 δέ
1144 2932 1204 2985 ού
1242 2933 1448 3003 σφόδρα
1474 2934 1673 2998 Θέλεις.
1704 2938 1813 2990 Kal
1837 2937 1998 2992 τοῦτο

407 3012 501 3067 ἐπὶ
526 3015 636 3068 τῶν
659 3014 834 3069 ἄλλων
856 3016 1251 3087 γυμνάσωμεν,
1283 3019 1332 3071 εί
1354 3019 1523 3073 δοκεῖ.
1552 3022 1689 3075 Εἰπὲ
1733 3023 1843 3095 γάρ
1879 3042 1993 3096 μοι,

405 3099 436 3152 δ
461 3098 781 3169 βουλόμενος
797 3103 1032 3169 γυναῖκα
1053 3102 1383 3171 ἀγαγέσθαι,
1406 3105 1659 3175 ἀρκεῖται
1685 3110 1763 3179 τῷ
1788 3109 1993 3177 θέλεινς

404 3183 694 3253 Οὐδαμῶς,
728 3183 865 3238 ἀλλά
895 3184 991 3238 καὶ
1020 3187 1435 3257 προμνηστρίας
1463 3188 1737 3261 ἐπιζητεῖ,
1778 3194 1873 3247 καὶ
1909 3195 1997 3264 φί-

404 3265 529 3329 λους
580 3266 725 3333 ἀξιοῖ
773 3270 1248 3339 ωναγρυπνῆσαι,
1300 3273 1396 3324 καὶ
1451 3274 1709 3343 χρήματα
1746 3277 1991 3346 συνάγει.

407 3350 576 3435 ῌάλιν
605 3353 634 3404 δ
682 3350 923 3435 ἔμπορος
973 3352 1074 3406 οὐκ
1114 3356 1255 3407 οῐκοι
1290 3355 1601 3427 καθήμενος
1635 3360 1887 3429 ἀρκεῖται
1917 3363 1995 3435 τῷ

404 3433 654 3503 θελῆσαι,
687 3434 823 3487 ἀλλά
855 3436 952 3487 καὶ
984 3435 1169 3489 πλοῖον
1202 3438 1513 3508 μισθοῦται,
1552 3444 1647 3496 καὶ
1671 3443 1874 3511 ναύτας
1896 3433 2001 3501 καλ-

404 3518 740 3588 κωπηλάτας
766 3518 1081 3586 καταλέγει,
1111 3520 1205 3572 καὶ
1232 3522 1498 3594 ἀργύριον
1537 3525 1865 3591 δανείζεται,
1898 3532 1994 3585 καὶ

403 3601 592 3673 χώραν
620 3602 1046 3673 περιεργάζεται
1086 3604 1183 3657 καὶ
1204 3604 1384 3660 ὠνίων
1414 3609 1604 3679 τιμάς.
1630 3611 1755 3676 Πῶς
1776 3608 1871 3668 οὖν
1891 3614 1993 3669 οὐκ

401 3688 606 3741 ἄτοπον
637 3688 727 3769 είς
743 3688 842 3755 μὲν
868 3687 935 3740 τά
967 3690 1067 3759 τῆς
1092 3688 1198 3759 γῆς
1222 3690 1494 3763 τοσαύτην
1525 3697 1763 3769 σπουδήν
1789 3700 1994 3755 ἐπιδεί-

402 3770 655 3856 κνυσθαι,
685 3767 778 3822 τὸν
895 3770 1125 3856 οὐρανὸν
1157 3773 1561 3844 ἐμπορεύεσθαι
1599 3767 1892 3849 μέλλοντας
1913 3785 1993 3856 τῷ

402 3854 581 3908 θέλειν
606 3853 898 3939 ἀρκεῖσθαι
924 3855 1088 3925 μόνον
1114 3873 1129 3921 ;
1165 3856 1367 3927 μᾶλλον
1393 3859 1451 3913 δὲ
1486 3861 1623 3933 μηδέ
1650 3864 1808 3919 τοῦτο
1851 3853 1991 3939 μετά

400 3939 502 4006 τῆς
539 3937 927 4024 προσηκούσης
976 3939 1383 3995 ἐπιδείκνυσθαι
1442 3946 1713 4018 σπουδῆς;
1774 3937 1990 4024 Ὀγὰρ

402 4024 575 4077 θέλων
612 4023 689 4087 ὡς
720 4024 821 4087 δεῖ,
850 4025 944 4077 καὶ
968 4024 1076 4077 τῶν
1108 4027 1453 4098 πραγμάτων
1479 4030 1710 4087 ἅπτεται
1746 4034 1857 4089 τῶν
1896 4023 1990 4093 ἐπὶ

400 4108 561 4161 τοῦτο
591 4108 835 4193 ἀγόντων
860 4108 890 4162 ὃ
923 4107 1086 4193 θέλει.
1122 4110 1233 4162 Kal
1259 4111 1368 4183 7&9
1394 4114 1616 4169 ἐπειδὰν
1649 4119 1710 4171 τὸ
1733 4121 1988 4193 πεινῆσαι

403 4189 795 4264 καταναγκάζῃ
819 4192 1114 4263 τραφῆναι,
1154 4193 1217 4246 οὐ
1252 4196 1570 4266 περιμένεις
1609 4189 1895 4273 αὐτόματα
1920 4206 1990 4260 τὰ

402 4280 550 4332 σιτία
584 4277 721 4349 πρὸς
754 4278 812 4330 σέ
854 4276 1064 4344 ἐλθεῖν,
1097 4277 1235 4331 ἀλλά
1266 4281 1443 4334 πάντα
1483 4288 1657 4350 ποιεῖς
1706 4288 1847 4360 ὑπὲρ
1890 4290 1985 4344 τοῦ

399 4368 499 4440 τὴν
547 4366 756 4439 τροφὴν
808 4369 1165 4435 συναγαγεῖνο
1198 4368 1291 4422 καὶ
1325 4371 1417 4425 ἐπὶ
1448 4372 1541 4426 τοῦ
1568 4373 1727 4446 διψῇν
1770 4379 1865 4431 καὶ
1893 4380 1987 4434 ἐπὶ

397 4452 493 4507 τοῦ
526 4450 714 4534 ῥιγοῦν
742 4452 835 4503 καὶ
861 4450 1079 4503 ἐπὶτῶν
1105 4450 1281 4505 ἄλλων
1321 4455 1578 4509 ἀπάντων
1603 4458 1805 4528 ὁμοίως
1834 4463 1987 4534 ἐνερ-

398 4537 493 4606 γὸς
526 4532 578 4589 εἶ
622 4536 715 4589 καὶ
761 4535 1249 4605 παρατεταγμένος
1296 4538 1435 4607 πρὸς
1458 4538 1555 4611 τὴν
1597 4541 1692 4594 τοῦ
1734 4532 1987 4614 σώματος

398 4620 736 4690 ἐπιμέλειαν.
766 4620 937 4673 Τοῦτο
966 4619 1145 4672 τοίνυν
1166 4621 1260 4672 καὶ
1281 4623 1373 4674 ἐπὶ
1395 4623 1495 4691 τῆς
1516 4625 1792 4693 βασιλείας
1819 4629 1982 4692 ποίει,

400 4706 495 4757 καὶ
528 4704 740 4766 πάντως
768 4704 938 4773 αὐτῆς
965 4703 1244 4775 ἐπιτεύξῃ.
1278 4706 1377 4758 Διὰ
1406 4706 1565 4759 τοῦτο
1610 4710 1720 4781 γάρ
1768 4729 1826 4765 σε
1857 4714 1987 4768 αὐτ-

400 4788 639 4852 εξούσιον
664 4790 916 4857 ἐποίησεν
938 4790 966 4841 ὁ
997 4789 1150 4853 Θεὸς,
1182 4790 1267 4841 ἵνα
1301 4790 1375 4861 μὴ
1400 4788 1627 4869 ὕστερον
1658 4796 1894 4869 ἐγκαλῇς
1909 4799 1986 4869 τῷ

401 4871 517 4940 θ)εῷ
544 4871 619 4933 ώς
648 4871 863 4941 ἀνάγκη
880 4870 1074 4936 δεθείς.
1102 4873 1173 4925 Σὺ
1204 4873 1261 4925 δὲ
1284 4874 1425 4940 ὑπὲρ
1456 4868 1531 4927 ὧν
1556 4877 1722 4947 τιμῆς
1748 4868 1985 4935 ἀπέλαυε

404 4970 521 5018 ιιλας,
546 4953 687 5025 ὑπὲρ
707 4953 913 5006 τούτων
930 4955 1288 5023 ἀγανακτεῖς;
1315 4957 1424 5010 Kal
1450 4958 1561 5031 7&9
1584 4961 1795 5017 πολλῶν
1819 4966 1985 5037 ήκου-

406 5056 469 5091 sa
500 5037 791 5123 11'76v1wv_'
819 5040 917 5091 Διά
939 5038 991 5091 τί
1019 5040 1127 5111 γάρ
1154 5058 1219 5111 με
1246 5040 1435 5112 κύριον
1458 5043 1713 5115 ἐποίησεν
1741 5048 1980 5123 ἀρετῆς;

412 5122 573 5175 Ἀλλά
600 5121 719 5185 πῶς
747 5121 855 5175 ἔδει
888 5123 1231 5192 κοιμώμενον
1267 5128 1363 5178 καὶ
1390 5129 1722 5194 νυστάζοντα
1763 5135 1858 5187 καὶ
1884 5121 1983 5207 τῆς

402 5207 597 5291 κακίας
636 5207 928 5277 ἐφιέμενον
970 5208 1065 5259 καὶ
1100 5209 1388 5277 τρυφῶντα
1426 5214 1523 5267 καὶ
1554 5217 1983 5291 γαστριζόμενον

399 5290 493 5343 ἐπὶ
520 5290 626 5377 τὸν
651 5291 1276 5377 ῌούρανὸν-ἁναγαγεῖῃ
1326 5295 1465 5349 Ἀλλ’
1497 5298 1598 5352 οὐκ
1641 5300 1709 5354 ἂν
1738 5302 1983 5377 ἀπέστης

398 5373 617 5437 κακίας.
650 5375 713 5427 El
741 5375 851 5445 7&9
879 5373 1004 5437 νῦν,
1040 5374 1274 5445 ἀπειλῆς
1315 5379 1576 5451 κειμένης
1600 5423 1616 5446 ,
1656 5384 1779 5439 οὐδὲ
1808 5373 1982 5453 οὕτως

396 5458 697 5529 ἀφίστασαι
744 5459 844 5529 τῆς
875 5460 1173 5531 πονηρίαςο
1230 5462 1280 5514 εί
1312 5463 1407 5516 καὶ
1461 5464 1554 5519 τὸν
1613 5469 1846 5541 οὐρανόν
1900 5490 1981 5527 σοι

397 5542 740 5630 προσέθηκεν
757 5542 1025 5630 ’ἐπαθλον,
1052 5544 1182 5630 πότε
1218 5546 1285 5601 ἂν
1316 5548 1541 5603 ἐπαύσω
1571 5553 1859 5625 γενόμενος
1883 5558 1982 5630 ρᾳ-

398 5624 697 5699 θυμότερος
717 5628 810 5681 καὶ
838 5628 1035 5700 χείρων
1063 5628 1243 5703 πολλῷ
1264 5630 1321 5699 b;
1348 5632 1486 5688 Οὐδὲ
1510 5636 1618 5709 7&9
1644 5624 1819 5694 ἐκεῖνο
1839 5624 1981 5707 ἕξεις

458 5806 483 5833 ι
514 5795 619 5845 Duo
637 5798 775 5872 ‘cotid.
799 5798 1000 5872 a_dd_uut.
1024 5800 1105 5872 ἐᾲν
1124 5801 1174 5850 δὲ
1196 5802 1258 5872 μή
1274 5804 1457 5872 θέλητε,
1480 5804 1691 5872 μάχαιρα
1708 5808 1829 5871 ὑμᾶς
1864 5827 1980 5860 κατ-

402 5858 571 5907 ίδιται.
639 5860 666 5899 ι’
693 5859 955 5922 Legebamr
988 5864 1160 5926 χείρων
1180 5858 1386 5916 πολλῶν.

1132 217 1192 272 S.
1231 213 1519 273 JOANNIS
1553 209 2046 271 CHRYSOS'IOII
2081 211 2404 270 ARCHIEP.
2443 212 2997 273 CONSTANTINOP.
3588 220 3680 280 118

2114 331 2311 396 είπεῖν,
2340 332 2423 388 ὅτι
2459 333 2674 401 Ἔδειξε
2710 334 2811 405 μὲν
2836 334 2909 389 τά
2940 335 3147 403 ἀγαθά,
3184 336 3286 393 οὐκ
3311 336 3578 409 ἐϐοήθησε
3598 337 3648 393 δέ
3666 351 3683 369 ⁰

2114 415 2337 486 καὶγὰρ
2358 415 2561 488 πολλὴν
2587 417 2929 487 ὑπισχνεῖταί
2959 433 3043 472 σοι
3062 418 3163 489 τὴν
3190 422 3529 492 συμμαχίαν.
3559 420 3684 474 Ἀλλ’

2112 501 2145 568 ή
2182 498 2283 567 μὲν
2312 500 2506 569 ἀρετὴ,
2538 501 2724 570 φησὶν,
2753 501 2996 572 ἐπαχθής
3019 505 3114 556 xal
3141 504 3388 575 φορτική,
3413 507 3485 574 τῇ
3521 505 3579 556 δέ
3597 522 3684 559 και

2111 582 2207 653 κίᾳ
2231 582 2393 653 ήδονὴ
2428 585 2800 657 συγκέκραται
2826 586 2996 657 πολλή
3022 604 3036 618 ο
3074 590 3173 641 καὶ
3202 588 3236 659 ή
3273 588 3370 657 μὲν
3403 589 3526 640 ἐστι
3568 588 3687 640 πλα-

2109 668 2231 719 τεῖα
2261 667 2356 720 καὶ
2373 664 2706 739 εὐρύχωρος,
2728 672 2761 741 ή
2783 669 2841 721 δέ
2872 673 3032 741 στενὴ
3059 671 3156 725 καὶ
3180 672 3537 743 τεθλιμμένη.
3557 668 3686 743 Ἆρα

2109 748 2307 810 διόλου.
2340 750 2464 804 είπέ
2502 770 2613 820 μοι,
2649 752 2682 822 ἥ
2712 754 2822 807 ἀπὸ
2848 754 2949 823 τῆς
2976 753 3150 826 ἀρχῆς
3178 753 3483 826 ἀμφότεραι
3515 755 3685 810 τοιαῦ-

2108 848 2201 884 ται
2225 848 2239 893 ;
2265 833 2373 885 Kal
2392 834 2500 904 7&9
2526 836 2621 888 καὶ
2641 835 2791 889 ἄκων
2821 837 2961 908 ὐπέρ
2981 839 3081 908 τῆς
3101 839 3303 908 ἀρετῆς
3316 840 3496 908 λέγεις
3529 839 3688 891 ταῦτα

2110 915 2147 970 ἃ
2172 915 2353 983 λέγεις
2378 934 2391 947 ·
2424 915 2600 983 οὕτως
2627 919 2849 990 ἰσχυρὸν
2896 922 2929 989 ή
2964 921 3214 992 ἀλήθεια.
3261 923 3369 975 Kal
3389 922 3504 993 γὰρ
3538 924 3585 974 εί
3609 922 3688 975 δύο

2107 994 2251 1070 ἦσαν
2276 999 2408 1064 ὁδοὶ,
2462 1002 2495 1072 ἡ
2527 1002 2627 1071 μέν
2662 1003 2754 1055 ἐπὶ
2784 1004 3036 1073 κάμινον,
3074 1008 3106 1075 ή
3139 1006 3195 1058 δὲ
3228 1006 3320 1059 ἐπὶ
3369 1007 3687 1077 παράδεισον

2111 1085 2374 1155 φέρουσα,
2396 1086 2548 1155 καὶὴ
2583 1084 2683 1157 μὲν
2709 1081 2777 1157 ἧν
2813 1087 3042 1142 πλατεῖα
3073 1086 3224 1160 [ﬁl]
3265 1091 3298 1160 ή
3340 1091 3432 1143 ἐπὶ
3473 1091 3575 1157 τὴν
3599 1091 3686 1144 κά-

2114 1184 2286 1238 μινον,
2321 1168 2435 1236 ήδὲ
2487 1168 2648 1239 στενὴ
2697 1171 2730 1239 ἡ
2764 1170 2857 1221 ἐπὶ
2884 1170 2979 1223 τὸν
3026 1171 3358 1241 παράδεισον
3384 1216 3397 1236 ,
3437 1173 3602 1226 ποίαν
3629 1174 3686 1226 ἀν

2109 1250 2256 1304 εἵλου
2290 1251 2491 1321 μᾶλλον
2517 1252 2634 1305 ὀδόν
2662 1269 2676 1314 ;
2709 1254 2827 1306 Κᾶν
2867 1253 2979 1325 γὰρ
3021 1254 3117 1307 νῦν
3154 1255 3480 1323 φιλονεικῶν
3521 1258 3687 1309 am!-

2110 1350 2241 1408 πῃς,
2289 1335 2425 1390 ἀλλά
2470 1338 2581 1397 τοῖς
2610 1336 2815 1406 σφόδρα
2842 1336 3289 1409 ὡμολογημένοις
3310 1383 3323 1406 ,
3356 1339 3462 1394 κᾶν
3498 1340 3687 1411 σφόδρα

2108 1419 2498 1491 ἀναισχυντῇς,
2519 1421 2795 1473 ἀντειπεῖν
2824 1421 2886 1474 οὐ
2918 1423 3143 1495 δυνήσῃ.
3172 1424 3294 1477 Ὀτι
3317 1425 3411 1495 μὲν
3431 1424 3544 1494 7&9
3562 1424 3685 1495 αὕτη

2110 1502 2315 1571 μᾶλλόν
2354 1504 2505 1556 ἐστιν
2540 1503 2733 1573 αἱρετὴ
2768 1504 2802 1574 ἡ
2828 1505 2929 1575 τὴν
2978 1506 3154 1577 ἀρχὴν
3198 1506 3393 1575 ἔχουσα
3431 1505 3684 1578 χαλεπὴν,

2108 1587 2245 1641 ἀλλά
2272 1588 2346 1658 μὴ
2373 1588 2434 1640 τὸ
2458 1587 2611 1651 τέλος
2630 1627 2645 1649 ,
2683 1588 2791 1641 ἀπὸ
2833 1590 2943 1641 τῶν
2986 1592 3045 1643 ἐν
3093 1592 3282 1661 χερσὶν
3313 1592 3459 1661 ὑμᾶς
3493 1591 3686 1656 διδάξαι

2109 1671 2467 1741 πειράσομαι.
2496 1673 2625 1735 Kal,
2656 1672 2705 1723 εί
2737 1670 3018 1739 βούλεσθε,
3063 1674 3163 1737 τὰς
3214 1670 3405 1744 τέχνας
3446 1690 3687 1744 μεταχει-

2109 1754 2351 1826 ρίσωμεν
2392 1752 2613 1825 πρῶτον
2638 1768 2651 1782 ·
2694 1748 2993 1828 αὗταιγὰρ
3035 1756 3137 1827 τὴν
3183 1757 3284 1826 μὲν
3320 1756 3500 1827 ἀρχὴν
3538 1758 3685 1810 πόνου

2106 1837 2385 1907 γέμουσαν
2408 1837 2613 1907 έχουσι,
2640 1838 2702 1891 τὸ
2720 1838 2777 1892 δέ
2804 1838 2959 1902 τέλος
2982 1839 3142 1893 ἐπικε
3154 1839 3293 1910 ρδές.
3334 1840 3477 1892 Ἀλλ’
3500 1839 3684 1902 οὐδεὶς,

2106 1922 2295 1993 φησὶν,
2345 1923 2525 1991 ἥψατο
2574 1922 2773 1993 τέχνης
2823 1924 2898 1995 μὴ
2948 1923 3040 1977 τὸν
3104 1922 3489 1992 ἀναγκάζοντα
3538 1925 3680 1993 ἔχων.

2120 2005 2372 2059 Ἐπειδὰν
2395 2004 2503 2075 γὰρ
2603 2006 2796 2077 κύριος
2818 2007 3034 2071 ἐαυτοῦ,
3078 2008 3266 2077 φησὶν,
3297 2007 3327 2060 δ
3367 2008 3526 2070 νέος,
3561 2008 3684 2077 9.51-

2105 2087 2195 2141 λον
2229 2088 2517 2159 αἱρήσεται
2560 2092 2774 2160 τρυφᾷν
2817 2092 2875 2142 ἐν
2905 2091 3046 2161 ἀρχῇ
3076 2131 3091 2154 ,
3125 2091 3221 2144 καὶ
3273 2089 3407 2162 πρὸς
3437 2090 3521 2162 τῷ
3558 2090 3685 2145 τέλει

2106 2171 2279 2242 μυρία
2307 2170 2501 2224 παθεῖν
2528 2172 2595 2225 τὰ
2626 2173 2774 2226 κακά
2794 2215 2809 2238 ,
2847 2172 2881 2243 ἢ
2914 2173 3383 2244 ταλαιπωρεῖσθαι
3409 2176 3474 2228 tv
3514 2191 3684 2244 προοι-

2103 2254 2270 2326 μίοις,
2296 2257 2392 2310 καὶ
2412 2256 2754 2327 καρποῦσθαι
2780 2257 2921 2327 μετά
2939 2257 3113 2311 ταῦτα
3133 2247 3197 2312 ἔκ
3218 2260 3328 2314 τῶν
3348 2261 3534 2314 πόνων
3552 2260 3682 2313 ἐκεί-

2102 2356 2230 2393 νων.
2266 2338 2479 2393 Οὐκοῦν
2523 2341 2585 2393 τὸ
2616 2340 2844 2395 τοιαῦτα
2878 2342 3181 2411 αἱρεῖσθαι,
3237 2344 3547 2415 ὀρφανικῆς
3578 2347 3682 2398 ἐστι

2099 2424 2340 2488 διανοίας
2368 2423 2464 2477 καὶ⁵
2492 2424 2751 2495 παιδικῆς
2806 2426 3081 2497 ῥᾳθυμίας
3106 2442 3120 2457 ·
3151 2427 3212 2480 τὸ
3255 2429 3335 2481 δὲ’
3358 2440 3420 2481 τα
3451 2428 3679 2490 ἐναντία,

2103 2509 2375 2571 συνέσεως
2402 2511 2496 2561 καὶ
2525 2508 2800 2580 ἀνδρείας.
2831 2509 2988 2563 Οὕτω
3011 2510 3191 2563 τοίνυν
3212 2513 3304 2564 καὶ
3324 2514 3511 2582 ἡμεῖς,
3542 2514 3589 2565 εί
3614 2513 3678 2584 μή

2099 2588 2244 2663 ἦμεν
2278 2592 2469 2655 παῖδες
2494 2592 2587 2645 τὸν
2610 2592 2757 2657 νοῦν,
2789 2592 2888 2646 οὐκ
2912 2592 2979 2646 ἂν
3011 2594 3207 2665 ἐκείνῳ
3239 2595 3317 2665 τῷ
3343 2595 3569 2666 ὀρφανῷ
3598 2597 3680 2648 καὶ

2099 2676 2332 2747 ἀνοήτῳ,
2374 2676 2512 2730 ἀλλά
2540 2675 2619 2746 τῷ
2649 2676 2864 2748 πατέρα
2912 2678 3096 2747 ἔχοντι
3138 2678 3567 2751 ἐξωμοιώθημεν
3602 2681 3675 2735 ἂν.

2099 2762 2192 2813 Δεῖ
2218 2760 2397 2813 τοίνυν
2426 2760 2525 2831 τήν
2560 2760 2817 2831 παιδικὴν
2844 2762 3098 2815 ἐκϐαλεῖν
3122 2763 3363 2817 διάνοιαν
3385 2803 3399 2826 ,
3435 2764 3575 2817 ἀλλά
3609 2765 3675 2834 μή

2098 2843 2167 2897 τά
2196 2844 2500 2916 πράγματα
2532 2846 2812 2898 αἰτιᾶσθαι
2834 2862 2847 2875 ο
2890 2845 2986 2899 καὶ
3016 2845 3109 2899 τὸν
3142 2847 3356 2917 ήνίοχον
3392 2849 3677 2919 ἐπιστῆσαι

2097 2929 2163 2998 τῇ
2194 2928 2517 2999 συνειδήσει,
2556 2928 2615 2991 ὃς
2641 2928 2740 2981 οὐκ
2765 2928 2916 2981 ἐάσει
2947 2931 3362 3000 γαστρίζεσθαι,
3402 2931 3545 2985 ἀλλά
3567 2932 3675 3003 19t-

2097 3029 2215 3083 χειν
2261 3012 2357 3066 καὶ
2404 3012 2786 3081 ἀγωνίζεσθαι.
2851 3014 2978 3078 Πῶς
3015 3015 3125 3087 γὰρ
3165 3016 3266 3069 οὐκ
3306 3015 3532 3083 ἄτοπον,
3562 3016 3674 3078 τούς

2102 3095 2202 3166 μὲν
2235 3096 2431 3158 παῖδας
2465 3096 2603 3167 μετά
2636 3097 3016 3169 ταλαιπωρίας
3054 3099 3211 3167 ἀγειν
3252 3101 3351 3170 τὴν
3382 3102 3564 3173 ἀρχὴν
3594 3103 3673 3156 ἐπὶ

2097 3180 2402 3249 πράγματα
2426 3181 2688 3250 προοίμια
2716 3180 2814 3251 μὲν
2839 3180 3028 3250 ἐχοντσ
3054 3182 3348 3253 ἐπίμοχθα,
3368 3185 3429 3238 τὸ
3454 3186 3515 3239 δέ
3536 3185 3672 3247 τέλος

2096 3266 2363 3336 χρηστόν’
2404 3268 2554 3336 ἡμᾶς
2581 3266 2639 3319 δὲ
2670 3265 2869 3329 αὐτοὺς
2906 3266 3235 3330 ἀπεναντίας
3263 3269 3358 3321 ἐπὶ
3383 3268 3494 3321 τῶν
3528 3287 3672 3322 πνευ-

2099 3348 2345 3419 ματικῶν
2387 3348 2691 3402 διακεῖσθαι
2727 3348 3111 3420 πραγμάτωνς
3145 3350 3320 3404 καίτοι
3347 3369 3410 3419 γε
3442 3352 3566 3406 οὐδὲ
3590 3354 3671 3405 ἐπὶ

2094 3432 2203 3485 τῶν
2234 3431 2505 3501 βιωτικῶν
2549 3432 2770 3497 πάντως
2823 3432 2983 3504 δῆλον
3036 3435 3117 3487 ὅτι
3161 3434 3397 3505 χρηστὸν
3438 3435 3592 3488 ἔσται
3618 3434 3671 3488 τὸ

2093 3515 2268 3579 τέλος.
2300 3518 2411 3570 Kal
2442 3517 2552 3588 7&9
2585 3517 2764 3588 ἄωρος
2790 3516 3020 3580 θάνατος
3060 3519 3153 3571 καὶ
3183 3520 3345 3571 πενία
3394 3520 3493 3573 καὶ
3526 3536 3669 3573 συκο-

2094 3600 2294 3670 φαντία
2320 3601 2413 3653 καὶ
2443 3601 2713 3672 μεταϐολὴ
2743 3602 3121 3673 πραγμάτων,
3159 3603 3253 3657 καὶ
3303 3602 3477 3657 πολλά
3522 3606 3669 3674 ἕτερα

2091 3684 2339 3748 τοιαῦτα,
2376 3685 2513 3756 μετὰ
2537 3685 2665 3748 τοὺς
2694 3684 2923 3749 πολλοὺς
2952 3685 3148 3750 πόνους
3176 3685 3286 3739 τῶν
3302 3688 3535 3759 καρπῶν
3555 3689 3668 3742 ἀπο-

2094 3768 2425 3839 στερηθῆναι
2453 3766 2699 3838 ἐποίησε.
2744 3768 2862 3821 Κᾶν
2891 3767 3194 3840 ἐπιτύχωσι
3215 3770 3271 3823 δέ
3299 3771 3347 3823 οἱ
3376 3772 3665 3840 μετιόντες,

2090 3850 2249 3904 οὐδὲν
2278 3850 2423 3922 μέγα
2445 3850 2834 3922 καρπώσονται
2857 3866 2871 3881 ·
2896 3851 2974 3921 τῷ
2994 3852 3105 3924 γὰρ
3128 3853 3359 3924 παρόντι
3376 3854 3478 3925 βίῳ
3503 3856 3668 3909 πάντα

2093 3935 2530 4003 συγκαταλύεται
2562 3936 2764 3988 ἐκεῖνα.
2808 3934 3075 3989 Ἐνταῦθα
3104 3935 3161 3989 δὲ
3183 3936 3306 3990 οὐδὲ
3338 3938 3483 4009 ὑπὲρ
3505 3937 3668 3993 τοιού-

2089 4035 2198 4073 των
2232 4019 2499 4091 τρέχομεν
2530 4019 2754 4089 ψυχρῶν
2801 4019 2895 4071 καὶ
2932 4020 3247 4092 ἐπικήρων,
3281 4021 3407 4075 οὔτε
3433 4023 3666 4077 δεδοίκα-

2092 4119 2194 4174 μεν
2225 4102 2367 4173 ὐπέρ
2400 4100 2493 4154 τοῦ
2517 4101 2723 4164 τέλους,
2756 4101 2893 4155 ἀλλὰ
2927 4103 3025 4155 καὶ
3067 4103 3273 4174 μείζων
3321 4107 3417 4159 καὶ
3439 4106 3667 4176 ἀσφαλέα

2092 4186 2260 4256 στέρα
2291 4181 2502 4257 ήέλπὶς
2532 4185 2671 4255 μετά
2690 4185 2788 4256 τὴν
2816 4184 3069 4239 ἐντεῦθεν
3097 4187 3431 4258 ἀποδημίαν.
3463 4189 3563 4253 Τίς
3584 4185 3665 4242 οὖν

2090 4269 2245 4324 ἔσται
2286 4270 2624 4339 συγγνώμη;
2674 4269 2759 4332 τίς
2792 4269 2851 4323 δὲ
2880 4269 3152 4339 ἀπολογία
3202 4271 3279 4342 μή
3331 4272 3665 4343 βουλομένοις

2088 4353 2419 4408 ἀποδύεσθαι
2465 4354 2605 4422 πρὸς
2660 4354 2788 4418 τοὺς
2823 4354 2965 4426 ὑπὲρ
3009 4356 3211 4426 ἀρετῆς
3261 4356 3492 4421 πόνους;
3538 4357 3665 4410 Ἀλλ’

2088 4438 2367 4511 ἐρωτῶσιν
2396 4436 2629 4492 ἕτι·’Διά
2652 4437 2704 4490 τί
2728 4437 2889 4508 στενὴ
2930 4439 2962 4509 ή
2996 4438 3150 4504 ὀδός;
3186 4440 3300 4493 Kal
3328 4440 3410 4504 εἰς
3453 4441 3556 4511 μὲν
3581 4441 3663 4511 βαι

2090 4522 2265 4576 σίλεια
2285 4524 2355 4575 τά
2382 4522 2601 4590 ἐπίγεια
2630 4520 2738 4573 τῶν
2776 4520 2991 4589 πόρνων
3017 4524 3111 4576 καὶ
3151 4522 3260 4575 τῶν
3305 4522 3612 4593 μεθυόντων
3641 4534 3661 4561 ε

2088 4608 2183 4661 καὶ
2208 4605 2318 4659 τῶν
2360 4605 2576 4674 λάγνων
2598 4605 2698 4658 οὐκ
2721 4604 2894 4671 ἀξιοῖς
2926 4605 3154 4659 εἰσιέναι
3194 4607 3319 4659 τινά
3344 4623 3358 4637 ⁸
3395 4609 3475 4671 είς
3501 4608 3559 4661 δέ
3585 4608 3662 4660 τὸν

2085 4689 2315 4761 οὐρανὸν
2334 4689 2496 4743 αὐτὸν
2525 4688 2664 4759 μετά
2684 4686 2866 4752 ἀδείας
2898 4690 2993 4742 xal
3013 4689 3224 4761 τρυφῆς
3251 4690 3347 4743 καὶ
3384 4691 3561 4762 μέθης
3584 4691 3662 4744 καὶ

2089 4773 2405 4839 πλεονεξίας
2433 4774 2528 4827 καὶ
2562 4772 2762 4837 κακίας
2790 4772 3006 4841 ἀπάσης
3042 4773 3172 4834 τοὺς
3213 4773 3539 4845 ἀνθρώπους
3570 4776 3663 4829 εἰσ-

2085 4859 2317 4928 άγεσθαι
2348 4858 2555 4923 ἀξιοῖς;
2584 4858 2678 4911 καὶ
2709 4857 2814 4910 ποῦ
2842 4856 3019 4911 ταῦτα
3050 4857 3386 4929 συγγνώμης
3422 4858 3584 4927 ἀξιας

2153 5021 2216 5075 δ’.
2245 5019 2385 5074 Ἀλλ’
2414 5019 2476 5073 οὐ
2505 5018 2685 5084 τοῦτο,
2714 5018 2871 5089 φησὶ,
2893 5018 3215 5090 λέγω,ἀλλά
3229 5020 3321 5074 διά
3342 5021 3399 5075 τί
3422 5023 3498 5095 μὴ
3515 5024 3661 5096 εὐρύ-

2086 5122 2261 5178 χωρος
2289 5100 2356 5175 ἦν
2383 5104 2415 5174 ή
2440 5103 2634 5173 ἀρετή.
2668 5103 2779 5155 Kal
2805 5102 2911 5173 μὴν
2932 5103 3029 5156 ἐὰν
3058 5103 3321 5174 θέλωμεν,
3346 5108 3441 5159 καὶ
3468 5108 3660 5177 σφόδρα

2086 5190 2235 5243 ἐστὶν
2269 5187 2523 5250 εὔκολοςο
2553 5186 2617 5239 Τί
2652 5186 2762 5257 7&9
2783 5184 3170 5257 εὐκολώτερον,
3207 5188 3328 5240 εἰπέ
3354 5206 3467 5258 μοι,
3498 5190 3560 5242 τὸ
3596 5191 3661 5242 δι-

2083 5272 2272 5347 ορύξαι
2317 5274 2517 5341 τοῖχον,
2551 5270 2645 5322 καὶ
2690 5268 2927 5323 λαδόντα
2970 5268 3040 5321 τά
3089 5270 3293 5339 ἐτέρων
3325 5271 3555 5342 ὕστερον
3592 5276 3661 5333 εἰς

2083 5355 2460 5426 δεσμωτήριον
2482 5354 2766 5423 ἐμπεσεῖν,
2793 5352 2827 5423 ἢ
2858 5354 2971 5415 τοῖς
2994 5348 3145 5405 οὖσιν
3169 5353 3515 5423 ἀρκούμενον
3538 5373 3660 5408 παν-

2082 5440 2172 5502 τὸς
2198 5439 2543 5511 ἀπηλλάχθαι
2581 5436 2782 5506 φόϐους
2818 5436 3013 5490 Καίτοι
3050 5453 3113 5504 γε
3154 5437 3216 5489 οὐ
3254 5436 3318 5488 τὸ
3358 5439 3466 5490 πᾶν
3493 5435 3654 5491 εἶπον.

2083 5523 2149 5577 Τί
2172 5523 2279 5593 γὰρ
2299 5519 2690 5590 εὐκολώτερον,
2716 5518 2839 5572 εἰπέ
2863 5536 2975 5590 μοι,
3000 5522 3069 5572 τά
3094 5521 3311 5572 πάντων
3341 5520 3657 5591 ὑφελόμενον

2083 5608 2179 5659 καὶ
2207 5606 2405 5675 ὀλίγοις
2433 5604 2853 5675 ἐντρυφήσαντα
2890 5604 3079 5673 χρόνον
3111 5602 3339 5673 βραχὺν,
3379 5603 3659 5674 στρεϐλοῦ-

2089 5868 2099 5877 _
2148 5806 2332 5916 ‘nHaac,
2359 5807 2440 5856 καὶ
2478 5807 2575 5857 τῶν
2600 5804 2883 5871 μεθυόντων,
2907 5805 3117 5858 deerant
3161 5805 3209 5854 in
3232 5806 3401 5868 editis,
3427 5804 3520 5857 sed
3549 5811 3656 5858 sunt

2089 5882 2136 5916 ιη
2208 5881 2288 5916 PR.

2087 5882 2136 5917 ιη
2166 5881 2288 5931 Heg.
