3838 6214
198 228 293 293 in

196 349 327 419 Quid
360 353 443 405 est
470 386 490 415 ,
516 344 583 401 In
606 343 747 417 virga
770 341 796 397 ἵ
822 340 875 398 id
905 349 988 397 est
1010 381 1025 405 ,
1052 339 1107 396 in
1132 339 1481 410 castigatione
1511 379 1525 403 ,
1556 338 1608 391 in
1630 350 1753 404 sup-

194 440 348 511 plicio
376 456 390 504 ;
418 437 522 493 hoc
549 443 669 503 est,
703 435 779 490 De
802 432 978 488 medio
1006 431 1186 487 tollam
1217 471 1233 496 ,
1261 429 1542 486 excaecabo
1573 445 1586 482 :
1618 426 1759 498 quod

196 532 248 587 in
272 528 529 600 Sapphira
553 526 744 582 Petrus
773 525 918 589 fecit,
942 533 994 578 et
1015 524 1132 592 ipse
1152 523 1204 577 in
1232 522 1417 594 Elyma
1450 535 1625 591 mago.
1648 518 1763 572 Non

196 621 333 677 enim
364 618 474 689 jam
503 618 674 683 dicit,
706 625 974 686 tamquam
1013 630 1073 670 se
1115 628 1235 669 cum
1276 613 1385 667 illis
1422 625 1762 681 comparans,

195 712 283 769 sed
322 726 443 767 cum
487 709 828 764 auctoritate.
856 707 924 762 Et
947 708 998 761 in
1029 704 1261 761 secunda
1299 705 1526 775 epistola
1556 703 1657 757 hoc
1686 703 1767 773 ip-

192 821 307 860 sum
334 804 510 859 dicere
538 799 957 871 deprehenditur
984 839 1000 864 ,
1043 813 1162 852 cum
1194 797 1269 851 ait
1296 813 1309 850 :
1338 794 1416 850 An
1455 795 1767 865 experimen-

196 907 294 951 tum
315 895 532 966 qucm'tis
556 895 666 964 ejus
690 934 706 960 ,
734 891 819 963 qui
844 893 896 946 in
916 906 995 945 me
1021 889 1242 961 loquitur
1260 930 1275 955 ,
1298 886 1483 943 Christi
1508 887 1525 956 (
1554 886 1609 940 2.
1645 885 1762 939 Cor.

197 992 281 1047 15.
310 990 407 1062 5)?
433 988 498 1042 In
518 988 661 1058 virga
682 987 879 1041 veniam
909 1026 925 1052 ,
953 1001 1020 1038 an
1045 984 1097 1037 in
1125 983 1333 1036 caritate
1358 982 1382 1034 ?
1408 979 1544 1048 Quid
1575 979 1714 1034 enim
1747 1019 1762 1044 ,

195 1084 245 1138 in
271 1082 413 1151 virga
454 1080 640 1136 venire
670 1119 686 1141 ,
717 1092 894 1132 annon
925 1075 1163 1131 caritatis
1189 1073 1213 1126 2
1256 1070 1504 1127 Caritatis
1547 1070 1763 1140 quidem

194 1183 331 1237 erat;
358 1170 452 1227 sed
488 1171 609 1241 quia
635 1170 723 1242 qui
752 1169 923 1237 diligit
954 1209 970 1233 ,
1003 1166 1085 1220 vix
1117 1165 1182 1219 ad
1211 1178 1421 1234 pcenam
1451 1161 1761 1217 sumendam

194 1263 398 1318 ducitur
419 1303 434 1329 ,
460 1262 581 1317 ideo
604 1262 675 1316 im
702 1260 956 1329 loquitur.
979 1257 1111 1313 Cum
1140 1271 1268 1326 ergo
1295 1255 1361 1310 de
1383 1253 1648 1324 supplicio
1676 1251 1761 1307 di-

192 1356 361 1419 cebat,
407 1367 511 1407 non
559 1348 710 1417 dixit,
766 1350 830 1404 Et
870 1348 1061 1419 Spiritu
1110 1345 1381 1409 lenitatis,
1430 1343 1545 1409 sed,
1589 1342 1758 1412 Virga.

188 1446 437 1515 Quamvis
460 1443 589 1499 illud
612 1456 823 1515 quoque
839 1441 1040 1511 Spiritu
1061 1440 1213 1494 ﬁeret
1235 1456 1249 1494 :
1274 1448 1355 1494 est
1375 1437 1514 1493 enim
1543 1435 1761 1506 spiritus

190 1536 606 1593 mansuetudinis
633 1543 687 1589 et
708 1533 926 1603 spiritus
954 1530 1289 1595 severitatis;
1319 1544 1501 1582 verum
1522 1543 1626 1581 non
1648 1527 1762 1581 vult

190 1632 334 1687 illum
384 1631 497 1694 ita,
531 1627 625 1684 sed
680 1642 709 1681 a
758 1624 1157 1696 benignioribus
1204 1636 1417 1678 vocare.
1469 1621 1759 1690 Propterea

190 1725 326 1780 Deus
365 1736 576 1794 quoque
618 1720 825 1777 etiamsi
870 1718 1091 1789 puniat,
1121 1715 1263 1787 quod
1290 1716 1362 1771 sit
1404 1713 1713 1769 misericors
1740 1754 1756 1779 ,

185 1816 497 1887 ionganimis
513 1825 564 1869 et
586 1812 738 1868 dives
756 1812 807 1866 in
829 1810 1197 1866 misericordia
1220 1817 1274 1863 et
1301 1805 1755 1873 miserationibus,

184 1922 325 1979 serpe
348 1907 579 1971 dicitur;
609 1904 751 1975 quod
773 1917 905 1960 vero
933 1903 1115 1973 puniat
1146 1943 1162 1967 ,
1193 1899 1360 1956 semel
1411 1909 1504 1954 aut
1537 1899 1621 1954 bis
1667 1908 1755 1953 aut

185 2010 328 2055 certe
356 2013 480 2053 raro
502 2040 517 2061 ,
541 1997 701 2066 idque
725 2003 948 2066 urgente
969 2007 1150 2049 causa.
1195 1991 1264 2046 Et
1293 1989 1415 2046 vide
1441 1990 1755 2060 sapientiam

184 2091 351 2146 Pauli.
396 2088 530 2144 Cum
559 2096 875 2158 potestatem
903 2086 1123 2140 haberet
1154 2126 1170 2149 ,
1198 2084 1509 2139 alterutrius
1550 2082 1628 2139 rei
1666 2082 1758 2137 dat

189 2181 313 2250 ipsis
366 2181 637 2250 optionem
658 2220 673 2243 ,
702 2177 887 2233 dicens
920 2193 934 2231 :
969 2175 1107 2243 Quid
1140 2176 1287 2229 vultis
1313 2175 1337 2229 .9
1361 2188 1449 2230 res
1477 2183 1558 2230 est
1582 2174 1755 2244 posita

182 2274 233 2329 in
261 2282 434 2328 vestra
461 2280 742 2342 potestate.
773 2269 983 2325 Etenim
1009 2277 1064 2323 et
1090 2268 1195 2322 hoc
1214 2276 1267 2322 et
1282 2267 1409 2323 illud
1427 2276 1509 2322 est
1525 2267 1755 2336 positum

184 2366 238 2419 in
269 2374 449 2419 nostra
480 2371 747 2434 potestate
770 2404 786 2429 ,
818 2370 876 2416 ut
903 2360 988 2415 vel
1016 2359 1068 2414 in
1096 2359 1393 2430 gehennam
1415 2358 1710 2414 incidamus
1737 2400 1753 2427 ,

180 2455 261 2511 vel
292 2470 515 2525 regnum
542 2468 933 2523 consequamur
963 2471 976 2506 :
1008 2452 1258 2522 quoniam
1292 2451 1433 2506 Deus
1462 2452 1540 2507 sic
1568 2452 1752 2506 voluit.

182 2546 309 2600 Ecce
329 2546 496 2611 enim,
530 2545 730 2615 inquit,
761 2545 927 2615 ignem
953 2552 998 2597 et
1022 2559 1205 2614 aquam
1237 2558 1256 2597 :
1283 2543 1350 2596 ad
1378 2544 1514 2613 quod
1538 2544 1755 2598 uolueris

179 2638 413 2693 extendes
437 2653 640 2691 manum
667 2646 806 2689 tuam
828 2633 1012 2705 (Eocli.
1036 2634 1124 2689 15.
1151 2634 1241 2689 16.
1266 2636 1321 2687 in
1347 2631 1568 2705 Greece);
1596 2643 1672 2701 et,
1694 2633 1755 2689 Si

176 2729 433 2783 volueritis
459 2770 473 2794 ,
504 2736 551 2783 et
590 2744 670 2782 me
712 2726 977 2781 audieritis
1007 2765 1023 2791 ,
1075 2726 1203 2780 bona
1238 2734 1385 2780 terra:
1442 2726 1706 2779 comedetis
1732 2726 1751 2756 ⁸

181 2823 326 2896 (Isai.
360 2825 415 2877 ι.
447 2820 561 2894 te).

246 2917 294 2971 ὅ.
332 2914 567 2985 Regnum
613 2911 851 2966 calorum
891 2910 1141 2982 quomodo
1186 2909 1565 2981 acquirendum.
1591 2940 1663 2950 —
1686 2909 1756 2965 At

179 3008 407 3064 fortasse
429 3007 569 3061 dicet
590 3003 874 3076 quispiam,
895 3002 1050 3057 Voio.
1084 3003 1148 3057 Et
1170 3016 1334 3057 nemo
1361 3003 1432 3056 ita
1456 3002 1648 3056 stultus
1669 3010 1754 3057 est

178 3111 232 3156 ut
259 3100 389 3155 nolit
427 3141 442 3163 ,
468 3098 564 3153 sed
590 3112 696 3152 non
717 3096 913 3152 sufﬁcit
938 3096 1065 3151 mihi
1090 3097 1248 3151 velle.
1284 3095 1577 3150 Enimvero
1601 3095 1752 3150 suffi-

174 3192 268 3257 cit,
290 3191 333 3245 si
361 3188 498 3245 velis
520 3197 578 3243 ut
600 3195 832 3258 oportet,
859 3194 913 3241 et
938 3201 999 3241 ea
1028 3186 1192 3241 facias
1217 3201 1335 3255 quae
1355 3185 1582 3240 volentis
1602 3193 1751 3240 sunt:

177 3297 315 3337 nunc
342 3289 523 3336 autem
548 3294 655 3333 non
683 3277 968 3333 admodum
995 3278 1095 3334 vis.
1127 3277 1194 3331 Et
1217 3277 1319 3331 hoc
1344 3277 1397 3331 in
1424 3277 1545 3332 aliis
1570 3277 1755 3347 explo-

176 3389 355 3431 remus
386 3414 402 3438 ,
435 3372 479 3426 si
513 3371 703 3441 placet.
740 3370 834 3425 Die
863 3370 1005 3425 enim
1032 3367 1162 3424 mihi
1197 3410 1211 3433 ,
1256 3370 1346 3439 qui
1374 3369 1488 3423 vult
1528 3383 1752 3423 uxorem

175 3467 370 3522 ducere
404 3506 421 3530 ,
464 3464 663 3519 satisne
692 3461 853 3517 habet
892 3461 1034 3532 quod
1061 3462 1223 3515 velit?
1248 3460 1589 3531 Nequaquam
1615 3476 1630 3526 ;
1659 3459 1753 3515 sed

177 3559 330 3613 etiam
356 3555 626 3627 pronubas
650 3554 843 3626 quaerit
870 3594 886 3621 ,
915 3562 971 3609 et
995 3553 1195 3608 amicos
1227 3563 1379 3623 rogat
1406 3566 1587 3607 secum
1614 3553 1751 3624 vigi-

175 3649 282 3705 lent
299 3691 315 3715 ,
345 3648 708 3719 pecuniasque
731 3646 951 3715 colligit.
975 3645 1179 3700 Rursus
1200 3654 1483 3711 mercator,
1516 3660 1619 3699 non
1650 3645 1751 3700 do-

174 3741 241 3793 mi
262 3738 463 3794 sedens
485 3737 616 3793 satis
636 3737 797 3793 habet
821 3736 962 3807 quod
980 3737 1123 3802 velit,
1155 3735 1246 3793 sed
1268 3751 1455 3791 navem
1478 3736 1749 3802 conducit,

170 3838 223 3883 et
244 3838 438 3884 nautas
452 3830 794 3899 remigesque
813 3827 1019 3899 colligit
1039 3867 1055 3893 ,
1089 3827 1362 3896 pecuniam
1391 3828 1483 3883 dat
1510 3827 1703 3885 femori
1722 3869 1749 3896 ,,

172 3922 306 3976 etde
328 3921 467 3976 locis
482 3963 498 3988 ,
520 3921 696 3992 deque
716 3936 898 3976 rerum
922 3920 1191 3976 venalium
1222 3920 1395 3989 pretio
1430 3921 1645 3975 curiose
1671 3921 1753 3975 in-

172 4013 348 4082 quirit.
366 4011 651 4078 Quomodo
669 4013 827 4082 igitur
842 4026 948 4066 non
976 4011 1259 4066 absurdum
1276 4010 1431 4067 fuerit
1448 4012 1501 4066 in
1524 4012 1751 4069 terrenis

172 4113 371 4158 tantam
400 4103 661 4159 adhibere
693 4119 875 4159 curam
896 4120 910 4169 ;
932 4103 1126 4158 etclam
1156 4112 1332 4158 autem
1361 4119 1541 4159 emere
1564 4104 1751 4159 volen-

174 4198 270 4258 tes,
296 4194 411 4248 sola
436 4194 706 4249 voluntate
733 4202 1016 4248 contentos
1041 4193 1206 4248 esse?
1247 4193 1355 4249 imo
1381 4210 1510 4249 vero
1551 4210 1620 4249 ne
1649 4194 1753 4251 hoc

173 4281 343 4352 ipsum
367 4300 495 4339 eum
540 4285 853 4356 congruenti
876 4284 1151 4356 diligentia
1181 4287 1468 4355 praestare?
1504 4287 1636 4345 Nam
1661 4288 1752 4357 qui

172 4374 280 4427 vult
310 4382 369 4428 ut
393 4384 631 4443 oportet,
662 4390 752 4430 res
770 4390 983 4445 quoque
1014 4375 1338 4446 aggreditur.
1385 4391 1503 4447 quae
1539 4378 1606 4431 ad
1632 4394 1750 4433 rem

172 4466 461 4534 expetitam
486 4467 704 4521 ducunt.
735 4467 947 4523 Etenim
978 4467 1191 4537 quando
1216 4469 1427 4523 esuries
1462 4472 1755 4531 necessita-

176 4566 275 4612 tem
302 4558 466 4614 affert
492 4559 619 4624 cibi,
661 4576 767 4615 non
791 4569 1069 4631 exspectas
1092 4570 1147 4615 ut
1169 4562 1420 4618 alimenta
1440 4570 1639 4633 sponte
1658 4579 1752 4619 sua

175 4648 237 4704 ad
266 4657 318 4704 te
344 4650 593 4716 veniant,
617 4650 711 4705 sed
738 4652 872 4711 nihil
900 4667 1007 4707 non
1034 4653 1149 4723 agis
1186 4661 1245 4707 ut
1283 4668 1459 4708 escam
1486 4655 1704 4725 colligas
1736 4673 1749 4710 :

176 4749 227 4794 et
254 4741 306 4795 in
331 4743 423 4801 siti
445 4751 500 4797 et
526 4743 578 4798 in
610 4743 834 4814 frigore,
872 4746 930 4799 in
956 4746 1182 4815 aliisque
1229 4747 1476 4802 omnibus
1496 4763 1668 4805 navus
1693 4764 1755 4805 es

174 4840 229 4886 et
244 4832 318 4887 ad
344 4847 532 4889 curam
557 4834 797 4903 corporis
822 4846 1054 4905 paratus.
1085 4836 1199 4891 Hoc
1215 4838 1501 4907 ergocirea
1529 4854 1753 4908 regnum

175 4922 431 4979 calorum
460 4924 644 4990 facito,
662 4935 727 4980 et
754 4926 974 4981 omnino
1002 4927 1174 4997 ipsum
1206 4931 1582 5000 consequeris.
1631 4931 1756 4987 Ideo

176 5023 406 5082 namque
427 5021 489 5074 te
516 5012 683 5069 liberto
701 5015 920 5071 arbitrio
947 5017 1224 5087 praeditum
1254 5017 1379 5074 fecit
1402 5021 1575 5087 Deus,
1605 5031 1757 5078 utne

176 5111 361 5170 postea
392 5119 628 5162 muses
648 5122 777 5162 eum
804 5107 954 5178 quasi
986 5110 1308 5167 necessitate
1336 5113 1634 5183 colligatus.
1673 5116 1754 5171 Tu

185 5214 309 5255 veno
333 5199 405 5255 de
434 5201 520 5265 iis,
551 5218 776 5271 quorum
790 5203 1058 5267 diutorem
1077 5220 1145 5260 .es
1168 5218 1553 5277 consequutus,
1576 5210 1650 5264 ide
1664 5211 1756 5273 iis,

178 5292 417 5361 inquam,
441 5294 733 5365 indignaris
752 5296 775 5350 ἲ
794 5296 926 5351 Nam
948 5298 1144 5354 multos
1167 5300 1342 5359 audivi
1360 5302 1627 5365 dicentes,
1646 5304 1760 5359 :Cur

181 5397 264 5440 me
286 5383 424 5442 rfecit
458 5386 690 5455 uirtutis,
708 5388 759 5442 si
804 5390 984 5456 velim,
1026 5394 1373 5460 compotem?
1401 5392 1505 5448 Sed
1546 5404 1762 5464 oporte-

245 5609 389 5683 ‘D_uo
412 5611 794 5683 Eoddzaiterum
812 5615 1048 5683 addentes
1070 5617 1361 5669 versiculum
1388 5618 1561 5683 legunt
1585 5633 1598 5672 :
1626 5617 1759 5681 Quod

188 5669 510 5731 “nolueritis,
527 5676 720 5736 gladius
743 5678 987 5727 devorabit
1011 5692 1108 5729 vos.

499 5755 766 5816 Panos.
809 5755 926 5820 Gn.
977 5755 1136 5818 LXI.

1232 218 1298 279 IN
1335 217 1548 279 EPIST.
1590 220 1609 276 I
1671 218 1766 275 AD
1802 216 1957 275 COR.
2001 215 2230 274 llO-MIL.
2274 218 2417 275 XIV.

3359 222 3461 278 H8

1870 333 2030 389 batne
2052 342 2105 389 te
2130 334 2484 390 dormientem
2502 340 2557 390 et
2576 332 2976 399 dormitantem,
2996 336 3140 391 vitiis
3160 336 3455 396 addictum.

1873 424 2235 493 deliciantem,
2266 425 2436 481 ventri
2468 424 2834 495 indulgentem
2867 426 2921 481 in
2945 428 3135 483 crelum
3166 428 3458 485 inducere?

1871 518 1939 573 At
1966 534 1997 573 a
2026 519 2155 573 vitio
2181 533 2288 573 non
2311 518 2686 574 abstinuisses.
2718 518 2775 574 Si
2804 520 2946 575 enim
2974 537 3114 576 nunc
3136 522 3458 577 instantibus

1869 609 2049 675 minis,
2083 624 2256 679 neque
2283 610 2360 665 sic
2388 625 2418 663 a
2446 611 2678 680 nequitia
2708 610 2944 666 abstines
2966 653 2980 677 ,
3028 614 3236 667 etiamsi
3264 615 3453 669 crelutn

1871 700 1963 755 tibi
2015 701 2291 771 praemium
2333 702 2717 771 proposuisset,
2747 704 3085 773 quandonam
3134 707 3456 761 cessavisses

1869 789 1986 846 ﬁeri
2016 792 2296 847 socordior
2319 802 2373 847 et
2405 793 2575 848 multo
2606 794 2879 849 deterior?
2915 794 3029 849 Non
3079 796 3221 850 enim
3276 797 3456 852 dicere

1868 884 2063 950 possis,
2097 882 2342 939 Ostendit
2368 885 2583 954 quidem
2614 885 2774 952 bona,
2822 886 2914 941 sed
2943 900 3099 957 opem
3140 903 3244 941 non
3288 889 3404 942 tulit
3437 905 3450 943 :

1870 974 2095 1029 multum
2128 977 2271 1031 enim
2297 978 2476 1032 auxilii
2515 978 2606 1033 tibi
2639 980 2939 1048 pollicetur.
2972 980 3079 1035 Sed
3131 981 3319 1045 virtus,
3369 984 3449 1037 in-

1868 1067 2039 1137 quies,
2064 1082 2289 1123 onerosa
2321 1077 2404 1124 est
2430 1078 2483 1125 et
2512 1071 2771 1136 molesta;
2801 1086 2924 1127 cum
2952 1072 3080 1127 vitio
3104 1084 3279 1128 autem
3314 1075 3452 1129 ntul-

1867 1165 1978 1211 tutn
2011 1160 2391 1214 commiscetur
2421 1160 2737 1233 voluptatis;
2787 1171 2840 1216 et
2885 1162 2987 1218 hoc
3028 1164 3241 1234 quidem
3286 1166 3449 1220 latum

1866 1259 1949 1304 est
1977 1260 2029 1304 et
2057 1250 2371 1320 spatiosum,
2393 1257 2560 1306 virtus
2576 1263 2753 1308 autem
2779 1263 2923 1309 arcta
2946 1262 3001 1309 et
3026 1266 3265 1326 angusta.
3287 1257 3445 1321 Num,

1865 1357 2069 1411 quaeso,
2101 1358 2316 1413 semper
2340 1359 2407 1399 an
2444 1344 2511 1399 ab
2542 1346 2693 1400 initio
2718 1345 2878 1402 ambo
2907 1346 3171 1418 ejusmodi
3204 1348 3450 1404 fuerunt?

1867 1434 1940 1489 De
1969 1436 2162 1491 virtute
2192 1438 2335 1491 enim
2369 1437 2567 1492 invitus
2592 1437 2724 1493 dicis
2753 1453 2815 1493 ea
2843 1454 2960 1509 quin
2979 1439 3143 1506 dicis;
3165 1442 3235 1495 ita
3258 1450 3448 1511 potens

1862 1534 1945 1580 est
1966 1527 2182 1581 veritas.
2208 1526 2340 1581 Nam
2376 1528 2419 1583 si
2450 1529 2568 1584 dum
2612 1537 2791 1585 essent
2830 1530 2951 1597 vite,
2994 1546 3218 1601 quarum
3250 1533 3350 1587 alia
3381 1534 3447 1586 ad

1862 1615 2155 1682 fornacem,
2187 1620 2289 1673 alia
2313 1619 2379 1674 ad
2409 1621 2713 1690 paradisum
2743 1622 2985 1691 duceret,
3019 1632 3073 1679 et
3099 1624 3204 1679 lata
3231 1625 3444 1696 quidem

1862 1710 1927 1764 ad
1966 1711 2257 1777 fornacem,
2291 1721 2435 1767 arcta
2457 1728 2586 1769 vero
2607 1714 2671 1769 ad
2695 1715 2998 1785 paradisum
3031 1734 3046 1772 :
3077 1727 3251 1772 utram
3279 1719 3446 1787 elige-

1859 1817 1948 1857 res
1979 1803 2161 1857 viam?
2191 1803 2413 1859 Etiamsi
2441 1805 2585 1859 enim
2614 1821 2754 1861 nunc
2783 1807 3059 1876 disputans
3080 1796 3443 1871 contra'dicas.

1860 1896 2199 1963 quantumvis
2224 1894 2506 1965 impudens
2528 1896 2713 1963 fueris,
2741 1898 2805 1952 iis
2825 1915 2940 1968 quae
2967 1900 3018 1953 in
3049 1901 3295 1957 confesso
3322 1912 3447 1957 sunt

1861 2001 1966 2041 non
1994 1988 2195 2056 poteris
2233 1988 2622 2045 contradicere.
2667 1988 2800 2044 Nam
2856 1990 2999 2060 quod
3051 2006 3113 2046 ea
3158 1992 3227 2045 sit
3277 1994 3445 2063 magis

1858 2079 2124 2150 eligenda,
2151 2096 2269 2150 qua:
2291 2080 2451 2136 habet
2466 2080 2658 2136 durum
2681 2081 2908 2147 initium,
2932 2098 3038 2137 non
3061 2093 3236 2138 autem
3258 2084 3439 2147 finem,

1858 2170 2017 2225 abiis
2044 2185 2164 2240 quae
2215 2171 2266 2225 in
2296 2180 2545 2242 promptu
2594 2184 2720 2228 sunt
2758 2172 2953 2229 docere
3002 2176 3257 2230 conabor.
3293 2176 3358 2230 Et
3397 2177 3441 2231 si

1858 2262 2052 2331 placet,
2082 2271 2227 2319 artes
2258 2265 2486 2334 primum
2513 2274 2836 2322 tractemus:
2860 2268 2963 2322 illae
2984 2283 3212 2338 namque
3234 2269 3440 2324 initium

1856 2352 2043 2408 labore
2069 2355 2280 2423 plenum
2313 2356 2533 2424 habent,
2580 2357 2739 2413 ﬁnem
2782 2374 2911 2414 vero
2960 2371 3344 2431 qumstuosum.
3375 2364 3445 2416 At

1857 2459 2036 2511 nemo,
2066 2446 2295 2517 inquies,
2329 2457 2500 2504 artem
2526 2451 2721 2521 attigit,
2750 2452 2852 2507 nisi
2878 2468 2906 2507 a
2945 2455 3193 2524 quoniam
3223 2470 3443 2525 cogere-

1858 2547 1961 2593 tur.
1988 2537 2120 2592 Nam
2153 2538 2195 2593 si
2220 2554 2351 2609 puer
2370 2540 2450 2594 sui
2473 2540 2610 2610 juris
2640 2543 2729 2609 sit,
2754 2544 2917 2598 malet
2946 2544 2998 2598 in
3028 2545 3233 2600 deliciis
3262 2546 3442 2600 vivere

1858 2628 2029 2695 initio,
2047 2630 2171 2684 etin
2197 2630 2301 2686 ﬁne
2322 2631 2597 2687 innumera
2614 2635 2818 2703 perpeti
2849 2635 3006 2702 mala,
3032 2651 3188 2706 quam
3222 2637 3271 2690 in
3298 2637 3443 2707 prin-

1857 2721 1996 2791 cipio
2042 2723 2239 2778 misere
2286 2724 2496 2792 vivere,
2543 2734 2598 2780 et
2646 2726 2888 2782 laborum
2943 2727 3155 2782 illorum
3206 2729 3436 2784 fructum

1854 2826 2039 2885 postea
2066 2818 2296 2888 assequi.
2324 2818 2463 2889 Ergo
2481 2818 2568 2873 illa
2596 2819 2795 2891 eligere
2824 2828 2907 2875 est
2923 2821 3228 2891 orphanica:
3246 2824 3440 2879 mentis

1856 2917 1912 2963 et
1940 2910 2155 2978 puerilis
2180 2911 2439 2965 socordire
2465 2929 2480 2975 ;
2510 2914 2779 2968 contraria
2822 2928 2951 2968 vero
2978 2915 3252 2983 prudentis
3279 2926 3335 2971 et
3361 2916 3441 2971 vi-

1854 2999 1970 3053 rilis
1996 3001 2177 3055 animi.
2205 3000 2296 3056 Sic
2320 3002 2479 3072 igitur
2505 3012 2559 3058 et
2586 3018 2704 3068 nos,
2738 3003 2839 3059 nisi
2868 3004 3048 3059 animo
3074 3005 3221 3075 pueri
3247 3007 3436 3072 simus,

1857 3106 1962 3147 non
1996 3093 2071 3147 illi
2106 3093 2347 3164 orphano
2375 3103 2430 3149 et
2478 3095 2688 3160 insano,
2727 3096 2820 3151 sed
2870 3096 2946 3151 illi
2989 3106 3194 3167 patrem
3224 3098 3437 3154 habenti

1857 3183 2057 3239 similes
2100 3185 2322 3239 erimus.
2348 3184 2572 3255 Oportet
2595 3202 2721 3258 ergo
2761 3187 3017 3256 puerilem
3045 3197 3278 3243 mentem
3306 3189 3439 3260 abji—

1850 3288 2001 3341 cere,
2023 3289 2129 3329 non
2159 3283 2334 3330 autem
2364 3291 2450 3330 res
2479 3276 2622 3349 ipsas
2645 3291 2919 3345 accusare,
2949 3287 3003 3333 et
3043 3281 3279 3351 aurigam
3308 3296 3439 3337 cono

1856 3364 2092 3419 scientiae
2126 3366 2434 3436 imponere;
2478 3367 2568 3437 qui
2594 3382 2699 3422 non
2743 3369 2885 3423 sinat
2907 3370 3084 3424 ventri
3120 3370 3395 3442 indulgere
3419 3414 3435 3433 .
3482 3380 3483 3383 ‘

1855 3454 1948 3509 sed
1975 3470 2191 3510 currere
2220 3464 2274 3511 et
2299 3457 2599 3513 decertare.
2641 3457 2920 3523 Quomodo
2954 3459 3095 3513 enim
3148 3460 3436 3517 absurdum

1855 3563 1961 3604 non
1988 3547 2169 3613 fuerit,
2201 3564 2397 3618 pueros
2444 3564 2564 3604 cum
2597 3550 2780 3605 labore
2808 3558 2863 3605 et
2882 3550 3079 3607 sudore
3109 3552 3314 3608 initium
3341 3553 3439 3609 du-

1856 3653 1979 3695 cere
2005 3640 2057 3694 in
2096 3641 2255 3696 rebus
2284 3656 2402 3711 quae
2427 3642 2686 3712 principia
2715 3641 2915 3698 habent
2956 3643 3238 3709 laboriosa,
3276 3644 3434 3701 ﬁnem

1855 3740 2032 3786 autem
2082 3732 2370 3802 gratiosum
2398 3750 2412 3799 ;
2442 3748 2540 3788 nos
2566 3742 2742 3789 autem
2771 3738 3043 3791 contrarie
3088 3737 3251 3792 modo
3299 3738 3436 3793 afﬁci

1856 3839 1979 3895 erga
2007 3840 2094 3880 res
2119 3825 2470 3895 spirituales?
2522 3826 2746 3881 Etiamsi
2794 3826 2846 3882 in
2884 3829 3043 3884 rebus
3095 3830 3438 3885 saecularibus

1855 3932 1961 3972 non
1993 3918 2211 3972 omnino
2236 3929 2441 3973 certum
2488 3919 2559 3973 sit
2608 3918 2769 3974 ﬁnem
2798 3920 2911 3976 fore
2938 3920 3157 3976 bonum.
3186 3922 3316 3976 Nam
3342 3925 3443 3977 int-

1854 4017 2060 4063 matura
2086 4023 2252 4076 mors,
2272 4018 2576 4078 paupertas,
2596 4010 2968 4081 syc0phantia,
2992 4028 3170 4067 rerum
3192 4016 3440 4070 mutatio-

1856 4113 1952 4153 nes
1978 4106 2032 4153 et
2060 4099 2252 4154 similia
2283 4100 2470 4165 multa,
2515 4110 2636 4170 post
2664 4103 2863 4157 multos
2904 4103 3118 4159 labores
3162 4117 3219 4159 ttt
3266 4105 3438 4162 fructu

1856 4192 2129 4262 privemur
2150 4193 2410 4247 efﬁciunt.
2433 4193 2490 4249 Si
2510 4209 2641 4248 .vero
2662 4194 2819 4250 iidem
2849 4194 2988 4264 quod
3019 4205 3264 4266 qumrunt
3287 4212 3438 4252 asse-

1844 4292 2106 4353 quantur,
2126 4300 2228 4339 non
2254 4300 2500 4356 magnum
2516 4287 2817 4357 percipient
2836 4286 3063 4342 fructum
3081 4305 3095 4354 ;
3116 4289 3167 4343 in
3186 4291 3439 4358 praesenti

1857 4391 2086 4446 namque
2110 4376 2213 4430 vita
2247 4377 2336 4431 illa
2362 4379 2542 4432 omnia
2572 4378 2957 4433 dissolvuntur.
2989 4379 3087 4433 llic
3130 4390 3310 4434 autem
3328 4395 3433 4435 non

1846 4470 2120 4523 currimus
2137 4483 2234 4539 pro
2252 4469 2560 4540 hujusmodi
2590 4472 2749 4526 rebus
2760 4470 2971 4541 frigidis
2991 4479 3046 4526 et
3068 4471 3244 4539 ﬁuxis,
3271 4488 3440 4542 neque

1856 4558 1925 4613 de
1954 4558 2057 4613 ﬁne
2089 4561 2367 4623 timemus;
2399 4560 2491 4614 sed
2520 4560 2690 4630 major
2714 4569 2770 4616 et
2794 4562 3034 4617 securior
3060 4576 3185 4631 spes
3210 4572 3293 4617 est
3322 4573 3444 4630 post

1856 4653 2150 4709 discessum
2168 4669 2242 4713 .ex
2273 4653 2370 4708 hac
2392 4653 2524 4708 vita.
2550 4653 2810 4722 Quaenam
2836 4669 2964 4725 ergo
2986 4656 3142 4709 venia
3173 4655 3295 4720 erit,
3325 4671 3443 4726 qua:

1856 4746 2133 4799 excusatio
2161 4745 2467 4800 nolentibus
2496 4745 2644 4801 adire
2672 4746 2883 4801 labores
2909 4763 3008 4818 pro
3035 4747 3233 4803 virtute
3268 4748 3442 4803 susci-

1861 4836 2123 4905 piendos?
2148 4837 2251 4891 Sed
2283 4837 2456 4892 adhuc
2474 4838 2822 4909 interrogant,
2845 4840 2951 4894 Cur
2976 4849 3198 4910 angusta
3223 4842 3445 4896 estvia?

1862 4928 1941 4983 Ad
1964 4929 2137 5000 regias
2161 4932 2304 4986 aedes
2330 4939 2571 4988 terrenas
2590 4946 2701 4986 non
2725 4931 2856 4987 sinis
2876 4931 3074 4987 intrare
3094 4944 3442 4990 soortatorem

1856 5036 2180 5091 quamquam
2226 5023 2309 5077 vei
2352 5023 2564 5077 ebrium
2616 5033 2709 5078 aut
2764 5024 3010 5091 mollem;
3053 5034 3110 5080 et
3153 5026 3205 5079 in
3255 5026 3444 5081 ctelum

1864 5113 2036 5182 ipsum
2059 5129 2180 5169 cum
2207 5114 2441 5177 licentia,
2464 5113 2700 5182 deliciis,
2716 5115 3004 5181 ebrietate,
3030 5115 3254 5169 avaritia
3272 5116 3445 5171 vitiis-

1863 5220 1966 5275 que
1988 5207 2256 5271 omuibus,
2280 5205 2533 5265 homines
2564 5206 2745 5263 induci
2800 5207 2994 5279 rogas?
3039 5222 3106 5261 an
3150 5207 3264 5262 hoc
3293 5208 3442 5263 venia

1865 5298 2081 5365 dignum
2120 5298 2234 5351 est?

1936 5391 1991 5443 ι.
2019 5389 2133 5444 Non
2161 5390 2284 5455 hoc,
2314 5391 2544 5462 inquies,
2572 5392 2691 5447 dico
2710 5392 2838 5460 ;.sed
2858 5407 2955 5448 cur
2980 5392 3147 5448 virtus
3170 5407 3277 5447 non
3303 5393 3444 5447 viam

1868 5484 2032 5537 latam
2059 5484 2257 5541 habet?
2283 5486 2441 5555 Atqui
2482 5486 2525 5539 si
2553 5487 2796 5553 velimus,
2824 5486 3109 5547 admodum
3138 5485 3307 5540 facilis
3327 5485 3448 5539 erit.

1874 5576 2010 5644 Quid
2040 5578 2206 5642 enim,
2235 5593 2441 5648 quaeso,
2478 5578 2693 5633 facilius
2714 5587 2818 5644 est,
2845 5593 3126 5633 murumne
3150 5576 3447 5648 perforare,

1875 5678 1929 5725 et
1955 5670 2180 5726 aliorum
2207 5671 2361 5727 bonis
2386 5670 2609 5743 direptis
2632 5672 2683 5726 in
2706 5687 2975 5727 carcerem
2997 5670 3221 5737 conjici;
3247 5683 3317 5723 an
3343 5667 3456 5724 suis

3051 5768 3092 5830 8
