3856 6322
354 239 454 296 “9

349 359 660 415 contentum
704 345 847 406 omni
889 351 1037 401 metu
1063 355 1183 396 esse
1212 333 1477 393 liberum?
1503 332 1662 404 Atqui
1689 346 1796 387 non
1821 331 1931 387 dixi

352 457 544 506 totum.
565 441 707 512 Quid
732 439 876 498 enim
906 434 1139 500 facilius,
1167 430 1254 485 dic
1279 426 1432 493 mihi,
1462 441 1529 481 an
1548 440 1671 481 cum
1698 421 1936 477 omnium

352 543 492 597 bona
519 511 852 605 subripucris
877 569 894 596 ,
939 535 993 582 et
1017 539 1087 581 ex
1117 521 1302 593 paucis
1337 519 1502 575 breve
1530 525 1738 586 tempus
1765 513 1818 568 in
1846 511 1940 567 de-

352 631 492 688 liciis
517 604 714 698 egeris,
746 617 1120 677 immortaliter
1147 611 1379 682 torqueri
1404 617 1458 664 et
1486 607 1663 678 ﬂagris
1689 604 1844 670 czcdi,
1873 618 1938 656 an

356 738 477 779 cum
501 721 559 776 in
585 718 727 789 justa
763 717 1074 784 paupertate
1113 705 1310 760 vixeris
1337 715 1500 772 parvo
1529 710 1788 768 tempore,
1819 709 1940 763 per-

356 822 518 884 petuo
546 787 731 880 postea
756 806 809 860 in
836 800 1043 858 deliciis
1083 795 1281 868 agere?
1309 791 1544 849 nondum
1579 787 1944 844 examincmus

357 879 483 975 quid
505 879 576 958 sit
602 896 948 958 fructuosius,
976 889 1072 945 sed
1111 887 1322 943 interim
1353 881 1480 955 quid
1522 881 1592 936 sit
1619 879 1847 934 facilius.

441 997 614 1051 Virtus
641 1007 741 1046 non
789 999 860 1042 est
904 999 1106 1054 aspera.
1137 1009 1207 1021 -—
1233 977 1370 1047 Quid
1413 972 1700 1046 jucundius
1738 976 1946 1040 gratum

361 1089 541 1144 videre
558 1082 845 1143 somnium,
861 1085 915 1133 et
933 1091 1059 1130 vere
1080 1069 1341 1140 supplicio
1361 1066 1497 1121 affici
1519 1081 1534 1131 ;
1555 1071 1647 1118 aut
1667 1059 1951 1116 molestum

365 1181 633 1238 somnium
663 1175 881 1239 vidisse,
912 1180 966 1226 et
992 1181 1119 1223 vere
1145 1162 1424 1220 deliciari?
1451 1173 1627 1214 annon
1667 1155 1840 1226 palam
1869 1161 1951 1209 est

366 1268 773 1342 hocjucundius
799 1257 1261 1328 esseiQuomodo
1288 1254 1466 1326 igitur,
1496 1251 1582 1306 dic
1609 1247 1772 1314 mihi,
1800 1260 1955 1315 aspe-

369 1341 495 1420 ram
517 1375 674 1416 vocas
703 1353 1002 1414 virtutem?
1047 1363 1236 1420 aspera
1264 1345 1465 1402 etenim
1495 1349 1609 1407 est,
1641 1341 1685 1394 si
1712 1353 1834 1394 cum
1862 1351 1955 1391 ne-

368 1455 621 1528 gligentia
649 1458 832 1506 nostra
877 1451 1238 1515 comparetur.
1272 1436 1426 1508 Quod
1453 1434 1593 1490 enim
1617 1433 1685 1486 sit
1710 1429 1879 1485 facilis
1902 1436 1958 1482 et

372 1527 571 1614 suavis,
599 1543 720 1599 audi
749 1540 874 1612 quid
901 1538 1042 1593 dicat
1071 1533 1318 1591 Christus
1350 1548 1364 1584 :
1394 1527 1587 1595 Jugum
1612 1539 1780 1577 meum
1806 1535 1960 1576 suave

371 1650 464 1705 cst,
495 1647 540 1693 et
573 1651 702 1690 onus
729 1648 894 1686 meum
919 1631 1023 1684 leve
1047 1624 1276 1698 (Matth.
1299 1621 1532 1688 “.50).
1563 1617 1618 1672 Si
1644 1624 1823 1670 autem
1852 1627 1957 1667 non

373 1733 542 1788 sentis
567 1729 859 1788 levitatem,
886 1721 1228 1794 perspicuum
1251 1725 1334 1771 est
1358 1723 1409 1768 tc
1438 1727 1544 1767 non
1570 1708 1847 1764 robustum
1869 1705 1962 1759 ha-

373 1826 504 1881 bere
528 1823 785 1877 animum.
814 1817 964 1873 Sicut
991 1813 1134 1868 enim
1161 1823 1282 1864 cum
1327 1805 1488 1860 talem
1517 1801 1704 1866 habes,
1737 1810 1962 1854 onerosa

374 1918 514 1973 levia
542 1924 668 1970 sunt
694 1931 706 1966 :
738 1911 816 1966 sic
839 1924 958 1964 cum
991 1921 1098 1959 non
1153 1901 1340 1966 habes,
1373 1897 1509 1952 levia
1553 1904 1680 1950 sunt
1711 1905 1961 1948 onerosa.

376 2009 517 2079 Quid
562 2007 729 2068 enim,
788 2013 990 2072 quaeso,
1047 1995 1261 2050 suavius
1305 1999 1442 2054 erat,
1488 2002 1646 2058 quam
1687 1997 1872 2039 mensa
1901 1997 1968 2036 ex

383 2073 600 2165 manna,
629 2096 754 2169 quid
783 2103 967 2166 paratu
999 2086 1243 2144 facilius?
1269 2083 1372 2140 Sed
1401 2096 1542 2152 aegre
1589 2077 1832 2169 ferebant
1870 2073 1968 2130 Ju-

381 2193 482 2248 daei
527 2168 720 2245 talibus
769 2187 1006 2240 fruentes
1056 2178 1284 2236 deliciis.
1332 2175 1468 2243 Quid
1520 2171 1664 2227 fame
1688 2168 1968 2233 acerbius,

387 2299 596 2339 necnon
635 2280 755 2334 aliis
799 2274 1100 2339 laboriosis,
1146 2285 1267 2342 qua:
1296 2281 1482 2340 passus
1509 2273 1595 2321 est
1642 2262 1877 2318 Paulus?
1909 2263 1975 2313 At

389 2378 479 2430 ille
502 2372 822 2435 exsultabat,
853 2365 1219 2424 delectabatur
1243 2378 1308 2417 ac
1333 2359 1576 2416 dicebat:
1601 2355 1752 2410 Nunc
1778 2351 1974 2425 gaudeo

388 2472 440 2524 in
471 2465 791 2538 passionibus
821 2463 942 2516 meis
974 2459 1109 2531 (Col.
1146 2458 1195 2512 1.
1225 2456 1342 2526 24).
1365 2454 1495 2522 Qua:
1521 2461 1602 2507 est
1627 2465 1756 2520 ergo
1781 2445 1975 2504 causa?

389 2537 567 2616 Animi
594 2554 913 2612 differentia.
943 2551 1000 2607 Si
1028 2551 1188 2621 igitur
1231 2547 1467 2601 animum
1509 2551 1566 2598 ut
1592 2549 1801 2612 oportet
1821 2537 1979 2593 ador-

393 2653 624 2715 naveris,
668 2647 880 2703 virtutis
929 2643 1236 2699 facilitatem
1278 2637 1504 2693 videbis.
1547 2634 1684 2701 Quid
1713 2647 1864 2702 ergo,
1901 2631 1980 2685 in-

393 2747 568 2817 quies,
590 2742 780 2799 talisne
798 2739 855 2795 fit
870 2754 936 2794 ex
957 2751 1142 2794 eorum
1169 2733 1257 2804 qui
1281 2731 1423 2786 illam
1441 2723 1982 2797 suscipiuntalfectu?

395 2816 514 2892 Non
545 2851 612 2889 ex
638 2833 832 2888 affectu
862 2827 1025 2884 animi
1053 2827 1248 2890 solum,
1273 2821 1365 2878 sed
1399 2828 1584 2874 natura
1609 2832 1700 2873 sua
1731 2816 1853 2871 talis
1879 2823 1980 2869 est.

401 2926 614 2982 Etenim
673 2925 715 2978 si
763 2935 975 2991 semper
1034 2919 1122 2972 illa
1167 2922 1310 2971 esset
1363 2910 1651 2976 laboriosa,
1707 2917 1760 2963 et
1796 2907 1981 2961 vitium

401 3021 623 3076 omnino
669 3026 896 3080 contra,
947 3013 1067 3084 jure
1117 3010 1235 3081 quis
1285 3023 1470 3064 eorum
1529 3005 1618 3078 qui
1681 3003 1814 3073 lapsi
1862 3009 1987 3057 sunt

404 3114 606 3169 diceret
653 3110 842 3165 vitium
891 3121 1013 3162 esse
1065 3104 1274 3160 facilius
1327 3101 1522 3156 virtute
1579 3117 1592 3153 :
1640 3097 1684 3152 si
1737 3109 1866 3151 vero
1909 3096 1989 3149 in-

408 3206 558 3260 itium
602 3202 835 3257 habeant
887 3199 974 3252 illa
1024 3197 1238 3261 durum,
1281 3192 1383 3247 hoc
1407 3205 1604 3254 suave;
1651 3188 1770 3242 finis
1807 3194 1987 3240 autem

408 3306 644 3352 aeternus
700 3293 847 3347 illius
902 3290 972 3344 sit
1022 3287 1242 3351 suavis,
1297 3283 1456 3352 hujus
1509 3281 1722 3352 gravis,
1766 3288 1986 3343 utrum,

348 3421 352 3426 -
409 3403 632 3461 quaeso,
682 3393 744 3442 ut.
807 3380 1019 3437 facilius
1073 3377 1283 3445 eligas?
1344 3375 1452 3430 Cur
1501 3388 1629 3442 ergo
1681 3369 1831 3425 multi
1885 3383 1991 3423 non

409 3483 612 3552 eligunt
638 3478 690 3534 id
735 3475 880 3547 quod
912 3472 1117 3527 facilius
1170 3469 1293 3525 est?
1342 3467 1476 3534 Quia
1523 3465 1613 3520 alii
1642 3463 1856 3534 quidem
1888 3477 1995 3518 non

411 3570 672 3634 credunt;
714 3565 803 3621 alii
830 3578 960 3620 vero
987 3562 1110 3618 licet
1134 3561 1435 3624 credentes,
1463 3565 1773 3626 corruptum
1800 3555 1998 3612 habent

413 3665 648 3719 animum
671 3702 686 3726 ,
714 3668 770 3715 et
800 3667 1198 3727 temporaueam
1223 3653 1545 3722 voluptatem
1570 3659 1785 3705 (eterna:
1804 3657 2000 3721 prtetu-

416 3756 594 3812 lerint.
622 3753 719 3807 Est
745 3765 874 3822 ergo
914 3749 1018 3804 hoc
1053 3746 1247 3802 facile?
1276 3745 1390 3800 Non
1413 3743 1586 3807 facile,
1610 3742 1704 3798 sed
1733 3757 1797 3796 ex
1826 3741 2000 3796 imbe-

417 3848 541 3902 cillo
566 3844 746 3900 animo
785 3843 888 3898 hoc
939 3841 1202 3912 provenit.
1253 3839 1333 3893 Ac
1374 3833 1822 3907 quemadmodum
1866 3832 2000 3889 febri

419 3937 742 4002 laborantes,
795 3950 902 3988 non
942 3933 1064 4004 quia
1107 3928 1390 4001 jucundius
1430 3937 1511 3984 est
1563 3926 1712 3982 brevi
1765 3935 2003 3996 tempore

421 4029 684 4096 deliciari,
713 4041 871 4098 quam
899 4039 1116 4094 semper
1139 4022 1246 4087 uri,
1276 4020 1396 4076 ideo
1421 4028 1602 4074 amant
1646 4028 1828 4089 potum
1853 4033 2004 4088 aqua:

423 4120 648 4192 frigidae,
672 4119 766 4174 sed
783 4118 904 4188 quia
929 4115 1215 4173 absurdam
1232 4113 1573 4185 cupiditatem
1597 4110 1874 4166 continere
1897 4124 2004 4164 non

427 4221 649 4286 possunt
679 4229 692 4265 :
722 4210 800 4264 sic
824 4219 880 4265 et
906 4208 1012 4263 isti.
1044 4207 1203 4278 Atqui
1233 4207 1279 4262 si
1304 4204 1425 4278 quis
1452 4203 1518 4260 ad
1545 4202 1863 4274 supplicium
1885 4200 2008 4257 illos

423 4323 545 4364 cum
580 4305 849 4376 voluptate
881 4304 1122 4367 duceret,
1163 4316 1496 4373 nequaquam
1525 4301 1699 4372 ipsum
1730 4300 2005 4371 eligerent.

427 4401 669 4480 Vidistiu'
687 4399 956 4472 quomodo
973 4415 1079 4454 non
1103 4397 1259 4454 facile
1283 4400 1355 4453 sit
1379 4397 1561 4452 vitium
1581 4397 1604 4451 ἳ
1632 4396 1686 4451 Si
1707 4397 1787 4451 vis
1807 4404 2008 4455 autem.

429 4497 532 4553 hoc
561 4497 756 4552 iterum
805 4495 857 4550 in
897 4494 1027 4565 ipsis
1073 4492 1237 4549 rebus
1265 4492 1620 4548 excutiamus.
1656 4489 1793 4556 Quid
1841 4489 2008 4553 enim,

427 4605 632 4661 quaeso,
660 4589 888 4655 dulcius,
918 4587 1046 4660 quid
1087 4587 1294 4644 facilius
1313 4584 1431 4642 est?
1461 4583 1567 4640 Sed
1592 4598 1660 4638 ne
1688 4584 1882 4638 iterum
1926 4596 2013 4636 res

429 4699 496 4738 ex
527 4683 815 4737 multorum
852 4679 1146 4751 cupiditate
1186 4678 1491 4749 judicemus
1532 4694 1547 4732 :
1581 4691 1756 4746 neque
1779 4676 1922 4731 enim
1945 4674 2014 4730 ab

433 4773 833 4844 :rgrotantibus,
860 4771 955 4828 sed
1004 4786 1034 4824 a
1061 4770 1199 4826 bene
1239 4767 1540 4824 valentibus
1579 4766 1839 4823 calculum
1875 4765 2017 4821 ferre

433 4873 666 4935 oportet.
712 4863 894 4934 Neque
937 4861 1082 4917 enim
1110 4861 1156 4915 si
1199 4858 1446 4915 millenos
1475 4858 1605 4914 :nihi
1655 4856 2016 4913 febricitantes

433 4956 707 5023 ostendas,
758 4955 849 5025 qui
903 4952 1116 5009 sanitati
1145 4952 1413 5008 contraria
1453 4959 1715 5021 qumrant,
1744 4958 1800 5006 et
1831 4948 2020 5004 malint

439 5057 624 5120 postea
669 5045 932 5117 supplicio
982 5044 1155 5111 allici,
1207 5043 1367 5099 talem
1421 5055 1673 5112 umquam
1711 5039 2019 5096 admiserim

437 5141 734 5212 optionem.
784 5137 920 5207 Quid
948 5137 1190 5204 facilius,
1217 5137 1470 5208 inquam,
1499 5134 1588 5191 dic
1616 5133 1781 5201 mihi,
1825 5133 2021 5189 multas

439 5231 821 5303 concupiscere
848 5231 1133 5303 pecunias,
1177 5244 1246 5286 an
1280 5229 1380 5286 hac
1403 5227 1694 5299 cupiditate
1721 5240 1842 5284 esse
1861 5240 2021 5297 supe—

441 5324 675 5381 riorem?
724 5324 838 5380 Hoc
890 5331 1041 5380 certe
1091 5329 1440 5392 postremum,
1490 5328 1550 5374 ut
1588 5318 1720 5374 mihi
1764 5317 2019 5374 videtur:

438 5424 483 5479 si
529 5430 710 5478 autem
759 5422 874 5492 ipse
917 5435 1027 5476 non
1080 5418 1277 5483 credis,
1325 5416 1392 5472 ad
1429 5429 1518 5470 res
1551 5415 1696 5485 ipsas
1716 5427 2018 5472 sermonem

440 5518 720 5574 ducamus.
752 5517 820 5572 Et
864 5515 936 5573 sit
981 5513 1249 5586 quispiam
1276 5509 1366 5582 qui
1396 5509 1590 5564 multas
1632 5509 1838 5579 cupiat,
1888 5506 2024 5561 alius

441 5623 574 5666 vero
619 5609 712 5680 qui
761 5607 936 5668 nullas
963 5624 980 5664 :
1003 5605 1132 5680 quid
1157 5617 1290 5676 ergo
1332 5601 1526 5660 melius
1550 5642 1565 5671 ,
1595 5599 1682 5658 dic
1705 5602 1869 5670 mihi,
1898 5597 2025 5671 quid

444 5701 756 5760 honestius?
959 5697 970 5709 ‘

1127 226 1186 280 S.
1225 219 1502 280 JUANNIS
1534 214 2003 275 CHRYSOSTOMI
2041 213 2358 274 ARCHIEP.
2395 213 2926 273 CONSTANTINOP.

3520 211 3624 267 ηο

2114 327 2171 386 5.
2204 325 2552 386 Pecuniarum
2591 331 2846 402 cupiditas
2888 336 3079 402 quanta
3119 329 3324 384 inducat
3369 329 3526 384 uiola.
3553 359 3630 372 -

2043 420 2147 478 Sed
2175 419 2278 478 hoc
2303 421 2518 492 quidem
2547 424 2829 480 mitattur:
2860 423 2912 479 in
2939 421 3184 478 confesso
3199 423 3340 477 enim
3360 430 3462 489 est,
3488 423 3630 493 quod

2043 511 2134 570 hic
2161 526 2464 584 postremus
2517 515 2588 570 sit
2637 515 2732 570 illo
2786 515 3061 570 honestior
3089 532 3104 570 :
3139 530 3310 585 neque
3336 513 3406 568 de
3438 515 3538 570 hac
3573 531 3635 570 re

2046 605 2273 676 qucestio
2312 605 2424 673 jam
2475 613 2579 674 est,
2628 605 2725 662 sed
2783 617 2901 662 uter
2933 606 3224 662 faciliorem
3251 617 3300 661 cI
3329 607 3633 662 suaviorem

2048 697 2209 753 ducat
2235 697 2420 752 vitam.
2451 698 2657 752 Avarus
2676 706 2823 754 certe
2844 713 2912 754 ne
2962 698 3029 753 iis
3067 698 3277 769 quidem
3307 715 3426 769 quae
3475 698 3637 754 habet

2052 788 2244 844 fruitur
2287 804 2449 844 :uam
2479 789 2620 860 qttod
2649 799 2815 855 amat,
2856 806 2962 844 non
3006 790 3316 860 impendere
3365 791 3631 856 voluerit,

2053 879 2148 934 sed
2165 880 2416 934 libentius
2430 880 2664 950 seipsum
2682 880 3024 944 conscitlerit,
3043 891 3096 936 et
3117 897 3307 936 carnes
3330 882 3637 952 projecerit,

2054 986 2211 1040 quam
2235 986 2420 1027 aurum
2453 987 2466 1024 :
2495 972 2583 1041 qui
2614 983 2792 1027 autem
2822 973 3074 1040 pecunias
3103 972 3347 1042 chpicit,
3372 973 3475 1028 hoc
3504 975 3642 1028 inte—

2055 1061 2156 1115 rim
2186 1061 2441 1126 lueratur,
2471 1061 2612 1133 quod
2655 1062 2719 1116 iis
2767 1078 2886 1132 qua:
2916 1063 3075 1116 habet
3116 1064 3282 1120 libere
3334 1080 3400 1120 ac
3451 1081 3643 1122 secure

2057 1152 2282 1219 fruatur,
2311 1168 2478 1224 seque
2507 1154 2612 1208 illis
2639 1155 2908 1224 praeferat.
2954 1153 3090 1221 Quid
3137 1170 3265 1226 ergo
3290 1158 3508 1210 suavius
3536 1166 3641 1221 est,

2058 1247 2227 1303 libere
2248 1247 2350 1302 frui
2391 1247 2548 1302 bonis
2571 1287 2585 1311 ,
2615 1255 2708 1301 aut
2732 1247 2831 1301 sub
2861 1246 3092 1301 dominis
3126 1246 3324 1302 divitiis
3349 1249 3655 1310 viventem.

2061 1338 2192 1392 nihil
2231 1353 2450 1394 suorum
2480 1338 2788 1409 contingere
2816 1339 3051 1398 audere?
3075 1339 3302 1394 Perinde
3339 1341 3483 1394 enim
3514 1337 3645 1394 mihi

2062 1431 2274 1487 videtur
2298 1446 2420 1488 esse
2448 1445 2508 1486 ac
2535 1432 2579 1484 si
2604 1432 2704 1486 viri
2733 1431 2948 1501 quidam
2979 1431 3113 1486 duas
3139 1430 3398 1487 habentes
3425 1449 3645 1498 uxores,

2063 1536 2119 1581 et
2157 1525 2442 1581 admodum
2472 1524 2613 1593 ipsas
2645 1533 2908 1588 amantes,
2943 1539 3047 1578 non
3077 1523 3266 1579 eodem
3311 1524 3473 1579 modo
3518 1525 3651 1594 ipsis

2064 1625 2308 1681 utantur;
2333 1613 2428 1669 sed
2457 1617 2608 1669 alteri
2629 1615 2840 1684 quidem
2862 1629 3082 1670 uxorem
3105 1617 3414 1685 contingere
3441 1624 3499 1670 et
3524 1631 3651 1670 cum

2068 1707 2155 1761 illa
2189 1706 2406 1771 versari,
2431 1705 2585 1760 alteri
2615 1720 2742 1760 vero
2777 1721 2845 1760 ne
2875 1720 3038 1776 prope
3065 1705 3281 1775 quidem
3309 1705 3468 1778 liccat
3489 1720 3652 1760 acce-

2067 1798 2217 1854 dere.
2235 1799 2414 1853 Dicam
2432 1807 2488 1853 et
2509 1797 2673 1865 aliud,
2697 1812 2802 1867 quo
2823 1798 3042 1852 alterius
3057 1798 3412 1867 voluptatem,
3430 1797 3656 1852 alterius

2070 1905 2355 1946 maerorem
2408 1898 2847 1944 commoustrem.
2897 1890 3103 1944 Avarus
3159 1904 3444 1958 numquam
3498 1889 3660 1944 sistet

2075 1984 2210 2038 hanc
2233 1982 2600 2053 cupiditatem,
2631 1997 2737 2036 non
2767 1981 2929 2057 modo
2954 1981 3096 2052 quod
3142 1990 3373 2052 nequeat
3411 1983 3656 2037 omnium

2073 2077 2212 2132 bona
2241 2077 2512 2141 invadere,
2539 2073 2634 2129 sed
2658 2075 2817 2129 etiam
2839 2075 2980 2144 quod
3011 2083 3435 2144 quantacumque
3465 2088 3659 2144 posse-

2075 2170 2233 2236 derit,
2264 2185 2324 2224 se
2367 2168 2498 2223 nihil
2530 2167 2729 2223 habere
2755 2175 2904 2238 putet
2934 2187 2946 2222 :
2977 2169 3068 2238 qui
3094 2183 3222 2222 vero
3257 2168 3506 2237 pecunias
3555 2169 3658 2222 de-

2076 2264 2250 2335 Spicit,
2281 2261 2547 2333 superﬂua
2593 2261 2770 2316 omnia
2821 2260 3165 2324 existimabit,
3215 2276 3384 2330 neque
3432 2260 3666 2313 infinitis

2078 2354 2458 2427 cupiditatibus
2487 2353 2719 2406 animam
2750 2351 3030 2406 cruciabit.
3049 2350 3188 2404 Nihil
3219 2356 3359 2404 enim
3387 2360 3469 2405 est
3514 2351 3665 2420 quod

2079 2447 2322 2518 supplicii
2345 2446 2606 2500 rationem
2634 2445 2704 2498 ita
2749 2443 2963 2510 habeat,
3006 2451 3063 2496 ut
3092 2442 3519 2512 concUpiscentia
3560 2430 3666 2496 usu

2082 2548 2138 2595 et
2166 2538 2338 2592 fructu
2361 2535 2588 2606 privata,
2617 2535 2669 2589 id
2696 2533 2837 2604 quod
2861 2533 3089 2588 maxime
3117 2548 3421 2602 perversam
3439 2533 3673 2588 exhibet

2082 2640 2339 2689 mentem.
2387 2629 2678 2685 Considera
2729 2637 2905 2682 autem
2940 2643 2954 2680 :
2986 2627 3074 2697 qui
3123 2627 3370 2696 pecunias
3414 2627 3557 2696 cupit
3615 2635 3676 2682 et

2085 2724 2279 2779 multas
2304 2721 2564 2793 possidet,
2601 2720 2670 2774 ita
2707 2719 2928 2774 affectus
2952 2729 3056 2782 est,
3083 2733 3146 2772 ac
3177 2719 3222 2773 si
3260 2718 3390 2772 nihil
3421 2719 3671 2773 haberet.

2086 2817 2319 2872 Hoccine
2347 2813 2535 2868 morbo
2582 2811 2884 2882 perplexius
2917 2809 3043 2879 quid
3083 2824 3201 2864 esse
3233 2809 3437 2877 potest?
3479 2807 3677 2878 Neque

2088 2913 2191 2967 hoc
2235 2910 2410 2965 solum
2458 2922 2621 2978 grave
2645 2914 2746 2970 est,
2776 2903 2872 2960 sed
2901 2907 3061 2959 etiam
3107 2903 3246 2973 quod
3277 2903 3364 2973 qui
3396 2902 3576 2968 habet,
3607 2919 3676 2959 ea

2089 3003 2202 3074 ipsa
2231 3018 2348 3074 qua:
2374 3010 2519 3057 tenet
2542 3015 2649 3054 non
2676 2997 2873 3052 habere
2889 2995 3130 3050 videatur
3160 3013 3174 3048 :
3203 2994 3411 3050 etiamsi
3429 2995 3677 3049 omnium

2089 3098 2228 3154 bona
2257 3094 2548 3165 acceperit,
2596 3093 2764 3163 magis
2787 3090 3080 3156 cruciatur;
3105 3089 3310 3143 etiamsi
3340 3099 3556 3142 centum
3589 3098 3678 3140 ta-

2093 3191 2235 3246 lenta
2264 3187 2554 3259 possideat,
2579 3184 2720 3257 quod
2746 3183 2888 3238 mille
2910 3196 3014 3236 non
3044 3180 3238 3235 habeat
3262 3179 3440 3245 dolet;
3463 3180 3508 3232 si
3527 3179 3683 3234 mille

2094 3283 2306 3349 habeat,
2333 3279 2476 3351 quod
2502 3279 2683 3334 decies
2723 3275 2868 3331 mille
2899 3289 3006 3330 non
3036 3273 3227 3328 habeat
3275 3272 3576 3338 mordetur;
3632 3272 3682 3327 si

2095 3375 2276 3432 decies
2295 3374 2442 3428 mille
2461 3370 2744 3440 acceperit,
2767 3367 2911 3438 quod
2935 3381 3042 3421 non
3058 3365 3238 3421 decies
3260 3365 3407 3434 plura
3426 3365 3682 3420 obtinue-

2096 3470 2169 3525 rit
2195 3467 2410 3538 angitur
2442 3482 2456 3520 :
2490 3465 2767 3535 majorque
2810 3459 3091 3530 acquisitio
3122 3459 3179 3512 fit
3222 3458 3299 3513 illi
3351 3458 3687 3528 paupertatis

2099 3559 2339 3616 accessio
2370 3576 2384 3613 :
2417 3571 2538 3612 nam
2574 3564 2773 3627 quanto
2801 3553 2954 3624 plura
3003 3551 3292 3622 acceperit,
3327 3559 3473 3605 tanto
3523 3548 3685 3620 plura

2100 3652 2388 3709 desiderat.
2419 3651 2560 3721 Ergo
2585 3657 2783 3720 quanto
2814 3647 2962 3717 plura
2991 3643 3280 3715 acceperit,
3315 3652 3460 3697 tanto
3513 3644 3685 3714 magis

2103 3761 2306 3818 pauper
2331 3741 2511 3800 evadit
2543 3761 2556 3797 :
2583 3741 2674 3812 qui
2700 3741 2842 3796 enim
2864 3738 3017 3810 plura
3037 3736 3325 3802 desiderat,
3357 3735 3526 3805 magis
3553 3750 3689 3805 pau-

2103 3856 2200 3914 per
2223 3848 2323 3895 est.
2344 3837 2477 3894 Cum
2506 3836 2665 3908 igitur
2689 3843 2900 3891 centum
2934 3831 3130 3887 talenta
3147 3829 3413 3894 habuerit,
3443 3828 3686 3883 nondum

2108 3942 2215 3987 tam
2241 3930 2520 3986 mendicus
2565 3935 2682 3992 est;
2712 3941 2837 3980 nam
2872 3923 3018 3979 mille
3043 3922 3343 3988 desiderat;
3388 3936 3508 3976 cum
3538 3920 3692 3975 mille

2105 4021 2393 4093 acceperit,
2423 4030 2551 4076 tunc
2575 4017 2745 4088 magis
2775 4031 2973 4087 pauper
3027 4014 3240 4080 evadit;
3274 4029 3377 4069 non
3405 4015 3510 4084 jam
3539 4013 3691 4068 enim

2109 4115 2254 4170 mille
2299 4121 2359 4168 ut
2405 4113 2550 4183 prius
2579 4111 2791 4181 quaerit,
2819 4109 2916 4164 sed
2961 4107 3144 4164 decies
3175 4108 3399 4162 millium
3425 4107 3525 4161 sibi
3553 4120 3693 4173 opus

2107 4221 2230 4264 esse
2275 4205 2424 4261 dicit.
2477 4203 2629 4272 Quod
2672 4203 2718 4258 si
2768 4199 3151 4270 concupiscere
3192 4207 3248 4254 et
3290 4213 3396 4252 non
3433 4197 3694 4266 consequi

2111 4302 2438 4370 voluptatem
2467 4313 2588 4355 esse
2631 4296 2799 4361 dicas,
2831 4293 3117 4365 voluptatis
3151 4305 3392 4348 naturam
3426 4289 3555 4344 mihi
3588 4290 3692 4344 ad-

2113 4393 2330 4452 modum
2352 4393 2596 4462 ignorare
2609 4388 2826 4443 videris.
2846 4387 2998 4454 Quod
3015 4385 3158 4441 enim
3179 4384 3280 4440 hoc
3297 4399 3400 4438 non
3421 4382 3692 4450 voluptas,

2115 4487 2210 4544 sed
2231 4484 2551 4556 supplicium
2574 4483 2662 4547 sit,
2684 4495 2799 4535 rem
2850 4480 2916 4534 ad
2945 4477 3089 4533 aliud
3137 4492 3320 4532 rursus
3365 4474 3697 4530 adducentes

2115 4580 2500 4637 cxaminemus.
2551 4572 2776 4642 Quando
2804 4573 3032 4639 sitimus,
3081 4585 3186 4626 non
3215 4569 3334 4625 ideo
3368 4567 3699 4624 delectamur

2118 4675 2361 4730 bibentes
2403 4669 2546 4742 quod
2598 4668 2741 4725 sitim
2783 4666 3054 4730 sedemus,
3098 4673 3152 4719 et
3183 4661 3304 4717 ideo
3340 4659 3586 4729 voluptas
3614 4666 3701 4713 est

2121 4773 2295 4837 potus,
2327 4762 2466 4834 quod
2485 4777 2513 4815 a
2534 4775 2727 4831 magno
2747 4773 2845 4814 nos
2875 4757 3064 4813 liberet
3081 4755 3339 4819 cruciatu,
3357 4768 3388 4806 a
3408 4751 3701 4820 cupiditate

2121 4855 2336 4912 bibendi
2363 4855 2590 4924 nempe?
2622 4852 2723 4907 hoc
2743 4849 2914 4906 cuivis
2944 4847 3280 4919 perspicuum
3319 4854 3422 4899 est.
3453 4841 3604 4911 Quod
3655 4843 3701 4896 si

2121 4951 2175 5006 in
2205 4948 2294 5004 tali
2330 4946 2568 5018 appetitu
2607 4958 2819 5014 semper
2858 4942 3093 4996 mansuri
3134 4951 3392 4999 essemus,
3431 4950 3538 4989 non
3586 4947 3704 4988 me-

2122 5043 2242 5100 liori
2271 5039 2582 5098 conditione
2611 5049 2855 5093 essemus
2873 5048 3032 5105 quam
3060 5031 3211 5087 dives
3235 5029 3324 5084 ille
3343 5069 3358 5095 ,
3390 5027 3481 5098 qui
3514 5025 3705 5081 Lazari

2123 5151 2232 5192 non
2261 5134 2512 5190 misertus
2534 5137 2637 5193 est,
2670 5137 2926 5198 quantum
2953 5123 3158 5178 scilicet
3181 5119 3246 5176 ad
3269 5116 3512 5188 supplicii
3539 5115 3710 5170 ratio-

2125 5245 2284 5286 nem:
2318 5241 2440 5282 nam
2469 5222 2618 5280 etilli
2640 5220 2742 5276 hoc
2769 5217 3085 5289 supplicium
3105 5221 3163 5269 et.
3179 5213 3382 5282 punitio
3401 5217 3536 5273 erat,
3560 5205 3710 5279 quod

2127 5336 2252 5379 cum
2301 5318 2500 5374 stillam
2552 5327 2771 5384 parvam
2817 5316 3062 5382 cuperet,
3111 5320 3218 5360 non
3268 5309 3584 5371 assequutus
3613 5300 3708 5354 sit.

2129 5413 2184 5470 ld
2239 5410 2383 5482 quod
2436 5405 2567 5462 mihi
2605 5404 2751 5460 avari
2790 5408 3046 5472 perpetuo
3089 5396 3198 5468 pati
3223 5395 3491 5457 videntur,
3519 5399 3576 5445 et
3633 5389 3712 5444 illi

2129 5503 2336 5562 similes
2377 5515 2500 5557 esse
2544 5499 2634 5571 qui
2676 5495 2897 5567 rogabat
2943 5501 2998 5548 ut
3034 5491 3170 5546 stilla
3199 5488 3484 5552 frueretur,
3535 5497 3712 5553 neque

2131 5602 2449 5668 assequutus
2506 5602 2634 5649 est:
2665 5591 2774 5646 imo
2813 5587 2981 5659 magis
3033 5595 3313 5638 avarorum
3337 5621 3353 5646 ,
3402 5590 3562 5648 quam
3595 5573 3717 5629 .di-

2139 5665 2487 5756 vitis—illius,
2561 5684 2739 5739 anima
2800 5676 3152 5737 comburitur.
3204 5673 3271 5728 Et
3315 5668 3535 5743 pulchre
3583 5665 3719 5720 dixit
