3838 6214
185 331 284 390 ’121

195 444 442 520 quispiam
505 451 696 496 avaros
753 450 872 493 esse
923 433 1262 507 hydropicus.
1310 432 1765 501 Quemadmodum

196 539 328 596 enim
357 536 432 590 illi
460 534 680 588 multam
704 530 756 584 in
785 542 1011 597 corpore
1036 534 1306 596 gestantes
1344 540 1555 594 aquam,
1598 525 1766 594 magis

195 634 480 682 exuruntur
508 642 522 678 :
554 623 632 678 sic
657 629 711 675 et
743 620 887 673 avari
917 618 1112 672 multas
1140 615 1576 671 circumferentes
1605 631 1767 684 pecu-

193 720 299 774 nias
323 758 338 780 ,
388 716 567 784 plures
617 712 1023 779 concupiscunt.
1047 706 1219 762 Causa
1263 717 1438 761 autem
1470 706 1583 761 hanc
1634 716 1714 761 est
1747 725 1761 762 :

193 825 354 878 neque
383 807 457 860 illi
487 806 536 858 in
559 803 975 871 congruentibus
1003 801 1132 856 locis
1153 816 1320 871 aquas
1347 800 1562 867 habent,
1593 816 1766 870 neque

193 904 272 956 isti
295 900 347 953 in
374 896 790 967 congruentibus
815 894 1226 963 cogitationibus
1253 893 1758 962 concupiscentiam.

192 993 466 1062 Fugismus
495 1003 624 1058 ergo
666 989 806 1042 hunc
851 987 1086 1041 alienum
1139 995 1194 1041 et
1241 987 1454 1040 inanem
1484 987 1760 1051 morbum,

191 1087 442 1154 fugiamus
471 1081 703 1136 radicem
733 1081 1014 1142 malorum,
1042 1079 1302 1149 fugiamus
1333 1090 1648 1148 praesentem
1673 1095 1760 1149 ge-

189 1179 444 1239 hennam;
485 1173 726 1244 gebenna
747 1173 888 1227 enim
918 1181 1000 1226 est
1021 1186 1206 1226 eorum
1237 1171 1520 1241 cupiditas.
1546 1172 1760 1240 Explica

188 1283 308 1338 ergo
327 1267 584 1336 cujusque
615 1265 878 1327 animam,
911 1271 964 1318 et
988 1264 1103 1333 ejus
1133 1264 1222 1332 qui
1241 1264 1493 1333 pecunias
1514 1264 1762 1333 despicit,

190 1370 239 1415 et
266 1360 378 1429 ejus
402 1359 490 1428 qui
518 1373 623 1412 non
647 1356 908 1426 despicit;
935 1366 989 1411 et
1017 1356 1221 1410 videbis
1270 1356 1411 1411 hunc
1442 1357 1652 1426 quidem
1683 1358 1761 1411 fu-

190 1452 421 1508 rentibus
449 1464 571 1505 esse
595 1449 845 1512 similem,
876 1449 962 1518 qui
995 1449 1124 1502 nihil
1155 1448 1236 1503 vel
1257 1448 1440 1502 videre
1466 1448 1548 1503 vel
1573 1447 1759 1502 audire

189 1544 309 1598 velit
327 1560 341 1603 ;
366 1542 507 1595 hunc
524 1555 652 1596 vero
675 1540 846 1609 portui
872 1555 902 1593 a
925 1540 1172 1594 fluctibus
1192 1541 1361 1594 iibero
1385 1557 1398 1594 :
1419 1540 1505 1594 hic
1521 1541 1756 1594 omnium

187 1645 263 1692 est
290 1633 511 1697 amicus,
544 1642 600 1686 ut
628 1632 716 1686 ille
746 1631 933 1686 hostis.
956 1630 1086 1685 Nam
1125 1632 1225 1686 etsi
1257 1631 1373 1701 quis
1402 1632 1626 1701 accepit,
1649 1647 1756 1685 non

1205 319 1268 374 lN
1307 319 1521 375 EPIST.
1564 317 1582 372 1
1646 317 1737 372 AD
1767 317 1925 373 (ΞΟΠ.
1966 315 2201 372 llOMIL.
2241 316 2358 374 XV.

3353 319 3455 376 122

1874 430 2019 485 illum
2045 428 2209 485 amcit
2233 428 2509 496 molestia;
2532 428 2578 484 si
2597 428 2720 501 quis
2738 443 2949 487 rursum
2973 431 3071 503 ipsi
3093 433 3323 503 dederit,
3345 453 3455 495 non

1873 525 2109 588 inflavit;
2141 523 2235 579 sed
2257 532 2340 578 est
2364 522 2607 593 quaedam
2630 523 2769 594 apud
2803 524 2953 580 illum
2991 526 3214 584 libertas
3237 544 3454 586 onmem

1872 614 2074 670 habens
2099 614 2438 669 securitatem
2471 631 2486 670 :
2531 623 2587 670 et
2610 614 2699 671 hic
2735 615 2950 687 quidem
2977 617 3226 674 omnibus
3245 620 3452 675 adulari

1870 722 1991 761 cum
2040 706 2467 762 dissimulatione
2519 707 2748 778 cogitur,
2800 708 2891 764 ille
2918 718 3097 766 autem
3125 713 3350 768 nemini.
3395 714 3453 770 Si

1869 813 1998 867 ergo
2027 807 2081 852 et
2111 813 2313 868 pauper
2338 805 2422 852 est
2450 813 2645 859 avarus
2687 807 2744 854 et
2794 801 3033 866 timidus,
3075 802 3355 859 simulator
3399 816 3453 860 et

1871 891 2167 962 hypocrita,
2200 905 2264 946 ac
2303 890 2600 950 terroribus
2630 891 2838 962 plenus,
2865 894 3104 950 cruciatu
3131 905 3291 966 atque
3319 914 3451 966 snp-

1869 983 2064 1052 plicio;
2095 983 2184 1054 qui
2215 997 2342 1037 vero
2381 982 2632 1053 pecunias
2659 983 2904 1053 despicit,
2947 988 3229 1042 contrariis
3260 989 3454 1045 fruitur

1867 1075 2116 1130 omnibus
2145 1089 2357 1131 :annon
2389 1073 2566 1144 palam
2593 1085 2675 1132 est
2701 1076 2952 1133 virtutem
2974 1093 3096 1135 esse
3112 1081 3451 1138 suaviorem?

1866 1167 1944 1221 Ac
1968 1166 2172 1236 reliqua
2221 1166 2382 1222 etiam
2413 1167 2800 1226 insectaremur
2833 1169 2998 1237 maia,
3029 1172 3182 1242 queis
3213 1176 3451 1229 ostendi-

1865 1269 1971 1325 tur,
2001 1258 2286 1329 nihilquod
2309 1259 2504 1314 malum
2526 1261 2597 1316 sit
2618 1260 2814 1316 habere
2834 1261 3186 1333 voluptatem,
3215 1267 3316 1320 nisi
3337 1268 3446 1334 jam

1865 1354 2032 1408 multa
2059 1368 2089 1407 a
2122 1354 2276 1408 nobis
2304 1354 2551 1423 superius
2579 1353 2722 1410 dicta
2751 1355 2994 1413 fuissent.
3021 1357 3147 1414 Hac
3175 1373 3304 1429 ergo
3327 1375 3448 1414 cum

1864 1445 2132 1511 sciamus,
2179 1445 2440 1514 eligamus
2491 1445 2783 1514 virtutem,
2839 1455 2903 1503 ut
2946 1457 3000 1503 et
3044 1447 3130 1504 hic
3179 1450 3450 1519 voluptate

1863 1535 2122 1600 fruamur,
2146 1544 2200 1591 et
2221 1535 2394 1593 futura
2418 1550 2810 1608 consequamur
2833 1539 2992 1605 bona,
3017 1542 3188 1610 gratia
3209 1551 3265 1598 et
3293 1543 3448 1598 beni-

1861 1629 2060 1701 gnitate
2077 1672 2093 1697 ,
2119 1638 2223 1685 etc.

1520 1843 1866 1906 HOMILIA
1909 1842 2052 1904 XV.

180 1993 302 2050 Car.
331 1994 387 2049 5.
416 2009 467 2046 v.
504 1994 555 2047 1.
591 1992 807 2050 Omnino
845 1991 1052 2045 auditur
1087 1991 1217 2044 inter
1249 2005 1335 2044 vos
1375 1990 1642 2060 fornicatio
1663 2029 1678 2053 ,
1710 1999 1756 2042 et

248 2088 360 2140 talis
391 2087 660 2155 fornicatio
681 2126 694 2150 ,
724 2100 836 2153 qum
861 2100 962 2136 non
991 2084 1118 2139 inter
1144 2093 1313 2153 gentes
1341 2082 1631 2134 nominatur
1654 2122 1667 2144 ,
1700 2091 1755 2134 ut

246 2195 450 2232 uxorein
492 2179 651 2246 patris
686 2177 770 2230 sui
809 2177 992 2244 aliquis
1023 2175 1221 2228 habeat.
1261 2174 1315 2228 2.
1358 2173 1426 2226 Et
1465 2189 1551 2227 vos
1589 2174 1756 2241 inﬂati

245 2275 380 2334 estis,
411 2282 457 2326 et
485 2288 584 2325 non
613 2271 772 2341 magis
804 2270 1004 2324 luxistis
1029 2311 1044 2336 ,
1072 2278 1125 2322 ut
1155 2268 1361 2322 tollatur
1389 2268 1453 2320 de
1476 2266 1641 2320 medio
1667 2283 1752 2319 ve-

242 2378 397 2421 strum
424 2367 507 2433 qui
534 2365 627 2416 hoc
655 2380 782 2432 opus
807 2363 944 2431 fecit.

245 2458 294 2510 1.
326 2455 551 2521 Quando
578 2454 875 2508 disserebat
897 2452 967 2507 de
995 2451 1207 2506 iilorum
1239 2450 1574 2504 dissensione
1600 2488 1614 2510 ,
1645 2463 1751 2502 non

174 2551 344 2602 statim
378 2546 678 2601 vehementi
707 2560 838 2599 usus
865 2553 949 2598 est
981 2557 1230 2600 sermone
1252 2582 1268 2608 ,
1299 2541 1391 2596 sed
1422 2540 1751 2594 mansuetius

176 2641 340 2709 primo
380 2639 573 2702 oravit,
608 2638 929 2707 demumque
973 2637 1025 2690 in
1066 2636 1462 2690 accusationem
1488 2633 1646 2687 desiit
1668 2631 1751 2686 bis

175 2732 343 2786 verbis
375 2749 386 2783 :
423 2730 780 2800 Signi/iculum
827 2729 959 2782 enim
997 2736 1068 2781 est
1109 2727 1234 2780 mihi
1272 2726 1336 2780 de
1376 2726 1529 2791 uobis,
1567 2723 1750 2794 fratres

173 2824 298 2887 mei,
338 2823 400 2875 ab
426 2822 486 2874 iis
515 2821 599 2890 qui
627 2830 743 2875 sunt
782 2819 994 2883 Chloes,
1033 2819 1167 2889 quod
1196 2817 1535 2871 contentiones
1564 2817 1663 2869 sint
1699 2816 1750 2868 in

172 2915 304 2967 vobis
339 2913 416 2981 (1.
452 2912 571 2966 Cor.
605 2911 654 2966 1.
687 2909 798 2979 11).
828 2909 926 2964 Hic
953 2919 1130 2964 autem
1163 2924 1266 2962 non
1297 2908 1374 2962 sic
1396 2949 1411 2969 .
1445 2906 1538 2961 sed
1568 2905 1748 2964 statim

171 3006 378 3074 pingit;
411 3013 466 3056 et
495 3011 750 3071 quantum
795 3003 907 3055 fieri
949 3010 1160 3069 potest,
1188 2999 1428 3053 criminis
1457 2997 1748 3067 exprobra-

173 3096 362 3148 tionem
386 3108 723 3146 communem
747 3091 936 3145 reddit.
969 3090 1149 3159 Neque
1175 3090 1316 3144 cnim
1338 3089 1469 3142 dixit
1494 3106 1506 3141 :
1531 3088 1637 3143 Cur
1661 3089 1750 3142 ille

171 3187 458 3249 fornicatus
479 3185 598 3239 est?
620 3183 733 3249 sed,
755 3182 973 3236 Omnino
997 3183 1202 3235 auditur
1220 3183 1271 3234 in
1291 3180 1429 3235 vobis
1446 3181 1712 3251 farnicatio
1729 3195 1751 3232 :

171 3289 224 3332 ut
251 3295 315 3331 ne
341 3277 493 3347 quasi
523 3276 679 3329 alieni
708 3276 927 3328 omnino
956 3289 982 3326 a
1011 3274 1380 3328 criminatione
1419 3272 1748 3341 negligenter

167 3378 404 3438 agerent,
452 3369 544 3421 sed
589 3367 642 3420 in
688 3366 957 3420 communi
999 3365 1270 3434 percussi,
1319 3373 1374 3422 et
1416 3365 1653 3418 Eci'lesia
1694 3365 1746 3418 in

165 3463 366 3516 Crimen
400 3470 586 3514 vocata
611 3501 625 3522 ,
657 3460 734 3512 sic
756 3457 972 3513 solliciti
1004 3457 1377 3512 redderentur.
1409 3457 1576 3510 Nemo
1602 3455 1745 3510 enim

165 3552 322 3617 dicet,
351 3552 546 3620 inquit,
573 3551 662 3604 Ille
692 3549 981 3604 fornicatus
1002 3557 1117 3611 est;
1142 3547 1241 3602 sed
1270 3549 1322 3601 in
1347 3546 1745 3601 Corinthiorum

168 3643 403 3697 Ecclesia
439 3642 629 3695 factum
652 3650 733 3696 est
762 3649 1056 3711 peccatum.
1088 3639 1197 3694 Nec
1221 3640 1374 3704 dixit,
1408 3639 1748 3709 I’erpetratur

166 3734 475 3797 fornicatiu;
525 3733 619 3788 sed
659 3733 900 3799 Auditur,
933 3747 1047 3802 qua:
1087 3747 1151 3785 ne
1184 3730 1384 3800 quidem
1422 3731 1553 3783 inter
1578 3739 1747 3800 gentes

163 3825 490 3878 nominatur.
517 3823 740 3892 Semper
768 3822 911 3877 enim
939 3837 1004 3876 ex
1039 3821 1288 3890 gentibus
1325 3821 1517 3890 probra
1553 3821 1749 3890 ingerit

165 3916 446 3980 fidelibus;
489 3924 544 3970 et
587 3914 1158 3972 Thessalonicensibus
1201 3914 1443 3970 scribens
1489 3914 1744 3976 dicebat:

167 4009 522 4079 Unusquisque
572 4025 659 4063 uas
705 4024 854 4072 suum
902 4008 1155 4079 possideat
1202 4008 1257 4061 in
1311 4009 1744 4076 sanctificatione,

162 4119 258 4155 non
312 4105 366 4156 in
425 4101 658 4170 passione
713 4099 986 4166 desiderii,
1037 4100 1162 4156 sicut
1217 4108 1265 4152 et
1326 4109 1520 4153 cratera:
1577 4109 1747 4170 gentes

164 4194 236 4264 (1.
261 4194 451 4248 Thess.
473 4194 528 4248 4.
555 4193 609 4248 4.
635 4192 726 4262 5);
755 4189 1160 4246 Colossensibus
1183 4199 1358 4246 autem
1380 4200 1435 4246 et
1458 4191 1704 4261 Ephesiis
1730 4209 1744 4245 :

164 4286 242 4339 Ne
301 4289 447 4340 ultra
498 4287 762 4340 ambuletis
817 4287 948 4340 sicut
1003 4285 1213 4354 reliqua:
1261 4293 1429 4354 gentes
1487 4286 1747 4338 ambulant

164 4379 376 4450 (Ephes.
401 4379 462 4432 4.
489 4378 599 4448 17).
631 4378 685 4434 Si
714 4387 889 4433 autem
913 4377 1100 4432 eadem
1126 4377 1239 4447 ipsa
1267 4393 1386 4446 qua:
1414 4386 1598 4448 gentes
1626 4392 1748 4447 pec-

161 4484 279 4522 care
301 4468 516 4538 ignosci
549 4469 750 4538 nequit,
781 4469 1005 4538 gentiles
1032 4469 1180 4538 ipsos
1206 4482 1270 4522 ea
1298 4467 1350 4521 in
1381 4481 1440 4522 re
1467 4483 1745 4538 superare,

162 4575 413 4629 quonam,
453 4575 657 4631 quaeso,
691 4560 743 4614 in
770 4561 887 4615 loco
913 4561 1210 4630 ponemus?
1240 4559 1393 4630 Apud
1424 4561 1545 4615 illos
1578 4562 1742 4630 enim,

163 4653 350 4723 inquit,
371 4668 490 4707 non
512 4652 672 4710 modo
695 4652 824 4706 nihil
851 4660 1192 4723 perpetratur
1212 4651 1539 4720 bujusmodi,
1564 4653 1657 4707 sed
1681 4670 1748 4709 ne

162 4746 470 4798 nominatur
493 4742 730 4813 quidem.
755 4742 998 4796 Vidistin’
1020 4757 1295 4812 quousque
1321 4744 1524 4798 crimen
1545 4744 1748 4799 extule-

161 4834 264 4887 rit?
287 4835 426 4889 Gum
453 4835 594 4887 extim
623 4833 758 4888 tales
783 4841 1074 4889 cernuntur
1102 4834 1371 4890 invenisse
1397 4836 1619 4890 luxuriae
1641 4851 1750 4894 mo-

160 4926 274 4988 dos,
301 4940 444 4995 quos
476 4925 723 4981 infideles
744 4940 848 4980 non
875 4925 1036 4980 modo
1058 4937 1365 4996 perpetrare
1393 4943 1498 4982 non
1525 4929 1744 4997 audent,

159 5018 248 5071 sed
281 5034 349 5073 ne
374 5027 578 5072 norunt
605 5017 822 5088 quidem
845 5060 860 5085 ,
894 5018 1177 5074 incﬂ‘abilis
1199 5029 1281 5075 est
1307 5023 1510 5090 peccati
1539 5023 1748 5093 magni-

162 5109 304 5163 tudo.
350 5109 488 5164 Illud
525 5119 728 5178 autem,
757 5109 903 5166 Inter
938 5127 1045 5176 vos,
1088 5126 1184 5180 per
1225 5112 1504 5182 emphasin
1547 5115 1748 5170 dictum

161 5211 270 5265 est;
305 5200 411 5255 hoc
437 5209 542 5266 est,
584 5201 724 5255 inter
753 5216 848 5256 vos
877 5201 1085 5267 fideles,
1120 5202 1212 5272 qui
1252 5211 1396 5258 tanta
1436 5206 1748 5275 percepistis

165 5294 443 5363 mysteria,
486 5293 579 5362 qui
617 5308 938 5354 arcanorum
975 5293 1266 5363 participes
1303 5294 1514 5363 fuistis,
1552 5297 1641 5366 qui
1681 5297 1747 5351 ad

164 5385 351 5440 saclum
369 5386 544 5440 vocati
567 5386 717 5440 estis.
745 5385 931 5441 Viden’
953 5394 1152 5457 quanta
1175 5386 1538 5458 indignatione
1561 5391 1749 5459 plenus

164 5478 229 5530 sit
266 5493 454 5532 sermo
473 5519 487 5543 ,
517 5487 715 5548 quanta
743 5477 820 5532 ira
846 5489 1032 5533 contra
1057 5491 1266 5534 omnes.
1299 5479 1431 5534 Nam
1462 5479 1506 5534 si
1535 5495 1641 5534 non
1672 5485 1750 5535 ira

167 5569 325 5622 multa
349 5569 606 5623 incensus
627 5567 833 5636 fuisset,
859 5584 1034 5640 neque
1059 5569 1316 5625 adversus
1338 5585 1526 5626 omnes
1551 5571 1641 5626 illa
1666 5587 1752 5627 ex-

169 5662 502 5727 tenderetur,
539 5661 616 5717 sic
662 5663 845 5733 utique
889 5662 1157 5720 dixisset:
1205 5664 1339 5732 Quia
1383 5663 1564 5720 audivi
1608 5665 1749 5738 quod

168 5754 250 5812 ille
274 5756 395 5813 talis
418 5755 711 5815 fornicatus
731 5757 821 5838 sit,
846 5757 1099 5830 castigate
1123 5757 1294 5815 illum.
1321 5758 1472 5817 Nunc
1494 5776 1622 5818 vero
1643 5774 1748 5818 non

1861 1989 1962 2054 sic,
2010 1987 2106 2043 sed
2145 1988 2304 2043 etiam
2348 1987 2608 2044 adversus
2645 2001 2834 2044 omnes
2874 1997 3130 2044 armatur.
3165 1988 3372 2044 Etenim
3397 1990 3448 2045 si

1859 2079 2067 2148 priores
2095 2080 2170 2134 illi
2201 2081 2585 2151 scripsissent,
2617 2079 2708 2135 illa
2737 2079 2959 2136 dixisset
2989 2097 3004 2135 ε
3037 2081 3160 2151 quia
3183 2095 3310 2136 vero
3336 2096 3446 2138 non

1857 2170 2033 2226 solum
2074 2186 2179 2230 non
2222 2171 2570 2242 scripserunt,
2604 2169 2700 2226 sed
2735 2170 2895 2236 etiam
2924 2170 3101 2227 scelus
3130 2172 3260 2228 iilud
3289 2180 3445 2228 texe-

1859 2272 1984 2318 runt
2009 2271 2064 2318 et
2088 2263 2475 2320 obumbrarunt
2497 2305 2513 2331 ,
2552 2263 2676 2319 ideo
2704 2262 3095 2320 vehementiori
3126 2264 3295 2319 utitur
3323 2279 3444 2319 ser-

1859 2369 2038 2418 mone.
2070 2354 2136 2409 Ut
2164 2371 2373 2409 uxorem
2399 2355 2557 2426 patris
2582 2357 2662 2410 sui
2688 2355 2872 2426 aliquis
2898 2355 3098 2410 habeat.
3129 2355 3305 2424 Quare
3334 2370 3440 2412 non

1853 2445 2007 2510 dixit,
2040 2444 2108 2500 Ut
2133 2445 2426 2501 fornicetur
2453 2460 2574 2501 cum
2615 2446 2876 2501 muliere?
2905 2445 2962 2502 id
2986 2445 3128 2517 quod
3151 2445 3441 2504 admodum

1857 2546 2010 2606 turpe
2029 2546 2144 2591 erat
2163 2537 2367 2606 respuit
2391 2555 2404 2591 :
2425 2552 2592 2607 quare
2620 2537 2899 2595 honestius
2924 2537 3028 2596 hoc
3052 2541 3440 2609 praetercurrit,

1857 2638 1915 2684 ut
1959 2629 2100 2700 quod
2145 2631 2200 2685 in
2245 2630 2615 2701 superioribus
2657 2639 2804 2688 esset
2846 2630 3214 2697 declaratum;
3255 2631 3308 2688 in
3338 2631 3440 2687 hoc

1852 2721 2016 2776 .etiam
2037 2736 2223 2777 rursus
2244 2736 2446 2792 augens
2469 2721 2696 2789 crimen,
2725 2722 3125 2794 ostendensque
3154 2722 3293 2793 apud
3320 2723 3439 2778 illos

1857 2817 1979 2870 talia
2021 2816 2350 2885 perpetrari,
2382 2831 2503 2887 quae
2541 2830 2610 2872 ne
2646 2817 2793 2874 clare
2820 2815 3002 2874 dicere
3025 2816 3241 2888 quidem
3271 2815 3439 2872 Paulo

1854 2908 2032 2963 liceat.
2081 2908 2207 2965 ideo
2249 2909 2304 2963 in
2348 2909 2696 2980 sequentibus
2737 2909 2930 2967 eodem
2973 2911 3141 2978 utitur
3186 2908 3436 2980 loquendi

1853 2998 2014 3054 modo
2043 2997 2249 3064 dicens,
2277 2997 2415 3053 Eum
2440 2999 2527 3068 qui
2555 3000 2651 3054 hoc
2675 2999 2746 3069 ita
2776 3000 2930 3072 fecit:
2955 3006 3018 3056 et
3042 3013 3227 3056 rursus
3245 3000 3438 3058 erube-

1849 3091 1954 3146 scit
1983 3099 2034 3144 et
2068 3090 2230 3159 pudet
2257 3106 2378 3158 eum
2404 3098 2593 3162 aperte
2617 3091 2820 3161 dicere,
2844 3091 2922 3147 uti
2941 3090 3177 3148 solemus
3199 3093 3251 3149 in
3277 3091 3437 3150 rebus

1849 3184 2139 3239 admodum
2169 3184 2434 3253 turpibus.
2477 3183 2590 3240 Nec
2626 3185 2800 3250 dixit,
2828 3184 3144 3250 Novercam,
3171 3184 3264 3258 sed
3298 3182 3440 3242 Um-

1849 3292 1958 3336 rem
1995 3275 2172 3345 patris,
2211 3282 2270 3334 ut
2308 3275 2523 3346 gravius
2559 3274 2766 3333 feriret.
2808 3274 3024 3335 Etenim
3061 3289 3185 3336 cum
3222 3274 3436 3337 nomina

1845 3366 2126 3424 sufficiunt
2160 3365 2230 3421 ad
2260 3366 2642 3432 accusandum,
2671 3381 2767 3437 per
2795 3380 2856 3424 ea
2884 3365 3162 3436 procedit,
3200 3364 3439 3435 nihilque

1851 3457 2019 3514 addit.
2065 3456 2176 3512 Nec
2220 3457 2352 3513 mihi
2391 3457 2561 3522 dicas,
2593 3458 2786 3532 inquit,
2807 3472 2976 3516 unum
2994 3471 3120 3514 esse
3147 3455 3438 3518 fornicato-

1853 3564 1999 3612 rem;
2049 3562 2334 3604 commune
2379 3547 2628 3606 omnibus
2670 3547 2867 3606 factum
2907 3556 2992 3622 est
3031 3547 3262 3608 crimen.
3308 3545 3438 3610 ideo

1851 3640 2011 3694 etiam
2041 3637 2318 3708 subiunxit
2345 3656 2358 3693 :
2389 3639 2459 3692 Et
2498 3654 2586 3696 uos
2625 3638 2794 3708 inﬂati
2836 3639 2975 3696 estis.
3007 3637 3123 3698 Non
3148 3637 3283 3702 dixit
3310 3651 3436 3708 pro-

1851 3740 1971 3800 pter
2011 3738 2294 3801 peccatnm
2344 3746 2358 3784 :
2403 3729 2506 3786 hoc
2549 3729 2692 3788 enim
2732 3728 3098 3794 irrationabile
3137 3735 3302 3795 esset,
3342 3728 3438 3784 sed

1852 3831 2070 3891 propter
2090 3819 2235 3882 illius
2259 3818 2578 3878 doctrinam.
2608 3818 2728 3888 Ipse
2751 3825 2930 3881 autem
2961 3817 3065 3884 hoc
3085 3833 3194 3882 non
3218 3817 3436 3888 posuit,

1849 3911 1946 3970 sed
1978 3910 2211 3968 medium
2238 3909 2486 3981 reliquit,
2515 3918 2576 3973 ut
2602 3909 2772 3981 magis
2806 3909 3013 3976 feriret.
3051 3910 3122 3968 Et
3155 3910 3439 3978 considera

1853 4001 2002 4060 Pauli
2044 4000 2404 4072 prudentiam.
2440 3998 2580 4064 Cum
2611 4000 2788 4072 primo
2813 4011 3092 4066 externam
3115 4001 3446 4072 sapientiam.

1851 4093 2155 4163 dejecisset,
2201 4092 2633 4164 ostendissetque
2675 4093 2824 4156 illam
2870 4108 2969 4164 per
3009 4107 3070 4150 se
3119 4093 3253 4160 nihil
3292 4109 3444 4159 esse,

1852 4186 2057 4242 etiamsi
2105 4193 2382 4255 peccatum
2427 4199 2537 4240 non
2578 4184 2650 4246 sit
2692 4184 2989 4256 adjectum;
3043 4193 3171 4250 tunc
3217 4185 3439 4252 demum

1852 4279 2010 4334 etiam
2038 4279 2105 4333 de
2132 4288 2349 4348 peccato
2374 4277 2626 4348 loquitur.
2657 4277 2790 4337 Nam
2811 4278 2861 4338 si
2886 4278 2957 4340 ad
2985 4279 3438 4349 comparationem

1852 4369 2209 4437 fornicatoris,
2232 4368 2321 4438 qui
2352 4367 2582 4430 fortasse
2608 4368 2827 4439 sapiens
2853 4369 3115 4440 quispiam
3145 4377 3282 4436 erat,
3313 4383 3433 4434 nia-

1841 4477 2012 4533 .gnum
2050 4476 2175 4518 esse
2210 4461 2487 4532 spirituaie
2511 4460 2713 4520 donum
2739 4441 2998 4529 dixisset,
3027 4459 3160 4518 nihil
3184 4475 3450 4530 magnum.

1851 4555 2098 4622 fecisset;
2127 4554 2223 4612 sed
2254 4556 2413 4611 etiam
2441 4554 2644 4625 absque
2672 4561 2894 4625 peccato
2930 4553 3163 4622 dejicere
3206 4561 3262 4610 et
3302 4552 3435 4621 nihil

1852 4665 1973 4712 esse
2020 4648 2392 4704 demonstrare
2441 4647 2758 4717 sapientiam
2808 4653 3084 4708 externam
3110 4684 3126 4710 .
3171 4643 3276 4702 hoc
3321 4654 3438 4714 erat

1853 4741 2138 4798 ostendere
2165 4741 2311 4796 illam
2337 4739 2625 4798 admodum
2661 4753 2784 4798 esse
2819 4739 3001 4798 vilem.
3047 4737 3173 4798 Ideo
3202 4753 3326 4802 cum
3352 4738 3452 4804 sic

1855 4836 2001 4905 prius
2024 4835 2474 4904 comparationem
2498 4832 2728 4899 fecisset,
2755 4841 2884 4889 tunc
2902 4832 3064 4895 etiam
3091 4831 3295 4903 peccati
3321 4845 3437 4896 me-

1853 4927 2046 4982 minit:
2075 4935 2130 4982 et
2155 4942 2276 4982 cum
2307 4927 2400 4984 illo
2427 4925 2641 4996 quidem
2665 4925 2935 4982 disserere
2955 4940 3060 4986 non
3084 4924 3351 4996 dignatur,
3379 4933 3435 4981 et

1853 5021 1906 5075 in
1941 5019 2042 5075 hoc
2081 5033 2345 5075 summam
2396 5018 2635 5074 ostendit
2661 5017 2969 5086 infamiam;
3013 5018 3095 5078 bis
3131 5027 3311 5078 autem
3350 5017 3434 5074 di—

1853 5115 1928 5168 cit
1954 5129 1966 5165 :
1995 5110 2291 5181 Oportebat
2315 5123 2412 5166 vos
2435 5109 2568 5166 flere
2589 5150 2604 5175 ,
2635 5109 2819 5181 lugere
2855 5119 2908 5169 et
2949 5125 3059 5181 prae
3104 5110 3309 5181 pudore
3353 5110 3434 5167 la-

1854 5202 2116 5268 mentari;
2167 5216 2312 5257 nunc
2359 5209 2537 5257 autem
2577 5203 2907 5260 contrarium
2947 5203 3123 5260 facitis
3155 5221 3170 5260 :
3207 5203 3436 5278 ideoque

1855 5294 2134 5363 subiunxit
2161 5311 2174 5347 :
2208 5292 2277 5348 Et
2313 5309 2405 5350 vos
2446 5293 2616 5363 inﬂati
2653 5294 2794 5363 estis,
2821 5303 2870 5350 et
2904 5311 3012 5351 non
3044 5297 3207 5369 nugis
3245 5297 3435 5355 luctum

1854 5386 2120 5442 habuistis.
2147 5385 2217 5440 Et
2241 5384 2366 5454 quid
2394 5384 2592 5442 factum
2619 5393 2701 5444 est
2719 5427 2736 5455 ,
2765 5386 2975 5458 inquies
2993 5428 3008 5453 ,
3041 5395 3101 5442 ut
3124 5402 3224 5446 nos
3247 5388 3432 5459 lugea-

1855 5481 2012 5536 mus?
2049 5479 2201 5548 Quod
2237 5480 2292 5535 in
2326 5493 2612 5536 commune
2637 5481 2893 5537 Ecclesiae
2918 5495 3202 5552 progressa
3230 5481 3303 5537 sit
3329 5481 3432 5536 cri‘

1856 5573 2097 5628 minatio.
2129 5572 2200 5627 Et
2224 5587 2320 5628 cur
2342 5573 2484 5630 bene
2514 5574 2768 5629 faciemus
2795 5574 3078 5644 lugentes?
3116 5573 3186 5629 Ut
3227 5573 3435 5629 tollatur

1860 5682 1922 5720 ea:
1945 5665 2080 5720 vobis
2105 5667 2191 5739 qui
2215 5677 2288 5722 est
2315 5667 2454 5722 talis.
2487 5667 2560 5723 Et
2585 5681 2758 5738 neque
2784 5667 2874 5724 hic
2895 5681 3094 5723 nomen
3121 5665 3239 5738 ejus
3264 5666 3455 5737 νομὴ..

1866 5774 2042 5843 neque
2069 5760 2295 5832 uspiam,
2322 5768 2380 5817 ut
2407 5759 2635 5819 solemus
2656 5761 2829 5819 facere
2857 5759 2910 5817 in
2936 5759 3002 5817 iis
3030 5773 3146 5832 quae
3164 5753 3318 5815 valde
3348 5755 3448 5814 ab-
