3856 6372
389 363 497 422 ’125

391 479 557 535 surda
582 486 638 536 et
667 479 880 550 indigna
905 486 1046 534 sunt.
1080 477 1191 535 Nec
1216 478 1373 544 dixit,
1396 479 1466 536 Et
1486 494 1596 536 non
1618 478 1786 550 magis
1813 476 1974 549 ejeci-

390 571 523 634 stis;
555 569 650 626 sed
692 571 830 626 sicut
873 569 928 624 in
975 570 1164 627 morbo
1206 569 1386 641 aliquo
1423 578 1480 626 et
1518 571 1572 625 in
1622 579 1791 640 peste,
1829 569 1974 624 luctu

390 678 527 733 opus
552 673 634 718 est
659 672 712 718 et
739 664 944 718 intensa
974 662 1389 733 supplicatione,
1420 661 1489 718 Ut
1513 663 1739 730 tollatur,
1764 663 1972 731 inquit;

392 763 446 810 et
476 755 780 824 precatione
801 754 866 810 ad
890 754 990 810 hoc
1014 754 1265 810 utendum
1290 764 1394 820 est,
1417 753 1655 824 nihilque
1683 769 1788 808 non
1815 768 1977 822 agen-

391 848 520 903 dum
565 859 622 904 ut
665 849 756 906 ille
792 848 1156 905 abscindatur.
1204 848 1389 919 Neque
1426 856 1642 904 accusat
1681 862 1795 910 eos.
1835 845 1977 916 quod

399 942 500 996 hoc
522 940 620 995 sibi
654 955 759 996 non
793 940 1096 1005 iudicarint,
1118 941 1213 996 sed
1234 943 1355 1012 quia
1376 955 1483 994 non
1511 941 1781 1004 luxerunt,
1806 948 1861 993 ut
1886 939 1977 994 ille

399 1031 467 1086 de
497 1031 674 1087 medio
701 1032 981 1088 tolleretur
1009 1049 1023 1086 :
1051 1032 1341 1088 ostendens
1367 1031 1420 1087 id
1447 1032 1566 1087 sine
1592 1031 1813 1086 doctore
1837 1045 1976 1099 pra:-

399 1121 650 1178 standum
672 1121 838 1178 fuisse
859 1124 930 1179 ob
949 1122 1130 1179 delicti
1146 1123 1487 1179 evidentiam.
1509 1125 1564 1178 5.
1587 1121 1726 1175 Nam
1755 1138 1845 1193 ego
1866 1121 1980 1192 qui-

396 1214 509 1268 dem
545 1227 802 1284 tamquam
835 1215 1012 1271 absens
1051 1232 1281 1286 corpore,
1313 1231 1532 1284 prwsens
1567 1225 1734 1268 autem
1773 1213 1976 1280 spiritu.

464 1308 522 1362 2.
551 1306 678 1365 Cum
699 1307 900 1378 publica
929 1309 1234 1378 {ornicatore
1257 1307 1506 1377 quomodo
1530 1316 1650 1377 agat
1675 1306 1981 1359 Paulus.—

401 1401 534 1457 Vide
557 1401 792 1455 animum
825 1418 838 1453 :
865 1415 933 1455 ne
957 1399 1083 1455 sinit
1109 1399 1324 1470 quidem
1353 1409 1664 1468 exspectare
1689 1399 1980 1455 adventum

397 1509 590 1556 suum,
620 1500 680 1546 ut
706 1493 818 1561 ipse
844 1491 1037 1560 ligetur
1056 1531 1070 1556 ,
1097 1491 1192 1546 sed
1222 1499 1490 1562 tamquam
1521 1501 1721 1560 pestem
1749 1490 1979 1560 aliquam

399 1586 741 1655 expulsurus,
755 1585 1059 1654 priusquam
1073 1583 1397 1639 diffundatur
1411 1584 1463 1639 in
1479 1585 1740 1655 reliquum
1759 1599 1977 1653 corpus,

398 1675 542 1729 illam
585 1675 827 1731 detinere
863 1683 1114 1745 properat
1142 1693 1155 1729 :
1190 1675 1418 1746 ideoque
1450 1675 1635 1745 adjicit
1662 1693 1674 1728 :
1697 1674 1820 1728 Iam
1839 1676 1982 1746 judi-

398 1766 509 1820 cavi
550 1776 603 1820 ut
642 1782 882 1836 prtesens.
924 1766 1051 1822 llaec
1087 1775 1266 1821 autem
1297 1766 1527 1832 dicebat,
1562 1782 1665 1820 non
1697 1767 1858 1822 modo
1889 1784 1980 1821 ur-

401 1872 532 1929 gens
559 1858 680 1914 illos
705 1857 772 1912 ad
799 1859 1122 1914 sententiam
1161 1857 1442 1912 ferendum
1468 1899 1484 1922 ,
1516 1873 1689 1928 neque
1714 1861 1897 1913 siueus
1927 1867 1984 1913 ut

400 1949 544 2005 aliud
573 1949 784 2006 consilii
813 1949 1057 2019 capiant;
1088 1950 1184 2006 sed
1209 1951 1370 2005 etiam
1399 1959 1607 2005 terrens
1629 1991 1645 2017 ,
1671 1961 1727 2004 ut
1755 1951 1842 2021 qui
1874 1951 1982 2006 sci-

399 2053 486 2099 ret
511 2042 599 2097 illa
625 2058 744 2114 quas
770 2043 846 2097 ibi
873 2052 1055 2098 essent
1078 2042 1271 2098 futura.
1324 2042 1459 2099 lllud
1488 2043 1631 2099 enim
1673 2052 1758 2100 est
1792 2043 1984 2100 adesse

401 2139 625 2208 spiritu;
654 2151 711 2193 ut
737 2138 964 2194 Elizaeus
988 2139 1135 2195 Giezi
1167 2153 1408 2209 praesens
1431 2148 1484 2195 et
1512 2139 1724 2194 dicebat
1753 2157 1768 2197 :
1799 2137 1987 2193 Nonne

401 2248 490 2286 cor
515 2249 682 2286 meum
704 2242 812 2287 erat
837 2243 999 2288 tecum
1025 2233 1046 2304 (
1069 2234 1124 2289 4.
1153 2234 1282 2304 Reg.
1311 2234 1366 2289 5.
1393 2231 1465 2288 26
1486 2231 1546 2305 )?
1574 2233 1752 2304 Papm,
1787 2241 1982 2303 quanta

403 2332 488 2379 est
514 2323 681 2378 virtus
707 2322 1064 2390 charismatis,
1095 2339 1215 2379 cum
1244 2339 1431 2379 omnes
1453 2324 1611 2378 simul
1635 2334 1986 2394 congregatos

403 2423 641 2483 praestet,
666 2423 720 2471 et
745 2427 806 2470 ea
829 2431 948 2485 quite
976 2415 1157 2484 procul
1183 2415 1315 2469 ﬁunt
1341 2424 1464 2470 nota
1490 2416 1680 2469 iaciat!
1713 2414 1830 2467 1am
1841 2415 1988 2486 judi-

404 2506 513 2560 cavi
537 2516 592 2559 ut
627 2521 869 2574 prmaens.
908 2505 1024 2560 Non
1067 2506 1195 2560 sinit
1221 2521 1314 2561 eos
1339 2506 1486 2584 aliud
1521 2507 1807 2577 quidquam
1836 2508 1985 2579 cogi-

404 2609 520 2654 tare
549 2615 562 2650 :
593 2598 726 2653 Nam
756 2599 1077 2654 sententiam
1105 2599 1197 2652 tuli
1227 2607 1283 2653 ut
1311 2613 1592 2669 praesens:
1618 2615 1685 2654 ne
1713 2600 1841 2654 mihi
1875 2616 1989 2654 mo-

403 2706 491 2744 ras
513 2689 569 2746 et
605 2690 1114 2761 procrastinationes
1143 2691 1325 2756 dicas;
1372 2691 1506 2744 nihil
1531 2691 1674 2746 enim
1700 2691 1841 2745 aliud
1871 2691 1987 2746 ﬁeri

406 2791 638 2852 oportet.
686 2783 890 2838 Deinde
916 2798 982 2838 ne
1012 2797 1201 2853 magna
1228 2782 1500 2839 videretur
1527 2798 1646 2839 esse
1673 2786 1985 2853 auctoritas,

407 2888 579 2943 neque
603 2874 946 2944 arrogantius
961 2873 1169 2952 dictum
1197 2888 1317 2929 esse
1347 2884 1680 2942 censeretur,
1714 2876 1831 2930 vide
1855 2891 1990 2946 quo-

409 2967 568 3020 modo
594 2976 648 3022 et
668 2955 812 3036 ipsos
837 2967 1024 3037 judicii
1054 2967 1229 3023 socios
1254 2967 1432 3023 faciat.
1454 2967 1588 3022 Nam
1621 2984 1744 3024 cum
1767 2969 1990 3025 dixisset

403 3061 641 3115 Judicavi
661 3103 675 3126 ,
707 3060 884 3116 intulit
912 3077 926 3115 :
958 3060 1090 3115 Eum
1115 3061 1202 3132 qui
1225 3061 1560 3132 sic'operatus
1584 3070 1691 3128 est,
1719 3063 1774 3117 4.
1806 3063 1860 3116 in
1892 3079 1987 3117 no-

406 3157 540 3209 mine
575 3154 786 3210 Domini
821 3153 982 3209 nostri
1013 3152 1140 3208 Jesu
1174 3153 1382 3221 Christi,
1415 3155 1732 3224 congregatis
1767 3154 1904 3208 vobis
1943 3163 1989 3209 et

405 3264 516 3303 meo
558 3249 774 3318 spiritu,
815 3263 928 3300 cum
965 3250 1145 3301 virtute
1183 3246 1389 3302 Domini
1435 3247 1596 3301 nostri
1635 3246 1761 3301 Jesu
1801 3245 1989 3301 Christi

405 3343 458 3398 5.
490 3343 688 3396 tradere
716 3341 1008 3412 hujusmodi
1029 3343 1281 3394 hominem
1302 3349 1513 3394 solante.
1549 3340 1616 3394 Et
1643 3339 1770 3410 quid
1800 3348 1902 3404 est,
1923 3338 1990 3393 In

405 3433 608 3486 nomine
639 3431 842 3484 Domini
869 3431 1023 3484 nostri
1049 3429 1174 3484 Iesu
1200 3430 1388 3485 Christi
1410 3431 1436 3484 Ρ
1461 3428 1764 3485 Secundum
1797 3430 1986 3497 Deum,

405 3536 512 3575 non
552 3521 784 3576 humano
822 3522 1022 3576 detenti
1060 3520 1389 3590 praajudicio.
1439 3521 1664 3588 Quidam
1703 3530 1880 3576 autem
1909 3523 1988 3577 sic

405 3614 589 3683 legunt
620 3631 631 3665 :
663 3610 799 3677 Eum
836 3613 922 3682 qui
957 3613 1032 3667 sic
1068 3623 1306 3683 operatus
1344 3621 1418 3666 est
1455 3613 1508 3665 in
1547 3613 1747 3666 nomine
1780 3611 1990 3668 Domini

409 3705 568 3758 nostri
608 3703 732 3759 Jesu
776 3703 966 3758 Christi
987 3698 1076 3758 :et
1108 3714 1306 3773 puncto
1348 3703 1432 3758 hie
1473 3704 1717 3772 apposito
1749 3718 1843 3758 seu
1874 3705 1988 3758 vir-

406 3797 562 3867 gula,’
581 3797 666 3850 his
693 3797 867 3852 verbis
890 3788 1136 3866 pergunt,
1167 3795 1494 3867 Congregatis
1519 3797 1654 3851 vobis
1680 3805 1724 3850 et
1751 3814 1859 3850 meo
1884 3798 1992 3866 spi-

407 3889 508 3942 ritu
554 3888 751 3943 tradere
796 3889 1090 3960 hujusmodi
1138 3889 1388 3943 hominem
1434 3899 1644 3944 satanw.
1696 3889 1764 3944 Et
1805 3890 1990 3946 dieunt

407 3979 566 4050 hujus
596 3980 836 4035 lectionis
861 3969 1002 4034 hunc
1031 3994 1150 4036 esse
1170 3993 1383 4035 sensum
1411 3977 1430 4036 Ξ
1452 3980 1586 4034 Eum
1615 3981 1704 4050 qui
1737 3982 1838 4036 hoc
1861 3997 1991 4050 0pc-

407 4078 557 4125 ratus
587 4081 668 4126 est
697 4071 748 4124 in
781 4073 997 4126 nomine
1025 4071 1222 4126 Christi
1249 4113 1264 4138 ,
1299 4071 1489 4126 tradite
1519 4081 1754 4138 satame;
1789 4073 1837 4126 id
1867 4081 1947 4128 est
1969 4116 1983 4139 ,

409 4179 533 4218 eum
557 4163 646 4234 qui
673 4175 865 4218 nomen
893 4163 1092 4218 Christi
1128 4163 1446 4239 contumelia
1478 4162 1654 4218 atl‘eeit
1674 4206 1688 4229 ,
1721 4165 1810 4234 qui
1847 4174 1990 4234 post-

406 4270 568 4324 quam
597 4253 769 4310 ﬁdelis
799 4253 969 4309 factus
997 4263 1110 4320 est,
1140 4262 1194 4309 et
1219 4268 1512 4324 cognomen
1543 4257 1748 4324 accepit
1788 4257 1856 4310 ab
1897 4257 1988 4310 illo

409 4347 623 4401 nomine
646 4388 662 4412 ,
703 4346 823 4402 talia
863 4354 945 4401 est
987 4359 1184 4412 ausus,
1217 4344 1357 4400 inme
1387 4345 1580 4401 tradite
1611 4356 1830 4402 satanre.
1864 4347 1987 4401 Mihi

409 4449 586 4495 autem
625 4439 770 4508 prior
795 4438 954 4494 lectio
980 4438 1157 4493 verior
1183 4453 1304 4493 esse
1331 4438 1560 4494 videtur.
1603 4439 1856 4508 Quaenam
1900 4441 1986 4495 illa

408 4533 531 4588 est?
575 4531 643 4586 In
684 4533 885 4586 nomine
935 4530 1139 4586 Domini
1166 4535 1479 4604 congregatis
1526 4533 1700 4594 nobis:
1744 4533 1844 4587 hoc
1883 4543 1986 4599 est,

409 4626 539 4696 Ejus
565 4627 781 4681 nomine
798 4641 892 4681 vos
918 4635 1296 4696 congregante,
1321 4640 1418 4696 pro
1446 4641 1554 4695 quo
1575 4627 1889 4681 convenitis.
1920 4625 1989 4679 Et

406 4719 590 4788 spiritu
632 4735 762 4773 meo.
809 4717 1014 4773 Rursus
1053 4718 1288 4787 seipsum
1312 4731 1431 4772 cum
1461 4718 1565 4772 illis
1591 4719 1901 4780 constituit,
1931 4726 1991 4772 ut

409 4824 530 4864 cum
566 4809 921 4879 judicaveriut
943 4812 1093 4881 quasi
1125 4811 1241 4880 ipso
1268 4818 1536 4880 prmsente
1556 4852 1568 4870 .
1609 4809 1686 4864 sic
1714 4810 1861 4864 illum
1889 4811 1986 4864 ab-

409 4899 676 4968 scindant,
703 4912 758 4956 et
785 4917 944 4956 nemo
973 4903 1111 4957 ausit
1140 4901 1312 4970 ipsqu
1336 4902 1487 4955 venia
1518 4901 1735 4972 dignum
1767 4902 1984 4970 habere,

408 4992 586 5047 sciens
611 4991 726 5047 fore
753 5002 808 5046 ut
840 4993 1032 5048 Paulus
1067 4994 1199 5048 sciat
1225 5007 1288 5048 ea
1316 5007 1433 5063 qum
1460 4991 1597 5047 facta
1625 4992 1838 5048 fuerint.
1883 4994 1988 5050 De-

410 5081 535 5136 inde
559 5090 616 5136 ut
642 5096 753 5137 rem
782 5082 1034 5138 exhibeat
1064 5079 1474 5151 terribiliorem,
1513 5084 1588 5138 ait
1617 5101 1630 5138 :
1658 5084 1784 5138 Cum
1811 5086 1990 5140 virtute

408 5173 616 5229 Domini
642 5175 800 5228 nostri
833 5173 959 5228 Iesu
995 5174 1199 5230 Christi.
1231 5175 1285 5230 ld
1314 5185 1396 5231 est
1420 5216 1434 5240 ,
1463 5176 1546 5232 vel
1575 5176 1716 5247 quod
1742 5175 1988 5234 Christus

409 5265 577 5336 possit
611 5278 728 5320 eam
757 5265 908 5320 vobis
943 5267 1164 5335 gratiam
1200 5265 1330 5321 dare
1350 5308 1365 5332 ,
1395 5277 1452 5320 ut
1480 5269 1694 5337 possitis
1721 5283 1844 5324 eum
1873 5269 1987 5324 dia-

414 5356 536 5411 bolo
563 5355 807 5420 tradere;
837 5357 921 5411 vel
952 5355 1091 5427 quod
1120 5356 1233 5426 ipse
1258 5357 1529 5412 vobiscum
1552 5359 1754 5414 laturus
1778 5360 1847 5415 sit
1866 5377 1990 5417 sen-

413 5449 652 5503 tentiam.
682 5447 796 5503 Non
828 5448 962 5502 dixit
986 5457 1186 5513 autem,
1217 5448 1386 5518 ipsum
1413 5448 1610 5506 dedere
1633 5459 1861 5516 satauae;
1893 5452 1988 5508 sed

413 5536 651 5602 Tradere,
686 5540 786 5608 ipsi
815 5540 1061 5609 aperiens
1086 5541 1410 5610 paenitentia:
1439 5540 1610 5607 fores,
1640 5551 1696 5598 et
1721 5543 1818 5613 ipsi
1849 5553 1984 5598 tam-

406 5644 565 5700 quam
597 5629 898 5702 paedagogo
917 5631 1072 5686 talem
1103 5631 1373 5688 hominem
1406 5633 1642 5690 tradens.
1674 5637 1739 5690 Et
1766 5651 1983 5702 rursus,

409 5724 588 5790 talem,
621 5738 719 5780 nec
747 5739 969 5795 usquam
996 5725 1108 5780 vult
1132 5726 1279 5781 illum
1306 5741 1403 5783 suo
1433 5727 1648 5783 nomine
1677 5743 1889 5784 vocare.
1921 5727 1986 5782 In

403 5816 656 5871 interitum
687 5817 872 5873 carnis.
905 5817 1053 5875 Sicut
1080 5826 1134 5875 et
1163 5819 1214 5874 iu
1244 5817 1398 5875 beato
1420 5818 1518 5876 Job
1547 5817 1741 5874 factum
1763 5827 1863 5889 est,
1889 5819 1980 5876 sed

1139 363 1199 419 S.
1226 362 1505 420 JOANNIS
1539 359 2012 419 CHRYSOSTUMI
2035 357 2353 418 AHClllEl’.
2393 363 2923 431 CONSTANTINOP.

3559 378 3658 437 124

2082 493 2189 533 non
2217 479 2406 536 eadem
2435 481 2506 537 de
2529 497 2711 538 causa.
2759 483 2890 539 Nam
2931 484 3038 540 illic
3075 501 3172 556 pro
3210 489 3658 558 splendidioribus

2079 570 2317 637 coronis,
2351 572 2438 627 hic
2464 588 2559 641 pro
2587 585 2923 644 peccatorum
2951 577 3300 647 remissione;
3339 591 3399 637 ut
3433 583 3660 656 ﬂagellet

2081 678 2204 718 eum
2233 665 2374 720 malo
2403 666 2582 723 ulcere
2607 678 2700 724 aut
2727 670 2834 725 alio
2858 671 3069 727 morbo.
3113 674 3271 745 Atqui
3307 677 3435 732 alibi
3471 680 3546 732 ait
3575 697 3590 732 :
3617 682 3660 734 Α

2083 751 2304 810 Domino
2322 758 2622 826 judicamur
2645 760 2761 816 haec
2791 763 3075 831 patientes.
3109 765 3180 820 At
3207 768 3294 823 hic
3319 771 3488 840 magis
3513 771 3657 826 illum

2083 859 2321 915 pungere
2366 849 2595 916 volens,
2643 861 2845 908 satanas
2882 854 3066 910 tradit.
3111 857 3179 912 Et
3223 858 3327 914 hoc
3366 873 3513 916 certe
3555 864 3664 918 Deo

2084 935 2336 1004 placitum
2361 937 2478 1008 fuit,
2511 949 2567 996 ut
2590 944 2940 1014 castigaretur
2959 945 3076 1017 ejus
3095 963 3241 1004 caro.
3265 950 3399 1018 Quia
3424 953 3570 1008 enim
3597 970 3661 1010 ex

2084 1029 2300 1099 crapula
2327 1026 2612 1088 etdeliciis
2639 1036 2943 1092 carnalibus
2967 1041 3412 1111 concupiscentia
3432 1060 3663 1102 nascun-

2087 1128 2193 1186 tur,
2216 1135 2431 1178 carnem
2453 1125 2697 1196 caSIigat.
2733 1125 2802 1182 Ut
2827 1127 3054 1198 Spiritus
3081 1132 3250 1187 salvus
3278 1135 3342 1187 sit
3367 1136 3417 1188 in
3443 1136 3527 1190 die
3553 1135 3663 1190 Do-

2085 1211 2210 1266 mini
2247 1212 2394 1268 Iesu.
2441 1214 2499 1270 ld
2539 1226 2643 1284 est,
2683 1219 2860 1273 anima
2893 1238 2908 1273 :
2939 1236 3044 1276 non
3081 1224 3223 1293 quod
3255 1225 3341 1280 illa
3373 1227 3488 1282 sola
3518 1229 3665 1284 salva

2085 1305 2176 1370 sit,
2202 1306 2298 1361 sed
2325 1309 2476 1377 quasi
2509 1308 2561 1364 id
2586 1310 2644 1364 in
2670 1311 2919 1368 confesso
2940 1315 3031 1380 sit,
3055 1316 3196 1384 quod
3227 1317 3313 1371 illa
3349 1319 3514 1386 salva,
3543 1321 3662 1376 sine

2089 1397 2192 1450 ulla
2222 1400 2647 1459 contradictione
2667 1418 2864 1475 corpus
2883 1408 3070 1462 salutis
3095 1410 3360 1482 particeps
3381 1413 3504 1468 erit.
3531 1413 3666 1469 Nam

2089 1489 2315 1545 mortale
2345 1490 2542 1548 factum
2563 1503 2647 1550 est
2668 1505 2888 1566 prepter
2913 1499 3082 1564 ipsam
3103 1515 3221 1569 qua:
3246 1513 3591 1571 peccaverat;
3616 1516 3671 1561 et

2086 1579 2132 1632 si
2165 1579 2254 1634 illa
2278 1581 2539 1652 justitiam
2567 1589 2903 1654 exercuerit,
2943 1606 3128 1646 rursus
3169 1605 3223 1648 ct
3263 1609 3459 1664 corpus
3496 1598 3669 1666 ipsum

2089 1685 2280 1749 magna
2320 1674 2528 1731 fruetur
2565 1679 2752 1749 gloria.
2792 1680 3017 1748 Quidam
3052 1699 3182 1740 vero
3209 1687 3454 1756 spiritum
3487 1691 3673 1747 dicunt

2089 1777 2209 1818 esse
2249 1763 2511 1821 charisma
2561 1786 2656 1825 seu
2703 1771 2923 1838 donum,
2953 1775 3093 1843 quod
3135 1777 3290 1832 nobis
3329 1782 3672 1848 peccantibus

2089 1855 2462 1926 exstinguitur.
2486 1860 2565 1915 Ne
2585 1862 2742 1932 igitur
2764 1863 2865 1918 hoc
2886 1864 2998 1930 ﬁat,
3016 1866 3203 1938 inquit,
3226 1871 3494 1939 puniatur,
3519 1883 3578 1926 ut
3598 1875 3674 1928 sic

2091 1949 2280 2004 melior
2307 1951 2492 2019 factus,
2521 1954 2754 2010 attrahat
2780 1959 3026 2026 gratiam,
3059 1969 3113 2014 et
3140 1959 3438 2017 inveniatur
3466 1966 3671 2019 salvam

2092 2040 2261 2108 ipsam
2301 2043 2560 2100 exhibens
2601 2047 2653 2100 in
2694 2048 2786 2103 illo
2823 2049 2932 2104 die.
2974 2050 3157 2121 Itaque
3185 2054 3352 2125 magis
3376 2064 3461 2110 est
3485 2072 3673 2112 curam

2091 2134 2325 2201 gerentis
2353 2149 2416 2190 ac
2446 2137 2730 2206 medentis,
2773 2156 2931 2210 quam
2971 2145 3208 2198 secantis
3249 2147 3330 2200 vel
3377 2156 3584 2203 temere
3624 2160 3676 2203 et

2093 2224 2488 2284 inconsiderate
2539 2232 2828 2299 punientis.
2881 2233 3048 2302 Majus
3095 2239 3290 2306 quippe
3336 2237 3543 2293 lucrum
3595 2252 3677 2294 est

2095 2331 2252 2385 pteua
2284 2336 2296 2372 :
2327 2334 2448 2372 nam
2481 2320 2570 2375 illa
2600 2330 2942 2391 temporanea
2970 2337 3072 2389 εει,
3103 2325 3308 2380 lucrum
3334 2338 3510 2383 autem
3544 2345 3682 2400 per.-

2095 2417 2332 2476 petuum.
2363 2411 2472 2467 Nec
2501 2413 2813 2483 simpliciter
2835 2415 2987 2480 dixit,
3019 2417 3088 2472 Ut
3125 2420 3331 2489 spiritus
3372 2421 3542 2476 saluus
3578 2426 3680 2489 sit;

2094 2499 2191 2555 sed
2211 2543 2225 2568 ,
2256 2501 2323 2556 In
2351 2504 2441 2558 illo
2474 2505 2575 2560 die.
2609 2506 2782 2563 Probe
2807 2508 2914 2562 illis
2944 2519 2996 2564 et
3023 2522 3324 2581 opportune
3349 2514 3490 2569 diem
3523 2516 3678 2571 illum

2093 2609 2498 2667 commemorat,
2527 2609 2587 2655 ut
2613 2612 2667 2656 et
2695 2602 2794 2671 ipsi
2822 2605 3144 2674 promptiore
3163 2607 3343 2662 animo
3361 2608 3429 2663 ad
3454 2609 3579 2663 med
3588 2611 3682 2665 ici-

2095 2703 2217 2743 nam
2238 2689 2577 2758 accederent,
2601 2701 2656 2747 et
2681 2694 2769 2748 ille
2797 2695 2988 2752 melius
3014 2699 3327 2766 susciperet,
3358 2715 3461 2752 non
3497 2712 3554 2754 ut
3585 2703 3681 2755 ira:

2096 2780 2275 2848 verba,
2315 2782 2410 2836 sed
2456 2792 2512 2836 ut
2554 2784 2719 2854 patris
2755 2799 2936 2840 curam
2979 2788 3214 2856 gerentis
3262 2790 3679 2858 providentiam.

2095 2871 2220 2927 Ideo
2248 2875 2412 2938 enim,
2437 2874 2503 2930 In
2529 2877 2782 2931 interitum
2809 2880 2997 2944 carnis,
3025 2879 3199 2945 dixit;
3224 2880 3333 2951 jam
3361 2882 3577 2938 diabolo
3607 2885 3686 2939 le-

2093 2979 2188 3034 ges
2218 2981 2442 3035 ponens,
2471 2984 2571 3022 nec
2605 2972 2788 3024 siueus
2817 2970 2989 3040 ipsum
3027 2971 3251 3027 ulterius
3293 2975 3540 3044 progredi
3576 2994 3593 3027 :
3629 2985 3690 3031 ut

2094 3057 2162 3111 de
2200 3057 2336 3112 Jobo
2376 3059 2586 3114 dicebat
2627 3061 2880 3115 Dominus
2900 3103 2917 3129 ,
2952 3060 3196 3118 Ca'terum
3223 3066 3445 3118 animam
3476 3068 3593 3126 eius
3624 3084 3690 3122 ne

2097 3159 2275 3221 tangas
2307 3151 2444 3213 (Job.
2466 3153 2519 3205 2.
2547 3154 2626 3223 (ο).

2167 3243 2220 3296 5.
2248 3241 2450 3297 Deinde
2479 3259 2600 3298 cum
2627 3245 2946 3299 sententiam
2973 3246 3291 3302 abstisset
3317 3257 3372 3302 et
3397 3263 3518 3304 eam
3541 3267 3686 3320 pau-

2095 3332 2174 3387 cis
2209 3332 2434 3389 dixisset
2460 3349 2560 3390 nec
2584 3336 2900 3392 immoratus
2926 3346 3072 3393 esset
3092 3381 3106 3401 ,
3135 3354 3320 3394 rursus
3351 3341 3687 3410 increpatio-

2097 3439 2218 3478 nem
2249 3424 2471 3491 inducit,
2501 3427 2623 3482 illos
2651 3428 2930 3499 alloquens
2960 3449 2973 3483 :
3005 3432 3059 3486 6.
3091 3430 3212 3485 Non
3232 3432 3362 3486 bona
3389 3444 3460 3486 est
3487 3435 3690 3504 gloria-

2095 3517 2164 3570 tio
2185 3526 2386 3580 vestra;
2415 3518 2703 3574 ostendens
2732 3520 2853 3575 illos
2880 3521 2946 3575 ad
2972 3522 3108 3576 istud
3138 3539 3305 3594 usque
3335 3534 3543 3593 tempus
3569 3542 3685 3580 non

2097 3608 2286 3663 sivisse
2316 3623 2437 3664 eum
2471 3611 2734 3679 poenitere
2758 3653 2774 3672 ,
2804 3611 2873 3666 de
2904 3612 2994 3667 illo
3017 3614 3325 3683 gloriantes.
3360 3615 3559 3670 Deinde
3585 3618 3686 3673 de-

2095 3699 2265 3753 clarat
2290 3713 2350 3754 se
2375 3713 2480 3753 non
2513 3700 2586 3754 illi
2616 3700 2774 3755 modo
2802 3711 3107 3770 parcentem
3138 3705 3238 3758 hoc
3267 3705 3474 3771 facere,
3503 3708 3604 3760 sed
3633 3716 3689 3761 et

2098 3789 2226 3858 ipsis
2268 3806 2281 3842 :
2323 3789 2550 3860 ideoque
2596 3791 2869 3862 subjuugit
2917 3809 2932 3846 :
2979 3792 3203 3848 Nescitis
3245 3797 3379 3864 quod
3425 3798 3690 3851 modicum

2097 3880 2398 3949 fermentum
2429 3890 2585 3936 totam
2607 3899 2827 3936 massam
2852 3885 3172 3955 corrumpit?
3195 3885 3343 3940 Licet
3369 3887 3509 3940 enim
3537 3887 3689 3942 illius

2096 3971 2160 4026 sit
2186 3981 2480 4041 peccatum,
2501 3974 2693 4043 inquit,
2714 3975 2806 4028 sed
2830 3975 3124 4046 neglectum
3152 3987 3325 4047 potest
3343 3987 3396 4033 et
3417 3978 3690 4048 reliquum

2098 4063 2352 4118 Ecclesia:
2388 4079 2585 4134 corpus
2613 4079 2982 4136 corrumpere.
3009 4067 3140 4122 Cum
3169 4069 3310 4121 enim
3341 4069 3386 4122 is
3413 4071 3500 4137 qui
3535 4071 3692 4137 prior

2097 4156 2339 4224 peccavit
2375 4171 2479 4210 non
2509 4155 2656 4211 dedit
2689 4172 2908 4226 poenas,
2943 4159 3049 4212 cito
3071 4168 3125 4214 et
3149 4159 3236 4213 alii
3267 4160 3454 4214 eadem
3482 4176 3691 4230 perpe-

2099 4249 2332 4302 trulnmt.
2363 4249 2488 4304 lltcc
2513 4259 2689 4305 autem
2719 4250 2880 4314 dicit,
2911 4251 3200 4307 ostendens
3230 4267 3326 4321 pro
3357 4262 3463 4306 tota
3491 4252 3692 4308 Eccle-

2095 4342 2193 4407 sia,
2221 4359 2324 4396 non
2355 4358 2450 4412 pro
2479 4358 2583 4396 uno
2612 4344 2710 4399 sibi
2739 4353 3009 4399 certamen
3039 4353 3093 4399 et
3119 4347 3410 4415 periculum
3442 4347 3645 4403 adesse
3669 4368 3685 4406 :

2097 4449 2262 4501 quare
2289 4433 2535 4490 fermeull
2565 4436 2913 4491 similitudine
2947 4452 3083 4507 Opus
3119 4438 3319 4492 habuit.
3361 4438 3508 4494 Sicut
3533 4443 3690 4497 enim

2098 4524 2441 4591 fermentum,
2473 4527 2660 4596 inquit,
2692 4542 2812 4581 cum
2844 4527 3108 4582 modicum
3135 4529 3224 4593 sit,
3255 4538 3416 4584 totam
3445 4546 3691 4587 massam

2099 4617 2149 4671 in
2180 4633 2238 4672 se
2269 4627 2613 4682 transmutat;
2657 4621 2726 4673 ita
2754 4631 2808 4675 et
2837 4621 2954 4687 hic,
2995 4621 3041 4675 si
3070 4622 3358 4691 impunitus
3384 4634 3605 4679 maneat
3635 4638 3691 4682 et

2097 4707 2322 4762 multum
2351 4709 2420 4764 sit
2449 4719 2748 4778 peceatum,
2781 4721 3006 4766 cancros
3032 4723 3356 4782 corrumpet.
3389 4714 3441 4769 7.
3475 4715 3695 4784 Expur-

2097 4809 2209 4870 gate
2232 4810 2370 4854 uetus
2399 4805 2716 4872 feruientum.
2762 4802 2816 4856 ld
2862 4811 2962 4867 est,
3006 4803 3146 4859 hunc
3189 4803 3524 4874 improbum;
3570 4807 3693 4863 iino

2097 4893 2274 4961 potius
2300 4908 2408 4948 non
2439 4892 2506 4948 de
2534 4894 2635 4949 hoc
2666 4902 2867 4948 tantum
2895 4895 3156 4963 loquitur,
3188 4895 3284 4950 sed
3305 4906 3357 4950 et
3382 4897 3521 4951 alios
3548 4900 3692 4952 sub-

2097 4985 2314 5041 iudicat.
2343 4986 2454 5041 Non
2477 4986 2619 5058 enim
2646 4985 2928 5041 fornicatio
2959 4993 3159 5041 tantum
3178 4997 3330 5042 vetus
3357 4987 3691 5043 ferntentum

2097 5087 2200 5146 est,
2230 5078 2322 5134 sed
2359 5087 2415 5134 et
2446 5079 2621 5133 omnis
2662 5079 2918 5148 nequitia.
2962 5079 3071 5134 Nec
3107 5078 3260 5144 dixit,
3301 5079 3550 5150 Purgate,
3585 5083 3693 5137 sed

2099 5171 2426 5240 Expurgate;
2453 5186 2574 5225 cum
2597 5170 2934 5226 accuratione
2957 5181 3264 5242 purgate,ut
3285 5185 3384 5226 nec
3405 5173 3694 5229 residuum

2099 5280 2198 5320 nec
2239 5260 2423 5318 umbra
2464 5264 2586 5318 talis
2624 5264 2702 5318 rei
2740 5273 2972 5329 maneat.
2998 5264 3130 5319 Cum
3153 5264 3446 5334 dicitcrgo,
3474 5262 3693 5333 Expur-

2097 5366 2210 5426 gate
2229 5398 2244 5420 ,
2277 5355 2512 5410 ostendit
2545 5355 2720 5410 adhuc
2747 5357 3034 5426 nequitiam
3062 5354 3202 5424 apud
3230 5354 3352 5408 illos
3376 5369 3530 5418 esse;
3556 5371 3695 5412 eum

2097 5458 2274 5504 autem
2300 5448 2446 5512 dicit,
2477 5447 2542 5502 Ut
2567 5449 2678 5502 sitis
2705 5465 2832 5502 nova
2854 5448 3162 5518 conspersio,
3186 5447 3315 5500 sicut
3333 5446 3448 5499 estis
3475 5449 3654 5518 asgmi
3676 5461 3698 5505 :

2097 5542 2334 5597 declarat
2371 5552 2426 5597 et
2466 5542 2698 5607 indicat,
2731 5543 2935 5596 nou‘ita
2965 5541 3147 5596 multis
3171 5539 3356 5594 vitium
3387 5539 3694 5598 dominari.

2094 5637 2149 5691 Si
2191 5650 2319 5690 vero
2365 5635 2528 5700 dicat,
2579 5635 2728 5690 Sicut
2774 5639 2892 5690 estis
2929 5635 3130 5706 asgmi;
3179 5649 3284 5689 non
3329 5635 3396 5688 ita
3444 5634 3699 5704 loquitur

2096 5728 2246 5799 quasi
2275 5743 2460 5783 omnes
2487 5728 2602 5798 puri
2633 5737 2835 5793 essent,
2867 5727 2962 5784 sed
3000 5735 3057 5782 ut
3099 5727 3257 5782 decet
3287 5740 3382 5780 vos
3406 5741 3548 5781 esse.
3588 5727 3696 5780 Et-

2099 5821 2228 5875 enim
2259 5820 2445 5891 pascha
2473 5829 2698 5876 nostrum
2727 5839 2818 5893 pro
2846 5820 2985 5876 nobis
3010 5821 3297 5875 immolatus
3323 5828 3394 5872 est
3422 5815 3695 5873 Christus.
