3838 6214
190 292 280 354 ηε

178 411 225 464 8.
250 404 417 472 Itaque
440 403 621 470 festum
647 395 985 462 celebremus,
1023 408 1125 448 non
1163 392 1219 446 in
1258 394 1500 460 fermento
1535 385 1722 450 ueteri,

177 509 312 564 neque
350 492 402 544 in
447 494 691 560 fermento
734 486 942 540 malitia
965 493 1015 538 et
1042 483 1309 552 nequitia,
1349 483 1434 535 sed
1456 478 1510 533 in
1536 477 1732 546 azymis

175 582 449 641 sinceritatis
485 589 533 632 et
571 577 808 632 ueritatis.
857 575 946 630 Sic
987 574 1232 630 Christus
1278 571 1596 628 fermentum
1635 567 1736 623 do-

177 679 378 736 ctrinam
403 673 626 726 vocavit.
657 670 774 736 Ipse
799 677 976 722 autem
1002 666 1054 720 in
1077 663 1387 734 metaphora
1413 670 1612 726 (narret,
1641 673 1732 715 ve-

177 783 324 824 terem
354 765 627 819 historiam
659 761 785 830 ipsis
807 761 860 814 in
889 758 1199 812 memoriam
1224 769 1500 817 revocans,
1524 766 1730 810 necnon

175 859 352 935 pascha
376 867 432 912 et
456 869 641 926 azyma
673 863 728 906 et
752 851 1031 912 beneﬁcia,
1055 863 1175 918 qua:
1204 857 1328 902 tunc
1352 855 1407 901 et
1440 859 1556 915 qum
1589 857 1732 900 nunc

174 954 348 1010 collata
373 958 516 1013 sunt.
544 956 602 1002 et
623 945 879 1015 supplicia
909 955 1196 1014 pruinasque
1227 940 1506 1010 irrogatas.

238 1041 532 1100 Christianis
559 1055 706 1093 antae
733 1049 926 1106 tempus
955 1035 1063 1090 dies
1085 1038 1242 1104 [estus
1262 1041 1441 1086 eat.—-—
1461 1031 1556 1086 Est
1591 1043 1721 1099 ergo

174 1135 268 1191 diei
301 1132 420 1188 festi
465 1143 701 1200 presens
738 1137 967 1195 tempus.
1013 1125 1144 1179 Cum
1175 1122 1319 1178 enim
1342 1122 1497 1186 dixit,
1531 1119 1738 1174 Festum

182 1225 502 1288 celebremus;
530 1237 638 1274 non
663 1220 803 1290 quod
835 1219 1068 1280 Pascha,
1096 1233 1203 1272 non
1249 1214 1390 1286 quod
1424 1216 1738 1270 Pentecoste

175 1317 393 1378 adesset,
439 1314 539 1367 hoc
586 1311 818 1375 dicebat,
856 1308 951 1365 sed
1001 1310 1292 1362 ostendens
1339 1316 1551 1374 tempus
1577 1319 1738 1360 omne

175 1407 269 1462 diei
291 1405 408 1459 festi
439 1413 646 1470 tempus
667 1416 790 1455 esse
822 1398 1167 1464 Christianis,
1193 1398 1263 1453 ob
1295 1397 1593 1452 ubertatem
1623 1393 1736 1448 col-

175 1498 394 1551 laturum
426 1493 710 1547 bonorum.
742 1490 873 1545 Nam
915 1489 1059 1560 quod
1105 1489 1304 1545 bonum
1346 1503 1452 1542 non
1481 1487 1689 1542 exstitit
1715 1486 1739 1541 ἲ

177 1587 329 1645 Filius
365 1584 458 1639 Dei
502 1583 665 1637 homo
711 1583 884 1636 factus
921 1591 1006 1636 est
1037 1590 1257 1650 propter
1289 1588 1380 1644 te;
1425 1589 1476 1635 te
1506 1595 1536 1634 a
1569 1587 1742 1633 morte

176 1679 432 1743 liberavit,
460 1677 530 1731 ad
557 1692 780 1746 regnum
812 1675 1040 1730 vocavit.
1081 1674 1159 1728 Tu
1189 1688 1319 1743 ergo
1339 1673 1427 1742 qui
1461 1672 1584 1727 talia
1610 1685 1743 1726 con-

174 1783 423 1844 sequutus
444 1786 508 1827 os
524 1779 581 1824 et
604 1769 974 1840 etinsequeris,
1001 1766 1270 1837 quomodo
1298 1781 1404 1820 non
1433 1764 1632 1820 debeas
1650 1779 1746 1833 per

177 1877 340 1921 totam
383 1863 548 1918 vitam
573 1859 768 1916 festum
796 1858 996 1928 agere?
1041 1857 1211 1912 Nemo
1256 1857 1439 1926 itaque
1475 1856 1548 1910 sit
1577 1853 1745 1910 tristis

176 1967 391 2029 propter
442 1965 812 2026 paupertatem
854 1955 941 2009 vel
971 1953 1214 2008 morbum
1252 1951 1338 2006 vel
1367 1949 1588 2005 insidias
1611 1966 1624 2001 ε
1646 1962 1746 2002 no-

173 2061 335 2103 strum
364 2049 511 2104 enim
567 2057 777 2117 tempus
821 2054 990 2100 totum
1032 2053 1117 2100 est
1151 2041 1476 2098 festivitatis.
1523 2039 1648 2095 Ideo
1672 2039 1749 2094 ait

176 2142 366 2196 Paulus
392 2158 406 2193 :
439 2139 666 2195 Gaudete
701 2141 755 2192 in
778 2137 1002 2191 Domino
1027 2175 1042 2200 ,
1084 2134 1302 2205 gaudete
1325 2150 1344 2199 ,°
1381 2136 1562 2187 iterum
1586 2131 1703 2183 dico
1727 2170 1744 2197 ,

173 2234 383 2302 gaudete
403 2231 666 2300 (Philipp.
697 2230 750 2284 4.
778 2227 939 2297 4).ιιι
969 2226 1123 2280 festis
1156 2238 1312 2279 nemo
1341 2221 1570 2276 sordidis
1591 2220 1749 2275 indu-

176 2332 258 2376 tus
283 2332 366 2376 est
397 2321 654 2386 vestibus,
687 2334 862 2388 neque
907 2331 1007 2372 nos
1036 2316 1197 2371 etiam
1231 2333 1245 2370 :
1274 2313 1473 2383 nuptiae
1497 2311 1642 2368 enim
1671 2312 1750 2365 t'a-

176 2423 272 2466 cur.
298 2422 448 2478 sunt,
474 2412 670 2482 nuptiae
703 2409 1029 2480 spirituaICS.
1063 2406 1418 2470 Sintiteenim,
1443 2403 1632 2473 inquit,
1665 2405 1751 2472 {a-

174 2516 308 2557 ctum
347 2513 419 2556 est
449 2518 660 2573 regnum
702 2500 945 2557 oculorum
969 2498 1160 2553 homini
1187 2500 1329 2568 regi,
1354 2496 1438 2566 qui
1469 2493 1626 2549 voluit
1653 2508 1750 2545 nu-

176 2597 304 2667 ptias
333 2594 643 2666 [τίσετε-βίω
661 2610 752 2648 suo
779 2591 994 2663 (Matth.
1017 2589 1106 2647 22.
1136 2588 1214 2659 2).
1243 2587 1344 2644 Ubi
1371 2601 1497 2642 vero
1526 2600 1620 2640 rex
1651 2599 1754 2639 nu-

174 2699 312 2764 ptius
343 2686 472 2740 facit
499 2695 554 2739 et
579 2685 795 2754 nuptias
807 2683 916 2738 lilio
939 2696 1060 2747 suo,
1079 2678 1206 2751 quid
1228 2679 1398 2748 majus
1426 2676 1588 2732 fuerit
1613 2676 1751 2732 festo

176 2779 312 2835 illo?
339 2779 517 2833 Nemo
543 2778 721 2852 itaque
763 2776 956 2847 pannis
1000 2774 1192 2829 laceris
1235 2772 1452 2828 indutus
1500 2771 1750 2826 introeat.

175 2869 291 2930 Non
321 2871 391 2926 de
418 2869 752 2925 vestimentis
778 2867 934 2923 nobis
963 2880 1144 2922 sermo
1168 2872 1253 2920 est
1275 2905 1290 2929 ,
1319 2863 1413 2920 sed
1445 2862 1516 2918 de
1547 2861 1760 2918 actibus

178 2963 430 3032 impuris.
456 2960 512 3016 Si
540 2961 684 3015 enim
708 2974 829 3014 cum
847 2972 1036 3015 omnes
1057 2955 1356 3026 splendidis
1383 2953 1554 3009 induti
1582 2960 1764 3008 essent

176 3053 448 3120 vestibus,
472 3067 615 3108 unus
640 3052 786 3106 solus
816 3051 868 3104 in
899 3048 1096 3118 nuptiis
1128 3059 1395 3117 repertus,
1425 3045 1615 3102 laceris
1633 3059 1766 3114 pan-

176 3149 262 3205 lis
324 3148 574 3212 vestitus,
629 3147 873 3216 abjectus
925 3145 1022 3200 fuit
1066 3161 1187 3201 cum
1218 3143 1537 3215 ignominia;
1587 3141 1763 3211 cogita

175 3247 438 3308 quautam
471 3236 712 3308 requirat
729 3236 1121 3296 observantia
1147 3245 1203 3291 et
1229 3235 1514 3306 puritatem
1547 3234 1759 3302 ingres-

176 3342 272 3384 sus
294 3329 350 3382 in
372 3329 588 3398 nuptias
605 3327 745 3384 illas.
765 3326 880 3382 Non
899 3327 1020 3384 ideo
1037 3336 1214 3382 autem
1233 3333 1435 3380 tantum
1459 3323 1563 3380 illis
1583 3335 1770 3394 azyma

175 3429 610 3484 commemorat;
632 3420 726 3474 sed
748 3418 1040 3477 ostendens
1063 3417 1270 3473 Veteris
1288 3413 1622 3472 Testatneuti
1640 3427 1769 3468 eum

1197 277 1266 337 IN
1300 274 1515 335 EPIST.
1553 271 1578 329 Ι
1638 269 1734 327 ΔΙ)
1767 265 1920 326 σιω.
1963 268 2194 326 ιιοωι.
2233 267 2351 326 XV.

1838 386 2012 455 deque
2039 384 2326 456 Egyptnm
2356 404 2372 442 :
2401 399 2500 456 ego
2523 399 2652 440 vero
2693 387 2868 444 dicam
2920 399 2975 446 et
3019 391 3147 462 quid
3197 395 3418 466 sanguis

1834 481 2120 553 signiﬁcet,
2149 479 2274 548 quid
2301 494 2546 551 vespera,
2575 483 2703 551 quid
2730 498 2917 541 omnes
2943 488 3231 546 comedere
3255 491 3416 548 simul

1836 590 2133 643 omnesque
2159 582 2383 627 stantes.

1905 673 1960 725 4.
2007 670 2163 724 Prius
2211 680 2388 724 autem
2441 670 2680 726 dicamus
2730 689 2826 730 cur
2850 693 2914 732 ex
2943 679 3190 735 omnibus
3219 679 3416 736 ﬁnibus

1835 760 2079 829 ejiciatur
2117 759 2773 828 fermentum-Quodnam
2827 782 2956 838 ergo
3007 780 3090 824 est
3139 771 3420 840 aenigma?

1837 850 1992 905 Omni
2021 852 2254 921 nequitia
2298 852 2524 907 liberum
2553 865 2608 908 et
2631 858 2869 913 solutum
2897 871 3113 930 oportet
3133 878 3256 918 esse
3283 862 3417 917 fido-

1839 942 1964 996 leni.
1993 943 2144 998 Sicut
2165 943 2309 1000 enim
2337 944 2428 1000 ille
2457 946 2614 1014 perit,
2640 948 2779 1016 apud
2807 966 2965 1020 quem
2992 953 3268 1009 inventum
3297 954 3418 1012 fue-

1839 1033 1910 1089 rit
1937 1034 2422 1090 vetusferrnentum
2451 1039 2565 1094 :sic
2589 1048 2646 1092 et
2667 1041 2806 1106 apud
2838 1056 2937 1098 nos
2967 1044 3052 1099 ubi
3074 1046 3285 1101 iuventa
3311 1047 3419 1103 fue-

1839 1123 1912 1178 rit
1939 1125 2195 1195 nequitia.
2225 1125 2338 1180 Non
2361 1129 2506 1182 enim
2537 1130 2588 1183 in
2617 1131 2804 1186 umbra
2833 1142 2976 1188 tanta
2995 1135 3150 1190 fuerit
3181 1138 3422 1207 punitio;

1840 1217 1978 1285 apud
2009 1232 2106 1271 nos
2129 1229 2308 1273 autem
2337 1235 2442 1275 non
2473 1223 2638 1278 multo
2666 1225 2856 1296 major.
2886 1226 3016 1281 Nam
3045 1230 3088 1282 si
3115 1230 3304 1286 domos
3340 1235 3423 1290 sio

1843 1319 2142 1376 expurgant
2171 1324 2202 1362 a
2258 1310 2544 1380 fermento,
2577 1317 2723 1372 etde
2769 1322 3002 1377 murium
3057 1324 3411 1382 foraminibus

1844 1406 1970 1452 sunt
1992 1399 2230 1464 solliciti,
2275 1402 2445 1458 multo
2474 1407 2642 1475 magis
2669 1423 2768 1464 nos
2812 1411 3045 1469 animam
3092 1419 3420 1485 perscrutari

1844 1497 2092 1555 oportet,
2121 1496 2177 1542 ut
2205 1504 2416 1546 omnem
2437 1494 2696 1564 impuram
2725 1499 3001 1568 ejiciamus
3022 1506 3422 1576 cogitationem.

1844 1578 2041 1634 Verum
2067 1580 2174 1636 hoc
2197 1584 2337 1654 apud
2361 1586 2479 1641 illos
2508 1604 2677 1659 nuper
2702 1589 2900 1649 factum
2921 1606 3002 1650 est
3025 1613 3041 1662 ;
3073 1615 3217 1657 nunc
3243 1611 3424 1658 autem

1847 1687 1954 1725 non
1983 1673 2216 1742 amplius
2249 1692 2262 1728 :
2294 1676 2494 1745 ubique
2532 1680 2676 1734 enim
2719 1681 3039 1741 fermentum
3082 1699 3185 1754 cst,
3217 1692 3307 1746 ubi
3333 1704 3420 1750 est

1847 1761 2082 1818 Iudaeus.
2129 1764 2186 1819 In
2216 1766 2410 1822 mediis
2432 1769 2576 1822 enim
2607 1771 2914 1829 civitatibus
2953 1777 3085 1833 fiunt
3110 1795 3294 1852 azyma
3327 1800 3342 1837 :
3372 1783 3428 1840 id

1848 1853 1990 1923 quod
2009 1855 2118 1924 jam
2150 1859 2317 1928 magis
2346 1858 2545 1915 ludicra
2571 1876 2662 1916 res
2687 1872 2786 1928 est,
2822 1881 2980 1936 quam
3004 1869 3108 1925 lex.
3128 1871 3259 1939 Quia
3282 1875 3429 1931 enim

1854 1946 1996 2035 venit
2021 1948 2237 2014 veritas,
2262 1964 2366 2004 non
2390 1951 2527 2006 ultra
2545 1953 2732 2008 locum
2758 1955 2957 2012 habent
2983 1961 3113 2030 typi.
3139 1961 3319 2032 Itaque
3335 1980 3432 2035 per

1853 2033 1955 2092 hoc
1978 2052 2195 2108 quoque
2221 2042 2526 2110 exemplum
2576 2045 2809 2101 maxime
2855 2048 3003 2116 ejicit
3057 2065 3124 2106 ex
3180 2033 3430 2112 Ecclesia

1853 2130 2257 2187 fornicatorem.
2307 2133 2440 2188 “Non
2486 2135 2660 2190 solum
2712 2139 2859 2193 enim
2885 2180 2902 2206 ,
2945 2142 3141 2212 inquit,
3181 2159 3424 2213 prmsens

1856 2220 1987 2274 nihil
2021 2222 2280 2291 prodest,
2321 2224 2420 2278 sed
2464 2225 2624 2280 etiam
2673 2238 2830 2284 nocet
2855 2270 2870 2296 ,
2908 2244 3190 2290 commune
3237 2251 3434 2306 corpus

1856 2309 2052 2366 deinde
2099 2327 2472 2384 corrumpens.
2516 2316 2694 2371 Nescit
2719 2321 2862 2373 enim
2899 2322 3074 2390 quivis
3097 2325 3241 2380 unde
3273 2326 3434 2383 ftetor

1856 2404 2080 2469 oriatur,
2103 2405 2149 2459 si
2178 2409 2444 2461 occultu
2468 2408 2535 2462 sit
2560 2408 2610 2463 id
2627 2411 2770 2480 quod
2791 2423 2874 2468 est
2896 2415 3188 2484 putridum,
3215 2419 3310 2475 sed
3337 2421 3436 2476 toti

1857 2497 2018 2550 coetui
2047 2496 2195 2551 illum
2229 2498 2476 2567 imputat.
2512 2499 2639 2556 ldeo
2663 2501 2783 2556 illos
2811 2504 2964 2560 valde
2993 2519 3144 2578 urget
3167 2517 3436 2580 utexpur-

1858 2595 1985 2656 gent
2030 2585 2392 2644 fermentum:
2419 2589 2487 2644 Ut
2533 2591 2642 2645 sitis
2665 2632 2680 2658 ,
2715 2593 2907 2664 inquit,
2937 2612 3068 2651 nova
3103 2602 3394 2670 ronsperaio
3416 2645 3434 2670 ,

1860 2677 1991 2731 sicut
2031 2678 2150 2731 estis
2201 2679 2370 2749 azymi
2395 2695 2415 2732 :
2443 2681 2624 2734 etatiut
2655 2679 2858 2737 Pascha
2884 2696 3112 2740 nostrum
3145 2690 3444 2746 immolatus

1865 2786 1956 2838 pro
1984 2769 2127 2824 nobis
2173 2779 2244 2825 est
2275 2769 2526 2826 Christus.
2559 2772 2675 2828 Non
2717 2773 2890 2842 dixit,
2921 2777 3163 2835 Mortuus
3181 2790 3306 2848 est;
3339 2784 3438 2839 sed

1865 2862 2138 2931 proposito
2181 2863 2619 2929 convenientius,
2675 2863 2978 2922 lmmotatus
2998 2879 3091 2927 est.
3137 2871 3216 2927 Ne
3260 2888 3446 2944 qurere

1866 2952 2029 3021 igitur
2057 2967 2244 3024 azyma
2288 2953 2594 3022 huiusmodi
2625 2997 2640 3022 ,
2672 2959 2794 3026 quia
2825 2974 3000 3030 neque
3049 2976 3241 3031 agnum
3273 2965 3444 3020 habes

1869 3043 2026 3099 talem
2050 3060 2067 3096 :
2089 3058 2157 3098 ne
2182 3059 2390 3114 quresz
2410 3044 2726 3102 fermentum
2747 3048 2872 3112 tale,
2890 3051 3014 3119 quia
3031 3066 3216 3124 azyma
3235 3063 3444 3112 tuauou

1873 3133 1995 3189 talia
2043 3143 2188 3190 sunt.
2231 3133 2288 3189 lu
2334 3136 2575 3192 sensibili
2627 3138 2843 3208 quidem
2879 3139 3145 3198 femnento
3195 3161 3444 3217 azyutum

1872 3223 1988 3282 ﬁeri
2023 3234 2200 3295 potest
2228 3226 2649 3295 fermentatum;
2691 3229 3069 3288 fermentatum
3121 3251 3252 3291 vero
3295 3255 3451 3293 mun-

1869 3330 2030 3387 quam
2053 3319 2226 3388 possit
2252 3319 2367 3375 ﬁeri
2388 3335 2634 3392 azymon:
2667 3339 2682 3376 :
2712 3323 2800 3379 hic
2816 3334 2996 3380 autem
3018 3331 3346 3387 contrarium
3373 3348 3455 3394 re-

1873 3410 2077 3481 peritur
2099 3427 2115 3476 ;
2139 3411 2241 3468 sed
2268 3419 2450 3467 amen
2477 3413 2583 3467 hoc
2613 3430 2719 3468 non
2751 3415 3024 3475 indicavit.

176 3508 334 3568 Novo
360 3511 765 3580 cognationem.
792 3510 1283 3578 demessis-aesque
1324 3520 1432 3561 non
1452 3505 1616 3562 licere
1648 3511 1772 3575 post

176 3618 377 3677 azyma
423 3604 484 3657 in
513 3602 801 3674 Egyptum
838 3602 1080 3674 ingredi;
1111 3601 1205 3656 sed
1231 3600 1276 3655 si
1303 3599 1426 3669 quis
1443 3597 1642 3653 reverti
1677 3609 1775 3651 vo-

181 3695 374 3760 luerit,
401 3695 592 3750 eadem
619 3709 901 3765 passurum
931 3708 1052 3748 esse
1080 3707 1199 3763 qua:
1229 3691 1306 3745 illi
1331 3710 1345 3747 :
1372 3689 1462 3744 illa
1492 3689 1632 3744 enim
1660 3702 1776 3742 utn-

177 3784 279 3842 bna
305 3786 509 3840 horum
530 3794 689 3839 erant
707 3823 723 3850 ,
749 3784 956 3840 αἰδηδὶ
983 3781 1262 3852 impudens
1289 3781 1360 3837 sit
1378 3778 1616 3836 Judtrus.
1637 3778 1780 3844 Qua-

178 3886 422 3950 propter
449 3876 498 3931 si
542 3876 954 3946 interrogaveris
977 3889 1124 3938 omn,
1155 3872 1289 3928 nihil
1315 3885 1568 3941 magnum
1595 3869 1776 3934 dicet;

177 3966 296 4024 imo
338 3982 596 4038 magnum
647 3965 915 4036 quidpiam
961 3964 1124 4028 dicet,
1171 3961 1272 4018 sed
1301 3960 1433 4017 nihil
1464 3959 1592 4025 tale,
1623 3957 1782 4028 quale

179 4076 326 4126 nos,
353 4059 493 4130 quia
523 4061 799 4113 veritatem
821 4072 933 4112 non
977 4055 1148 4113 novit.
1191 4053 1286 4110 Ille
1334 4067 1565 4125 namque
1613 4051 1779 4121 dicet,

179 4154 330 4226 quod
362 4169 431 4209 se
451 4153 752 4208 detinentes
775 4150 1057 4223 Egnatios
1078 4149 1151 4203 ita
1172 4147 1396 4204 mutavit
1426 4147 1590 4212 Deus,
1608 4153 1667 4200 ut
1681 4143 1784 4216 ipsi

178 4261 287 4304 nos
309 4245 667 4316 depellerent
689 4284 706 4311 ,
737 4259 872 4314 quos
896 4251 1054 4297 antea
1078 4241 1130 4295 vi
1155 4239 1488 4305 detinebant,
1531 4253 1634 4294 nec
1662 4253 1786 4309 per-

180 4340 467 4395 miserant
488 4352 587 4392 nos
604 4351 836 4391 massam
862 4335 1204 4405 fermentare.
1226 4331 1336 4390 Sed
1360 4330 1407 4387 si
1436 4331 1556 4401 quis
1567 4346 1660 4387 me
1695 4331 1787 4386 in-

181 4439 466 4500 terroget,
493 4443 604 4483 nou
629 4427 918 4498 AEgyptum
949 4425 1150 4491 audiet,
1171 4439 1278 4478 non
1302 4421 1659 4488 Pharaonem,
1691 4419 1788 4479 sed

183 4521 516 4578 libertatem
554 4520 623 4575 ab
663 4534 854 4575 errore
883 4518 1192 4573 daamonum
1227 4525 1285 4572 et
1331 4530 1367 4570 a
1405 4514 1646 4571 tenebris
1681 4513 1793 4570 dia-

185 4614 302 4668 boli
331 4631 350 4680 ;
400 4627 513 4667 non
537 4611 795 4682 Moysem,
821 4609 916 4664 sed
947 4608 1042 4664 Dei
1068 4608 1262 4664 Filium
1287 4624 1304 4673 ;
1334 4623 1442 4665 non
1488 4621 1638 4662 mare
1676 4607 1793 4662 Ru-

176 4705 357 4760 brum
385 4744 406 4771 ,
438 4703 538 4758 sed
586 4702 850 4770 baptisma
901 4700 1195 4757 innumeris
1241 4699 1456 4768 plenum
1488 4699 1665 4763 bonis,
1702 4698 1794 4755 ubi

182 4806 356 4851 retus
387 4795 558 4849 homo
578 4791 872 4847 suﬁ‘ocatus
899 4800 1003 4846 est.
1032 4791 1243 4847 Rursus
1273 4791 1319 4848 si
1352 4790 1596 4847 Judaeum
1625 4790 1796 4848 inter.

179 4901 390 4957 roges,
429 4900 525 4939 cur
553 4900 620 4939 ex
652 4883 918 4937 omnibus
972 4882 1166 4937 finibus
1221 4881 1546 4939 fermentum
1577 4882 1794 4953 eiiciat;

183 4978 282 5034 hic
315 4990 380 5032 et
411 4976 594 5032 silebit
629 4985 685 5031 et
727 4990 943 5030 causam
994 4989 1102 5031 non
1128 4974 1294 5030 dicet.
1336 4974 1472 5041 Quia
1498 4975 1644 5031 enim
1694 4975 1798 5031 alia

183 5070 435 5140 quidem
478 5079 633 5124 erant
661 5069 842 5140 figura:
867 5067 1192 5135 futurorum,
1233 5077 1292 5123 et
1313 5083 1509 5125 causas
1529 5067 1801 5125 habebant

184 5175 403 5217 eorum
437 5174 559 5228 qua:
598 5157 769 5224 tiunt;
797 5158 901 5213 alia
942 5173 1071 5214 vero
1100 5174 1206 5212 non
1237 5158 1394 5224 item,
1418 5168 1606 5215 utnon
1634 5160 1796 5218 liceat

184 5253 422 5310 Judaeis
458 5251 688 5320 maligne
712 5265 892 5320 agere,
928 5259 985 5308 ut
1010 5265 1078 5306 ne
1103 5251 1178 5308 illi
1207 5259 1556 5322 permaneant
1575 5251 1638 5307 in
1683 5267 1804 5306 unt-

174 5344 317 5400 .bra.
379 5341 527 5412 Quid
557 5342 700 5399 enim
725 5384 742 5411 ,
771 5357 959 5414 qumso
983 5385 998 5411 ,
1029 5343 1130 5400 sibi
1162 5345 1294 5409 vult,
1344 5343 1658 5409 Messalam,
1694 5344 1804 5402 sine

183 5436 448 5500 macula.
500 5436 649 5490 unius
681 5437 802 5490 anni
827 5477 841 5502 ,
891 5446 946 5492 et
993 5436 1150 5502 illud,
1204 5436 1410 5493 Os-non
1439 5436 1804 5491 comminuetur

1948 3501 2105 3558 Pauli
2126 3503 2411 3574 meum.
2444 3534 2504 3544 —
2543 3505 2612 3559 Et
2640 3507 2760 3562 vide
2778 3508 3118 3576 prudentiam
3147 3529 3159 3565 :
3193 3513 3246 3567 iu
3279 3514 3462 3584 priore

1877 3593 2290 3665 epistolaspem
2342 3595 2671 3651 reversionis
2716 3612 2823 3652 non
2852 3598 2946 3654 dat
2991 3599 3332 3672 fornicatori;
3361 3607 3462 3669 sed

1879 3686 2042 3742 vitam
2074 3695 2239 3742 totam
2270 3686 2440 3756 ipsius
2466 3687 2519 3742 in
2546 3688 2858 3757 pmnitentia
2880 3690 3034 3759 jubet
3058 3707 3210 3758 esse,
3233 3711 3306 3752 ne
3330 3711 3464 3766 pro-

1880 3776 2136 3834 missione
2185 3777 2338 3832 illum
2398 3777 2702 3847 segniorem
2749 3779 3022 3837 redderet.
3069 3782 3252 3855 Neque
3310 3789 3463 3844 enim

1882 3868 2039 3935 dixit,
2087 3868 2308 3928 Tradite
2355 3870 2505 3926 illum
2555 3880 2797 3940 satana,
2829 3882 2887 3928 ut
2911 3891 3034 3930 CIII
3083 3879 3456 3947 pmnitentiam

1885 3961 2075 4030 egerit,
2106 3976 2292 4016 rursus
2319 3961 2577 4018 Ecclesiae
2604 3964 2845 4020 tradatur
2868 3981 2884 4032 ;
2907 3967 3007 4022 sed
3040 3969 3212 4038 quid?
3245 3971 3315 4027 Ut
3356 3973 3463 4029 ταις

1885 4069 1976 4110 m
2003 4053 2068 4107 ait
2095 4052 2150 4108 in
2180 4052 2370 4109 ultimo
2421 4051 2530 4108 die.
2569 4053 2729 4111 Mittit
2755 4056 2928 4127 ipsum
2959 4060 3012 4114 in
3066 4069 3278 4133 tempus
3303 4065 3460 4130 illud,

1887 4151 1948 4202 ut
1993 4142 2287 4200 sollicitum
2312 4143 2564 4201 redderet
2597 4155 2692 4202 :et
2713 4147 2864 4218 quod
2911 4161 3039 4220 post
3097 4155 3467 4222 penitentiam

1891 4233 2182 4304 largiturus
2199 4235 2299 4305 ipsi
2320 4243 2456 4300 erat,
2484 4251 2596 4296 non
2622 4239 2816 4308 aperit,
2845 4241 3135 4299 Dominum
3155 4261 3312 4302 suum
3335 4248 3462 4303 ἱππί-ο

1893 4333 2034 4382 tans.
2086 4326 2545 4393 Quemadmodum
2577 4329 2720 4384 enim
2751 4331 2894 4387 Deus
2935 4333 3112 4401 dicit,
3161 4337 3341 4392 Adhuc
3366 4347 3470 4395 tm

1894 4415 2022 4481 dies,
2065 4423 2112 4471 et
2162 4414 2351 4470 Niniue
2393 4417 2762 4490 subvertetur~(
2789 4419 2954 4477 Jonas
3006 4425 3062 4479 5.
3112 4427 3148 4480 4
3177 4426 3240 4496 );
3292 4444 3468 4500 neque

1895 4507 2119 4574 addidit,
2148 4507 2207 4565 Si
2251 4516 2436 4564 autem
2489 4513 2859 4580 ptenltentiam
2903 4515 3091 4584 egerit,
3121 4519 3422 4578 servabitur
3451 4537 3467 4576 :

1894 4602 1976 4660 sic
2002 4612 2056 4659 et
2085 4602 2184 4658 iste
2211 4616 2320 4657 non
2345 4601 2500 4670 dixit,
2551 4601 2611 4658 Si
2647 4602 2816 4674 digne
2863 4606 3230 4674 panitenuam
3271 4612 3472 4681 egerit,

1894 4693 2334 4752 conﬁrmabimus
2387 4694 2445 4749 in
2489 4694 2637 4749 illum
2687 4695 3002 4764 caritatem;
3047 4698 3154 4754 sed
3196 4713 3477 4771 exspectat

1899 4797 1960 4844 ut
1987 4787 2102 4856 ipse
2135 4800 2271 4857 opus
2317 4784 2450 4841 illud
2488 4784 2672 4852 faciat,
2707 4794 2766 4841 ut
2791 4795 2923 4842 tunc
2965 4789 3469 4862 gratiam-accipiat.

1899 4880 2034 4940 Nam
2082 4879 2129 4936 si
2181 4879 2250 4936 ab
2290 4879 2442 4934 initio
2473 4877 2584 4934 hoc
2631 4877 2891 4946 dixisset,
2929 4879 3069 4937 forte
3103 4893 3306 4940 etum
3345 4885 3475 4954 :ejus

1897 4973 2154 5031 solvisset
2191 4989 2205 5025 :
2233 4978 2563 5042 quapropter
2586 4985 2695 5026 non
2725 4970 2887 5027 modo
2913 4987 3022 5028 non
3065 4972 3174 5030 hoc
3198 4973 3477 5043 iacit,:scd

1899 5079 2002 5137 per
2026 5063 2330 5132 exemplum
2356 5060 2606 5117 fermenti
2633 5077 2705 5119 ne
2729 5063 2859 5120 sinit
2884 5065 3100 5136 quidem
3126 5067 3300 5137 ipsum
3331 5069 3481 5125 nodi.

1901 5167 2022 5214 tum
2051 5171 2290 5228 sperare,
2319 5155 2415 5212 sed
2438 5170 2561 5212 eum
2581 5155 2650 5212 ad
2663 5156 2814 5213 diem
2834 5157 2983 5214 illum
3009 5169 3250 5215 reservat
3272 5160 3481 5230 dicens,

1901 5248 2206 5319 Expurgat:
2228 5257 2365 5302 vetus
2395 5250 2699 5319 {amatum
2721 5265 2742 5314 ;
2761 5255 2838 5316 et,
2871 5247 2958 5303 Ne
2981 5239 3487 5320 festumcctebramta

1900 5343 1963 5398 ιίη
2021 5346 2266 5411 fermento
2306 5340 2478 5395 ueteri.
2529 5339 2820 5409 Postquam
2860 5348 3046 5395 autem
3110 5341 3486 5411 .pmnitetrtiam

1902 5435 2038 5504 egit,
2084 5448 2206 5489 cum
2242 5433 2394 5488 omni
2424 5431 2600 5487 studio
2634 5432 2791 5492 illum
2818 5431 3134 5487 introduxit.
3167 5433 3279 5488 Cur
3293 5443 3482 5491 autem

185 5527 414 5599 (Exod.
443 5525 530 5580 l2.
556 5527 614 5583 5.
641 5528 924 5600 46)2ῳιίί1
944 5529 1055 5586 sibi
1079 5529 1192 5585 vult
1221 5529 1425 5584 vicinos
1448 5529 1685 5586 vocare?
1709 5536 1806 5583 aut
1909 5531 2065 5582 vetus
2108 5525 2305 5580 vocat?
2338 5523 2435 5580 Vel
2462 5523 2587 5596 quia
2630 5531 2783 5579 vetus
2829 5523 2940 5578 vita
2988 5532 3173 5582 nostra
3214 5533 3332 5581 erat
3375 5523 3482 5580 hue

181 5618 362 5685 illud,
389 5626 606 5685 stantes,
637 5620 807 5676 autin
836 5635 1058 5690 vespera
1085 5620 1410 5678 comedere?
1435 5621 1804 5692 antsanguine
1905 5617 2143 5690 jusmodl
2199 5635 2214 5673 :
2272 5617 2358 5674 vel
2407 5617 2530 5688 quia
2570 5625 2732 5673 vetus
2786 5615 2916 5672 illud
2962 5617 3264 5686 proximum
3308 5616 3485 5673 inter-

175 5710 436 5772 munire
485 5709 748 5771 domum?
795 5710 936 5773 Nihil
977 5710 1126 5769 aliud
1174 5711 1316 5772 dicet
1342 5713 1454 5784 ille,
1509 5731 1670 5789 quam
1708 5730 1801 5774 sus
1909 5714 2010 5774 itui
2053 5722 2167 5784 est,
2207 5711 2454 5772 foetidum
2491 5719 2548 5770 et
2598 5719 2795 5784 turpe,
2833 5707 2992 5784 quale
3035 5717 3122 5768 est
3157 5717 3442 5783 paco-tun
3469 5727 3489 5768 ι
