3838 6214
399 303 502 360 127

396 434 570 491 neque
607 417 750 474 enim
784 415 902 471 sine
944 429 1102 468 causa
1149 423 1302 468 vetus
1331 411 1682 481 vituperatur,
1729 423 1832 464 nec
1857 408 1974 464 sine

394 525 554 568 causa
585 524 782 564 novum
834 507 1144 572 damnatur,
1191 503 1286 559 sed
1331 503 1538 556 ratione
1566 500 1744 555 habita
1787 515 1976 555 eorum

394 601 463 656 de
511 600 705 671 quibus
751 598 946 668 agitur.
1012 595 1144 649 Nam
1184 593 1310 648 alibi
1363 592 1480 646 ait:
1527 590 1707 644 Vinum
1756 605 1971 656 novum,

393 708 552 749 novus
591 691 781 745 amicus
806 705 826 744 :
853 689 1089 744 siautem
1131 685 1500 749 inveteraverit,
1548 693 1665 736 tunc
1691 698 1806 736 cum
1845 681 1975 736 farti-

392 786 465 839 tia
508 784 642 838 bibes
689 783 857 852 ipsum
905 779 1092 851 (Eccli.
1139 777 1192 834 9.
1250 776 1393 847 15);
1443 777 1497 830 in
1533 775 1766 830 amicitia
1805 773 1975 844 magis

392 876 618 932 laudans
640 883 981 940 vetustatem,
1008 887 1167 944 quam
1192 872 1505 926 novitatem.
1539 869 1608 924 Et
1633 883 1840 934 rursus,
1867 867 1977 922 An-

392 969 560 1040 tiqua:
584 968 777 1022 dierum
821 965 1023 1020 sedebat
1051 963 1212 1036 (Dan.
1245 963 1296 1016 7.
1332 961 1436 1032 9);
1469 960 1556 1017 hic
1581 974 1797 1031 quoque
1821 959 1976 1014 anti-

393 1076 560 1130 quum
611 1073 830 1116 sumens
884 1072 980 1127 pro
1030 1056 1250 1127 majoris
1299 1054 1484 1125 gloriae
1535 1052 1802 1108 encomio.
1833 1051 1973 1106 Alibi

392 1159 571 1206 autem
597 1148 870 1219 Scriptura
890 1147 1167 1217 antiquum
1191 1159 1288 1215 pro
1310 1143 1576 1214 vituperio
1599 1143 1810 1212 accipit.
1842 1141 1971 1196 Nam

392 1243 515 1314 quia
539 1257 628 1298 res
657 1241 820 1296 variae
839 1254 905 1294 ex
935 1238 1119 1292 multis
1145 1235 1457 1305 compositae
1486 1243 1631 1300 sunt,
1660 1243 1716 1288 et
1740 1233 1795 1287 in
1821 1231 1975 1288 bonis

393 1343 449 1388 et
478 1333 531 1388 in
561 1331 715 1386 malis
742 1330 929 1386 iisdem
957 1329 1141 1393 utitur,
1165 1341 1270 1382 non
1300 1324 1592 1381 secundum
1620 1321 1868 1378 eamdem
1889 1321 1966 1376 si-

393 1425 817 1496 gnificationem.
851 1420 983 1476 Vide
1009 1434 1136 1489 ergo
1156 1428 1210 1474 et
1238 1418 1363 1472 alibi
1391 1425 1547 1471 vetus
1574 1414 1845 1485 vituperio
1873 1415 1974 1468 da-

403 1525 516 1571 tum
545 1533 558 1570 :
586 1514 1001 1572 Inveteratterunt
1027 1520 1072 1565 et
1106 1504 1518 1563 claudicauerunt
1547 1523 1579 1560 a
1608 1505 1798 1560 semitis
1823 1506 1927 1559 suis
1952 1522 1973 1572 ;

392 1621 448 1664 et
471 1625 678 1670 rursus,
710 1606 994 1661 Inveteravi
1029 1605 1160 1658 inter
1188 1618 1360 1658 omnes
1386 1602 1620 1656 inimicos
1641 1615 1775 1653 meos
1801 1596 1971 1669 (Psal.

394 1703 482 1758 l7.
513 1702 603 1757 46.
643 1711 690 1756 et
726 1701 779 1755 6.
813 1699 867 1771 8)
894 1715 910 1764 ;
933 1707 990 1754 et
1015 1699 1230 1764 iterum,
1262 1695 1545 1751 Inveterate
1591 1694 1786 1748 dierum
1809 1692 1974 1747 malo-

392 1813 505 1848 rum
536 1793 698 1865 (Dan.
731 1795 822 1848 15.
847 1792 963 1864 52).
989 1792 1066 1848 Ita
1087 1799 1143 1846 et
1165 1789 1489 1845 fermentum
1515 1801 1659 1858 saepe
1687 1801 1785 1857 pro
1811 1799 1975 1856 regno

392 1888 646 1942 caelorum
679 1885 964 1955 accipitur,
993 1883 1204 1939 etiamsi
1225 1881 1314 1936 hic
1341 1881 1710 1951 vituperetur:
1737 1879 1832 1935 sed
1861 1878 1973 1934 illic

391 1979 460 2034 ad
483 1978 648 2042 aliud,
678 1978 764 2032 hic
791 1977 858 2031 ad
885 1975 1030 2032 aliud
1057 1973 1304 2029 refertur.

461 2073 516 2128 5.
543 2071 774 2124 Avaritia
801 2079 941 2124 vetus
970 2073 1272 2140 [ernaentum
1300 2067 1572 2135 quomodo.
1592 2092 1664 2104 —
1681 2060 1807 2116 Mihi
1844 2074 1976 2114 vero

392 2163 627 2217 maxime
645 2161 858 2216 videtur
889 2158 962 2223 id,
993 2157 1137 2228 quod
1164 2157 1234 2212 de
1259 2155 1529 2212 fermento
1558 2153 1776 2219 dicitur,
1809 2151 1970 2208 etiam

395 2253 462 2308 ad
492 2251 802 2307 sacerdotes
841 2249 1072 2314 referri,
1099 2247 1190 2318 qui
1243 2246 1427 2301 sinunt
1475 2244 1801 2298 intrinsecus
1853 2255 1975 2297 esse

393 2342 621 2396 multum
658 2341 907 2395 fermenti
935 2339 1157 2404 veteris,
1177 2352 1282 2392 non
1309 2345 1668 2408 expurgautes
1697 2351 1765 2390 ex
1792 2335 1976 2389 termi-
2023 2345 2025 2347 ‘

395 2436 504 2501 nis,
537 2433 586 2487 id
610 2441 714 2496 est,
742 2447 808 2486 ex
833 2431 1071 2486 Ecclesia
1095 2471 1111 2496 ,
1141 2443 1334 2482 avaros
1353 2468 1367 2490 ,
1405 2436 1651 2496 raptores
1674 2468 1690 2494 ,
1722 2434 1777 2480 et
1802 2424 1974 2494 quod-

390 2541 621 2596 cumque
650 2541 714 2579 ex
745 2539 910 2594 regno
926 2523 1179 2578 eaalorum
1201 2520 1455 2576 excludit.
1481 2518 1614 2574 Nam
1649 2519 1871 2573 avaritia
1891 2526 1977 2574 est

392 2626 547 2672 vetus
587 2615 908 2670 fermentum
932 2654 946 2678 ,
970 2621 1023 2667 et
1054 2625 1391 2682 quocumque
1420 2609 1699 2674 ceciderit,
1731 2620 1891 2680 atque
1918 2610 1972 2663 in

389 2720 783 2777 quamcumque
813 2705 1030 2758 domum
1053 2702 1304 2757 inciderit
1325 2743 1339 2766 ,
1374 2700 1703 2756 immundam
1727 2701 1870 2754 illam
1896 2699 1977 2756 ef-

392 2798 524 2854 ficit.
550 2798 767 2852 Etiamsi
797 2810 959 2865 parva
1009 2810 1076 2850 ex
1104 2792 1366 2862 injustitia
1410 2792 1670 2859 lucreris,
1724 2791 1774 2845 id
1808 2800 1973 2846 totam

391 2899 536 2948 tuam
563 2889 916 2945 substantiam
948 2887 1310 2942 fermentavit.
1344 2884 1471 2939 Ideo
1491 2899 1637 2953 saepe
1661 2882 1880 2949 accidit,
1911 2890 1972 2938 ut

389 2984 597 3040 modica
626 2983 764 3038 male
789 2980 1025 3046 inducta,
1048 2978 1213 3034 multa
1238 2993 1357 3048 qua:
1385 2977 1523 3032 bene
1547 2975 1770 3030 collecta
1795 2974 1977 3045 jacent

389 3077 668 3148 ejecerint.
717 3074 860 3131 Nihil
899 3075 1043 3129 enim
1081 3081 1165 3128 est
1189 3072 1358 3141 magis
1388 3069 1661 3141 putridum
1704 3069 1968 3123 avaritia.

387 3172 598 3228 etiamsi
672 3171 819 3226 enim
882 3168 1034 3223 cellae
1081 3167 1352 3236 penuariae
1397 3165 1605 3219 clavem
1651 3162 1971 3228 induxeris,

391 3265 601 3320 etiamsi
626 3264 847 3333 januam
875 3269 932 3316 et
957 3269 1166 3316 vectem
1192 3300 1208 3326 ,
1237 3257 1434 3312 frustra
1472 3256 1589 3311 hinc
1613 3254 1766 3320 facis,
1799 3254 1976 3309 avari-

393 3358 519 3411 tiam
548 3352 1064 3425 perniciosissimum
1107 3349 1281 3404 furem
1340 3349 1484 3402 intus
1531 3345 1813 3401 includens
1838 3386 1853 3412 ,
1885 3345 1976 3414 qui

392 3448 572 3503 omnia
599 3443 809 3499 auferre
830 3443 1020 3513 possit.
1040 3441 1178 3508 Quid
1208 3441 1388 3509 igitur,
1414 3438 1649 3508 inquies,
1676 3452 1798 3491 cum
1823 3435 1975 3490 multi

393 3539 541 3595 avari
585 3537 700 3592 haec
724 3551 834 3591 non
885 3533 1196 3604 patiantur?
1222 3531 1382 3586 Certe
1422 3531 1711 3600 patientur,
1737 3528 1838 3584 etsi
1867 3543 1975 3584 non

393 3633 574 3690 statim
627 3631 734 3686 illis
777 3629 1024 3684 accidat:
1057 3627 1104 3681 si
1153 3639 1280 3680 vero
1339 3637 1482 3678 nunc
1531 3622 1808 3692 effugiant,
1848 3629 1977 3676 tunc

393 3730 566 3799 magis
596 3727 821 3788 timeto;
857 3721 926 3776 ad
956 3720 1128 3789 majus
1155 3719 1299 3774 enim
1331 3715 1654 3786 supplicium
1674 3716 1972 3769 reservan-

398 3834 506 3876 tur.
534 3818 648 3873 huo
665 3829 792 3871 vero
813 3814 859 3869 si
891 3815 990 3884 ipsi
1037 3811 1315 3881 eﬂ'ugiant,
1356 3818 1412 3863 at
1438 3807 1666 3863 heredes
1697 3823 1882 3862 eorum
1913 3819 1976 3860 ea

395 3912 512 3982 ipsa
541 3909 832 3980 patientur.
857 3906 924 3960 Et
942 3903 1233 3975 quomodo,
1257 3902 1487 3972 inquies,
1515 3899 1835 3968 hocjustum
1863 3898 1978 3954 fue-

395 4003 513 4058 rit?
543 4001 702 4056 Certe
727 3997 882 4052 valde
902 3995 1128 4066 justum.
1159 3992 1293 4047 Nam
1322 3991 1414 4062 qui
1455 3990 1673 4059 excepit
1704 3988 1974 4044 heredita-

397 4103 507 4156 tem
533 4090 790 4163 injustitia
822 4088 1054 4158 plenam,
1077 4084 1288 4141 etiamsi
1316 4085 1430 4153 ipse
1459 4097 1564 4136 non
1597 4082 1871 4151 rapuerit,
1901 4091 1977 4136 at-

399 4194 576 4242 tamen
592 4183 765 4238 aliena
790 4180 986 4236 retinet
1012 4195 1026 4231 :
1061 4187 1114 4233 et
1144 4175 1427 4245 hocplaue
1450 4187 1767 4243 persuasum
1795 4173 1975 4238 habet,

400 4277 628 4347 ideoque
646 4289 861 4344 aequum
883 4279 967 4327 est
994 4280 1051 4324 ut
1079 4269 1330 4340 patiatur.
1353 4265 1408 4322 Si
1429 4267 1573 4320 enim
1602 4265 1692 4320 illo
1736 4265 1978 4336 rapiente

399 4377 457 4424 tu
476 4365 780 4436 acceperis,
813 4361 1116 4431 deindeque
1141 4358 1406 4415 accedens
1431 4358 1474 4412 is
1501 4358 1584 4411 cui
1618 4365 1830 4428 raptum
1856 4357 1976 4424 fuit,

397 4459 452 4516 id
482 4465 690 4529 repetat
718 4471 734 4510 :
763 4470 889 4510 num
920 4453 1051 4509 satis
1075 4461 1160 4508 est
1179 4451 1245 4506 ad
1269 4451 1343 4505 tui
1375 4449 1767 4520 purgationem,
1789 4457 1841 4504 te
1871 4463 1979 4502 non

399 4549 685 4621 rapuisse?
735 4544 1141 4616 Minime:quid
1196 4543 1338 4598 enim
1371 4584 1386 4608 ,
1443 4554 1647 4612 qureso,
1697 4549 1979 4595 accusatus

402 4642 648 4699 dixeris?
675 4639 820 4711 quod
847 4639 984 4693 alius
1008 4636 1290 4706 spoliarit?
1313 4633 1408 4690 sed
1431 4642 1484 4687 tu
1514 4633 1716 4687 retines
1751 4649 1764 4685 :
1795 4631 1885 4685 ille
1901 4646 1981 4685 ra-

401 4736 547 4806 puit?
600 4732 694 4788 sed
726 4741 783 4786 tu
816 4729 1031 4786 frueris.
1062 4727 1188 4782 Haec
1214 4740 1377 4796 porro
1419 4726 1580 4778 etiam
1607 4723 1780 4777 sciunt
1803 4731 1982 4777 exter-

401 4842 592 4885 norum
615 4826 785 4896 leges,
823 4839 943 4894 qua:
983 4822 1049 4876 iis
1073 4819 1312 4876 dimissis
1335 4818 1425 4887 qui
1451 4825 1745 4886 rapuerunt
1769 4826 1822 4871 et
1849 4817 1977 4871 abs-

403 4921 668 4983 tulerunt,
721 4916 790 4970 ab
841 4916 945 4970 illis
990 4914 1184 4981 jubent
1232 4922 1508 4980 expetere,
1555 4909 1694 4980 apud
1722 4924 1856 4979 quos
1885 4924 1980 4964 sua

402 5010 583 5066 omnia
611 5006 854 5078 deposita
882 5006 1197 5074 repereriut.
1228 5003 1284 5057 Si
1315 5016 1442 5072 ergo
1465 5002 1605 5056 nosti
1632 5015 1749 5065 eos,
1781 5000 1872 5070 qui
1901 5000 1981 5054 in-

397 5100 661 5172 justitiam
685 5096 825 5168 passi
853 5104 996 5160 sunt,
1016 5095 1179 5150 redde
1196 5104 1251 5150 et
1273 5094 1356 5148 fac
1379 5092 1520 5164 quod
1550 5091 1674 5146 fecit
1695 5091 1983 5147 Zacchzeus

402 5205 526 5246 cum
571 5189 740 5244 multa
789 5185 1098 5241 accessione
1133 5185 1220 5239 :si
1261 5193 1440 5239 autem
1473 5184 1709 5253 ignoras,
1756 5183 1981 5238 alteram

409 5282 509 5337 tibi
541 5280 612 5336 do
641 5280 805 5344 viam,
832 5291 932 5331 uec
957 5274 1184 5331 excludo
1215 5282 1268 5329 te
1288 5290 1318 5328 a
1345 5275 1584 5330 remedio
1615 5292 1628 5329 :
1662 5275 1779 5329 hmc
1803 5275 1980 5329 omnia

405 5371 740 5446 pauperibus
760 5367 1044 5434 distribue,
1070 5375 1124 5421 et
1143 5365 1222 5420 sic
1249 5367 1445 5419 malum
1477 5366 1710 5421 curabis.
1740 5366 1890 5432 Quod
1938 5365 1984 5420 si

400 5464 495 5537 qui
524 5463 642 5519 haec
679 5462 733 5516 iu
766 5459 906 5515 filios
926 5469 979 5514 et
1011 5458 1064 5512 in
1093 5467 1315 5527 nepotes
1342 5458 1778 5522 transmiserunt;
1807 5467 1863 5512 at
1880 5457 1984 5511 alia

403 5572 504 5628 pro
533 5556 617 5611 his
653 5553 793 5609 mala
841 5552 984 5622 passi
1013 5558 1159 5604 sunt.
1193 5549 1394 5618 quuid
1436 5549 1628 5618 loquor
1648 5548 1715 5604 de
1747 5550 1832 5614 iis,
1863 5563 1984 5620 quae

401 5648 493 5704 hic
542 5645 833 5704 accidunt?
861 5643 975 5700 Non
1028 5641 1172 5698 enim
1219 5641 1271 5696 in
1303 5640 1396 5696 illo
1423 5639 1512 5696 die
1551 5639 1667 5695 ha'c
1715 5639 1981 5708 dicentur,

401 5739 617 5813 quando
640 5737 800 5797 ambo
830 5735 958 5795 nudi
978 5733 1332 5809 apparebunt,
1351 5732 1387 5791 ii
1415 5731 1606 5806 quibus
1637 5740 1848 5804 raptum
1877 5741 1981 5801 est,

1100 298 1156 356 8.
1195 295 1470 354 JOANNIS
1503 291 1978 350 CHRYSOSTOMI
2012 290 2334 350 ARCHIEP.
2373 290 2905 352 CONSTANTINOP.
3559 299 3650 360 128

2085 415 2142 464 et
2169 407 2204 463 ii
2251 410 2342 480 qui
2373 419 2668 480 rapuerunt
2697 412 2846 468 :imo
2890 427 3023 469 vero
3070 429 3176 469 non
3207 414 3456 474 similiter
3484 421 3648 477 nudi:

2081 513 2206 554 nam
2257 499 2500 573 pecuniis
2527 501 2689 557 ambo
2719 502 2918 572 pariter
2959 503 3084 559 nudi
3135 514 3331 572 erunt;
3365 508 3505 563 alter
3532 525 3651 566 vero

2079 589 2270 662 plenus
2297 592 2636 660 criminibus,
2661 609 2782 665 qua:
2807 609 2872 651 ex
2903 596 2969 650 iis
2995 606 3113 652 orta
3143 607 3289 653 sunt.
3339 600 3482 668 Quid
3532 617 3653 675 ergo

2080 680 2343 738 faciemus
2368 683 2465 740 illo
2487 684 2597 752 die,
2627 687 2844 755 quando
2877 695 3004 742 ante
3027 689 3260 745 tribunal
3279 691 3408 746 illud
3434 691 3654 749 horren-

2079 771 2206 828 dum
2234 773 2301 841 is,
2345 777 2434 846 qui
2461 775 2602 831 male
2627 791 2819 846 passus
2851 788 2934 834 est
2958 787 3013 834 et
3038 781 3217 835 omnia
3265 797 3363 838 sua
3389 785 3652 853 perdidit,

2079 865 2376 922 adducetur
2400 868 2456 923 in
2484 868 2744 937 medium,
2775 879 2828 926 te
2857 872 3059 926 nullum
3091 872 3321 930 habente
3342 880 3657 944 patronum?

2079 959 2206 1029 quid
2231 959 2404 1016 Judici
2432 960 2616 1017 dices?
2641 962 2794 1018 Nunc
2818 966 2961 1019 enim
2979 963 3240 1035 judicium
3251 965 3529 1024 hominum
3551 985 3653 1025 cor-

2078 1064 2331 1120 rumpere
2358 1053 2580 1122 poteris,
2611 1053 2738 1109 illud
2767 1069 2895 1110 vero
2920 1053 3181 1125 judicium
3211 1073 3320 1113 non
3360 1060 3491 1115 item
3517 1078 3532 1114 :
3556 1062 3654 1116 imo

2078 1157 2209 1198 vero
2237 1159 2412 1214 neque
2433 1160 2574 1200 nunc
2598 1163 2613 1211 ;
2644 1162 2786 1203 nunc
2807 1146 2952 1204 enim
2979 1163 3193 1218 quoque
3219 1150 3377 1206 adest
3399 1152 3656 1222 judicium

2080 1232 2233 1287 illud.
2259 1233 2393 1288 Nam
2426 1234 2568 1289 Deus
2595 1237 2773 1290 omnia
2803 1252 2921 1308 qua:
2940 1249 3201 1307 geruntur
3219 1240 3389 1305 videt,
3413 1251 3471 1296 et
3498 1258 3656 1313 pr0po

2077 1325 2201 1381 illos
2224 1334 2307 1383 est
2335 1327 2426 1398 qui
2454 1328 2647 1398 injuria
2685 1329 3012 1396 afﬁciuntur,
3041 1331 3254 1387 etiamsi
3281 1348 3387 1388 non
3414 1344 3654 1391 vocetur.

2078 1416 2212 1473 Nam
2242 1418 2334 1490 qui
2386 1421 2530 1475 malo
2559 1420 2810 1487 afficitur,
2842 1422 3051 1477 etiamsi
3080 1422 3330 1494 indignus
3357 1424 3428 1479 sit
3466 1426 3556 1496 qui
3582 1427 3658 1480 nl-

2078 1509 2281 1564 tionem
2311 1511 2686 1577 naneiseatur;
2710 1520 2946 1566 attamen
2972 1513 3096 1582 quia
3126 1528 3212 1568 res
3227 1525 3394 1584 gesta:
3423 1515 3535 1571 Deo
3556 1532 3656 1573 non

2077 1600 2312 1670 placent,
2345 1601 2506 1657 habet
2532 1601 2621 1656 ille
2652 1610 2799 1657 certe
2829 1603 3076 1658 ultorem.
3101 1603 3385 1670 Quomodo
3405 1621 3554 1678 ergo,
3583 1609 3658 1663 iu-

2077 1693 2252 1763 quies,
2282 1692 2376 1758 ille
2405 1694 2670 1764 quispiam
2715 1709 2973 1764 prospere
3017 1696 3157 1765 agit,
3191 1697 3314 1753 licet
3334 1699 3415 1753 sit
3442 1700 3614 1756 malus
3635 1702 3662 1752 ?

2079 1783 2186 1840 Sed
2215 1799 2321 1839 non
2351 1800 2525 1855 usque
2551 1785 2604 1840 in
2639 1785 2821 1841 finem.
2853 1786 2992 1841 Audi
3020 1787 3147 1858 quid
3177 1787 3324 1844 dicat
3349 1791 3614 1861 propheta
3641 1812 3655 1846 :

2080 1875 2209 1930 Noli
2244 1876 2481 1931 aemulari
2527 1877 2580 1930 in
2616 1877 3055 1948 malignantibus,
3110 1881 3353 1950 quoniam
3409 1892 3662 1953 tanquam

2089 1972 2276 2040 {mnum
2303 1967 2537 2023 velociter
2565 1979 2792 2024 arescent
2820 1969 2992 2041 (Psal.
3025 1972 3115 2027 36.
3151 1974 3203 2027 1.
3231 1973 3314 2044 2).
3344 1973 3449 2031 Ubi
3479 1977 3621 2031 enim
3642 2020 3660 2042 ,

2077 2076 2279 2130 qumso,
2309 2070 2393 2116 est
2441 2062 2488 2116 is
2514 2063 2605 2131 qui
2661 2064 2874 2133 rapuit,
2931 2073 3213 2134 postquam
3245 2065 3374 2122 hinc
3399 2068 3660 2125 abductus

2077 2151 2218 2208 fuit?
2249 2153 2337 2208 ubi
2367 2168 2492 2223 spes
2556 2155 2888 2224 conSpicua?
2919 2156 3006 2209 ubi
3056 2156 3373 2214 honorabile
3425 2163 3661 2215 nomen?

2078 2260 2256 2299 annon
2293 2245 2473 2300 omnia
2507 2247 2880 2302 transierunt?
2907 2263 3086 2304 nonne
3117 2252 3298 2304 omnia
3327 2251 3490 2307 illum
3537 2268 3659 2324 spe-

2077 2338 2274 2391 ctantia
2297 2339 2564 2394 somnium
2592 2348 2719 2392 sunt
2739 2349 2792 2394 et
2817 2341 3001 2396 umbra
3025 2342 3049 2392 ?
3078 2342 3192 2398 lloc
3211 2343 3384 2411 ipsum
3412 2355 3660 2414 exspecta

2077 2429 2145 2484 de
2174 2430 2402 2498 singulis
2429 2430 2518 2500 qui
2551 2429 2858 2500 hujusmodi
2890 2443 3036 2496 sunt,
3067 2432 3134 2486 dc
3155 2434 3392 2500 vivente,
3413 2446 3471 2490 et
3497 2436 3568 2491 de
3596 2452 3658 2492 eo

2077 2519 2166 2590 qui
2224 2531 2345 2590 post
2395 2520 2604 2575 futurus
2633 2529 2737 2575 est.
2770 2522 2841 2576 At
2871 2521 2994 2576 talia
3023 2537 3129 2576 non
3183 2533 3308 2578 sunt
3333 2540 3398 2580 ea
3427 2541 3552 2596 quae
3597 2527 3661 2582 ad

2077 2622 2294 2665 sanctos
2332 2610 2478 2666 viros
2500 2620 2744 2680 spectant
2768 2627 2782 2674 ;
2809 2627 2984 2682 neque
3013 2617 3216 2682 poteris
3241 2615 3430 2671 eadem
3461 2617 3535 2672 de
3563 2619 3663 2672 illis

2077 2704 2278 2768 dicere,
2307 2705 2448 2776 quod
2497 2721 2618 2776 quae
2647 2705 2712 2760 ad
2758 2707 2878 2760 illos
2924 2707 3196 2776 pertinent
3245 2709 3434 2763 umbra
3463 2711 3574 2765 sint
3613 2722 3664 2765 et

2079 2788 2348 2852 somnium
2401 2806 2458 2852 et
2499 2797 2697 2852 fabula.
2732 2799 2795 2852 Et
2824 2798 2868 2852 si
2923 2798 3003 2852 vis
3032 2799 3180 2854 ilium
3222 2801 3314 2870 qui
3356 2801 3472 2857 hare
3505 2803 3658 2865 dixit,

2079 2889 2432 2942 tentoriorum
2461 2889 2730 2957 opificem,
2753 2889 2996 2956 Cilicem,
3029 2891 3182 2957 cujus
3214 2905 3281 2946 ne
3312 2902 3520 2962 patrem
3545 2897 3663 2963 qui-

2077 2978 2198 3034 dem
2229 2989 2377 3034 certo
2405 2980 2671 3045 novimus,
2702 2980 2755 3034 in
2783 2980 3019 3035 medium
3046 2981 3400 3037 adducamus.
3435 2984 3504 3039 Et
3533 3000 3665 3056 quo-

2080 3071 2260 3138 modo,
2321 3071 2556 3142 inquies,
2612 3072 2729 3127 fieri
2787 3074 2960 3144 possit
3007 3083 3063 3128 ut
3115 3075 3334 3145 quidam
3373 3078 3500 3132 talis
3555 3080 3664 3133 sit?

2077 3159 2310 3217 Omnino
2364 3177 2495 3232 ergo
2543 3161 2858 3228 desideras,
2915 3165 3138 3219 omnino
3183 3168 3265 3219 vis
3321 3183 3444 3223 esse
3501 3170 3664 3223 talis?

2078 3254 2286 3320 Etiam,
2333 3255 2432 3308 ais.
2467 3254 2609 3324 Ergo
2638 3255 2776 3308 viam
2809 3255 3110 3326 ingredere,
3139 3272 3297 3327 quam
3322 3259 3412 3313 ille
3455 3260 3663 3330 ingres-

2077 3358 2171 3399 sus
2197 3354 2300 3411 est,
2329 3354 2382 3399 et
2406 3345 2497 3415 qui
2524 3358 2645 3398 cum
2675 3345 2766 3399 illo
2786 3355 2955 3400 erant.
2982 3346 3048 3400 Et
3069 3363 3226 3417 quam
3250 3349 3303 3402 in
3324 3349 3465 3404 viam
3490 3353 3665 3405 venit?

2078 3435 2172 3493 Ille
2189 3437 2405 3509 quidem
2443 3438 2538 3504 ait,
2568 3437 2635 3492 In
2657 3442 2794 3510 fame
2817 3449 2862 3492 et
2879 3441 2964 3495 siti
2985 3449 3033 3494 et
3060 3441 3293 3496 nuditate
3317 3442 3396 3515 (2.
3426 3443 3550 3498 Cor.
3576 3448 3661 3504 il.

2077 3531 2170 3603 27)
2198 3547 2214 3596 ;
2246 3529 2338 3585 ille
2361 3545 2512 3596 vero,
2549 3531 2825 3602 Argentum
2851 3539 2896 3585 et
2929 3547 3112 3586 aurum
3142 3549 3244 3586 non
3269 3543 3343 3588 est
3364 3535 3494 3588 mihi
3522 3536 3660 3606 (Act.

2081 3625 2134 3679 ὅ.
2168 3623 2247 3694 6).
2271 3623 2361 3678 Sic
2385 3623 2460 3678 illi
2492 3622 2628 3677 nihil
2657 3621 2948 3690 habebant,
2979 3633 3034 3680 et
3057 3634 3239 3680 tamen
3261 3627 3446 3681 omnia
3489 3629 3663 3698 possi-

2082 3716 2293 3771 debant
2579 3719 2582 3722 ’

2153 3807 2206 3861 6.
2240 3806 2377 3874 Quid
2402 3807 2502 3862 hac
2521 3822 2654 3861 voce
2680 3806 3091 3863 honorabilius?
3119 3809 3246 3879 quid
3275 3810 3486 3866 beatius
3518 3820 3574 3866 et
3597 3813 3666 3866 lo-

2083 3899 2394 3968 eupletius?
2419 3899 2549 3952 Nam
2579 3899 2668 3952 alii
2696 3899 2910 3969 quidem
2960 3902 3011 3954 in
3047 3903 3333 3956 contrariis
3360 3904 3666 3973 gloriaban-

2084 3997 2172 4044 tur
2197 3989 2438 4045 dicentes
2467 4008 2480 4043 :
2515 3990 2699 4045 Haheo
2731 3999 2806 4044 tot
2835 4000 2888 4045 et
2917 4001 2991 4045 tot
3018 3993 3132 4047 auri
3165 3995 3384 4059 talenta,
3409 3997 3663 4066 etjugcra

2086 4091 2245 4137 terra:
2298 4083 2558 4136 immensa
2579 4123 2594 4147 ,
2648 4094 2702 4138 et
2728 4083 2920 4138 domos
2949 4094 3006 4138 et
3037 4086 3302 4156 mancipia
3333 4105 3345 4141 :
3377 4087 3465 4142 hic
3494 4105 3624 4144 vero
3647 4130 3664 4152 ,

2083 4172 2225 4241 quod
2269 4174 2340 4227 sit
2389 4173 2637 4227 omnibus
2667 4174 2933 4230 nudatus:
2971 4190 3142 4245 neque
3196 4191 3257 4231 se
3311 4179 3550 4234 occultat
3600 4181 3666 4234 ob

2086 4275 2470 4336 paupertatem,
2499 4266 2640 4337 quod
2666 4267 2811 4322 stulti
2841 4266 3061 4335 faciunt,
3092 4284 3266 4339 neque
3295 4271 3462 4340 pudet
3495 4271 3663 4333 illum,

2085 4359 2178 4413 sed
2205 4360 2366 4415 etiam
2396 4359 2678 4429 gloriatur.
2704 4359 2806 4416 Ubi
2838 4369 2963 4415 sunt
2989 4375 3130 4415 nunc
3160 4361 3380 4427 divites,
3417 4363 3509 4433 qui
3536 4380 3666 4418 usu-

2085 4465 2173 4505 ras
2191 4459 2495 4518 numerant,
2523 4460 2578 4507 et
2605 4466 2795 4507 usuras
2822 4466 3126 4518 usurarum,
3150 4454 3239 4523 qui
3257 4455 3498 4508 omnium
3529 4455 3665 4509 bona

2081 4541 2348 4596 invadunt
2374 4551 2429 4596 et
2455 4558 2743 4612 numquam
2798 4543 3098 4597 satiantur?
3146 4545 3374 4598 audistis
3404 4545 3548 4600 Petri
3579 4561 3668 4599 vo-

2085 4647 2227 4697 cem,
2259 4649 2378 4702 quae
2406 4643 2768 4703 paupertatem
2799 4643 3061 4689 monstrat
3083 4635 3390 4690 divitiarum
3422 4646 3664 4703 matrem,

2087 4739 2207 4792 qua:
2239 4723 2370 4778 nihil
2405 4725 2603 4788 habet,
2649 4733 2704 4778 et
2753 4725 2819 4778 iis
2852 4725 2943 4796 qui
2969 4724 3270 4781 diademate
3314 4726 3667 4782 redimiuntnr

2087 4815 2390 4884 Opulentior
2433 4815 2556 4869 est?
2588 4814 2712 4869 llme
2757 4814 2952 4884 quippe
2997 4815 3127 4869 nihil
3172 4816 3377 4872 habens
3431 4828 3665 4872 mortuos

2087 4907 2398 4974 suscitabat,
2422 4906 2642 4962 claudos
2669 4907 2926 4977 erigebat,
2955 4908 3228 4962 dzemonas
3255 4909 3513 4978 pellebat,
3536 4921 3590 4964 et
3606 4924 3666 4962 ea

2089 4993 2432 5069 largiebatur,
2459 5014 2578 5068 qua:
2600 4999 2632 5052 ii
2664 4999 2752 5067 qui
2784 5013 3014 5069 purpura
3036 4999 3362 5054 amiciuntur
3375 5010 3430 5054 et
3451 5013 3668 5070 magnos

2090 5090 2509 5160 tremendosque
2539 5093 2810 5146 exercitus
2836 5091 3061 5159 ducunt,
3092 5107 3384 5162 numquam
3414 5101 3669 5164 praestare

2093 5191 2400 5252 potuerunt.
2460 5182 2588 5236 llaec
2612 5199 2714 5237 vox
2746 5191 2828 5237 est
2874 5197 3083 5250 eorum,
3114 5184 3203 5254 qui
3229 5184 3340 5252 jam
3383 5186 3440 5238 in
3482 5185 3668 5239 calum

2094 5275 2334 5329 translati
2389 5282 2554 5341 sunt,
2603 5284 2660 5329 et
2690 5276 2944 5330 verticem
2984 5275 3134 5329 illum
3185 5285 3536 5344 occuparunt.
3585 5274 3668 5330 Sic

2094 5373 2270 5434 potest
2299 5364 2346 5419 is
2374 5365 2465 5434 qui
2497 5364 2630 5419 nihil
2683 5363 2883 5431 habet,
2911 5365 3149 5419 omnium
3204 5379 3471 5436 occupare
3501 5366 3667 5427 bona;

2092 5465 2146 5512 et
2175 5471 2296 5527 quae
2336 5464 2460 5510 sunt
2499 5455 2742 5510 omnium
2779 5455 3074 5526 possidere.
3107 5454 3164 5511 Si
3215 5470 3345 5510 vero
3393 5471 3457 5510 ea
3507 5454 3670 5524 possi-

2093 5547 2315 5602 deamus
2337 5561 2456 5615 quae
2481 5555 2608 5601 sunt
2640 5546 2898 5610 omnium,
2927 5546 3177 5600 omnibus
3228 5545 3418 5616 privati
3466 5556 3667 5598 sumus.

2092 5637 2360 5694 Fortassis
2387 5637 2614 5709 mnigma
2643 5636 2887 5692 videatur
2925 5650 3046 5692 esse
3101 5635 3228 5691 illud
3257 5677 3272 5702 ,
3303 5633 3446 5704 quod
3475 5634 3668 5689 dictum

2101 5741 2222 5800 est,
2271 5729 2367 5789 sed
2413 5745 2520 5788 non
2580 5739 2683 5787 est.
2735 5729 2842 5788 Sed
2877 5727 3164 5802 quomodo,
3211 5727 3440 5799 inquies,
3489 5727 3534 5782 is
3581 5724 3669 5796 qui
