3838 6214
397 265 503 324 129

394 380 489 436 καὶ
511 377 693 449 ἐκείνη
725 377 976 450 καθάπερ
1001 378 1323 451 θεραπαινὶς
1343 379 1414 434 τά
1432 380 1630 450 ἑαυτῆς
1652 377 1932 450 προῦθηκε
1946 395 1961 411 υ

391 463 487 516 καὶ
519 463 657 533 πρὸς
682 460 774 514 τὸν
801 461 1205 532 δεσμοφύλακα,
1244 465 1495 526 κάκεῖνος
1525 463 1622 531 τὴν
1659 461 1835 515 οἰκίαν
1865 461 1964 512 αὐ-

390 547 505 608 τοῖς
557 543 792 614 ἀνέῳξεν
840 543 1057 600 ἃπασαν
1084 559 1097 573 ’
1139 548 1235 598 καὶ
1278 545 1413 614 πρὸς
1459 544 1681 614 ἐτέρους
1714 543 1962 613 μυρίους.

393 626 552 681 Οὕτω
583 625 761 680 πάντα
800 621 966 698 εἰχον⁹
1011 628 1104 682 καὶ
1140 628 1294 682 οὐδὲν
1331 624 1496 698 εἶχον.
1532 626 1698 680 υύδέν
1725 625 1834 696 γάρ
1859 626 1966 684 τῶν

393 711 748 781 ὑπαρχόντων
777 710 960 779 ἔλεγον
1001 712 1130 766 ίδιον
1169 707 1309 766 εἶναι
1332 727 1346 741 ⁸
1379 711 1470 766 διά
1506 710 1663 764 τοῦτο
1695 711 1872 766 πάντα
1897 706 1966 781 ἦν

392 795 594 850 αὐτῶν.
635 795 692 846 '0
717 794 825 864 γὰρ
863 794 1016 848 κοινά
1045 795 1114 848 τά
1138 794 1270 848 ὄντα
1293 795 1615 866 ἡγούμενος,
1637 795 1699 847 ού
1727 795 1841 856 τοῖς
1866 794 1966 846 αὑ·

391 877 488 932 τοῦ
517 878 693 949 μόνον,
727 877 861 930 ἀλλά
893 879 987 930 καὶ
1009 879 1120 942 τοῖς
1151 876 1354 948 ἐτέρων
1384 879 1648 949 χρήσεται
1677 877 1752 942 ὡς
1778 877 1928 938 ἰδίοις
1949 894 1963 908 ·

390 963 423 1016 ό
453 962 509 1015 δὲ
541 960 871 1030 ἀποσχίζων,
905 961 1000 1015 καὶ
1028 960 1198 1016 ποιῶν
1230 961 1422 1016 ἐαυτὸν
1445 960 1635 1030 κύριον
1660 960 1769 1016 τῶν
1799 960 1966 1018 αὐτοῦ

393 1045 592 1118 μόνων,
638 1044 758 1098 οὐδὲ
801 1043 1008 1100 τούτων
1047 1043 1201 1099 ἔσται
1248 1043 1457 1116 κύριος.
1511 1044 1623 1098 Καὶ
1658 1042 1818 1097 τοῦτο
1858 1043 1968 1103 ἀπὸ

392 1128 788 1198 ὐποδείγματος
843 1127 1022 1197 δῆλον.
1084 1126 1141 1178 ’0
1183 1126 1352 1197 μηδὲν
1421 1127 1558 1190 ὅλως
1606 1126 1965 1196 κεκτημένος,

393 1211 530 1281 μήτε
557 1210 734 1262 οἰκίαν
759 1209 896 1279 μήτε
942 1206 1218 1282 τράπεζαν
1251 1209 1387 1279 μήτε
1419 1209 1677 1279 περιττὸν
1727 1208 1966 1278 ἱμάτιον,

389 1293 526 1349 ἀλλά
553 1292 643 1347 διὰ
668 1293 761 1348 τὸν
796 1293 928 1347 Θεὸν
965 1292 1184 1347 πάντων
1208 1292 1673 1363 ἀπεστερημένος,
1707 1293 1782 1356 ὼς
1818 1291 1968 1357 ἰδίοις

391 1377 656 1447 κέχρηται
709 1377 821 1440 τοῖς
868 1378 1086 1440 κοινοῖς,
1125 1374 1219 1428 καὶ
1267 1375 1418 1445 παρὰ
1465 1373 1681 1428 πάντων
1712 1375 1854 1445 ἅπερ
1901 1373 1968 1429 ἂν

391 1459 546 1532 θέλῃ.
583 1457 814 1530 λήψεται
837 1475 851 1489 ο
896 1459 989 1511 καὶ
1024 1457 1166 1510 οὕτω
1217 1456 1286 1511 τά
1324 1457 1541 1512 πάντων
1565 1459 1593 1512 ό
1627 1457 1790 1529 μηδὲν
1830 1457 1968 1528 ἔχων

391 1542 637 1614 κατέχει.
682 1543 739 1595 '0
757 1542 813 1594 δὲ
838 1541 976 1612 έχων
1007 1540 1150 1602 τινὰ,
1179 1539 1300 1593 οὐδὲ
1326 1540 1532 1594 τούτων
1562 1541 1718 1595 ἔσται
1747 1540 1965 1612 κύριος’

390 1622 516 1677 οὔτε
540 1623 648 1695 γάρ
675 1623 835 1678 δώσει
866 1641 950 1687 τις
990 1623 1070 1694 τῷ
1107 1622 1453 1694 κεκτημένῳ,
1503 1624 1599 1677 καὶ
1629 1623 1841 1698 λῃστῶν
1875 1624 1970 1684 καὶ

391 1705 640 1760 κλεπτῶν
670 1705 762 1759 καὶ
787 1705 1137 1776 συκοφαντῶν
1168 1706 1265 1759 καὶ
1295 1704 1599 1776 μεταϐολῆς
1623 1705 1970 1776 πραγμάτων

392 1790 485 1843 καὶ
527 1788 744 1843 πάντων
780 1788 980 1859 μᾶλλον
1027 1788 1203 1854 ἔσται,
1251 1787 1285 1859 ἢ
1336 1789 1568 1856 ἐκείνου,
1621 1788 1690 1842 τὰ
1735 1789 1966 1843 ἐκείνου.

391 1875 580 1928 Πᾶσαν
607 1871 738 1942 γοῦν
767 1872 867 1942 τὴν
889 1871 1217 1942 οἰκουμένην
1244 1871 1527 1943 διέδραμεν
1550 1873 1578 1926 ὁ
1616 1871 1850 1938 Παῦλος,
1876 1874 1972 1927 οὐ·

389 1956 478 2012 δὲν
525 1955 940 2027 ἐπιφερόμενος,
980 1955 1042 2008 ού
1084 1954 1219 2025 πρὸς
1255 1955 1442 2024 φίλους
1484 1954 1683 2020 ἀπιὼν,
1715 1955 1776 2008 οὐ
1831 1955 1969 2028 πρὸς

394 2039 644 2110 συνήθεις
661 2055 675 2070 ο
700 2037 795 2091 καὶ
821 2037 929 2107 γάρ
949 2036 1127 2100 κοινὸς
1153 2038 1211 2089 ἐν
1227 2038 1367 2108 ἀρχῇ
1391 2037 1648 2106 πολέμιος
1674 2038 1840 2090 πᾶσιν
1861 2033 1929 2108 ἦν
1950 2053 1966 2070 ο

392 2122 512 2176 ἀλλ’
533 2123 683 2192 ὅμως
714 2120 784 2174 τά
823 2121 1042 2174 πάντων
1073 2115 1185 2191 εἶχε
1226 2121 1365 2192 μετά
1399 2120 1459 2174 τὸ
1497 2120 1776 2176 εἰσελθεῖν.
1823 2120 1880 2174 '0
1911 2120 1969 2175 δὲ

405 2205 655 2269 ’Δνανίας
698 2204 794 2257 καὶ
831 2205 865 2274 ἡ
895 2204 1200 2274 Σὰπφειρα,
1237 2203 1323 2257 ἶνα
1361 2202 1554 2274 μικρόν
1591 2221 1644 2256 τι
1685 2203 1793 2256 τῶν
1823 2203 1970 2256 ἰδίων

393 2288 703 2360 κτήσωνται
744 2285 1098 2349 σπεύσαντες,
1135 2287 1354 2339 πάντων
1397 2286 1654 2352 ἐξέπεσον
1702 2285 1839 2357 μετά
1877 2287 1976 2340 καὶ

393 2370 568 2441 αὐτῆς
588 2371 690 2442 τῆς
715 2370 881 2442 ζωῆς.
923 2369 1225 2440 ’Λπόστηθι
1255 2369 1436 2422 τοίνυν
1468 2368 1576 2421 τῶν
1611 2369 1743 2434 σῶν,
1789 2369 1874 2424 ἵνα
1899 2369 1977 2434 ῶς

398 2454 551 2518 ἰδίοις
572 2455 752 2526 χρήσῃ
781 2456 894 2518 τοῖς
915 2453 1237 2524 ἀλλοτρίοις.
1278 2450 1438 2506 Ἀλλά
1464 2452 1572 2522 γὰρ
1597 2452 1698 2505 οὑκ
1725 2449 1838 2505 οἰδα
1861 2451 1977 2518 πῶς

394 2539 476 2600 εἰς
496 2535 763 2607 τοσαύτην
780 2535 1072 2608 ἐξηνέχθην
1091 2533 1414 2606 ὑπερϐολὴν,
1431 2532 1744 2606 ἀνθρώποις
1755 2533 1975 2590 τοιαῦτα

395 2621 789 2692 φθεγγόμενος,
818 2615 900 2686 οἷς
941 2620 1226 2690 ἀγαπητὸν
1255 2619 1359 2674 κᾶν
1383 2617 1493 2673 τῶν
1518 2617 1687 2673 όντων
1717 2617 1976 2690 μεταδοῦσ

396 2703 487 2759 ναί
513 2720 565 2758 τι
600 2705 818 2776 μικρόν.

978 262 1040 319 S.
1073 260 1364 320 JOANNIS
1397 258 1886 319 CHRYSOSTOMI
1918 259 1975 316 Al

2078 259 2242 322 ΗΙΕΡ.
2282 261 2834 322 εοΝεσωιτιΝορ.

3552 269 3652 324 130

2133 380 2330 452 Διόπερ
2376 379 2551 443 ταῦτα
2583 381 2684 452 μὲν
2718 381 2852 452 ἡμῖν
2892 379 3032 452 πρὸς
3074 381 3201 444 τοὺς
3229 380 3472 445 τελείως
3500 384 3649 454 εἰρή-

2067 461 2177 520 σθω
2195 480 2209 498 υ
2228 465 2361 536 πρὸς
2383 463 2438 519 δέ
2462 464 2591 527 τοὺς
2613 463 2998 536 ἀτελεστέρους
3017 464 3203 518 ἐκεῖνα
3226 463 3477 534 λέγωμεν
3495 481 3505 494 ·
3523 466 3652 520 Δότε

2062 545 2170 600 τῶν
2212 545 2380 604 όντων
2407 548 2522 609 τοῖς
2551 545 2826 616 δεομένοις
2846 586 2863 612 ,
2907 544 3183 616 αὐξήσατε
3215 546 3314 617 τὴν
3339 548 3552 603 οὐσίαν.
3597 547 3651 600 ’θ

2064 623 2176 694 τὰρ
2199 623 2405 691 διδοὺς
2433 623 2666 694 πτωχῷ,
2692 625 2846 695 φησὶ,
2867 623 3117 686 δανείζει
3153 625 3298 691 Θεῷ.
3327 627 3388 681 Εἰ
3421 627 3481 682 δὲ
3501 628 3653 681 ἐπεί·

2064 721 2160 778 γῃ,
2195 707 2288 760 καί⁸
2323 708 2426 762 οὐκ
2467 707 2756 776 ἀναμένεις
2797 708 2892 766 τὸν
2939 708 3131 780 καιρὸν
3168 708 3270 779 τῆς
3305 709 3651 770 ἀντιδόσεως.

2067 789 2236 844 ἐννόει
2260 790 2386 853 τοὺς
2408 791 2479 852 τά
2504 791 2762 863 χρήματα
2789 789 3102 861 ἀνθρώποις
3121 790 3490 855 δανείζοντας.
3515 792 3653 848 Οὑᾶ

2066 870 2176 944 γὰρ
2201 865 2345 926 οὗτοι
2368 874 2714 944 παραχρῆμα
2751 873 3033 944 βούλονται
3065 875 3195 937 τοὺς
3221 875 3416 939 τόκους
3449 875 3654 930 ἀπολα-

2067 954 2204 1022 ϐεῖν,
2231 954 2367 1009 ἀλλά
2409 956 2633 1014 πλείονα
2670 956 3000 1027 ἐπιθυμοῦσι
3039 957 3233 1034 χρόνον
3268 961 3453 1028 μεῖναι
3498 957 3654 1028 παρά

2065 1040 2187 1102 ταῖς
2215 1038 2308 1092 τοῦ
2331 1038 2724 1109 δανεισαμένου
2749 1042 2906 1111 χερσὶ
2931 1041 2994 1093 τὸ
3021 1041 3337 1110 κεφάλαιον,
3374 1041 3539 1112 μόνον
3558 1042 3653 1096 ἐὰν

2067 1119 2314 1192 ἀσφαλής
2348 1122 2382 1191 ή
2411 1121 2664 1187 ἀπόδοσις
2690 1118 2747 1194 ᾖ,
2774 1123 2868 1180 καὶ
2893 1123 2969 1193 μὴ
2996 1122 3347 1182 ὑποπτεύωσι
3378 1123 3474 1178 τὸν
3501 1123 3649 1192 εἰλη-

2069 1207 2227 1276 φότα.
2253 1204 2423 1258 Τοῦτο
2449 1205 2628 1260 τοίνυν
2659 1206 2754 1267 καὶ
2774 1205 3012 1264 ἐνταῦθα
3039 1205 3312 1275 γινέσθω’
3352 1205 3492 1274 ἄφες
3519 1207 3654 1262 αὑτά

2068 1289 2221 1360 παρὰ
2241 1288 2317 1360 τῷ
2337 1289 2477 1360 Θεῷ,
2507 1291 2594 1342 ἵνα
2614 1290 2798 1362 ἀποδῷ
2822 1307 2903 1346 σοι
2923 1290 3017 1346 τὸν
3038 1291 3228 1362 μισθὸν
3245 1290 3649 1345 πολλαπλασίω.

2069 1371 2162 1442 Μὴ
2191 1371 2424 1426 ἐνταῦθα
2441 1372 2504 1426 τὸ
2528 1375 2635 1427 πᾶν
2665 1372 2819 1444 ζήτει
2835 1389 2850 1404 ⁸
2874 1373 2941 1430 ἂν
2955 1373 3064 1444 γὰρ
3085 1373 3320 1432 ἐνταῦθα
3342 1372 3497 1445 [154]
3527 1373 3653 1426 αὐτὸ

2069 1453 2347 1525 ἀπολάϐῃς
2362 1454 2502 1520 ὅλον,
2516 1455 2635 1520 πῶς
2649 1455 2902 1534 ἀπολήψῃ
2919 1457 3064 1524 ἐκεῖ;
3081 1455 3182 1516 Διὰ
3199 1456 3359 1515 τοῦτο
3373 1456 3472 1512 καὶ
3487 1458 3514 1508 ό
3528 1455 3653 1517 Θεὸς

2069 1537 2188 1590 ἐκεῖ
2206 1537 2544 1607 ταμιεύεται,
2571 1539 2668 1596 ἅτε
2689 1541 2857 1613 ἐπική
2867 1557 2960 1610 ρου
2981 1539 3079 1593 τοῦ
3101 1539 3369 1611 παρόντος
3396 1539 3518 1608 βίου
3538 1552 3652 1604 τυγο

2071 1619 2346 1692 χάνοντος.
2377 1621 2570 1676 Δίδωσι
2594 1622 2650 1676 δὲ
2677 1624 2772 1676 καὶ
2791 1622 3025 1677 ἐνταῦθα
3044 1639 3059 1653 ·
3082 1622 3323 1690 Ζητεῖτε
3343 1621 3486 1692 γὰρ,
3503 1621 3650 1688 φησι,

2073 1701 2190 1770 τὴν
2231 1703 2563 1767 βασιλείαν
2595 1703 2716 1759 τῶν
2757 1704 3053 1773 οὐρανῶν,
3095 1704 3194 1760 καί
3233 1703 3422 1758 ταῦτα
3462 1701 3653 1757 πάντα

2073 1788 2546 1853 προστεθήσεται
2568 1787 2733 1860 ὑμῖν.
2777 1787 2920 1840 Ἀλλ’
2939 1789 3102 1858 ἡμεῖς
3127 1786 3266 1858 πρὸς
3291 1785 3515 1857 ἐκείνην
3544 1785 3652 1862 pu-

2075 1886 2290 1939 πωμεν,
2326 1872 2420 1924 καὶ
2445 1871 2519 1941 μὴ
2548 1871 2901 1941 ἐπειγώμεθα
2939 1871 3078 1942 πρὸς
3107 1869 3207 1942 τὴν
3224 1869 3488 1924 ἁπάντων
3514 1869 3654 1921 ἀντί-

2074 1951 2242 2018 δοσιν,
2274 1953 2363 2007 ἴνα
2391 1955 2466 2024 μὴ
2508 1953 2905 2026 ἐλαττώσωμεν
2941 1956 3042 2026 τὴν
3075 1954 3334 2025 ἀμοιϐὴν,
3364 1953 3484 2006 ἀλλ’
3526 1953 3652 2006 ἀνα-

2078 2033 2329 2106 μένωμεν
2349 2037 2441 2089 τδν
2480 2037 2692 2108 καιρόν.
2728 2038 2802 2092 Οὐ
2829 2037 2940 2109 γὰρ
2967 2035 3199 2090 τοιοῦτοι
3229 2030 3377 2090 οῦτοι
3405 2037 3457 2089 οἱ
3486 2035 3651 2096 τόκοι,

2075 2116 2192 2170 ἀλλ’
2231 2117 2377 2182 οἴους
2419 2119 2566 2184 εἰκὸς
2617 2120 2772 2191 παρά
2815 2120 2910 2174 τοῦ
2950 2119 3088 2173 Θεοῦ
3121 2119 3385 2173 δίδοσθαι.
3421 2119 3654 2182 Τούτους

2075 2200 2256 2255 τοίνυν
2290 2202 2694 2270 συναγαγόντες
2739 2203 2880 2274 μετά
2914 2202 3193 2271 δαψιλείας
3225 2203 3450 2274 πολλῆς,
3488 2201 3653 2264 οὕτως

2071 2282 2323 2338 ἐντεῦθεν
2348 2285 2695 2356 ἀπέλθωμεν,
2728 2287 2816 2340 ἵνα
2849 2287 2947 2340 καὶ
2982 2285 3092 2339 τῶν
3120 2285 3409 2356 παρόντων
3432 2285 3532 2339 καὶ
3553 2284 3656 2337 τῶν

2075 2367 2380 2440 μελλόντων
2422 2369 2768 2441 ἐπιτύχωμεν
2813 2370 3054 2440 ἀγαθῶν,
3107 2371 3290 2440 χάριτι
3321 2371 3419 2424 καὶ
3470 2370 3654 2440 φιλανο

2073 2450 2293 2522 θρωπίᾳ
2319 2451 2414 2504 τοῦ
2448 2453 2655 2526 Κυρίου
2705 2451 2863 2524 ήμῶν
2923 2452 3098 2532 Ἰησοῦ
3144 2452 3412 2524 Χριστοῦ,
3449 2453 3568 2523 μεθ’
3597 2445 3655 2504 οδ

2070 2534 2152 2606 τῷ
2199 2535 2374 2607 Πατρὶ
2435 2536 2552 2606 ἅμα
2603 2534 2681 2606 τῷ
2723 2537 2863 2606 ἁγίῳ
2908 2535 3192 2607 Πνεύματι
3240 2536 3393 2604 δόξα,
3437 2536 3656 2607 κράτος.

2071 2615 2230 2688 τιμή,
2263 2616 2358 2670 νῦν
2379 2617 2474 2672 καὶ
2498 2617 2606 2685 ἀεὶ,
2643 2619 2738 2672 καὶ
2775 2621 2856 2683 εἰς
2878 2619 3008 2684 τοὺς
3045 2619 3252 2686 αἰῶνας
3283 2619 3397 2674 τῶν
3427 2619 3654 2677 αἰώνων.

2087 2699 2284 2772 ⁹Δμήν.

1821 3083 2069 3144 ΟΜΙΔΙΛ
2105 3083 2224 3151 ις’.

396 3221 668 3294 Ἔγραψα
690 3217 832 3290 ὑμῖν
863 3217 932 3272 ἐν
963 3215 1039 3286 τῇ
1078 3215 1376 3285 ἐπιστολῇ
1397 3215 1484 3286 μὴ
1523 3217 1983 3288 συναναμίγνυ-

464 3309 607 3367 σθαι
631 3303 876 3371 πόρνοις
897 3318 912 3333 ·
953 3301 1054 3356 καί
1082 3302 1154 3355 οὑ
1175 3299 1413 3366 πάντως
1435 3298 1561 3366 τοῖς
1587 3302 1840 3370 πόρνοις
1873 3302 1980 3356 τοῦ

463 3387 695 3455 κόσμου
718 3384 952 3449 τούτου,
988 3385 1027 3451 ἢ
1057 3381 1452 3448 πλεονέκταις
1478 3381 1516 3450 ἢ
1547 3381 1810 3451 ἅρπαξιν
1837 3383 1875 3452 ἢ
1897 3385 1980 3437 εἰ·

465 3467 870 3536 δωλολάτραις
889 3483 904 3498 ·
940 3466 1069 3520 ἐπεὶ
1093 3467 1363 3536 ὀφείλετε
1383 3463 1498 3533 ἆρα
1517 3465 1585 3520 ἐκ
1610 3465 1717 3520 τοῦ
1748 3465 1981 3536 κόσμου

466 3549 756 3617 ἐξελθεῖν.
790 3550 943 3604 Νυνί
982 3547 1052 3602 δὲ
1086 3548 1320 3618 ἔγραψα
1349 3547 1494 3618 ὑμῖν
1533 3547 1615 3618 μὴ
1646 3547 1981 3619 συναναμιο

468 3637 746 3708 τνυσθαι,
805 3631 914 3686 ἐάν
975 3650 1067 3699 τις
1121 3630 1386 3700 ἀδελφὸς
1457 3630 1890 3702 ὀνομαζόμενος
1939 3625 1984 3704 ᾗ

467 3721 690 3789 πόρνος
719 3715 757 3784 ἢ
788 3714 1155 3782 πλεονέκτης
1182 3713 1220 3782 ἢ
1250 3711 1690 3782 εἰδωλολάτρης
1720 3711 1759 3783 ἢ
1793 3713 1983 3783 μέθυ-

467 3819 580 3871 σος
608 3803 646 3870 ἢ
676 3799 948 3870 λοίδορος
968 3800 1006 3869 ἢ
1029 3798 1248 3871 ἅρπαξ,
1284 3795 1364 3866 τῷ
1392 3797 1638 3868 τοιούτω
1653 3797 1810 3872 μηδὲ
1835 3814 1985 3855 συν-

464 3886 714 3941 εσθίειν.

471 4063 542 4111 α’.
567 4054 790 4127 Ἐπειδὴ
817 4052 923 4125 γὰρ
947 4048 1118 4117 εἶπεν,
1147 4051 1293 4123 Οὐχί
1318 4050 1562 4124 μᾶλλον
1586 4051 1983 4122 ἐπενθήσατε,

399 4143 501 4198 ινα
523 4137 744 4207 ἐξαρθῇ
779 4140 810 4192 ό
838 4136 1124 4203 τοιοῦτος,
1154 4136 1269 4199 καὶ,
1309 4133 1701 4204 Ἐκκαθὰρατε
1733 4135 1848 4204 τὴν
1869 4151 1984 4190 πα-

398 4225 580 4284 λαιὰν
607 4223 826 4292 ζύμην,
869 4221 964 4275 καὶ
1007 4219 1155 4284 εἰκὸς
1189 4215 1256 4291 ἦν
1295 4219 1493 4284 αὐτοὺς
1522 4218 1859 4274 ὑποπτεῦσαι
1902 4220 1984 4274 ὅτι

401 4310 612 4372 πάντας
642 4307 768 4369 τοὺς
807 4304 1036 4376 πόρνους
1060 4305 1142 4357 δεῖ
1167 4302 1389 4373 φεύγειν
1412 4303 1482 4372 (εἰ
1519 4303 1628 4372 γάρ
1659 4303 1984 4374 μεταδίδωσι

399 4396 498 4462 τῆς
523 4391 729 4455 οἰκείας
753 4389 931 4460 λύμης
952 4391 980 4442 ό
1004 4385 1342 4459 ἡμαρτηκὼς
1358 4388 1468 4451 τοῖς
1493 4386 1592 4457 οὐχ
1614 4387 1981 4458 ἡμαρτηκόσι,

399 4474 582 4546 πολλῷ
623 4473 824 4545 μᾶλλον
866 4473 992 4535 τοὺς
1029 4470 1226 4536 ἔξωθεν
1267 4468 1710 4540 ἀποστρέφεσθαι
1741 4471 1846 4542 χρή
1874 4486 1890 4501 ο
1933 4473 1983 4526 εί

398 4560 508 4632 γάρ
537 4557 632 4612 τοῦ
671 4556 874 4610 οἰκείου
904 4555 965 4608 ού
997 4555 1078 4608 δεῖ
1106 4552 1386 4623 φείδεσθαι
1413 4552 1500 4606 διὰ
1532 4552 1594 4605 τὸ
1634 4552 1892 4623 τοιαύτην
1921 4553 1982 4620 ἐξ

399 4643 564 4704 αὑτοῦ
599 4640 802 4711 βλάϐην
832 4638 1114 4707 γίνεσθαι,
1156 4636 1336 4706 πολλῷ
1370 4635 1571 4706 μᾶλλον
1611 4635 1719 4688 τῶν
1749 4635 1980 4706 mm)-

399 4727 591 4784 τούτου
635 4725 690 4778 δέ
729 4721 1124 4793 ύπονοουμένου
1155 4719 1370 4788 ἀνάγκη
1412 4715 1482 4789 ἦν
1525 4716 1854 4788 χωρίζεσθαι
1890 4721 1984 4774 καὶ

400 4810 508 4868 τῶν
549 4807 678 4878 παρ’
708 4806 932 4875 Ἕλλησι
979 4803 1213 4874 πόρνων,
1259 4801 1354 4854 καὶ
1383 4800 1556 4862 οὕτως
1601 4803 1680 4863 εἰς
1719 4800 1984 4856 ἀδύνατον

401 4891 495 4946 τοῦ
529 4891 852 4960 πράγματος
884 4886 1336 4959 περιισταμένου,
1376 4885 1640 4956 μειζόνως
1669 4885 1734 4938 ἂν
1763 4885 1982 4958 ἐδυσχέ-

407 4991 583 5048 ρανον,
645 4975 712 5042 τῇ
771 4967 1149 5041 ἐπιδιορθώσει
1194 4969 1365 5040 ταύτῃ
1424 4968 1712 5040 κέχρηται,
1765 4968 1980 5036 λέγων·

406 5060 676 5126 Ἔγραψα
702 5053 841 5123 ὑμῖν
862 5053 948 5122 μὴ
976 5055 1541 5122 συναναμίγνυσθαι
1568 5053 1815 5119 πόρνοις
1836 5070 1849 5083 °
1885 5054 1983 5110 καί

402 5143 474 5198 οὐ
499 5139 737 5202 πάντως
772 5135 897 5202 τοῖς
927 5136 1174 5203 πόρνοις
1199 5134 1306 5188 τοῦ
1339 5137 1571 5206 κόσμου
1600 5135 1819 5188 τούτου
1846 5150 1858 5163 ’
1896 5136 1978 5200 τὸ,

402 5223 667 5287 Πάντως,
701 5220 776 5283 ὼς
807 5221 900 5272 ἐπὶ
930 5217 1352 5289 ὡμολογημένου
1385 5220 1574 5282 τιθείς.
1608 5218 1728 5274 ’Ὶνα
1755 5217 1863 5290 γάρ
1905 5220 1983 5292 μὴ

401 5306 719 5378 νομίσωσιν,
765 5305 848 5357 ὅτι
894 5302 970 5366 ὡς
1014 5303 1387 5374 ἀτελεστέροις
1442 5303 1622 5364 αὐτοῖς
1665 5300 1836 5358 ’τοῦτο
1883 5304 1984 5356 οῦκ

401 5387 653 5454 ἐπέταξε,
696 5387 791 5440 καὶ
822 5385 897 5450 ὼς
929 5385 1125 5437 τέλειοι
1171 5384 1330 5456 δῆθεν
1373 5385 1502 5437 αὐτὸ
1538 5383 1739 5454 πρᾶξαι
1770 5385 1982 5458 ἐπιχει-

404 5474 634 5544 ρήσωσι,
670 5469 943 5523 δείκνυσιν
983 5469 1066 5522 ὅτι
1109 5469 1232 5522 οὐδὲ
1268 5467 1490 5520 δυνατὸν
1519 5468 1676 5520 τοῦτο
1703 5469 1979 5537 γενέσθαι,

399 5561 522 5615 οὐδὲ
565 5561 614 5613 εί
653 5558 856 5629 σφόδρα
897 5556 1198 5628 βούλοιντο·
1243 5555 1365 5608 ἐπεὶ
1411 5555 1604 5624 ἑτέραν
1648 5555 1977 5626 οἰκουμένην

398 5645 506 5698 ἔδει
530 5643 783 5715 ζητῆσαι.
815 5643 906 5695 Διὸ
932 5641 1026 5696 καὶ
1045 5641 1344 5712 ἐπήγαγεν·
1392 5639 1448 5689 Ἐ
1452 5638 1548 5691 πεί
1573 5639 1843 5706 ὀφείλετε
1865 5637 1980 5706 ἄρα

399 5728 468 5782 ἐκ
502 5726 609 5783 τοῦ
651 5727 882 5796 κόσμου
929 5724 1222 5791 ἐξελθεῖν.
1261 5718 1417 5786 Εἶδες
1454 5722 1571 5795 πῶς
1621 5723 1768 5777 ἐστιν
1801 5724 1978 5778 ἀνεπ-

404 5811 590 5885 αχθὴς,
624 5813 717 5867 καὶ
760 5810 1039 5884 πανταχοῦ
1067 5811 1129 5864 ού
1155 5809 1214 5863 τὸ
1239 5809 1462 5864 δυνατὸν
1499 5806 1678 5878 μόνον,
1707 5806 1840 5862 ἀλλὰ
1884 5809 1979 5864 καὶ

2091 3218 2156 3272 τὸ
2181 3217 2403 3274 εὔκολον
2431 3221 2530 3293 τῆς
2551 3223 2875 3294 νομοθεσίας
2914 3225 3110 3278 σκοπεῖ
3132 3242 3147 3293 ;
3174 3223 3302 3290 Πῶς
3329 3226 3440 3299 γὰρ
3464 3226 3547 3282 ἔνι
3569 3229 3662 3288 ἄνα

2085 3299 2307 3372 θρωπον
2337 3303 2488 3368 ὄντα,
2531 3306 2685 3378 φησί,
2722 3307 2816 3360 καὶ
2851 3305 3029 3374 οἰκίας
3057 3308 3149 3360 καὶ
3180 3308 3389 3364 παίδων
3417 3313 3664 3380 προῖστά-

2087 3402 2268 3456 μενον,
2304 3388 2397 3440 καὶ
2420 3387 2490 3440 τά
2519 3389 2620 3458 τῆς
2645 3389 2851 3455 πόλεως
2891 3392 3222 3462 πράττοντα,
3251 3392 3286 3464 ἢ
3318 3395 3664 3467 χειροτέχνην

2083 3469 2294 3542 ϐντα,ἢ
2341 3474 2788 3544 στρατευόμενον,
2823 3473 2933 3529 τῶν
2965 3475 3230 3529 πλειόνων
3270 3477 3442 3532 ὄντων
3475 3475 3662 3551 Ἐλλή-

2082 3571 2210 3619 νων,
2240 3556 2368 3620 τοὺς
2397 3557 2674 3630 πανταχοῦ
2705 3557 2936 3630 πόρνους
2970 3558 3192 3628 φεύγειν
3221 3577 3237 3627 ;
3287 3562 3527 3633 πόρνους
3559 3563 3662 3634 γὰρ

2083 3635 2237 3710 [1⁸55]
2265 3639 2468 3711 κόσμου
2508 3643 2634 3704 τοὺς
2663 3641 2814 3713 παρὰ
2849 3643 2964 3705 τοῖς
2993 3641 3220 3713 Ἕλλησι
3239 3643 3411 3714 λέγει.
3435 3647 3570 3704 Νῦν
3599 3646 3664 3703 δέ

2083 3717 2319 3787 ἔγραψα
2367 3719 2529 3790 ὑμῖν,
2578 3719 2688 3774 ἐάν
2734 3738 2824 3786 τις
2864 3720 3130 3790 ἀδελφὸς
3164 3717 3206 3793 ᾖ
3251 3725 3541 3789 τοιοῦτος,
3589 3724 3665 3791 τῷ

2087 3803 2336 3867 τοιούτῳ
2375 3802 2534 3874 μηδὲ
2575 3805 2946 3862 συνεσθίειν.
3001 3805 3264 3860 Ἐνταῦθα
3307 3808 3404 3862 καὶ
3448 3809 3666 3881 ἐτέρους

2084 3884 2376 3939 αἰνίττεται
2414 3886 2471 3938 ἐν
2500 3887 2734 3959 πονηρίᾳ
2761 3887 2989 3952 ζῶντας.
3022 3889 3134 3944 Καὶ
3163 3889 3280 3957 πῶς
3316 3891 3546 3961 ἀδελφίρς
3571 3891 3663 3957 ῶν,

2085 3969 2480 4042 εἰδωλολάτρης
2516 3967 2656 4026 εἶναι
2687 3971 2944 4039 δύναταις
2991 3972 3082 4036 Ὦς
3125 3975 3219 4027 ἐπὶ
3252 3975 3365 4029 τῶν
3396 3977 3667 4048 Σαμαρειο

2083 4053 2195 4110 τῶν
2254 4056 2448 4126 συνέϐη
2501 4055 2652 4120 ποτέ,
2706 4056 2756 4110 οἳ
2807 4056 2866 4126 ἐξ
2918 4057 3174 4128 ἡμισείας
3229 4058 3328 4130 τὴν
3386 4060 3669 4120 εὐσέϐειαν

2087 4137 2347 4220 ᾑροῦντο⁹
2400 4139 2574 4202 ἄλλως
2611 4139 2669 4192 δὲ
2713 4139 2808 4194 καὶ⁵
2851 4141 3359 4214 προκαταϐάλλεται
3405 4142 3498 4200 τὸν
3545 4142 3671 4214 περὶ

2085 4223 2193 4276 τῶν
2223 4221 2585 4277 εἰδωλοθύτων
2621 4221 2798 4290 λόγον,
2838 4223 2897 4278 ὃν
2930 4224 3070 4294 μετὰ
3108 4223 3283 4285 ταῦτα
3325 4225 3519 4296 μέλλει
3578 4244 3672 4295 γυ-

2087 4303 2332 4378 μνάζειν.
2367 4306 2436 4360 Ἠ
2454 4304 2842 4372 πλεονέκτης.
2878 4305 2988 4360 Καὶ
3018 4307 3126 4377 γὰρ
3150 4308 3245 4361 καὶ
3271 4308 3416 4380 ,πρὸς
3451 4309 3675 4371 τούτους

2087 4388 2381 4442 ἀποδύεται
2408 4405 2420 4418 ο
2471 4388 2552 4441 διὸ
2598 4389 2692 4443 καὶ
2737 4389 2912 4460 ἐλεγεο
2954 4391 3058 4444 Διὰ
3091 4391 3150 4443 τι
3205 4393 3318 4445 οὐκ
3368 4391 3675 4452 ἀδικεῖσθε

2081 4470 2364 4542 pall/Iov;
2391 4471 2488 4526 διὰ
2531 4472 2591 4525 τι
2631 4473 2743 4526 οὐκ
2799 4473 3260 4542 ἀποστερεῖσθε
3301 4475 3450 4540 ,ἀλλ’
3504 4476 3678 4546 ὑμεῖς

2088 4554 2346 4609 ἀδικεῖτε
2369 4554 2468 4609 καί
2497 4553 3068 4622 ἀποστερεῖτε.-“Η
3087 4556 3378 4626 μέθυσος.
3413 4561 3528 4614 Καὶ
3567 4560 3676 4629 γάρ

2084 4638 2180 4692 καὶ
2212 4637 2371 4692 τοῦτο
2397 4637 2621 4706 ἐγκαλεῖ
2656 4637 2882 4708 προῖὼν,
2929 4637 3005 4704 ῶς
3048 4640 3176 4693 ὅταν
3217 4640 3350 4712 λέγῃ
3373 4657 3388 4670 °
3427 4644 3530 4709 Ὃς

2083 4721 2281 4790 πεινᾷ,
2316 4721 2384 4787 ὃς
2416 4721 2485 4775 δὲ
2506 4723 2714 4791 μεθύει
2735 4737 2747 4750 ·
2776 4723 2892 4792 καὶ,
2933 4722 3015 4776 Τὰ
3033 4721 3324 4793 βρώματα
3344 4723 3423 4794 τῇ
3446 4726 3673 4794 κοιλίᾳ,

2084 4807 2185 4860 καί
2215 4808 2253 4876 ἡ
2287 4807 2486 4860 κοιλία
2519 4805 2645 4872 τοῖς
2682 4806 3020 4877 βρώμασιν.
3056 4808 3126 4874 Ἦ
3159 4809 3467 4877 λοίδορος,
3497 4811 3540 4878 ἢ
3576 4809 3678 4878 dp-

2083 4889 2228 4953 παξ.
2268 4889 2380 4942 Καὶ
2428 4888 2537 4960 γάρ
2580 4889 2672 4943 καὶ
2707 4892 2919 4956 τούτοις
2956 4891 3289 4962 ἐπετίμησεν
3334 4891 3675 4964 ἔμπροσθεν.

2084 4969 2217 5026 Εἶτα
2245 4973 2338 5025 καὶ
2363 4973 2460 5042 τὴν
2491 4972 2670 5026 αἰτίαν
2693 4965 3040 5045 προστίθησι,
3070 4974 3136 5027 δι’
3161 4975 3225 5044 ἣν
3243 4975 3305 5027 ού
3338 4975 3546 5034 κωλύει
3564 4977 3681 5038 τοῖς

2084 5057 2284 5125 ἔξωθεν
2315 5056 2576 5122 τοιούτοις
2611 5053 2763 5111 οῦσιν
2798 5057 3221 5128 ἀναμίγνυσθαι,
3251 5059 3472 5122 δεικνὺς
3499 5060 3590 5118 ὅτι
3615 5058 3678 5111 ού

2087 5142 2248 5212 μόνον
2285 5141 2344 5192 ού
2398 5140 2640 5206 δυνατὸν,
2676 5139 2811 5193 ἀλλά
2851 5142 2945 5196 καὶ
2980 5141 3236 5212 περιττόν
3261 5157 3277 5173 ο
3317 5140 3386 5198 Τί
3421 5144 3536 5213 γάρ
3573 5159 3680 5212 μοι

2085 5225 2184 5280 καί
2218 5225 2358 5292 τοὺς
2396 5224 2619 5289 ἔξωθε-ν
2659 5225 2918 5294 κρίνειν;
2946 5227 3075 5290 τοὺς
3111 5225 3222 5288 ἔσω
3247 5225 3344 5288 καὶ
3378 5228 3508 5294 τοὺς
3535 5225 3677 5290 ἔξω,

2084 5309 2209 5373 τοὺς
2256 5307 2615 5379 Χριστιανοὺς
2654 5307 2751 5360 καὶ
2781 5308 2907 5372 τοὺς
2938 5307 3211 5377 Ἕλληνας
3252 5308 3457 5371 καλῶν,
3488 5309 3678 5370 καθὼς

2085 5395 2178 5448 καὶ
2205 5393 2438 5462 ἀλλαχοῦ
2472 5409 2605 5462 φησι
2627 5407 2640 5420 ⁸
2673 5391 2774 5445 Δεῖ
2795 5391 2863 5444 δὲ
2889 5391 2990 5456 καί
3015 5393 3348 5461 μαρτυρίαν
3371 5393 3542 5461 ἔχειν
3559 5395 3676 5453 ,αὺ-

2082 5477 2190 5530 τὸν
2216 5476 2418 5542 καλὴν
2444 5474 2564 5530 ὑπὸ
2595 5473 2712 5527 τῶν
2747 5473 2990 5540 ἔξωθεν.
3039 5475 3151 5528 Καὶ
3190 5477 3247 5528 ὲν
3271 5479 3337 5550 τῇ
3365 5476 3502 5546 πρὸς
3529 5476 3671 5528 Θεσ-

2085 5557 2404 5621 σαλονικέας
2433 5558 2491 5611 δὲ
2535 5557 2821 5628 Ἐπιστολῇ
2862 5557 2924 5609 τὸ
2963 5557 3098 5611 αὑτό
3139 5575 3272 5630 φησι
3299 5551 3474 5627 λέγων
3506 5575 3520 5589 ο
3570 5556 3672 5626 Μὴ

2083 5641 2620 5710 συναναμίγνυσθε
2667 5639 2848 5708 αὐτῷ,
2887 5641 2987 5696 ἵνα
3016 5640 3283 5711 ἐντραπῇ
3300 5659 3316 5672 ‘
3349 5640 3554 5711 καὶμὴ
3585 5640 3664 5704 ὡς

2084 5723 2300 5798 ἐχθρὸν
2355 5723 2619 5793 ἡγεῖσθε,
2664 5725 2829 5778 ἀλλὰ
2868 5724 3206 5787 νουθετεῖτε
3243 5725 3329 5792 ὡς
3365 5724 3659 5793 ἀδελφόν.

2097 5805 2359 5862 Ἐνταῦθα
2386 5808 2570 5879 μέντοι
2619 5808 2718 5878 τὴν
2768 5807 2949 5865 αἰτίαν
2994 5811 3056 5863 ού
3089 5807 3304 5882 τίθησι.
3336 5808 3402 5864 Τί
3433 5805 3658 5878 δήποτες
