3838 6214
170 214 252 280 "9
1166 194 1235 254 ιΝ
1269 192 1483 254 EPIST.
1522 192 1545 249 1
1606 191 1686 249 ΑΕ

1931 188 2158 248 HOMIL
2198 188 2339 247 XVI.
3307 195 3411 259 {30

168 333 280 397 nihil
317 327 497 391 habet,
549 320 790 379 omnium
844 316 984 374 bona
1023 313 1299 386 possidet?
1327 318 1507 368 annon
1552 308 1723 365 multo
1830 312 1885 363 et
1906 317 1938 359 a
1966 302 2077 360 vita
2101 303 2288 397 simul.
2312 301 2557 359 Abscede
2585 301 2747 374 igitur
2774 318 2805 360 a
2835 304 2959 374 luis,
2985 314 3046 362 ut
3082 305 3281 367 alienis
3296 319 3412 368 uta.

170 395 314 498 λυθείς
355 420 447 476 me
489 414 581 487 qui
625 413 865 469 omnium
908 408 1048 464 bona
1095 404 1289 460 habet?
1320 403 1688 498 ‘Nequaquam-
1706 410 1723 466 ;
1829 399 1905 498 ris
1932 397 2087 498 quasi
2109 395 2361 498 propriis.
2389 397 2466 498 At
2487 396 2628 498 enim
2659 398 2841 498 nescio
2859 399 3132 498 quomodo
3167 399 3219 455 in
3255 403 3402 498 hanc

176 488 268 579 sed
281 520 449 572 totum
474 506 821 567 contrarium.
847 502 981 558 Nam
1020 501 1111 571 qui
1140 498 1274 553 nihil
1318 496 1518 561 habet,
1544 490 1723 548 omnis
1829 489 2163 564 hyperbolen
2182 489 2394 545 delatus
2423 489 2544 553 sim,
2586 488 2830 544 homines
2850 488 3147 560 alloquens,
3178 493 3269 563 qui
3303 495 3412 549 uti.

173 615 255 671 bus
292 608 540 676 imperat,
568 607 629 655 ut
661 606 717 653 et
744 595 821 651 illi
856 593 1163 650 faciebant:
1193 602 1382 645 omnes
1429 587 1575 642 enim
1831 582 2065 676 namrvel
2088 582 2351 676 tantillum
2382 594 2606 676 suorum
2635 589 2879 676 erogent.

170 704 331 762 urbem
368 672 566 751 domus
612 689 742 760 ipsis
757 695 911 744 erant
955 693 1154 755 apertae
1176 718 1195 751 ,
1245 681 1575 752 gratiamque
1620 674 1726 733 illis
1903 672 2255 744 Eleanosynee
2279 674 2432 729 bona.
2464 698 2533 714 -ι
2554 672 2680 729 ideo
2701 673 2815 729 haec
2845 675 3251 745 perfectioribus
3272 674 3416 735 dicta

174 791 421 853 habebant
457 785 548 857 qui
578 778 915 852 excipiebant
944 780 1088 847 ipsos
1117 816 1132 841 ,
1160 783 1216 831 et
1242 785 1507 844 tamquam
1534 771 1602 826 ad
1631 783 1727 826 co-
1833 772 1864 853 a
1894 766 2049 821 nobis
2076 774 2234 857 sunto
2259 782 2274 832 ;
2310 764 2796 857 imperfectioribus
2833 780 2961 821 vero
3006 768 3094 821 illa
3126 768 3365 824 dicamus
3398 785 3413 824 :

169 889 336 957 gnatos
376 885 433 933 et
472 854 673 930 amicos
724 870 1030 926 veniebant.
1067 867 1443 936 Veneruntque
1483 864 1550 918 ad
1594 874 1727 933 pur-
1834 857 1965 913 Date
2008 854 2193 957 egenis
2230 857 2492 957 ecbonis
2530 856 2743 956 vestris,
2780 866 2969 957 augete
3016 858 3293 915 facultates
3318 873 3419 957 ‘ve‘

173 944 417 1046 purariam
439 1007 456 1034 ,
479 975 533 1022 et
559 965 647 1020 illa
677 964 828 1035 quasi
848 960 1040 1017 ancilla
1070 972 1165 1013 sua
1187 958 1318 1028 ipsis
1359 956 1642 1026 apposuit;
1675 962 1765 1010 et'
1835 955 1973 1046 sth
2000 965 2014 1001 :
2046 944 2187 1046 litim
2207 946 2325 1046 qui
2349 948 2452 1046 fiat
2503 947 2973 1046 pauperiaimuit,
3000 952 3275 1021 {teneretur
3307 948 3419 1006 Deo

171 1036 229 1125 id
255 1060 481 1119 carceris
527 1056 804 1113 custodem
833 1094 850 1123 ,
896 1063 952 1109 et
990 1053 1083 1108 ille
1128 1060 1295 1106 totam
1350 1050 1481 1120 ipsis
1512 1048 1731 1103 domum
1838 1036 1859 1109 (
1888 1039 2038 1093 Prov.
2072 1038 2160 1093 i9.
2200 1036 2319 1109 17).
2347 1037 2402 1093 Si
2433 1047 2610 1094 autem
2649 1036 2888 1105 festinas,
2917 1050 2972 1095 et
3000 1055 3105 1094 non
3138 1051 3417 1112 exspectas

174 1154 361 1228 aperuit
385 1168 402 1219 ;
429 1160 487 1207 et
514 1150 582 1206 ad
607 1150 740 1205 alios
770 1149 1098 1203 innumeros.
1129 1144 1218 1200 Sic
1244 1142 1422 1198 omnia
1440 1140 1730 1206 habebant,
1837 1140 2050 1228 tentem}
2075 1132 2480 1197 retributionis;
2521 1132 2693 1228 008i“!
2716 1146 2820 1228 _e_08
2856 1134 2944 1228 {illi
2978 1134 3229 1228 pecunias
3252 1135 3424 1188 homi-

174 1218 225 1305 εἰ
267 1218 393 1303 nam
422 1242 792 1316 possidebant.
823 1238 967 1294 me,“
1017 1237 1160 1294 enim
1190 1246 1410 1291 suorum
1457 1233 1561 1288 sibi
1605 1240 1735 1302 pro-
1839 1218 1999 1277 nibus
2019 1221 2346 1316 ftenerantur
2375 1232 2518 1316 :nec
2540 1222 2681 1277 enim
2715 1221 2767 1276 hi
2787 1222 2975 1316 volunt
2999 1224 3175 1316 statim
3206 1238 3424 1280 usuram

174 1340 334 1413 prium
358 1314 479 1393 esse
503 1334 792 1392 dicebant:
824 1331 1052 1401 ideoque
1079 1328 1260 1386 omnia
1289 1334 1385 1382 sua
1412 1332 1587 1381 erant.
1637 1324 1739 1413 Qui
1840 1316 2106 1413 corripere.
2131 1315 2245 1413 fed
2274 1315 2517 1413 ⁸«ευρῖυιηι
2556 1323 2614 1368 ιιι
2648 1314 3039 1413 ςερξιιρηιθίθνί
3087 1324 3331 1413 tempore
3372 1319 3429 1413 in

176 1404 303 1489 enim
329 1428 506 1484 omnia
533 1425 842 1483 communia
868 1430 1042 1495 putat,
1074 1434 1179 1477 non
1217 1418 1332 1475 suis
1359 1425 1563 1473 tantum
1591 1426 1618 1482 ,'
1641 1408 1740 1471 sed
1844 1419 2033 1461 manus
2057 1405 2317 1461 debitoris
2335 1414 2571 1471 maneat»
2589 1406 2682 1475 ii"i
2710 1404 2775 1460 ad
2804 1404 2980 1461 ίωηυε
3009 1408 3234 1477 κυδρὴν
3263 1408 3428 1463 ιηοάο

174 1530 225 1579 et
249 1520 435 1576 alienis
463 1524 645 1573 utetur
663 1523 722 1571 ut
760 1512 994 1586 propriis
1023 1528 1037 1567 :
1060 1511 1153 1582 qui
1179 1516 1359 1565 autem
1385 1505 1659 1562 abscindit
1684 1504 1743 1561 et
1844 1505 1956 1552 tuta
1984 1498 2053 1553 sit
2077 1498 2307 1552 redditio
2336 1513 2434 1553 nec
2458 1507 2740 1567 suspectus
2768 1498 2839 1553 sit
2863 1500 2911 1554 is
2939 1500 3029 1570 qui
3055 1502 3282 1571 accepit.
3318 1501 3432 1556 Hoc

174 1620 230 1671 se
251 1618 465 1668 suorum
492 1616 698 1663 tantum
725 1606 1002 1662 dominum
1028 1602 1178 1669 facit,
1208 1612 1387 1670 neque
1414 1598 1607 1654 horum
1634 1595 1740 1652 dos
1844 1587 2010 1658 igitur
2053 1588 2139 1643 hic
2170 1603 2385 1659 quoque
2424 1588 2515 1643 fiat
2541 1606 2554 1643 :
2582 1588 2792 1645 dimitte
2822 1590 2911 1645 illa
2954 1590 3095 1661 apud
3141 1593 3307 1647 Deum
3329 1632 3345 1655 ,
3372 1602 3435 1648 ut

175 1704 341 1760 minus
361 1701 488 1757 erit.
512 1700 581 1755 Et
604 1697 711 1754 hoc
734 1697 804 1753 ab
841 1694 1089 1765 exemplo
1113 1692 1304 1763 liquet.
1328 1688 1437 1757 Qui
1463 1687 1597 1742 nihil
1630 1701 1747 1741 om-
1845 1680 2039 1736 reddat
2068 1679 2165 1735 tibi
2210 1679 2615 1750 multiplicatam
2659 1682 2989 1737 mercedem.
3029 1682 3106 1738 Ne
3148 1683 3234 1739 hic
3265 1692 3436 1738 totum

174 1795 292 1851 nino
315 1791 591 1864 possidet,
640 1800 816 1860 neque
840 1787 1060 1843 domum
1105 1792 1278 1855 neque
1302 1794 1543 1838 mensam
1571 1789 1747 1850 neque
1846 1784 2060 1864 quaeras
2084 1786 2107 1864 τί
2127 1772 2176 1864 si
2200 1772 2358 1864 enim
2412 1771 2501 1864 hic
2527 1780 2696 1864 totum
2723 1775 2953 1843 recipias
2978 1813 2993 1838 ,
3026 1775 3296 1845 quomodo
3324 1775 3438 1831 illic

172 1861 488 1958 superﬂuam
518 1890 757 1949 vestem,
804 1879 898 1936 sed
925 1884 1143 1949 prOpter
1164 1877 1331 1932 Deum
1363 1872 1611 1929 omnibus
1640 1870 1751 1941 pri-
1847 1861 2115 1958 recipies?
2144 1862 2287 1958 ideo
2311 1870 2368 1958 et
2415 1863 2558 1958 Deus
2586 1862 2698 1918 iilic
2736 1864 3070 1920 reconditum
3097 1875 3264 1933 tenet,
3292 1866 3439 1936 quod

174 1954 340 2042 vaiur,
366 1974 744 2030 communibus
773 1969 1087 2042 utpropriis
1114 1968 1301 2031 utitur,
1325 1975 1379 2021 et
1402 1965 1472 2020 ab
1499 1961 1750 2018 omnibus
1852 1955 1960 2010 Vita
1991 1955 2106 2010 haec
2134 1954 2276 2010 ﬂuxa
2306 1956 2397 2011 sit.
2441 1955 2542 2010 Dat
2580 1964 2757 2011 tamen
2806 1967 2863 2013 et
2909 1958 2996 2012 hic
3039 1974 3254 2030 quoque
3297 1976 3311 2013 :
3362 1961 3441 2015 ait

173 2078 518 2140 quascumque
543 2062 776 2119 voluerit
802 2061 1068 2129 accipiet:
1094 2067 1153 2113 et
1178 2058 1257 2113 sic
1286 2056 1378 2126 qui
1404 2054 1538 2109 nihil
1566 2053 1749 2121 habet,
1852 2047 2005 2102 enim
2034 2065 2047 2101 :
2350 2062 2564 2140 regnum
2588 2047 2854 2115 calorum,
2879 2058 2927 2101 et
2963 2048 3071 2102 lucc
3097 2051 3265 2103 omnia
3304 2050 3443 2121 adji-

174 2138 409 2216 omnlem
440 2157 581 2212 bona
609 2155 873 2226 possidet.
900 2152 1003 2219 Qui
1034 2161 1214 2205 autem
1246 2149 1410 2204 habet
1437 2149 1653 2218 aliqua,
1683 2162 1753 2203 ne
1852 2140 2051 2193 cientur
2065 2138 2435 2211 oobis(dlatth.
2460 2140 2513 2194 6.
2537 2140 2647 2211 35).
2672 2139 2778 2195 Sed
2799 2155 2898 2195 nos
2926 2141 2991 2195 ad
3022 2141 3151 2196 illud
3183 2143 3440 2214 respicia-

176 2249 362 2306 horum
380 2246 603 2318 quidem
622 2245 875 2300 dominus
903 2242 1028 2298 erit.
1061 2240 1245 2312 Nalue
1270 2240 1416 2297 enim
1442 2238 1592 2295 dabit
1633 2236 1755 2309 quis
1858 2244 1999 2296 11118,
2028 2238 2084 2284 ει
2112 2244 2180 2285 ne
2206 2230 2520 2286 festinemus
2545 2231 2613 2285 ad
2642 2231 2880 2286 omnium
2908 2233 3318 2289 retributionem
3343 2274 3360 2303 ,
3388 2243 3449 2291 ut

174 2339 503 2414 possidenti;
528 2346 585 2393 et
610 2337 878 2391 latronum
902 2342 964 2390 et
1006 2332 1184 2388 furum
1219 2340 1275 2387 et
1300 2331 1754 2402 sycophantarum
1858 2335 1929 2414 ne
1958 2322 2264 2414 minuemus
2288 2322 2627 2388 mercedem;
2659 2322 2755 2378 sed
2798 2332 3009 2395 tempus
3045 2336 3442 2394 exspectemus.

179 2411 559 2489 etmutationis
600 2441 804 2492 rerum,
838 2434 900 2481 et
924 2424 1164 2479 omnium
1218 2422 1391 2493 magis
1424 2430 1584 2491 quam
1612 2420 1757 2474 illius
1856 2411 1977 2467 Non
2007 2412 2150 2467 enim
2199 2413 2334 2469 tales
2363 2422 2488 2469 sunt
2519 2414 2600 2469 Ita:
2647 2428 2861 2481 usurae,
2912 2416 3008 2471 sed
3037 2418 3227 2487 quales
3264 2434 3293 2472 a
3328 2418 3439 2474 Deo

175 2524 450 2581 hecboua
469 2528 652 2578 erant.
681 2519 875 2576 Totum
901 2518 1050 2573 enim
1069 2516 1255 2572 orbem
1282 2512 1755 2586 pervasitPaulus,
1858 2503 1977 2558 dari
2010 2518 2105 2573 par
2122 2512 2225 2559 est.
2250 2504 2345 2558 His
2373 2505 2532 2575 igitur
2553 2520 2674 2559 cum
2698 2506 2939 2562 ubertate
2968 2523 3157 2577 magna
3184 2510 3450 2580 collectis,

178 2617 309 2673 nihil
352 2622 539 2671 secum
564 2612 747 2668 ferens
771 2650 787 2677 ,
809 2624 922 2665 non
954 2609 1157 2663 amicos
1187 2605 1374 2661 adiens
1396 2644 1413 2669 ,
1458 2618 1567 2659 non
1612 2600 1762 2656 fami-
1865 2593 1937 2647 ita
1961 2594 2084 2648 hinc
2105 2592 2381 2661 abeamus,
2410 2604 2469 2649 ut
2491 2604 2545 2648 et
2566 2595 2847 2664 praesentia
2868 2605 2922 2651 et
2949 2595 3127 2651 futura
3154 2613 3454 2670 consequa-

176 2711 369 2773 list-es;
402 2706 693 2764 erat'enim
720 2704 779 2759 in
821 2701 1085 2773 principio
1111 2699 1362 2755 omnibus
1392 2696 1597 2752 hostis:
1624 2698 1760 2748 atta-
1866 2697 1989 2741 mur
2030 2686 2196 2752 bona,
2228 2687 2400 2757 gratia
2432 2696 2485 2741 et
2510 2688 2840 2757 benignitate
2870 2690 3077 2743 Domini
3124 2694 3291 2746 nostri
3318 2693 3450 2748 Jestt

177 2816 298 2859 men
330 2800 608 2870 ingressus
650 2810 775 2851 cum
800 2800 985 2861 esset,
1010 2791 1258 2847 omnium
1304 2788 1538 2844 habebat
1588 2787 1756 2841 bona.
1868 2777 2088 2870 (ξιπίξιίι
2135 2779 2347 2847 quicum
2404 2778 2546 2833 Pam
2598 2788 2655 2833 ει
2693 2795 2796 2833 “"3
2845 2780 3063 2850 δρπίιυί
3109 2794 3295 2838 “ﬂcio
3347 2785 3463 2854 3'0‘

176 2866 417 2948 Annia;
443 2901 571 2944 γεω
590 2895 654 2943 ει
678 2884 964 2956 δορριιίη,
992 2891 1243 2938 curantes
1266 2888 1325 2935 ιιι
1352 2878 1616 2934 tantillum
1638 2874 1765 2946 quid
1872 2866 1973 2931 ria,
2007 2869 2314 2937 imperium,
2344 2870 2534 2937 honor,
2570 2885 2711 2926 nunc
2736 2880 2790 2927 et
2818 2886 3058 2942 semper,
3091 2884 3146 2929 et
3175 2876 3228 2930 in
3269 2879 3463 2932 saecula

176 2997 244 3039 ex
262 2979 428 3038 bonis
458 2979 572 3035 suis
597 2975 704 3033 sibi
739 2976 1053 3040 retinerent,
1083 2974 1153 3028 ab
1178 2970 1430 3028 omnibus
1445 2966 1769 3024 exciderunt
1879 2959 2225 3014 seculorum.
2248 2963 2450 3016 Amen.

1566 3162 1915 3226 HOMILIA
1956 3164 2131 3226 XVI.

177 3311 307 3370 CAP.
348 3311 409 3367 5.
451 3323 502 3365 ν.
536 3305 590 3364 9.
619 3302 816 3376 Scripsi
840 3303 977 3359 vobis
1001 3302 1056 3358 in
1078 3302 1292 3374 epistola
1319 3319 1340 3358 :
1368 3319 1431 3359 ne
1454 3305 1779 3360 commiscea-
1877 3304 2180 3375 subjunxit:
2205 3305 2444 3369 Alioquin
2464 3307 2748 3364 debueratis
2769 3325 2831 3364 es
2848 3311 3038 3366 mundo
3056 3313 3464 3371 ...πωπω

249 3402 380 3457 mini
428 3388 755 3472 fornicariis}
804 3395 891 3452 10.
939 3411 1041 3450 non
1083 3396 1253 3466 utique
1293 3396 1584 3468 fornicariis
1623 3397 1777 3468 hujus
1878 3413 2037 3468 quam
2062 3412 2168 3453 non
2190 3398 2853 3471 molestussit,etubique
2874 3418 2979 3458 non
2999 3406 3159 3460 modo
3175 3407 3318 3475 quod
3354 3408 3472 3465 fieri

248 3494 439 3548 mundi
462 3500 549 3546 aut
568 3490 735 3545 avaris
758 3498 846 3543 aut
861 3487 1130 3559 rapacibus
1149 3496 1236 3541 aut
1253 3488 1403 3543 idolis
1427 3489 1776 3544 servientibus:
1882 3490 2083 3559 possit,
2105 3489 2198 3545 sed
2219 3490 2378 3545 etiam
2421 3491 2565 3560 quod
2598 3491 2752 3547 facile
2781 3493 2850 3546 sit
2880 3493 2935 3547 in
2966 3495 3083 3565 lege
3114 3497 3325 3552 ferenda
3353 3513 3477 3567 per-

251 3585 456 3656 alt'oqui
479 3582 765 3637 debueratis
791 3596 854 3636 ea:
881 3579 1071 3633 mundo
1100 3578 1279 3634 exisse.
1311 3578 1400 3633 11.
1430 3578 1586 3633 Nunc
1613 3589 1781 3634 autem
1881 3581 2105 3650 Spiciat?
2130 3581 2408 3649 Quomodo
2426 3582 2569 3636 enim
2592 3591 2767 3652 potest
2788 3584 2969 3649 homo,
2990 3587 3182 3656 inquit,
3203 3588 3365 3657 quiet
3384 3588 3475 3643 do-

251 3675 448 3745 seripsi
475 3673 613 3728 vobis
655 3688 757 3727 non
784 3670 1095 3726 commisceri
1117 3686 1141 3724 .·
1169 3670 1213 3723 si
1238 3672 1316 3738 is,
1359 3670 1445 3740 qui
1485 3673 1645 3741 frater
1690 3687 1785 3726 no-
1883 3672 1993 3727 mui
2017 3680 2070 3727 et
2102 3672 2288 3727 liberis
2311 3675 2621 3742 praeﬁcitur,
2649 3685 2704 3730 et
2729 3677 2959 3731 civitatis
2978 3693 3201 3732 munera
3232 3687 3474 3749 praestat,

250 3767 491 3821 minatur
513 3765 644 3818 inter
662 3779 770 3830 ros,
798 3771 871 3817 est
893 3762 1177 3832 fornicator
1195 3769 1284 3815 aut
1310 3777 1493 3816 avarus
1522 3771 1609 3816 aut
1632 3761 1784 3818 idolis
1885 3765 2088 3837 autqui
2106 3765 2298 3821 artifex
2316 3767 2400 3823 vel
2416 3767 2572 3822 miles
2592 3770 2684 3832 sit,
2707 3785 2827 3823 cum
2849 3778 2952 3823 tam
2977 3771 3126 3824 multi
3149 3772 3254 3826 sint
3269 3771 3439 3828 Graeci
3460 3813 3477 3836 ,

251 3857 490 3914 serviens
517 3866 606 3909 aut
634 3852 857 3909 ebriosus
890 3862 977 3908 aut
1000 3850 1279 3908 maledicus
1306 3863 1394 3909 aut
1423 3870 1591 3925 rapax
1611 3896 1627 3924 ,
1656 3871 1787 3927 cum
1888 3856 2238 3912 fornicatores
2256 3860 2349 3927 qui
2371 3858 2568 3929 ubique
2593 3869 2715 3913 sunt
2732 3860 2948 3930 fugere?
2968 3861 3315 3919 fornicatores
3334 3866 3479 3919 enim

254 3947 568 4022 hujusmodi
596 3963 685 4001 nec
727 3945 892 3999 cibum
924 3961 1142 3999 sumere.
1889 3933 2075 4004 mundi
2098 3958 2253 4003 vocat
2275 3948 2415 4012 illos,
2430 3951 2528 4020 qui
2550 3950 2694 4020 apud
2710 3951 2924 4007 Gnaeos
2948 3962 3121 4007 erant.
3145 3952 3299 4009 Nunc
3315 3965 3483 4009 autent

252 4041 313 4098 1.
354 4040 503 4109 Quia
534 4038 679 4094 enim
703 4035 874 4103 dixit,
908 4034 1031 4091 Non
1058 4036 1228 4107 potius
1271 4035 1463 4091 luctum
1504 4037 1748 4092 habuistis
1772 4078 1787 4104 ,
1892 4039 2075 4109 scripsi
2115 4040 2252 4094 nobis
2275 4082 2290 4106 ,
2337 4042 2381 4095 si
2433 4042 2544 4111 quis
2575 4047 2731 4111 frater
2754 4042 2877 4097 tatis
2916 4045 3021 4107 sit,
3073 4056 3270 4099 utrcum
3298 4047 3392 4102 illo
3418 4064 3485 4103 ue

182 4145 239 4189 ut
265 4134 335 4190 de
380 4132 556 4187 medio
582 4129 794 4185 tollatur
816 4129 902 4200 qui
926 4137 1000 4183 est
1024 4129 1317 4199 hujusmodi
1340 4143 1359 4193 ;
1389 4137 1463 4196 et,
1494 4129 1794 4201 Expurgate
1893 4131 2095 4201 quidem
2120 4132 2414 4186 comedatt's.
2443 4132 2542 4187 Hic
2575 4141 2631 4187 et
2645 4134 2777 4188 alios
2802 4134 3100 4190 subittdicat
3128 4136 3179 4190 in
3208 4137 3484 4207 iniquitate

181 4237 327 4282 uetus
367 4225 682 4296 fermentum
706 4239 726 4289 ;
770 4231 825 4277 et
854 4219 1144 4277 verisimile
1186 4227 1302 4276 erat
1345 4221 1604 4291 suspicari
1631 4220 1751 4277 illos
1777 4262 1792 4287 ,
1896 4224 2156 4279 viventes.
2184 4225 2252 4279 Et
2272 4224 2545 4295 quomodo
2572 4224 2739 4280 frater
2761 4242 2882 4280 cutn
2909 4228 2976 4283 sit
2995 4268 3011 4293 ,
3045 4228 3328 4283 idololatra
3359 4245 3481 4286 esse

184 4320 514 4391 fugiendum
542 4334 661 4375 esse
701 4317 769 4374 ab
797 4317 1046 4374 omnibus
1092 4315 1434 4381 fornicariis;
1486 4316 1530 4371 si
1560 4317 1702 4372 enim
1750 4315 1796 4370 is
1895 4317 2115 4387 potest?
2157 4316 2225 4372 Ut
2262 4317 2403 4387 apud
2426 4316 2798 4373 Satttaritanos
2833 4319 3057 4387 contigit
3096 4321 3224 4374 olim
3252 4360 3266 4384 ,
3294 4322 3385 4390 qui
3413 4336 3481 4375 ex

182 4412 277 4483 qui
310 4410 571 4482 peccavit
608 4409 805 4464 malum
835 4424 991 4464 suum
1019 4408 1275 4479 impertiit
1304 4408 1368 4463 iis
1398 4408 1489 4478 qui
1533 4424 1639 4463 non
1669 4423 1796 4478 pec-
1899 4406 2117 4463 dimidia
2142 4416 2294 4477 parte
2318 4409 2458 4477 piam
2499 4409 2811 4478 religionem
2842 4410 3219 4464 sectabantur:
3249 4412 3487 4480 alioquin

185 4510 506 4567 caverunt,
558 4500 727 4557 multo
768 4501 935 4571 magis
972 4510 1225 4557 externos
1266 4508 1479 4571 oportet
1521 4500 1798 4555 aversari:
1900 4500 2063 4555 etiam
2109 4499 2518 4554 fundamentum
2545 4500 2675 4569 jacit
2716 4500 2877 4554 futuri
2914 4502 3181 4556 sermonis
3213 4502 3281 4556 de
3313 4502 3489 4557 idolo-

187 4610 316 4649 nam
347 4594 397 4649 si
434 4592 688 4648 familiari
733 4608 954 4663 parcere
985 4607 1090 4646 non
1121 4600 1368 4662 oportet,
1419 4590 1561 4660 quod
1595 4600 1800 4646 tantum
1896 4592 2107 4668 .thytis,
2158 4608 2315 4663 quem
2341 4592 2441 4647 sub
2464 4591 2580 4647 hinc
2606 4594 2949 4647 instituturus
2980 4602 3085 4648 est.
3126 4593 3230 4647 Aut
3275 4611 3485 4651 avarus.

186 4686 283 4743 ille
314 4684 518 4741 damni
539 4683 752 4749 inferat,
775 4684 942 4738 multo
963 4684 1140 4738 minus
1163 4682 1281 4737 aliis
1306 4682 1628 4752 parcendum
1665 4698 1677 4734 :
1702 4683 1804 4738 hoc
1902 4685 2032 4739 Nam
2059 4685 2314 4740 adversus
2345 4684 2442 4739 hos
2468 4694 2771 4739 certaturus
2796 4695 2877 4738 est
2904 4701 2918 4749 ;
2964 4684 3190 4754 ideoque
3210 4684 3430 4740 .diccbat
3456 4728 3473 4751 ,

186 4778 377 4848 posito
411 4784 840 4832 consentaneum
869 4782 985 4830 erat
1009 4774 1243 4844 separari
1268 4773 1428 4828 etiam
1452 4788 1486 4827 ia
1515 4769 1803 4827 fornicato-
1905 4775 2009 4829 Cur
2038 4793 2140 4830 non
2170 4776 2336 4845 potius
2358 4776 2605 4847 injuriam
2631 4776 2910 4844 patimini?
2932 4774 3036 4829 Cur
3061 4793 3163 4830 non
3193 4777 3493 4847 privamini?

185 4870 346 4925 ribus
380 4868 487 4940 qui
513 4866 654 4938 apud
680 4866 896 4922 Graecos
925 4876 1096 4931 erant;
1126 4876 1183 4922 et
1219 4866 1265 4921 si
1304 4882 1363 4921 re
1383 4865 1450 4920 ad
1478 4865 1806 4936 impossibile
1906 4866 1995 4921 sed
2020 4883 2106 4921 vos
2134 4868 2377 4939 injuriam
2405 4867 2573 4937 facitis
2600 4878 2644 4919 et
2675 4867 2880 4937 privatis
2918 4868 2943 4938 Δ(
2968 4872 3017 4922 t.
3050 4867 3170 4925 Cor.
3223 4871 3276 4924 6.
3311 4870 3364 4925 7.
3394 4870 3432 4927 8
3459 4871 3501 4941 ).

186 4963 453 5029 redacta,
480 4961 650 5031 magis
667 4974 808 5030 aegre
836 4959 1085 5014 tulissent
1112 4975 1127 5014 :
1157 4959 1255 5013 hac
1281 4958 1616 5013 correctione
1641 4958 1809 5012 utitur
1907 4958 2007 5011 Aut
2035 4959 2279 5014 ebriosus.
2320 4957 2451 5013 Nam
2480 4962 2579 5011 hac
2598 4973 2817 5030 quoque
2844 4957 2911 5013 de
2948 4974 3008 5014 re
3034 4970 3250 5016 accusat
3298 4962 3353 5017 in
3406 4977 3503 5017 se-

188 5055 429 5111 dicens:
467 5052 668 5123 Scripsi
696 5052 854 5118 vobis,
870 5067 932 5105 ne
952 5050 1373 5105 commisceamini
1397 5048 1811 5121 fornicatoribus;
1909 5051 2194 5121 quentibus
2215 5092 2230 5117 ,
2281 5058 2341 5105 ut
2363 5065 2486 5105 cum
2513 5049 2643 5104 dicit
2689 5066 2703 5104 :
2736 5049 2880 5105 Alius
2898 5051 3106 5121 quidem
3137 5052 3334 5121 esurit,
3366 5054 3500 5111 alius

188 5154 239 5202 et
268 5162 382 5201 non
410 5145 597 5218 utique
636 5142 1027 5216 fornicatoribus
1056 5141 1207 5208 huius
1233 5141 1446 5207 mundi;
1477 5140 1605 5193 illud
1630 5179 1646 5204 ,
1694 5138 1810 5194 Uti-
1911 5152 2077 5196 autem
2122 5142 2287 5196 ebrius
2315 5150 2391 5196 est
2424 5143 2443 5210 (
2471 5142 2495 5196 1
2545 5140 2667 5197 Cor.
2697 5142 2783 5195 id.
2819 5142 2882 5195 2i
2912 5141 2932 5214 )
2967 5160 2979 5196 :
3010 5150 3098 5209 et,
3134 5142 3278 5197 Esca:
3299 5147 3458 5200 penm'
3479 5178 3494 5202 ,

188 5253 312 5306 que,
351 5235 525 5308 quasi
555 5235 609 5289 in
636 5233 886 5289 confesso
910 5248 1135 5303 ponens.
1164 5231 1239 5286 Ne
1266 5232 1409 5286 enim
1434 5240 1682 5300 putarent
1711 5230 1814 5286 huc
1911 5244 1959 5289 et
1988 5242 2156 5287 venter
2197 5234 2322 5287 escis
2355 5232 2373 5305 (
2401 5235 2454 5288 1.
2495 5232 2619 5289 Cor.
2667 5232 2721 5289 6.
2770 5234 2841 5287 d3
2868 5232 2909 5306 ).
2950 5234 3053 5287 Aut
3102 5235 3379 5291 maledicus
3414 5247 3500 5291 aut

198 5328 395 5399 ipsum
449 5325 562 5382 illis
601 5340 710 5381 non
740 5325 1059 5395 praecepisse
1097 5324 1247 5394 quasi
1289 5322 1772 5393 imperfectioribus
1800 5363 1814 5387 ,
1914 5343 2099 5397 rapax.
2151 5327 2284 5382 Nam
2313 5326 2493 5382 ethos
2518 5341 2680 5398 supra
2704 5342 2919 5398 quoque
2936 5327 3257 5397 increpavit.
3300 5328 3506 5384 Deinde

192 5431 253 5477 et
298 5436 379 5477 ne
436 5419 546 5491 ipsi
576 5428 635 5475 ut
682 5417 905 5490 perfecti
955 5415 1084 5472 illud
1130 5415 1308 5472 facere
1356 5416 1773 5487 aggrederentur
1801 5455 1815 5480 ,
1918 5418 2077 5473 etiam
2130 5432 2344 5473 causam
2393 5418 2572 5484 addit,
2625 5419 2695 5473 ob
2745 5433 2903 5489 quam
2936 5433 3043 5473 non
3082 5418 3336 5487 prohibet
3381 5433 3504 5474 cum

195 5511 460 5571 ostendit
484 5511 594 5568 hoc
621 5511 737 5569 ﬁeri
764 5526 871 5566 non
902 5524 1059 5581 posse
1083 5549 1099 5575 ,
1143 5508 1353 5565 etiamsi
1378 5509 1431 5564 id
1462 5509 1692 5563 maxime
1721 5523 1817 5562 ve-
1925 5509 2196 5574 externis,
2226 5509 2316 5580 qui
2345 5510 2481 5565 tales
2509 5509 2638 5573 sint,
2669 5508 3009 5564 commisceri
3035 5524 3051 5574 ;
3084 5508 3370 5564 ostendens
3398 5524 3503 5564 non

197 5602 306 5661 iiut
354 5623 374 5663 :
410 5612 696 5677 oporteret
759 5603 902 5661 enim
946 5602 1109 5658 alium
1154 5616 1398 5674 quaerere
1444 5601 1650 5658 orbem.
1693 5600 1821 5658 ldeo
1920 5601 2082 5661 modo
2103 5602 2157 5661 id
2184 5618 2290 5660 non
2316 5602 2430 5660 fieri
2454 5617 2638 5673 posse.
2666 5601 2763 5660 sed
2789 5602 2951 5658 etiam
2979 5600 3306 5674 superﬂuum
3332 5616 3496 5668 esse;
