3856 6346
377 292 471 349 131
1079 280 1135 339 S.
1175 274 1451 335 JOANNIS
1483 269 1956 332 CllRYSOSTOMI
1996 269 2313 326 ARCHIEP.
2353 267 2882 327 CONSTANTINOP.

377 404 463 460 η.
508 399 642 471 Quid
696 395 832 454 enim
867 393 994 448 mihi
1035 393 1099 447 de
1133 391 1198 446 iis
1225 391 1310 461 qui
1349 389 1476 459 {oris
1518 398 1636 442 sunt
1670 384 1958 456 judicare?

377 510 469 550 eos
496 492 587 563 qui
615 492 760 546 intus
795 495 851 544 et
879 485 969 556 qui
999 484 1127 540 foris
1164 491 1293 538 sunt
1318 479 1654 536 Christianos
1675 490 1876 531 vocans
1902 484 1962 531 et

375 585 592 641 Graecos
623 600 635 636 :
667 591 725 635 ut
767 589 822 635 et
865 577 989 632 alibi
1029 576 1100 630 ait
1135 591 1147 628 :
1179 574 1391 644 Oportet
1425 581 1590 625 autem
1629 569 1775 623 illum
1806 577 1854 622 et
1883 575 1961 620 te-

379 673 671 728 stimonium
704 669 886 723 habere
913 667 1094 720 bonum
1119 664 1182 717 ab
1208 664 1268 717 iis
1289 663 1375 733 qui
1404 661 1529 731 {oris
1566 667 1684 714 sunt
1723 657 1798 729 (l.
1827 655 1959 710 Tim.

377 768 429 824 5.
470 768 501 820 7
529 768 568 835 ).
609 763 678 818 Et
723 763 775 817 in
804 758 1026 830 epistola
1071 756 1138 810 ad
1183 753 1691 809 Thessalonicenses
1731 749 1961 818 idipsum

384 858 512 912 dicit
559 856 645 910 bis
687 849 867 909 verbis
915 849 1042 904 :Ne
1080 845 1505 902 commisceamini
1549 861 1664 897 cum
1708 843 1859 912 ipso,
1909 849 1964 894 ut

381 949 718 1008 confundatur
747 959 764 1000 :
796 953 851 998 et
872 982 886 1008 ,
922 939 1096 995 Nolite
1131 947 1186 992 ut
1221 938 1477 992 inimicum
1506 936 1793 990 existimare
1819 973 1835 1000 ,
1876 929 1965 986 sed

384 1041 649 1095 admonete
689 1046 744 1089 ut
791 1034 998 1105 fratrem
1026 1031 1101 1099 (2.
1129 1029 1310 1084 Thess.
1340 1029 1393 1083 '5.
1427 1028 1511 1082 14.
1540 1027 1651 1094 l5).
1679 1025 1777 1079 llic
1801 1037 1965 1094 porro

382 1148 598 1189 causam
629 1145 734 1185 non
758 1127 930 1199 ponit.
956 1124 1156 1193 Quare?
1178 1123 1310 1189 Quia
1337 1121 1444 1176 illic
1463 1120 1677 1190 quidem
1695 1114 1966 1173 consolari

382 1225 630 1288 volebat,
679 1223 766 1277 hic
797 1233 926 1274 vero
955 1232 1061 1273 non
1105 1217 1254 1270 item.
1312 1213 1427 1268 Non
1473 1212 1614 1267 enim
1660 1210 1968 1266 idemnunc

383 1326 657 1388 peccatum
699 1320 783 1368 est
825 1308 967 1382 quod
1014 1308 1122 1362 illic
1152 1315 1304 1369 erat,
1349 1305 1444 1359 sed
1499 1303 1608 1358 illic
1636 1302 1862 1356 minus:
1896 1299 1966 1356 de

383 1409 492 1464 otio
521 1407 663 1462 enim
691 1405 798 1458 illic
826 1402 1112 1458 accusabat
1136 1441 1152 1465 ,
1185 1399 1271 1454 hic
1291 1398 1359 1453 de
1389 1396 1740 1450 fornicatione
1765 1403 1819 1447 et
1845 1393 1968 1447 aliis

384 1500 713 1573 gravissimis
740 1495 992 1567 peccatis.
1028 1493 1095 1547 Et
1120 1493 1166 1547 si
1205 1491 1326 1562 quis
1361 1489 1580 1546 Cretans
1623 1486 1772 1542 adire
1799 1485 1964 1550 velit,

387 1610 491 1650 non
515 1593 760 1664 prohibet
787 1604 906 1646 eum
937 1589 1040 1643 illis
1065 1585 1349 1642 comedere
1371 1627 1385 1649 ,
1425 1583 1495 1638 ob
1544 1581 1788 1637 eamdem
1816 1579 1968 1633 vide-

386 1687 512 1749 licet
535 1697 769 1738 causam.
821 1682 910 1736 Sic
937 1689 992 1734 et
1033 1694 1131 1734 nos
1160 1691 1373 1746 quoque
1416 1673 1639 1729 facimus
1673 1690 1686 1725 :
1721 1686 1818 1742 pro
1846 1671 1968 1731 filiis

385 1787 441 1832 et
467 1774 719 1830 fratribus
744 1771 875 1826 nihil
903 1785 1008 1825 non
1035 1768 1274 1837 agimus,
1321 1765 1621 1819 alienorum
1651 1771 1829 1816 autem
1861 1773 1968 1814 non

386 1881 630 1935 magnam
662 1864 918 1918 rationem
943 1860 1221 1914 habemus.
1249 1856 1386 1923 Quid
1409 1855 1563 1925 ergo?
1587 1861 1838 1908 externos
1862 1865 1969 1906 non

385 1960 606 2016 curabat
647 1955 879 2013 Paulus?
918 1953 1196 2008 Curabat:
1247 1949 1342 2004 scd
1377 1956 1658 2019 postquam
1703 1943 1967 2014 praedica-

389 2053 588 2107 tionem
613 2053 946 2117 acceperant,
982 2051 1035 2098 et
1058 2041 1258 2097 Christi
1284 2054 1404 2096 sese
1434 2038 1694 2094 doctrina:
1719 2035 1970 2105 subjece-

387 2157 541 2212 rant,
587 2126 714 2200 tunc
760 2143 864 2197 illis
904 2140 1050 2208 leges
1097 2137 1259 2192 dabat
1300 2153 1313 2190 :
1365 2132 1620 2203 quamdiu
1669 2140 1849 2185 autem
1895 2129 1970 2183 illi

389 2237 775 2309 despiciebant,
798 2230 1125 2302 superﬂuum
1145 2228 1352 2292 fuisset,
1374 2226 1478 2280 illis
1495 2233 1754 2294 prazcepla
1771 2219 1969 2276 Christi

386 2329 626 2402 proferre
647 2368 661 2392 ,
693 2326 781 2396 qui
812 2339 878 2378 ne
907 2322 1172 2378 Christum
1203 2319 1417 2390 quidem
1449 2323 1730 2371 noverant.
1784 2311 1971 2366 Nonne

387 2425 450 2477 de
477 2424 558 2484 iis,
583 2422 669 2489 qui
699 2420 833 2470 intus
859 2423 995 2480 sunt,
1027 2429 1112 2466 vos
1130 2409 1422 2482 judicatis?
1454 2409 1539 2462 13.
1565 2405 1668 2460 Eos
1693 2414 1859 2458 autem
1885 2403 1970 2473 qui

388 2515 513 2586 [oris
531 2522 646 2568 sunt
671 2510 806 2562 Deus
813 2505 1084 2579 judicabit.
1107 2504 1390 2572 Postquam
1410 2499 1553 2554 enim
1575 2498 1804 2562 dixerat,
1829 2493 1968 2560 Quid

387 2606 512 2659 mihi
537 2606 598 2658 de
623 2603 708 2667 iis,
735 2601 817 2668 qui
848 2598 972 2668 {oris
1001 2604 1118 2651 sunt
1140 2635 1155 2660 ,
1191 2593 1427 2661 judicare
1448 2591 1473 2643 ?
1521 2605 1589 2644 ne
1614 2588 1734 2658 quis
1761 2593 1971 2656 putaret

388 2698 512 2751 illos
560 2691 848 2763 impunitos
887 2686 1156 2756 relinqui,
1197 2683 1341 2738 aliud
1373 2682 1479 2736 illis
1525 2680 1714 2736 statuit
1740 2674 1969 2732 tribunal

389 2785 647 2842 terribile.
675 2783 786 2836 lloc
812 2787 991 2834 autem
1019 2777 1173 2841 dixit,
1202 2784 1312 2829 tum
1341 2782 1393 2826 ut
1420 2772 1540 2826 illos
1572 2775 1826 2832 terreret,
1858 2777 1968 2822 tum

389 2887 446 2932 ut
474 2877 572 2930 hos
612 2873 978 2930 consolaretur
1003 2911 1018 2934 ,
1067 2878 1119 2923 et
1150 2865 1384 2920 ostendit
1435 2865 1573 2918 hanc
1620 2861 1968 2932 temporalem

389 2969 717 3042 punitionem
765 2965 832 3019 ah
874 2973 1072 3016 {eterna
1102 2968 1158 3016 et
1187 2967 1437 3029 perpetua
1467 2956 1675 3025 eripere
1702 2971 1717 3020 ;
1746 2951 1888 3023 quod
1916 2959 1972 3008 et

389 3062 514 3116 alibi
540 3056 844 3114 declarabat
871 3054 954 3109 his
981 3051 1160 3107 verbis
1193 3066 1208 3102 :
1238 3048 1388 3102 Nunc
1414 3057 1582 3100 autem
1622 3044 1848 3114 judicati
1883 3059 1971 3097 ca-

395 3153 665 3223 stigantur,
698 3155 752 3201 ut
795 3162 895 3200 non
921 3160 1034 3198 cum
1058 3144 1247 3196 mundo
1274 3139 1570 3193 damnemur
1593 3136 1610 3208 (
1633 3137 1685 3190 1.
1728 3135 1846 3190 Cor.
1879 3135 1970 3192 ll.

389 3244 496 3314 52)
527 3262 541 3307 ;
573 3252 626 3298 et
652 3281 668 3307 ,
713 3239 918 3308 Auferte
949 3237 1139 3290 malum
1165 3250 1227 3288 ea:
1247 3233 1382 3286 vobis
1409 3232 1532 3314 ipsis
1557 3230 1574 3299 (
1603 3228 1755 3282 Deut.
1801 3224 1975 3296 17.7).

459 3309 514 3390 ἒ.
559 3333 795 3390 Meminit
820 3331 946 3384 dicti
973 3327 1114 3399 quod
1146 3327 1200 3380 in
1229 3325 1396 3379 veteri
1423 3309 1561 3392 [ἷξεο
1589 3320 1780 3386 fertur,
1813 3317 1974 3373 simul

390 3425 676 3482 ostendens
703 3421 846 3493 quod
877 3421 974 3490 ipsi
995 3417 1221 3473 maxima
1250 3415 1358 3474 sint
1387 3412 1661 3474 lucraturi,
1689 3421 1798 3463 uta
1825 3416 1972 3478 peste

391 3515 614 3587 quadam
639 3514 782 3585 gravi
808 3509 1012 3565 liberati
1040 3526 1055 3572 ;
1087 3505 1244 3561 simul
1271 3503 1561 3558 ostendens
1586 3502 1686 3555 hoc
1712 3516 1816 3554 non
1847 3515 1970 3556 esse

394 3607 811 3670 innovatiouem,
833 3613 884 3657 et
899 3607 1008 3672 jam
1034 3600 1158 3656 olim
1181 3614 1211 3652 a
1234 3596 1536 3666 legislatore
1557 3595 1725 3648 visum
1775 3593 1967 3659 fuisse,

394 3709 454 3755 ut
490 3699 576 3770 qui
604 3697 734 3752 tales
759 3703 940 3750 essent
981 3689 1420 3746 exscindereutur
1465 3705 1480 3742 :
1510 3685 1604 3740 sed
1632 3683 1738 3741 illic
1761 3685 1974 3755 quidem

395 3787 761 3846 vehementius
785 3827 800 3852 ,
841 3784 927 3838 hic
965 3796 1092 3836 vero
1117 3779 1464 3836 mansuetius.
1493 3779 1831 3847 Quapropter
1854 3776 1976 3846 jure

395 3887 598 3950 quierat
623 3877 833 3946 aliquis,
865 3889 960 3932 cur
989 3882 1114 3927 tunc
1143 3871 1359 3940 quidem
1387 3884 1506 3923 eum
1535 3870 1625 3939 qui
1655 3877 1977 3938 peccaverat

397 3970 571 4043 puniri
602 3979 656 4023 et
683 3965 912 4036 lapidari
959 3963 1329 4034 permitteret;
1372 3959 1460 4015 hic
1487 3975 1615 4015 vero
1653 3974 1758 4013 non
1807 3961 1970 4024 item,

402 4062 498 4118 sed
526 4061 674 4116 illum
702 4059 768 4113 ad
799 4055 1160 4127 pcenitemiam
1190 4061 1369 4109 vocet.
1398 4051 1507 4108 Cur
1533 4067 1661 4122 ergo
1686 4051 1838 4105 aliter
1864 4051 1974 4118 illa,

399 4155 556 4209 aliter
599 4153 697 4206 ista
741 4147 1198 4206 ell'ormabantur?
1243 4146 1324 4202 0b
1365 4146 1497 4202 duas
1540 4145 1702 4201 hasce
1749 4149 1974 4211 causas;

402 4249 624 4318 primam
655 4246 774 4315 quia
807 4243 871 4297 ad
917 4241 1089 4312 majus
1129 4248 1398 4296 certamen
1429 4239 1481 4293 hi
1511 4239 1841 4296 ducebantur
1865 4281 1881 4306 ,
1922 4246 1978 4292 et

399 4338 587 4406 majori
613 4335 794 4391 animo
823 4343 876 4390 et
902 4333 1153 4404 patientia
1185 4345 1320 4400 opus
1349 4330 1612 4386 habebant
1639 4347 1655 4396 ;
1687 4329 1974 4385 secundam

400 4441 579 4486 autem
599 4427 881 4492 veriorem,
905 4425 1026 4495 quia
1049 4423 1102 4478 hi
1119 4423 1333 4494 quidem
1353 4422 1420 4477 ab
1441 4423 1752 4492 impunitate
1775 4421 1978 4476 facilius

402 4521 808 4589 corrigebantur
867 4515 933 4571 ad
977 4515 1344 4587 paenitentiam
1389 4514 1702 4580 venientes,
1732 4511 1807 4566 illi
1850 4525 1978 4567 vero

397 4613 464 4668 ad
504 4611 759 4682 majorem
789 4609 1079 4679 nequitiam
1108 4606 1360 4677 irrepturi
1389 4613 1562 4660 erant.
1595 4604 1724 4659 Nam
1755 4606 1801 4659 si
1829 4612 1977 4673 post-

396 4718 555 4773 quam
587 4703 788 4771 primos
816 4700 1028 4770 punitos
1053 4698 1299 4753 viderant
1326 4739 1341 4762 ,
1373 4698 1426 4751 in
1458 4697 1646 4752 iisdem
1675 4711 1980 4766 persevera-

398 4796 563 4859 bant;
590 4794 636 4847 si
667 4793 931 4847 neminem
962 4789 1203 4861 punitum
1228 4789 1516 4855 vidissent,
1547 4788 1714 4842 multo
1733 4788 1901 4859 magis
1925 4787 1978 4844 id

399 4884 588 4940 facturi
617 4892 791 4939 erant.
832 4882 956 4938 Ideo
986 4882 1094 4937 illic
1118 4881 1366 4937 adultero
1396 4891 1451 4936 et
1478 4879 1761 4933 homicida:
1796 4880 1976 4933 statim

400 4992 545 5032 mors
572 4977 828 5041 infertur;
863 4975 948 5031 hic
977 4990 1103 5030 vero
1124 5016 1139 5041 ,
1182 4977 1228 5030 si
1269 4990 1365 5044 per
1406 4972 1773 5044 paenitentiam
1801 4971 1978 5027 absol-

398 5075 611 5132 vantur,
658 5065 973 5136 supplicium
1019 5065 1335 5136 cifugerunt.
1385 5067 1645 5120 Cmterum
1688 5064 1846 5120 etiam
1890 5063 1978 5119 hic

399 5159 795 5216 vehementiora
817 5197 833 5225 ,
863 5168 917 5214 et
939 5159 990 5211 iu
1023 5158 1202 5214 Veteri
1232 5159 1444 5214 mitiora
1473 5158 1652 5214 videas
1677 5157 1933 5228 supplicia
1959 5199 1974 5224 ,

408 5261 465 5305 ut
487 5266 582 5320 per
608 5250 788 5304 omnia
817 5248 1130 5326 ostendatur
1158 5251 1472 5320 cognatione
1511 5251 1687 5321 juncta
1715 5265 1834 5306 esse
1870 5250 1977 5307 Te-

406 5351 666 5398 stamenta
681 5351 736 5397 et
756 5343 909 5396 unius
929 5340 1273 5411 ejusdemque
1298 5358 1419 5398 esse
1444 5344 1756 5413 legislatoris
1778 5361 1792 5409 ;
1821 5351 1978 5410 atque

397 5444 452 5490 et
481 5433 569 5488 hic
591 5443 646 5489 et
670 5435 778 5490 illic
801 5434 1058 5504 supplicia
1080 5448 1112 5488 e
1136 5435 1362 5504 vestigio
1383 5436 1560 5506 sequi;
1588 5450 1836 5505 suapeque
1860 5445 1979 5506 post

399 5528 624 5582 multum
665 5527 921 5596 temporis
951 5527 1002 5581 in
1035 5535 1259 5596 utroque
1284 5567 1300 5592 ,
1346 5542 1488 5596 smpe
1528 5527 1687 5582 etiam
1720 5544 1825 5582 non
1860 5536 1980 5598 post

397 5618 618 5672 multum
658 5618 946 5690 temporis;
996 5618 1091 5672 sed
1133 5619 1299 5674 Deum
1340 5619 1650 5689 paenitentia
1680 5619 1794 5676 sola
1837 5635 1975 5675 con-

396 5716 600 5766 tentum
629 5724 764 5768 esse.
798 5709 932 5767 Nam
958 5711 1010 5765 in
1038 5710 1218 5767 Veteri
1243 5726 1361 5768 cum
1393 5711 1554 5767 David
1578 5713 1629 5768 in
1654 5713 1976 5770 adulterium

3550 271 3652 330 i3!

2073 382 2350 439 incidisset
2371 392 2428 440 et
2453 384 2657 439 ezrdeui
2687 391 2950 454 patrasset
2972 425 2988 453 ,
3023 399 3118 456 per
3147 386 3508 456 paenitentiam
3535 402 3653 445 ser-

2070 482 2223 530 vatus
2255 484 2373 541 est;
2420 483 2478 532 et
2522 475 2577 529 in
2622 475 2803 542 Novo,
2855 491 2979 532 cum
3011 491 3172 546 pauca
3221 493 3287 534 ex
3331 481 3441 550 agri
3483 481 3653 550 pretio

2070 566 2448 622 substraxisset
2489 567 2762 634 Ananias,
2809 582 2931 623 cum
2977 583 3143 623 uxore
3173 570 3350 639 periit.
3405 569 3558 638 Quod
3606 572 3650 626 si

2069 659 2371 730 hujusmodi
2403 660 2555 729 plura
2580 660 2934 715 observantur
2964 661 3021 717 in
3050 661 3268 727 Veteri,
3294 671 3352 718 et
3377 663 3650 718 contraria

2068 752 2223 822 plura
2258 752 2312 806 in
2337 751 2486 808 Novo
2510 792 2530 818 ,
2581 751 2882 808 differentia
2917 767 3268 822 personarum
3295 753 3653 809 differentiam

2072 845 2192 900 talis
2218 845 2532 901 (nconomize
2555 845 2723 900 efficit
2743 845 3029 918 (Cap.6).l.
3050 845 3216 900 Audet
3230 846 3412 917 aliquis
3435 856 3654 902 vestrum

2071 936 2308 990 adversus
2326 940 2534 1006 fratrem
2557 952 2701 990 suum
2725 936 2910 990 habens
2935 938 3189 1007 negotium
3207 977 3221 996 .
3271 939 3492 1009 judicari
3510 939 3654 1006 apud

2071 1028 2286 1098 iniquos,
2314 1037 2362 1082 et
2388 1045 2487 1082 non
2509 1029 2647 1098 apud
2673 1038 2873 1082 sanctos
2890 1027 2916 1080 .9
2942 1027 3041 1083 Hic
3065 1038 3226 1082 etiam
3256 1030 3651 1084 accusationem

2072 1119 2275 1176 inducit
2322 1135 2504 1175 eorum
2555 1135 2676 1190 quin
2720 1120 2773 1174 in
2798 1118 3044 1174 confesso
3077 1129 3266 1177 erant-
3297 1121 3503 1175 Etenim
3544 1121 3654 1177 illic

2071 1213 2282 1268 dicebat
2308 1231 2320 1267 :
2354 1211 2574 1267 Omnino
2595 1211 2807 1266 auditur
2831 1215 2883 1266 in
2912 1213 3046 1266 vobis
3072 1213 3384 1281 fornicatio;
3427 1222 3484 1268 et
3521 1213 3652 1278 hic,

2072 1303 2238 1358 Audet
2263 1304 2375 1372 quis
2400 1304 2453 1357 in
2480 1303 2616 1358 vobis
2638 1303 2662 1356 ?
2686 1305 2862 1357 statim
2889 1317 2918 1356 a
2945 1303 3205 1372 principio
3227 1304 3357 1356 iram
3388 1303 3651 1369 indicans,

2072 1404 2127 1451 et
2149 1395 2440 1451 ostendens
2465 1395 2637 1449 audax
2669 1403 2724 1448 et
2764 1394 3002 1464 iniquum
3043 1408 3165 1450 esse
3193 1392 3420 1450 facinus.
3464 1395 3524 1449 Et
3553 1409 3656 1450 cur

2072 1488 2254 1558 injecit
2279 1502 2581 1543 sermonem
2629 1486 2697 1542 de
2745 1487 2966 1540 avaritia
3006 1496 3063 1540 et
3104 1485 3245 1557 quod
3273 1503 3378 1540 non
3405 1497 3656 1557 oporteat

2071 1580 2204 1635 foris
2223 1579 2484 1648 judicari?
2527 1579 2686 1636 Suam
2735 1577 2964 1647 implens
3010 1577 3182 1647 legem
3213 1595 3228 1633 :
3255 1593 3377 1632 nam
3414 1593 3532 1633 mos
3579 1578 3654 1632 illi

2072 1682 2190 1728 erat
2232 1689 2293 1728 ea
2341 1688 2458 1742 quae
2505 1671 2808 1726 incidebant
2848 1669 3179 1735 emendare;
3227 1677 3287 1723 ut
3324 1669 3536 1740 quando
3583 1668 3655 1724 de

2067 1765 2445 1820 communibus
2471 1764 2669 1819 mensis
2693 1763 2984 1828 disserens,
3019 1762 3070 1815 in
3099 1775 3408 1822 sermonem
3433 1759 3502 1816 de
3529 1776 3655 1831 myo

2073 1857 2248 1912 steriis
2290 1857 2558 1927 digressus
2587 1866 2688 1910 est.
2724 1855 2790 1910 Et
2834 1856 2918 1908 hic
2967 1853 3127 1925 igitur
3154 1895 3170 1916 ,
3219 1855 3340 1923 quia
3372 1853 3440 1908 de
3474 1855 3655 1908 avaris

2075 1948 2326 2002 fratribus
2364 1948 2687 2003 mentionem
2731 1945 2875 2011 fecit,
2910 1945 3126 2000 fervens
3152 1944 3222 1998 ob
3246 1959 3426 1999 curam
3455 1959 3657 1998 emen-

2073 2039 2303 2093 dationis
2333 2048 2696 2109 peccatorum,
2723 2038 2965 2093 ordinem
2991 2051 3206 2092 servare
3238 2051 3344 2091 non
3374 2035 3612 2090 sustinet
3637 2051 3652 2101 ;

2073 2133 2166 2189 sed
2197 2132 2338 2202 quod
2381 2148 2447 2186 ex
2483 2132 2831 2202 consequenti
2876 2132 2930 2185 in
2971 2130 3204 2186 medium
3235 2130 3519 2185 adductum
3566 2142 3657 2186 est

2075 2235 2370 2296 peceatum,
2397 2241 2579 2280 rursus
2601 2224 2868 2287 emendat,
2894 2232 2949 2279 et
2970 2225 3049 2279 sic
3071 2223 3138 2278 ad
3169 2223 3314 2292 prius
3337 2225 3655 2279 revertitur.

2071 2317 2368 2372 Audiamus
2392 2333 2519 2386 ergo
2555 2317 2680 2387 quid
2706 2316 2771 2372 de
2801 2316 2902 2372 hoc
2932 2317 3093 2372 etiam
3124 2317 3267 2372 dicat
3298 2335 3311 2370 :
3357 2317 3521 2371 Audet
3545 2318 3656 2371 ali-

2069 2412 2183 2483 quis
2211 2413 2427 2464 uestrum
2455 2411 2640 2464 habens
2665 2410 2919 2482 negotium
2945 2410 3184 2464 adversus
3213 2414 3420 2480 fratrem
3447 2451 3462 2470 ,
3503 2411 3658 2482 judi-

2072 2504 2180 2557 cari
2207 2502 2347 2572 apud
2372 2503 2603 2571 iniquos,
2653 2511 2700 2555 et
2728 2518 2827 2556 non
2861 2502 3001 2570 apud
3042 2511 3242 2556 sanctos
3263 2502 3290 2555 .9
3328 2502 3543 2555 Interim
3584 2517 3653 2557 ex

2071 2593 2374 2648 nominibus
2405 2608 2517 2647 rem
2544 2593 2741 2661 aperit,
2772 2602 2826 2647 et
2863 2597 3056 2648 avertit
3098 2602 3154 2647 et
3196 2600 3431 2646 accusat.
3473 2592 3539 2646 Et
3582 2591 3656 2648 ab

2075 2685 2223 2738 initio
2251 2684 2462 2755 quidem
2511 2701 2614 2737 non
2654 2686 2846 2739 evertit
2888 2685 3178 2754 judicium,
3225 2685 3365 2755 quod
3411 2685 3467 2738 fit
3505 2685 3654 2753 apud

2074 2776 2260 2832 ﬁdeles
2292 2793 2306 2829 :
2340 2785 2614 2846 postquam
2644 2786 2820 2831 autem
2849 2776 2970 2832 illos
2997 2778 3178 2831 multis
3203 2780 3488 2842 exterruit,
3519 2787 3658 2834 tunc

2073 2868 2291 2922 omnino
2307 2867 2564 2937 judicium
2586 2865 2888 2934 hujusmodi
2911 2868 3152 2922 abstulit.
3171 2867 3395 2923 Maxime
3409 2869 3654 2939 quidem,

2075 2960 2264 3030 inquit,
2291 2960 2334 3013 si
2356 2959 2594 3028 judicare
2613 2967 2844 3027 oportet,
2869 2960 3008 3029 apud
3030 2960 3239 3028 iniquos
3260 2977 3364 3014 non
3389 2963 3657 3030 oportuit;

2072 3053 2292 3107 omnino
2314 3061 2490 3106 autem
2519 3066 2624 3106 non
2670 3061 2883 3121 oportet
2907 3052 3156 3120 judicari.
3197 3052 3302 3108 Sed
3335 3055 3435 3108 hoc
3463 3063 3657 3123 postea

2072 3140 2228 3210 ponit
2256 3159 2272 3197 :
2300 3142 2511 3196 interim
2543 3157 2669 3196 vero
2698 3143 2872 3211 primo
2901 3142 2950 3196 id
2981 3143 3048 3197 de
3079 3144 3258 3198 inedio
3285 3144 3421 3198 tollit
3448 3186 3464 3212 ,
3498 3155 3557 3199 ut
3587 3163 3661 3202 ne

2073 3229 2199 3286 foris
2219 3232 2544 3302 judicentur.
2567 3233 2846 3300 Quomodo
2868 3236 3010 3287 enim
3037 3248 3138 3287 non
3163 3234 3450 3289 absurdum
3471 3237 3657 3302 fuerit,

2075 3323 2331 3377 adversus
2377 3325 2605 3378 amicum
2643 3323 3053 3394 disceptantem,
3095 3326 3363 3390 inimicum
3411 3320 3661 3398 accipere

2076 3414 2514 3483 conciliatorem,
2561 3415 2765 3484 inquit?
2809 3415 3078 3486 quomodo
3123 3431 3226 3470 non
3272 3425 3330 3471 te
3352 3417 3513 3488 pudet
3553 3435 3660 3475 nec

2076 3508 2345 3562 erubescis
2368 3547 2384 3574 ,
2417 3523 2537 3562 cum
2564 3507 2780 3562 Gnaeus
2806 3507 2958 3562 sedet
2980 3503 3338 3562 Christianum
3361 3509 3612 3576 judicans
3638 3511 3664 3563 ἲ

2076 3602 2130 3656 Si
2158 3611 2332 3657 autem
2355 3602 2422 3656 de
2443 3603 2600 3656 rebus
2622 3601 2842 3670 privatis
2867 3616 2972 3656 non
2995 3612 3206 3673 oportet
3228 3618 3255 3656 a
3282 3602 3484 3659 Graecis
3503 3605 3660 3675 judi-

2077 3695 2221 3762 cari,
2267 3693 2534 3764 quomodo
2566 3694 2693 3763 ipsis
2721 3709 2807 3748 res
2848 3694 3079 3763 majores
3117 3697 3548 3751 committamus?
3593 3699 3663 3753 Et

2078 3785 2199 3839 vide
2225 3784 2492 3855 quomodo
2521 3785 2768 3854 loquatur
2795 3801 2808 3838 :
2845 3801 2949 3839 non
2977 3784 3147 3850 dixit,
3181 3787 3336 3856 Apud
3367 3787 3615 3844 infideles
3639 3832 3658 3856 ,

2080 3879 2172 3933 sed
2198 3921 2212 3944 ,
2243 3879 2392 3948 Apud
2420 3879 2615 3945 iniquos
2637 3919 2652 3942 ,
2697 3893 2829 3933 voce
2858 3879 2945 3933 illa
2977 3862 3101 3933 usus
3127 3895 3228 3950 qua
3257 3881 3489 3935 maxime
3519 3898 3663 3950 opus

2080 3970 2304 4026 habebat
2337 3973 2388 4024 in
2417 3971 2692 4040 proposito
2722 3981 3035 4040 argumento
3057 4013 3072 4038 ,
3102 3982 3158 4026 ut
3197 3983 3458 4027 averteret
3485 3974 3667 4028 abdu-

2079 4072 2346 4132 ceretquc.
2387 4062 2524 4130 Quia
2550 4063 2691 4118 enim
2723 4063 2789 4117 de
2811 4063 3012 4133 judicio
3036 4078 3213 4119 sermo
3245 4065 3342 4135 ipsi
3373 4075 3528 4131 erat;
3563 4068 3664 4136 qui

2082 4153 2530 4222 verojudicantur
2557 4153 2683 4208 nihil
2715 4153 2853 4209 adeo
2884 4153 3196 4224 requirunt,
3226 4172 3381 4226 quam
3411 4168 3465 4210 ut
3492 4158 3666 4214 multa

2077 4245 2204 4315 justi
2233 4260 2360 4299 cura
2383 4254 2437 4299 et
2461 4246 2597 4300 ratio
2617 4244 2874 4300 habeatur
2903 4261 2931 4298 a
2953 4247 3313 4314 judicantibus
3347 4263 3359 4298 :
3389 4248 3513 4304 inde
3535 4249 3667 4305 illos

2081 4334 2304 4401 avertit,
2351 4333 2734 4405 propemodum
2780 4334 2965 4389 dicens
3010 4336 3175 4403 :Quo
3213 4338 3388 4408 pergis
3437 4347 3491 4393 et
3530 4340 3668 4408 quid

2082 4426 2250 4490 facis,
2301 4426 2482 4490 homo,
2515 4425 2839 4480 contrarium
2883 4427 3088 4495 patiens
3127 4441 3310 4481 eorum
3353 4444 3470 4497 qua:
3512 4429 3668 4484 desi-

2080 4518 2237 4573 deras
2259 4558 2274 4584 ,
2304 4527 2355 4573 et
2376 4526 2434 4572 ut
2451 4517 2708 4585 justitiam
2731 4517 3053 4587 assequaris,
3078 4519 3146 4572 ad
3174 4518 3383 4589 iniquos
3411 4522 3667 4577 homines

2083 4622 2135 4666 te
2163 4609 2469 4666 convertis?
2495 4611 2560 4664 Et
2585 4610 2706 4679 quia
2736 4611 2913 4664 statim
2941 4611 3221 4667 molestum
3249 4611 3440 4668 fuisset
3469 4615 3668 4670 audire

2083 4705 2189 4756 non
2234 4701 2432 4771 judicio
2476 4700 2878 4771 disceptandum
2959 4716 3118 4768 esse,
3184 4717 3289 4756 non
3327 4704 3506 4758 statim
3563 4704 3671 4761 hoc

2083 4794 2329 4860 induxit,
2381 4793 2477 4849 sed
2555 4793 2857 4863 judicanlcs
2912 4794 3084 4848 solum
3141 4796 3402 4860 mutavit,
3456 4796 3526 4852 ab
3565 4812 3670 4851 ex-

2084 4886 2250 4941 ternis
2280 4885 2332 4939 in
2351 4885 2646 4939 Ecclesium
2670 4885 2928 4940 inducens
2949 4901 3043 4940 eos
3069 4886 3159 4956 qui
3181 4887 3455 4956 judicaudi
3484 4898 3668 4944 erant.

2087 4977 2286 5032 Deinde
2313 4977 2432 5045 quia
2461 4985 2769 5046 contemptu
2793 4977 3009 5048 dignum
3038 4979 3313 5033 videbatur
3337 4995 3474 5046 esse,
3511 4983 3580 5035 ab
3601 4983 3671 5037 iis

2083 5071 2171 5140 qui
2202 5071 2342 5123 intus
2369 5079 2520 5122 erant
2542 5068 2769 5138 judicari
2795 5111 2810 5135 ,
2839 5079 2894 5124 et
2924 5080 3050 5123 tunc
3083 5071 3310 5123 maxime
3343 5071 3489 5141 (non
3513 5072 3671 5126 enim

2083 5171 2235 5217 erant
2275 5162 2513 5215 fortassis
2551 5161 2723 5215 idonei
2767 5161 2831 5215 ad
2867 5178 2976 5216 rem
3026 5161 3417 5232 intelligendam
3445 5203 3460 5228 ,
3497 5177 3680 5232 neque

2086 5255 2220 5309 tales
2243 5253 2428 5323 quales
2467 5263 2620 5308 erant
2661 5255 2867 5309 externi
2907 5254 3149 5323 judiees,
3196 5255 3367 5324 legum
3416 5257 3571 5323 periti
3618 5267 3676 5309 et

2084 5347 2300 5412 diserti,
2329 5354 2514 5416 utpote
2539 5345 2628 5416 qui
2665 5361 2729 5400 ex
2764 5347 2986 5415 privatis
3026 5355 3082 5400 et
3113 5348 3341 5401 indoctis
3377 5348 3667 5416 quamplu-

2085 5439 2204 5494 rimi
2232 5439 2450 5509 essent)
2484 5450 2500 5493 τ
2535 5437 2656 5492 vide
2685 5438 2955 5508 quomodo
2979 5438 3099 5492 illos
3129 5439 3229 5493 fide
3253 5438 3442 5509 dignos
3470 5438 3631 5493 faciat
3657 5481 3674 5504 ,

2086 5531 2312 5602 primum
2338 5539 2550 5585 sanctos
2573 5545 2785 5585 vocans.
2813 5529 2918 5584 Sed
2937 5531 3060 5600 quia
3082 5530 3181 5586 hoc
3204 5531 3326 5585 vitze
3350 5529 3641 5600 puritatem
3657 5572 3672 5596 ,

2085 5621 2179 5677 sed
2234 5637 2336 5676 non
2382 5629 2686 5676 accuratam
2736 5620 3094 5689 cognitionem
3166 5621 3232 5675 ad
3291 5619 3618 5675 audiendum
3649 5660 3668 5684 ,

2088 5712 2501 5779 testificabatur;
2549 5711 2672 5768 vide
2715 5708 2986 5782 quomodo
3030 5710 3169 5767 hanc
3213 5727 3421 5783 qu0que
3463 5718 3675 5782 partem
