3838 6214
159 170 239 229 131
1164 153 1235 210 ΙΝ
1277 151 1503 209 EPIST.
1539 152 1559 208 l
1598 151 1688 205 AD
1724 150 1883 207 COR.
1924 150 2161 210 HOMIL.
2196 156 2338 212 XVI.

155 283 258 336 Ὀτι
281 276 394 331 ἐκεῖ
431 274 530 346 μὲν
556 272 1059 346 παραμυθήσασθαι
1088 273 1362 340 ἐϐούλετο,
1383 272 1618 328 ἐνταῦθα
1637 271 1694 325 δὲ

153 366 328 421 οὐκέτι.
351 363 423 416 Οὐ
451 362 560 432 γάρ
588 361 650 415 τὸ
672 362 981 434 ἁμάρτημα
1009 362 1242 416 ἐνταῦθα
1270 364 1428 417 κάκεῖ
1449 361 1511 415 τὸ
1540 359 1693 425 αὐτὸ,

152 456 248 511 ἀλλ’
268 453 378 505 ἐκεῖ
412 450 632 505 ἔλαττον
661 467 676 482 ·
718 450 916 523 ἀργίαν
943 450 1051 522 γὰρ
1086 450 1308 519 ἐγκαλεῖ
1334 467 1346 479 ·
1380 448 1615 505 ἐνταῦθα
1639 448 1696 501 δέ

152 538 377 612 πορνείαν
410 540 506 592 καὶ
556 538 720 610 ἕτερα
753 538 1113 609 χαλεπώτατα
1155 539 1547 611 ἁμαρτήματα.
1588 536 1697 589 Kal

152 629 266 699 πρὸς
289 626 552 698 Ἕλληνας
580 626 681 696 μὲν
701 627 750 678 εί
780 624 1021 694 βούλοιτό
1045 641 1129 688 τις
1149 625 1389 685 ἀπιέναι,
1412 624 1471 676 οὐ
1497 620 1695 675 κωλύει

152 714 442 778 συνεσθίειν,
466 712 555 766 διὰ
578 712 677 784 τὴν
703 713 872 783 αὐτὴν
897 712 1061 766 πάλιν
1092 712 1291 766 αἰτίαν.
1325 710 1481 765 Οὓτω
1505 709 1561 762 δὲ
1600 708 1696 762 καὶ

148 808 286 876 ἡμεῖς
326 803 606 874 ποιοῦμεν,
645 802 786 874 ὑπὲρ
820 802 921 873 μὲν
964 802 1071 855 τῶν
1099 800 1231 854 υίῶν
1275 800 1504 855 καὶτῶν
1543 798 1696 853 ἀδελ-

151 893 249 962 φῶν
276 891 448 945 πάντα
478 891 827 962 πράττοντες,
856 891 964 944 τῶν
996 889 1052 941 δὲ
1086 888 1382 959 ἀλλοτρίων
1417 888 1478 940 ού
1528 888 1695 941 πολὺν

150 980 427 1051 ποιούμεθα
452 979 628 1047 λόγον.
659 978 725 1031 Τί
770 974 899 1043 οὖν;
937 978 1036 1031 οὐκ
1072 977 1296 1046 ἐκήδετο
1320 976 1415 1029 καί
1441 975 1550 1029 τῶν
1571 974 1699 1040 ἔξω·

150 1069 227 1123 θεν
249 1066 483 1133 Παῦλος;
522 1066 777 1137 Ἐκήδετο
807 1065 929 1136 μὲν,
955 1062 1092 1119 ἀλλά
1120 1063 1260 1132 μετά
1278 1063 1339 1116 τὸ
1362 1062 1613 1128 δέξασθαι
1636 1060 1697 1114 τὸ

148 1158 385 1227 κήρυγμα
420 1155 511 1208 καὶ
537 1154 871 1217 ὑπευθύνους
918 1154 1140 1223 ποιῆσαι
1168 1155 1233 1223 τῇ
1262 1151 1576 1220 διδασκαλίᾳ
1600 1148 1693 1202 τοῦ

148 1242 362 1313 Χριστοῦ
397 1281 412 1305 ,
440 1242 560 1295 τότε
592 1242 777 1304 αὐτοῖς
823 1240 1132 1311 ἐνομοθέτει
1159 1258 1173 1270 ·
1213 1240 1318 1302 ἕως
1354 1239 1411 1292 δέ
1444 1240 1531 1291 ὅτε
1560 1256 1695 1291 κατ-

149 1332 410 1404 εφρόνουν,
452 1329 703 1401 περιττὸν
741 1325 807 1400 ἦν
828 1328 897 1381 τὰ
922 1328 1318 1399 προστάγματα
1338 1326 1429 1380 τοῦ
1458 1326 1694 1398 Χριστοῦ

146 1419 303 1487 λέγειν
327 1420 438 1481 τοῖς
460 1417 622 1470 αὑτὸν
649 1416 750 1470 οὐκ
775 1416 940 1469 εἰδόσι
972 1416 1064 1469 τὸν
1097 1415 1350 1486 Χριστόν.
1379 1415 1525 1484 Οὐχὶ
1554 1415 1697 1480 τοὺς

146 1508 251 1560 ἔσω
282 1504 449 1574 ὑμεῖς
485 1505 750 1571 κρίνετε;
790 1502 930 1570 τοὺς
984 1503 1053 1555 δὲ
1088 1504 1202 1567 ἕξω
1246 1506 1278 1556 ὀ
1309 1504 1452 1567 Θεὸς
1488 1501 1693 1570 κρινεῖ.

156 1592 354 1662 Ἐπειδὴ
382 1591 490 1663 γάρ
527 1586 669 1656 εἷπε,
699 1591 759 1645 Τί
776 1609 877 1661 μοι
906 1590 1048 1656 τοὺς
1073 1589 1188 1654 ἔξω
1215 1592 1442 1658 κρίνειν
1462 1607 1481 1654 ;
1502 1592 1588 1643 ἴνα
1622 1591 1695 1661 μή

144 1698 218 1745 τις
236 1680 430 1752 νομίσῃ
460 1680 839 1750 ἀτιμωρήτους
867 1677 1089 1739 τούτους
1110 1676 1388 1745 ἀφίεσθαι,
1420 1677 1605 1747 ’έτερον
1621 1677 1699 1729 δι-

145 1768 421 1838 καστήριον
450 1767 729 1835 ἐφίστησιν
764 1765 944 1828 αὐτοῖς
966 1765 1213 1835 φοϐερόν.
1243 1763 1412 1817 Τοῦτο
1444 1765 1498 1817 δὲ
1520 1762 1694 1833 εἶπεν,

142 1854 262 1927 ὁμοῦ
293 1854 392 1923 μὲν
425 1855 664 1917 ἐκείνους
694 1852 892 1923 φοϐῶν,
932 1850 1067 1922 ὁμοῦ
1097 1852 1153 1904 δέ
1189 1851 1410 1914 τούτους
1443 1869 1699 1924 παραμυ-

142 1944 406 2014 θούμενος,
442 1943 532 1996 καί
570 1942 781 2005 δεικνὺς
821 1942 901 1993 ὃτι
939 1941 972 2009 ή
1016 1940 1234 2003 κόλασις
1276 1937 1414 2010 αῦτη
1451 1942 1482 2010 ή
1526 1940 1697 2011 πρόσ-

142 2050 336 2104 καιρος,
354 2036 456 2102 τῆς
480 2031 746 2085 ἀθανάτου
768 2028 860 2081 καὶ
892 2027 1171 2098 διηνεκοῦς
1204 2026 1523 2098 ἐξαρπάζειο
1553 2028 1580 2081 ὃ
1606 2030 1700 2082 καί.

141 2121 358 2193 ἀλλαχοῦ
407 2120 578 2192 δηλῶν
624 2120 807 2189 ἔλεγεο
853 2118 1003 2172 Νυνὶ
1048 2116 1116 2169 δὲ
1165 2120 1520 2186 κρινόμενοι,
1561 2135 1697 2172 παι-

141 2211 437 2279 δευόμεθα,
469 2209 571 2261 ἵνα
608 2208 695 2277 μὴ
733 2206 855 2260 σὺν
882 2205 960 2270 τῷ
989 2207 1196 2274 κόσμῳ
1235 2204 1699 2275 κατακριθῶμεν*

141 2300 245 2364 καί,
280 2297 573 2367 Ἐξαρεῖτε
602 2298 711 2351 τόν
744 2294 1015 2362 πονηρὸν
1040 2294 1109 2357 ἐξ
1146 2293 1315 2362 ὑμῶν
1335 2292 1554 2351 αὐτῶν.

206 2475 268 2546 β’.
309 2474 712 2546 Έμνημόνευσε
742 2473 949 2545 ρήσεως
974 2471 1032 2523 ἐν
1053 2472 1118 2540 τῇ
1155 2469 1367 2538 Παλαιᾷ
1415 2468 1697 2541 κειμένης,

140 2564 265 2635 ὁμοῦ
296 2563 394 2634 μὲν
432 2562 664 2625 δεικνὺς,
698 2560 779 2612 ὅτι
828 2559 923 2612 καὶ
955 2557 1112 2611 αύτοί⁵
1139 2557 1209 2609 τὰ
1247 2557 1477 2626 μέγιστα
1505 2556 1703 2626 κερδα-

141 2652 330 2714 νοῦσιν,
361 2650 553 2719 ῶσπερ
602 2646 791 2715 λοιμοῦ
821 2662 967 2708 τινος
995 2644 1404 2714 ἀπαλλαγέντες
1435 2644 1699 2714 χαλεποῦ,

143 2739 281 2813 [156]
323 2737 462 2809 ὁμοῦ
499 2738 556 2791 δὲ
585 2736 785 2806 δηλῶν,
816 2736 897 2788 ὅτι
934 2735 997 2786 οὐ
1053 2734 1376 2803 καινοτομία
1424 2734 1485 2785 τὸ
1522 2733 1702 2786 τοιοῦ-

141 2846 243 2891 τον,
268 2827 403 2880 ἀλλὰ
431 2826 528 2879 καί
559 2824 765 2879 ἀνωθεν
799 2822 975 2875 ἐδόκει
1003 2821 1163 2874 τοῦτο
1186 2820 1264 2890 τῷ
1289 2819 1554 2890 νομοθέτῃ
1577 2820 1703 2883 τοὺς

137 2916 407 2977 τοιούτους
440 2911 832 2982 ἐκτέμνεσθαι⁸
866 2909 980 2962 ἀλλ’
1029 2910 1145 2962 ἐκεῖ
1191 2908 1289 2979 μὲν
1325 2908 1703 2977 σφοδρότερον,

142 3003 365 3056 ἐνταῦθα
392 3002 450 3054 δὲ
480 2998 849 3070 ἡμερώτερον.
896 2995 1097 3064 Διόπερ
1139 2996 1233 3047 καὶ
1274 2995 1499 3059 εἰκότως
1531 2994 1595 3047 ἀν
1623 3009 1706 3058 τις

138 3092 506 3162 διαπορήσειε,
540 3087 594 3140 τί
629 3087 828 3157 δήποτε
868 3086 984 3138 ἐκεῖ
1020 3083 1119 3154 μὲν
1151 3082 1448 3153 συνεχώρει
1481 3082 1708 3147 κολάζε-

146 3180 264 3235 σθαι
285 3179 376 3231 τὸν
410 3175 772 3247 ἡμαρτηκότα
809 3174 902 3226 καὶ
942 3170 1361 3234 καταλεύεσθαι,
1396 3170 1630 3223 ἐνταῦθα
1653 3171 1709 3222 δὲ

139 3267 336 3331 οὐκέτι,
393 3265 511 3318 ἀλλ’
560 3265 650 3316 ἐπὶ
708 3263 992 3333 μετάνοιαν
1025 3260 1188 3315 αὑτὸν
1228 3261 1374 3327 ἄγει.
1428 3258 1492 3311 Τί
1521 3259 1709 3329 δήποτ’

141 3353 225 3409 οῦν
257 3355 467 3425 ἑτέρως
502 3352 599 3423 μὲν
625 3352 828 3414 ἐκεῖνα,
854 3348 1055 3419 ἑτέρως
1080 3346 1137 3400 δὲ
1168 3346 1339 3399 ταῦτα
1359 3346 1708 3413 διετυποῦτο;

139 3443 234 3496 Διά
257 3442 350 3496 δύο
377 3440 587 3504 ταύτας
633 3437 845 3501 αἰτίας’
910 3436 1038 3507 μίαν
1079 3435 1195 3506 μὲν,
1224 3436 1307 3488 ὅτι
1356 3435 1447 3486 ἐπὶ
1487 3434 1711 3503 μείζονα

142 3532 320 3599 ἀγῶνα
352 3522 503 3582 οὗτοι
554 3528 774 3597 ἤγοντο,
817 3525 912 3579 καί.
950 3522 1193 3585 πλείονος
1228 3522 1437 3575 ἐδέοντο
1477 3522 1576 3591 τῆς
1610 3540 1712 3590 μα-

142 3619 477 3690 κροθυμίαςο
534 3616 727 3686 ἑτέραν
777 3614 835 3667 δέ
885 3612 982 3684 τὴν
1014 3610 1407 3681 ἀληθεστέραν,
1446 3611 1529 3664 ὅτι
1566 3606 1712 3663 οὗτοι

146 3707 239 3776 μέν
265 3706 373 3761 ἀπὸ
424 3705 526 3774 τῆς
572 3700 952 3773 ἀτιμωρησίας
991 3698 1359 3769 εὐκολώτερον
1390 3696 1715 3768 διωρθοῦντο

143 3794 230 3847 ἐπὶ
266 3794 559 3865 μετάνοιαν
595 3790 900 3862 ἐρχόμενοι,
929 3789 1126 3841 ἐκεῖνοι
1152 3786 1206 3839 δὲ
1230 3786 1323 3838 ἐπὶ
1354 3786 1553 3838 κακίαν
1592 3784 1713 3854 μεί-

142 3882 267 3948 ζονα
296 3881 527 3953 ἔμελλον
576 3881 785 3952 ἕρπειν.
816 3879 879 3931 Ei
908 3877 1018 3945 γὰρ
1045 3877 1171 3939 τοὺς
1195 3873 1444 3947 πρώτους
1489 3873 1716 3936 κολαζο-

145 3970 333 4039 μένους
361 3968 603 4040 ὁρῶντες
629 3969 741 4029 τοῖς
774 3966 955 4028 αὐτοῖς
984 3964 1261 4033 ἐνέμενον,
1292 3964 1340 4015 εἰ
1368 3962 1503 4034 μηδὲ
1530 3961 1718 4013 ἐκολά-

142 4059 289 4124 ζοντό
349 4075 521 4123 τινες,
561 4055 739 4127 πολλῷ
793 4054 990 4126 μᾶλλον
1032 4052 1190 4106 τοῦτο
1246 4051 1312 4105 ἂν
1367 4051 1584 4103 ἔπαθον.
1618 4049 1717 4103 Διά

141 4145 292 4199 τοῦτο
323 4147 449 4199 ἐκεῖ
486 4145 581 4214 μὲν
608 4144 686 4213 τῷ
724 4140 896 4211 μοιχῷ
926 4141 1019 4193 καί.
1048 4139 1125 4209 τῷ
1154 4138 1465 4209 ἀνδροφόνῳ
1490 4138 1718 4201 θάνατος

142 4234 340 4297 εὐθέως
395 4234 698 4300 ἐπάγεται·
740 4229 974 4283 ἐνταῦθα
1003 4228 1079 4293 δὲ,
1129 4227 1225 4279 ἐὰν
1281 4226 1371 4279 διὰ
1428 4225 1718 4296 μετανοίας

130 4322 551 4374 άπολούσωνται
613 4330 661 4382 ⁸,
712 4317 965 4387 διέφυγον
1017 4316 1115 4387 τὴν
1153 4314 1395 4367 κόλασιν.
1446 4313 1595 4385 Πλὴν
1624 4314 1719 4367 καὶ

142 4408 375 4461 ἐνταῦθα
414 4405 801 4477 σφοδροτέρας,
834 4404 927 4457 καί
966 4404 1022 4456 ἐν
1073 4404 1137 4473 τῇ
1173 4402 1389 4471 Παλαιᾷ
1434 4401 1720 4471 ἡμερωτέ-

148 4511 241 4563 ρας
281 4496 383 4548 ἴδοι
413 4510 501 4556 τις
555 4493 620 4546 ἂν
648 4490 940 4561 τιμωρίας,
968 4490 1054 4542 ἵνα
1106 4489 1290 4560 δειχθῇ
1344 4488 1431 4541 διὰ
1475 4489 1716 4552 πάντων,

144 4585 223 4637 ὅτι
254 4585 543 4653 συγγενεῖς
593 4582 651 4635 αἱ
698 4580 953 4651 διαθῆκαι
1012 4580 1106 4634 καί
1133 4580 1251 4643 ἐνὸς
1294 4579 1390 4633 καὶ
1426 4578 1520 4632 τοῦ
1552 4576 1718 4631 αὑτοῦ

144 4672 478 4742 νομοθέτου⁸
510 4672 607 4724 καί⁵
661 4669 811 4740 παρά
863 4668 1030 4732 πόδας
1074 4670 1171 4722 καί.
1220 4670 1338 4722 ἐκεῖ
1366 4667 1461 4720 καί.
1487 4665 1721 4719 ἐνταῦθα

146 4758 241 4821 τὰς
282 4758 583 4829 τιμωρίας,
622 4756 718 4810 καί
758 4757 896 4826 μετά
930 4754 1097 4807 πολὺν
1142 4755 1335 4825 χρόνον
1365 4754 1629 4816 πολλάκις
1663 4753 1721 4805 ἐν

145 4846 409 4915 ἑκατέρᾳ,
443 4846 533 4898 καὶ
553 4845 676 4897 οὐδὲ
706 4843 844 4914 μετά
867 4843 1034 4897 πολὺν
1057 4842 1249 4913 χρόνον
1276 4841 1556 4903 πολλάκις,
1589 4840 1723 4893 ἀλλά

149 4933 411 5004 μετανοίᾳ
445 4933 580 5004 μόνῃ
624 4930 962 5003 ἀρκούμενον
993 4931 1084 4984 τὸν
1112 4931 1264 4985 Θεόν.
1300 4931 1411 4983 Kal
1442 4930 1550 4999 γάρ
1576 4931 1633 4981 ἐν
1656 4931 1721 5000 τῇ

146 5020 365 5091 Παλαιᾷ
400 5019 699 5091 μοιχεύσας
735 5020 830 5072 καὶ
859 5016 1124 5087 φονεύσας
1159 5018 1188 5069 ὁ
1225 5015 1411 5083 Δαυῒδ,
1438 5016 1526 5070 διὰ
1559 5033 1726 5087 μετα-

148 5108 297 5170 νοίας
323 5105 535 5178 ἐσώθη,
562 5105 658 5159 καί.
678 5107 736 5158 ἐν
758 5108 823 5176 τῇ
863 5107 1039 5176 Καινῇ
1071 5105 1246 5175 μικρά
1273 5104 1382 5157 ἀπὸ
1409 5104 1609 5175 χωρίου
1638 5121 1722 5155 τι-

152 5192 257 5263 μῆς
294 5192 632 5262 ὑφελόμενος
659 5193 687 5244 δ
722 5191 970 5253 Ἀνανίας
1003 5192 1140 5261 μετὰ
1185 5191 1287 5260 τῆς
1334 5190 1597 5259 γυναικὸς
1628 5191 1728 5243 ἀπ-

150 5280 338 5333 ώλετο.
370 5281 438 5332 Εἰ
470 5280 528 5333 δέ
569 5278 852 5342 πλεονάζει
904 5277 1076 5331 ταῦτα
1110 5282 1166 5331 ἐν
1192 5281 1258 5350 τῇ
1308 5279 1544 5350 Παλαιᾷ,
1571 5278 1638 5332 τὰ
1666 5279 1724 5331 δέ

150 5367 371 5422 ἐναντία
404 5368 465 5420 ἐν
491 5368 557 5436 τῇ
588 5368 787 5436 Καινῇ,
817 5367 850 5435 ἡ
888 5365 1122 5437 διαφορὰ
1148 5365 1255 5419 τῶν
1283 5365 1593 5436 προσώπων
1630 5366 1728 5437 τὴν

150 5453 422 5523 διαφοράν
450 5454 545 5523 τῆς
567 5452 821 5522 τοιαύτης
849 5452 1158 5524 οἰκονομίας
1182 5453 1496 5525 ἐργάζεται.
1537 5453 1731 5523 Τολμᾷ

152 5559 243 5610 τις
267 5540 465 5612 ὑμῶν,
482 5540 631 5610 πρὸς
652 5541 758 5595 τὸν
782 5540 1048 5612 ἀδελφὸν
1076 5543 1263 5598 αὐτοῦ
1288 5542 1528 5615 πρᾶγμα
1548 5544 1725 5613 ἔχων,

229 5747 255 5777 ⁵
285 5744 555 5810 legebatur
574 5746 924 5798 ἀπολύσωνται.

3269 164 3376 223 432

1801 273 2110 342 κρίνεσθαι
2151 276 2253 331 ἐπὶ
2300 278 2422 332 τῶν
2477 279 2720 347 ἀδίκων,
2781 281 2881 335 καί
2938 282 3078 351 οὐχί
3123 281 3377 338 ἐπὶτῶν

1803 362 2026 430 ἀγίων;
2086 366 2196 418 Kal
2233 367 2471 422 ἐνταῦθα
2508 368 2670 423 πάλιν
2706 370 2782 435 ὡς
2811 369 2905 421 ἐπὶ
2938 371 3377 444 ὡμολογημένων

1806 454 2041 504 ποιεῖται
2104 453 2205 524 τὴν
2258 456 2615 527 κατηγορίαν.
2669 459 2781 511 Καὶ
2837 458 2946 529 γὰρ
3000 460 3120 511 ἐκεῖ
3190 478 3376 530 φησιν,

1754 581 1770 589 ,
1817 536 1995 603 Ὀλως
2048 540 2325 595 ἀκούεται
2367 543 2438 597 ἐν
2472 544 2615 612 ὑμῖν
2646 545 2925 613 πορνεία·
2978 544 3074 598 καὶ
3123 546 3377 609 ἐνταῦθα,

1808 622 2008 694 Τολμᾷ
2038 643 2128 693 τις
2172 628 2339 696 ὑμῶν
2356 645 2377 693 ;
2410 630 2474 683 ὲκ
2506 631 2810 702 προοιμίων
2837 630 3045 695 εὐθέως
3074 632 3166 684 τὸν
3209 630 3379 701 θυμὸν

1803 711 2349 783 ἐνδεικνύμενος,καί
2370 716 2582 781 δεικνὺς
2612 718 2694 771 ὅτι
2720 718 2928 788 τόλμης
2958 718 3075 770 ἐστὶ
3105 717 3165 771 τὸ
3196 720 3380 790 πρᾶγ-

1807 815 1883 867 μα
1930 800 2024 852 καί.
2058 803 2424 871 παρανομίας.
2451 804 2560 857 Kal
2589 804 2643 857 τί
2669 805 2869 876 δήποτε
2903 805 2995 859 τὸν
3030 806 3159 875 περί
3187 805 3378 857 πλεον-

1804 886 1955 952 εξίας
2020 890 2114 941 καὶ
2157 888 2250 941 τοῦ
2302 890 2377 961 μὴ
2422 891 2532 944 δεῖν
2564 892 2667 958 ἔξω
2710 892 2991 964 κρίνεσθαι
3039 891 3376 964 παρενέϐαλε

1803 974 1994 1044 λόγον;
2047 978 2258 1030 Οίκεῖον
2288 979 2454 1049 νόμον
2484 980 2731 1051 πληρῶν.
2787 981 2896 1033 Kal
2929 982 3037 1051 γὰρ
3078 981 3197 1044 ἔθος
3228 979 3378 1051 αὐτῷ

1803 1063 1871 1116 τὰ
1904 1065 2362 1134 παρεμπίπτοντα
2396 1066 2664 1136 διορθοῦν,
2703 1066 2887 1141 ῶσπερ
2921 1069 3082 1138 ήνίκα
3114 1069 3242 1139 περί
3270 1068 3378 1120 τῶν

1804 1151 1998 1204 κοινῶν
2046 1152 2338 1223 τραπεζῶν
2383 1153 2783 1225 διαλεγόμενος,
2842 1157 2920 1218 εἰς
2976 1155 3066 1208 τὸν
3102 1156 3228 1225 περί
3267 1155 3378 1208 τῶν

1808 1240 2120 1310 μυστηρίων
2149 1240 2309 1311 ἐξέϐη
2348 1241 2523 1311 λόγον.
2559 1242 2671 1296 Kal
2702 1242 2936 1295 ἐνταῦθα
2964 1243 3166 1307 τοίνυν,
3188 1243 3375 1312 ἐπειδὴ

1805 1326 2142 1382 πλεονεκτῶν
2166 1328 2407 1397 ἀδελφῶν
2435 1330 2829 1400 ἐμνημόνευσε,
2862 1329 3001 1393 ζέων
3030 1332 3097 1401 τῇ
3130 1329 3377 1398 φροντίδι

1803 1417 1903 1484 τῆς
1961 1414 2299 1486 διορθώσεως
2340 1414 2448 1469 τῶν
2501 1417 2924 1488 ἁμαρτανόντων
2969 1417 3068 1471 οὐκ
3125 1416 3378 1487 ἀνέχεται

1804 1501 2130 1573 διατηρῆσαι
2155 1503 2310 1570 τάξιν
2328 1520 2342 1534 ⁸
2391 1504 2529 1557 ἀλλά
2555 1505 2616 1556 τὸ
2642 1506 2706 1557 ἐκ
2732 1505 2831 1574 τῆς
2856 1502 3179 1565 ἀκολουθίας
3211 1502 3379 1572 ἀχθὲν

1806 1590 1885 1652 εἰς
1922 1590 2085 1660 μέσον
2119 1591 2420 1662 ἁμάρτημα
2467 1590 2770 1661 διορθοῦται
2825 1591 3008 1655 πάλιν,
3054 1590 3149 1642 καί
3201 1589 3377 1652 οὕτως

1805 1679 1899 1730 ἐπὶ
1967 1678 2059 1731 τὸν
2104 1681 2367 1749 πρότερον
2424 1680 2722 1732 ἐπάνεισιν.
2778 1678 3125 1748 Ἀκούσωμεν
3182 1674 3275 1732 οῦν
3325 1676 3378 1730 τί

1807 1782 1939 1835 φησι
1967 1770 2059 1819 καὶ
2095 1767 2221 1834 περί
2259 1767 2480 1819 τούτου·
2522 1766 2715 1835 Τολμᾷ
2751 1784 2842 1832 τις
2886 1766 3056 1835 ὑμῶν
3097 1765 3246 1833 πρὸς
3272 1765 3380 1818 τὸν

1804 1853 2073 1922 ἀδελφὸν
2100 1854 2286 1907 αὑτοῦ
2315 1853 2553 1924 πρᾶγμα
2580 1856 2755 1923 ἔχων,
2784 1856 3093 1921 κρίνεσθαι
3138 1854 3237 1907 ἐπὶ
3262 1853 3381 1906 τῶν

1805 1941 2052 2003 ἀδίκων,
2095 1944 2191 1995 καὶ
2244 1943 2381 2011 οὐχί
2437 1942 2536 1996 ἐπὶ
2587 1941 2708 1994 τῶν
2745 1942 2965 2010 ἀγίων;
2998 1942 3147 2003 Τέως
3180 1943 3243 1994 ἐκ
3269 1940 3379 1993 τῶν

1805 2030 2085 2101 ὀνομάτων
2114 2033 2314 2101 γυμνοῖ
2356 2030 2451 2083 καί
2501 2029 2824 2100 ἀποτρέπει,
2858 2031 2952 2083 καί
2992 2029 3233 2097 ἐγκαλεῖ.
3268 2030 3380 2083 Kal

1806 2119 1871 2170 ὲκ
1909 2117 2208 2189 προοιμίων
2239 2117 2338 2187 μὲν
2362 2118 2460 2171 οὐκ
2493 2118 2787 2188 ἀνατρέπει
2815 2116 2911 2187 τὴν
2941 2117 3126 2186 κρίσιν
3158 2117 3257 2187 τὴν
3284 2117 3380 2170 ἐπὶ

1806 2203 1914 2258 τῶν
1955 2204 2193 2257 πιστῶν·
2235 2205 2323 2256 ὅτε
2367 2204 2423 2257 δὲ
2452 2205 2647 2267 αὐτοὺς
2680 2203 2991 2274 κατέπληξε
3019 2203 3110 2257 διὰ
3144 2203 3377 2269 πολλῶν,

1807 2293 1928 2346 τότε
1992 2295 2089 2346 καί
2137 2293 2197 2344 τὸ
2254 2293 2390 2355 ὅλως
2445 2290 2594 2362 [157]
2658 2291 2937 2362 κρίνεσθαι
2996 2290 3195 2344 ἀνεῖλε.
3255 2291 3380 2344 Μά-

1807 2383 1963 2436 λιστα
2015 2382 2114 2452 μέν
2167 2381 2276 2452 γὰρ
2332 2384 2381 2433 εἰ
2432 2381 2511 2433 δεῖ
2558 2379 2859 2452 κρίνεσθαι,
2908 2380 3093 2448 φησὶν,
3131 2379 3224 2432 ὲπί
3271 2378 3380 2434 τῶν

1808 2473 2009 2526 ἀδίκων
2045 2472 2145 2524 οὑκ
2181 2470 2315 2523 ἔδει·
2352 2470 2487 2534 ὅλως
2515 2471 2572 2523 δέ
2600 2470 2720 2523 οὐδὲ
2761 2468 3044 2539 κρίνεσθαι
3072 2468 3172 2523 δεῖ.
3220 2467 3381 2521 Ἀλλὰ

1809 2560 1967 2613 τοῦτο
2003 2561 2099 2630 μὲν
2130 2559 2355 2630 ὕστερον
2386 2559 2601 2629 τίθησι·
2664 2559 2800 2621 τέως
2839 2558 2894 2610 δὲ
2930 2557 2991 2610 τὸ
3020 2557 3238 2627 πρῶτον
3266 2556 3381 2609 διας

1810 2649 2064 2719 καθαίρει
2101 2649 2163 2701 τὸ
2200 2649 2274 2719 μὴ
2311 2647 2414 2712 ἔξω
2446 2647 2783 2711 δικάζεσθαι.
2832 2646 2956 2709 Πῶς
2986 2645 3095 2716 γὰρ
3127 2646 3228 2699 οὐκ
3254 2646 3384 2699 dco.

1752 2762 1767 2773 ο
1812 2756 1911 2791 πον
1945 2738 2080 2808 πρὸς
2125 2742 2219 2789 τὸν
2272 2738 2422 2805 φίλον
2475 2735 2913 2806 μικροψυχοῦντα
2960 2735 3010 2797 ι),
3055 2734 3147 2788 τὸν
3191 2733 3384 2805 ἐχθρὸν

1814 2827 2190 2893 καταλλάκτην
2217 2824 2537 2894 λαμϐάνειν,
2567 2825 2738 2893 φησί;
2788 2823 2906 2885 πῶς
2938 2822 2993 2875 δὲ
3026 2823 3126 2875 οὐκ
3151 2821 3387 2894 αἰσχύνῃ

1813 2915 1933 2968 οὐδὲ
1962 2915 2240 2986 ἐρυθριᾷς,
2271 2915 2398 2966 ὅταν
2422 2913 2621 2982 Ἕλλην
2646 2912 2723 2983 τῷ
2749 2913 3060 2981 Χριστιανῷ
3085 2911 3385 2982 καθέζηται

1814 3003 2084 3069 δικάζων;
2122 3003 2183 3053 Εἰ
2216 3001 2270 3054 δέ
2300 3001 2440 3071 ὑπὲρ
2470 2999 2750 3053 ἰδιωτικῶν
2778 3001 2837 3051 οὐ
2861 2999 2966 3069 χρὴ
2997 3001 3126 3068 παρ’
3157 2998 3385 3068 Ἕλλησι

1816 3092 2155 3156 δικάζεσθαι,
2206 3091 2322 3154 πῶς
2381 3090 2565 3152 αὐτοῖς
2612 3088 2976 3159 ἐπιτρέψομεν
3011 3089 3150 3159 ὑπὲρ
3184 3087 3387 3158 ἐτέρων

1822 3182 2118 3253 μειζόνων;
2157 3182 2265 3233 Kal
2295 3182 2398 3249 δρα
2430 3179 2545 3242 πῶς
2575 3174 2727 3231 εἶπεν
2747 3195 2758 3207 ·
2787 3178 2886 3231 οὐκ
2912 3173 3085 3242 εἶπεν,
3132 3178 3254 3229 Ἐπὶ
3280 3176 3390 3230 τῶν

1818 3270 2083 3331 ἀπίστων,
2123 3268 2260 3332 ἀλλ’,
2297 3266 2428 3320 Ἑπί
2485 3265 2604 3318 τῶν
2658 3264 2902 3329 ἀδίκων,
2955 3263 3100 3330 λέξιν
3141 3262 3276 3328 θεὶς,
3320 3256 3391 3335 ἦς

1822 3358 2055 3429 μάλιστα
2087 3357 2274 3427 χρείαν
2308 3352 2453 3425 εἶχεν
2482 3356 2560 3418 είς
2586 3354 2685 3424 τὴν
2713 3352 3083 3424 προκειμένην
3110 3350 3387 3415 ὑπόθεσιν,

1820 3446 1960 3499 ὥστε
1993 3444 2295 3515 ἀποτρέψαι
2354 3443 2445 3495 καὶ
2476 3444 2802 3509 ἀπαγαγεῖν.
2833 3440 3050 3512 Ἐπειδὴ
3104 3439 3212 3509 γάρ
3263 3437 3393 3509 περί⁵

1820 3536 1976 3606 δίκης
2004 3533 2153 3605 αὐτῴ
2194 3535 2222 3585 ὁ
2254 3534 2410 3601 λόγος
2450 3528 2538 3603 ἦν,
2572 3535 2619 3585 οἱ
2653 3531 2997 3601 δικαζόμενοι
3029 3530 3085 3584 δὲ
3124 3529 3273 3582 οὐδὲν
3297 3527 3391 3582 οῦ-

1820 3641 1927 3687 τως
1958 3622 2326 3693 ἐπιζητοῦσιν,
2364 3622 2439 3683 ὡς
2482 3621 2545 3672 τὸ
2592 3620 2794 3689 πολλὴν
2828 3616 2965 3671 εἶναι
3005 3617 3259 3687 πρόνοιαν
3295 3615 3391 3668 τοῦ

1820 3712 2029 3764 δικαίου
2064 3710 2216 3780 παρὰ
2247 3711 2358 3771 τοῖς
2386 3708 2718 3772 δικάζουσιν,
2745 3706 2993 3760 ἐντεῦθεν
3028 3705 3228 3767 αὐτοὺς
3255 3704 3392 3757 ἀπο-

1822 3800 2033 3869 τρέπει,
2068 3797 2351 3869 μονονουχὶ
2401 3797 2607 3865 λέγων’
2670 3796 2769 3848 Ποῖ
2824 3795 2963 3865 φέρῃ
2993 3793 3086 3845 καί
3111 3792 3162 3844 τί
3197 3793 3391 3855 ποιεῖς,

1824 3889 2096 3957 ἄνθρωπε,
2154 3888 2462 3940 τούναντίον
2514 3886 2759 3955 πάσχων,
2814 3878 2886 3936 ῶν
2935 3882 3245 3950 ἐπιθυμεῖς,
3298 3880 3395 3934 καὶ

1826 3977 1965 4047 ὑπὲρ
2016 3976 2111 4029 τοῦ
2161 3974 2269 4028 τῶν
2320 3975 2545 4027 δικαίων
2603 3975 2782 4041 τυχεῖν
2820 3971 3027 4033 ἀδίκοις
3082 3970 3396 4041 ἐπιτρέπων

1824 4063 2165 4136 ἀνθρώποις;
2200 4065 2312 4117 Kal
2338 4062 2521 4133 ἐπειδὴ
2556 4061 2756 4123 εὐθέως
2784 4058 3040 4130 φορτικὸν
3068 4054 3135 4129 ἦν
3163 4057 3395 4111 ἀκοῦσαι

1825 4153 1886 4206 τὸ
1919 4152 1993 4223 μὴ
2025 4151 2361 4217 δικάζεσθαι,
2392 4151 2490 4204 οὐκ
2524 4149 2729 4211 εὐθέως
2756 4148 2915 4201 τοῦτο
2938 4147 3236 4217 ἐπήγαγεν,
3261 4145 3398 4199 ἀλλὰ

1825 4241 1952 4304 τοὺς
1981 4240 2299 4305 δικάζοντας
2337 4237 2536 4309 ἧμειψε
2588 4236 2768 4306 μόνον,
2800 4233 3000 4299 ἔξωθεν
3034 4236 3112 4296 εἰς
3139 4233 3236 4302 τὴν
3273 4234 3398 4286 Ἐκο

1800 4328 2056 4383 ⁷κλτεσίαν
2100 4327 2334 4395 εἰσάγων
2385 4325 2512 4387 τοὺς
2558 4323 2964 4393 δικαζομένους.
3014 4318 3170 4385 Εἶτα,
3203 4320 3396 4390 ἐπειδὴ

1828 4421 2300 4490 εὐκαταφρόνητον
2329 4414 2468 4471 εἶναι
2499 4418 2671 4469 ἐδόκει
2699 4416 2759 4468 τὸ
2792 4416 2943 4485 παρά
2978 4418 3090 4478 τοῖς
3127 4414 3274 4466 ἔνδον
3320 4413 3398 4466 δι·
3493 4456 3499 4463 .

1830 4509 2113 4574 χάζεσθαι,
2143 4509 2237 4562 καὶ
2264 4506 2498 4576 μάλιστα
2527 4505 2645 4557 τότε
2679 4505 2759 4574 (οὐ
2800 4502 2909 4573 γάρ
2941 4499 3081 4572 ἦσαν
3117 4502 3248 4561 ἴσως
3280 4501 3399 4552 ἰκα-

1828 4600 1910 4654 vol
1956 4599 2188 4669 πρᾶγμα
2242 4594 2494 4657 συνιδεῖν,
2542 4591 2666 4645 οὔτε
2719 4591 2950 4644 τοιοῦτοι
2990 4583 3090 4641 οἷοι
3120 4588 3168 4640 οἰ
3199 4586 3399 4650 ἔξωθεν

1828 4686 2077 4740 δικασταὶ
2102 4683 2282 4753 νόμων
2308 4684 2562 4753 ἔμπειροι
2588 4680 2681 4733 καὶ
2709 4677 3014 4750 ῥητορείας,
3045 4674 3140 4728 ἂτε
3168 4675 3226 4740 ἐξ
3258 4674 3400 4727 ἰδιωο

1828 4773 1937 4828 τῶν
1968 4774 2017 4826 οἰ
2044 4771 2261 4834 πλείους
2310 4769 2505 4838 δντες)·
2542 4768 2643 4838 ὅρα
2686 4766 2804 4827 πῶς
2828 4764 3026 4828 αὐτοὺς
3053 4761 3400 4827 ἀξιοπίστους

1831 4864 1995 4926 ποιεῖ,
2028 4859 2242 4932 πρῶτον
2275 4858 2465 4925 ἁγίους
2512 4854 2767 4916 καλέσας.
2805 4851 2944 4905 Ἀλλ’
2997 4850 3182 4921 ἐπειδὴ
3242 4850 3401 4903 τοῦτο

1834 4949 1947 5019 βίου
1976 4946 2347 5018 καθαρότητα,
2402 4943 2585 4997 οὐκέτι
2614 4941 2670 4993 δὲ
2699 4938 2980 5011 ἀκρίϐειαν
3008 4938 3107 5008 τὴν
3140 4938 3268 5009 περί
3302 4938 3400 5007 τὴν

1831 5037 2093 5108 ἀκρόασιν
2120 5035 2301 5095 αὐτοῖς
2335 5030 2652 5103 ἐμαρτύρει,
2685 5029 2786 5099 ὅρα
2816 5029 2932 5090 πῶς
2962 5027 3055 5079 καί.
3085 5026 3243 5079 τοῦτο
3272 5026 3401 5096 μεθο

1831 5124 2007 5177 οδεύει
2038 5124 2098 5176 τὸ
2139 5123 2324 5193 μέρος,
2360 5121 2530 5187 λέγων
2575 5117 2765 5180 οὕτως’
2800 5118 2867 5172 Ἢ
2912 5119 3023 5171 οὐκ
3068 5114 3269 5183 οἴδατε
3312 5113 3401 5167 ὅτι

1833 5216 1887 5266 οἰ
1923 5212 2076 5282 ίὶγιοι
2104 5210 2209 5264 τὸν
2234 5210 2468 5279 κόσμον
2492 5206 2799 5276 κρινοῦσι;

1919 5492 2240 5555 bSaPpissime
2285 5493 2413 5555 apud
2457 5494 2759 5555 scriptores,
2785 5487 3403 5555 maximepcclesiqsliggs,

1839 5550 2146 5624 μικροψυχία,
2180 5550 2513 5614 estsimullas,
2556 5550 2825 5624 @ﬁssenSﬁo;
2856 5552 3181 5624 μικρὸψιιχος.
3206 5550 3403 5624 ἀίεεὶᾱξα

1838 5610 2230 5679 i'el'siinh'llates
2244 5610 2510 5675 exercens;
2527 5622 2581 5666 et
2599 5610 2922 5679 μικροψυχεῖν,
2943 5610 3203 5679 ὀὶεεὶὁετθ,
3237 5610 3401 5679 simpl-

1843 5685 1992 5740 mem
2015 5671 2145 5740 'cum
2169 5677 2330 5740 aliquo
2358 5671 2614 5737 exeréere',
2640 5671 2935 5740 di'scép'fare,
2977 5678 3032 5722 ut
3053 5685 3117 5722 ex
3159 5673 3288 5720 serie
3317 5671 3404 5719 hoc

1844 5738 1952 5789 loco
1982 5738 2311 5802 perspicuum.
2341 5740 2407 5790 Ea
2430 5742 2492 5790 de
2516 5753 2571 5788 ro
2596 5741 2689 5800 iam
2708 5738 3001 5788 monuimus.
