3838 6214
176 308 275 366 153

174 431 379 487 tractet,
412 422 480 477 ita
508 419 730 479 dicens:
754 423 809 479 ‘2.
836 425 915 480 Au
938 425 1137 483 nescitis
1162 428 1298 496 quod
1323 430 1486 483 sancti
1507 428 1751 483 mundum

169 516 461 589 judicabant
479 517 505 571 Ρ

235 608 285 661 5.
317 606 394 661 Tu
426 625 574 680 ergo,
602 608 696 681 qui
722 610 839 666 illos
860 610 1144 682 aliquando
1162 611 1493 681 judicaturbs
1515 626 1595 677 es,
1613 627 1750 685 quo-

170 699 325 754 modo
342 701 574 758 sustines
592 719 733 759 nunc
752 704 820 759 ab
849 705 954 761 illis
981 704 1253 776 iudicari?
1290 706 1616 763 Judicabunt
1654 723 1749 762 au-

170 802 291 853 tem.
321 809 425 848 non
473 796 571 863 ipsi
600 797 849 851 sedentes
893 808 948 853 et
985 800 1246 853 rationem
1277 808 1581 868 repetentes
1604 841 1620 866 ,
1652 800 1745 855 sed

165 886 613 941 condemnahunt.
643 887 755 943 Hoc
779 889 923 944 enim
967 889 1212 945 indicans
1238 891 1451 947 dicebat
1481 911 1493 947 :
1525 892 1592 946 Et
1621 895 1666 948 si
1692 895 1746 948 in

1193 312 1263 370 IN
1300 312 1511 372 EPIST.
1554 313 1575 368 Ι
1640 315 1731 371 AD
1760 314 1918 372 COR.
1962 315 2189 374 llOMlL.
2230 318 2367 378 XVI.

3341 341 3443 397 154

1865 428 2009 484 enim
2037 428 2284 497 dixisset,
2307 431 2423 489 Non
2453 442 2534 491 est
2564 438 2776 509 sapiens
2812 442 2863 497 in
2895 443 3041 502 vobis
3069 463 3239 521 neque
3261 464 3396 511 unus
3421 462 3443 512 τ

1856 518 2175 590 Subjunxit:
2224 523 2328 590 Qui
2364 529 2522 597 possit
2554 530 2795 602 judicare
2833 535 2962 590 inter
2999 518 3208 609 fratrem
3250 552 3443 605 suum?

1854 609 1989 666 Cum
2016 613 2158 668 enim
2190 614 2356 672 frater
2395 633 2516 675 cum
2559 620 2723 679 fratre
2747 623 2950 695 judicio
2984 635 3298 706 contendit,
3331 657 3439 698 non

1855 717 2047 774 magna
2076 706 2425 777 intelligentia
2456 721 2510 767 et
2538 714 2759 771 solertia
2804 729 2887 774 est
2912 736 3046 791 opus
3079 724 3184 781 litis
3214 729 3439 801 arbitro,

1852 795 2047 851 affectu
2074 810 2127 853 et
2151 804 2467 869 cognatione
2489 820 2737 877 magnam
2766 826 2919 880 opem
2947 815 3201 876 afferente
3224 823 3289 878 ad
3312 839 3441 882 con-

1853 887 2106 944 tentionis
2151 891 2271 947 talis
2308 894 2651 953 solutionem.
2699 900 2751 955 6.
2796 901 2904 957 Sed
2929 902 3093 976 frater
3134 927 3250 966 cum
3275 916 3439 981 fratre

164 977 295 1031 nobis
314 978 578 1049 judicatur
602 980 821 1046 mundus
842 1022 856 1047 ,
884 983 1083 1053 indigni
1111 984 1227 1038 estis
1252 986 1473 1040 minimis
1492 987 1703 1057 judiciis

1839 980 2040 1049 judicio
2057 985 2329 1051 contendit,
2349 996 2394 1041 et
2417 988 2513 1043 hoc
2526 993 2669 1059 apud
2686 994 2935 1062 infideles.
2958 998 3147 1056 Viden’
3166 977 3439 1076 quomodo

163 1068 275 1123 Non
297 1070 438 1124 enim
464 1069 617 1136 dixit,
644 1073 686 1125 Α
710 1072 883 1137 vobis,
906 1074 1022 1140 scd,
1049 1073 1191 1129 Inter
1218 1092 1338 1141 vos;
1369 1086 1423 1131 ut
1444 1093 1565 1133 cum
1593 1078 1740 1145 dicit,

162 1161 352 1230 Regina
371 1162 543 1218 Austri
556 1176 747 1236 surget,
768 1177 812 1220 et
834 1167 1182 1224 condemnabit
1201 1173 1568 1241 generationem
1589 1175 1744 1239 lianc;

161 1264 211 1309 et
239 1253 343 1307 Viri
370 1253 613 1309 Ninivitce
637 1268 877 1327 surgent,
896 1270 940 1312 et
956 1261 1357 1317 condemnabunt
1372 1268 1742 1335 generationem

161 1348 285 1399 hanc
318 1346 529 1417 (Matth.
558 1346 644 1401 12.
674 1349 763 1405 4⁸5.
792 1350 911 1414 41).
952 1350 1175 1419 Quando
1200 1355 1341 1409 enim
1373 1357 1621 1412 eumdem
1648 1372 1740 1413 so-

158 1438 256 1492 lem
281 1438 543 1504 videnles,
563 1451 616 1495 et
632 1443 942 1498 earumdem
967 1460 1143 1501 rerum
1166 1450 1402 1504 omnium
1424 1452 1734 1523 participes,

160 1544 253 1584 nos
277 1531 491 1600 quidem
518 1531 812 1589 credidisse
835 1535 1034 1591 inventi
1061 1536 1341 1606 fuerimus,
1373 1542 1448 1597 illi
1476 1559 1605 1598 vero
1631 1562 1736 1602 non

155 1622 464 1691 credidisse,
496 1640 602 1680 non
652 1634 903 1695 poterunt
928 1629 994 1683 ad
1043 1629 1399 1701 ignorantiam
1423 1634 1732 1708 confugere:

153 1729 248 1769 nos
269 1716 412 1770 enim
457 1718 578 1772 illos
622 1721 992 1777 accusabimus
1024 1740 1122 1792 per
1158 1741 1219 1779 ea
1250 1743 1369 1796 quae
1396 1729 1637 1785 fecimus.
1668 1733 1737 1789 Et.

153 1806 311 1861 multa
344 1808 447 1863 alia
477 1811 595 1880 quis
624 1812 858 1869 inveniet
886 1814 955 1869 ibi
972 1814 1193 1884 judicia.
1220 1819 1419 1875 Deinde
1442 1838 1506 1877 ne
1523 1824 1733 1881 videre-

152 1906 232 1952 tur
258 1898 491 1969 cuipiam
534 1900 601 1956 de
636 1903 757 1957 aliis
800 1903 1012 1972 dicere,
1044 1907 1167 1964 vide
1195 1912 1463 1980 quomodo
1492 1929 1733 1970 commu-

150 2007 265 2045 nem
316 1993 472 2047 faciat
501 2009 803 2051 sermonem
832 2016 845 2052 :
874 1997 943 2053 Et
966 2001 1011 2055 si
1032 2002 1083 2055 in
1124 2004 1260 2058 vobis
1289 2006 1556 2076 judicatur
1581 2028 1729 2065 mun-

150 2085 263 2150 dus,
293 2085 493 2156 indigni
516 2090 633 2143 estis
659 2092 879 2144 minimis
898 2094 1149 2161 judiciis?
1178 2097 1439 2155 Pudorem
1472 2104 1622 2159 vobis
1645 2121 1730 2160 res

149 2174 317 2242 affert,
366 2177 560 2248 inquit,
600 2188 654 2234 et
700 2182 970 2241 ineffabile
1008 2185 1261 2243 dedecus.
1307 2190 1437 2247 Nam
1481 2197 1626 2266 quia,
1674 2207 1731 2254 ut

147 2268 432 2325 verisimile
454 2280 559 2336 est,
585 2272 817 2341 pudebat
836 2290 930 2331 eos
950 2276 1019 2331 ab
1048 2280 1111 2333 iis
1137 2281 1226 2350 qui
1254 2281 1391 2337 intus
1416 2298 1564 2340 erant
1585 2287 1728 2357 judi-

145 2360 286 2415 cari:
337 2376 370 2417 e
412 2366 682 2420 contrario
708 2377 888 2424 autem
914 2371 1065 2426 vobis
1106 2384 1187 2428 est
1212 2373 1479 2445 dedecus,
1511 2397 1631 2437 cum
1658 2382 1726 2439 ab

145 2453 205 2506 iis
228 2455 312 2522 qui
345 2453 478 2510 foris
503 2467 627 2513 sunt
650 2459 969 2529 judicamini
1000 2483 1012 2518 :
1063 2466 1151 2523 illa
1177 2470 1319 2524 enim
1352 2472 1570 2529 minima
1598 2486 1726 2532 sunt

142 2545 353 2615 judicia,
373 2564 479 2603 non
499 2548 632 2606 hzec.
656 2552 709 2606 5.
739 2552 964 2611 Nescitis
984 2559 1105 2629 quia
1118 2563 1324 2631 angelos
1337 2564 1725 2635 judicabimus?

143 2648 321 2703 quanto
342 2644 507 2713 magis
527 2646 791 2699 swcularia
809 2648 835 2701 ?
854 2649 1079 2715 Quidam
1101 2653 1284 2707 dicunt
1307 2656 1393 2711 hic
1414 2659 1723 2716 sacerdotes

144 2730 467 2820 subindicari
490 2750 505 2789 :
529 2736 622 2791 sed
646 2752 833 2808 apage;
852 2755 974 2794 nam
998 2741 1065 2798 de
1081 2743 1411 2802 dtcmonibus
1433 2751 1561 2820 agit.
1588 2751 1721 2807 Nam

142 2814 184 2868 si
213 2814 283 2870 de
297 2820 567 2889 corruptis
597 2822 969 2879 sacerdotibus
998 2825 1260 2893 dixisset,
1290 2846 1450 2901 supra
1467 2814 1721 2891 vsubindi-

141 2917 306 2964 casset
354 2910 480 2966 illos
518 2927 637 2967 cum
678 2914 855 2970 dixit:
904 2916 971 2972 In
1016 2921 1435 2992 vobisjudicatur
1458 2928 1720 2996 mundus;

140 3003 268 3057 solet
295 3004 440 3058 enim
463 3004 737 3076 Scriptura
767 3009 1040 3079 improbos
1061 3028 1273 3085 quoque
1300 3016 1544 3074 homines
1565 3036 1718 3077 mun-

139 3093 255 3147 dum
298 3110 496 3152 vocare
522 3115 535 3150 :
586 3113 761 3170 neque
796 3101 988 3157 iterum
1020 3102 1122 3159 hoc
1151 3106 1322 3176 ipsum
1352 3108 1595 3174 dixisset,
1626 3129 1719 3169 ue-

138 3200 234 3253 que
255 3197 311 3240 ut
335 3188 515 3258 majus
535 3190 806 3262 quidpiam
827 3193 1009 3251 dicens
1033 3195 1207 3267 ipsum
1222 3209 1404 3270 postea
1430 3203 1711 3271 posuisset.

138 3277 231 3333 Sed
253 3278 318 3335 de
334 3280 443 3335 illis
471 3282 704 3353 loquitur
729 3286 955 3357 angelis,
982 3288 1050 3344 de
1078 3291 1274 3361 quibus
1294 3293 1422 3348 dicit
1443 3294 1710 3355 Christus:

138 3367 211 3423 Ite
244 3375 294 3424 in
320 3372 491 3444 ignem
539 3386 772 3444 paratum
810 3380 1011 3434 diabolo
1039 3392 1088 3436 et
1115 3386 1306 3454 angelis
1332 3388 1440 3455 ejus
1486 3389 1711 3461 (Matth.

135 3458 218 3515 9.5.
247 3464 307 3517 4!
334 3464 388 3534 );
419 3476 473 3520 et
518 3465 739 3533 Paulus,
778 3469 961 3542 ΛηρεΙὶ
989 3474 1097 3544 ejus
1126 3458 1557 3546 trans/igurantur
1587 3492 1717 3537 tant-

136 3570 272 3620 quam
297 3557 518 3611 ministri
529 3560 749 3628 justitiae
773 3561 849 3632 (2.
877 3562 994 3617 Cor.
1021 3566 1108 3620 H.
1136 3566 1261 3639 i5).
1290 3567 1421 3624 Cum
1444 3574 1584 3627 enim
1608 3575 1714 3631 Po-

136 3652 341 3702 tcstates
368 3648 478 3703 illa:
507 3650 839 3722 incorporea:
867 3654 1097 3712 iuventte
1127 3658 1326 3715 fuerint
1350 3663 1530 3719 minus
1552 3666 1714 3724 habe-

136 3752 187 3791 re
207 3753 359 3807 quam
398 3755 498 3795 nos
520 3783 534 3805 ,
564 3744 652 3812 qui
682 3759 843 3800 carne
871 3745 1040 3802 induti
1065 3764 1248 3806 sumus
1270 3794 1287 3819 ,
1315 3755 1592 3824 graviores
1615 3758 1712 3813 da-

135 3828 251 3884 bunt
273 3846 481 3902 pugnas.
515 3834 667 3901 Quod
698 3837 743 3892 si
769 3838 943 3894 adhuc
969 3840 1183 3911 quidam
1209 3846 1539 3904 contendunt
1565 3850 1711 3907 illum

133 3921 193 3977 de
219 3925 588 3983 sacerdotibus
615 3929 783 4000 loqui,
810 3931 1281 4004 interrogabimus,
1308 3953 1442 4008 quos
1463 3944 1715 3999 sacerdo—

135 4016 242 4070 tes?
266 4017 499 4073 Omnino
520 4034 614 4074 eos
635 4021 723 4091 qui
744 4022 989 4078 saeculari
1009 4040 1158 4081 more
1178 4027 1446 4085 vixerunt.
1474 4032 1709 4100 Quomoe

132 4104 194 4159 do
213 4122 359 4179 ergo,
414 4110 645 4181 inquies,
688 4113 908 4185 Angelos
928 4116 1296 4187 judicabimus,
1338 4133 1525 4192 quanto
1551 4130 1714 4198 magis

130 4201 388 4255 stecularia
407 4203 432 4256 ?
452 4218 645 4274 nempe
667 4205 733 4260 ad
761 4205 1117 4264 differentiam
1142 4212 1476 4270 saecularium
1506 4234 1711 4289 ponens

132 4290 361 4358 angelos,
394 4301 449 4348 et
479 4295 710 4351 merito:
738 4297 859 4367 quia
883 4309 1036 4355 extra
1063 4316 1250 4357 eorum
1279 4319 1433 4361 usum
1476 4321 1602 4365 sunt
1642 4314 1711 4371 ob

129 4381 489 4439 excellentiam
513 4395 735 4443 naturae.
766 4389 821 4444 4.
841 4388 1127 4446 chularia
1153 4394 1307 4465 igitur
1321 4398 1522 4467 judicia
1547 4403 1593 4456 si
1619 4404 1712 4459 Ita-

131 4467 344 4538 bueritis,
366 4478 771 4549 contemptibiles
795 4481 880 4551 qui
901 4491 1017 4537 sunt
1036 4485 1089 4537 in
1118 4482 1366 4556 Ecclesia,
1385 4490 1501 4546 illos
1517 4498 1708 4550 consti-

130 4562 244 4617 tuite
277 4567 345 4618 ad
376 4568 745 4638 judicandum.
778 4571 977 4631 Volens
1006 4589 1130 4631 cum
1162 4576 1453 4650 hyperbole
1480 4600 1578 4641 nos
1606 4588 1705 4643 do-

129 4667 244 4710 cere
266 4697 282 4723 ,
315 4659 697 4733 quodcumque
726 4665 940 4722 tandem
970 4666 1166 4736 fuerit,
1197 4685 1303 4725 non
1330 4683 1581 4743 oportere
1609 4695 1706 4736 nos

129 4752 350 4805 externis
370 4754 745 4824 committere,
772 4772 894 4813 cum
924 4759 1283 4830 objectionem
1312 4765 1397 4820 vel
1437 4782 1558 4837 quae
1586 4772 1706 4829 talis

127 4843 550 4914 essevidebatur,
574 4850 867 4905 movisset:
890 4853 1038 4921 prius
1055 4852 1198 4907 illam
1220 4854 1399 4911 solvit.
1425 4857 1540 4915 Hoc
1560 4863 1702 4918 enim

128 4932 232 4985 vult
265 4936 569 5006 signiﬁcare
601 4958 616 4996 :
660 4940 918 4999 Fortasse
952 4944 1097 5000 dicet
1143 4948 1408 5018 quispiam
1433 4991 1449 5015 ,
1499 4954 1703 5011 nullum

126 5037 240 5079 esse
252 5028 390 5096 apud
414 5043 510 5084 vos
529 5031 850 5101 sapientem,
873 5049 1048 5105 neque
1064 5035 1129 5091 ad
1146 5036 1406 5107 judicium
1423 5043 1701 5101 ferendum

126 5124 296 5185 aptum
330 5161 347 5187 ,
398 5121 493 5177 sed
543 5127 977 5196 contemptibiles
1033 5144 1243 5186 omnes.
1296 5133 1362 5188 Et
1391 5136 1516 5205 quid
1561 5137 1702 5196 hoc?

1851 1072 1904 1127 in
1936 1076 2199 1145 principio
2224 1079 2439 1149 quidem
2468 1083 2673 1139 utiliter
2699 1085 2973 1145 incusabat
2994 1108 3086 1149 eos
3114 1072 3201 1167 qui
3227 1099 3434 1170 judica-

1847 1175 1988 1231 rent,
2020 1169 2232 1238 iniquos
2257 1187 2491 1237 vocans;
2523 1174 2611 1231 hic
2631 1189 2811 1234 autem
2844 1190 2904 1236 ut
2930 1184 3053 1240 illos
3083 1169 3285 1258 pudore
3315 1193 3433 1250 affi-

1846 1256 1973 1320 ciat,
2006 1259 2192 1316 dicens
2221 1262 2502 1320 infideles?
2530 1267 2740 1325 Etenim
2763 1273 3053 1334 admodum
3078 1256 3229 1353 turpe
3255 1295 3357 1355 est,
3387 1293 3433 1345 si

1845 1363 1914 1403 ne
1942 1346 2197 1408 fratribus
2224 1355 2438 1423 quidem
2461 1362 2910 1423 reconciliationis
2930 1383 3089 1426 causa
3116 1346 3286 1446 possit
3312 1396 3433 1439 esse

1843 1440 2096 1496 sacerdos
2118 1458 2132 1505 ;
2158 1445 2251 1498 sed
2283 1462 2507 1504 necesse
2534 1451 2603 1505 sit
2624 1452 2689 1507 ad
2707 1466 2962 1515 externos
2987 1440 3290 1526 accurrere.
3326 1474 3429 1529 ita-

1841 1543 1945 1599 que
1969 1547 2089 1587 cum
2112 1534 2247 1589 dixit
2271 1536 2698 1610 Contemptibiles,
2725 1562 2828 1602 non
2854 1549 2955 1607 hoc
2986 1560 3249 1629 prmcipue
3274 1563 3423 1631 dixit,

1841 1622 1982 1691 quod
2012 1624 2251 1695 abjectos
2276 1630 2467 1686 sedere
2486 1634 2696 1702 judices
2717 1653 2983 1710 oporteat,
3012 1650 3107 1704 sed
3147 1622 3272 1710 illos
3314 1622 3429 1727 per,-

1840 1715 2264 1785 stringens.Nam
2283 1723 2422 1792 quod
2443 1724 2620 1797 iis,qui
2634 1728 2940 1791 discernere
2954 1715 3428 1807 possint.commit-

1841 1814 1957 1864 tere
2004 1822 2269 1880 oporteat,
2312 1816 2631 1887 significavit
2658 1822 2844 1881 dicens
2879 1845 2892 1881 :
2929 1829 3021 1884 Sic
3047 1852 3147 1890 non
3194 1844 3424 1901 estinter

1836 1914 1923 1952 vos
1950 1904 2153 1972 sapiens
2178 1908 2488 1976 quisquam?
2513 1921 2565 1966 et
2604 1929 2669 1969 ex
2691 1916 2981 1977 abundanti
3012 1940 3071 1980 os
3098 1930 3385 1993 obstruens
3407 1986 3419 2005 ,

1836 2002 1890 2046 ct
1919 1994 2106 2050 dicens
2135 2017 2149 2053 :
2181 2000 2324 2070 quod
2374 2003 2582 2060 etiamsi
2614 2008 2794 2065 nullus
2823 2024 2965 2070 esset
2998 2022 3211 2088 sapiens
3239 2028 3288 2081 in
3324 1994 3421 2087 vo:

1837 2084 1937 2149 bis,
1971 2088 2346 2157 insipientibus
2378 2098 2555 2164 potius
2593 2103 2971 2161 committenda
3008 2126 3166 2168 causa
3197 2117 3416 2189 fuisset,

1834 2193 1991 2246 quam
2016 2186 2271 2239 externis.
2305 2187 2586 2255 Quomodo
2612 2194 2756 2250 enim
2782 2213 2885 2251 non
2918 2202 3205 2263 absurdum
3238 2186 3416 2276 fuerit.

1833 2284 1953 2324 cum
2003 2272 2146 2328 domi
2189 2277 2252 2330 lis
2280 2280 2470 2345 oritur,
2495 2293 2773 2342 externum
2797 2294 3065 2351 nemiuem
3094 2306 3292 2374 vocari,
3325 2312 3417 2366 sed

1832 2362 2036 2429 pudore
2080 2366 2256 2429 aflici,
2300 2372 2342 2424 si
2376 2387 2495 2442 qua:
2545 2376 2688 2433 intus
2736 2379 2866 2437 fiunt
2905 2384 3034 2442 foris
3064 2362 3413 2468 evolgen'turi

1830 2452 1918 2507 ubi
1946 2463 2123 2510 autem
2156 2458 2394 2515 Ecclesia
2424 2473 2529 2531 est,
2555 2482 2873 2527 arcanorum
2895 2452 3269 2548 mysteriorbm
3294 2452 3415 2546 the:

1829 2556 2039 2609 saurus,
2073 2551 2249 2604 omnia
2279 2565 2428 2608 extra
2451 2557 2669 2612 efferri?
2698 2561 2804 2616 Sed
2822 2569 2982 2636 frater
3009 2587 3122 2626 cum
3148 2576 3307 2644 fratre
3316 2582 3412 2650 ju-

1828 2634 1962 2690 dicio
1992 2641 2267 2709 contendit,
2297 2654 2343 2697 et
2371 2645 2466 2700 hoc
2494 2653 2634 2718 apud
2664 2634 2912 2722 inﬁdeles.
2954 2634 3160 2732 Duplex
3193 2679 3274 2723 est
3303 2634 3412 2728 cri-

1828 2742 1983 2795 men,
2032 2741 2084 2786 et
2122 2735 2263 2803 quod
2290 2736 2566 2806 judicetur
2587 2785 2601 2807 ,
2633 2754 2684 2798 et
2715 2749 2857 2815 quod
2890 2753 3029 2820 apud
3061 2756 3322 2817 infideles.
3355 2765 3411 2821 Si

1825 2822 1971 2877 enim
1997 2839 2094 2893 per
2124 2841 2181 2881 se
2212 2842 2489 2898 peccatum
2518 2845 2596 2889 est
2629 2852 2749 2891 cum
2785 2839 2947 2897 fratre
2964 2844 3169 2913 judicio
3190 2866 3411 2911 conten-

1823 2911 1974 2981 dere,
2009 2915 2060 2970 id
2108 2920 2247 2987 apud
2278 2932 2531 2979 externos
2571 2925 2749 2984 facere
2776 2948 2930 3000 quam
2964 2940 3169 2995 veniam
3197 2960 3410 3003 merea~

1825 3008 1954 3061 tur?
1976 3009 2029 3063 7.
2058 3008 2181 3064 Jam
2201 3013 2403 3082 quidem
2425 3018 2629 3072 omnino
2658 3020 2898 3078 delictum
2922 3038 2996 3080 est
3022 3034 3072 3084 in
3093 3033 3249 3102 vobis,
3274 3042 3409 3107 quod

1820 3100 2017 3169 iudicia
2044 3103 2237 3159 habetis
2261 3107 2392 3161 inter
2417 3124 2525 3163 vos.
2550 3110 2737 3167 Viden’
2765 3115 2980 3173 ubinam
3008 3121 3135 3177 illud
3164 3100 3411 3186 reserva-

1821 3192 1931 3247 rit?
1954 3202 2179 3264 etquatn
2204 3208 2501 3267 opportune
2530 3201 2631 3257 hoc
2659 3208 2970 3263 sustulerit?
2999 3212 3243 3273 Nondum
3263 3225 3406 3280 enim

1820 3283 1964 3350 dico,
2014 3285 2206 3356 inquit,
2238 3291 2428 3361 aliquis
2454 3292 2700 3364 injuriam
2733 3297 2880 3363 facit,
2921 3304 3114 3376 aliquis
3159 3311 3405 3381 injuriaut

1820 3378 2061 3446 patitur:
2108 3380 2319 3437 interim
2342 3399 2407 3440 eo
2432 3386 2567 3456 ipso,
2600 3391 2740 3459 quod
2774 3393 2975 3463 judicio
3015 3378 3403 3479 contendatur,

1819 3472 2408 3543 utcrqueimprobatur,
2428 3487 2482 3533 et
2501 3479 2550 3533 in
2573 3480 2673 3536 hoc
2692 3500 2797 3539 non
2813 3497 2895 3542 est
2918 3490 3054 3547 alius
3070 3496 3175 3551 alio
3193 3472 3398 3559 melior:

1892 3566 1945 3619 4.
1978 3566 2035 3620 Si
2064 3576 2246 3623 autem
2273 3572 2416 3638 juste
2457 3574 2539 3627 vel
2574 3575 2770 3646 injuste
2790 3580 2993 3650 judicio
3038 3595 3402 3662 contenditur,

1819 3656 1919 3712 hoc
1948 3659 2013 3713 ad
2054 3659 2211 3714 aliam
2261 3664 2494 3729 pertinet
2528 3666 2966 3737 disputationem.
3002 3679 3077 3735 Ne
3120 3683 3297 3754 itaque
3324 3656 3405 3744 di;

1816 3764 1929 3813 eas,
1953 3751 2161 3821 Aliquis
2191 3754 2381 3823 injuria
2405 3756 2581 3813 affecit
2613 3778 2625 3813 :
2660 3761 2782 3818 hinc
2804 3768 2943 3821 cnim
2963 3771 3074 3839 jam
3107 3784 3158 3830 te
3183 3751 3399 3846 damno,

1816 3842 1957 3911 quod
1974 3843 2176 3911 judicio
2197 3849 2510 3904 contendas.
2536 3852 2591 3907 Si
2616 3862 2793 3911 antem
2816 3859 3059 3931 injuriam
3086 3866 3400 3929 inferentem

1819 3931 1959 3987 ferre
1985 3950 2090 3987 non
2130 3952 2290 4007 posse
2325 3942 2529 3997 crimen
2578 3955 2679 4011 est,
2718 3948 2965 4019 injuriam
3003 3955 3177 4015 facere
3203 3977 3399 4033 quanta

1814 4024 2029 4095 dignum
2069 4030 2173 4083 erit
2206 4034 2587 4091 accusatione?
2634 4038 2804 4105 Quare
2839 4060 2938 4099 non
2969 4052 3127 4119 magis
3157 4054 3400 4123 injuriam

1815 4117 2044 4186 accipitis
2067 4120 2092 4173 ?
2118 4136 2277 4191 quare
2303 4139 2405 4177 non
2436 4128 2597 4198 magis
2625 4130 2860 4197 fraudem
2909 4117 3140 4205 patimini
3153 4146 3178 4198 ?
3291 4149 3401 4205 Sed

1814 4220 1900 4260 vos
1925 4208 2166 4278 injuriam
2197 4212 2365 4280 facitis
2386 4225 2431 4267 et
2458 4218 2692 4283 fraudem
2714 4224 2864 4278 etiam
2891 4229 3155 4296 fratribus.
3193 4237 3398 4297 Rursus

1814 4298 2031 4370 duplum
2078 4304 2325 4371 crimen;
2372 4308 2480 4363 imo
2520 4310 2656 4367 forte
2686 4317 2900 4386 triplum
2933 4332 2985 4377 et
3015 4328 3393 4401 quadruplum.

1813 4390 1988 4449 Unum
2009 4394 2225 4464 quidem
2256 4398 2500 4468 injuriam
2527 4403 2844 4463 inferentem
2877 4411 3017 4469 ferre
3045 4390 3281 4489 nescire;
3312 4442 3399 4482 se-

1813 4486 2043 4542 cundum
2070 4497 2272 4556 autem,
2299 4492 2458 4547 etiam
2492 4496 2736 4567 injuriam
2768 4502 2991 4573 inferre;
3026 4514 3258 4577 tertium,
3289 4519 3393 4573 ini-

1811 4578 1932 4648 quis
1966 4579 2226 4649 judicium
2270 4583 2338 4639 de
2372 4584 2454 4639 his
2478 4593 2847 4659 committere;
2892 4611 3160 4669 quartum,
3212 4606 3391 4666 hocin

1810 4668 2035 4726 fratrem
2063 4671 2265 4730 facere.
2295 4675 2480 4747 Neque
2506 4681 2646 4734 enim
2676 4684 2923 4743 similiter
2949 4689 3018 4747 de
3049 4668 3282 4763 peccatis
3303 4703 3392 4772 ju.

1808 4761 2036 4831 dicatur,
2065 4779 2189 4820 cum
2211 4766 2631 4827 admittunturin
2655 4780 2897 4845 quemvis
2921 4761 3156 4853 obvium,
3188 4801 3243 4847 et
3270 4761 3391 4852 cum

1808 4851 1861 4907 in
1888 4855 2164 4925 proprium
2192 4861 2515 4915 membrum.
2551 4864 2661 4919 Hoc
2685 4869 2826 4923 enim
2855 4874 2975 4942 quis
2992 4878 3152 4935 audet
3175 4897 3238 4937 ex
3273 4904 3393 4943 ma-

1802 4943 1906 5014 jori
1935 4948 2227 5017 petulantia
2259 4968 2272 5003 :
2313 4961 2365 5007 et
2395 4953 2505 5009 illic
2536 4957 2750 5026 quidem
2794 4967 3139 5026 conculcatur
3166 4977 3281 5032 sola
3314 4983 3389 5037 rei

1806 5045 1993 5091 natura
2013 5078 2030 5103 ,
2059 5038 2147 5094 hic
2186 5056 2315 5096 vero
2343 5043 2504 5098 etiam
2547 5063 2791 5116 persona:
2817 5056 3065 5122 qualitas.
3099 5063 3389 5140 Postquam

1806 5127 1963 5199 igitur
1980 5129 2237 5199 pudorem
2256 5133 2433 5189 intulit
2448 5152 2476 5189 a
2491 5143 2863 5200 communibus
2882 5150 3195 5223 rationibus,
3218 5127 3273 5215 et
3295 5127 3395 5218 an;

129 5210 335 5268 Etiamsi
361 5216 504 5270 enim
530 5219 705 5275 nullus
736 5220 805 5275 sit
830 5222 1046 5291 sapiens
1070 5264 1086 5288 ,
1116 5222 1307 5294 inquit,
1341 5242 1437 5282 vos
1463 5229 1701 5288 minimis

1828 5237 1857 5273 e
1882 5220 2004 5284 haec
2047 5237 2076 5275 a
2114 5226 2400 5294 pr0positis
2428 5233 2694 5301 prmtuiis,
2726 5242 3141 5304 comminatione
3169 5256 3390 5312 conclu-

129 5308 425 5370 petmittite.
453 5311 508 5365 5.
534 5309 648 5366 Hoc
672 5322 841 5368 autem
868 5315 936 5368 ad
961 5318 1312 5374 verecundiam
1328 5332 1544 5377 uestram
1564 5325 1695 5380 dico.

130 5394 219 5451 Est
254 5399 544 5458 refellentis
585 5404 794 5460 illorum
843 5407 1199 5478 objectionem
1225 5454 1241 5479 ,
1273 5422 1330 5468 ut
1361 5430 1481 5485 qua:
1507 5431 1697 5487 super-

129 5485 255 5542 ﬂuus
276 5490 345 5544 sit
365 5490 614 5549 obtentus
642 5511 655 5549 :
682 5494 912 5566 ideoque
933 5498 1206 5569 subjunxit
1230 5520 1243 5558 :
1269 5503 1360 5559 Sic
1387 5522 1489 5560 non
1517 5485 1590 5562 est
1608 5524 1696 5562 sa-

132 5576 261 5643 piens
282 5582 335 5636 in
365 5585 501 5639 vobis
524 5588 830 5659 quisquam?
854 5590 1094 5649 Tantane
1119 5603 1222 5663 est,
1251 5597 1441 5668 inquit,
1474 5599 1696 5669 inopia?

134 5676 333 5729 tantane
392 5679 531 5746 apud
580 5693 674 5735 vos
724 5682 917 5738 raritas
955 5685 1191 5743 virorum
1243 5690 1695 5763 intelligentium?

132 5762 270 5828 Quod
298 5775 472 5824 autem
501 5769 792 5843 subiungit,
822 5774 1080 5846 majorem
1108 5778 1269 5835 infert
1296 5781 1502 5854 plagam
1529 5800 1542 5838 :
1571 5798 1690 5841 cum

449 5870 715 5937 Parnoc.
766 5875 880 5935 Gn.
936 5878 1091 5938 LXl.

1804 5311 1881 5366 dit
1912 5313 2376 5386 adhortationem,
2410 5324 2863 5387 vehementiorem
2916 5338 3147 5398 reddens
3177 5361 3388 5405 sermo-

1804 5422 1925 5461 nem
1951 5407 2033 5463 his
2059 5412 2236 5467 verbis
2261 5432 2275 5467 :
2309 5415 2364 5470 9.
2388 5418 2463 5470 An
2482 5422 2684 5477 nescitis
2710 5428 2845 5494 quod
2867 5430 3027 5501 iniqui
3054 5451 3264 5505 regnum
3291 5442 3388 5499 Dei

1803 5515 1903 5552 non
1934 5502 2303 5570 possidebunt?
2330 5506 2507 5564 Nolite
2534 5528 2705 5568 errare
2735 5531 2753 5570 :
2784 5535 2943 5589 neque
2987 5502 3269 5597 fornicarii,
3301 5552 3390 5589 ne.

1800 5609 1897 5662 que
1917 5594 2068 5649 idolis
2096 5601 2366 5656 servientes
2388 5645 2401 5665 ,
2432 5622 2592 5674 neque
2618 5610 2860 5680 adulteri,
2890 5632 3046 5687 neque
3066 5622 3273 5692 molles,
3299 5645 3383 5683 ne-

1800 5704 1896 5758 que
1935 5694 2276 5749 masculorum
2320 5702 2684 5770 concubitores,
2733 5705 2802 5760 10
2854 5724 3013 5778 neque
3037 5716 3198 5781 avari,
3230 5733 3390 5791 neque

1804 5786 1962 5856 fares,
2002 5801 2157 5858 neque
2196 5786 2398 5859 ebriosi,
2430 5811 2589 5866 neque
2610 5801 2863 5868 malvdir‘i,
2896 5818 3055 5872 neque
3073 5823 3283 5878 rapaces
3306 5832 3383 5869 re-

3027 5894 3070 5958 9
