3856 6376
311 470 473 528 gnam
497 452 591 509 Dei
618 450 966 523 possidebunt.
995 449 1133 519 Quid
1156 449 1327 506 dicis?
1351 447 1419 505 de
1444 449 1622 505 avaris
1647 448 1897 519 loquens,

317 545 707 604 sceleratorum
756 544 1032 601 hominum
1075 551 1275 598 tantam
1317 539 1574 596 induxisti
1603 539 1758 595 nobis
1785 548 1900 594 ων.

312 637 472 695 bam?
493 637 690 704 Etiam,
722 636 931 709 inquit:
954 634 1052 692 sed
1091 649 1198 690 non
1229 632 1567 689 confundens
1596 632 1901 686 orationem

315 729 422 787 hoc
453 728 595 786 facio
618 770 635 797 ,
658 730 754 786 sed
782 739 836 785 et
874 727 1066 784 ordine
1092 726 1411 799 procedens.
1439 724 1901 793 Quemadmodum

313 821 461 877 enim
491 820 561 877 de
587 820 1004 876 iornicatoribus
1030 819 1256 889 loquens
1279 860 1295 886 ,
1324 818 1565 873 omnium
1593 816 1754 872 simul
1785 830 1902 871 me-

314 914 510 970 minit:
540 915 613 969 ita
640 928 854 969 rursum
875 927 1093 967 avarum
1120 925 1556 967 commemorans
1580 950 1595 973 ,
1628 923 1818 963 omnes
1849 908 1903 963 in

313 1006 554 1064 medium
588 1004 806 1062 adducit
844 1003 913 1060 ad
932 1002 1380 1075 reprehensiones
1402 999 1768 1057 assuefaciens
1784 1015 1901 1065 eos,

310 1100 405 1170 qui
450 1100 640 1154 horum
678 1107 734 1154 et
774 1097 1031 1153 similium
1066 1096 1168 1152 sibi
1212 1096 1412 1152 conscii
1463 1104 1607 1149 sunt.
1659 1093 1791 1149 Nam
1849 1094 1903 1149 in

310 1191 540 1248 aliorum
585 1189 1097 1245 commemoratione
1142 1186 1449 1257 frequenter
1474 1186 1661 1241 audire
1689 1201 1902 1256 ptenant

311 1281 380 1337 iis
408 1281 724 1351 repositam,
761 1278 814 1335 id
836 1280 1004 1335 ellicit
1024 1288 1081 1334 ut
1106 1278 1312 1333 facilius
1337 1277 1584 1332 audiatur
1611 1278 1906 1347 reprehen-

313 1375 419 1442 sio,
449 1389 572 1429 cum
613 1370 882 1429 adversus
922 1387 1021 1428 sua
1072 1372 1298 1442 quisque
1326 1381 1544 1442 peccata
1576 1380 1904 1443 pugnaturus

313 1482 377 1525 se
431 1460 901 1539 apparaL'Neque
942 1464 1085 1519 enim
1127 1464 1548 1533 hazcttamquam
1573 1465 1765 1519 sciens
1798 1463 1904 1518 illis

314 1568 870 1630 competerc,-neque
902 1567 1155 1627 tanquam
1200 1555 1638 1626 reprehendens,
1680 1554 1906 1611 commi-

318 1660 477 1707 natur
502 1668 515 1706 :
539 1650 682 1722 quod
711 1647 1473 1718 maximepotestauditorenr
1486 1647 1720 1703 retinere
1733 1646 1903 1702 etim-

314 1741 501 1815 pcdire
520 1759 588 1800 ne
617 1742 842 1808 resiliat,
874 1757 997 1798 eum
1024 1743 1195 1796 oratio
1226 1740 1376 1795 illum
1407 1755 1513 1795 non
1543 1740 1903 1811 respicig-sed

318 1835 735 1893 inileterminate
766 1836 1020 1905 prolata,
1072 1830 1626 1904 ejus-conscientiam
1680 1833 1907 1886 latenter

300 1928 520 2000 .pungit.
543 1925 595 1981 Ν
598 1927 719 1982 alite
731 1941 919 1982 errare.
939 1924 1037 1980 llic
1048 1922 1348 1979 subiudicat
1366 1922 1625 1994 quosdam
1642 1922 1903 1989 dicentes,

311 2020 459 2093 quod
476 2034 616 2076 nunc
629 2019 780 2075 multi
793 2018 996 2083 dicunt,
1015 2017 1287 2088 Benignus
1302 2032 1424 2072 cum
1447 2016 1518 2071 sit
1546 2015 1684 2071 Deus
1712 2024 1765 2070 et
1790 2014 1874 2069 cle
1887 2045 1902 2054 -

314 2126 491 2179 mens,
521 2109 718 2167 delicta
750 2124 858 2165 non
889 2107 1168 2164 ulciscitur
1198 2126 1212 2163 :
1243 2122 1309 2164 ne
1342 2108 1661 2174 timeamus;
1687 2122 1808 2161 nam
1835 2105 1906 2162 de

316 2203 463 2269 nulla
502 2217 565 2259 re
607 2216 640 2258 a
685 2202 903 2258 nemine
944 2216 1196 2273 umquam
1225 2214 1439 2272 pinnam
1468 2200 1664 2271 exiget.
1690 2199 1755 2255 Et
1781 2214 1907 2270 pro.

318 2307 501 2368 pterea
526 2296 676 2365 dicit,
728 2293 908 2351 Nolite
952 2310 1141 2350 errare.
1187 2295 1355 2351 Error
1382 2295 1526 2350 enim
1552 2304 1824 2350 extremus
1849 2301 1906 2350 et

320 2391 529 2447 fallacia
558 2399 640 2447 est
656 2431 675 2459 ,
701 2406 822 2446 cum
858 2389 999 2446 bona
1020 2403 1229 2462 speres,
1255 2390 1523 2445 contraria
1544 2389 1823 2460 consequi,
1850 2396 1906 2445 et

316 2484 449 2541 illud
490 2484 560 2541 de
601 2485 711 2541 Deo
749 2485 1048 2556 suspicari,
1092 2500 1213 2556 qum
1258 2499 1325 2542 ne
1349 2484 1419 2541 de
1450 2485 1664 2540 homine
1688 2486 1901 2556 quidem

315 2577 599 2649 quisquam
639 2577 980 2648 cogitaverit.
1022 2576 1383 2646 Quamobrem
1421 2577 1498 2632 ait
1533 2577 1794 2649 propheta
1838 2594 1904 2633 ex

314 2684 546 2741 persona
575 2669 726 2741 ejus:
756 2668 1079 2725 Existimasti
1099 2668 1437 2740 iniquitatem,
1468 2668 1607 2740 quod
1631 2686 1718 2725 ero
1745 2670 1907 2725 tuiti-

314 2761 493 2817 milis:
542 2777 757 2833 arguam
803 2771 852 2818 te
892 2770 941 2818 et
987 2770 1209 2817 statuam
1234 2770 1411 2817 contra
1439 2763 1622 2834 facient
1645 2772 1786 2816 tuam
1812 2763 1905 2817 ini-

312 2854 526 2924 quitates
570 2862 684 2909 tuas
720 2851 908 2925 (Psal.
956 2853 1049 2910 49.
1078 2853 1168 2910 2|.
1198 2854 1246 2925 );
1268 2864 1324 2910 et
1362 2853 1561 2909 Paulus
1589 2855 1695 2919 hic,
1728 2853 1906 2910 Nolite

313 2962 529 3013 errare;
570 2946 1101 3018 nequc,fornicatores
1142 2948 1332 3016 (eum,
1364 2946 1454 3016 qui
1481 2945 1591 3017 jam
1619 2944 1904 3002 damnatus

314 3038 511 3106 fuerat,
539 3037 769 3109 primum
801 3036 1030 3109 ponit),
1062 3053 1221 3109 neque
1243 3037 1483 3102 adulteri,
1511 3054 1670 3109 neque
1690 3037 1900 3105 molles,

312 3146 473 3202 neque
500 3129 700 3195 ebriosi,
743 3146 903 3200 neque
926 3129 1162 3183 maledici
1187 3146 1399 3200 regnum
1426 3126 1525 3184 Dei
1554 3129 1899 3200 possidebunt.

382 3223 573 3280 Contra
594 3223 914 3279 .maledicos.
941 3250 1014 3265 --
1043 3222 1366 3279 Multiltunc
1396 3222 1573 3278 locum
1601 3222 1902 3293 reprelien-

312 3316 841 3386 derunt,:tamquam
887 3314 1043 3371 valde
1078 3329 1352 3386 asperum,
1396 3315 1447 3371 si
1476 3314 1711 3386 quidem
1753 3316 1904 3385 ponit

312 3409 664 3465 ebriosum'et
712 3405 1035 3463 maledicum
1054 3420 1200 3462 scum
1250 3405 1497 3461 adultero
1525 3416 1580 3461 et
1619 3406 1900 3463 muliebria

312 3515 471 3571 passo
518 3506 577 3557 et.
619 3498 980 3554 masculorum
1032 3496 1399 3553 concubiture.
1429 3498 1899 3569 Atquinonparia

309 3599 440 3653 sunt
480 3589 707 3655 scelera,
756 3587 1028 3660 quomodo
1073 3602 1201 3659 ergo
1252 3588 1396 3658 paria
1440 3588 1899 3659 supplicialQuid

311 3700 442 3756 ergo
466 3682 743 3741 dicemus?
770 3681 923 3752 Quod
948 3691 1096 3737 certe
1124 3695 1423 3751 nonrparva
1454 3696 1540 3737 res
1570 3683 1640 3736 sit
1666 3682 1899 3739 ebrietas

309 3787 369 3835 et
393 3777 733 3835 maledictum
756 3794 772 3831 :
800 3773 1015 3846 quando
1035 3773 1252 3845 quidem
1279 3773 1522 3829 Christus
1540 3789 1665 3830 cum
1682 3774 1770 3846 qui
1794 3773 1898 3830 ira-

312 3884 451 3929 trem
491 3886 647 3927 suum
674 3868 1124 3925 fatuum'vocavit
1146 3909 1162 3934 ,
1187 3869 1448 3938 gehennae
1479 3867 1715 3923 tradidit.
1743 3868 1897 3939 Saepe

312 3967 457 4024 enim
479 3964 605 4021 hinc
626 3971 1110 4033 morsconsequuta
1130 3969 1215 4016 est
1234 3979 1248 4016 :
1272 3960 1651 4017 etludaeorum
1667 3962 1896 4033 populus

319 4074 376 4117 sx
405 4057 664 4115 ebrietate
693 4053 1007 4126 gravissima
1045 4053 1511 4123 admisitpeccata.
1540 4053 1740 4108 Deinde
1789 4070 1895 4110 non

310 4150 380 4207 de
394 4148 655 4222 supplicio
673 4148 760 4203 hic
777 4160 1079 4202 sermonem
1099 4143 1278 4212 habet,
1303 4143 1396 4200 sed
1417 4144 1485 4200 de
1503 4145 1794 4200 amissione
1806 4160 1895 4202 re-

306 4243 416 4317 gni.
429 4244 470 4298 Α
486 4240 824 4314 regnoigitur
836 4246 983 4295 certe
999 4238 1243 4294 similiter
1256 4245 1311 4293 et
1331 4237 1417 4293 hic
1431 4245 1485 4291 et
1504 4236 1594 4293 ille
1616 4238 1894 4298 excidunt:

314 4335 361 4389 si
384 4348 513 4390 tero
542 4334 594 4388 in
620 4331 868 4404 gehenna
885 4329 1116 4400 aliquam
1135 4328 1245 4384 sint
1264 4327 1494 4383 habituri
1511 4327 1891 4393 dill'erentiam.

310 4431 577 4481 non:erat
617 4421 899 4494 praesentis
946 4420 1202 4491 temporis
1239 4419 1573 4491 disquirere;
1616 4437 1720 4477 non
1747 4423 1890 4478 enim

306 4516 415 4575 hoc
444 4516 775 4590 propositum
794 4514 954 4571 nobis
982 4522 1083 4571 est.
1110 4514 1196 4570 tl.
1226 4510 1296 4568 Et
1321 4513 1429 4569 lucc
1449 4515 1656 4585 quidam
1684 4515 1855 4585 fuistis
1872 4533 1892 4571 :

306 4612 576 4670 sedabluti
591 4614 730 4675 estis,
759 4607 849 4665 sed
874 4607 1179 4676 sanctiﬁcati
1206 4607 1343 4662 estis.
1369 4606 1614 4677 Magnum
1639 4607 1892 4678 ingerens

307 4705 566 4776 pudorem
590 4698 1120 4772 subjunxitdicens:
1150 4697 1391 4768 Cogitate
1416 4712 1483 4752 ex
1515 4700 1733 4767 quantis
1770 4714 1887 4754 ma-

244 4793 254 4806 '
303 4798 371 4854 lis
418 4811 515 4851 vos
546 4793 810 4864 eripuerit
842 4791 1024 4857 .Deus,
1070 4787 1507 4860 quantam-vobis
1545 4788 1889 4860 benignitatis

303 4905 416 4946 sua:
426 4886 721 4960 praebuerit
739 4884 1124 4956 experientiam
1149 4890 1205 4937 et
1224 4881 1770 4948 demonstrationem;
1796 4899 1890 4938 ne-

302 4998 408 5055 que
431 4981 501 5038 ad
543 4981 711 5036 solam
758 4978 1127 5033 liberationem
1159 4974 1754 5041 mercedemextendit,
1792 4977 1885 5033 sed

299 5077 458 5147 longe
485 5072 715 5143 amplius
755 5070 1070 5124 beneﬁcium
1108 5068 1293 5124 ausit:
1328 5068 1528 5123 etenim
1552 5069 1808 5123 mundum
1830 5080 1887 5125 ct

299 5184 494 5242 purum
523 5165 667 5222 fecit.
697 5164 832 5220 Num
860 5161 964 5218 hoc
1011 5161 1258 5217 tantum?
1298 5162 1665 5234 Nequaquam,
1708 5164 1799 5219 sed
1830 5174 1887 5220 et

297 5258 684 5326 sanctiﬁcavit;
711 5268 884 5324 neque
909 5252 1009 5308 hoc
1034 5254 1230 5320 solum,
1253 5254 1347 5309 sed
1370 5254 1877 5325 etiamjustilicawit.

297 5352 461 5424 Atqui
512 5351 594 5406 rel
638 5365 667 5403 a
716 5345 948 5419 peccatis
992 5346 1209 5401 liberari
1246 5336 1497 5418 magnum
1526 5358 1609 5404 est
1632 5349 1878 5405 donum:

299 5459 442 5502 nunc
456 5450 649 5497 autem
680 5449 731 5495 te
758 5437 1053 5494 innumeris
1078 5436 1303 5507 replevit
1327 5438 1505 5494 bonis.
1540 5440 1605 5494 Et
1648 5440 1753 5498 hoc
1796 5441 1879 5497 fa-

292 5547 438 5594 ctum
464 5542 567 5597 est,
597 5530 665 5587 In
693 5529 897 5585 notitiae
936 5527 1140 5583 Domini
1168 5529 1329 5582 nostri
1348 5528 1473 5585 Jesu
1506 5530 1693 5587 Christi
1720 5548 1740 5588 :
1772 5549 1877 5589 non

292 5633 347 5688 lu
374 5630 476 5687 hoc
498 5627 583 5683 vel
616 5626 667 5680 in
692 5624 803 5691 illo,
836 5624 929 5679 sed
968 5621 1039 5677 Et
1084 5622 1138 5677 in
1181 5621 1382 5692 Spiritu
1429 5622 1522 5677 Dei
1545 5626 1723 5681 nostri.
1754 5627 1879 5684 Ilaec

290 5736 567 5794 crgo-cum
592 5719 847 5783 sciamus,
896 5715 1100 5782 dilecti,
1133 5724 1188 5770 et
1223 5716 1427 5785 accepti
1468 5716 1711 5772 beneﬁt-ii
1737 5734 1875 5774 ,ma-

291 5816 623 5891 ετιῑωάὶιιωιι
662 5810 999 5882 cogitantes,
1045 5822 1357 5865 maneamus
1405 5814 1873 5879 temperanter-si-

1109 331 1167 389 S.
1206 331 1483 389 JOANNIS
1517 329 1996 388 CllRYSOSTOMi
2036 331 2352 391 ARClllEP.
2382 333 2921 396 CONSTANTINOP.

3495 351 3605 409 156

2020 456 2233 511 ventes.
2287 449 2356 505 ab
2384 450 2451 507 iis
2486 454 2735 510 omnibus
2760 473 2879 527 qua:
2908 470 3215 518 enumerata
3246 476 3367 521 sunt
3393 471 3604 535 mundi.

2015 547 2072 595 et
2098 539 2385 597 tribunalia
2410 541 2697 615 fugiamus,
2731 563 2847 618 qua.-
2872 560 2994 605 sunt
3026 552 3075 605 in
3105 558 3338 611 externis
3364 558 3515 627 foris,
3545 572 3608 617 et

2012 630 2341 688 nobilitatem
2383 650 2542 706 quam
2587 638 2745 694 nobis
2787 641 2931 696 Deus
2965 642 3190 714 largitus
3214 658 3298 704 est
3332 653 3607 708 custodia-

2012 737 2153 817 mus.
2181 722 2367 797 Cogita
2395 730 2561 795 enim,
2590 742 2805 801 quanta:
2832 735 2902 791 sit
2929 738 3296 811 turpitudinis,
3340 742 3435 802 tibi
3476 746 3602 817 jura

2012 815 2281 873 dicentem
2312 820 2503 877 sedere
2529 821 2800 882 Graecum.

2081 910 2136 965 5.
2180 910 2313 977 Quid
2346 928 2473 985 ergo
2493 957 2508 981 ,
2550 915 2763 985 inquies
2784 959 2799 984 ,
2833 918 2880 974 si
2910 920 2954 975 is
2984 922 3074 992 qui
3106 924 3249 981 intus
3274 937 3356 983 est
3398 929 3586 1000 inique

2005 999 2253 1072 judicet?
2292 1001 2433 1070 Cur,
2461 1010 2687 1075 quaeso?
2717 1011 3010 1066 secundum
3042 1030 3173 1083 quas
3202 1016 3350 1088 leges
3391 1020 3607 1090 jndicat

1990 1090 2249 1181 "Grtccus’,
2272 1102 2327 1149 et
2352 1096 2642 1152 secundum
2666 1115 2797 1168 quas
2821 1098 3156 1161 Christianus
3176 1107 3200 1160 ?
3219 1123 3395 1164 annon
3424 1113 3605 1181 palam

2012 1180 2367 1241 est'Graecum
2397 1188 2691 1243 secundum
2725 1191 2869 1262 leges
2901 1192 3174 1251 hominum
3195 1238 3210 1264 ,
3255 1210 3309 1255 et
3335 1180 3604 1259 Christia-

2013 1291 2138 1330 nnm
2173 1276 2477 1364 secundum
2524 1281 2666 1353 leges
2710 1284 2840 1338 Dei?
2894 1286 2990 1341 llic
3020 1304 3148 1358 ergo
3188 1290 3603 1364 magisjustitia

2012 1361 2295 1430 reperitur,
2323 1367 2444 1435 quia
2475 1367 2619 1439 leges
2644 1383 2708 1423 ex
2735 1370 2869 1424 cmio
2900 1382 3023 1427 sunt
3053 1375 3251 1430 missae.
3283 1361 3338 1432 lu
3361 1361 3606 1437 cateruis

2012 1451 2154 1506 enim
2186 1465 2381 1523 prmter
2409 1473 2471 1512 ea
2513 1475 2635 1530 qua:
2677 1460 2818 1517 dicta
2856 1473 2981 1517 sunt
3004 1462 3152 1529 ,‘alia
3182 1479 3303 1523 sunt
3348 1486 3601 1542 suspecta

2013 1544 2199 1613 multa,
2220 1558 2492 1605 oratorum
2520 1552 2599 1606 vis
2622 1551 2832 1609 dicendi
2863 1596 2877 1619 ,
2904 1559 3200 1629 principum
3221 1568 3517 1635 corruptio,
3544 1582 3604 1625 et

2012 1636 2176 1691 multa
2204 1638 2308 1692 alia
2336 1657 2456 1709 qua:
2482 1641 2755 1712 justitiam
2796 1645 3159 1706 labefaCtant':
3188 1653 3274 1709 hic
3305 1671 3433 1711 vero
3463 1660 3603 1717 nihil

1990 1725 2204 1783 horum
2236 1740 2337 1794 cst,
2361 1730 2497 1800 Quid
2520 1749 2649 1805 ergo
2670 1778 2684 1801 ,
2724 1737 2933 1807 inquies
2952 1782 2965 1805 ,
2991 1740 3035 1795 si
3059 1738 3394 1802 adversarius
3420 1748 3603 1822 dyna-

2012 1828 2091 1873 sta
2135 1820 2356 1878 sit'?‘Et
2380 1824 2520 1880 ideo
2554 1828 2787 1884 maxime
2826 1827 2916 1887 hic
2948 1833 3194 1902 judicare
3234 1820 3503 1909 oportet:
3543 1846 3603 1900 in

2010 1913 2249 1968 externis
2275 1917 2416 1971 enim
2446 1918 2535 1974 ille
2565 1918 2790 1990 .jndiciis
2832 1932 2883 1979 te
2924 1919 3027 1981 erit
3068 1930 3287 1986 omnino
3330 1938 3604 2005 superior.

2010 2003 2068 2060 Si
2092 2008 2388 2066 autent'ille
2412 2026 2519 2067 non
2560 2015 2886 2085 acquiescit,
2917 2027 2972 2072 et
2998 2019 3042 2073 si
3073 2020 3123 2075 id
3156 2024 3297 2092 quod
3342 2003 3485 2083 intus
3515 2042 3607 2085 est

2004 2101 2264 2173 judicium
2296 2104 2525 2176 despicit
2551 2115 2605 2163 et
2647 2107 2793 2164 foras
2830 2111 2880 2165 vi
2923 2114 3127 2169 trahit?
3167 2110 3357 2173 Melius
3395 2130 3479 2175 est
3521 2122 3602 2184 id,

2008 2195 2151 2265 quod
2180 2211 2247 2253 es
2276 2199 2598 2257 necessitate
2629 2216 2885 2272 passurus
2919 2220 2979 2261 es
3005 2247 3019 2271 ,
3053 2218 3105 2262 te
3150 2209 3399 2267 libentem
3430 2218 3605 2269 susti-

2012 2302 2142 2343 nere
2158 2289 2489 2359 etjudiciutn
2517 2308 2621 2347 non
2646 2294 2851 2360 subire,
2879 2305 2935 2351 ut
2963 2306 3017 2353 et
3046 2302 3347 2359 mercedem
3377 2306 3602 2362 habeas.

2008 2378 2143 2435 Nam
2157 2379 2259 2447 "Si,
2294 2382 2483 2453 inquit,
2515 2385 2629 2454 quis
2650 2387 2767 2440 velit
2789 2397 2949 2443 tecum
2984 2392 3037 2445 in
3055 2392 3255 2462 judicio
3274 2400 3604 2465 contendere,

2010 2483 2058 2527 et
2076 2474 2298 2526 tunicam
2319 2484 2458 2529 tuam
2470 2477 2716 2548 accipere,
2740 2480 2960 2537 dimittes
2982 2478 3059 2537 illi
3084 2487 3232 2538 etiam
3250 2486 3463 2557 pallium
3482 2506 3501 2555 ,'
3518 2503 3603 2559 et,

2011 2563 2391 2623 Sis'benerolus
2420 2568 2707 2625 adversario
2735 2581 2820 2626 tuo
2843 2574 2941 2627 cito
2962 2616 2976 2640 ,
3005 2576 3165 2630 donec
3203 2594 3254 2633 es
3293 2581 3346 2634 in
3372 2583 3451 2636 via
3479 2601 3604 2640 cum

2009 2660 2101 2716 illo
2126 2659 2339 2734 (Matth.
2371 2662 2426 2718 5.
2452 2662 2541 2720 40.
2564 2663 2679 2735 25).
2710 2666 2909 2737 Ecquid
2936 2682 3116 2726 nostra
3139 2671 3317 2730 dicere
3334 2691 3465 2747 opus
3487 2682 3605 2735 est?

2009 2769 2132 2810 nam
2154 2754 2255 2825 ipsi
2282 2772 2496 2828 quoque
2519 2770 2862 2814 externorum
2891 2762 3228 2820 tribunalium
3248 2771 3457 2833 patroni
3478 2770 3601 2828 h:ec

2009 2847 2307 2920 smpissime
2334 2851 2538 2918 dicunt,
2573 2852 2765 2907 melius
2793 2869 2913 2909 esse
2940 2853 3075 2911 foris
3097 2857 3216 2914 lites
3245 2873 3593 2932 componere.

2080 2944 2443 2998 Pecuniarum‘
2463 2961 2617 3000 amor-
2635 2947 2803 3000 omnia
2829 2948 3088 3005 subvertit.
3115 2980 3193 2997 -ν
3204 2951 3357 3020 Sed,
3371 2969 3419 3009 οι
3435 2970 3601 3025 pecu-

2009 3034 2155 3091 nias!
2189 3036 2296 3091 imo
2327 3038 2522 3107 potius,
2552 3053 2586 3093 o
2614 3038 2903 3095 absurdum
2932 3043 3279 3111 pecuniarum
3302 3054 3595 3105 amorem!

2006 3125 2099 3196 qui
2142 3126 2319 3182 omnia
2354 3127 2618 3184 subvertit
2657 3141 2712 3185 et
2741 3130 2975 3200 dejecit;
3008 3150 3269 3205 nngchue
3298 3148 3353 3193 et
3394 3139 3593 3196 fabula:

2008 3216 2193 3271 multis
2219 3228 2345 3272 sunt
2384 3220 2562 3273 omnia
2596 3231 2813 3290 propter
2840 3224 3113 3292 pecunias.
3142 3226 3208 3281 Et
3232 3229 3369 3297 quod
3402 3231 3435 3285 ii
3455 3273 3470 3295 ,
3498 3234 3596 3303 qui

2007 3308 2354 3365 saecularibus
2378 3310 2717 3379 sintaddicti,
2749 3314 2800 3368 in
2828 3315 3183 3374 tribunalibus
3205 3318 3325 3375 lites
3344 3337 3592 3380 commo-

2007 3410 2184 3467 veant,
2211 3403 2340 3458 nihil
2364 3404 2555 3458 mirum
2582 3421 2597 3471 ;
2625 3405 2767 3476 quod
2789 3415 2965 3461 autem
2994 3409 3146 3463 multi
3168 3426 3233 3466 ex
3263 3412 3349 3478 iis,
3368 3417 3456 3485 qui
3483 3434 3591 3471 sa:-

2005 3495 2127 3550 culo
2155 3495 2599 3551 abrenuntiarunt
2624 3538 2638 3561 ,
2670 3497 2856 3553 eadem
2886 3498 3000 3569 ipsa
3033 3499 3225 3557 faciant
3247 3544 3264 3570 ,
3297 3505 3397 3559 huc
3441 3518 3593 3564 certe

2005 3574 2263 3643 est‘cxtra
2292 3588 2500 3643 veniam
2524 3604 2759 3644 omnem.
2788 3589 2921 3644 Nam
2953 3592 2997 3645 si
3023 3593 3103 3646 vis
3125 3594 3307 3651 videre
3332 3610 3588 3667 quantum

2005 3688 2059 3736 te
2080 3680 2271 3736 abesse
2300 3682 2368 3736 ab
2391 3680 2493 3737 hoc
2519 3694 2637 3749 usu,
2673 3700 2864 3755 nempe
2882 3685 3244 3755 tribunalium,
3277 3698 3593 3763 praeceperit

2002 3770 2273 3842 Scriptura
2299 3814 2314 3839 ,
2343 3781 2396 3828 et
2422 3772 2633 3830 discere
2664 3775 2981 3846 quibusnam
3021 3777 3169 3849 leges
3222 3783 3407 3850 posit-.e
3435 3784 3586 3852 sint,

2001 3864 2124 3919 audi
2155 3865 2279 3932 quid
2306 3858 2671 3921 dicat'Paulus
2700 3886 2714 3921 :
2743 3868 2891 3923 Justo
2913 3871 2995 3925 lea:
3034 3889 3135 3926 non
3172 3883 3244 3926 est
3267 3877 3455 3944 posita,
3484 3880 3592 3932 «sed

2001 3955 2204 4027 iujustis
2223 3966 2268 4011 et
2291 3974 2391 4011 non
2420 3959 2676 4031 subditis(
2704 3961 2752 4013 l.
2781 3960 2916 4016 Tim.
2948 3964 3000 4017 l.
3026 3964 3118 4032 9).
3147 3965 3299 4031 Quod
3326 3969 3369 4022 si
3400 3970 3488 4026 ille
3514 3972 3591 4029 de

2000 4046 2227 4103 Mosaica
2269 4047 2371 4104 hoc
2399 4048 2560 4116 dicit,
2590 4051 2756 4105 multo
2783 4054 2951 4123 magis
2979 4053 3047 4110 dc
3089 4057 3324 4113 externis
3354 4060 3583 4131 legibus.

2001 4137 2056 4193 Si
2083 4154 2213 4209 ergo
2242 4139 2491 4209 injuriam
2531 4141 2722 4196 feceris
2746 4183 2761 4208 ,
2796 4144 2967 4211 palam
3001 4155 3084 4199 est
3117 4156 3168 4200 te
3209 4164 3312 4203 nun
3354 4166 3486 4206 esse.
3493 4152 3587 4222 ju-

2000 4237 2175 4296 stum;
2223 4231 2268 4284 si
2312 4241 2490 4287 autem
2530 4232 2719 4303 injuria
2750 4234 2999 4290 alﬁciaris
3028 4248 3076 4290 et
3098 4234 3242 4293 feras
3273 4234 3343 4312 (b
3370 4243 3582 4299 ceniut

2000 4322 2233 4379 maxime
2258 4323 2388 4393 justi
2410 4325 2701 4398 est),non
2736 4341 2869 4396 qus
2898 4327 3063 4383 habes
3080 4334 3323 4388 externis
3351 4335 3573 4406 legibus,

1998 4418 2067 4474 Et
2090 4414 2381 4488 quomodo,
2400 4419 2629 4489 inquies,
2658 4418 2845 4485 injuria
2866 4418 3029 4474 lzesns
3060 4420 3213 4477 ferre.
3224 4427 3454 4494 potero?
3480 4430 3582 4482 At-

1999 4511 2088 4583 qui
2128 4508 2375 4566 Christus
2423 4510 2621 4581 aliquid
2662 4511 2822 4566 etiam
2875 4512 3102 4581 amplius
3152 4517 3422 4586 praecepit.
3460 4518 3579 4575 Non

1995 4606 2157 4659 modo
2194 4606 2336 4661 enim
2384 4605 2573 4675 injuria
2628 4608 2810 4661 lzcsum
2865 4608 3002 4664 ferre
3030 4610 3230 4679 jussit,
3273 4613 3364 4667 sed
3415 4616 3580 4671 etiam

1995 4696 2195 4751 all‘atim
2222 4712 2444 4769 ert-gare
2469 4698 2516 4752 ei
2543 4700 2628 4768 qui
2656 4698 3077 4768 facit-injuriam,
3102 4712 3155 4756 et
3186 4702 3417 4771 patiendi
3442 4705 3578 4761 alle-

1995 4801 2084 4845 ctu
2114 4801 2169 4846 et
2204 4792 2387 4846 animo
2414 4806 2669 4861 superare
2690 4794 3057 4861 cupiditatem
3082 4797 3241 4849 .mata
3272 4794 3574 4853 inferentis.

1995 4883 2110 4938 Non
2134 4885 2276 4940 enim
2298 4884 2455 4951 dixit,
2492 4885 2549 4939 Ei
2573 4885 2663 4956 qui
2682 4887 2817 4941 velit
2837 4896 3009 4941 tecum
3043 4887 3317 4957 injndicio
3345 4903 3575 4946 conten-

1994 4976 2124 5032 dere
2146 4987 2201 5032 et
2225 4978 2457 5032 tunicam
2488 4987 2629 5032 tuam
2662 4978 2906 5045 auferre,
2935 4979 3144 5035 dimitte
3178 4982 3408 5037 tunicam
3434 4999 3451 5049 ;
3483 4984 3575 5038 ενδ

1992 5084 2112 5123 cum
2146 5069 2233 5123 illa
2273 5070 2581 5138 etpalliutn
2609 5070 2752 5125 dato.
2784 5070 2953 5125 Vince
2977 5071 3127 5127 illum
3150 5112 3165 5132 .
3195 5073 3401 5142 inquit,
3435 5076 3555 5130 mt'i

1991 5162 2241 5231 patiendo
2264 5204 2279 5228 ,
2312 5178 2417 5216 non
2458 5163 2596 5216 male
2624 5163 2868 5218 faciendo
2899 5163 3052 5219 ιιιωο
3080 5175 3154 5219 est
3182 5165 3325 5221 enim
3350 5167 3499 5224 clara
3540 5184 3565 5223 η

1989 5257 2270 5327 splendida
2321 5257 2563 5312 victoria.
2637 5256 2865 5328 ldeuqne
2916 5272 3096 5327 pOStea
3146 5260 3272 5314 dicit
3325 5260 3577 5318 Paulus:

1985 5347 2109 5402 Jam
2129 5349 2261 5403 enim
2286 5349 2523 5403 delictum
2551 5359 2621 5405 est
2645 5351 2781 5404 vobis
2799 5392 2813 5417 ,
2841 5352 2978 5421 quod
2994 5352 3195 5421 judicia
3218 5352 3410 5408 habetis
3442 5355 3568 5410 inter

1986 5457 2073 5496 vos
2103 5450 2189 5496 :et
2213 5457 2305 5494 cur
2333 5458 2433 5495 non
2460 5443 2627 5511 potius
2665 5441 2908 5511 injuriam
2935 5442 3164 5513 accipitis
3183 5443 3209 5496 ?
3246 5442 3398 5509 Quod
3425 5446 3573 5501 enim

1988 5533 2033 5588 is
2053 5533 2141 5605 qui
2175 5532 2366 5604 injuria
2390 5533 2641 5599 afﬁcitur,
2674 5534 2841 5603 magis
2880 5534 3265 5604 vincat,.quant
3296 5535 3340 5587 is
3368 5536 3458 5604 qui
3490 5538 3575 5589 in»
3626 5554 3637 5603 ἡ

1980 5623 2178 5695 juriam
2208 5640 2313 5681 non
2346 5624 2468 5691 fert,
2495 5624 2599 5680 hoc
2625 5624 2773 5679 vobis
2788 5625 2969 5696 palam
2990 5624 3197 5680 faciam.
3232 5626 3461 5681 Etiamsi
3479 5629 3573 5698 qui

1986 5715 2234 5788 injuriam
2265 5717 2505 5773 nonlert
2532 5717 2582 5772 in
2600 5717 2862 5788 judicium
2884 5717 3125 5783 traxerit,
3158 5719 3367 5775 etiamsi
3399 5736 3569 5791 supe-

1986 5812 2138 5879 rarit,
2192 5821 2322 5868 tunc
2364 5814 2600 5869 maxime
2645 5813 2890 5867 vincitur.
2931 5811 3094 5880 .Quod
3137 5813 3278 5868 enim
3329 5812 3568 5881 nolebat,
3617 5850 3623 5859 .
