3838 6214
266 330 352 389 135

261 449 787 520 κληρονομήσουσι.
864 451 930 506 Τί
1005 449 1222 521 λέγεις;
1294 451 1421 522 περὶ
1484 446 1825 503 πλεονεκτῶν

259 532 637 604 διαλεγόμενος,
676 534 933 589 τοσοῦτον
964 534 1120 606 όχλον
1147 534 1430 606 ἐπήγαγες
1473 534 1605 605 ήμῖν
1636 547 1822 603 παρα-

259 619 418 688 νόμων
439 615 774 688 ἀνθρώπων;
814 619 945 682 Ναὶ,
977 618 1142 689 φησίν
1167 635 1181 649 ·
1213 618 1328 671 ἀλλ’
1354 617 1414 671 οὐ
1456 616 1704 687 συγχέων
1731 614 1824 668 τὸν

258 704 395 771 λόγον
428 700 586 755 τοῦτο
625 701 786 767 ποιῶ,
825 702 963 756 ἀλλά
990 702 1085 756 καὶ
1113 701 1264 768 τάξει
1299 700 1449 775 [MO]
1486 700 1819 773 προϐαίνων.

260 788 453 857 Ὠσπερ
483 784 591 867 γάρ
619 785 750 858 περὶ
782 784 893 839 τῶν
928 785 1145 858 πύρνων
1178 786 1584 857 διαλεγόμενος,
1614 783 1823 855 μέμνηο

256 887 336 925 ται
369 868 587 921 πάντων
612 866 774 939 ὁμοῦ,
817 866 961 922 οὕτω
994 868 1158 923 πάλιν
1191 868 1286 922 τοῦ
1321 867 1640 922 πλεονέκτου
1683 881 1823 937 μνη-

260 951 664 1037 σθεὶςηπάντας-
699 953 780 1015 είς
802 1035 811 1037 ᾗ
837 952 1019 1037 μέσονῌ
1053 952 1199 1021 ἄγει,
1238 951 1377 1037 πρδς
1406 952 1532 1014 τούς
1554 949 1824 1037 ἐλέγχους

259 1033 536 1098 συνεθίζων
587 1034 717 1097 τούς
758 1035 826 1087 τά
868 1034 1093 1088 τοιαῦτα
1133 1035 1443 1096 συνειδότας
1471 1031 1701 1097 ἑαυτοῖς.
1750 1031 1825 1086 Τδ

255 1119 352 1188 γάρ
405 1118 463 1169 ὲν
500 1119 621 1180 ταῖς
658 1116 765 1171 τῶν
798 1116 1000 1189 ἐτέρων
1036 1119 1281 1189 μνήμαις
1322 1116 1561 1188 συνεχῶς
1605 1114 1825 1171 ἀκούειν

254 1204 342 1274 τὴν
374 1199 631 1271 κειμένην
652 1200 875 1254 κόλασιν
895 1202 1100 1264 αὐτοῖς,
1133 1201 1534 1271 εὐπαράδεκτον
1561 1200 1710 1252 ποιεῖ
1733 1197 1825 1251 τὸν

253 1286 476 1355 ἔλεγχον,
528 1283 748 1338 ἐπειδάν
793 1287 906 1348 τοῖς
943 1284 1167 1348 οἰκείοις
1202 1284 1383 1337 αὐτῶν
1429 1283 1826 1355 ἁμαρτήμασιν

251 1365 632 1437 ἐπαποδύηται.
694 1367 831 1421 Οὐδὲ
883 1368 994 1440 γάρ
1032 1368 1108 1433 ὡς
1153 1366 1408 1432 συνειδὼς
1461 1365 1699 1421 ἐνταῦθα
1734 1364 1828 1418 αὐ·

248 1455 351 1515 τοῖς
378 1451 568 1519 ταῦτα,
606 1452 726 1506 οὐδὲ
750 1452 827 1516 ὡς
849 1453 1086 1525 ἐλέγχων
1119 1456 1355 1507 ποιεῖται
1392 1451 1492 1523 τὴν
1517 1450 1765 1522 ἀπειλήνο
1795 1448 1826 1503 6

249 1536 475 1609 μάλιστα
505 1536 599 1590 καὶ
622 1536 808 1590 ἱκανόν
832 1538 948 1590 ἐστι
971 1540 1267 1608 κατασχεῖν
1292 1536 1388 1589 τὸν
1408 1534 1706 1606 ἀκροατὴν,
1732 1532 1827 1587 καίΙ

249 1623 319 1695 μὴ
340 1623 554 1691 ἀφεῖναι
587 1621 961 1692 ἀποπηδῆσαι,
987 1622 1115 1675 ὅταν
1142 1623 1218 1693 μὴ
1252 1620 1389 1693 πρὸς
1414 1619 1576 1673 αὐτὸν
1602 1621 1631 1673 6
1666 1618 1826 1688 λόγος

244 1705 611 1775 ἀποτείνηται,
634 1705 748 1759 ἀλλ’
772 1706 1096 1777 ἀδιορίστως
1116 1705 1432 1775 λεγόμενος,
1456 1702 1826 1766 λανθανόντως

243 1788 401 1845 αὐτοῦ
432 1788 642 1861 πλήττῃ
678 1789 741 1843 τὸ
769 1790 1029 1855 συνειδός.
1058 1790 1157 1859 Μὴ
1185 1788 1522 1844 πλανᾶσθε.
1563 1784 1827 1840 Ἐνταῦθα

240 1873 534 1929 αίνίττεταί
561 1889 712 1936 τινας
746 1872 1026 1942 λέγοντας,
1063 1874 1203 1946 ὅπερ
1243 1874 1339 1927 καὶ
1364 1871 1462 1926 νῦν
1493 1871 1743 1940 λέγουσιν
1778 1873 1828 1925 οί

242 1957 441 2022 πολλοὶ,
484 1957 566 2011 δτι
598 1957 987 2030 Φιλάνθρωπος
1019 1956 1095 2011 ῶν
1128 1960 1158 2011 6
1177 1957 1309 2021 Θεὸς
1340 1958 1435 2011 καὶ
1464 1955 1691 2025 ἀγαθὸς,
1728 1955 1829 2009 οὐκ

241 2040 595 2112 ἐπεξέρχεται
618 2043 730 2105 τοῖς
764 2040 1230 2113 πλημμελήμασι·
1269 2040 1346 2111 μὴ
1376 2039 1441 2110 δή
1474 2038 1824 2113 φοϐηθῶμεν·

238 2124 424 2180 οὐδένα
457 2123 567 2197 γὰρ
618 2123 707 2176 ἐπ’
749 2124 928 2178 οὐδενὶ
971 2123 1128 2195 δίκην
1178 2123 1473 2194 ἀπαιτήσει
1529 2122 1681 2178 ποτέ.
1717 2122 1829 2176 Καὶ

239 2206 440 2261 τούτων
483 2207 670 2261 ἕνεκέν
707 2223 894 2278 φησιν’
945 2206 1044 2275 Μὴ
1087 2205 1424 2262 πλανᾶσθε.
1457 2206 1677 2276 Πλάνης
1720 2206 1830 2277 γάρ

236 2293 382 2344 ἐστιν
438 2291 677 2363 ἐσχάτης
731 2292 826 2344 καὶ
859 2291 1098 2361 ἀπάτης,
1134 2289 1436 2345 ἐλπίσαντα
1476 2289 1692 2362 χρηστά
1720 2289 1829 2343 τῶν

235 2373 492 2428 ἐναντίων
516 2376 812 2446 ἐπιτυχεῖν,
836 2375 932 2428 καὶ
957 2372 1131 2429 ταῦτα
1158 2374 1287 2444 περὶ
1314 2372 1450 2427 Θεοῦ
1477 2371 1827 2437 ὑποπτεύειν,

231 2457 269 2514 a
313 2458 455 2530 μηδέ
504 2458 636 2528 περὶ
682 2457 974 2531 ἀνθρώπου
1026 2475 1112 2522 τις
1147 2458 1439 2529 ἐννοήσειε.
1484 2457 1577 2511 Διό
1608 2474 1774 2528 φησιν
1802 2457 1830 2509 6

232 2543 525 2617 προφήτης
555 2545 621 2596 ἐκ
651 2541 948 2616 προσώπου
972 2540 1163 2596 αὐτοῦ’
1198 2540 1530 2607 ’Υπέλαὸες
1549 2541 1825 2611 ἀνομίαν,

232 2627 323 2682 ὅτι
346 2628 571 2698 ἔσομαί
600 2643 702 2683 σοι
721 2627 944 2697 ὅμοιοςο
972 2624 1199 2695 ἐλέγξω
1229 2640 1305 2679 σε
1326 2623 1425 2679 καὶ
1458 2624 1832 2693 παραστήσω

228 2713 383 2769 κατὰ
399 2713 734 2782 πρόσωπόν
766 2726 885 2767 σου
915 2710 1024 2778 τὰς
1045 2709 1301 2779 ἀνομίας
1324 2725 1463 2764 σου·
1490 2709 1587 2764 καὶ
1618 2709 1648 2762 6
1680 2708 1832 2764 Παῦ-

231 2800 323 2861 λος
357 2794 625 2863 ἐνταῦθα,
654 2796 754 2866 Μὴ
779 2793 1095 2850 πλανᾶσθε
1118 2809 1135 2826 ’
1163 2794 1303 2848 οὐτε
1339 2792 1555 2862 πόρνοι
1582 2791 1700 2863 (τὸν
1727 2791 1829 2864 ήδη

227 2879 711 2935 καταδικασθέντα
743 2879 963 2950 πρῶτον
987 2878 1248 2949 τίθησιν),
1273 2877 1416 2932 οὔτε
1434 2875 1659 2946 μοιχοὶ,
1693 2876 1833 2930 οὔτε

223 2965 522 3036 μαλακοὶ,
553 2965 691 3020 οὔτε
724 2963 1002 3035 μέθυσοι,
1035 2963 1176 3019 οὔτε
1202 2959 1472 3031 λοίδοροι
1499 2960 1835 3027 ⁴βασιλείαν

228 3049 384 3105 Θεοῦ
417 3048 978 3123 κληρονομήσουσι.

299 3232 507 3287 Πολλοὶ
544 3231 735 3285 τούτου
769 3231 1098 3285 ἐπελάόοντο
1130 3228 1226 3284 τοῦ
1255 3230 1480 3302 χωρίου,
1516 3228 1594 3294 ὡς
1630 3228 1840 3300 σφόδρα

222 3319 492 3390 τραχέος,
528 3317 582 3369 εί
626 3333 690 3384 γε
727 3316 819 3367 τὸν
862 3315 1095 3386 μέθυσον
1126 3314 1221 3366 καὶ
1262 3314 1505 3385 λοίδορον
1555 3312 1697 3384 μετά
1741 3312 1837 3365 τοῦ

222 3401 431 3474 μοιχοῦ
466 3404 565 3455 καὶ
589 3399 683 3454 τοῦ
711 3398 1070 3472 ἡταιρηκότος
1102 3398 1201 3451 καὶ
1222 3396 1317 3451 τοῦ
1341 3396 1723 3468 άρσενοκοίτου
1756 3395 1839 3449 τί·

220 3487 380 3556 θησιο
420 3484 609 3540 καίτοι
655 3500 720 3552 γε
745 3484 844 3536 οὐκ
877 3483 965 3535 ίσα
992 3482 1061 3535 τά
1091 3482 1438 3554 ἐγκλήματα,
1473 3476 1733 3544 πῶςοῦν
1767 3477 1840 3534 τὰ

217 3570 324 3639 τῆς
350 3569 642 3631 κολάσεως
676 3568 766 3620 ῖσα
786 3584 800 3631 ;
824 3566 866 3618 Τ
873 3569 887 3617 ί
917 3561 1010 3619 οὖν
1036 3564 1306 3637 ἐροῦμεν;
1334 3565 1457 3618 Ὀτι
1482 3565 1717 3635 μάλιστα
1739 3564 1839 3635 μὲν

215 3650 316 3708 οὖν
333 3654 403 3706 οὐ
442 3651 649 3724 μικρὸν
669 3652 731 3705 τὸ
753 3650 853 3720 τῆς
885 3648 1058 3721 μέθης
1081 3649 1173 3701 καὶ
1195 3648 1256 3701 τὸ
1280 3648 1378 3718 τῆς
1407 3646 1694 3724 λοιδορίας,
1718 3648 1841 3701 ἐπεὶ

215 3738 320 3791 καὶ
350 3739 383 3791 6
410 3721 658 3807 Χριστὸς
698 3734 788 3786 τὸν
817 3732 999 3804 μωρὸν
1038 3731 1347 3786 καλέσαντα
1387 3731 1477 3785 τὸν
1507 3721 1737 3801 ἀδελφὸν
1771 3732 1837 3801 τῇ

211 3822 429 3892 γεέννῃ
508 3817 815 3889 παρέδωκε.
873 3815 1140 3878 Πολλάκις
1192 3814 1303 3886 γάρ
1357 3814 1604 3867 ἐντεῦθεν
1640 3813 1837 3885 ἐτέχθη

215 3905 497 3969 θάνατος·
532 3904 629 3957 καὶ
657 3904 685 3956 6
713 3902 823 3956 τῶν
847 3901 1119 3956 Ἰουδαίων
1149 3900 1205 3954 δὲ
1228 3901 1400 3972 δῆμος
1427 3900 1499 3954 τά
1520 3901 1841 3971 χαλεπώτα-

209 4008 287 4047 τα
321 3992 398 4045 ἐκ
440 3989 549 4060 τῆς
579 3987 749 4058 μέθης
782 3986 1090 4057 ἐξήμαρτεν
1149 3986 1526 4057 ἁμαρτήματα
1549 4001 1564 4016 ⁸
1622 3984 1836 4050 ἔπειτα,

209 4077 301 4131 ὃτι
329 4077 402 4129 οὐ
430 4074 573 4145 περὶ
596 4072 870 4135 κολάσεως
916 4072 945 4124 6
977 4070 1135 4139 λόγος
1180 4069 1330 4141 αὐτῷ
1359 4069 1517 4135 τέως,
1547 4068 1683 4123 ἀλλά
1710 4070 1842 4142 περὶ

209 4162 582 4225 ἐκπτώσεως
618 4159 916 4231 βασιλείας.
948 4160 1061 4228 Τῆς
1086 4159 1184 4229 μὲν
1205 4154 1299 4212 οὖν
1332 4157 1617 4227 βασιλείας
1638 4159 1841 4229 ὁμοίως

208 4250 314 4303 καὶ
357 4240 540 4309 οὗτος
576 4245 671 4298 καὶ
701 4247 908 4307 ἐκεῖνος
939 4244 1320 4297 ἐκπίπτουσιν·
1356 4243 1406 4295 εί
1440 4242 1498 4296 δέ
1525 4260 1648 4297 τινα
1686 4245 1744 4297 ἐν
1770 4247 1839 4315 τῇ

206 4332 430 4402 γεέννῃ
461 4329 733 4400 διαφοράν
757 4328 989 4396 ἕξουσιν,
1014 4328 1075 4381 οὐ
1105 4327 1199 4381 τοῦ
1222 4326 1489 4397 παρόντος
1517 4328 1710 4400 καιροῦ
1745 4329 1843 4399 ζη-

203 4420 355 4471 σιτεῖν⁹
403 4416 480 4468 οὐ
526 4414 639 4484 γὰρ
673 4414 803 4486 περὶ
850 4412 1039 4467 τούτου
1089 4414 1375 4483 πρόκειται
1423 4412 1694 4484 νῦνήμῖν.
1729 4415 1842 4468 Καὶ

203 4500 422 4555 ταῦτά
482 4516 650 4566 τινες
675 4495 810 4569 ἦτε’
843 4499 982 4553 ἀλλ’
1012 4498 1467 4559 ἀπελούσασθε,
1502 4496 1642 4551 ἀλλ’
1669 4496 1841 4567 ἡγιά-

200 4589 448 4656 σθητε.
510 4584 728 4655 Σφόδρα
780 4582 1147 4654 ἐντρεπτικῶς
1202 4583 1453 4653 ἐπήγαγε
1486 4581 1681 4650 λέγων·
1725 4582 1841 4634 Ἐν-

203 4673 475 4742 νοήσατε
506 4668 719 4740 ἡλίκων
756 4667 900 4737 ὑμᾶς
933 4665 1169 4732 ἐξείλετο
1218 4664 1404 4723 κακῶν
1453 4667 1481 4718 6
1525 4665 1677 4728 Θεὸς,
1711 4664 1843 4735 ὅσην

1323 332 1389 389 IN
1428 328 1649 388 EPIST.
1690 329 1713 385 ι
1749 327 1842 386 AD
1881 329 2040 388 (ΞΟΠ.
2079 328 2316 388 HOMIL.
2359 326 2501 384 XVI.

3404 329 3509 387 £56

1930 448 2064 518 ἡμῖν
2116 447 2431 519 ἐχαρίσατο,
2475 444 2680 517 ταύτην
2728 442 3166 515 διαφυλάξωμεν.
3225 442 3511 517 Ἐννόησον

1927 530 2038 603 γάρ
2070 530 2266 602 ήλίκης
2306 529 2456 585 ἐστὶν
2495 527 2759 600 αἰσχύνης
2797 526 3127 593 καθέζεσθαι
3152 524 3394 598 Ἕλληνά
3425 542 3510 581 σοι

1924 614 2110 671 δίκαια
2137 614 2392 687 νέμοντα.

1994 793 2056 842 ε’.
2071 787 2137 841 Τί
2152 780 2269 851 οὖν,
2294 786 2480 858 φησὶν,
2508 783 2603 839 ἐὰν
2617 777 3156 856 παρανόμωςόένδον
3185 776 3380 849 κρίνῃ;
3412 776 3513 832 Διά

1921 868 2000 934 τί,
2025 869 2149 924 εἰπέ
2183 885 2312 941 μοις
2338 868 2482 923 κατά
2520 868 2709 931 ποίους
2732 865 2842 937 γὰρ
2862 864 3060 935 νόμους
3083 861 3294 924 δικάζει
3319 862 3348 913 6
3378 859 3512 913 Ἕλ·

1922 952 2023 1025 λην
2048 969 2064 1020 ;
2095 955 2190 1008 καὶ
2227 954 2371 1009 κατὰ
2396 952 2587 1016 ποίους
2614 951 2644 1004 ό
2666 949 3021 1023 Χριστιανός;
3047 947 3149 1000 οὐκ
3178 944 3401 1013 εὐδηλον
3429 942 3512 1025 ὅτι

1926 1024 2068 1092 κατά
2092 1038 2191 1107 μὲν
2218 1037 2345 1100 τοὺς
2373 1035 2483 1089 τῶν
2506 1033 2811 1102 ἀνθρώπων
2840 1034 2868 1086 6
2888 1030 3110 1102 Ἕλλην,
3136 1028 3279 1084 κατά
3309 1027 3366 1080 δὲ
3386 1024 3513 1089 τούς

1924 1119 2019 1173 τοῦ
2050 1120 2185 1174 Θεοῦ
2234 1120 2263 1172 6
2300 1119 2655 1189 Χριστιανός;
2699 1115 2912 1172 Οὐκοῦν
2951 1112 3182 1171 ἐνταῦθα
3215 1110 3415 1183 μᾶλλον
3453 1107 3517 1162 τὸ

1926 1204 2162 1268 δίκαιον,
2197 1203 2388 1273 ἐπειδὴ
2415 1203 2509 1256 καὶ
2544 1203 2602 1270 ἐξ
2636 1202 2885 1274 οὐρανῶν
2916 1202 3058 1254 είσιν
3099 1200 3150 1251 οί
3192 1196 3347 1266 νόμοι
3373 1210 3519 1263 πεμ-

1927 1286 2173 1358 φθέντες.
2215 1286 2341 1340 Ἐπὶ
2374 1287 2475 1356 μὲν
2496 1285 2605 1356 γὰρ
2627 1285 2735 1339 τῶν
2764 1284 2964 1351 ἔξωθεν
2992 1281 3133 1354 μετά
3158 1280 3266 1333 τῶν
3291 1275 3519 1349 είρημὲ-

1928 1389 2034 1427 νων
2063 1371 2159 1424 καὶ
2185 1370 2349 1442 ἕτερα
2377 1370 2523 1423 ἐστιν
2550 1361 2892 1423 ὑποπτεῦσαι
2928 1366 3120 1433 πολλὰ,
3153 1363 3247 1418 καὶ
3270 1360 3518 1433 ρητόρων

1927 1454 2206 1526 δεινότητα
2251 1456 2349 1509 καὶ
2391 1453 2689 1525 διαφθοράν
2730 1454 3007 1525 ἀρχόντων
3039 1450 3133 1504 καὶ
3168 1446 3338 1503 πολλά
3380 1442 3515 1497 ἄλλα

1926 1540 1990 1593 τὸ
2010 1538 2219 1593 δίκαιον
2244 1538 2634 1609 λυμαινόμενα’
2657 1536 2892 1592 ἐνταῦθα
2914 1535 2972 1590 δὲ
2986 1533 3224 1589 τοιοῦτον
3246 1529 3420 1584 οὐδέν.
3443 1527 3510 1580 Τί

1929 1618 2044 1690 οὖν,
2075 1620 2141 1676 ἂν
2174 1623 2204 1676 6
2233 1622 2503 1686 ἀντίδικος
2531 1621 2796 1693 δυνάστης
2829 1618 2889 1693 ᾖ,
2911 1618 3074 1690 φησί;
3106 1617 3217 1672 Kal
3245 1614 3334 1670 διά
3358 1611 3519 1665 τοῦτο

1932 1705 2033 1777 μὲν
2060 1700 2154 1759 οὖν
2181 1703 2417 1775 μάλιστα
2438 1703 2749 1769 δικάζεσθαι
2769 1702 3006 1757 ἐνταῦθα
3027 1702 3156 1774 χρή·
3186 1702 3244 1755 έν
3268 1698 3378 1767 γὰρ
3403 1697 3517 1758 τοῖς

1930 1790 2036 1856 ἔξω
2062 1789 2437 1860 δικαστηρίοις
2474 1789 2756 1861 περιέσται
2799 1805 2892 1841 σου
2941 1788 3180 1851 πάντως.
3217 1784 3279 1838 El
3320 1782 3377 1836 δὲ
3414 1780 3515 1833 οὐκ

1929 1874 2206 1945 ἀνέχεται,
2257 1871 2395 1926 ἀλλά
2453 1872 2552 1926 καὶ
2596 1871 2706 1926 τῶν
2741 1870 2889 1925 ἔνδον
2927 1870 3263 1941 καταφρονεῖ
3294 1867 3389 1921 καὶ¹
3414 1864 3520 1934 ἔξω

1930 1956 2070 2029 πρὸς
2109 1956 2232 2028 βίαν
2261 1957 2434 2021 ἕλκει,
2481 1954 2710 2024 βέλτιον,
2756 1956 2894 2026 ὅπερ
2933 1953 2993 2021 ἐξ
3025 1955 3274 2022 ἀνάγκης
3308 1949 3522 2021 μέλλεις

1934 2041 2190 2113 πάσχειν,
2245 2040 2386 2096 ἑκὼν
2429 2052 2456 2082 ι
2499 2039 2800 2110 ὑποστῆναι
2831 2038 2927 2093 καὶ
2956 2036 3035 2109 μὴ
3055 2032 3405 2096 δικάσασθαι,
3432 2032 3520 2086 ἵνα

1931 2126 2026 2181 καὶ
2068 2126 2261 2196 μισθὸν
2294 2124 2444 2199 ἔχῃς.
2480 2124 2591 2179 Ἂν
2617 2124 2727 2195 γάρ
2750 2125 2844 2190 τίς
2872 2138 2993 2185 σοι,
3023 2122 3177 2193 φησὶ,
3209 2119 3356 2188 θέλῃ
3399 2134 3521 2185 κρι-

1930 2209 2131 2277 θῆναι,
2165 2209 2396 2264 καὶτὸν
2428 2206 2649 2278 χιτῶνὰ
2674 2223 2791 2262 σου
2817 2207 3048 2271 λαϐεῖν,
3074 2204 3334 2275 ἀφήσεις
3361 2200 3523 2268 αὐτῷ

1931 2293 2031 2350 καὶ
2063 2293 2131 2348 τὸ
2163 2293 2425 2364 ἱμάτιον·
2482 2293 2599 2358 καὶ,
2632 2294 2780 2348 ἰσθι
2831 2289 3063 2347 εὐνοῶν
3108 2289 3189 2356 τῷ
3239 2287 3526 2353 ἀντιδίκῳ

1931 2395 2048 2434 σου
2076 2377 2253 2447 ταχὺ,
2288 2376 2403 2444 ἕως
2431 2376 2572 2432 ὅτου
2600 2373 2660 2432 εί
2679 2376 2751 2430 ἐν
2774 2373 2851 2445 τῇ
2870 2375 2989 2442 ὁδῷ
3012 2376 3137 2445 μετ’
3161 2372 3370 2428 αὐτοῦ.
3410 2369 3525 2424 Kal

1930 2463 1983 2517 τί
2014 2462 2118 2535 χρὴ
2138 2462 2321 2533 λέγειν
2347 2460 2419 2515 τὰ
2446 2460 2723 2534 ήμέτερας
2746 2460 2977 2532 καὶγὰρ
3007 2458 3162 2513 αὐτοὶ
3188 2458 3238 2514 οί
3263 2457 3371 2512 τῶν
3398 2454 3526 2520 ἐξωρ

1933 2546 2025 2600 θεν
2061 2545 2431 2617 δικαστηρίων
2457 2545 2749 2616 συνήγοροι
2786 2543 3047 2615 μυριάκις
3077 2540 3257 2598 ταῦτα
3279 2540 3521 2610 λέγουσι,

1934 2630 2018 2684 δτι
2051 2629 2261 2702 βέλτιον
2287 2629 2487 2698 ἔξωθεν
2513 2627 2849 2684 διαλύεσθαι.
3089 2640 3093 2643 ⁷

2017 2827 2156 2883 Ἀλλ’
2176 2825 2227 2880 ὣ
2268 2825 2380 2881 τῶν
2407 2843 2511 2898 χρη
2520 2825 2734 2897 μάτωνε
2779 2823 2980 2896 μᾶλλον
3016 2822 3092 2887 δέ,
3127 2822 3174 2876 ῶ
3198 2822 3293 2877 τοῦ
3325 2822 3528 2879 ἀτόπου

1934 2913 2137 2984 ἔρωτος
2169 2911 2278 2966 τῶν
2299 2910 2635 2983 χρημάτωνί
2659 2910 2742 2965 δτι
2772 2908 2954 2963 πάντα
2984 2906 3249 2977 ἀνέτρεψε
3272 2907 3367 2961 καὶ
3396 2924 3532 2963 κατα

1934 2996 2122 3063 Male,
2151 2995 2249 3051 καὶ
2287 2994 2466 3049 πάντα
2508 2992 2675 3065 λῆρος
2696 2994 2812 3057 τοῖς
2844 2990 3061 3055 πολλοῖς
3097 2991 3194 3045 καὶ
3243 2989 3404 3062 μῦθοι
3441 2990 3532 3045 διὰ

1933 3084 2006 3140 τά
2049 3083 2331 3155 χρήματα.
2385 3077 2499 3131 Kal
2540 3077 2603 3131 τὸ
2634 3076 2735 3148 μὲν
2763 3076 3054 3148 βιωτικούς
3081 3070 3221 3129 εἶναι
3256 3075 3383 3138 τούς
3418 3076 3532 3138 τοῖς

1936 3165 2310 3237 δικαστηρίοις
2350 3159 2726 3232 ἐνοχλοῦντας,
2776 3160 2928 3215 οὐδὲν
2979 3159 3333 3230 θαυμαστόν·
3369 3158 3431 3212 τὸ
3474 3157 3531 3211 δὲ

1938 3240 2336 3313 πολλούςλτῶν
2390 3243 2827 3316 ἀποταξαμένων
2888 3244 2958 3298 τά
3024 3242 3165 3298 αὐτὰ
3226 3242 3294 3315 δὴ
3355 3240 3532 3296 ταῦτα

1939 3338 2136 3400 ποιεῖν,
2174 3331 2335 3387 τοῦτό
2374 3332 2522 3384 ἐστιν
2556 3328 2585 3382 6
2620 3327 2951 3400 συγγνώμης
2984 3328 3166 3394 πάσης
3214 3326 3529 3398 ἐστέρηται.

1938 3422 2004 3476 Et
2032 3418 2143 3490 γὰρ
2172 3416 2379 3479 ἐθέλοις
2420 3414 2550 3468 ίδεῖν
2582 3414 2749 3467 πόσον
2788 3411 2997 3483 ταύτης
3032 3410 3263 3482 ἀπέχειν
3294 3427 3355 3464 σε
3376 3411 3405 3453 b
3432 3410 3535 3481 τῆς

1940 3502 2155 3576 χρείας,
2187 3501 2289 3572 τῆς
2340 3498 2449 3553 τῶν
2500 3496 2867 3570 δικαστηρίων
2911 3495 3076 3565 λέγω,
3117 3494 3451 3568 προσέταξεν
3498 3498 3533 3567 ή

1942 3586 2155 3660 Γραφὴ,
2195 3583 2292 3638 καὶ
2315 3581 2457 3636 τίσιν
2486 3583 2534 3636 οί
2562 3581 2715 3653 νόμοι
2746 3582 2956 3636 κεῖνται
2984 3580 3195 3652 μαθεῖν,
3224 3578 3457 3634 ἄκουσον
3478 3578 3534 3633 τί

1942 3689 2108 3741 φησιν
2146 3670 2175 3723 6
2217 3666 2447 3731 Παῦλοςο
2486 3665 2703 3733 Δικαίῳ
2732 3665 2917 3735 νόμος
2958 3668 3031 3719 οὐ
3058 3663 3265 3726 κεῖται,
3288 3664 3536 3732 ἀνόμοις

1940 3754 2010 3809 δὲ
2066 3753 2166 3807 καὶ
2220 3750 2681 3815 ἀνυποτάκτοις.
2715 3746 2777 3803 Εἰ
2819 3748 2876 3802 δὲ
2926 3748 3055 3821 περὶ
3106 3747 3202 3801 τοῦ
3233 3745 3533 3801 Μωσαῖκοῦ

1940 3838 2113 3893 ταῦτά
2140 3853 2296 3906 φησι,
2319 3832 2501 3905 πολλῷ
2530 3832 2731 3904 μᾶλλον
2758 3832 2888 3903 περὶ
2915 3831 3023 3885 τῶν
3054 3830 3276 3896 ἔξωθεν.
3311 3833 3409 3884 "Av
3434 3830 3535 3902 μὲν

1940 3920 2033 3979 οὖν
2079 3923 2292 3994 ἀδικῇς,
2347 3921 2512 3991 δῆλον
2568 3918 2645 3980 ὡς
2690 3918 2791 3970 οὐκ
2843 3917 2909 3970 ἂν
2936 3915 3055 3986 εἴης
3093 3915 3320 3979 δίκαιος
3352 3913 3448 3968 ἐὰν
3476 3913 3535 3968 δὲ

1940 4009 2103 4078 ἀδικῇ
2144 4007 2237 4059 καὶ
2262 4004 2435 4076 φέρῃς
2462 4003 2696 4073 (δικαίου
2726 4000 2836 4072 γὰρ
2869 4000 3107 4072 μάλιστα
3144 3999 3306 4052 τοῦτό
3336 3999 3531 4069 ἐστιν),

1941 4090 2092 4144 οὐδὲν
2124 4089 2316 4160 χρείαν
2339 4088 2485 4158 ἔχεις
2504 4087 2612 4140 τῶν
2636 4084 2834 4150 ἔξωθεν
2860 4084 3060 4155 νόμων.
3090 4083 3201 4138 Καὶ
3226 4082 3344 4146 πῶς
3373 4082 3536 4153 δυνή-

1942 4191 2110 4245 σομαι
2143 4172 2331 4244 φέρειν
2376 4169 2756 4240 ἀδικούμενος,
2793 4167 2967 4239 φησίς
3003 4165 3197 4219 Καίτοι
3235 4182 3299 4234 γε
3331 4166 3360 4218 6
3395 4166 3532 4234 Χρι-

1944 4259 2069 4322 στὸς
2100 4256 2195 4310 καὶ
2221 4256 2413 4309 τούτου
2449 4271 2502 4308 τι
2537 4253 2698 4307 πλέον
2727 4250 3083 4324 προσέταξεν.
3120 4250 3194 4303 Οὐ
3233 4248 3339 4321 γὰρ
3371 4249 3533 4319 μόνον

1942 4339 2295 4411 ἀδικούμενον
2324 4338 2510 4409 φέρειν
2545 4338 2855 4403 ἐκέλευσεν,
2903 4335 3039 4389 ἀλλὰ
3067 4334 3162 4387 καὶ
3205 4331 3535 4402 προσεπιδα-

1940 4426 2260 4497 ψιλεύεσθαι
2301 4422 2379 4493 τῷ
2418 4421 2713 4486 ἀδικοῦντι,
2746 4421 2842 4475 καὶ
2881 4422 2950 4491 τῇ
2979 4417 3261 4491 προθυμίᾳ
3301 4415 3396 4469 τοῦ
3427 4417 3535 4471 πά·-

1945 4527 2096 4581 σχειν
2134 4507 2485 4579 ὑπερϐαίνειν
2523 4505 2623 4574 τὴν
2663 4504 2960 4575 ἐπιθυμίαν
2986 4500 3078 4556 τοῦ
3114 4500 3396 4563 ποιοῦντος
3434 4518 3535 4554 κα-

1943 4594 2075 4658 κῶς.
2117 4593 2191 4645 Οὐ
2230 4592 2340 4661 γάρ
2375 4585 2518 4651 εἷπε.
2555 4587 2646 4661 Τῷ
2672 4587 2880 4642 θέλοντί
2924 4604 3005 4640 σοι
3030 4584 3285 4657 κριθῆναι
3316 4584 3412 4639 καὶ⁹
3440 4584 3533 4638 τὸν

1943 4677 2148 4749 χιτῶνά
2177 4693 2268 4730 σου
2298 4675 2482 4729 λαϐεῖν
2510 4675 2645 4743 ἀφες
2667 4673 2759 4727 τὸν
2781 4671 3003 4742 χιτῶνα·
3035 4668 3186 4743 [142]
3214 4669 3369 4735 ἀλλά,
3397 4671 3532 4725 Μετ’

205 4755 358 4827 ὑμῖν
391 4749 831 4823 φιλανθρωπίας
860 4748 1167 4821 παρέσχετο
1189 4750 1386 4819 πεῖραν
1423 4748 1520 4801 καὶ
1547 4747 1839 4812 ἀπόδειξιν

201 4841 312 4894 καὶ
344 4837 493 4891 οὐδὲ
537 4834 701 4905 μέχρι
734 4832 833 4903 τῆς
856 4832 1175 4903 ἀπαλλαγῆς
1199 4832 1299 4904 τὴν
1331 4832 1602 4886 ἀντίδοσιν
1623 4831 1841 4899 ἔδωκεν,

202 4920 340 4977 ἀλλ’
376 4921 492 4973 ἐπὶ
528 4918 663 4971 πολὺ
714 4916 815 4987 τὴν
869 4916 1188 4988 εὐεργεσίαν
1244 4916 1549 4987 προήγαγε·
1597 4917 1691 4967 καὶ
1735 4914 1846 4986 γάρ

202 5004 499 5075 καθαρὸν
545 5002 823 5072 ἐποίησεν.
848 4995 974 5073 Ἆρ’
1002 4996 1096 5055 οὖν
1131 5000 1290 5054 τοῦτο
1321 4999 1521 5071 μόνον;
1558 4998 1843 5068 Οὐδαμῶς,

203 5089 365 5144 ἀλλά
403 5086 525 5141 καὶ
565 5086 809 5157 ήγίασεν·
841 5084 953 5138 ἀλλ’
983 5084 1104 5137 οὐδὲ
1151 5083 1310 5137 τοῦτο
1352 5084 1531 5154 μόνον,
1567 5083 1704 5137 ἀλλὰ
1753 5085 1848 5136 καὶ

198 5173 565 5228 ἐδικαίωσε·
603 5170 799 5223 Καίτοι
838 5184 903 5236 γε
948 5168 1126 5222 καὶτὸ
1152 5167 1260 5250 τῶν
1290 5166 1706 5250 ἁμαρτημάτων
1735 5167 1847 5219 ἀπ’
1943 5180 2187 5250 μᾶλλον
2222 5176 2559 5240 ἀδικεῖσθε;
2600 5177 2725 5230 Ὅτι
2766 5176 2876 5247 γὰρ
2925 5177 2953 5228 6
3003 5172 3359 5243 ἀδικούμενος
3409 5172 3536 5242 νικᾷ

198 5255 579 5324 αλλαγῆναι»
613 5252 791 5324 δωρεά
816 5250 1190 5336 μεγάληίνυνὶ
1220 5249 1278 5336 δέ
1308 5266 1368 5303 σε
1390 5249 1743 5336 καὶίνμυρξων-
1762 5251 1848 5336 ἐγ·
1945 5249 2150 5336 ίμᾶλλον
2179 5260 2273 5315 τοῦ
2305 5261 2380 5333 μὴ
2402 5260 2659 5333 φέροντος
2687 5258 3008 5324 ἀδικεῖσθαι,
3039 5256 3198 5310 τοῦτο
3224 5256 3352 5327 ὐμῖν
3381 5257 3537 5324 ποιήο

196 5341 487 5412 ἐπλησεν
531 5338 771 5405 ἀγαθῶν-
832 5336 940 5391 καὶ
992 5334 1149 5388 τοῦτο
1199 5335 1419 5403 γέγονεν
1459 5335 1555 5386 Ἐν
1591 5332 1672 5398 τῷ
1713 5333 1849 5417 ἀνά·
1952 5332 2030 5401 σω
2064 5345 2315 5417 φανερόν.
2364 5332 2422 5398 '0
2461 5343 2537 5415 μὴ
2568 5345 2749 5415 φέρων
2780 5341 3109 5407 ἀδικεῖσθαι,
3141 5339 3243 5395 κᾶν
3270 5340 3353 5401 είς
3384 5338 3535 5391 δικα-

190 5442 363 5495 ματι
396 5420 536 5476 τοῦ
553 5420 773 5488 κυρίου
800 5418 967 5489 ἡμῶν
989 5418 1193 5486 Ἰησοῦ
1213 5416 1490 5486 Χριστοῧ’
1513 5417 1617 5503 οὐκ,
1635 5419 1692 5472 έν
1711 5415 1848 5503 τῷδε
1953 5415 2172 5503 στήριον
2194 5415 2417 5503 ἑλκύσῃ,
2441 5428 2546 5482 κᾶν
2568 5427 2946 5499 περιγένηται,
2972 5425 3094 5479 τότε
3126 5422 3360 5495 μάλιστα
3379 5422 3539 5491 ἥττη-

198 5510 312 5567 καὶ
333 5506 539 5578 τῷδε,
556 5504 692 5557 ἀλλά
713 5504 824 5586 Kal
845 5504 915 5557 έν
937 5521 968 5556 τ
970 5503 1016 5569 ᾧ
1037 5503 1336 5572 Πνεύματι
1360 5503 1467 5557 τοῦ
1486 5502 1634 5586 θερῦ
1656 5500 1846 5586 ἡμῶν·
1950 5500 2071 5569 ται(
2092 5515 2121 5569 6
2160 5513 2268 5586 γὰρ
2302 5500 2401 5567 οὐκ
2433 5512 2648 5585 ἤθελεν,
2677 5510 2898 5565 ἔπαθενσ
2935 5509 3215 5579 ἠνάγκασε
3236 5506 3346 5577 γάρ
3374 5504 3536 5559 αὐτὸν

198 5592 385 5669 [Mi]
427 5588 638 5644 Ταῦτα
675 5584 772 5642 οὖν
810 5588 1031 5653 εἰδότες,
1068 5588 1360 5658 ἀγαπητοὶ.
1400 5586 1495 5640 καὶ
1532 5584 1593 5639 τὺ
1619 5584 1851 5657 μέγεθος
1951 5602 1981 5655 δ
2022 5584 2289 5663 ἀντίδικος
2315 5598 2412 5653 καὶ
2436 5597 2671 5669 ἀλγῆσαι
2705 5597 2801 5652 καὶ
2824 5593 3171 5650 δικάσασθαι.
3202 5591 3268 5646 Τί
3297 5588 3407 5662 γὰρ
3453 5588 3537 5643 ὅτι

192 5679 317 5751 τῆς
379 5673 798 5745 γεγενημένης
845 5673 1161 5744 εὐεργεσίας
1209 5669 1541 5735 ἐννοοῦντες,
1600 5669 1852 5741 μένωμεν

191 5760 567 5832 σωφρόνως
599 5756 860 5827 βιοῦντες,
897 5760 1004 5811 τῶν
1040 5774 1099 5810 τε
1151 5752 1627 5827 ἀπηριθμημένων
1677 5753 1851 5807 καθα-

194 5845 514 5919 ρεύοντες
545 5840 820 5904 ἁπάντων,
852 5841 946 5894 καὶ
978 5840 1049 5894 τὰ
1086 5840 1415 5911 δικαστήρια
1446 5837 1736 5909 φεύγωμεν
1782 5834 1854 5889 τά

184 5930 262 5989 ἐν
313 5926 604 5999 ἀγοραῖς
633 5928 751 5991 ταῖς
784 5925 906 5993 ἔξω,
946 5925 1044 5981 καὶ
1078 5926 1177 5997 τὴν
1205 5924 1503 5995 εὐγένειαν,
1533 5921 1605 5992 ἢν
1648 5923 1678 5976 6
1717 5919 1851 5985 Θεὸς

1944 4762 2152 4816 ἐκείνου
2188 4759 2362 4817 καὶτὸ
2389 4757 2600 4828 ἱμάτιον
2620 4756 2727 4819 δός.
2758 4756 2998 4826 Νίκησον
3020 4754 3128 4824 γὰρ
3158 4753 3341 4819 αὐτὸν,
3375 4754 3535 4825 φησὶ.

1943 4846 2023 4919 τῷ
2050 4845 2236 4908 κακῶς
2258 4846 2512 4916 πάσχειν,
2547 4840 2622 4912 μὴ
2649 4837 2726 4910 τῷ
2756 4837 2943 4901 κακῶς
2970 4841 3164 4891 ποιεῖν·
3194 4837 3332 4909 αὐτη
3359 4837 3469 4909 γάρ
3506 4841 3534 4909 η

1949 4920 2123 5002 σαφὴς
2175 4930 2300 4999 νίκη
2346 4929 2441 4984 καὶ
2483 4924 2730 4997 λαμπρά.
2782 4924 2873 4978 Διὸ
2920 4923 3016 4977 καὶ
3042 4922 3251 4994 προῖῲν
3283 4922 3467 4991 ἔλεγεν
3506 4926 3535 4975 6

1949 5016 2177 5077 Παῦλος·
2208 5012 2352 5080 Ἤδη
2379 5010 2497 5080 μὲν
2536 5004 2652 5065 οὖν
2689 5008 2846 5075 ὅλως
2886 5007 3120 5078 ἥττημα
3156 5006 3301 5074 ὑμῖν
3340 5007 3532 5064 ἐστιν,

1948 5098 2037 5151 ὅτι
2088 5096 2342 5166 κρίματα
2379 5095 2548 5162 ἔχετε
2599 5092 2728 5162 μεθ’
2781 5090 3033 5146 ἑαυτῶν.
3087 5089 3197 5145 Καὶ
3224 5088 3323 5144 διὰ
3364 5089 3421 5143 τί
3461 5091 3534 5143 civ

2016 5866 2044 5897 ⁸
2064 5864 2213 5931 Ηξεη
2241 5862 2429 5931 ιξκόντιιιἔ
2550 5860 2775 5931 Μοτθὶ...
2793 5863 2988 5931 ἀπέχειν
3029 5879 3086 5912 σε
3131 5861 3223 5920 δεῖ,
3269 5859 3401 5910 male
3429 5854 3540 5909 2δεῖ

1956 5930 2101 5980 deest
2124 5922 2173 5977 ἱῇ
2199 5922 2369 5975 Codice
2388 5924 2546 5987 Regio
2570 5930 2625 5974 ει
2645 5937 2673 5973 ι
2698 5922 2839 5974 nobis
2854 5922 3158 5987 eipunctum
3176 5932 3269 5973 est.
