  <div class='ocr_page' id='page_1' title='image "/cluster/home/n/w/nwhite01/storage/ocr_20150623/61/hvd.32044019190461/143.png"; bbox 0 0 3838 6214; ppageno 0'>
   <div class='ocr_carea' id='block_1_1' title="bbox 320 323 418 380">
    <p class='ocr_par' dir='ltr' id='par_1_1' title="bbox 320 323 418 380">
     <span class='ocr_line' id='line_1_1' title="bbox 320 323 418 380; baseline -0.031 -1"><span class='ocrx_word' id='word_1_1' title='bbox 320 323 418 380; x_wconf 72' lang='lat' dir='ltr'>I37</span> 
     </span>
    </p>
   </div>
   <div class='ocr_carea' id='block_1_2' title="bbox 309 431 1922 510">
    <p class='ocr_par' dir='ltr' id='par_1_2' title="bbox 309 431 1922 510">
     <span class='ocr_line' id='line_1_2' title="bbox 309 431 1922 510; baseline -0.007 -15"><span class='ocrx_word' id='word_1_2' title='bbox 309 437 604 510; x_wconf 85' lang='grc' dir='ltr'>νενίκηκας</span> <span class='ocrx_word' id='word_1_3' title='bbox 625 449 642 500; x_wconf 88' lang='lat'><strong>;</strong></span> <span class='ocrx_word' id='word_1_4' title='bbox 677 431 732 487; x_wconf 89' lang='grc' dir='ltr'>τί</span> <span class='ocrx_word' id='word_1_5' title='bbox 759 432 822 490; x_wconf 70' lang='grc' dir='ltr'>δὲ</span> <span class='ocrx_word' id='word_1_6' title='bbox 847 431 883 488; x_wconf 81' lang='grc' dir='ltr'><strong>ὅ</strong></span> <span class='ocrx_word' id='word_1_7' title='bbox 900 451 949 488; x_wconf 86' lang='grc' dir='ltr'>τι</span> <span class='ocrx_word' id='word_1_8' title='bbox 987 435 1058 490; x_wconf 84' lang='grc' dir='ltr'>τά</span> <span class='ocrx_word' id='word_1_9' title='bbox 1080 435 1338 508; x_wconf 82' lang='grc' dir='ltr'>χρήματα</span> <span class='ocrx_word' id='word_1_10' title='bbox 1360 431 1634 497; x_wconf 89' lang='grc' dir='ltr'>ἀπέλαϐες</span> <span class='ocrx_word' id='word_1_11' title='bbox 1667 431 1922 495; x_wconf 83' lang='grc' dir='ltr'>ἀπαντα;</span> 
     </span>
    </p>
   </div>
   <div class='ocr_carea' id='block_1_3' title="bbox 314 512 1923 594">
    <p class='ocr_par' dir='ltr' id='par_1_3' title="bbox 314 512 1923 594">
     <span class='ocr_line' id='line_1_3' title="bbox 314 512 1923 594; baseline -0.006 -17"><span class='ocrx_word' id='word_1_12' title='bbox 314 525 452 594; x_wconf 79' lang='grc' dir='ltr'>ὅπερ</span> <span class='ocrx_word' id='word_1_13' title='bbox 477 521 579 575; x_wconf 87' lang='grc' dir='ltr'>οὐκ</span> <span class='ocrx_word' id='word_1_14' title='bbox 604 517 832 574; x_wconf 81' lang='grc' dir='ltr'>ἐϐούλου</span> <span class='ocrx_word' id='word_1_15' title='bbox 861 518 1010 584; x_wconf 81' lang='grc' dir='ltr'>τέως</span> <span class='ocrx_word' id='word_1_16' title='bbox 1036 519 1356 589; x_wconf 81' lang='grc' dir='ltr'>ὑπέμεινας,</span> <span class='ocrx_word' id='word_1_17' title='bbox 1382 514 1748 586; x_wconf 77' lang='grc' dir='ltr'>ἀναγκασθεὶς</span> <span class='ocrx_word' id='word_1_18' title='bbox 1769 512 1923 569; x_wconf 84' lang='grc' dir='ltr'>δικά-</span> 
     </span>
    </p>
   </div>
   <div class='ocr_carea' id='block_1_4' title="bbox 318 599 1928 676">
    <p class='ocr_par' dir='ltr' id='par_1_4' title="bbox 318 599 1928 676">
     <span class='ocr_line' id='line_1_4' title="bbox 318 599 1928 676; baseline -0.007 -14"><span class='ocrx_word' id='word_1_19' title='bbox 318 606 536 662; x_wconf 86' lang='grc' dir='ltr'>σασθαι.</span> <span class='ocrx_word' id='word_1_20' title='bbox 563 605 661 658; x_wconf 83' lang='grc' dir='ltr'>’Δν</span> <span class='ocrx_word' id='word_1_21' title='bbox 683 603 742 658; x_wconf 76' lang='grc' dir='ltr'>δέ</span> <span class='ocrx_word' id='word_1_22' title='bbox 775 602 1026 676; x_wconf 47' lang='grc' dir='ltr'>ἐνέγκῃς</span> <span class='ocrx_word' id='word_1_23' title='bbox 1051 602 1151 674; x_wconf 81' lang='grc' dir='ltr'>τὴν</span> <span class='ocrx_word' id='word_1_24' title='bbox 1178 601 1413 665; x_wconf 77' lang='grc' dir='ltr'>ἀδικίαν,</span> <span class='ocrx_word' id='word_1_25' title='bbox 1443 603 1601 672; x_wconf 76' lang='grc' dir='ltr'>νικᾷς</span> <span class='ocrx_word' id='word_1_26' title='bbox 1628 599 1928 671; x_wconf 88' lang='grc' dir='ltr'>χρημάτων</span> 
     </span>
    </p>
   </div>
   <div class='ocr_carea' id='block_1_5' title="bbox 287 683 1927 761">
    <p class='ocr_par' dir='ltr' id='par_1_5' title="bbox 287 683 1927 761">
     <span class='ocr_line' id='line_1_5' title="bbox 287 683 1927 761; baseline -0.007 -16"><span class='ocrx_word' id='word_1_27' title='bbox 287 747 292 750; x_wconf 95' lang='lat'><em>_</em></span> <span class='ocrx_word' id='word_1_28' title='bbox 322 690 422 761; x_wconf 67' lang='grc' dir='ltr'>μὲν</span> <span class='ocrx_word' id='word_1_29' title='bbox 445 686 955 759; x_wconf 75' lang='grc' dir='ltr'>ἀποστερούμενος,</span> <span class='ocrx_word' id='word_1_30' title='bbox 981 687 1082 757; x_wconf 86' lang='grc' dir='ltr'>τῆς</span> <span class='ocrx_word' id='word_1_31' title='bbox 1111 687 1169 740; x_wconf 84' lang='grc' dir='ltr'>δὲ</span> <span class='ocrx_word' id='word_1_32' title='bbox 1198 685 1377 756; x_wconf 80' lang='grc' dir='ltr'>νίκης,</span> <span class='ocrx_word' id='word_1_33' title='bbox 1395 684 1580 738; x_wconf 89' lang='grc' dir='ltr'>οὐκέτι</span> <span class='ocrx_word' id='word_1_34' title='bbox 1606 684 1704 754; x_wconf 85' lang='grc' dir='ltr'>τῆς</span> <span class='ocrx_word' id='word_1_35' title='bbox 1739 683 1832 736; x_wconf 76' lang='grc' dir='ltr'>ἐπὶ</span> <span class='ocrx_word' id='word_1_36' title='bbox 1859 684 1927 754; x_wconf 79' lang='grc' dir='ltr'>τῇ</span> 
     </span>
    </p>
   </div>
   <div class='ocr_carea' id='block_1_6' title="bbox 321 767 1928 844">
    <p class='ocr_par' dir='ltr' id='par_1_6' title="bbox 321 767 1928 844">
     <span class='ocr_line' id='line_1_6' title="bbox 321 767 1928 844; baseline -0.006 -16"><span class='ocrx_word' id='word_1_37' title='bbox 321 771 608 844; x_wconf 72' lang='grc' dir='ltr'><strong>φιλοσοφίᾳ</strong></span> <span class='ocrx_word' id='word_1_38' title='bbox 643 769 847 843; x_wconf 68' lang='grc' dir='ltr'>ταύτῃο</span> <span class='ocrx_word' id='word_1_39' title='bbox 882 770 943 823; x_wconf 85' lang='grc' dir='ltr'>οὐ</span> <span class='ocrx_word' id='word_1_40' title='bbox 977 770 1088 839; x_wconf 89' lang='grc' dir='ltr'>γάρ</span> <span class='ocrx_word' id='word_1_41' title='bbox 1127 769 1314 839; x_wconf 85' lang='grc' dir='ltr'>ῖσχυσέ</span> <span class='ocrx_word' id='word_1_42' title='bbox 1361 785 1421 822; x_wconf 90' lang='grc' dir='ltr'>σε</span> <span class='ocrx_word' id='word_1_43' title='bbox 1448 767 1755 836; x_wconf 79' lang='grc' dir='ltr'>ἀναγκάσαι</span> <span class='ocrx_word' id='word_1_44' title='bbox 1781 767 1928 819; x_wconf 90' lang='grc' dir='ltr'>ἐκεῖ-</span> 
     </span>
    </p>
   </div>
   <div class='ocr_carea' id='block_1_7' title="bbox 323 848 1929 926">
    <p class='ocr_par' dir='ltr' id='par_1_7' title="bbox 323 848 1929 926">
     <span class='ocr_line' id='line_1_7' title="bbox 323 848 1929 926; baseline -0.006 -15"><span class='ocrx_word' id='word_1_45' title='bbox 323 873 433 921; x_wconf 85' lang='grc' dir='ltr'>νος,</span> <span class='ocrx_word' id='word_1_46' title='bbox 468 855 606 926; x_wconf 81' lang='grc' dir='ltr'>ὅπερ</span> <span class='ocrx_word' id='word_1_47' title='bbox 639 854 744 906; x_wconf 80' lang='grc' dir='ltr'>οὐκ</span> <span class='ocrx_word' id='word_1_48' title='bbox 779 851 1033 919; x_wconf 86' lang='grc' dir='ltr'>ἐϐούλου,</span> <span class='ocrx_word' id='word_1_49' title='bbox 1064 851 1310 922; x_wconf 82' lang='grc' dir='ltr'>ποιῆσαι.</span> <span class='ocrx_word' id='word_1_50' title='bbox 1343 851 1454 905; x_wconf 87' lang='lat' dir='ltr'>Kal</span> <span class='ocrx_word' id='word_1_51' title='bbox 1483 851 1567 904; x_wconf 83' lang='grc' dir='ltr'>ὅτι</span> <span class='ocrx_word' id='word_1_52' title='bbox 1588 848 1746 903; x_wconf 78' lang='grc' dir='ltr'>τοῦτό</span> <span class='ocrx_word' id='word_1_53' title='bbox 1781 851 1929 902; x_wconf 90' lang='grc' dir='ltr'>ἐστιν</span> 
     </span>
    </p>
   </div>
   <div class='ocr_carea' id='block_1_8' title="bbox 291 931 1930 1011">
    <p class='ocr_par' dir='ltr' id='par_1_8' title="bbox 291 931 1930 1011">
     <span class='ocr_line' id='line_1_8' title="bbox 291 931 1930 1011; baseline -0.004 -17"><span class='ocrx_word' id='word_1_54' title='bbox 291 939 546 1011; x_wconf 82' lang='grc' dir='ltr'>-ἁληθές,</span> <span class='ocrx_word' id='word_1_55' title='bbox 576 935 699 991; x_wconf 71' lang='grc' dir='ltr'>εἰπέ</span> <span class='ocrx_word' id='word_1_56' title='bbox 732 953 857 1007; x_wconf 63' lang='grc' dir='ltr'>μοι,</span> <span class='ocrx_word' id='word_1_57' title='bbox 904 934 988 999; x_wconf 90' lang='grc' dir='ltr'>τίς</span> <span class='ocrx_word' id='word_1_58' title='bbox 1028 934 1304 1006; x_wconf 89' lang='grc' dir='ltr'>ἐνίκησεν,</span> <span class='ocrx_word' id='word_1_59' title='bbox 1339 934 1369 986; x_wconf 93' lang='lat'>6</span> <span class='ocrx_word' id='word_1_60' title='bbox 1409 934 1700 1004; x_wconf 77' lang='grc' dir='ltr'>βάσκανος,</span> <span class='ocrx_word' id='word_1_61' title='bbox 1721 933 1754 1004; x_wconf 75' lang='grc' dir='ltr'><strong>ἢ</strong></span> <span class='ocrx_word' id='word_1_62' title='bbox 1779 933 1808 986; x_wconf 98' lang='lat'>6</span> <span class='ocrx_word' id='word_1_63' title='bbox 1835 931 1930 987; x_wconf 73' lang='grc' dir='ltr'>ἐπὶ</span> 
     </span>
    </p>
   </div>
   <div class='ocr_carea' id='block_1_9' title="bbox 320 1013 1924 1094">
    <p class='ocr_par' dir='ltr' id='par_1_9' title="bbox 320 1013 1924 1094">
     <span class='ocr_line' id='line_1_9' title="bbox 320 1013 1924 1094; baseline -0.006 -18"><span class='ocrx_word' id='word_1_64' title='bbox 320 1023 427 1094; x_wconf 76' lang='grc' dir='ltr'>τῆς</span> <span class='ocrx_word' id='word_1_65' title='bbox 456 1020 728 1092; x_wconf 85' lang='grc' dir='ltr'>κοπρίας;</span> <span class='ocrx_word' id='word_1_66' title='bbox 761 1019 854 1082; x_wconf 87' lang='grc' dir='ltr'>τίς</span> <span class='ocrx_word' id='word_1_67' title='bbox 888 1018 1121 1090; x_wconf 75' lang='grc' dir='ltr'>ἡττήθη,</span> <span class='ocrx_word' id='word_1_68' title='bbox 1155 1020 1186 1072; x_wconf 92' lang='lat'>6</span> <span class='ocrx_word' id='word_1_69' title='bbox 1212 1018 1389 1072; x_wconf 91' lang='grc' dir='ltr'>πάντα</span> <span class='ocrx_word' id='word_1_70' title='bbox 1417 1015 1737 1087; x_wconf 78' lang='grc' dir='ltr'>ἀφαιρεθεὶς</span> <span class='ocrx_word' id='word_1_71' title='bbox 1781 1013 1924 1082; x_wconf 85' lang='grc' dir='ltr'>Ἰὼϐ,</span> 
     </span>
    </p>
   </div>
   <div class='ocr_carea' id='block_1_10' title="bbox 326 1098 1929 1178">
    <p class='ocr_par' dir='ltr' id='par_1_10' title="bbox 326 1098 1929 1178">
     <span class='ocr_line' id='line_1_10' title="bbox 326 1098 1929 1178; baseline -0.004 -19"><span class='ocrx_word' id='word_1_72' title='bbox 326 1106 362 1178; x_wconf 79' lang='grc' dir='ltr'>ἢ</span> <span class='ocrx_word' id='word_1_73' title='bbox 402 1107 432 1159; x_wconf 91' lang='lat'>6</span> <span class='ocrx_word' id='word_1_74' title='bbox 466 1104 644 1158; x_wconf 73' lang='grc' dir='ltr'>πάντα</span> <span class='ocrx_word' id='word_1_75' title='bbox 671 1101 1014 1173; x_wconf 70' lang='grc' dir='ltr'>ἀφελόμενος</span> <span class='ocrx_word' id='word_1_76' title='bbox 1052 1101 1335 1166; x_wconf 85' lang='grc' dir='ltr'>διάϐολος;</span> <span class='ocrx_word' id='word_1_77' title='bbox 1369 1101 1538 1172; x_wconf 80' lang='grc' dir='ltr'>Δῆλον</span> <span class='ocrx_word' id='word_1_78' title='bbox 1576 1101 1660 1154; x_wconf 85' lang='grc' dir='ltr'>ὅτι</span> <span class='ocrx_word' id='word_1_79' title='bbox 1696 1101 1724 1152; x_wconf 88' lang='lat'>6</span> <span class='ocrx_word' id='word_1_80' title='bbox 1751 1098 1929 1152; x_wconf 90' lang='grc' dir='ltr'>πάντα</span> 
     </span>
    </p>
   </div>
   <div class='ocr_carea' id='block_1_11' title="bbox 331 1181 1925 1260">
    <p class='ocr_par' dir='ltr' id='par_1_11' title="bbox 331 1181 1925 1260">
     <span class='ocr_line' id='line_1_11' title="bbox 331 1181 1925 1260; baseline -0.004 -18"><span class='ocrx_word' id='word_1_81' title='bbox 331 1185 951 1260; x_wconf 60' lang='grc' dir='ltr'>ἀφελόμενοςδιάῶλος.</span> <span class='ocrx_word' id='word_1_82' title='bbox 975 1185 1113 1239; x_wconf 84' lang='grc' dir='ltr'>Τίνα</span> <span class='ocrx_word' id='word_1_83' title='bbox 1132 1181 1227 1239; x_wconf 77' lang='grc' dir='ltr'>οὖν</span> <span class='ocrx_word' id='word_1_84' title='bbox 1243 1185 1598 1254; x_wconf 87' lang='grc' dir='ltr'>θαυμάζομεν</span> <span class='ocrx_word' id='word_1_85' title='bbox 1625 1183 1723 1253; x_wconf 85' lang='grc' dir='ltr'>τῆς</span> <span class='ocrx_word' id='word_1_86' title='bbox 1747 1183 1925 1253; x_wconf 83' lang='grc' dir='ltr'>νίκης,</span> 
     </span>
    </p>
   </div>
   <div class='ocr_carea' id='block_1_12' title="bbox 289 1265 1924 1341">
    <p class='ocr_par' dir='ltr' id='par_1_12' title="bbox 289 1265 1924 1341">
     <span class='ocr_line' id='line_1_12' title="bbox 289 1265 1924 1341; baseline -0.003 -19"><span class='ocrx_word' id='word_1_87' title='bbox 289 1291 294 1294; x_wconf 94' lang='grc'><strong>·</strong></span> <span class='ocrx_word' id='word_1_88' title='bbox 331 1271 429 1325; x_wconf 82' lang='grc' dir='ltr'>τὸν</span> <span class='ocrx_word' id='word_1_89' title='bbox 449 1270 694 1324; x_wconf 81' lang='grc' dir='ltr'>διάϐολον</span> <span class='ocrx_word' id='word_1_90' title='bbox 721 1270 816 1322; x_wconf 84' lang='grc' dir='ltr'>τὸν</span> <span class='ocrx_word' id='word_1_91' title='bbox 850 1269 1152 1341; x_wconf 79' lang='grc' dir='ltr'>πλήξαντα,</span> <span class='ocrx_word' id='word_1_92' title='bbox 1175 1268 1210 1340; x_wconf 77' lang='grc' dir='ltr'>ἠ</span> <span class='ocrx_word' id='word_1_93' title='bbox 1236 1268 1326 1322; x_wconf 83' lang='grc' dir='ltr'>τὸν</span> <span class='ocrx_word' id='word_1_94' title='bbox 1355 1267 1475 1320; x_wconf 80' lang='grc' dir='ltr'>Ἰὼϐ</span> <span class='ocrx_word' id='word_1_95' title='bbox 1502 1267 1594 1319; x_wconf 83' lang='grc' dir='ltr'>τὸν</span> <span class='ocrx_word' id='word_1_96' title='bbox 1618 1265 1924 1337; x_wconf 74' lang='grc' dir='ltr'>πληγέντας</span> 
     </span>
    </p>
   </div>
   <div class='ocr_carea' id='block_1_13' title="bbox 334 1353 1928 1427">
    <p class='ocr_par' dir='ltr' id='par_1_13' title="bbox 334 1353 1928 1427">
     <span class='ocr_line' id='line_1_13' title="bbox 334 1353 1928 1427; baseline -0.003 -19"><span class='ocrx_word' id='word_1_97' title='bbox 334 1354 501 1427; x_wconf 75' lang='grc' dir='ltr'>Δῆλον</span> <span class='ocrx_word' id='word_1_98' title='bbox 530 1355 612 1408; x_wconf 84' lang='grc' dir='ltr'>ὅτι</span> <span class='ocrx_word' id='word_1_99' title='bbox 643 1353 733 1407; x_wconf 87' lang='grc' dir='ltr'>τὸν</span> <span class='ocrx_word' id='word_1_100' title='bbox 766 1353 888 1408; x_wconf 81' lang='grc' dir='ltr'>Ἰὼϐ</span> <span class='ocrx_word' id='word_1_101' title='bbox 910 1369 924 1383; x_wconf 79' lang='grc'><strong><em>⁸</em></strong></span> <span class='ocrx_word' id='word_1_102' title='bbox 967 1353 1145 1407; x_wconf 89' lang='grc' dir='ltr'>καίτοι</span> <span class='ocrx_word' id='word_1_103' title='bbox 1177 1370 1243 1422; x_wconf 92' lang='grc' dir='ltr'>γε</span> <span class='ocrx_word' id='word_1_104' title='bbox 1286 1353 1387 1406; x_wconf 93' lang='grc' dir='ltr'>οὐκ</span> <span class='ocrx_word' id='word_1_105' title='bbox 1429 1353 1617 1422; x_wconf 84' lang='grc' dir='ltr'>ίσχυσε</span> <span class='ocrx_word' id='word_1_106' title='bbox 1663 1353 1928 1422; x_wconf 87' lang='grc' dir='ltr'>χρήματα</span> 
     </span>
    </p>
   </div>
   <div class='ocr_carea' id='block_1_14' title="bbox 334 1435 1930 1511">
    <p class='ocr_par' dir='ltr' id='par_1_14' title="bbox 334 1435 1930 1511">
     <span class='ocr_line' id='line_1_14' title="bbox 334 1435 1930 1511; baseline -0.003 -19"><span class='ocrx_word' id='word_1_107' title='bbox 334 1437 683 1511; x_wconf 79' lang='grc' dir='ltr'>ἀπολλύμενα</span> <span class='ocrx_word' id='word_1_108' title='bbox 723 1439 1050 1507; x_wconf 73' lang='grc' dir='ltr'>κατασχεῖν,</span> <span class='ocrx_word' id='word_1_109' title='bbox 1092 1436 1153 1490; x_wconf 82' lang='grc' dir='ltr'>οὐ</span> <span class='ocrx_word' id='word_1_110' title='bbox 1187 1435 1359 1489; x_wconf 89' lang='grc' dir='ltr'>σῶσαι</span> <span class='ocrx_word' id='word_1_111' title='bbox 1391 1436 1520 1500; x_wconf 81' lang='grc' dir='ltr'>τούς</span> <span class='ocrx_word' id='word_1_112' title='bbox 1559 1436 1756 1498; x_wconf 88' lang='grc' dir='ltr'>παῖδας</span> <span class='ocrx_word' id='word_1_113' title='bbox 1802 1436 1930 1500; x_wconf 87' lang='grc' dir='ltr'>τούς</span> 
     </span>
    </p>
   </div>
   <div class='ocr_carea' id='block_1_15' title="bbox 335 1519 1926 1591">
    <p class='ocr_par' dir='ltr' id='par_1_15' title="bbox 335 1519 1926 1591">
     <span class='ocr_line' id='line_1_15' title="bbox 335 1519 1926 1591; baseline -0.003 -14"><span class='ocrx_word' id='word_1_114' title='bbox 335 1524 524 1579; x_wconf 81' lang='grc' dir='ltr'>αὐτοῦ.</span> <span class='ocrx_word' id='word_1_115' title='bbox 570 1523 684 1578; x_wconf 80' lang='lat' dir='ltr'>Kal</span> <span class='ocrx_word' id='word_1_116' title='bbox 724 1522 789 1575; x_wconf 79' lang='grc' dir='ltr'>-τί</span> <span class='ocrx_word' id='word_1_117' title='bbox 841 1521 984 1590; x_wconf 88' lang='grc' dir='ltr'>λέγω</span> <span class='ocrx_word' id='word_1_118' title='bbox 1022 1521 1280 1591; x_wconf 89' lang='grc' dir='ltr'>χρήματα</span> <span class='ocrx_word' id='word_1_119' title='bbox 1311 1520 1406 1574; x_wconf 77' lang='grc' dir='ltr'>καὶ</span> <span class='ocrx_word' id='word_1_120' title='bbox 1440 1520 1676 1585; x_wconf 87' lang='grc' dir='ltr'>παῖδας;</span> <span class='ocrx_word' id='word_1_121' title='bbox 1705 1519 1804 1591; x_wconf 89' lang='grc' dir='ltr'>τήν</span> <span class='ocrx_word' id='word_1_122' title='bbox 1830 1519 1926 1572; x_wconf 78' lang='grc' dir='ltr'>τοῦ</span> 
     </span>
    </p>
   </div>
   <div class='ocr_carea' id='block_1_16' title="bbox 289 1600 1927 1678">
    <p class='ocr_par' dir='ltr' id='par_1_16' title="bbox 289 1600 1927 1678">
     <span class='ocr_line' id='line_1_16' title="bbox 289 1600 1927 1678; baseline -0.002 -21"><span class='ocrx_word' id='word_1_123' title='bbox 289 1645 306 1651; x_wconf 75' lang='lat'>-</span> <span class='ocrx_word' id='word_1_124' title='bbox 337 1607 588 1678; x_wconf 85' lang='grc' dir='ltr'>σώματος</span> <span class='ocrx_word' id='word_1_125' title='bbox 609 1606 711 1658; x_wconf 91' lang='grc' dir='ltr'>οὐκ</span> <span class='ocrx_word' id='word_1_126' title='bbox 744 1604 932 1674; x_wconf 77' lang='grc' dir='ltr'>ἴσχυσε</span> <span class='ocrx_word' id='word_1_127' title='bbox 959 1603 1424 1675; x_wconf 81' lang='grc' dir='ltr'>περιποιήσασθαι</span> <span class='ocrx_word' id='word_1_128' title='bbox 1452 1602 1748 1672; x_wconf 82' lang='grc' dir='ltr'>σωτηρίαν.</span> <span class='ocrx_word' id='word_1_129' title='bbox 1785 1600 1927 1654; x_wconf 83' lang='grc' dir='ltr'>Ἀλλ’</span> 
     </span>
    </p>
   </div>
   <div class='ocr_carea' id='block_1_17' title="bbox 331 1683 1928 1760">
    <p class='ocr_par' dir='ltr' id='par_1_17' title="bbox 331 1683 1928 1760">
     <span class='ocr_line' id='line_1_17' title="bbox 331 1683 1928 1760; baseline -0.001 -19"><span class='ocrx_word' id='word_1_130' title='bbox 331 1693 479 1760; x_wconf 75' lang='grc' dir='ltr'>ὅμως</span> <span class='ocrx_word' id='word_1_131' title='bbox 517 1683 672 1753; x_wconf 76' lang='grc' dir='ltr'>οὗτός</span> <span class='ocrx_word' id='word_1_132' title='bbox 703 1691 851 1741; x_wconf 83' lang='grc' dir='ltr'>ἐστιν</span> <span class='ocrx_word' id='word_1_133' title='bbox 891 1690 921 1742; x_wconf 96' lang='lat'>6</span> <span class='ocrx_word' id='word_1_134' title='bbox 959 1688 1213 1758; x_wconf 85' lang='grc' dir='ltr'>νικήσας.</span> <span class='ocrx_word' id='word_1_135' title='bbox 1242 1690 1272 1741; x_wconf 90' lang='lat'>6</span> <span class='ocrx_word' id='word_1_136' title='bbox 1299 1687 1478 1740; x_wconf 88' lang='grc' dir='ltr'>πάντα</span> <span class='ocrx_word' id='word_1_137' title='bbox 1517 1688 1585 1740; x_wconf 81' lang='grc' dir='ltr'>τά</span> <span class='ocrx_word' id='word_1_138' title='bbox 1616 1687 1746 1739; x_wconf 80' lang='grc' dir='ltr'>ὄντα</span> <span class='ocrx_word' id='word_1_139' title='bbox 1788 1687 1928 1740; x_wconf 85' lang='grc' dir='ltr'>ἀπο-</span> 
     </span>
    </p>
   </div>
   <div class='ocr_carea' id='block_1_18' title="bbox 282 1769 1926 1842">
    <p class='ocr_par' dir='ltr' id='par_1_18' title="bbox 282 1769 1926 1842">
     <span class='ocr_line' id='line_1_18' title="bbox 282 1769 1926 1842; baseline -0.002 -18"><span class='ocrx_word' id='word_1_140' title='bbox 282 1793 292 1807; x_wconf 90' lang='grc'><strong>··</strong></span> <span class='ocrx_word' id='word_1_141' title='bbox 313 1773 529 1827; x_wconf 64' lang='grc' dir='ltr'>ϐαλών.</span> <span class='ocrx_word' id='word_1_142' title='bbox 557 1773 833 1842; x_wconf 77' lang='grc' dir='ltr'>Χρήματα</span> <span class='ocrx_word' id='word_1_143' title='bbox 872 1770 972 1841; x_wconf 75' lang='grc' dir='ltr'>μὲν</span> <span class='ocrx_word' id='word_1_144' title='bbox 1004 1771 1114 1840; x_wconf 83' lang='grc' dir='ltr'>γάρ</span> <span class='ocrx_word' id='word_1_145' title='bbox 1140 1770 1241 1822; x_wconf 90' lang='grc' dir='ltr'>οὐκ</span> <span class='ocrx_word' id='word_1_146' title='bbox 1270 1770 1460 1840; x_wconf 75' lang='grc' dir='ltr'>ἴσχυσε</span> <span class='ocrx_word' id='word_1_147' title='bbox 1485 1773 1801 1840; x_wconf 82' lang='grc' dir='ltr'>κατασχεῖν,</span> <span class='ocrx_word' id='word_1_148' title='bbox 1826 1769 1926 1840; x_wconf 82' lang='grc' dir='ltr'>τὴν</span> 
     </span>
    </p>
   </div>
   <div class='ocr_carea' id='block_1_19' title="bbox 330 1851 1927 1924">
    <p class='ocr_par' dir='ltr' id='par_1_19' title="bbox 330 1851 1927 1924">
     <span class='ocr_line' id='line_1_19' title="bbox 330 1851 1927 1924; baseline -0.003 -16"><span class='ocrx_word' id='word_1_149' title='bbox 330 1858 386 1908; x_wconf 74' lang='grc' dir='ltr'>δὲ</span> <span class='ocrx_word' id='word_1_150' title='bbox 416 1855 700 1908; x_wconf 89' lang='grc' dir='ltr'>εὐσέϐειαν</span> <span class='ocrx_word' id='word_1_151' title='bbox 731 1853 972 1923; x_wconf 79' lang='grc' dir='ltr'>κατέσχε</span> <span class='ocrx_word' id='word_1_152' title='bbox 1006 1852 1145 1924; x_wconf 88' lang='grc' dir='ltr'>μετά</span> <span class='ocrx_word' id='word_1_153' title='bbox 1180 1853 1466 1924; x_wconf 86' lang='grc' dir='ltr'>ἀκριϐείας</span> <span class='ocrx_word' id='word_1_154' title='bbox 1491 1853 1730 1923; x_wconf 87' lang='grc' dir='ltr'>ἀπάσης.</span> <span class='ocrx_word' id='word_1_155' title='bbox 1765 1851 1927 1906; x_wconf 82' lang='grc' dir='ltr'>Ἀλλά</span> 
     </span>
    </p>
   </div>
   <div class='ocr_carea' id='block_1_20' title="bbox 277 1935 1923 2007">
    <p class='ocr_par' dir='ltr' id='par_1_20' title="bbox 277 1935 1923 2007">
     <span class='ocr_line' id='line_1_20' title="bbox 277 1935 1923 2007; baseline -0.002 -16"><span class='ocrx_word' id='word_1_156' title='bbox 277 1955 298 1970; x_wconf 66' lang='grc' dir='ltr'>ι</span> <span class='ocrx_word' id='word_1_157' title='bbox 333 1939 520 1992; x_wconf 66' lang='grc' dir='ltr'>παισὶν</span> <span class='ocrx_word' id='word_1_158' title='bbox 551 1939 653 1990; x_wconf 88' lang='grc' dir='ltr'>οὐκ</span> <span class='ocrx_word' id='word_1_159' title='bbox 673 1938 961 2007; x_wconf 70' lang='grc' dir='ltr'>ἐπήμυνεν</span> <span class='ocrx_word' id='word_1_160' title='bbox 991 1936 1408 2006; x_wconf 83' lang='grc' dir='ltr'>ἀπολλυμένοις.</span> <span class='ocrx_word' id='word_1_161' title='bbox 1463 1937 1573 1990; x_wconf 79' lang='lat' dir='ltr'><strong><em>Ka&#39;:</em></strong></span> <span class='ocrx_word' id='word_1_162' title='bbox 1612 1936 1666 1990; x_wconf 93' lang='grc' dir='ltr'>τί</span> <span class='ocrx_word' id='word_1_163' title='bbox 1726 1935 1923 2002; x_wconf 74' lang='grc' dir='ltr'>τοῦτος</span> 
     </span>
    </p>
   </div>
   <div class='ocr_carea' id='block_1_21' title="bbox 304 2017 1922 2091">
    <p class='ocr_par' dir='ltr' id='par_1_21' title="bbox 304 2017 1922 2091">
     <span class='ocr_line' id='line_1_21' title="bbox 304 2017 1922 2091; baseline -0.002 -16"><span class='ocrx_word' id='word_1_164' title='bbox 304 2021 426 2075; x_wconf 61' lang='grc' dir='ltr'>καὶ</span> <span class='ocrx_word' id='word_1_165' title='bbox 458 2020 837 2091; x_wconf 63' lang='grc' dir='ltr'>γάρὶκείνους</span> <span class='ocrx_word' id='word_1_166' title='bbox 885 2018 1306 2091; x_wconf 83' lang='grc' dir='ltr'>λαμπροτέρους</span> <span class='ocrx_word' id='word_1_167' title='bbox 1341 2019 1565 2089; x_wconf 89' lang='grc' dir='ltr'>ἐποίησε</span> <span class='ocrx_word' id='word_1_168' title='bbox 1595 2019 1656 2073; x_wconf 87' lang='grc' dir='ltr'>τὸ</span> <span class='ocrx_word' id='word_1_169' title='bbox 1687 2017 1922 2090; x_wconf 88' lang='grc' dir='ltr'>συμϐἀν,</span> 
     </span>
    </p>
   </div>
   <div class='ocr_carea' id='block_1_22' title="bbox 323 2101 1924 2174">
    <p class='ocr_par' dir='ltr' id='par_1_22' title="bbox 323 2101 1924 2174">
     <span class='ocr_line' id='line_1_22' title="bbox 323 2101 1924 2174; baseline -0.001 -17"><span class='ocrx_word' id='word_1_170' title='bbox 323 2104 426 2157; x_wconf 68' lang='grc' dir='ltr'>οιαὶ</span> <span class='ocrx_word' id='word_1_171' title='bbox 453 2101 632 2172; x_wconf 83' lang='grc' dir='ltr'>ἐαυτῷ</span> <span class='ocrx_word' id='word_1_172' title='bbox 661 2101 718 2154; x_wconf 77' lang='grc' dir='ltr'>δέ</span> <span class='ocrx_word' id='word_1_173' title='bbox 738 2101 922 2166; x_wconf 68' lang='grc' dir='ltr'>οὕτως</span> <span class='ocrx_word' id='word_1_174' title='bbox 947 2103 1154 2174; x_wconf 75' lang='grc' dir='ltr'>ἧμυνεν</span> <span class='ocrx_word' id='word_1_175' title='bbox 1182 2101 1630 2174; x_wconf 75' lang='grc' dir='ltr'>ἐπηρεαζομένῳ.</span> <span class='ocrx_word' id='word_1_176' title='bbox 1667 2103 1730 2156; x_wconf 81' lang='grc' dir='ltr'>ΕΞ</span> <span class='ocrx_word' id='word_1_177' title='bbox 1761 2103 1819 2156; x_wconf 88' lang='grc' dir='ltr'>δέ</span> <span class='ocrx_word' id='word_1_178' title='bbox 1847 2101 1924 2174; x_wconf 84' lang='grc' dir='ltr'>μὴ</span> 
     </span>
    </p>
   </div>
   <div class='ocr_carea' id='block_1_23' title="bbox 329 2185 1926 2257">
    <p class='ocr_par' dir='ltr' id='par_1_23' title="bbox 329 2185 1926 2257">
     <span class='ocr_line' id='line_1_23' title="bbox 329 2185 1926 2257; baseline 0.003 -20"><span class='ocrx_word' id='word_1_179' title='bbox 329 2186 516 2250; x_wconf 61' lang='grc' dir='ltr'>κακῶς</span> <span class='ocrx_word' id='word_1_180' title='bbox 545 2185 715 2239; x_wconf 74' lang='grc' dir='ltr'>ἔπαθε</span> <span class='ocrx_word' id='word_1_181' title='bbox 752 2185 848 2238; x_wconf 77' lang='grc' dir='ltr'>καὶ</span> <span class='ocrx_word' id='word_1_182' title='bbox 874 2185 1107 2257; x_wconf 87' lang='grc' dir='ltr'>ἠδικήθη</span> <span class='ocrx_word' id='word_1_183' title='bbox 1138 2185 1290 2257; x_wconf 83' lang='grc' dir='ltr'>παρὰ</span> <span class='ocrx_word' id='word_1_184' title='bbox 1315 2187 1409 2240; x_wconf 77' lang='lat'>:06</span> <span class='ocrx_word' id='word_1_185' title='bbox 1433 2187 1704 2250; x_wconf 90' lang='grc' dir='ltr'>διαϐόλου,</span> <span class='ocrx_word' id='word_1_186' title='bbox 1733 2187 1833 2242; x_wconf 89' lang='grc' dir='ltr'>οὐκ</span> <span class='ocrx_word' id='word_1_187' title='bbox 1858 2187 1926 2242; x_wconf 86' lang='grc' dir='ltr'>ἀν</span> 
     </span>
    </p>
   </div>
   <div class='ocr_carea' id='block_1_24' title="bbox 329 2266 1925 2342">
    <p class='ocr_par' dir='ltr' id='par_1_24' title="bbox 329 2266 1925 2342">
     <span class='ocr_line' id='line_1_24' title="bbox 329 2266 1925 2342; baseline 0.001 -19"><span class='ocrx_word' id='word_1_188' title='bbox 329 2271 549 2340; x_wconf 76' lang='grc' dir='ltr'>ἐνίκησε</span> <span class='ocrx_word' id='word_1_189' title='bbox 589 2270 688 2340; x_wconf 76' lang='grc' dir='ltr'>τήν</span> <span class='ocrx_word' id='word_1_190' title='bbox 718 2269 978 2341; x_wconf 79' lang='grc' dir='ltr'>λαμπράν</span> <span class='ocrx_word' id='word_1_191' title='bbox 1010 2269 1168 2341; x_wconf 91' lang='grc' dir='ltr'>νίκην</span> <span class='ocrx_word' id='word_1_192' title='bbox 1203 2269 1440 2342; x_wconf 84' lang='grc' dir='ltr'>ἐκείνην.</span> <span class='ocrx_word' id='word_1_193' title='bbox 1470 2271 1533 2324; x_wconf 85' lang='grc' dir='ltr'>Εί</span> <span class='ocrx_word' id='word_1_194' title='bbox 1582 2270 1818 2342; x_wconf 88' lang='grc' dir='ltr'>πονηρὸν</span> <span class='ocrx_word' id='word_1_195' title='bbox 1855 2266 1925 2342; x_wconf 78' lang='grc' dir='ltr'>ἦν</span> 
     </span>
    </p>
   </div>
   <div class='ocr_carea' id='block_1_25' title="bbox 323 2353 1922 2424">
    <p class='ocr_par' dir='ltr' id='par_1_25' title="bbox 323 2353 1922 2424">
     <span class='ocr_line' id='line_1_25' title="bbox 323 2353 1922 2424; baseline 0.001 -18"><span class='ocrx_word' id='word_1_196' title='bbox 323 2355 391 2407; x_wconf 78' lang='grc' dir='ltr'>τὸ</span> <span class='ocrx_word' id='word_1_197' title='bbox 422 2353 744 2420; x_wconf 85' lang='grc' dir='ltr'>ἀδικεῖσθαι,</span> <span class='ocrx_word' id='word_1_198' title='bbox 797 2354 898 2407; x_wconf 88' lang='grc' dir='ltr'>οὐκ</span> <span class='ocrx_word' id='word_1_199' title='bbox 942 2353 1010 2407; x_wconf 80' lang='grc' dir='ltr'>ἀν</span> <span class='ocrx_word' id='word_1_200' title='bbox 1041 2355 1176 2424; x_wconf 87' lang='grc' dir='ltr'>ήμῖν</span> <span class='ocrx_word' id='word_1_201' title='bbox 1210 2353 1343 2407; x_wconf 91' lang='grc' dir='ltr'>αὐτὸ</span> <span class='ocrx_word' id='word_1_202' title='bbox 1390 2353 1653 2418; x_wconf 75' lang='grc' dir='ltr'>ἐπέταξεν</span> <span class='ocrx_word' id='word_1_203' title='bbox 1699 2356 1728 2408; x_wconf 91' lang='lat'>6</span> <span class='ocrx_word' id='word_1_204' title='bbox 1767 2353 1922 2419; x_wconf 81' lang='grc' dir='ltr'>Θεός⁶</span> 
     </span>
    </p>
   </div>
   <div class='ocr_carea' id='block_1_26' title="bbox 325 2435 1925 2508">
    <p class='ocr_par' dir='ltr' id='par_1_26' title="bbox 325 2435 1925 2508">
     <span class='ocr_line' id='line_1_26' title="bbox 325 2435 1925 2508; baseline 0.001 -18"><span class='ocrx_word' id='word_1_205' title='bbox 325 2437 544 2507; x_wconf 72' lang='grc' dir='ltr'>πονηρά</span> <span class='ocrx_word' id='word_1_206' title='bbox 578 2436 686 2508; x_wconf 84' lang='grc' dir='ltr'>γάρ</span> <span class='ocrx_word' id='word_1_207' title='bbox 717 2438 746 2490; x_wconf 98' lang='lat'>6</span> <span class='ocrx_word' id='word_1_208' title='bbox 775 2436 909 2500; x_wconf 88' lang='grc' dir='ltr'>Θεὸς</span> <span class='ocrx_word' id='word_1_209' title='bbox 945 2436 1048 2490; x_wconf 91' lang='grc' dir='ltr'>οὐκ</span> <span class='ocrx_word' id='word_1_210' title='bbox 1098 2437 1398 2491; x_wconf 72' lang='grc' dir='ltr'>ἐπιτάττει⁸</span> <span class='ocrx_word' id='word_1_211' title='bbox 1449 2435 1483 2507; x_wconf 81' lang='grc' dir='ltr'>ἢ</span> <span class='ocrx_word' id='word_1_212' title='bbox 1535 2438 1636 2490; x_wconf 85' lang='grc' dir='ltr'>οὐκ</span> <span class='ocrx_word' id='word_1_213' title='bbox 1680 2438 1817 2500; x_wconf 80' lang='grc' dir='ltr'>ίστε,</span> <span class='ocrx_word' id='word_1_214' title='bbox 1841 2438 1925 2492; x_wconf 83' lang='grc' dir='ltr'>ὅτι</span> 
     </span>
    </p>
   </div>
   <div class='ocr_carea' id='block_1_27' title="bbox 297 2519 1923 2595">
    <p class='ocr_par' dir='ltr' id='par_1_27' title="bbox 297 2519 1923 2595">
     <span class='ocr_line' id='line_1_27' title="bbox 297 2519 1923 2595; baseline 0.014 -22"><span class='ocrx_word' id='word_1_215' title='bbox 297 2522 493 2586; x_wconf 58' lang='grc' dir='ltr'>αὐτός</span> <span class='ocrx_word' id='word_1_216' title='bbox 538 2524 687 2574; x_wconf 88' lang='grc' dir='ltr'>ἐστιν</span> <span class='ocrx_word' id='word_1_217' title='bbox 731 2523 760 2574; x_wconf 88' lang='lat'>6</span> <span class='ocrx_word' id='word_1_218' title='bbox 797 2519 940 2585; x_wconf 85' lang='grc' dir='ltr'>Θεὸς</span> <span class='ocrx_word' id='word_1_219' title='bbox 969 2521 1067 2591; x_wconf 83' lang='grc' dir='ltr'>τῆς</span> <span class='ocrx_word' id='word_1_220' title='bbox 1103 2520 1263 2591; x_wconf 80' lang='grc' dir='ltr'>δόξης</span> <span class='ocrx_word' id='word_1_221' title='bbox 1282 2537 1296 2586; x_wconf 77' lang='grc' dir='ltr'><strong>ἶ</strong></span> <span class='ocrx_word' id='word_1_222' title='bbox 1325 2521 1420 2574; x_wconf 61' lang='grc' dir='ltr'>καὶ</span> <span class='ocrx_word' id='word_1_223' title='bbox 1450 2520 1552 2574; x_wconf 61' lang='grc' dir='ltr'>οὐκ</span> <span class='ocrx_word' id='word_1_224' title='bbox 1597 2521 1662 2574; x_wconf 69' lang='grc' dir='ltr'>ἂν</span> <span class='ocrx_word' id='word_1_225' title='bbox 1692 2521 1923 2595; x_wconf 74' lang='grc' dir='ltr'>αῑσκύνη</span> 
     </span>
    </p>
   </div>
   <div class='ocr_carea' id='block_1_28' title="bbox 305 2601 1922 2677">
    <p class='ocr_par' dir='ltr' id='par_1_28' title="bbox 305 2601 1922 2677">
     <span class='ocr_line' id='line_1_28' title="bbox 305 2601 1922 2677; baseline 0.001 -19"><span class='ocrx_word' id='word_1_226' title='bbox 305 2606 426 2658; x_wconf 71' lang='lat' dir='ltr'><strong><em>.zal</em></strong></span> <span class='ocrx_word' id='word_1_227' title='bbox 466 2604 662 2674; x_wconf 81' lang='grc' dir='ltr'>γέλωτι</span> <span class='ocrx_word' id='word_1_228' title='bbox 707 2604 803 2658; x_wconf 71' lang='grc' dir='ltr'>καὶ</span> <span class='ocrx_word' id='word_1_229' title='bbox 850 2601 1027 2675; x_wconf 79' lang='grc' dir='ltr'>ζημίᾳ</span> <span class='ocrx_word' id='word_1_230' title='bbox 1076 2603 1392 2676; x_wconf 87' lang='grc' dir='ltr'>περιϐαλεῖν</span> <span class='ocrx_word' id='word_1_231' title='bbox 1441 2606 1590 2676; x_wconf 77' lang='grc' dir='ltr'>ἡμᾶς</span> <span class='ocrx_word' id='word_1_232' title='bbox 1634 2604 1922 2677; x_wconf 80' lang='grc' dir='ltr'>ἠθέλησεν,</span> 
     </span>
    </p>
   </div>
   <div class='ocr_carea' id='block_1_29' title="bbox 299 2685 1926 2760">
    <p class='ocr_par' dir='ltr' id='par_1_29' title="bbox 299 2685 1926 2760">
     <span class='ocr_line' id='line_1_29' title="bbox 299 2685 1926 2760; baseline 0.002 -20"><span class='ocrx_word' id='word_1_233' title='bbox 299 2687 467 2741; x_wconf 79' lang='grc' dir='ltr'>ἀλλά</span> <span class='ocrx_word' id='word_1_234' title='bbox 517 2686 776 2743; x_wconf 88' lang='grc' dir='ltr'>τάναντία</span> <span class='ocrx_word' id='word_1_235' title='bbox 818 2685 1169 2760; x_wconf 81' lang='grc' dir='ltr'>προξενῆσαι.</span> <span class='ocrx_word' id='word_1_236' title='bbox 1203 2687 1302 2741; x_wconf 90' lang='grc' dir='ltr'>Διά</span> <span class='ocrx_word' id='word_1_237' title='bbox 1342 2686 1502 2741; x_wconf 78' lang='grc' dir='ltr'>τοῦτο</span> <span class='ocrx_word' id='word_1_238' title='bbox 1537 2687 1748 2742; x_wconf 84' lang='grc' dir='ltr'>κελεύει</span> <span class='ocrx_word' id='word_1_239' title='bbox 1774 2691 1926 2760; x_wconf 75' lang='grc' dir='ltr'>ἡμᾶς</span> 
     </span>
    </p>
   </div>
   <div class='ocr_carea' id='block_1_30' title="bbox 332 2769 1925 2844">
    <p class='ocr_par' dir='ltr' id='par_1_30' title="bbox 332 2769 1925 2844">
     <span class='ocr_line' id='line_1_30' title="bbox 332 2769 1925 2844; baseline 0.002 -19"><span class='ocrx_word' id='word_1_240' title='bbox 332 2771 656 2838; x_wconf 80' lang='grc' dir='ltr'>ἀδικεῖσθαι,</span> <span class='ocrx_word' id='word_1_241' title='bbox 678 2771 772 2824; x_wconf 71' lang='grc' dir='ltr'>καὶ</span> <span class='ocrx_word' id='word_1_242' title='bbox 795 2771 974 2825; x_wconf 90' lang='grc' dir='ltr'>πάντα</span> <span class='ocrx_word' id='word_1_243' title='bbox 995 2769 1248 2842; x_wconf 78' lang='grc' dir='ltr'>πράττει,</span> <span class='ocrx_word' id='word_1_244' title='bbox 1267 2769 1409 2823; x_wconf 81' lang='grc' dir='ltr'>ὥστε</span> <span class='ocrx_word' id='word_1_245' title='bbox 1439 2772 1746 2843; x_wconf 79' lang='grc' dir='ltr'>ἀποστῆσαι</span> <span class='ocrx_word' id='word_1_246' title='bbox 1775 2775 1925 2844; x_wconf 78' lang='grc' dir='ltr'>ἡμᾶς</span> 
     </span>
    </p>
   </div>
   <div class='ocr_carea' id='block_1_31' title="bbox 329 2853 1924 2930">
    <p class='ocr_par' dir='ltr' id='par_1_31' title="bbox 329 2853 1924 2930">
     <span class='ocr_line' id='line_1_31' title="bbox 329 2853 1924 2930; baseline -0.001 -16"><span class='ocrx_word' id='word_1_247' title='bbox 329 2854 439 2914; x_wconf 82' lang='grc' dir='ltr'>τῶν</span> <span class='ocrx_word' id='word_1_248' title='bbox 467 2855 756 2926; x_wconf 87' lang='grc' dir='ltr'>βιωτικῶν,</span> <span class='ocrx_word' id='word_1_249' title='bbox 789 2854 886 2909; x_wconf 78' lang='grc' dir='ltr'>καὶ</span> <span class='ocrx_word' id='word_1_250' title='bbox 911 2856 1098 2910; x_wconf 81' lang='grc' dir='ltr'>πεῖσαι</span> <span class='ocrx_word' id='word_1_251' title='bbox 1121 2854 1174 2911; x_wconf 90' lang='grc' dir='ltr'>τί</span> <span class='ocrx_word' id='word_1_252' title='bbox 1200 2853 1329 2921; x_wconf 79' lang='grc' dir='ltr'>δόξα</span> <span class='ocrx_word' id='word_1_253' title='bbox 1361 2854 1458 2910; x_wconf 62' lang='grc' dir='ltr'>καὶ⁵</span> <span class='ocrx_word' id='word_1_254' title='bbox 1489 2855 1544 2910; x_wconf 88' lang='grc' dir='ltr'>τί</span> <span class='ocrx_word' id='word_1_255' title='bbox 1583 2856 1840 2930; x_wconf 76' lang='grc' dir='ltr'>αἰσχύνη,</span> <span class='ocrx_word' id='word_1_256' title='bbox 1868 2858 1924 2912; x_wconf 90' lang='grc' dir='ltr'>τί</span> 
     </span>
    </p>
   </div>
   <div class='ocr_carea' id='block_1_32' title="bbox 301 2937 960 3012">
    <p class='ocr_par' dir='ltr' id='par_1_32' title="bbox 301 2937 960 3012">
     <span class='ocr_line' id='line_1_32' title="bbox 301 2937 960 3012; baseline -0.005 -17"><span class='ocrx_word' id='word_1_257' title='bbox 301 2937 507 3012; x_wconf 77' lang='grc' dir='ltr'>-ζημία</span> <span class='ocrx_word' id='word_1_258' title='bbox 535 2939 634 2995; x_wconf 81' lang='grc' dir='ltr'>καὶ</span> <span class='ocrx_word' id='word_1_259' title='bbox 661 2937 717 2992; x_wconf 92' lang='grc' dir='ltr'>τί</span> <span class='ocrx_word' id='word_1_260' title='bbox 746 2937 960 3010; x_wconf 81' lang='grc' dir='ltr'>κέρδος.</span> 
     </span>
    </p>
   </div>
   <div class='ocr_carea' id='block_1_33' title="bbox 396 3083 1926 3160">
    <p class='ocr_par' dir='ltr' id='par_1_33' title="bbox 396 3083 1926 3160">
     <span class='ocr_line' id='line_1_33' title="bbox 396 3083 1926 3160; baseline 0.002 -18"><span class='ocrx_word' id='word_1_261' title='bbox 396 3086 476 3154; x_wconf 78' lang='grc' dir='ltr'>ς’.</span> <span class='ocrx_word' id='word_1_262' title='bbox 496 3086 659 3142; x_wconf 79' lang='grc' dir='ltr'>Ἀλλά</span> <span class='ocrx_word' id='word_1_263' title='bbox 675 3085 847 3141; x_wconf 88' lang='grc' dir='ltr'>δεινὸν</span> <span class='ocrx_word' id='word_1_264' title='bbox 871 3085 932 3140; x_wconf 89' lang='grc' dir='ltr'>τὸ</span> <span class='ocrx_word' id='word_1_265' title='bbox 944 3083 1245 3140; x_wconf 89' lang='grc' dir='ltr'>ἀδικεῖσθαι</span> <span class='ocrx_word' id='word_1_266' title='bbox 1264 3086 1358 3141; x_wconf 67' lang='grc' dir='ltr'>καὶ</span> <span class='ocrx_word' id='word_1_267' title='bbox 1371 3086 1794 3160; x_wconf 82' lang='grc' dir='ltr'>ἐπηρεάζεσθαι.</span> <span class='ocrx_word' id='word_1_268' title='bbox 1809 3090 1926 3145; x_wconf 82' lang='grc' dir='ltr'>Οὐκ</span> 
     </span>
    </p>
   </div>
   <div class='ocr_carea' id='block_1_34' title="bbox 334 3169 1926 3245">
    <p class='ocr_par' dir='ltr' id='par_1_34' title="bbox 334 3169 1926 3245">
     <span class='ocr_line' id='line_1_34' title="bbox 334 3169 1926 3245; baseline 0 -18"><span class='ocrx_word' id='word_1_269' title='bbox 334 3174 453 3228; x_wconf 64' lang='grc' dir='ltr'>ἐστι</span> <span class='ocrx_word' id='word_1_270' title='bbox 489 3171 682 3239; x_wconf 89' lang='grc' dir='ltr'>δεινὸν,</span> <span class='ocrx_word' id='word_1_271' title='bbox 717 3171 817 3226; x_wconf 91' lang='grc' dir='ltr'>οὐκ</span> <span class='ocrx_word' id='word_1_272' title='bbox 855 3169 1026 3236; x_wconf 71' lang='grc' dir='ltr'>ἐστιν,</span> <span class='ocrx_word' id='word_1_273' title='bbox 1069 3170 1344 3240; x_wconf 81' lang='grc' dir='ltr'>ἄνθρωπε.</span> <span class='ocrx_word' id='word_1_274' title='bbox 1381 3171 1560 3242; x_wconf 80' lang='grc' dir='ltr'>Μέχρι</span> <span class='ocrx_word' id='word_1_275' title='bbox 1607 3172 1752 3237; x_wconf 90' lang='grc' dir='ltr'>τίνος</span> <span class='ocrx_word' id='word_1_276' title='bbox 1786 3173 1926 3245; x_wconf 89' lang='grc' dir='ltr'>πρὸς</span> 
     </span>
    </p>
   </div>
   <div class='ocr_carea' id='block_1_35' title="bbox 330 3251 1926 3328">
    <p class='ocr_par' dir='ltr' id='par_1_35' title="bbox 330 3251 1926 3328">
     <span class='ocr_line' id='line_1_35' title="bbox 330 3251 1926 3328; baseline 0.001 -20"><span class='ocrx_word' id='word_1_277' title='bbox 330 3256 401 3310; x_wconf 87' lang='grc' dir='ltr'>τά</span> <span class='ocrx_word' id='word_1_278' title='bbox 425 3255 672 3328; x_wconf 86' lang='grc' dir='ltr'>παρόντα</span> <span class='ocrx_word' id='word_1_279' title='bbox 699 3254 1001 3323; x_wconf 87' lang='grc' dir='ltr'>ἐπτόησαι;</span> <span class='ocrx_word' id='word_1_280' title='bbox 1027 3252 1162 3306; x_wconf 87' lang='grc' dir='ltr'>Οὐδέ</span> <span class='ocrx_word' id='word_1_281' title='bbox 1189 3251 1300 3324; x_wconf 83' lang='grc' dir='ltr'>γὰρ</span> <span class='ocrx_word' id='word_1_282' title='bbox 1341 3253 1407 3307; x_wconf 82' lang='grc' dir='ltr'>ἂν</span> <span class='ocrx_word' id='word_1_283' title='bbox 1433 3253 1696 3318; x_wconf 79' lang='grc' dir='ltr'>ἐπέταξεν</span> <span class='ocrx_word' id='word_1_284' title='bbox 1733 3256 1865 3310; x_wconf 90' lang='grc' dir='ltr'>αὐτὸ</span> <span class='ocrx_word' id='word_1_285' title='bbox 1897 3257 1926 3310; x_wconf 87' lang='lat'>6</span> 
     </span>
    </p>
   </div>
   <div class='ocr_carea' id='block_1_36' title="bbox 327 3332 1924 3410">
    <p class='ocr_par' dir='ltr' id='par_1_36' title="bbox 327 3332 1924 3410">
     <span class='ocr_line' id='line_1_36' title="bbox 327 3332 1924 3410; baseline 0 -18"><span class='ocrx_word' id='word_1_286' title='bbox 327 3339 483 3404; x_wconf 79' lang='grc' dir='ltr'>Θεὸς,</span> <span class='ocrx_word' id='word_1_287' title='bbox 537 3339 588 3391; x_wconf 86' lang='grc' dir='ltr'>εί</span> <span class='ocrx_word' id='word_1_288' title='bbox 633 3337 804 3392; x_wconf 83' lang='grc' dir='ltr'>δεινὸν</span> <span class='ocrx_word' id='word_1_289' title='bbox 831 3332 920 3408; x_wconf 78' lang='grc' dir='ltr'>ἦν.</span> <span class='ocrx_word' id='word_1_290' title='bbox 949 3334 1154 3389; x_wconf 81' lang='grc' dir='ltr'>Σκόπει</span> <span class='ocrx_word' id='word_1_291' title='bbox 1191 3334 1268 3388; x_wconf 80' lang='grc' dir='ltr'>δέ’</span> <span class='ocrx_word' id='word_1_292' title='bbox 1319 3336 1378 3388; x_wconf 87' lang='lat'>&#39;0</span> <span class='ocrx_word' id='word_1_293' title='bbox 1409 3335 1686 3406; x_wconf 87' lang='grc' dir='ltr'>ἠδικηκὼς</span> <span class='ocrx_word' id='word_1_294' title='bbox 1713 3338 1924 3410; x_wconf 84' lang='grc' dir='ltr'>ἀπῆλθε</span> 
     </span>
    </p>
   </div>
   <div class='ocr_carea' id='block_1_37' title="bbox 331 3417 1927 3494">
    <p class='ocr_par' dir='ltr' id='par_1_37' title="bbox 331 3417 1927 3494">
     <span class='ocr_line' id='line_1_37' title="bbox 331 3417 1927 3494; baseline -0.009 -17"><span class='ocrx_word' id='word_1_295' title='bbox 331 3423 590 3494; x_wconf 79' lang='grc' dir='ltr'>χρήματα</span> <span class='ocrx_word' id='word_1_296' title='bbox 617 3419 776 3492; x_wconf 79' lang='grc' dir='ltr'>έχων,</span> <span class='ocrx_word' id='word_1_297' title='bbox 810 3417 947 3472; x_wconf 87' lang='grc' dir='ltr'>ἀλλά</span> <span class='ocrx_word' id='word_1_298' title='bbox 983 3419 1079 3473; x_wconf 72' lang='grc' dir='ltr'>καὶ</span> <span class='ocrx_word' id='word_1_299' title='bbox 1106 3417 1346 3482; x_wconf 86' lang='grc' dir='ltr'>συνειδὸς</span> <span class='ocrx_word' id='word_1_300' title='bbox 1382 3420 1636 3490; x_wconf 81' lang='grc' dir='ltr'>πονηρόν·</span> <span class='ocrx_word' id='word_1_301' title='bbox 1665 3421 1694 3473; x_wconf 74' lang='grc' dir='ltr'>ὁ</span> <span class='ocrx_word' id='word_1_302' title='bbox 1728 3420 1786 3474; x_wconf 75' lang='grc' dir='ltr'>δὲ</span> <span class='ocrx_word' id='word_1_303' title='bbox 1813 3421 1927 3491; x_wconf 59' lang='grc' dir='ltr'>ᾕδι.</span> 
     </span>
    </p>
   </div>
   <div class='ocr_carea' id='block_1_38' title="bbox 331 3501 1926 3578">
    <p class='ocr_par' dir='ltr' id='par_1_38' title="bbox 331 3501 1926 3578">
     <span class='ocr_line' id='line_1_38' title="bbox 331 3501 1926 3578; baseline -0.001 -19"><span class='ocrx_word' id='word_1_304' title='bbox 331 3505 591 3578; x_wconf 86' lang='grc' dir='ltr'>κημένος,</span> <span class='ocrx_word' id='word_1_305' title='bbox 619 3505 922 3574; x_wconf 83' lang='grc' dir='ltr'>χρημάτων</span> <span class='ocrx_word' id='word_1_306' title='bbox 958 3501 1059 3572; x_wconf 84' lang='grc' dir='ltr'>μὲν</span> <span class='ocrx_word' id='word_1_307' title='bbox 1107 3501 1578 3572; x_wconf 82' lang='grc' dir='ltr'>ἀπεστερημένος,</span> <span class='ocrx_word' id='word_1_308' title='bbox 1611 3504 1926 3576; x_wconf 76' lang='grc' dir='ltr'>παρρησίαν</span> 
     </span>
    </p>
   </div>
   <div class='ocr_carea' id='block_1_39' title="bbox 329 3584 1925 3660">
    <p class='ocr_par' dir='ltr' id='par_1_39' title="bbox 329 3584 1925 3660">
     <span class='ocr_line' id='line_1_39' title="bbox 329 3584 1925 3660; baseline -0.002 -15"><span class='ocrx_word' id='word_1_309' title='bbox 329 3592 389 3645; x_wconf 74' lang='grc' dir='ltr'>δὲ</span> <span class='ocrx_word' id='word_1_310' title='bbox 416 3587 753 3660; x_wconf 79' lang='grc' dir='ltr'>κεκτημένος</span> <span class='ocrx_word' id='word_1_311' title='bbox 789 3586 928 3657; x_wconf 88' lang='grc' dir='ltr'>πρὸς</span> <span class='ocrx_word' id='word_1_312' title='bbox 963 3585 1055 3640; x_wconf 90' lang='grc' dir='ltr'>τὸν</span> <span class='ocrx_word' id='word_1_313' title='bbox 1079 3584 1232 3651; x_wconf 87' lang='grc' dir='ltr'>Θεὸν,</span> <span class='ocrx_word' id='word_1_314' title='bbox 1258 3586 1448 3658; x_wconf 82' lang='grc' dir='ltr'>κτῆμα</span> <span class='ocrx_word' id='word_1_315' title='bbox 1479 3588 1689 3659; x_wconf 86' lang='grc' dir='ltr'>μυρίων</span> <span class='ocrx_word' id='word_1_316' title='bbox 1715 3587 1925 3660; x_wconf 84' lang='grc' dir='ltr'>θησαυ-</span> 
     </span>
    </p>
   </div>
   <div class='ocr_carea' id='block_1_40' title="bbox 335 3663 1926 3744">
    <p class='ocr_par' dir='ltr' id='par_1_40' title="bbox 335 3663 1926 3744">
     <span class='ocr_line' id='line_1_40' title="bbox 335 3663 1926 3744; baseline 0.001 -19"><span class='ocrx_word' id='word_1_317' title='bbox 335 3673 445 3744; x_wconf 92' lang='grc' dir='ltr'>ρῶν</span> <span class='ocrx_word' id='word_1_318' title='bbox 483 3670 827 3743; x_wconf 85' lang='grc' dir='ltr'>τιμιώτερον.</span> <span class='ocrx_word' id='word_1_319' title='bbox 865 3667 1031 3723; x_wconf 80' lang='grc' dir='ltr'>Ταῦτ’</span> <span class='ocrx_word' id='word_1_320' title='bbox 1065 3663 1158 3723; x_wconf 83' lang='grc' dir='ltr'>οὖν</span> <span class='ocrx_word' id='word_1_321' title='bbox 1189 3668 1414 3734; x_wconf 75' lang='grc' dir='ltr'>ειδότες,</span> <span class='ocrx_word' id='word_1_322' title='bbox 1444 3669 1822 3741; x_wconf 75' lang='grc' dir='ltr'>φιλοσοφῶμεν</span> <span class='ocrx_word' id='word_1_323' title='bbox 1861 3673 1926 3726; x_wconf 87' lang='grc' dir='ltr'>ἐκ</span> 
     </span>
    </p>
   </div>
   <div class='ocr_carea' id='block_1_41' title="bbox 333 3751 1924 3828">
    <p class='ocr_par' dir='ltr' id='par_1_41' title="bbox 333 3751 1924 3828">
     <span class='ocr_line' id='line_1_41' title="bbox 333 3751 1924 3828; baseline 0.001 -19"><span class='ocrx_word' id='word_1_324' title='bbox 333 3755 732 3828; x_wconf 80' lang='grc' dir='ltr'>προαιρέσεως,</span> <span class='ocrx_word' id='word_1_325' title='bbox 776 3753 870 3808; x_wconf 76' lang='grc' dir='ltr'>καὶ</span> <span class='ocrx_word' id='word_1_326' title='bbox 905 3751 982 3826; x_wconf 80' lang='grc' dir='ltr'>μή</span> <span class='ocrx_word' id='word_1_327' title='bbox 1014 3752 1316 3824; x_wconf 81' lang='grc' dir='ltr'>πάσχωμεν</span> <span class='ocrx_word' id='word_1_328' title='bbox 1351 3755 1419 3806; x_wconf 65' lang='grc' dir='ltr'>τὰ</span> <span class='ocrx_word' id='word_1_329' title='bbox 1441 3753 1546 3806; x_wconf 89' lang='grc' dir='ltr'>τῶν</span> <span class='ocrx_word' id='word_1_330' title='bbox 1574 3755 1836 3828; x_wconf 82' lang='grc' dir='ltr'>ἀνοήτων,</span> <span class='ocrx_word' id='word_1_331' title='bbox 1873 3757 1924 3812; x_wconf 84' lang='grc' dir='ltr'><strong>οἳ</strong></span> 
     </span>
    </p>
   </div>
   <div class='ocr_carea' id='block_1_42' title="bbox 332 3837 1925 3914">
    <p class='ocr_par' dir='ltr' id='par_1_42' title="bbox 332 3837 1925 3914">
     <span class='ocr_line' id='line_1_42' title="bbox 332 3837 1925 3914; baseline 0.001 -20"><span class='ocrx_word' id='word_1_332' title='bbox 332 3841 455 3894; x_wconf 85' lang='grc' dir='ltr'>τότε</span> <span class='ocrx_word' id='word_1_333' title='bbox 489 3839 772 3912; x_wconf 85' lang='grc' dir='ltr'>νομίζουσι</span> <span class='ocrx_word' id='word_1_334' title='bbox 803 3837 879 3910; x_wconf 90' lang='grc' dir='ltr'>μή</span> <span class='ocrx_word' id='word_1_335' title='bbox 906 3837 1232 3902; x_wconf 87' lang='grc' dir='ltr'>ἀδικεῖσθαι,</span> <span class='ocrx_word' id='word_1_336' title='bbox 1260 3838 1389 3892; x_wconf 78' lang='grc' dir='ltr'>ὅταν</span> <span class='ocrx_word' id='word_1_337' title='bbox 1425 3837 1535 3892; x_wconf 87' lang='grc' dir='ltr'>ἀπὸ</span> <span class='ocrx_word' id='word_1_338' title='bbox 1571 3838 1925 3914; x_wconf 86' lang='grc' dir='ltr'>δικαστηρίου</span> 
     </span>
    </p>
   </div>
   <div class='ocr_carea' id='block_1_43' title="bbox 336 3919 1926 3997">
    <p class='ocr_par' dir='ltr' id='par_1_43' title="bbox 336 3919 1926 3997">
     <span class='ocr_line' id='line_1_43' title="bbox 336 3919 1926 3997; baseline 0 -19"><span class='ocrx_word' id='word_1_339' title='bbox 336 3923 494 3978; x_wconf 78' lang='grc' dir='ltr'>τοῦτο</span> <span class='ocrx_word' id='word_1_340' title='bbox 517 3923 752 3978; x_wconf 86' lang='grc' dir='ltr'>πάθωσι.</span> <span class='ocrx_word' id='word_1_341' title='bbox 786 3919 934 3993; x_wconf 71' lang='grc'>[145]</span> <span class='ocrx_word' id='word_1_342' title='bbox 963 3919 1289 3974; x_wconf 86' lang='grc' dir='ltr'>Τούναντίον</span> <span class='ocrx_word' id='word_1_343' title='bbox 1313 3921 1370 3974; x_wconf 81' lang='grc' dir='ltr'>δὲ</span> <span class='ocrx_word' id='word_1_344' title='bbox 1403 3921 1550 3976; x_wconf 81' lang='grc' dir='ltr'>ἀπαν</span> <span class='ocrx_word' id='word_1_345' title='bbox 1570 3923 1722 3976; x_wconf 79' lang='grc' dir='ltr'>ἐστὶν</span> <span class='ocrx_word' id='word_1_346' title='bbox 1757 3925 1790 3997; x_wconf 87' lang='grc' dir='ltr'>ή</span> <span class='ocrx_word' id='word_1_347' title='bbox 1826 3943 1926 3996; x_wconf 82' lang='grc' dir='ltr'>με-</span> 
     </span>
    </p>
   </div>
   <div class='ocr_carea' id='block_1_44' title="bbox 335 4004 1923 4078">
    <p class='ocr_par' dir='ltr' id='par_1_44' title="bbox 335 4004 1923 4078">
     <span class='ocr_line' id='line_1_44' title="bbox 335 4004 1923 4078; baseline 0.001 -18"><span class='ocrx_word' id='word_1_348' title='bbox 335 4006 496 4074; x_wconf 78' lang='grc' dir='ltr'>γίστη</span> <span class='ocrx_word' id='word_1_349' title='bbox 531 4006 722 4078; x_wconf 83' lang='grc' dir='ltr'>ζημία,</span> <span class='ocrx_word' id='word_1_350' title='bbox 754 4007 848 4059; x_wconf 75' lang='grc' dir='ltr'>καὶ</span> <span class='ocrx_word' id='word_1_351' title='bbox 875 4005 1011 4068; x_wconf 83' lang='grc' dir='ltr'>ὅλως</span> <span class='ocrx_word' id='word_1_352' title='bbox 1045 4004 1173 4057; x_wconf 83' lang='grc' dir='ltr'>ὅταν</span> <span class='ocrx_word' id='word_1_353' title='bbox 1209 4004 1285 4075; x_wconf 82' lang='grc' dir='ltr'>μὴ</span> <span class='ocrx_word' id='word_1_354' title='bbox 1312 4004 1530 4070; x_wconf 87' lang='grc' dir='ltr'>ἐκόντες</span> <span class='ocrx_word' id='word_1_355' title='bbox 1560 4005 1736 4060; x_wconf 83' lang='grc' dir='ltr'>ταῦτα</span> <span class='ocrx_word' id='word_1_356' title='bbox 1771 4009 1923 4077; x_wconf 85' lang='grc' dir='ltr'>φιλο-</span> 
     </span>
    </p>
   </div>
   <div class='ocr_carea' id='block_1_45' title="bbox 337 4086 1925 4164">
    <p class='ocr_par' dir='ltr' id='par_1_45' title="bbox 337 4086 1925 4164">
     <span class='ocr_line' id='line_1_45' title="bbox 337 4086 1925 4164; baseline 0.001 -19"><span class='ocrx_word' id='word_1_357' title='bbox 337 4090 614 4161; x_wconf 85' lang='grc' dir='ltr'>σοφῶμεν,</span> <span class='ocrx_word' id='word_1_358' title='bbox 642 4089 759 4144; x_wconf 74' lang='grc' dir='ltr'>ἀλλ’</span> <span class='ocrx_word' id='word_1_359' title='bbox 785 4086 1113 4160; x_wconf 69' lang='grc' dir='ltr'>ἡττηθέντες</span> <span class='ocrx_word' id='word_1_360' title='bbox 1145 4087 1372 4142; x_wconf 88' lang='grc' dir='ltr'>ἐκεῖθεν.</span> <span class='ocrx_word' id='word_1_361' title='bbox 1399 4089 1566 4144; x_wconf 80' lang='grc' dir='ltr'>Οὐδὲν</span> <span class='ocrx_word' id='word_1_362' title='bbox 1601 4091 1708 4163; x_wconf 82' lang='grc' dir='ltr'>γὰρ</span> <span class='ocrx_word' id='word_1_363' title='bbox 1737 4092 1925 4164; x_wconf 87' lang='grc' dir='ltr'>κέρδος</span> 
     </span>
    </p>
   </div>
   <div class='ocr_carea' id='block_1_46' title="bbox 336 4169 1924 4247">
    <p class='ocr_par' dir='ltr' id='par_1_46' title="bbox 336 4169 1924 4247">
     <span class='ocr_line' id='line_1_46' title="bbox 336 4169 1924 4247; baseline -0.006 -19"><span class='ocrx_word' id='word_1_364' title='bbox 336 4174 445 4228; x_wconf 76' lang='grc' dir='ltr'>ἀπὸ</span> <span class='ocrx_word' id='word_1_365' title='bbox 488 4171 843 4245; x_wconf 86' lang='grc' dir='ltr'>δικαστηρίου</span> <span class='ocrx_word' id='word_1_366' title='bbox 887 4169 1189 4242; x_wconf 75' lang='grc' dir='ltr'>ἡττηθέντα</span> <span class='ocrx_word' id='word_1_367' title='bbox 1221 4171 1464 4239; x_wconf 76' lang='grc' dir='ltr'>ἐνεγκεῖν</span> <span class='ocrx_word' id='word_1_368' title='bbox 1489 4186 1503 4202; x_wconf 79' lang='grc' dir='ltr'><strong>ο</strong></span> <span class='ocrx_word' id='word_1_369' title='bbox 1532 4174 1626 4227; x_wconf 85' lang='grc' dir='ltr'>καὶ</span> <span class='ocrx_word' id='word_1_370' title='bbox 1674 4173 1782 4245; x_wconf 85' lang='grc' dir='ltr'>γὰρ</span> <span class='ocrx_word' id='word_1_371' title='bbox 1825 4175 1924 4247; x_wconf 76' lang='grc' dir='ltr'>τῆς</span> 
     </span>
    </p>
   </div>
   <div class='ocr_carea' id='block_1_47' title="bbox 337 4252 1928 4328">
    <p class='ocr_par' dir='ltr' id='par_1_47' title="bbox 337 4252 1928 4328">
     <span class='ocr_line' id='line_1_47' title="bbox 337 4252 1928 4328; baseline -0.001 -17"><span class='ocrx_word' id='word_1_372' title='bbox 337 4258 585 4328; x_wconf 83' lang='grc' dir='ltr'>ἀνάγκης</span> <span class='ocrx_word' id='word_1_373' title='bbox 616 4256 678 4310; x_wconf 87' lang='grc' dir='ltr'>τὸ</span> <span class='ocrx_word' id='word_1_374' title='bbox 709 4255 941 4326; x_wconf 79' lang='grc' dir='ltr'>πρᾶγμα</span> <span class='ocrx_word' id='word_1_375' title='bbox 973 4262 994 4283; x_wconf 87' lang='grc'><strong><em>⁸</em></strong></span> <span class='ocrx_word' id='word_1_376' title='bbox 1019 4252 1229 4322; x_wconf 87' lang='grc' dir='ltr'>γίνεται</span> <span class='ocrx_word' id='word_1_377' title='bbox 1253 4253 1456 4308; x_wconf 88' lang='grc' dir='ltr'>λοιπόν.</span> <span class='ocrx_word' id='word_1_378' title='bbox 1492 4255 1590 4320; x_wconf 89' lang='grc' dir='ltr'>Τίς</span> <span class='ocrx_word' id='word_1_379' title='bbox 1617 4252 1709 4312; x_wconf 81' lang='grc' dir='ltr'>οὖν</span> <span class='ocrx_word' id='word_1_380' title='bbox 1734 4259 1767 4328; x_wconf 84' lang='grc' dir='ltr'>ή</span> <span class='ocrx_word' id='word_1_381' title='bbox 1794 4257 1928 4328; x_wconf 86' lang='grc' dir='ltr'>λαμ-</span> 
     </span>
    </p>
   </div>
   <div class='ocr_carea' id='block_1_48' title="bbox 337 4336 1922 4414">
    <p class='ocr_par' dir='ltr' id='par_1_48' title="bbox 337 4336 1922 4414">
     <span class='ocr_line' id='line_1_48' title="bbox 337 4336 1922 4414; baseline 0.002 -22"><span class='ocrx_word' id='word_1_382' title='bbox 337 4340 452 4412; x_wconf 84' lang='grc' dir='ltr'>πρά</span> <span class='ocrx_word' id='word_1_383' title='bbox 481 4340 643 4411; x_wconf 74' lang='grc' dir='ltr'>νίκης</span> <span class='ocrx_word' id='word_1_384' title='bbox 679 4338 846 4393; x_wconf 87' lang='grc' dir='ltr'>Ὅταν</span> <span class='ocrx_word' id='word_1_385' title='bbox 882 4336 946 4391; x_wconf 87' lang='grc' dir='ltr'>σύ</span> <span class='ocrx_word' id='word_1_386' title='bbox 977 4338 1416 4409; x_wconf 64' lang='grc' dir='ltr'>καταφρονήσῃς,</span> <span class='ocrx_word' id='word_1_387' title='bbox 1441 4338 1570 4390; x_wconf 79' lang='grc' dir='ltr'>ὅταν</span> <span class='ocrx_word' id='word_1_388' title='bbox 1601 4338 1676 4411; x_wconf 86' lang='grc' dir='ltr'>μή</span> <span class='ocrx_word' id='word_1_389' title='bbox 1704 4339 1922 4414; x_wconf 78' lang='grc' dir='ltr'>δικάσῃ.</span> 
     </span>
    </p>
   </div>
   <div class='ocr_carea' id='block_1_49' title="bbox 340 4419 1926 4495">
    <p class='ocr_par' dir='ltr' id='par_1_49' title="bbox 340 4419 1926 4495">
     <span class='ocr_line' id='line_1_49' title="bbox 340 4419 1926 4495; baseline 0 -18"><span class='ocrx_word' id='word_1_390' title='bbox 340 4421 406 4478; x_wconf 90' lang='grc' dir='ltr'>Τί</span> <span class='ocrx_word' id='word_1_391' title='bbox 438 4423 546 4495; x_wconf 84' lang='grc' dir='ltr'>φής</span> <span class='ocrx_word' id='word_1_392' title='bbox 567 4421 906 4494; x_wconf 83' lang='grc' dir='ltr'>;’Λφῃρέθην</span> <span class='ocrx_word' id='word_1_393' title='bbox 943 4419 1162 4474; x_wconf 69' lang='grc' dir='ltr'>ἅπαντα</span> <span class='ocrx_word' id='word_1_394' title='bbox 1182 4419 1251 4472; x_wconf 89' lang='grc' dir='ltr'>τά</span> <span class='ocrx_word' id='word_1_395' title='bbox 1280 4419 1430 4482; x_wconf 71' lang='grc' dir='ltr'>ὄντα,</span> <span class='ocrx_word' id='word_1_396' title='bbox 1463 4421 1617 4492; x_wconf 79' lang='grc' dir='ltr'>φησὶ,</span> <span class='ocrx_word' id='word_1_397' title='bbox 1648 4424 1742 4477; x_wconf 74' lang='grc' dir='ltr'>καὶ</span> <span class='ocrx_word' id='word_1_398' title='bbox 1767 4426 1926 4494; x_wconf 76' lang='grc' dir='ltr'>σιγᾷν</span> 
     </span>
    </p>
   </div>
   <div class='ocr_carea' id='block_1_50' title="bbox 337 4503 1924 4578">
    <p class='ocr_par' dir='ltr' id='par_1_50' title="bbox 337 4503 1924 4578">
     <span class='ocr_line' id='line_1_50' title="bbox 337 4503 1924 4578; baseline 0.001 -17"><span class='ocrx_word' id='word_1_399' title='bbox 337 4505 614 4573; x_wconf 86' lang='grc' dir='ltr'>κελεύεις;</span> <span class='ocrx_word' id='word_1_400' title='bbox 644 4503 1016 4577; x_wconf 87' lang='grc' dir='ltr'>ἐπηρεάσθην,</span> <span class='ocrx_word' id='word_1_401' title='bbox 1043 4503 1138 4557; x_wconf 77' lang='grc' dir='ltr'>καὶ</span> <span class='ocrx_word' id='word_1_402' title='bbox 1163 4503 1349 4575; x_wconf 85' lang='grc' dir='ltr'>φέρειν</span> <span class='ocrx_word' id='word_1_403' title='bbox 1382 4505 1572 4576; x_wconf 86' lang='grc' dir='ltr'>πράως</span> <span class='ocrx_word' id='word_1_404' title='bbox 1600 4510 1885 4578; x_wconf 87' lang='grc' dir='ltr'>παραινεῖς</span> <span class='ocrx_word' id='word_1_405' title='bbox 1909 4525 1924 4575; x_wconf 89' lang='grc'><strong>;</strong></span> 
     </span>
    </p>
   </div>
   <div class='ocr_carea' id='block_1_51' title="bbox 338 4583 1926 4660">
    <p class='ocr_par' dir='ltr' id='par_1_51' title="bbox 338 4583 1926 4660">
     <span class='ocr_line' id='line_1_51' title="bbox 338 4583 1926 4660; baseline -0.001 -16"><span class='ocrx_word' id='word_1_406' title='bbox 338 4591 432 4644; x_wconf 58' lang='grc' dir='ltr'>καλ⁵</span> <span class='ocrx_word' id='word_1_407' title='bbox 470 4589 585 4652; x_wconf 89' lang='grc' dir='ltr'>πῶς</span> <span class='ocrx_word' id='word_1_408' title='bbox 617 4589 951 4660; x_wconf 87' lang='grc' dir='ltr'>δυνήσομαι;</span> <span class='ocrx_word' id='word_1_409' title='bbox 989 4586 1192 4658; x_wconf 82' lang='grc' dir='ltr'>Ῥᾷστα</span> <span class='ocrx_word' id='word_1_410' title='bbox 1235 4587 1333 4657; x_wconf 77' lang='grc' dir='ltr'>μὲν</span> <span class='ocrx_word' id='word_1_411' title='bbox 1361 4583 1476 4653; x_wconf 88' lang='grc' dir='ltr'>οὐν,</span> <span class='ocrx_word' id='word_1_412' title='bbox 1505 4589 1571 4641; x_wconf 76' lang='grc' dir='ltr'>ἂν</span> <span class='ocrx_word' id='word_1_413' title='bbox 1601 4591 1679 4654; x_wconf 85' lang='grc' dir='ltr'>είς</span> <span class='ocrx_word' id='word_1_414' title='bbox 1712 4590 1804 4642; x_wconf 87' lang='grc' dir='ltr'>τὸν</span> <span class='ocrx_word' id='word_1_415' title='bbox 1833 4591 1926 4643; x_wconf 90' lang='grc' dir='ltr'>οὐ-</span> 
     </span>
    </p>
   </div>
   <div class='ocr_carea' id='block_1_52' title="bbox 341 4668 1925 4745">
    <p class='ocr_par' dir='ltr' id='par_1_52' title="bbox 341 4668 1925 4745">
     <span class='ocr_line' id='line_1_52' title="bbox 341 4668 1925 4745; baseline 0.001 -20"><span class='ocrx_word' id='word_1_416' title='bbox 341 4673 500 4744; x_wconf 87' lang='grc' dir='ltr'>ρανὸν</span> <span class='ocrx_word' id='word_1_417' title='bbox 533 4671 865 4745; x_wconf 86' lang='grc' dir='ltr'>ἀναϐλέψῃς,</span> <span class='ocrx_word' id='word_1_418' title='bbox 907 4671 973 4723; x_wconf 85' lang='grc' dir='ltr'>ἀν</span> <span class='ocrx_word' id='word_1_419' title='bbox 1012 4669 1128 4742; x_wconf 86' lang='grc' dir='ltr'>ῐδῃς</span> <span class='ocrx_word' id='word_1_420' title='bbox 1161 4668 1222 4722; x_wconf 88' lang='grc' dir='ltr'>τὸ</span> <span class='ocrx_word' id='word_1_421' title='bbox 1251 4670 1444 4734; x_wconf 83' lang='grc' dir='ltr'>κάλλος</span> <span class='ocrx_word' id='word_1_422' title='bbox 1478 4671 1656 4737; x_wconf 83' lang='grc' dir='ltr'>τοῦτο,</span> <span class='ocrx_word' id='word_1_423' title='bbox 1699 4673 1792 4726; x_wconf 81' lang='grc' dir='ltr'>καὶ</span> <span class='ocrx_word' id='word_1_424' title='bbox 1821 4672 1925 4727; x_wconf 85' lang='grc' dir='ltr'>πού</span> 
     </span>
    </p>
   </div>
   <div class='ocr_carea' id='block_1_53' title="bbox 339 4751 1926 4825">
    <p class='ocr_par' dir='ltr' id='par_1_53' title="bbox 339 4751 1926 4825">
     <span class='ocr_line' id='line_1_53' title="bbox 339 4751 1926 4825; baseline 0.001 -17"><span class='ocrx_word' id='word_1_425' title='bbox 339 4772 400 4808; x_wconf 90' lang='grc' dir='ltr'>σε</span> <span class='ocrx_word' id='word_1_426' title='bbox 433 4754 796 4823; x_wconf 85' lang='grc' dir='ltr'>ἐπηγγείλατο</span> <span class='ocrx_word' id='word_1_427' title='bbox 821 4752 1077 4820; x_wconf 77' lang='grc' dir='ltr'>δέξασθαι</span> <span class='ocrx_word' id='word_1_428' title='bbox 1097 4753 1126 4805; x_wconf 93' lang='lat'>6</span> <span class='ocrx_word' id='word_1_429' title='bbox 1145 4751 1277 4816; x_wconf 84' lang='grc' dir='ltr'>Θεὸς</span> <span class='ocrx_word' id='word_1_430' title='bbox 1303 4753 1536 4824; x_wconf 91' lang='grc' dir='ltr'>φέροντα</span> <span class='ocrx_word' id='word_1_431' title='bbox 1558 4754 1773 4808; x_wconf 86' lang='grc' dir='ltr'>ἀδικίαν</span> <span class='ocrx_word' id='word_1_432' title='bbox 1799 4772 1926 4825; x_wconf 87' lang='grc' dir='ltr'>γεν-</span> 
     </span>
    </p>
   </div>
   <div class='ocr_carea' id='block_1_54' title="bbox 340 4836 1926 4907">
    <p class='ocr_par' dir='ltr' id='par_1_54' title="bbox 340 4836 1926 4907">
     <span class='ocr_line' id='line_1_54' title="bbox 340 4836 1926 4907; baseline 0.001 -15"><span class='ocrx_word' id='word_1_433' title='bbox 340 4838 525 4902; x_wconf 89' lang='grc' dir='ltr'>ναίως.</span> <span class='ocrx_word' id='word_1_434' title='bbox 549 4837 719 4891; x_wconf 79' lang='grc' dir='ltr'>Τοῦτο</span> <span class='ocrx_word' id='word_1_435' title='bbox 745 4837 923 4890; x_wconf 90' lang='grc' dir='ltr'>τοίνυν</span> <span class='ocrx_word' id='word_1_436' title='bbox 948 4837 1111 4904; x_wconf 89' lang='grc' dir='ltr'>ποίει,</span> <span class='ocrx_word' id='word_1_437' title='bbox 1144 4837 1240 4891; x_wconf 76' lang='grc' dir='ltr'>καὶ</span> <span class='ocrx_word' id='word_1_438' title='bbox 1275 4836 1584 4907; x_wconf 88' lang='grc' dir='ltr'>ἀναϐλέψας</span> <span class='ocrx_word' id='word_1_439' title='bbox 1613 4839 1692 4904; x_wconf 89' lang='grc' dir='ltr'>είς</span> <span class='ocrx_word' id='word_1_440' title='bbox 1717 4839 1807 4894; x_wconf 91' lang='grc' dir='ltr'>τὸν</span> <span class='ocrx_word' id='word_1_441' title='bbox 1831 4841 1926 4894; x_wconf 91' lang='grc' dir='ltr'>οὐ-</span> 
     </span>
    </p>
   </div>
   <div class='ocr_carea' id='block_1_55' title="bbox 343 4921 1926 4998">
    <p class='ocr_par' dir='ltr' id='par_1_55' title="bbox 343 4921 1926 4998">
     <span class='ocr_line' id='line_1_55' title="bbox 343 4921 1926 4998; baseline 0 -20"><span class='ocrx_word' id='word_1_442' title='bbox 343 4923 528 4995; x_wconf 86' lang='grc' dir='ltr'>ρανὸν,</span> <span class='ocrx_word' id='word_1_443' title='bbox 548 4922 799 4993; x_wconf 83' lang='grc' dir='ltr'>ἐννόησον</span> <span class='ocrx_word' id='word_1_444' title='bbox 820 4921 902 4975; x_wconf 82' lang='grc' dir='ltr'>ὅτι</span> <span class='ocrx_word' id='word_1_445' title='bbox 924 4921 1001 4991; x_wconf 86' lang='grc' dir='ltr'>τῷ</span> <span class='ocrx_word' id='word_1_446' title='bbox 1019 4923 1134 4975; x_wconf 88' lang='grc' dir='ltr'>ἐκεῖ</span> <span class='ocrx_word' id='word_1_447' title='bbox 1156 4921 1452 4993; x_wconf 84' lang='grc' dir='ltr'>καθημένῳ</span> <span class='ocrx_word' id='word_1_448' title='bbox 1469 4922 1564 4976; x_wconf 78' lang='grc' dir='ltr'>ἐπὶ</span> <span class='ocrx_word' id='word_1_449' title='bbox 1585 4924 1692 4978; x_wconf 91' lang='grc' dir='ltr'>τῶν</span> <span class='ocrx_word' id='word_1_450' title='bbox 1716 4925 1926 4998; x_wconf 82' lang='grc' dir='ltr'>Χερου-</span> 
     </span>
    </p>
   </div>
   <div class='ocr_carea' id='block_1_56' title="bbox 341 5004 1927 5080">
    <p class='ocr_par' dir='ltr' id='par_1_56' title="bbox 341 5004 1927 5080">
     <span class='ocr_line' id='line_1_56' title="bbox 341 5004 1927 5080; baseline 0.001 -20"><span class='ocrx_word' id='word_1_451' title='bbox 341 5008 447 5079; x_wconf 75' lang='grc' dir='ltr'>ϐὶμ</span> <span class='ocrx_word' id='word_1_452' title='bbox 475 5006 705 5076; x_wconf 85' lang='grc' dir='ltr'>γέγονας</span> <span class='ocrx_word' id='word_1_453' title='bbox 734 5005 937 5074; x_wconf 77' lang='grc' dir='ltr'>ὅμοιος.</span> <span class='ocrx_word' id='word_1_454' title='bbox 969 5005 1079 5058; x_wconf 88' lang='lat' dir='ltr'>Kal</span> <span class='ocrx_word' id='word_1_455' title='bbox 1124 5004 1233 5076; x_wconf 83' lang='grc' dir='ltr'>γάρ</span> <span class='ocrx_word' id='word_1_456' title='bbox 1297 5007 1393 5060; x_wconf 75' lang='grc' dir='ltr'>καὶ</span> <span class='ocrx_word' id='word_1_457' title='bbox 1443 5007 1652 5071; x_wconf 84' lang='grc' dir='ltr'>ἐκεῖνος</span> <span class='ocrx_word' id='word_1_458' title='bbox 1695 5007 1927 5080; x_wconf 82' lang='grc' dir='ltr'>ὑϐρίσθη</span> 
     </span>
    </p>
   </div>
   <div class='ocr_carea' id='block_1_57' title="bbox 345 5087 1932 5162">
    <p class='ocr_par' dir='ltr' id='par_1_57' title="bbox 345 5087 1932 5162">
     <span class='ocr_line' id='line_1_57' title="bbox 345 5087 1932 5162; baseline 0 -16"><span class='ocrx_word' id='word_1_459' title='bbox 345 5092 440 5146; x_wconf 70' lang='grc' dir='ltr'>καὶ</span> <span class='ocrx_word' id='word_1_460' title='bbox 483 5090 704 5160; x_wconf 72' lang='grc' dir='ltr'>ἤνεγκε,</span> <span class='ocrx_word' id='word_1_461' title='bbox 764 5088 858 5141; x_wconf 61' lang='grc' dir='ltr'>καλ⁵</span> <span class='ocrx_word' id='word_1_462' title='bbox 897 5087 1185 5162; x_wconf 85' lang='grc' dir='ltr'>ὠνειδίσθη</span> <span class='ocrx_word' id='word_1_463' title='bbox 1227 5089 1322 5143; x_wconf 76' lang='grc' dir='ltr'>καὶ</span> <span class='ocrx_word' id='word_1_464' title='bbox 1365 5089 1465 5144; x_wconf 90' lang='grc' dir='ltr'>οὐκ</span> <span class='ocrx_word' id='word_1_465' title='bbox 1502 5092 1770 5161; x_wconf 63' lang='grc' dir='ltr'>ἠμύνατο.</span> <span class='ocrx_word' id='word_1_466' title='bbox 1835 5093 1932 5146; x_wconf 81' lang='grc' dir='ltr'>καὶ</span> 
     </span>
    </p>
   </div>
   <div class='ocr_carea' id='block_1_58' title="bbox 344 5170 1930 5245">
    <p class='ocr_par' dir='ltr' id='par_1_58' title="bbox 344 5170 1930 5245">
     <span class='ocr_line' id='line_1_58' title="bbox 344 5170 1930 5245; baseline 0.002 -17"><span class='ocrx_word' id='word_1_467' title='bbox 344 5173 587 5245; x_wconf 81' lang='grc' dir='ltr'>ἐπτύσθη</span> <span class='ocrx_word' id='word_1_468' title='bbox 615 5172 644 5213; x_wconf 71' lang='grc' dir='ltr'>δ</span> <span class='ocrx_word' id='word_1_469' title='bbox 673 5171 770 5226; x_wconf 74' lang='grc' dir='ltr'>καὶ</span> <span class='ocrx_word' id='word_1_470' title='bbox 795 5171 894 5224; x_wconf 84' lang='grc' dir='ltr'>οὐκ</span> <span class='ocrx_word' id='word_1_471' title='bbox 923 5170 1240 5242; x_wconf 78' lang='grc' dir='ltr'>ἐπεξῆλθενο</span> <span class='ocrx_word' id='word_1_472' title='bbox 1264 5173 1402 5227; x_wconf 87' lang='grc' dir='ltr'>ἀλλά</span> <span class='ocrx_word' id='word_1_473' title='bbox 1425 5174 1648 5238; x_wconf 72' lang='grc' dir='ltr'>καὶτοῖς</span> <span class='ocrx_word' id='word_1_474' title='bbox 1665 5177 1930 5242; x_wconf 84' lang='grc' dir='ltr'>ἐναντίοις</span> 
     </span>
    </p>
   </div>
   <div class='ocr_carea' id='block_1_59' title="bbox 345 5254 1926 5330">
    <p class='ocr_par' dir='ltr' id='par_1_59' title="bbox 345 5254 1926 5330">
     <span class='ocr_line' id='line_1_59' title="bbox 345 5254 1926 5330; baseline 0.001 -18"><span class='ocrx_word' id='word_1_475' title='bbox 345 5257 618 5330; x_wconf 74' lang='grc' dir='ltr'>ἠμείψατο</span> <span class='ocrx_word' id='word_1_476' title='bbox 648 5255 992 5324; x_wconf 82' lang='grc' dir='ltr'>εὐεργεσίαις</span> <span class='ocrx_word' id='word_1_477' title='bbox 1038 5254 1261 5325; x_wconf 88' lang='grc' dir='ltr'>μυρίαις</span> <span class='ocrx_word' id='word_1_478' title='bbox 1300 5258 1428 5321; x_wconf 85' lang='grc' dir='ltr'>τούς</span> <span class='ocrx_word' id='word_1_479' title='bbox 1461 5257 1531 5313; x_wconf 77' lang='grc' dir='ltr'>τὰ</span> <span class='ocrx_word' id='word_1_480' title='bbox 1572 5260 1798 5314; x_wconf 80' lang='grc' dir='ltr'>τοιαῦτα</span> <span class='ocrx_word' id='word_1_481' title='bbox 1831 5277 1926 5314; x_wconf 85' lang='grc' dir='ltr'>πε-</span> 
     </span>
    </p>
   </div>
   <div class='ocr_carea' id='block_1_60' title="bbox 346 5337 1930 5412">
    <p class='ocr_par' dir='ltr' id='par_1_60' title="bbox 346 5337 1930 5412">
     <span class='ocr_line' id='line_1_60' title="bbox 346 5337 1930 5412; baseline 0.004 -20"><span class='ocrx_word' id='word_1_482' title='bbox 346 5339 664 5412; x_wconf 86' lang='grc' dir='ltr'>ποιηκότας,</span> <span class='ocrx_word' id='word_1_483' title='bbox 707 5338 802 5392; x_wconf 66' lang='grc' dir='ltr'>καὶ</span> <span class='ocrx_word' id='word_1_484' title='bbox 840 5339 989 5410; x_wconf 74' lang='grc' dir='ltr'>ἡμᾶς</span> <span class='ocrx_word' id='word_1_485' title='bbox 1036 5337 1280 5409; x_wconf 84' lang='grc' dir='ltr'>μιμητὰς</span> <span class='ocrx_word' id='word_1_486' title='bbox 1327 5340 1490 5394; x_wconf 82' lang='grc' dir='ltr'>αὐτοῦ</span> <span class='ocrx_word' id='word_1_487' title='bbox 1523 5343 1774 5410; x_wconf 90' lang='grc' dir='ltr'>γενέσθαι</span> <span class='ocrx_word' id='word_1_488' title='bbox 1807 5344 1930 5398; x_wconf 88' lang='grc' dir='ltr'>ἐκέ-</span> 
     </span>
    </p>
   </div>
   <div class='ocr_carea' id='block_1_61' title="bbox 346 5420 1930 5501">
    <p class='ocr_par' dir='ltr' id='par_1_61' title="bbox 346 5420 1930 5501">
     <span class='ocr_line' id='line_1_61' title="bbox 346 5420 1930 5501; baseline -0.004 -25"><span class='ocrx_word' id='word_1_489' title='bbox 346 5423 558 5478; x_wconf 90' lang='grc' dir='ltr'>λευσεν.</span> <span class='ocrx_word' id='word_1_490' title='bbox 607 5422 889 5493; x_wconf 85' lang='grc' dir='ltr'>Ἐννόησον</span> <span class='ocrx_word' id='word_1_491' title='bbox 914 5422 996 5475; x_wconf 85' lang='grc' dir='ltr'>ὅτι</span> <span class='ocrx_word' id='word_1_492' title='bbox 1023 5420 1230 5492; x_wconf 86' lang='grc' dir='ltr'>γυμνὸς</span> <span class='ocrx_word' id='word_1_493' title='bbox 1259 5421 1480 5494; x_wconf 79' lang='grc' dir='ltr'>ἐξῆλθες</span> <span class='ocrx_word' id='word_1_494' title='bbox 1500 5426 1565 5479; x_wconf 88' lang='grc' dir='ltr'>ἐκ</span> <span class='ocrx_word' id='word_1_495' title='bbox 1589 5427 1798 5492; x_wconf 78' lang='grc' dir='ltr'>κοιλῖας</span> <span class='ocrx_word' id='word_1_496' title='bbox 1821 5445 1930 5501; x_wconf 83' lang='grc' dir='ltr'>μη-</span> 
     </span>
    </p>
   </div>
   <div class='ocr_carea' id='block_1_62' title="bbox 346 5505 1931 5581">
    <p class='ocr_par' dir='ltr' id='par_1_62' title="bbox 346 5505 1931 5581">
     <span class='ocr_line' id='line_1_62' title="bbox 346 5505 1931 5581; baseline 0.006 -24"><span class='ocrx_word' id='word_1_497' title='bbox 346 5507 476 5581; x_wconf 83' lang='grc' dir='ltr'>τρός</span> <span class='ocrx_word' id='word_1_498' title='bbox 505 5522 620 5560; x_wconf 85' lang='grc' dir='ltr'>σου·</span> <span class='ocrx_word' id='word_1_499' title='bbox 651 5505 856 5577; x_wconf 86' lang='grc' dir='ltr'>γυμνὸς</span> <span class='ocrx_word' id='word_1_500' title='bbox 889 5506 983 5560; x_wconf 75' lang='grc' dir='ltr'>καὶ</span> <span class='ocrx_word' id='word_1_501' title='bbox 1008 5505 1285 5580; x_wconf 83' lang='grc' dir='ltr'>ἀπελεύσῃ</span> <span class='ocrx_word' id='word_1_502' title='bbox 1338 5507 1433 5560; x_wconf 75' lang='grc' dir='ltr'>καὶ</span> <span class='ocrx_word' id='word_1_503' title='bbox 1485 5509 1549 5562; x_wconf 84' lang='grc' dir='ltr'>σύ</span> <span class='ocrx_word' id='word_1_504' title='bbox 1603 5511 1852 5576; x_wconf 91' lang='grc' dir='ltr'>κάκεῖνος</span> <span class='ocrx_word' id='word_1_505' title='bbox 1902 5513 1931 5565; x_wconf 91' lang='lat'>6</span> 
     </span>
    </p>
   </div>
   <div class='ocr_carea' id='block_1_63' title="bbox 415 5728 1925 5804">
    <p class='ocr_par' dir='ltr' id='par_1_63' title="bbox 415 5728 1925 5804">
     <span class='ocr_line' id='line_1_63' title="bbox 415 5728 1925 5804; baseline 0.005 -19"><span class='ocrx_word' id='word_1_506' title='bbox 415 5738 443 5767; x_wconf 77' lang='grc'><strong>⁸</strong></span> <span class='ocrx_word' id='word_1_507' title='bbox 462 5737 630 5804; x_wconf 67' lang='grc' dir='ltr'>υεεταζ</span> <span class='ocrx_word' id='word_1_508' title='bbox 655 5737 712 5804; x_wconf 75' lang='grc' dir='ltr'>τὸ</span> <span class='ocrx_word' id='word_1_509' title='bbox 732 5740 941 5804; x_wconf 64' lang='grc' dir='ltr'>πρᾶγμα.</span> <span class='ocrx_word' id='word_1_510' title='bbox 1011 5728 1041 5769; x_wconf 68' lang='grc' dir='ltr'>δ</span> <span class='ocrx_word' id='word_1_511' title='bbox 1064 5735 1255 5804; x_wconf 60' lang='grc' dir='ltr'>ινιοτειη</span> <span class='ocrx_word' id='word_1_512' title='bbox 1283 5738 1363 5804; x_wconf 78' lang='grc' dir='ltr'>καὶ</span> <span class='ocrx_word' id='word_1_513' title='bbox 1406 5737 1632 5804; x_wconf 73' lang='grc' dir='ltr'>έπτύσθη,</span> <span class='ocrx_word' id='word_1_514' title='bbox 1656 5755 1802 5804; x_wconf 82' lang='lat' dir='ltr'><strong>quam</strong></span> <span class='ocrx_word' id='word_1_515' title='bbox 1823 5743 1925 5798; x_wconf 82' lang='lat' dir='ltr'>Iec-</span> 
     </span>
    </p>
   </div>
   <div class='ocr_carea' id='block_1_64' title="bbox 353 5798 1932 5860">
    <p class='ocr_par' dir='ltr' id='par_1_64' title="bbox 353 5798 1932 5860">
     <span class='ocr_line' id='line_1_64' title="bbox 353 5798 1932 5860; baseline 0.005 -13"><span class='ocrx_word' id='word_1_516' title='bbox 353 5801 536 5847; x_wconf 79' lang='lat' dir='ltr'>liouem</span> <span class='ocrx_word' id='word_1_517' title='bbox 558 5798 707 5848; x_wconf 71' lang='lat' dir='ltr'>habet</span> <span class='ocrx_word' id='word_1_518' title='bbox 728 5798 883 5847; x_wconf 57' lang='lat' dir='ltr'>Sivil.</span> <span class='ocrx_word' id='word_1_519' title='bbox 911 5800 959 5846; x_wconf 80' lang='lat' dir='ltr'><strong>in</strong></span> <span class='ocrx_word' id='word_1_520' title='bbox 1003 5801 1239 5860; x_wconf 79' lang='lat' dir='ltr'>margine.</span> <span class='ocrx_word' id='word_1_521' title='bbox 1289 5800 1422 5848; x_wconf 87' lang='lat' dir='ltr'>Idem</span> <span class='ocrx_word' id='word_1_522' title='bbox 1447 5802 1598 5850; x_wconf 82' lang='lat' dir='ltr'>Savil.</span> <span class='ocrx_word' id='word_1_523' title='bbox 1623 5798 1836 5855; x_wconf 65' lang='lat' dir='ltr'>in&#39;lexlu</span> <span class='ocrx_word' id='word_1_524' title='bbox 1879 5815 1932 5860; x_wconf 80' lang='lat' dir='ltr'>el.</span> 
     </span>
    </p>
   </div>
   <div class='ocr_carea' id='block_1_65' title="bbox 351 5860 1730 5942">
    <p class='ocr_par' dir='ltr' id='par_1_65' title="bbox 351 5860 1730 5942">
     <span class='ocr_line' id='line_1_65' title="bbox 351 5860 1730 5942; baseline 0.003 -31"><span class='ocrx_word' id='word_1_525' title='bbox 351 5860 506 5911; x_wconf 72' lang='lat' dir='ltr'><strong>codex</strong></span> <span class='ocrx_word' id='word_1_526' title='bbox 539 5861 682 5924; x_wconf 75' lang='lat' dir='ltr'>Re3.,</span> <span class='ocrx_word' id='word_1_527' title='bbox 703 5860 784 5908; x_wconf 77' lang='grc' dir='ltr'>καὶ</span> <span class='ocrx_word' id='word_1_528' title='bbox 807 5860 1056 5942; x_wconf 80' lang='grc' dir='ltr'>έτυπτήθη.</span> <span class='ocrx_word' id='word_1_529' title='bbox 1087 5860 1302 5922; x_wconf 74' lang='lat' dir='ltr'>Utraque</span> <span class='ocrx_word' id='word_1_530' title='bbox 1329 5861 1480 5912; x_wconf 70' lang='lat' dir='ltr'>lectio</span> <span class='ocrx_word' id='word_1_531' title='bbox 1503 5864 1730 5925; x_wconf 65' lang='lat' dir='ltr'>quadrat.</span> 
     </span>
    </p>
   </div>
   <div class='ocr_carea' id='block_1_66' title="bbox 1015 283 2875 378">
    <p class='ocr_par' dir='ltr' id='par_1_66' title="bbox 1015 283 2875 378">
     <span class='ocr_line' id='line_1_66' title="bbox 1015 283 2875 378; baseline -0.003 -1"><span class='ocrx_word' id='word_1_532' title='bbox 1015 320 1076 377; x_wconf 90' lang='lat' dir='ltr'>s.</span> <span class='ocrx_word' id='word_1_533' title='bbox 1125 314 1410 378; x_wconf 70' lang='lat' dir='ltr'>JOANNIS</span> <span class='ocrx_word' id='word_1_534' title='bbox 1445 309 1932 372; x_wconf 66' lang='lat' dir='ltr'>cnnvsos&#39;rom</span> <span class='ocrx_word' id='word_1_535' title='bbox 1970 309 2287 371; x_wconf 79' lang='lat' dir='ltr'>ARCHIEP.</span> <span class='ocrx_word' id='word_1_536' title='bbox 2327 283 2875 374; x_wconf 62' lang='grc' dir='ltr'>εοΝετἈΝτικορ.</span> 
     </span>
    </p>
   </div>
   <div class='ocr_carea' id='block_1_67' title="bbox 2029 427 3620 503">
    <p class='ocr_par' dir='ltr' id='par_1_67' title="bbox 2029 427 3620 503">
     <span class='ocr_line' id='line_1_67' title="bbox 2029 427 3620 503; baseline -0.001 -21"><span class='ocrx_word' id='word_1_537' title='bbox 2029 429 2325 501; x_wconf 83' lang='grc' dir='ltr'>ἠδικηκώς·</span> <span class='ocrx_word' id='word_1_538' title='bbox 2361 433 2562 503; x_wconf 81' lang='grc' dir='ltr'>μᾶλλον</span> <span class='ocrx_word' id='word_1_539' title='bbox 2588 432 2646 485; x_wconf 83' lang='grc' dir='ltr'>δὲ</span> <span class='ocrx_word' id='word_1_540' title='bbox 2685 434 2892 495; x_wconf 87' lang='grc' dir='ltr'>ἐκεῖνος</span> <span class='ocrx_word' id='word_1_541' title='bbox 2918 430 3019 500; x_wconf 78' lang='grc' dir='ltr'>μὲν</span> <span class='ocrx_word' id='word_1_542' title='bbox 3049 427 3188 501; x_wconf 84' lang='grc' dir='ltr'>μετά</span> <span class='ocrx_word' id='word_1_543' title='bbox 3217 428 3431 501; x_wconf 88' lang='grc' dir='ltr'>μυρίων</span> <span class='ocrx_word' id='word_1_544' title='bbox 3452 443 3620 500; x_wconf 81' lang='grc' dir='ltr'>τραυ.</span> 
     </span>
    </p>
   </div>
   <div class='ocr_carea' id='block_1_68' title="bbox 2040 513 3621 589">
    <p class='ocr_par' dir='ltr' id='par_1_68' title="bbox 2040 513 3621 589">
     <span class='ocr_line' id='line_1_68' title="bbox 2040 513 3621 589; baseline -0.001 -22"><span class='ocrx_word' id='word_1_545' title='bbox 2040 514 2227 583; x_wconf 89' lang='grc' dir='ltr'>μάτων</span> <span class='ocrx_word' id='word_1_546' title='bbox 2252 515 2509 589; x_wconf 86' lang='grc' dir='ltr'>σκώληκα</span> <span class='ocrx_word' id='word_1_547' title='bbox 2536 517 2846 571; x_wconf 89' lang='grc' dir='ltr'>τικτόντων.</span> <span class='ocrx_word' id='word_1_548' title='bbox 2886 516 3167 587; x_wconf 81' lang='grc' dir='ltr'>Ἐννόησον</span> <span class='ocrx_word' id='word_1_549' title='bbox 3191 515 3273 568; x_wconf 86' lang='grc' dir='ltr'>ὃτι</span> <span class='ocrx_word' id='word_1_550' title='bbox 3301 513 3621 584; x_wconf 73' lang='grc' dir='ltr'>πρόσκαιρα</span> 
     </span>
    </p>
   </div>
   <div class='ocr_carea' id='block_1_69' title="bbox 2029 596 3617 670">
    <p class='ocr_par' dir='ltr' id='par_1_69' title="bbox 2029 596 3617 670">
     <span class='ocr_line' id='line_1_69' title="bbox 2029 596 3617 670; baseline -0.001 -20"><span class='ocrx_word' id='word_1_551' title='bbox 2029 596 2100 650; x_wconf 88' lang='grc' dir='ltr'>τά</span> <span class='ocrx_word' id='word_1_552' title='bbox 2141 599 2404 670; x_wconf 86' lang='grc' dir='ltr'>παρόντα,</span> <span class='ocrx_word' id='word_1_553' title='bbox 2461 599 2676 669; x_wconf 88' lang='grc' dir='ltr'>λόγισαι</span> <span class='ocrx_word' id='word_1_554' title='bbox 2724 599 2851 663; x_wconf 89' lang='grc' dir='ltr'>τούς</span> <span class='ocrx_word' id='word_1_555' title='bbox 2897 599 3100 668; x_wconf 83' lang='grc' dir='ltr'>τάφους</span> <span class='ocrx_word' id='word_1_556' title='bbox 3147 598 3255 652; x_wconf 88' lang='grc' dir='ltr'>τῶν</span> <span class='ocrx_word' id='word_1_557' title='bbox 3306 598 3617 669; x_wconf 82' lang='grc' dir='ltr'>προγόνων,</span> 
     </span>
    </p>
   </div>
   <div class='ocr_carea' id='block_1_70' title="bbox 2030 682 3620 756">
    <p class='ocr_par' dir='ltr' id='par_1_70' title="bbox 2030 682 3620 756">
     <span class='ocr_line' id='line_1_70' title="bbox 2030 682 3620 756; baseline -0.002 -21"><span class='ocrx_word' id='word_1_558' title='bbox 2030 682 2318 754; x_wconf 87' lang='grc' dir='ltr'>κατάμαθε</span> <span class='ocrx_word' id='word_1_559' title='bbox 2349 685 2416 740; x_wconf 76' lang='grc' dir='ltr'>τὰ</span> <span class='ocrx_word' id='word_1_560' title='bbox 2452 684 2795 756; x_wconf 87' lang='grc' dir='ltr'>γεγενημένα</span> <span class='ocrx_word' id='word_1_561' title='bbox 2831 684 3038 753; x_wconf 83' lang='grc' dir='ltr'>σαφῶς,</span> <span class='ocrx_word' id='word_1_562' title='bbox 3069 684 3165 736; x_wconf 80' lang='grc' dir='ltr'>καὶ</span> <span class='ocrx_word' id='word_1_563' title='bbox 3191 682 3314 752; x_wconf 74' lang='grc' dir='ltr'>δψει</span> <span class='ocrx_word' id='word_1_564' title='bbox 3345 682 3428 735; x_wconf 86' lang='grc' dir='ltr'>ὄτι</span> <span class='ocrx_word' id='word_1_565' title='bbox 3459 683 3620 750; x_wconf 83' lang='grc' dir='ltr'>ίσχυ-</span> 
     </span>
    </p>
   </div>
   <div class='ocr_carea' id='block_1_71' title="bbox 2031 761 3618 840">
    <p class='ocr_par' dir='ltr' id='par_1_71' title="bbox 2031 761 3618 840">
     <span class='ocr_line' id='line_1_71' title="bbox 2031 761 3618 840; baseline -0.002 -22"><span class='ocrx_word' id='word_1_566' title='bbox 2031 765 2254 835; x_wconf 85' lang='grc' dir='ltr'>ρότερόν</span> <span class='ocrx_word' id='word_1_567' title='bbox 2282 783 2342 820; x_wconf 93' lang='grc' dir='ltr'>σε</span> <span class='ocrx_word' id='word_1_568' title='bbox 2375 769 2631 838; x_wconf 90' lang='grc' dir='ltr'>ἐποίησεν</span> <span class='ocrx_word' id='word_1_569' title='bbox 2662 771 2691 822; x_wconf 94' lang='lat'>6</span> <span class='ocrx_word' id='word_1_570' title='bbox 2715 768 3001 840; x_wconf 81' lang='grc' dir='ltr'>ἀδικήσας.</span> <span class='ocrx_word' id='word_1_571' title='bbox 3032 767 3108 819; x_wconf 87' lang='grc' dir='ltr'>Τὸ</span> <span class='ocrx_word' id='word_1_572' title='bbox 3156 765 3256 837; x_wconf 86' lang='grc' dir='ltr'>μὲν</span> <span class='ocrx_word' id='word_1_573' title='bbox 3301 766 3413 835; x_wconf 82' lang='grc' dir='ltr'>γάρ</span> <span class='ocrx_word' id='word_1_574' title='bbox 3448 761 3618 818; x_wconf 77' lang='grc' dir='ltr'>αὐτοῦ</span> 
     </span>
    </p>
   </div>
   <div class='ocr_carea' id='block_1_72' title="bbox 2037 848 3609 923">
    <p class='ocr_par' dir='ltr' id='par_1_72' title="bbox 2037 848 3609 923">
     <span class='ocr_line' id='line_1_72' title="bbox 2037 848 3609 923; baseline -0.003 -20"><span class='ocrx_word' id='word_1_575' title='bbox 2037 849 2202 913; x_wconf 81' lang='grc' dir='ltr'>πάθος</span> <span class='ocrx_word' id='word_1_576' title='bbox 2229 851 2609 922; x_wconf 66' lang='grc' dir='ltr'>χαλεπιὲιτερον</span> <span class='ocrx_word' id='word_1_577' title='bbox 2635 851 2882 923; x_wconf 87' lang='grc' dir='ltr'>ἐποίησε,</span> <span class='ocrx_word' id='word_1_578' title='bbox 2909 851 3011 922; x_wconf 88' lang='grc' dir='ltr'>τήν</span> <span class='ocrx_word' id='word_1_579' title='bbox 3045 849 3412 921; x_wconf 80' lang='grc' dir='ltr'>φιλαργυρίαν</span> <span class='ocrx_word' id='word_1_580' title='bbox 3442 848 3609 916; x_wconf 87' lang='grc' dir='ltr'>λέγω·</span> 
     </span>
    </p>
   </div>
   <div class='ocr_carea' id='block_1_73' title="bbox 2028 931 3620 1006">
    <p class='ocr_par' dir='ltr' id='par_1_73' title="bbox 2028 931 3620 1006">
     <span class='ocr_line' id='line_1_73' title="bbox 2028 931 3620 1006; baseline 0.001 -22"><span class='ocrx_word' id='word_1_581' title='bbox 2028 931 2088 984; x_wconf 85' lang='grc' dir='ltr'>τὸ</span> <span class='ocrx_word' id='word_1_582' title='bbox 2128 933 2186 986; x_wconf 86' lang='grc' dir='ltr'>δὲ</span> <span class='ocrx_word' id='word_1_583' title='bbox 2227 935 2318 987; x_wconf 88' lang='grc' dir='ltr'>σὸν</span> <span class='ocrx_word' id='word_1_584' title='bbox 2349 934 2758 1006; x_wconf 89' lang='grc' dir='ltr'>ἀσθενέστερον,</span> <span class='ocrx_word' id='word_1_585' title='bbox 2791 935 2973 988; x_wconf 86' lang='grc' dir='ltr'>λαϐὼν</span> <span class='ocrx_word' id='word_1_586' title='bbox 3003 935 3102 1006; x_wconf 82' lang='grc' dir='ltr'>τὴν</span> <span class='ocrx_word' id='word_1_587' title='bbox 3137 933 3346 1004; x_wconf 82' lang='grc' dir='ltr'>τροφὴν</span> <span class='ocrx_word' id='word_1_588' title='bbox 3389 932 3483 985; x_wconf 75' lang='grc' dir='ltr'>τοῦ</span> <span class='ocrx_word' id='word_1_589' title='bbox 3519 933 3620 1003; x_wconf 76' lang='grc' dir='ltr'>θη-</span> 
     </span>
    </p>
   </div>
   <div class='ocr_carea' id='block_1_74' title="bbox 2031 1017 3614 1092">
    <p class='ocr_par' dir='ltr' id='par_1_74' title="bbox 2031 1017 3614 1092">
     <span class='ocr_line' id='line_1_74' title="bbox 2031 1017 3614 1092; baseline 0.005 -21"><span class='ocrx_word' id='word_1_590' title='bbox 2031 1018 2169 1089; x_wconf 87' lang='grc' dir='ltr'>ρίου.</span> <span class='ocrx_word' id='word_1_591' title='bbox 2206 1021 2318 1074; x_wconf 85' lang='lat' dir='ltr'>Kal</span> <span class='ocrx_word' id='word_1_592' title='bbox 2356 1020 2436 1074; x_wconf 80' lang='grc' dir='ltr'>ἔτι</span> <span class='ocrx_word' id='word_1_593' title='bbox 2482 1022 2619 1092; x_wconf 85' lang='grc' dir='ltr'>πρὸς</span> <span class='ocrx_word' id='word_1_594' title='bbox 2643 1021 2854 1086; x_wconf 89' lang='grc' dir='ltr'>τούτοις</span> <span class='ocrx_word' id='word_1_595' title='bbox 2885 1018 3164 1090; x_wconf 82' lang='grc' dir='ltr'>ἀπήλλαξέ</span> <span class='ocrx_word' id='word_1_596' title='bbox 3200 1036 3259 1072; x_wconf 92' lang='grc' dir='ltr'>σε</span> <span class='ocrx_word' id='word_1_597' title='bbox 3292 1017 3614 1089; x_wconf 75' lang='grc' dir='ltr'>φροντίδων.</span> 
     </span>
    </p>
   </div>
   <div class='ocr_carea' id='block_1_75' title="bbox 2029 1103 3616 1175">
    <p class='ocr_par' dir='ltr' id='par_1_75' title="bbox 2029 1103 3616 1175">
     <span class='ocr_line' id='line_1_75' title="bbox 2029 1103 3616 1175; baseline 0 -19"><span class='ocrx_word' id='word_1_598' title='bbox 2029 1104 2289 1170; x_wconf 86' lang='grc' dir='ltr'>ἀγωνίας,</span> <span class='ocrx_word' id='word_1_599' title='bbox 2323 1103 2622 1174; x_wconf 87' lang='grc' dir='ltr'>βασκανίας</span> <span class='ocrx_word' id='word_1_600' title='bbox 2646 1105 3022 1175; x_wconf 67' lang='grc' dir='ltr'>συκοφαντῶν,</span> <span class='ocrx_word' id='word_1_601' title='bbox 3057 1103 3313 1175; x_wconf 85' lang='grc' dir='ltr'>θορύϐου,</span> <span class='ocrx_word' id='word_1_602' title='bbox 3344 1105 3616 1172; x_wconf 79' lang='grc' dir='ltr'>ταραχῆς.</span> 
     </span>
    </p>
   </div>
   <div class='ocr_carea' id='block_1_76' title="bbox 2031 1185 3614 1260">
    <p class='ocr_par' dir='ltr' id='par_1_76' title="bbox 2031 1185 3614 1260">
     <span class='ocr_line' id='line_1_76' title="bbox 2031 1185 3614 1260; baseline -0.001 -20"><span class='ocrx_word' id='word_1_603' title='bbox 2031 1188 2196 1256; x_wconf 78' lang='grc' dir='ltr'>φόϐου</span> <span class='ocrx_word' id='word_1_604' title='bbox 2223 1187 2524 1259; x_wconf 54' lang='grc' dir='ltr'>διηνεκοῦς</span> <span class='ocrx_word' id='word_1_605' title='bbox 2555 1189 2648 1243; x_wconf 71' lang='grc' dir='ltr'>καὶ</span> <span class='ocrx_word' id='word_1_606' title='bbox 2677 1190 2768 1244; x_wconf 85' lang='grc' dir='ltr'>τὸν</span> <span class='ocrx_word' id='word_1_607' title='bbox 2791 1188 3022 1260; x_wconf 81' lang='grc' dir='ltr'>φορυτὸν</span> <span class='ocrx_word' id='word_1_608' title='bbox 3043 1188 3151 1241; x_wconf 90' lang='grc' dir='ltr'>τῶν</span> <span class='ocrx_word' id='word_1_609' title='bbox 3182 1185 3369 1240; x_wconf 87' lang='grc' dir='ltr'>κακῶν</span> <span class='ocrx_word' id='word_1_610' title='bbox 3401 1185 3614 1239; x_wconf 72' lang='grc' dir='ltr'>ἐπεσὼο</span> 
     </span>
    </p>
   </div>
   <div class='ocr_carea' id='block_1_77' title="bbox 2033 1269 3618 1344">
    <p class='ocr_par' dir='ltr' id='par_1_77' title="bbox 2033 1269 3618 1344">
     <span class='ocr_line' id='line_1_77' title="bbox 2033 1269 3618 1344; baseline -0.001 -21"><span class='ocrx_word' id='word_1_611' title='bbox 2033 1288 2222 1342; x_wconf 88' lang='grc' dir='ltr'>ρευσεν</span> <span class='ocrx_word' id='word_1_612' title='bbox 2263 1272 2356 1325; x_wconf 74' lang='grc' dir='ltr'>ἐπὶ</span> <span class='ocrx_word' id='word_1_613' title='bbox 2398 1273 2496 1342; x_wconf 84' lang='grc' dir='ltr'>τὴν</span> <span class='ocrx_word' id='word_1_614' title='bbox 2541 1271 2736 1326; x_wconf 76' lang='grc' dir='ltr'>ἐαυτοῦ</span> <span class='ocrx_word' id='word_1_615' title='bbox 2781 1271 3045 1344; x_wconf 83' lang='grc' dir='ltr'>κεφαλήν.</span> <span class='ocrx_word' id='word_1_616' title='bbox 3087 1271 3152 1324; x_wconf 91' lang='grc' dir='ltr'>Τί</span> <span class='ocrx_word' id='word_1_617' title='bbox 3183 1269 3298 1338; x_wconf 88' lang='grc' dir='ltr'>οὐν,</span> <span class='ocrx_word' id='word_1_618' title='bbox 3343 1270 3437 1322; x_wconf 80' lang='grc' dir='ltr'>ἐάν</span> <span class='ocrx_word' id='word_1_619' title='bbox 3467 1270 3618 1340; x_wconf 83' lang='grc' dir='ltr'>λιμῷ</span> 
     </span>
    </p>
   </div>
   <div class='ocr_carea' id='block_1_78' title="bbox 2032 1355 3620 1426">
    <p class='ocr_par' dir='ltr' id='par_1_78' title="bbox 2032 1355 3620 1426">
     <span class='ocr_line' id='line_1_78' title="bbox 2032 1355 3620 1426; baseline -0.001 -16"><span class='ocrx_word' id='word_1_620' title='bbox 2032 1355 2299 1418; x_wconf 84' lang='grc' dir='ltr'>παλαίσω,</span> <span class='ocrx_word' id='word_1_621' title='bbox 2333 1357 2465 1426; x_wconf 81' lang='grc' dir='ltr'>φησί</span> <span class='ocrx_word' id='word_1_622' title='bbox 2492 1375 2505 1423; x_wconf 93' lang='grc'><strong>;</strong></span> <span class='ocrx_word' id='word_1_623' title='bbox 2535 1357 2691 1411; x_wconf 84' lang='grc' dir='ltr'>Μετὰ</span> <span class='ocrx_word' id='word_1_624' title='bbox 2714 1356 2927 1411; x_wconf 81' lang='grc' dir='ltr'>Παύλου</span> <span class='ocrx_word' id='word_1_625' title='bbox 2959 1356 3115 1410; x_wconf 81' lang='grc' dir='ltr'>τοῦτο</span> <span class='ocrx_word' id='word_1_626' title='bbox 3143 1357 3377 1426; x_wconf 76' lang='grc' dir='ltr'>πάσχεις</span> <span class='ocrx_word' id='word_1_627' title='bbox 3405 1355 3499 1409; x_wconf 75' lang='grc' dir='ltr'>τοῦ</span> <span class='ocrx_word' id='word_1_628' title='bbox 3525 1355 3620 1409; x_wconf 62' lang='lat' dir='ltr'>M-</span> 
     </span>
    </p>
   </div>
   <div class='ocr_carea' id='block_1_79' title="bbox 2029 1437 3618 1511">
    <p class='ocr_par' dir='ltr' id='par_1_79' title="bbox 2029 1437 3618 1511">
     <span class='ocr_line' id='line_1_79' title="bbox 2029 1437 3618 1511; baseline -0.003 -17"><span class='ocrx_word' id='word_1_629' title='bbox 2029 1459 2237 1511; x_wconf 77' lang='grc' dir='ltr'>γοντοςο</span> <span class='ocrx_word' id='word_1_630' title='bbox 2273 1444 2445 1510; x_wconf 80' lang='grc' dir='ltr'>Ἀχρι</span> <span class='ocrx_word' id='word_1_631' title='bbox 2478 1442 2589 1510; x_wconf 85' lang='grc' dir='ltr'>τῆς</span> <span class='ocrx_word' id='word_1_632' title='bbox 2611 1441 2741 1511; x_wconf 79' lang='grc' dir='ltr'>ἄρτι</span> <span class='ocrx_word' id='word_1_633' title='bbox 2770 1441 2926 1510; x_wconf 81' lang='grc' dir='ltr'>ὥρας</span> <span class='ocrx_word' id='word_1_634' title='bbox 2958 1439 3056 1494; x_wconf 77' lang='grc' dir='ltr'>καί</span> <span class='ocrx_word' id='word_1_635' title='bbox 3085 1437 3382 1508; x_wconf 66' lang='grc' dir='ltr'>πεινῶμεν</span> <span class='ocrx_word' id='word_1_636' title='bbox 3401 1439 3500 1493; x_wconf 74' lang='grc' dir='ltr'>καὶ</span> <span class='ocrx_word' id='word_1_637' title='bbox 3524 1437 3618 1491; x_wconf 77' lang='lat'><em>6‘:-</em></span> 
     </span>
    </p>
   </div>
   <div class='ocr_carea' id='block_1_80' title="bbox 2027 1521 3618 1596">
    <p class='ocr_par' dir='ltr' id='par_1_80' title="bbox 2027 1521 3618 1596">
     <span class='ocr_line' id='line_1_80' title="bbox 2027 1521 3618 1596; baseline -0.003 -18"><span class='ocrx_word' id='word_1_638' title='bbox 2027 1523 2237 1594; x_wconf 66' lang='grc' dir='ltr'>ψῶμεν</span> <span class='ocrx_word' id='word_1_639' title='bbox 2287 1526 2385 1581; x_wconf 80' lang='grc' dir='ltr'>καί</span> <span class='ocrx_word' id='word_1_640' title='bbox 2432 1527 2898 1596; x_wconf 77' lang='grc' dir='ltr'>γυμνητεύομεν.</span> <span class='ocrx_word' id='word_1_641' title='bbox 2951 1524 3088 1577; x_wconf 82' lang='grc' dir='ltr'>Ἀλλ’</span> <span class='ocrx_word' id='word_1_642' title='bbox 3133 1525 3338 1586; x_wconf 81' lang='grc' dir='ltr'>ἐκεῖνος</span> <span class='ocrx_word' id='word_1_643' title='bbox 3392 1521 3478 1575; x_wconf 84' lang='grc' dir='ltr'>διά</span> <span class='ocrx_word' id='word_1_644' title='bbox 3522 1523 3618 1574; x_wconf 84' lang='grc' dir='ltr'>τὸν</span> 
     </span>
    </p>
   </div>
   <div class='ocr_carea' id='block_1_81' title="bbox 2027 1605 3616 1679">
    <p class='ocr_par' dir='ltr' id='par_1_81' title="bbox 2027 1605 3616 1679">
     <span class='ocr_line' id='line_1_81' title="bbox 2027 1605 3616 1679; baseline -0.002 -19"><span class='ocrx_word' id='word_1_645' title='bbox 2027 1608 2186 1671; x_wconf 81' lang='grc' dir='ltr'>Θεὸν,</span> <span class='ocrx_word' id='word_1_646' title='bbox 2223 1609 2379 1679; x_wconf 83' lang='grc' dir='ltr'>φησί.</span> <span class='ocrx_word' id='word_1_647' title='bbox 2411 1610 2523 1662; x_wconf 86' lang='lat' dir='ltr'>Kal</span> <span class='ocrx_word' id='word_1_648' title='bbox 2567 1611 2631 1664; x_wconf 90' lang='grc' dir='ltr'>σύ</span> <span class='ocrx_word' id='word_1_649' title='bbox 2669 1609 2756 1664; x_wconf 84' lang='grc' dir='ltr'>διά</span> <span class='ocrx_word' id='word_1_650' title='bbox 2792 1610 2886 1663; x_wconf 85' lang='grc' dir='ltr'>τὸν</span> <span class='ocrx_word' id='word_1_651' title='bbox 2919 1607 3072 1662; x_wconf 84' lang='grc' dir='ltr'>Θεόν⁶</span> <span class='ocrx_word' id='word_1_652' title='bbox 3103 1607 3232 1660; x_wconf 85' lang='grc' dir='ltr'>όταν</span> <span class='ocrx_word' id='word_1_653' title='bbox 3267 1605 3377 1676; x_wconf 83' lang='grc' dir='ltr'>γάρ</span> <span class='ocrx_word' id='word_1_654' title='bbox 3409 1605 3484 1676; x_wconf 80' lang='grc' dir='ltr'>μή</span> <span class='ocrx_word' id='word_1_655' title='bbox 3517 1607 3616 1658; x_wconf 80' lang='grc' dir='ltr'>ἐπ-</span> 
     </span>
    </p>
   </div>
   <div class='ocr_carea' id='block_1_82' title="bbox 2025 1687 3618 1763">
    <p class='ocr_par' dir='ltr' id='par_1_82' title="bbox 2025 1687 3618 1763">
     <span class='ocr_line' id='line_1_82' title="bbox 2025 1687 3618 1763; baseline -0.001 -20"><span class='ocrx_word' id='word_1_656' title='bbox 2025 1691 2271 1763; x_wconf 83' lang='grc' dir='ltr'>εξέλθῃς,</span> <span class='ocrx_word' id='word_1_657' title='bbox 2302 1692 2389 1746; x_wconf 87' lang='grc' dir='ltr'>διά</span> <span class='ocrx_word' id='word_1_658' title='bbox 2415 1692 2506 1745; x_wconf 84' lang='grc' dir='ltr'>τὸν</span> <span class='ocrx_word' id='word_1_659' title='bbox 2534 1693 2665 1745; x_wconf 90' lang='grc' dir='ltr'>Θεὸν</span> <span class='ocrx_word' id='word_1_660' title='bbox 2687 1693 2847 1746; x_wconf 75' lang='grc' dir='ltr'>τοῦτο</span> <span class='ocrx_word' id='word_1_661' title='bbox 2875 1695 3069 1755; x_wconf 88' lang='grc' dir='ltr'>ποιεῖς.</span> <span class='ocrx_word' id='word_1_662' title='bbox 3107 1689 3252 1743; x_wconf 80' lang='grc' dir='ltr'>Ἀλλ’</span> <span class='ocrx_word' id='word_1_663' title='bbox 3276 1692 3305 1743; x_wconf 95' lang='lat'>6</span> <span class='ocrx_word' id='word_1_664' title='bbox 3333 1687 3618 1759; x_wconf 76' lang='grc' dir='ltr'>ἠδικηκὼς</span> 
     </span>
    </p>
   </div>
   <div class='ocr_carea' id='block_1_83' title="bbox 2031 1772 3614 1847">
    <p class='ocr_par' dir='ltr' id='par_1_83' title="bbox 2031 1772 3614 1847">
     <span class='ocr_line' id='line_1_83' title="bbox 2031 1772 3614 1847; baseline -0.003 -19"><span class='ocrx_word' id='word_1_665' title='bbox 2031 1775 2170 1844; x_wconf 88' lang='grc' dir='ltr'>μετά</span> <span class='ocrx_word' id='word_1_666' title='bbox 2213 1775 2322 1829; x_wconf 89' lang='grc' dir='ltr'>τῶν</span> <span class='ocrx_word' id='word_1_667' title='bbox 2365 1776 2743 1830; x_wconf 88' lang='grc' dir='ltr'>πλουτούντων</span> <span class='ocrx_word' id='word_1_668' title='bbox 2776 1777 2976 1847; x_wconf 82' lang='grc' dir='ltr'>τρυφᾷ.</span> <span class='ocrx_word' id='word_1_669' title='bbox 3007 1774 3225 1829; x_wconf 79' lang='grc' dir='ltr'>Μᾶλλον</span> <span class='ocrx_word' id='word_1_670' title='bbox 3253 1774 3309 1826; x_wconf 87' lang='grc' dir='ltr'>δὲ</span> <span class='ocrx_word' id='word_1_671' title='bbox 3345 1773 3484 1842; x_wconf 86' lang='grc' dir='ltr'>μετά</span> <span class='ocrx_word' id='word_1_672' title='bbox 3515 1772 3614 1826; x_wconf 77' lang='grc' dir='ltr'><strong>τοῦ</strong></span> 
     </span>
    </p>
   </div>
   <div class='ocr_carea' id='block_1_84' title="bbox 2025 1855 3615 1930">
    <p class='ocr_par' dir='ltr' id='par_1_84' title="bbox 2025 1855 3615 1930">
     <span class='ocr_line' id='line_1_84' title="bbox 2025 1855 3615 1930; baseline -0.003 -20"><span class='ocrx_word' id='word_1_673' title='bbox 2025 1856 2293 1911; x_wconf 86' lang='grc' dir='ltr'>διαϐόλου·</span> <span class='ocrx_word' id='word_1_674' title='bbox 2325 1858 2459 1912; x_wconf 88' lang='grc' dir='ltr'>ἀλλά</span> <span class='ocrx_word' id='word_1_675' title='bbox 2489 1860 2552 1913; x_wconf 85' lang='grc' dir='ltr'>σύ</span> <span class='ocrx_word' id='word_1_676' title='bbox 2578 1861 2716 1930; x_wconf 85' lang='grc' dir='ltr'>μετά</span> <span class='ocrx_word' id='word_1_677' title='bbox 2742 1859 2952 1912; x_wconf 82' lang='grc' dir='ltr'>Παύλου</span> <span class='ocrx_word' id='word_1_678' title='bbox 2988 1855 3369 1926; x_wconf 80' lang='grc' dir='ltr'>στεφανοῦσαι.</span> <span class='ocrx_word' id='word_1_679' title='bbox 3398 1856 3490 1926; x_wconf 84' lang='grc' dir='ltr'>Μή</span> <span class='ocrx_word' id='word_1_680' title='bbox 3512 1856 3615 1908; x_wconf 81' lang='grc' dir='ltr'>τοί-</span> 
     </span>
    </p>
   </div>
   <div class='ocr_carea' id='block_1_85' title="bbox 2027 1940 3615 2014">
    <p class='ocr_par' dir='ltr' id='par_1_85' title="bbox 2027 1940 3615 2014">
     <span class='ocr_line' id='line_1_85' title="bbox 2027 1940 3615 2014; baseline 0 -21"><span class='ocrx_word' id='word_1_681' title='bbox 2027 1959 2122 1994; x_wconf 91' lang='grc' dir='ltr'>νυν</span> <span class='ocrx_word' id='word_1_682' title='bbox 2153 1941 2317 1996; x_wconf 88' lang='grc' dir='ltr'>δέδιθι</span> <span class='ocrx_word' id='word_1_683' title='bbox 2343 1941 2520 2014; x_wconf 88' lang='grc' dir='ltr'>λιμόν·</span> <span class='ocrx_word' id='word_1_684' title='bbox 2553 1946 2635 1997; x_wconf 85' lang='grc' dir='ltr'><strong>υὺ</strong></span> <span class='ocrx_word' id='word_1_685' title='bbox 2669 1945 2778 2013; x_wconf 78' lang='grc' dir='ltr'>γὰρ</span> <span class='ocrx_word' id='word_1_686' title='bbox 2806 1940 3229 2012; x_wconf 71' lang='grc' dir='ltr'>λιμοκτονήσει</span> <span class='ocrx_word' id='word_1_687' title='bbox 3255 1943 3468 2008; x_wconf 73' lang='grc' dir='ltr'>Κύριος</span> <span class='ocrx_word' id='word_1_688' title='bbox 3497 1945 3615 2009; x_wconf 65' lang='grc' dir='ltr'>ψυ-</span> 
     </span>
    </p>
   </div>
   <div class='ocr_carea' id='block_1_86' title="bbox 2025 2019 3614 2098">
    <p class='ocr_par' dir='ltr' id='par_1_86' title="bbox 2025 2019 3614 2098">
     <span class='ocr_line' id='line_1_86' title="bbox 2025 2019 3614 2098; baseline -0.001 -20"><span class='ocrx_word' id='word_1_689' title='bbox 2025 2025 2140 2095; x_wconf 84' lang='grc' dir='ltr'>χὰς</span> <span class='ocrx_word' id='word_1_690' title='bbox 2167 2025 2430 2081; x_wconf 76' lang='grc' dir='ltr'>δικαίων.</span> <span class='ocrx_word' id='word_1_691' title='bbox 2457 2027 2568 2081; x_wconf 85' lang='lat' dir='ltr'>Kal</span> <span class='ocrx_word' id='word_1_692' title='bbox 2598 2027 2784 2098; x_wconf 77' lang='grc' dir='ltr'>ἕτερός</span> <span class='ocrx_word' id='word_1_693' title='bbox 2829 2044 2962 2097; x_wconf 85' lang='grc' dir='ltr'>φησι</span> <span class='ocrx_word' id='word_1_694' title='bbox 3005 2026 3166 2080; x_wconf 87' lang='grc' dir='ltr'>πάλιν</span> <span class='ocrx_word' id='word_1_695' title='bbox 3195 2043 3210 2057; x_wconf 78' lang='grc' dir='ltr'><strong>ο</strong></span> <span class='ocrx_word' id='word_1_696' title='bbox 3254 2019 3614 2094; x_wconf 57' lang='grc' dir='ltr'>ἘπίῤῥιψὊιέ</span> 
     </span>
    </p>
   </div>
   <div class='ocr_carea' id='block_1_87' title="bbox 2024 2108 3610 2180">
    <p class='ocr_par' dir='ltr' id='par_1_87' title="bbox 2024 2108 3610 2180">
     <span class='ocr_line' id='line_1_87' title="bbox 2024 2108 3610 2180; baseline -0.001 -18"><span class='ocrx_word' id='word_1_697' title='bbox 2024 2109 2120 2162; x_wconf 73' lang='grc' dir='ltr'>ἐπὶ</span> <span class='ocrx_word' id='word_1_698' title='bbox 2156 2111 2376 2178; x_wconf 78' lang='grc' dir='ltr'>Κύριον</span> <span class='ocrx_word' id='word_1_699' title='bbox 2403 2109 2521 2178; x_wconf 82' lang='grc' dir='ltr'>τὴν</span> <span class='ocrx_word' id='word_1_700' title='bbox 2547 2110 2843 2180; x_wconf 82' lang='grc' dir='ltr'>μέριμνὰν</span> <span class='ocrx_word' id='word_1_701' title='bbox 2863 2125 3002 2174; x_wconf 85' lang='grc' dir='ltr'>σου,</span> <span class='ocrx_word' id='word_1_702' title='bbox 3036 2108 3137 2164; x_wconf 75' lang='grc' dir='ltr'>καί</span> <span class='ocrx_word' id='word_1_703' title='bbox 3174 2110 3355 2174; x_wconf 84' lang='grc' dir='ltr'>αὐτός</span> <span class='ocrx_word' id='word_1_704' title='bbox 3387 2125 3461 2162; x_wconf 86' lang='grc' dir='ltr'>σε</span> <span class='ocrx_word' id='word_1_705' title='bbox 3485 2108 3610 2162; x_wconf 81' lang='grc' dir='ltr'>δια-</span> 
     </span>
    </p>
   </div>
   <div class='ocr_carea' id='block_1_88' title="bbox 2025 2191 3608 2265">
    <p class='ocr_par' dir='ltr' id='par_1_88' title="bbox 2025 2191 3608 2265">
     <span class='ocr_line' id='line_1_88' title="bbox 2025 2191 3608 2265; baseline -0.003 -19"><span class='ocrx_word' id='word_1_706' title='bbox 2025 2193 2251 2262; x_wconf 70' lang='grc' dir='ltr'>θρέψει.</span> <span class='ocrx_word' id='word_1_707' title='bbox 2305 2193 2368 2246; x_wconf 72' lang='lat' dir='ltr'><strong><em>El</em></strong></span> <span class='ocrx_word' id='word_1_708' title='bbox 2406 2195 2516 2265; x_wconf 85' lang='grc' dir='ltr'>γάρ</span> <span class='ocrx_word' id='word_1_709' title='bbox 2556 2193 2627 2247; x_wconf 87' lang='grc' dir='ltr'>τά</span> <span class='ocrx_word' id='word_1_710' title='bbox 2671 2193 2928 2265; x_wconf 85' lang='grc' dir='ltr'>στρουθία</span> <span class='ocrx_word' id='word_1_711' title='bbox 2968 2192 3060 2246; x_wconf 82' lang='grc' dir='ltr'>τοῦ</span> <span class='ocrx_word' id='word_1_712' title='bbox 3103 2191 3274 2263; x_wconf 83' lang='grc' dir='ltr'>ἀγροῦ</span> <span class='ocrx_word' id='word_1_713' title='bbox 3302 2192 3608 2262; x_wconf 71' lang='grc' dir='ltr'>διατρέφει,</span> 
     </span>
    </p>
   </div>
   <div class='ocr_carea' id='block_1_89' title="bbox 2026 2275 3613 2348">
    <p class='ocr_par' dir='ltr' id='par_1_89' title="bbox 2026 2275 3613 2348">
     <span class='ocr_line' id='line_1_89' title="bbox 2026 2275 3613 2348; baseline -0.001 -20"><span class='ocrx_word' id='word_1_714' title='bbox 2026 2276 2144 2339; x_wconf 88' lang='grc' dir='ltr'>πῶς</span> <span class='ocrx_word' id='word_1_715' title='bbox 2171 2276 2230 2329; x_wconf 81' lang='grc' dir='ltr'>σὲ</span> <span class='ocrx_word' id='word_1_716' title='bbox 2267 2276 2326 2329; x_wconf 88' lang='grc' dir='ltr'>οὐ</span> <span class='ocrx_word' id='word_1_717' title='bbox 2361 2275 2676 2348; x_wconf 84' lang='grc' dir='ltr'>διαθρέψει;</span> <span class='ocrx_word' id='word_1_718' title='bbox 2715 2278 2807 2346; x_wconf 83' lang='grc' dir='ltr'>Μὴ</span> <span class='ocrx_word' id='word_1_719' title='bbox 2842 2277 3122 2348; x_wconf 82' lang='grc' dir='ltr'>γινώμεθα</span> <span class='ocrx_word' id='word_1_720' title='bbox 3148 2275 3328 2328; x_wconf 88' lang='grc' dir='ltr'>τοίνυν</span> <span class='ocrx_word' id='word_1_721' title='bbox 3368 2275 3613 2343; x_wconf 83' lang='grc' dir='ltr'>ὀλιγόπι-</span> 
     </span>
    </p>
   </div>
   <div class='ocr_carea' id='block_1_90' title="bbox 2025 2358 3612 2432">
    <p class='ocr_par' dir='ltr' id='par_1_90' title="bbox 2025 2358 3612 2432">
     <span class='ocr_line' id='line_1_90' title="bbox 2025 2358 3612 2432; baseline -0.001 -20"><span class='ocrx_word' id='word_1_722' title='bbox 2025 2377 2140 2412; x_wconf 90' lang='grc' dir='ltr'>στοι</span> <span class='ocrx_word' id='word_1_723' title='bbox 2191 2359 2328 2432; x_wconf 86' lang='grc' dir='ltr'>μηδὲ</span> <span class='ocrx_word' id='word_1_724' title='bbox 2373 2360 2704 2430; x_wconf 83' lang='grc' dir='ltr'>όλιγόψυχοι,</span> <span class='ocrx_word' id='word_1_725' title='bbox 2751 2361 3048 2430; x_wconf 86' lang='grc' dir='ltr'>ἀγαπητοί.</span> <span class='ocrx_word' id='word_1_726' title='bbox 3090 2361 3146 2413; x_wconf 86' lang='grc'>’0</span> <span class='ocrx_word' id='word_1_727' title='bbox 3185 2358 3294 2431; x_wconf 83' lang='grc' dir='ltr'>γάρ</span> <span class='ocrx_word' id='word_1_728' title='bbox 3331 2358 3612 2428; x_wconf 79' lang='grc' dir='ltr'>βασιλείαν</span> 
     </span>
    </p>
   </div>
   <div class='ocr_carea' id='block_1_91' title="bbox 2023 2443 3611 2518">
    <p class='ocr_par' dir='ltr' id='par_1_91' title="bbox 2023 2443 3611 2518">
     <span class='ocr_line' id='line_1_91' title="bbox 2023 2443 3611 2518; baseline -0.002 -19"><span class='ocrx_word' id='word_1_729' title='bbox 2023 2444 2272 2518; x_wconf 78' lang='grc' dir='ltr'>οὐρανῶν</span> <span class='ocrx_word' id='word_1_730' title='bbox 2321 2445 2790 2516; x_wconf 81' lang='grc' dir='ltr'>ἐπαγγειλάμενος</span> <span class='ocrx_word' id='word_1_731' title='bbox 2845 2445 2942 2497; x_wconf 78' lang='grc' dir='ltr'>καὶ</span> <span class='ocrx_word' id='word_1_732' title='bbox 3002 2443 3240 2497; x_wconf 80' lang='grc' dir='ltr'>τοσαῦτα</span> <span class='ocrx_word' id='word_1_733' title='bbox 3293 2443 3496 2512; x_wconf 79' lang='grc' dir='ltr'>ἀγαθά,</span> <span class='ocrx_word' id='word_1_734' title='bbox 3539 2445 3611 2496; x_wconf 82' lang='grc' dir='ltr'>τά</span> 
     </span>
    </p>
   </div>
   <div class='ocr_carea' id='block_1_92' title="bbox 2024 2524 3608 2600">
    <p class='ocr_par' dir='ltr' id='par_1_92' title="bbox 2024 2524 3608 2600">
     <span class='ocr_line' id='line_1_92' title="bbox 2024 2524 3608 2600; baseline -0.001 -20"><span class='ocrx_word' id='word_1_735' title='bbox 2024 2527 2266 2600; x_wconf 87' lang='grc' dir='ltr'>παρόντα</span> <span class='ocrx_word' id='word_1_736' title='bbox 2300 2528 2417 2591; x_wconf 88' lang='grc' dir='ltr'>πῶς</span> <span class='ocrx_word' id='word_1_737' title='bbox 2455 2529 2517 2582; x_wconf 94' lang='grc' dir='ltr'>οὐ</span> <span class='ocrx_word' id='word_1_738' title='bbox 2555 2526 2752 2594; x_wconf 75' lang='grc' dir='ltr'>δὼσεί;</span> <span class='ocrx_word' id='word_1_739' title='bbox 2787 2529 2878 2598; x_wconf 60' lang='lat' dir='ltr'>Mi;</span> <span class='ocrx_word' id='word_1_740' title='bbox 2915 2527 3184 2598; x_wconf 87' lang='grc' dir='ltr'>περιττῶν</span> <span class='ocrx_word' id='word_1_741' title='bbox 3228 2524 3608 2596; x_wconf 85' lang='grc' dir='ltr'>ἐπιθυμῶμεν,</span> 
     </span>
    </p>
   </div>
   <div class='ocr_carea' id='block_1_93' title="bbox 2023 2609 3614 2682">
    <p class='ocr_par' dir='ltr' id='par_1_93' title="bbox 2023 2609 3614 2682">
     <span class='ocr_line' id='line_1_93' title="bbox 2023 2609 3614 2682; baseline -0.002 -17"><span class='ocrx_word' id='word_1_742' title='bbox 2023 2610 2138 2665; x_wconf 82' lang='grc' dir='ltr'>ἀλλ’</span> <span class='ocrx_word' id='word_1_743' title='bbox 2163 2611 2497 2682; x_wconf 86' lang='grc' dir='ltr'>αὐταρκείας</span> <span class='ocrx_word' id='word_1_744' title='bbox 2517 2610 2792 2682; x_wconf 87' lang='grc' dir='ltr'>ἐχώμεθα,</span> <span class='ocrx_word' id='word_1_745' title='bbox 2817 2611 2911 2663; x_wconf 74' lang='grc' dir='ltr'>καὶ</span> <span class='ocrx_word' id='word_1_746' title='bbox 2942 2611 3028 2662; x_wconf 50' lang='grc' dir='ltr'>ἀεὶ⁸</span> <span class='ocrx_word' id='word_1_747' title='bbox 3067 2609 3464 2680; x_wconf 87' lang='grc' dir='ltr'>πλουτήσομεν·</span> <span class='ocrx_word' id='word_1_748' title='bbox 3492 2627 3614 2662; x_wconf 78' lang='grc' dir='ltr'>σκεο</span> 
     </span>
    </p>
   </div>
   <div class='ocr_carea' id='block_1_94' title="bbox 2025 2693 3610 2766">
    <p class='ocr_par' dir='ltr' id='par_1_94' title="bbox 2025 2693 3610 2766">
     <span class='ocr_line' id='line_1_94' title="bbox 2025 2693 3610 2766; baseline 0 -19"><span class='ocrx_word' id='word_1_749' title='bbox 2025 2695 2292 2766; x_wconf 90' lang='grc' dir='ltr'>πάσματα</span> <span class='ocrx_word' id='word_1_750' title='bbox 2315 2693 2569 2766; x_wconf 79' lang='grc' dir='ltr'>ζητῶμεν</span> <span class='ocrx_word' id='word_1_751' title='bbox 2597 2696 2690 2750; x_wconf 73' lang='grc' dir='ltr'>καὶ</span> <span class='ocrx_word' id='word_1_752' title='bbox 2721 2696 2948 2766; x_wconf 79' lang='grc' dir='ltr'>τροφάς,</span> <span class='ocrx_word' id='word_1_753' title='bbox 2972 2695 3066 2748; x_wconf 66' lang='grc' dir='ltr'>καὶ</span> <span class='ocrx_word' id='word_1_754' title='bbox 3096 2696 3316 2748; x_wconf 90' lang='grc' dir='ltr'>πάντων</span> <span class='ocrx_word' id='word_1_755' title='bbox 3341 2693 3610 2765; x_wconf 75' lang='grc' dir='ltr'>ἐπιληψό-</span> 
     </span>
    </p>
   </div>
   <div class='ocr_carea' id='block_1_95' title="bbox 2027 2777 3610 2850">
    <p class='ocr_par' dir='ltr' id='par_1_95' title="bbox 2027 2777 3610 2850">
     <span class='ocr_line' id='line_1_95' title="bbox 2027 2777 3610 2850; baseline -0.001 -18"><span class='ocrx_word' id='word_1_756' title='bbox 2027 2777 2169 2850; x_wconf 89' lang='grc' dir='ltr'>μεθα</span> <span class='ocrx_word' id='word_1_757' title='bbox 2225 2781 2319 2833; x_wconf 73' lang='grc' dir='ltr'>καὶ</span> <span class='ocrx_word' id='word_1_758' title='bbox 2359 2779 2566 2834; x_wconf 85' lang='grc' dir='ltr'>τούτων</span> <span class='ocrx_word' id='word_1_759' title='bbox 2613 2779 2708 2833; x_wconf 76' lang='grc' dir='ltr'>καὶ</span> <span class='ocrx_word' id='word_1_760' title='bbox 2754 2778 2864 2832; x_wconf 85' lang='grc' dir='ltr'>τῶν</span> <span class='ocrx_word' id='word_1_761' title='bbox 2899 2778 3075 2848; x_wconf 86' lang='grc' dir='ltr'>πολλῴ</span> <span class='ocrx_word' id='word_1_762' title='bbox 3122 2777 3404 2848; x_wconf 78' lang='grc' dir='ltr'>μειζόνων.</span> <span class='ocrx_word' id='word_1_763' title='bbox 3446 2779 3509 2832; x_wconf 76' lang='lat' dir='ltr'>EE</span> <span class='ocrx_word' id='word_1_764' title='bbox 3551 2778 3610 2830; x_wconf 74' lang='grc' dir='ltr'>δὲ</span> 
     </span>
    </p>
   </div>
   <div class='ocr_carea' id='block_1_96' title="bbox 2023 2861 3610 2933">
    <p class='ocr_par' dir='ltr' id='par_1_96' title="bbox 2023 2861 3610 2933">
     <span class='ocr_line' id='line_1_96' title="bbox 2023 2861 3610 2933; baseline -0.002 -16"><span class='ocrx_word' id='word_1_765' title='bbox 2023 2863 2209 2932; x_wconf 86' lang='grc' dir='ltr'>ἀλγεῖς</span> <span class='ocrx_word' id='word_1_766' title='bbox 2269 2863 2352 2916; x_wconf 79' lang='grc' dir='ltr'>ἔτι</span> <span class='ocrx_word' id='word_1_767' title='bbox 2409 2864 2500 2918; x_wconf 82' lang='grc' dir='ltr'>καὶ</span> <span class='ocrx_word' id='word_1_768' title='bbox 2547 2864 2696 2917; x_wconf 88' lang='grc' dir='ltr'>κάτω</span> <span class='ocrx_word' id='word_1_769' title='bbox 2738 2863 2986 2926; x_wconf 85' lang='grc' dir='ltr'>κύπτεις,</span> <span class='ocrx_word' id='word_1_770' title='bbox 3042 2861 3353 2933; x_wconf 81' lang='grc' dir='ltr'>ἠϐουλόμην</span> <span class='ocrx_word' id='word_1_771' title='bbox 3399 2879 3480 2915; x_wconf 89' lang='grc' dir='ltr'>σοι</span> <span class='ocrx_word' id='word_1_772' title='bbox 3511 2861 3610 2915; x_wconf 72' lang='grc' dir='ltr'>τοῦ</span> 
     </span>
    </p>
   </div>
   <div class='ocr_carea' id='block_1_97' title="bbox 2021 2945 3612 3018">
    <p class='ocr_par' dir='ltr' id='par_1_97' title="bbox 2021 2945 3612 3018">
     <span class='ocr_line' id='line_1_97' title="bbox 2021 2945 3612 3018; baseline 0 -19"><span class='ocrx_word' id='word_1_773' title='bbox 2021 2947 2343 3018; x_wconf 86' lang='grc' dir='ltr'>ἠδικηκότος</span> <span class='ocrx_word' id='word_1_774' title='bbox 2380 2946 2517 3018; x_wconf 82' lang='grc' dir='ltr'>μετὰ</span> <span class='ocrx_word' id='word_1_775' title='bbox 2537 2947 2635 3018; x_wconf 80' lang='grc' dir='ltr'>τήν</span> <span class='ocrx_word' id='word_1_776' title='bbox 2668 2947 2824 3018; x_wconf 90' lang='grc' dir='ltr'>νίκην</span> <span class='ocrx_word' id='word_1_777' title='bbox 2843 2946 3011 3013; x_wconf 78' lang='grc' dir='ltr'>δεῖξαι</span> <span class='ocrx_word' id='word_1_778' title='bbox 3037 2945 3134 3016; x_wconf 83' lang='grc' dir='ltr'>τήν</span> <span class='ocrx_word' id='word_1_779' title='bbox 3158 2945 3357 3017; x_wconf 67' lang='grc' dir='ltr'>ψυχὴν,</span> <span class='ocrx_word' id='word_1_780' title='bbox 3384 2946 3501 3010; x_wconf 82' lang='grc' dir='ltr'>πῶς</span> <span class='ocrx_word' id='word_1_781' title='bbox 3525 2946 3612 2999; x_wconf 78' lang='grc' dir='ltr'>τέ-</span> 
     </span>
    </p>
   </div>
   <div class='ocr_carea' id='block_1_98' title="bbox 2024 3029 3610 3103">
    <p class='ocr_par' dir='ltr' id='par_1_98' title="bbox 2024 3029 3610 3103">
     <span class='ocr_line' id='line_1_98' title="bbox 2024 3029 3610 3103; baseline 0.001 -21"><span class='ocrx_word' id='word_1_782' title='bbox 2024 3047 2137 3100; x_wconf 73' lang='grc' dir='ltr'>φρα</span> <span class='ocrx_word' id='word_1_783' title='bbox 2172 3031 2400 3099; x_wconf 81' lang='grc' dir='ltr'>γίνεται.</span> <span class='ocrx_word' id='word_1_784' title='bbox 2437 3031 2546 3085; x_wconf 89' lang='lat' dir='ltr'>Kal</span> <span class='ocrx_word' id='word_1_785' title='bbox 2584 3031 2754 3102; x_wconf 82' lang='grc' dir='ltr'>γάρὴ</span> <span class='ocrx_word' id='word_1_786' title='bbox 2789 3029 3038 3103; x_wconf 86' lang='grc' dir='ltr'>ἀμαρτία</span> <span class='ocrx_word' id='word_1_787' title='bbox 3077 3029 3338 3083; x_wconf 79' lang='grc' dir='ltr'>τοιοῦτονο</span> <span class='ocrx_word' id='word_1_788' title='bbox 3374 3030 3478 3094; x_wconf 72' lang='grc' dir='ltr'>ἕως</span> <span class='ocrx_word' id='word_1_789' title='bbox 3508 3031 3610 3102; x_wconf 80' lang='grc' dir='ltr'>μὲν</span> 
     </span>
    </p>
   </div>
   <div class='ocr_carea' id='block_1_99' title="bbox 2023 3112 3608 3186">
    <p class='ocr_par' dir='ltr' id='par_1_99' title="bbox 2023 3112 3608 3186">
     <span class='ocr_line' id='line_1_99' title="bbox 2023 3112 3608 3186; baseline 0.001 -20"><span class='ocrx_word' id='word_1_790' title='bbox 2023 3113 2090 3166; x_wconf 81' lang='grc' dir='ltr'>ἂν</span> <span class='ocrx_word' id='word_1_791' title='bbox 2120 3114 2387 3186; x_wconf 81' lang='grc' dir='ltr'>ἐργασθῇ,</span> <span class='ocrx_word' id='word_1_792' title='bbox 2417 3115 2648 3185; x_wconf 88' lang='grc' dir='ltr'>παρέχει</span> <span class='ocrx_word' id='word_1_793' title='bbox 2681 3115 2802 3168; x_wconf 78' lang='grc' dir='ltr'>τινὰ</span> <span class='ocrx_word' id='word_1_794' title='bbox 2840 3114 3057 3184; x_wconf 80' lang='grc' dir='ltr'>ἡδονήν·</span> <span class='ocrx_word' id='word_1_795' title='bbox 3083 3112 3236 3186; x_wconf 68' lang='grc'>[144]</span> <span class='ocrx_word' id='word_1_796' title='bbox 3275 3113 3405 3167; x_wconf 84' lang='grc' dir='ltr'>ὃταν</span> <span class='ocrx_word' id='word_1_797' title='bbox 3436 3113 3493 3166; x_wconf 85' lang='grc' dir='ltr'>δὲ</span> <span class='ocrx_word' id='word_1_798' title='bbox 3521 3130 3608 3167; x_wconf 85' lang='grc' dir='ltr'>τε·</span> 
     </span>
    </p>
   </div>
   <div class='ocr_carea' id='block_1_100' title="bbox 2022 3195 3608 3271">
    <p class='ocr_par' dir='ltr' id='par_1_100' title="bbox 2022 3195 3608 3271">
     <span class='ocr_line' id='line_1_100' title="bbox 2022 3195 3608 3271; baseline 0.001 -21"><span class='ocrx_word' id='word_1_799' title='bbox 2022 3195 2211 3270; x_wconf 78' lang='grc' dir='ltr'>λεσθῇ,</span> <span class='ocrx_word' id='word_1_800' title='bbox 2246 3200 2368 3252; x_wconf 87' lang='grc' dir='ltr'>τότε</span> <span class='ocrx_word' id='word_1_801' title='bbox 2396 3201 2428 3270; x_wconf 87' lang='grc' dir='ltr'>ἠ</span> <span class='ocrx_word' id='word_1_802' title='bbox 2459 3199 2632 3270; x_wconf 90' lang='grc' dir='ltr'>μικρά</span> <span class='ocrx_word' id='word_1_803' title='bbox 2655 3199 2816 3271; x_wconf 85' lang='grc' dir='ltr'>ἠδονή</span> <span class='ocrx_word' id='word_1_804' title='bbox 2840 3199 3212 3264; x_wconf 80' lang='grc' dir='ltr'>ὑπεξίσταται.</span> <span class='ocrx_word' id='word_1_805' title='bbox 3231 3198 3608 3268; x_wconf 80' lang='grc' dir='ltr'>ἐπεισέρχεται</span> 
     </span>
    </p>
   </div>
   <div class='ocr_carea' id='block_1_101' title="bbox 2022 3282 3606 3356">
    <p class='ocr_par' dir='ltr' id='par_1_101' title="bbox 2022 3282 3606 3356">
     <span class='ocr_line' id='line_1_101' title="bbox 2022 3282 3606 3356; baseline 0.001 -21"><span class='ocrx_word' id='word_1_806' title='bbox 2022 3282 2079 3335; x_wconf 82' lang='grc' dir='ltr'>δὲ</span> <span class='ocrx_word' id='word_1_807' title='bbox 2108 3283 2334 3354; x_wconf 88' lang='grc' dir='ltr'>ἀθυμία.</span> <span class='ocrx_word' id='word_1_808' title='bbox 2369 3284 2552 3338; x_wconf 85' lang='grc' dir='ltr'>Ταῦτα</span> <span class='ocrx_word' id='word_1_809' title='bbox 2583 3283 2680 3338; x_wconf 73' lang='grc' dir='ltr'>καὶ</span> <span class='ocrx_word' id='word_1_810' title='bbox 2704 3285 2832 3338; x_wconf 86' lang='grc' dir='ltr'>ὅταν</span> <span class='ocrx_word' id='word_1_811' title='bbox 2861 3285 3174 3356; x_wconf 85' lang='grc' dir='ltr'>ὑϐρίζωμέν</span> <span class='ocrx_word' id='word_1_812' title='bbox 3211 3301 3364 3346; x_wconf 89' lang='grc' dir='ltr'>τινας</span> <span class='ocrx_word' id='word_1_813' title='bbox 3399 3285 3606 3353; x_wconf 81' lang='grc' dir='ltr'>πάσχο-</span> 
     </span>
    </p>
   </div>
   <div class='ocr_carea' id='block_1_102' title="bbox 2027 3367 3605 3441">
    <p class='ocr_par' dir='ltr' id='par_1_102' title="bbox 2027 3367 3605 3441">
     <span class='ocr_line' id='line_1_102' title="bbox 2027 3367 3605 3441; baseline 0.001 -22"><span class='ocrx_word' id='word_1_814' title='bbox 2027 3382 2146 3437; x_wconf 77' lang='grc' dir='ltr'>μεν⁸</span> <span class='ocrx_word' id='word_1_815' title='bbox 2195 3367 2418 3439; x_wconf 79' lang='grc' dir='ltr'>ὕστερον</span> <span class='ocrx_word' id='word_1_816' title='bbox 2446 3367 2578 3436; x_wconf 79' lang='grc' dir='ltr'>γοῦν</span> <span class='ocrx_word' id='word_1_817' title='bbox 2607 3368 2816 3422; x_wconf 80' lang='grc' dir='ltr'>ἑαυτῶν</span> <span class='ocrx_word' id='word_1_818' title='bbox 2848 3368 3285 3441; x_wconf 82' lang='grc' dir='ltr'>κατηγοροῦμεν.</span> <span class='ocrx_word' id='word_1_819' title='bbox 3330 3369 3484 3422; x_wconf 83' lang='grc' dir='ltr'>Οὐτω</span> <span class='ocrx_word' id='word_1_820' title='bbox 3515 3372 3605 3421; x_wconf 79' lang='grc' dir='ltr'>καὶ</span> 
     </span>
    </p>
   </div>
   <div class='ocr_carea' id='block_1_103' title="bbox 2024 3452 3605 3524">
    <p class='ocr_par' dir='ltr' id='par_1_103' title="bbox 2024 3452 3605 3524">
     <span class='ocr_line' id='line_1_103' title="bbox 2024 3452 3605 3524; baseline -0.001 -18"><span class='ocrx_word' id='word_1_821' title='bbox 2024 3452 2154 3506; x_wconf 81' lang='grc' dir='ltr'>ὅταν</span> <span class='ocrx_word' id='word_1_822' title='bbox 2204 3452 2713 3522; x_wconf 86' lang='grc' dir='ltr'>πλεονεκτήσωμεν,</span> <span class='ocrx_word' id='word_1_823' title='bbox 2777 3453 3062 3523; x_wconf 61' lang='grc' dir='ltr'>χαίρομεν</span> <span class='ocrx_word' id='word_1_824' title='bbox 3129 3454 3266 3524; x_wconf 83' lang='grc' dir='ltr'>μετά</span> <span class='ocrx_word' id='word_1_825' title='bbox 3327 3453 3384 3506; x_wconf 87' lang='grc' dir='ltr'>δέ</span> <span class='ocrx_word' id='word_1_826' title='bbox 3434 3453 3605 3507; x_wconf 76' lang='grc' dir='ltr'>ταῦτα</span> 
     </span>
    </p>
   </div>
   <div class='ocr_carea' id='block_1_104' title="bbox 2023 3533 2962 3606">
    <p class='ocr_par' dir='ltr' id='par_1_104' title="bbox 2023 3533 2962 3606">
     <span class='ocr_line' id='line_1_104' title="bbox 2023 3533 2962 3606; baseline 0.002 -19"><span class='ocrx_word' id='word_1_827' title='bbox 2023 3534 2362 3606; x_wconf 81' lang='grc' dir='ltr'>κεντούμεθα</span> <span class='ocrx_word' id='word_1_828' title='bbox 2398 3534 2504 3588; x_wconf 87' lang='grc' dir='ltr'>ὐπὸ</span> <span class='ocrx_word' id='word_1_829' title='bbox 2525 3533 2618 3588; x_wconf 79' lang='grc' dir='ltr'>τοῦ</span> <span class='ocrx_word' id='word_1_830' title='bbox 2643 3535 2962 3599; x_wconf 86' lang='grc' dir='ltr'>συνειδότος.</span> 
     </span>
    </p>
   </div>
   <div class='ocr_carea' id='block_1_105' title="bbox 2111 3680 3604 3754">
    <p class='ocr_par' dir='ltr' id='par_1_105' title="bbox 2111 3680 3604 3754">
     <span class='ocr_line' id='line_1_105' title="bbox 2111 3680 3604 3754; baseline 0.001 -18"><span class='ocrx_word' id='word_1_831' title='bbox 2111 3681 2274 3754; x_wconf 80' lang='grc' dir='ltr'>Ὁρᾷς</span> <span class='ocrx_word' id='word_1_832' title='bbox 2306 3680 2459 3751; x_wconf 89' lang='grc' dir='ltr'>παρά</span> <span class='ocrx_word' id='word_1_833' title='bbox 2486 3680 2564 3753; x_wconf 82' lang='grc' dir='ltr'>τῷ</span> <span class='ocrx_word' id='word_1_834' title='bbox 2591 3681 2723 3735; x_wconf 85' lang='grc' dir='ltr'>δεῖνι</span> <span class='ocrx_word' id='word_1_835' title='bbox 2753 3681 2852 3754; x_wconf 85' lang='grc' dir='ltr'>τήν</span> <span class='ocrx_word' id='word_1_836' title='bbox 2874 3681 3052 3735; x_wconf 87' lang='grc' dir='ltr'>οίκίαν</span> <span class='ocrx_word' id='word_1_837' title='bbox 3081 3682 3174 3736; x_wconf 81' lang='grc' dir='ltr'>τοῦ</span> <span class='ocrx_word' id='word_1_838' title='bbox 3206 3683 3474 3749; x_wconf 83' lang='grc' dir='ltr'>πένητος;</span> <span class='ocrx_word' id='word_1_839' title='bbox 3511 3685 3604 3739; x_wconf 78' lang='grc' dir='ltr'>Δάο</span> 
     </span>
    </p>
   </div>
   <div class='ocr_carea' id='block_1_106' title="bbox 2023 3764 3598 3836">
    <p class='ocr_par' dir='ltr' id='par_1_106' title="bbox 2023 3764 3598 3836">
     <span class='ocr_line' id='line_1_106' title="bbox 2023 3764 3598 3836; baseline 0.001 -18"><span class='ocrx_word' id='word_1_840' title='bbox 2023 3781 2245 3836; x_wconf 88' lang='grc' dir='ltr'>κρυσον,</span> <span class='ocrx_word' id='word_1_841' title='bbox 2287 3765 2362 3836; x_wconf 82' lang='grc' dir='ltr'>μή</span> <span class='ocrx_word' id='word_1_842' title='bbox 2393 3764 2482 3817; x_wconf 86' lang='grc' dir='ltr'>τὸν</span> <span class='ocrx_word' id='word_1_843' title='bbox 2520 3765 2986 3836; x_wconf 86' lang='grc' dir='ltr'>ἀπεστερημένον,</span> <span class='ocrx_word' id='word_1_844' title='bbox 3028 3767 3165 3820; x_wconf 88' lang='grc' dir='ltr'>ἀλλά</span> <span class='ocrx_word' id='word_1_845' title='bbox 3199 3767 3292 3819; x_wconf 88' lang='grc' dir='ltr'>τὸν</span> <span class='ocrx_word' id='word_1_846' title='bbox 3322 3767 3598 3836; x_wconf 70' lang='grc' dir='ltr'>εἰληφόταο</span> 
     </span>
    </p>
   </div>
   <div class='ocr_carea' id='block_1_107' title="bbox 2023 3848 3600 3924">
    <p class='ocr_par' dir='ltr' id='par_1_107' title="bbox 2023 3848 3600 3924">
     <span class='ocr_line' id='line_1_107' title="bbox 2023 3848 3600 3924; baseline 0.002 -21"><span class='ocrx_word' id='word_1_847' title='bbox 2023 3851 2085 3903; x_wconf 94' lang='grc' dir='ltr'>οὐ</span> <span class='ocrx_word' id='word_1_848' title='bbox 2113 3848 2222 3921; x_wconf 80' lang='grc' dir='ltr'>γάρ</span> <span class='ocrx_word' id='word_1_849' title='bbox 2270 3849 2491 3912; x_wconf 78' lang='grc' dir='ltr'>ἔδωκεν,</span> <span class='ocrx_word' id='word_1_850' title='bbox 2521 3848 2636 3902; x_wconf 87' lang='grc' dir='ltr'>ἀλλ’</span> <span class='ocrx_word' id='word_1_851' title='bbox 2665 3849 2823 3903; x_wconf 79' lang='grc' dir='ltr'>ἔλαϐε</span> <span class='ocrx_word' id='word_1_852' title='bbox 2854 3851 3040 3905; x_wconf 91' lang='grc' dir='ltr'>κακόν.</span> <span class='ocrx_word' id='word_1_853' title='bbox 3086 3853 3326 3905; x_wconf 82' lang='grc' dir='ltr'>Ἐκεῖνον</span> <span class='ocrx_word' id='word_1_854' title='bbox 3372 3853 3469 3922; x_wconf 80' lang='grc' dir='ltr'>μὲν</span> <span class='ocrx_word' id='word_1_855' title='bbox 3497 3854 3600 3924; x_wconf 74' lang='grc' dir='ltr'>γάρ</span> 
     </span>
    </p>
   </div>
   <div class='ocr_carea' id='block_1_108' title="bbox 2023 3933 3600 4006">
    <p class='ocr_par' dir='ltr' id='par_1_108' title="bbox 2023 3933 3600 4006">
     <span class='ocr_line' id='line_1_108' title="bbox 2023 3933 3600 4006; baseline 0.003 -20"><span class='ocrx_word' id='word_1_856' title='bbox 2023 3933 2134 3986; x_wconf 88' lang='grc' dir='ltr'>τῶν</span> <span class='ocrx_word' id='word_1_857' title='bbox 2173 3934 2460 4005; x_wconf 87' lang='grc' dir='ltr'>παρόντων</span> <span class='ocrx_word' id='word_1_858' title='bbox 2507 3933 2901 4006; x_wconf 87' lang='grc' dir='ltr'>ἀπεστέρησεν,</span> <span class='ocrx_word' id='word_1_859' title='bbox 2941 3936 3133 3988; x_wconf 84' lang='grc' dir='ltr'>ἐαυτὸν</span> <span class='ocrx_word' id='word_1_860' title='bbox 3158 3935 3216 3989; x_wconf 81' lang='grc' dir='ltr'>δὲ</span> <span class='ocrx_word' id='word_1_861' title='bbox 3250 3936 3358 3989; x_wconf 86' lang='grc' dir='ltr'>τῶν</span> <span class='ocrx_word' id='word_1_862' title='bbox 3384 3938 3600 4006; x_wconf 81' lang='grc' dir='ltr'>ἀφάτων</span> 
     </span>
    </p>
   </div>
   <div class='ocr_carea' id='block_1_109' title="bbox 2024 4017 3597 4092">
    <p class='ocr_par' dir='ltr' id='par_1_109' title="bbox 2024 4017 3597 4092">
     <span class='ocr_line' id='line_1_109' title="bbox 2024 4017 3597 4092; baseline 0.001 -19"><span class='ocrx_word' id='word_1_863' title='bbox 2024 4017 2244 4088; x_wconf 84' lang='grc' dir='ltr'>ἀγαθῶν</span> <span class='ocrx_word' id='word_1_864' title='bbox 2286 4017 2561 4084; x_wconf 80' lang='grc' dir='ltr'>ἐξέϐαλεν.</span> <span class='ocrx_word' id='word_1_865' title='bbox 2591 4018 2651 4071; x_wconf 72' lang='lat' dir='ltr'>Et</span> <span class='ocrx_word' id='word_1_866' title='bbox 2695 4019 2804 4089; x_wconf 83' lang='grc' dir='ltr'>γάρ</span> <span class='ocrx_word' id='word_1_867' title='bbox 2836 4019 2864 4071; x_wconf 91' lang='lat'>6</span> <span class='ocrx_word' id='word_1_868' title='bbox 2901 4020 2974 4090; x_wconf 83' lang='grc' dir='ltr'>μὴ</span> <span class='ocrx_word' id='word_1_869' title='bbox 2998 4019 3122 4082; x_wconf 88' lang='grc' dir='ltr'>δούς</span> <span class='ocrx_word' id='word_1_870' title='bbox 3170 4024 3279 4085; x_wconf 74' lang='grc' dir='ltr'>τοῖς</span> <span class='ocrx_word' id='word_1_871' title='bbox 3309 4021 3597 4092; x_wconf 84' lang='grc' dir='ltr'>δεομένοις.</span> 
     </span>
    </p>
   </div>
   <div class='ocr_carea' id='block_1_110' title="bbox 2022 4102 3595 4174">
    <p class='ocr_par' dir='ltr' id='par_1_110' title="bbox 2022 4102 3595 4174">
     <span class='ocr_line' id='line_1_110' title="bbox 2022 4102 3595 4174; baseline 0.001 -17"><span class='ocrx_word' id='word_1_872' title='bbox 2022 4106 2102 4166; x_wconf 86' lang='grc' dir='ltr'>είς</span> <span class='ocrx_word' id='word_1_873' title='bbox 2127 4103 2353 4172; x_wconf 89' lang='grc' dir='ltr'>γέενναν</span> <span class='ocrx_word' id='word_1_874' title='bbox 2397 4102 2634 4163; x_wconf 78' lang='grc' dir='ltr'>ἄπεισιν,</span> <span class='ocrx_word' id='word_1_875' title='bbox 2670 4105 2698 4156; x_wconf 94' lang='lat'>6</span> <span class='ocrx_word' id='word_1_876' title='bbox 2731 4102 3024 4173; x_wconf 86' lang='grc' dir='ltr'>λαμϐάνων</span> <span class='ocrx_word' id='word_1_877' title='bbox 3062 4105 3132 4156; x_wconf 88' lang='grc' dir='ltr'>τά</span> <span class='ocrx_word' id='word_1_878' title='bbox 3160 4105 3268 4156; x_wconf 86' lang='grc' dir='ltr'>τῶν</span> <span class='ocrx_word' id='word_1_879' title='bbox 3310 4105 3595 4174; x_wconf 78' lang='grc' dir='ltr'>δεομένων.</span> 
     </span>
    </p>
   </div>
   <div class='ocr_carea' id='block_1_111' title="bbox 2022 4185 3598 4257">
    <p class='ocr_par' dir='ltr' id='par_1_111' title="bbox 2022 4185 3598 4257">
     <span class='ocr_line' id='line_1_111' title="bbox 2022 4185 3598 4257; baseline 0 -17"><span class='ocrx_word' id='word_1_880' title='bbox 2022 4185 2075 4240; x_wconf 88' lang='grc' dir='ltr'>τί</span> <span class='ocrx_word' id='word_1_881' title='bbox 2103 4186 2386 4249; x_wconf 85' lang='grc' dir='ltr'>πείσεται;</span> <span class='ocrx_word' id='word_1_882' title='bbox 2412 4185 2521 4239; x_wconf 89' lang='lat' dir='ltr'>Kal</span> <span class='ocrx_word' id='word_1_883' title='bbox 2545 4185 2596 4238; x_wconf 84' lang='grc' dir='ltr'>τί</span> <span class='ocrx_word' id='word_1_884' title='bbox 2627 4185 2684 4238; x_wconf 88' lang='grc' dir='ltr'>τὸ</span> <span class='ocrx_word' id='word_1_885' title='bbox 2705 4186 2912 4254; x_wconf 86' lang='grc' dir='ltr'>κέρδος,</span> <span class='ocrx_word' id='word_1_886' title='bbox 2944 4188 3129 4257; x_wconf 76' lang='grc' dir='ltr'>φησὶν,</span> <span class='ocrx_word' id='word_1_887' title='bbox 3161 4187 3291 4240; x_wconf 85' lang='grc' dir='ltr'>ὅταν</span> <span class='ocrx_word' id='word_1_888' title='bbox 3315 4188 3427 4256; x_wconf 84' lang='grc' dir='ltr'>ἐγὼ</span> <span class='ocrx_word' id='word_1_889' title='bbox 3449 4188 3598 4241; x_wconf 75' lang='grc' dir='ltr'>πάθω</span> 
     </span>
    </p>
   </div>
   <div class='ocr_carea' id='block_1_112' title="bbox 2024 4264 3596 4342">
    <p class='ocr_par' dir='ltr' id='par_1_112' title="bbox 2024 4264 3596 4342">
     <span class='ocr_line' id='line_1_112' title="bbox 2024 4264 3596 4342; baseline 0.001 -20"><span class='ocrx_word' id='word_1_890' title='bbox 2024 4267 2242 4333; x_wconf 85' lang='grc' dir='ltr'>κακῶς;</span> <span class='ocrx_word' id='word_1_891' title='bbox 2272 4268 2433 4336; x_wconf 84' lang='grc' dir='ltr'>Μέγα</span> <span class='ocrx_word' id='word_1_892' title='bbox 2469 4268 2566 4339; x_wconf 90' lang='grc' dir='ltr'>μέν</span> <span class='ocrx_word' id='word_1_893' title='bbox 2593 4264 2687 4322; x_wconf 76' lang='grc' dir='ltr'>οὖν</span> <span class='ocrx_word' id='word_1_894' title='bbox 2715 4269 2775 4321; x_wconf 87' lang='grc' dir='ltr'>τὸ</span> <span class='ocrx_word' id='word_1_895' title='bbox 2798 4269 3009 4340; x_wconf 84' lang='grc' dir='ltr'>κέρδος.</span> <span class='ocrx_word' id='word_1_896' title='bbox 3041 4270 3115 4323; x_wconf 92' lang='grc' dir='ltr'>Οὐ</span> <span class='ocrx_word' id='word_1_897' title='bbox 3145 4270 3255 4342; x_wconf 83' lang='grc' dir='ltr'>γάρ</span> <span class='ocrx_word' id='word_1_898' title='bbox 3275 4273 3342 4341; x_wconf 84' lang='grc' dir='ltr'>τῇ</span> <span class='ocrx_word' id='word_1_899' title='bbox 3365 4271 3596 4341; x_wconf 74' lang='grc' dir='ltr'>τιμωρίᾳ</span> 
     </span>
    </p>
   </div>
   <div class='ocr_carea' id='block_1_113' title="bbox 2023 4352 3598 4426">
    <p class='ocr_par' dir='ltr' id='par_1_113' title="bbox 2023 4352 3598 4426">
     <span class='ocr_line' id='line_1_113' title="bbox 2023 4352 3598 4426; baseline -0.003 -18"><span class='ocrx_word' id='word_1_900' title='bbox 2023 4353 2116 4408; x_wconf 77' lang='grc' dir='ltr'>τοῦ</span> <span class='ocrx_word' id='word_1_901' title='bbox 2159 4354 2346 4417; x_wconf 89' lang='grc' dir='ltr'>κακῶς</span> <span class='ocrx_word' id='word_1_902' title='bbox 2379 4353 2737 4426; x_wconf 84' lang='grc' dir='ltr'>πεποιηκότος</span> <span class='ocrx_word' id='word_1_903' title='bbox 2778 4352 2959 4424; x_wconf 81' lang='grc' dir='ltr'>ἵστησί</span> <span class='ocrx_word' id='word_1_904' title='bbox 3005 4370 3088 4407; x_wconf 90' lang='grc' dir='ltr'>σοι</span> <span class='ocrx_word' id='word_1_905' title='bbox 3133 4353 3232 4424; x_wconf 83' lang='grc' dir='ltr'>τήν</span> <span class='ocrx_word' id='word_1_906' title='bbox 3269 4353 3533 4408; x_wconf 83' lang='grc' dir='ltr'>ἀντίδοσιν</span> <span class='ocrx_word' id='word_1_907' title='bbox 3569 4355 3598 4405; x_wconf 92' lang='lat'>6</span> 
     </span>
    </p>
   </div>
   <div class='ocr_carea' id='block_1_114' title="bbox 2023 4430 3594 4508">
    <p class='ocr_par' dir='ltr' id='par_1_114' title="bbox 2023 4430 3594 4508">
     <span class='ocr_line' id='line_1_114' title="bbox 2023 4430 3594 4508; baseline -0.001 -18"><span class='ocrx_word' id='word_1_908' title='bbox 2023 4437 2175 4502; x_wconf 74' lang='grc' dir='ltr'>Θεόςο</span> <span class='ocrx_word' id='word_1_909' title='bbox 2205 4437 2331 4490; x_wconf 74' lang='grc' dir='ltr'>ἐπεὶ</span> <span class='ocrx_word' id='word_1_910' title='bbox 2361 4435 2516 4490; x_wconf 81' lang='grc' dir='ltr'>οὐδὲν</span> <span class='ocrx_word' id='word_1_911' title='bbox 2543 4434 2609 4490; x_wconf 85' lang='grc' dir='ltr'>ἀν</span> <span class='ocrx_word' id='word_1_912' title='bbox 2633 4430 2702 4506; x_wconf 79' lang='grc' dir='ltr'>ἦν</span> <span class='ocrx_word' id='word_1_913' title='bbox 2729 4436 2892 4506; x_wconf 91' lang='grc' dir='ltr'>μέγα.</span> <span class='ocrx_word' id='word_1_914' title='bbox 2931 4436 2996 4489; x_wconf 87' lang='grc' dir='ltr'>Τί</span> <span class='ocrx_word' id='word_1_915' title='bbox 3027 4437 3134 4508; x_wconf 83' lang='grc' dir='ltr'>γάρ</span> <span class='ocrx_word' id='word_1_916' title='bbox 3167 4436 3381 4505; x_wconf 74' lang='grc' dir='ltr'>ὄφελος,</span> <span class='ocrx_word' id='word_1_917' title='bbox 3415 4438 3539 4490; x_wconf 76' lang='grc' dir='ltr'>ὅταν</span> <span class='ocrx_word' id='word_1_918' title='bbox 3570 4449 3594 4478; x_wconf 79' lang='grc' dir='ltr'>ι</span> 
     </span>
    </p>
   </div>
   <div class='ocr_carea' id='block_1_115' title="bbox 2024 4520 3598 4592">
    <p class='ocr_par' dir='ltr' id='par_1_115' title="bbox 2024 4520 3598 4592">
     <span class='ocr_line' id='line_1_115' title="bbox 2024 4520 3598 4592; baseline -0.001 -18"><span class='ocrx_word' id='word_1_919' title='bbox 2024 4520 2136 4590; x_wconf 84' lang='grc' dir='ltr'>ἐγὼ</span> <span class='ocrx_word' id='word_1_920' title='bbox 2163 4521 2320 4576; x_wconf 90' lang='grc' dir='ltr'>πάθω</span> <span class='ocrx_word' id='word_1_921' title='bbox 2345 4521 2552 4586; x_wconf 89' lang='grc' dir='ltr'>κακῶς,</span> <span class='ocrx_word' id='word_1_922' title='bbox 2587 4522 2838 4584; x_wconf 87' lang='grc' dir='ltr'>κάκεῖνος</span> <span class='ocrx_word' id='word_1_923' title='bbox 2871 4520 3055 4592; x_wconf 87' lang='grc' dir='ltr'>πάσχῃ</span> <span class='ocrx_word' id='word_1_924' title='bbox 3083 4521 3306 4586; x_wconf 90' lang='grc' dir='ltr'>κακῶς;</span> <span class='ocrx_word' id='word_1_925' title='bbox 3341 4521 3510 4576; x_wconf 86' lang='grc' dir='ltr'>καίτοι</span> <span class='ocrx_word' id='word_1_926' title='bbox 3537 4539 3598 4588; x_wconf 76' lang='grc' dir='ltr'>γε</span> 
     </span>
    </p>
   </div>
   <div class='ocr_carea' id='block_1_116' title="bbox 2025 4601 3597 4676">
    <p class='ocr_par' dir='ltr' id='par_1_116' title="bbox 2025 4601 3597 4676">
     <span class='ocr_line' id='line_1_116' title="bbox 2025 4601 3597 4676; baseline -0.001 -17"><span class='ocrx_word' id='word_1_927' title='bbox 2025 4605 2253 4669; x_wconf 79' lang='grc' dir='ltr'>πολλοὺς</span> <span class='ocrx_word' id='word_1_928' title='bbox 2289 4601 2408 4658; x_wconf 76' lang='grc' dir='ltr'>οἶδα</span> <span class='ocrx_word' id='word_1_929' title='bbox 2439 4604 2704 4676; x_wconf 87' lang='grc' dir='ltr'>μεγίστην</span> <span class='ocrx_word' id='word_1_930' title='bbox 2740 4605 3095 4676; x_wconf 87' lang='grc' dir='ltr'>παραμυθίαν</span> <span class='ocrx_word' id='word_1_931' title='bbox 3127 4605 3331 4676; x_wconf 86' lang='grc' dir='ltr'>ταύτην</span> <span class='ocrx_word' id='word_1_932' title='bbox 3370 4604 3597 4676; x_wconf 79' lang='grc' dir='ltr'>ήγουμέο</span> 
     </span>
    </p>
   </div>
   <div class='ocr_carea' id='block_1_117' title="bbox 2024 4686 3595 4759">
    <p class='ocr_par' dir='ltr' id='par_1_117' title="bbox 2024 4686 3595 4759">
     <span class='ocr_line' id='line_1_117' title="bbox 2024 4686 3595 4759; baseline -0.001 -17"><span class='ocrx_word' id='word_1_933' title='bbox 2024 4707 2170 4754; x_wconf 88' lang='grc' dir='ltr'>νους,</span> <span class='ocrx_word' id='word_1_934' title='bbox 2208 4688 2304 4743; x_wconf 76' lang='grc' dir='ltr'>καὶ</span> <span class='ocrx_word' id='word_1_935' title='bbox 2330 4689 2391 4743; x_wconf 88' lang='grc' dir='ltr'>τὸ</span> <span class='ocrx_word' id='word_1_936' title='bbox 2415 4690 2523 4744; x_wconf 82' lang='grc' dir='ltr'>πᾶν</span> <span class='ocrx_word' id='word_1_937' title='bbox 2553 4687 2912 4759; x_wconf 81' lang='grc' dir='ltr'>ἀπειληφέναι</span> <span class='ocrx_word' id='word_1_938' title='bbox 2939 4686 3277 4759; x_wconf 76' lang='grc' dir='ltr'>νομίζοντας,</span> <span class='ocrx_word' id='word_1_939' title='bbox 3318 4689 3449 4741; x_wconf 86' lang='grc' dir='ltr'>ὅταν</span> <span class='ocrx_word' id='word_1_940' title='bbox 3483 4691 3595 4750; x_wconf 78' lang='grc' dir='ltr'>τοὺς</span> 
     </span>
    </p>
   </div>
   <div class='ocr_carea' id='block_1_118' title="bbox 2026 4771 3595 4845">
    <p class='ocr_par' dir='ltr' id='par_1_118' title="bbox 2026 4771 3595 4845">
     <span class='ocr_line' id='line_1_118' title="bbox 2026 4771 3595 4845; baseline -0.003 -17"><span class='ocrx_word' id='word_1_941' title='bbox 2026 4774 2438 4845; x_wconf 86' lang='grc' dir='ltr'>ἐπηρεάσαντας</span> <span class='ocrx_word' id='word_1_942' title='bbox 2465 4771 2614 4826; x_wconf 82' lang='grc' dir='ltr'>ίδωσι</span> <span class='ocrx_word' id='word_1_943' title='bbox 2635 4771 3052 4840; x_wconf 85' lang='grc' dir='ltr'>κολαζομένους.</span> <span class='ocrx_word' id='word_1_944' title='bbox 3083 4771 3224 4825; x_wconf 82' lang='grc' dir='ltr'>Ἀλλ’</span> <span class='ocrx_word' id='word_1_945' title='bbox 3247 4772 3400 4841; x_wconf 84' lang='grc' dir='ltr'>ὅμως</span> <span class='ocrx_word' id='word_1_946' title='bbox 3428 4773 3456 4825; x_wconf 92' lang='lat'>6</span> <span class='ocrx_word' id='word_1_947' title='bbox 3475 4771 3595 4834; x_wconf 84' lang='grc' dir='ltr'>Θεὸς</span> 
     </span>
    </p>
   </div>
   <div class='ocr_carea' id='block_1_119' title="bbox 2025 4853 3592 4926">
    <p class='ocr_par' dir='ltr' id='par_1_119' title="bbox 2025 4853 3592 4926">
     <span class='ocr_line' id='line_1_119' title="bbox 2025 4853 3592 4926; baseline -0.003 -16"><span class='ocrx_word' id='word_1_948' title='bbox 2025 4857 2125 4910; x_wconf 92' lang='grc' dir='ltr'>οὐκ</span> <span class='ocrx_word' id='word_1_949' title='bbox 2149 4857 2207 4910; x_wconf 86' lang='grc' dir='ltr'>ἐν</span> <span class='ocrx_word' id='word_1_950' title='bbox 2227 4855 2435 4920; x_wconf 91' lang='grc' dir='ltr'>τούτοις</span> <span class='ocrx_word' id='word_1_951' title='bbox 2467 4856 2646 4925; x_wconf 83' lang='grc' dir='ltr'>ἵστησι</span> <span class='ocrx_word' id='word_1_952' title='bbox 2671 4855 2769 4926; x_wconf 86' lang='grc' dir='ltr'>τήν</span> <span class='ocrx_word' id='word_1_953' title='bbox 2789 4855 3043 4926; x_wconf 85' lang='grc' dir='ltr'>ἀμοιϐήν.</span> <span class='ocrx_word' id='word_1_954' title='bbox 3085 4854 3248 4907; x_wconf 80' lang='grc' dir='ltr'>Ἀλλά</span> <span class='ocrx_word' id='word_1_955' title='bbox 3278 4853 3459 4923; x_wconf 71' lang='grc' dir='ltr'>βούλει</span> <span class='ocrx_word' id='word_1_956' title='bbox 3497 4869 3592 4923; x_wconf 83' lang='grc' dir='ltr'>μα-</span> 
     </span>
    </p>
   </div>
   <div class='ocr_carea' id='block_1_120' title="bbox 2026 4937 3594 5009">
    <p class='ocr_par' dir='ltr' id='par_1_120' title="bbox 2026 4937 3594 5009">
     <span class='ocr_line' id='line_1_120' title="bbox 2026 4937 3594 5009; baseline -0.003 -15"><span class='ocrx_word' id='word_1_957' title='bbox 2026 4941 2139 4994; x_wconf 86' lang='grc' dir='ltr'>θεῖν</span> <span class='ocrx_word' id='word_1_958' title='bbox 2186 4941 2286 4994; x_wconf 86' lang='grc' dir='ltr'>ὅσα</span> <span class='ocrx_word' id='word_1_959' title='bbox 2327 4940 2397 4994; x_wconf 75' lang='grc' dir='ltr'>τά</span> <span class='ocrx_word' id='word_1_960' title='bbox 2441 4939 2624 5009; x_wconf 89' lang='grc' dir='ltr'>ἀγαθά</span> <span class='ocrx_word' id='word_1_961' title='bbox 2658 4956 2716 4992; x_wconf 91' lang='grc' dir='ltr'>σε</span> <span class='ocrx_word' id='word_1_962' title='bbox 2752 4937 3083 5004; x_wconf 73' lang='grc' dir='ltr'>διαδέξεταις</span> <span class='ocrx_word' id='word_1_963' title='bbox 3111 4937 3215 4991; x_wconf 88' lang='grc' dir='ltr'>Τὸν</span> <span class='ocrx_word' id='word_1_964' title='bbox 3251 4937 3481 5008; x_wconf 84' lang='grc' dir='ltr'>οὐρανόν</span> <span class='ocrx_word' id='word_1_965' title='bbox 3521 4952 3594 4988; x_wconf 86' lang='grc' dir='ltr'>σοι</span> 
     </span>
    </p>
   </div>
   <div class='ocr_carea' id='block_1_121' title="bbox 2027 5020 3595 5092">
    <p class='ocr_par' dir='ltr' id='par_1_121' title="bbox 2027 5020 3595 5092">
     <span class='ocr_line' id='line_1_121' title="bbox 2027 5020 3595 5092; baseline -0.004 -15"><span class='ocrx_word' id='word_1_966' title='bbox 2027 5025 2203 5078; x_wconf 89' lang='grc' dir='ltr'>πάντα</span> <span class='ocrx_word' id='word_1_967' title='bbox 2231 5023 2457 5092; x_wconf 89' lang='grc' dir='ltr'>ἀνοίγει,</span> <span class='ocrx_word' id='word_1_968' title='bbox 2489 5023 2599 5076; x_wconf 89' lang='grc' dir='ltr'>τῶν</span> <span class='ocrx_word' id='word_1_969' title='bbox 2634 5022 2806 5092; x_wconf 90' lang='grc' dir='ltr'>ἀγίων</span> <span class='ocrx_word' id='word_1_970' title='bbox 2835 5024 2980 5075; x_wconf 91' lang='grc' dir='ltr'>ποιεῖ</span> <span class='ocrx_word' id='word_1_971' title='bbox 3003 5020 3364 5091; x_wconf 88' lang='grc' dir='ltr'>συμπολίτην,</span> <span class='ocrx_word' id='word_1_972' title='bbox 3410 5022 3490 5084; x_wconf 85' lang='grc' dir='ltr'>είς</span> <span class='ocrx_word' id='word_1_973' title='bbox 3513 5020 3595 5072; x_wconf 86' lang='grc' dir='ltr'>τὸν</span> 
     </span>
    </p>
   </div>
   <div class='ocr_carea' id='block_1_122' title="bbox 2026 5103 3593 5178">
    <p class='ocr_par' dir='ltr' id='par_1_122' title="bbox 2026 5103 3593 5178">
     <span class='ocr_line' id='line_1_122' title="bbox 2026 5103 3593 5178; baseline -0.004 -18"><span class='ocrx_word' id='word_1_974' title='bbox 2026 5107 2206 5160; x_wconf 87' lang='grc' dir='ltr'>αὐτῶν</span> <span class='ocrx_word' id='word_1_975' title='bbox 2237 5106 2398 5178; x_wconf 86' lang='grc' dir='ltr'>χορὸν</span> <span class='ocrx_word' id='word_1_976' title='bbox 2428 5105 2602 5160; x_wconf 88' lang='grc' dir='ltr'>τελεῖν</span> <span class='ocrx_word' id='word_1_977' title='bbox 2633 5123 2694 5158; x_wconf 92' lang='grc' dir='ltr'>σε</span> <span class='ocrx_word' id='word_1_978' title='bbox 2726 5103 3158 5176; x_wconf 76' lang='grc' dir='ltr'>παρασκευάζει,</span> <span class='ocrx_word' id='word_1_979' title='bbox 3187 5103 3593 5174; x_wconf 76' lang='grc' dir='ltr'>ἁμαρτημάτων</span> 
     </span>
    </p>
   </div>
   <div class='ocr_carea' id='block_1_123' title="bbox 2026 5189 3585 5264">
    <p class='ocr_par' dir='ltr' id='par_1_123' title="bbox 2026 5189 3585 5264">
     <span class='ocr_line' id='line_1_123' title="bbox 2026 5189 3585 5264; baseline -0.002 -20"><span class='ocrx_word' id='word_1_980' title='bbox 2026 5191 2273 5256; x_wconf 88' lang='grc' dir='ltr'>ἀπολύει,</span> <span class='ocrx_word' id='word_1_981' title='bbox 2303 5191 2620 5264; x_wconf 83' lang='grc' dir='ltr'>δικαιοσύνῃ</span> <span class='ocrx_word' id='word_1_982' title='bbox 2647 5192 2918 5260; x_wconf 89' lang='grc' dir='ltr'>στεφανοῖ.</span> <span class='ocrx_word' id='word_1_983' title='bbox 2959 5191 3021 5243; x_wconf 71' lang='lat' dir='ltr'>El</span> <span class='ocrx_word' id='word_1_984' title='bbox 3045 5189 3154 5259; x_wconf 80' lang='grc' dir='ltr'>γάρ</span> <span class='ocrx_word' id='word_1_985' title='bbox 3184 5190 3233 5242; x_wconf 90' lang='grc' dir='ltr'>οί</span> <span class='ocrx_word' id='word_1_986' title='bbox 3269 5191 3385 5252; x_wconf 87' lang='grc' dir='ltr'>τοῖς</span> <span class='ocrx_word' id='word_1_987' title='bbox 3429 5190 3585 5258; x_wconf 78' lang='grc' dir='ltr'>ἡμαρ-</span> 
     </span>
    </p>
   </div>
   <div class='ocr_carea' id='block_1_124' title="bbox 2025 5271 3592 5346">
    <p class='ocr_par' dir='ltr' id='par_1_124' title="bbox 2025 5271 3592 5346">
     <span class='ocr_line' id='line_1_124' title="bbox 2025 5271 3592 5346; baseline -0.003 -18"><span class='ocrx_word' id='word_1_988' title='bbox 2025 5277 2249 5345; x_wconf 86' lang='grc' dir='ltr'>τηκόσιν</span> <span class='ocrx_word' id='word_1_989' title='bbox 2275 5276 2526 5344; x_wconf 80' lang='grc' dir='ltr'>ἀφιέντες</span> <span class='ocrx_word' id='word_1_990' title='bbox 2551 5275 2910 5346; x_wconf 88' lang='grc' dir='ltr'>τυγχάνουσιν</span> <span class='ocrx_word' id='word_1_991' title='bbox 2951 5273 3222 5343; x_wconf 83' lang='grc' dir='ltr'>ἀφέσεως.</span> <span class='ocrx_word' id='word_1_992' title='bbox 3256 5274 3306 5325; x_wconf 89' lang='grc' dir='ltr'>οἱ</span> <span class='ocrx_word' id='word_1_993' title='bbox 3337 5274 3414 5344; x_wconf 81' lang='grc' dir='ltr'>μὴ</span> <span class='ocrx_word' id='word_1_994' title='bbox 3446 5271 3592 5341; x_wconf 79' lang='grc' dir='ltr'>μόνον</span> 
     </span>
    </p>
   </div>
   <div class='ocr_carea' id='block_1_125' title="bbox 2027 5353 3593 5428">
    <p class='ocr_par' dir='ltr' id='par_1_125' title="bbox 2027 5353 3593 5428">
     <span class='ocr_line' id='line_1_125' title="bbox 2027 5353 3593 5428; baseline -0.005 -16"><span class='ocrx_word' id='word_1_995' title='bbox 2027 5359 2301 5428; x_wconf 80' lang='grc' dir='ltr'>ἀφιέντες,</span> <span class='ocrx_word' id='word_1_996' title='bbox 2341 5358 2478 5414; x_wconf 89' lang='grc' dir='ltr'>ἀλλά</span> <span class='ocrx_word' id='word_1_997' title='bbox 2527 5359 2622 5412; x_wconf 78' lang='grc' dir='ltr'>καὶ</span> <span class='ocrx_word' id='word_1_998' title='bbox 2653 5357 3176 5427; x_wconf 86' lang='grc' dir='ltr'>ἐπιδαψιλευόμενοι,</span> <span class='ocrx_word' id='word_1_999' title='bbox 3211 5356 3356 5418; x_wconf 87' lang='grc' dir='ltr'>τίνος</span> <span class='ocrx_word' id='word_1_1000' title='bbox 3390 5357 3450 5409; x_wconf 93' lang='grc' dir='ltr'>οὐ</span> <span class='ocrx_word' id='word_1_1001' title='bbox 3485 5353 3593 5406; x_wconf 85' lang='grc' dir='ltr'>τεύ-</span> 
     </span>
    </p>
   </div>
   <div class='ocr_carea' id='block_1_126' title="bbox 2029 5433 3590 5512">
    <p class='ocr_par' dir='ltr' id='par_1_126' title="bbox 2029 5433 3590 5512">
     <span class='ocr_line' id='line_1_126' title="bbox 2029 5433 3590 5512; baseline -0.006 -16"><span class='ocrx_word' id='word_1_1002' title='bbox 2029 5443 2209 5508; x_wconf 78' lang='grc' dir='ltr'>ξονται</span> <span class='ocrx_word' id='word_1_1003' title='bbox 2241 5442 2490 5512; x_wconf 90' lang='grc' dir='ltr'>εὐλογίας</span> <span class='ocrx_word' id='word_1_1004' title='bbox 2515 5442 2564 5510; x_wconf 74' lang='grc' dir='ltr'>ι);</span> <span class='ocrx_word' id='word_1_1005' title='bbox 2597 5440 2688 5512; x_wconf 84' lang='grc' dir='ltr'>Μὴ</span> <span class='ocrx_word' id='word_1_1006' title='bbox 2716 5441 2893 5495; x_wconf 87' lang='grc' dir='ltr'>τοίνυν</span> <span class='ocrx_word' id='word_1_1007' title='bbox 2915 5441 3154 5508; x_wconf 88' lang='grc' dir='ltr'>ἀγεννῶς</span> <span class='ocrx_word' id='word_1_1008' title='bbox 3184 5439 3434 5508; x_wconf 81' lang='grc' dir='ltr'>ἐνέγκῃς,</span> <span class='ocrx_word' id='word_1_1009' title='bbox 3468 5433 3590 5490; x_wconf 82' lang='grc' dir='ltr'>άλλά</span> 
     </span>
    </p>
   </div>
   <div class='ocr_carea' id='block_1_127' title="bbox 2029 5515 3588 5596">
    <p class='ocr_par' dir='ltr' id='par_1_127' title="bbox 2029 5515 3588 5596">
     <span class='ocr_line' id='line_1_127' title="bbox 2029 5515 3588 5596; baseline -0.006 -17"><span class='ocrx_word' id='word_1_1010' title='bbox 2029 5526 2123 5579; x_wconf 73' lang='grc' dir='ltr'>καὶ</span> <span class='ocrx_word' id='word_1_1011' title='bbox 2173 5522 2328 5591; x_wconf 76' lang='grc' dir='ltr'>εὖξαι</span> <span class='ocrx_word' id='word_1_1012' title='bbox 2367 5526 2510 5596; x_wconf 83' lang='grc' dir='ltr'>ὐπὲρ</span> <span class='ocrx_word' id='word_1_1013' title='bbox 2556 5525 2650 5579; x_wconf 79' lang='grc' dir='ltr'>τοῦ</span> <span class='ocrx_word' id='word_1_1014' title='bbox 2695 5523 3036 5595; x_wconf 55' lang='grc' dir='ltr'>ἠδικηκότος</span> <span class='ocrx_word' id='word_1_1015' title='bbox 3079 5523 3221 5594; x_wconf 81' lang='grc' dir='ltr'>ὑπὲρ</span> <span class='ocrx_word' id='word_1_1016' title='bbox 3269 5521 3380 5592; x_wconf 74' lang='grc' dir='ltr'>γὰρ</span> <span class='ocrx_word' id='word_1_1017' title='bbox 3408 5515 3588 5574; x_wconf 78' lang='grc' dir='ltr'>σαυτοῦ</span> 
     </span>
    </p>
   </div>
   <div class='ocr_carea' id='block_1_128' title="bbox 2092 5733 3581 5807">
    <p class='ocr_par' dir='ltr' id='par_1_128' title="bbox 2092 5733 3581 5807">
     <span class='ocr_line' id='line_1_128' title="bbox 2092 5733 3581 5807; baseline -0.005 -13"><span class='ocrx_word' id='word_1_1018' title='bbox 2092 5746 2116 5772; x_wconf 80' lang='grc'>⁸</span> <span class='ocrx_word' id='word_1_1019' title='bbox 2155 5743 2432 5806; x_wconf 80' lang='lat' dir='ltr'>Legebamr,</span> <span class='ocrx_word' id='word_1_1020' title='bbox 2455 5744 2514 5801; x_wconf 78' lang='grc' dir='ltr'>εἰ,</span> <span class='ocrx_word' id='word_1_1021' title='bbox 2536 5741 2760 5807; x_wconf 37' lang='grc' dir='ltr'>εοίωίεη</span> <span class='ocrx_word' id='word_1_1022' title='bbox 2796 5741 2821 5781; x_wconf 82' lang='lat' dir='ltr'><strong>b</strong></span> <span class='ocrx_word' id='word_1_1023' title='bbox 2840 5738 2992 5807; x_wconf 61' lang='lat' dir='ltr'>Sayil.</span> <span class='ocrx_word' id='word_1_1024' title='bbox 3050 5744 3102 5786; x_wconf 78' lang='lat' dir='ltr'>el</span> <span class='ocrx_word' id='word_1_1025' title='bbox 3143 5737 3338 5807; x_wconf 55' lang='lat'>“6:81.,</span> <span class='ocrx_word' id='word_1_1026' title='bbox 3376 5733 3581 5807; x_wconf 61' lang='grc' dir='ltr'>εὐλογίας.</span> 
     </span>
    </p>
   </div>
   <div class='ocr_carea' id='block_1_129' title="bbox 2030 5797 3532 5868">
    <p class='ocr_par' dir='ltr' id='par_1_129' title="bbox 2030 5797 3532 5868">
     <span class='ocr_line' id='line_1_129' title="bbox 2030 5797 3532 5868; baseline -0.037 -5"><span class='ocrx_word' id='word_1_1027' title='bbox 2030 5809 2178 5867; x_wconf 63' lang='lat' dir='ltr'>Reg.</span> <span class='ocrx_word' id='word_1_1028' title='bbox 2217 5797 2511 5868; x_wconf 59' lang='grc' dir='ltr'>ἀπολογίαος,’</span> <span class='ocrx_word' id='word_1_1029' title='bbox 2539 5814 2594 5854; x_wconf 83' lang='lat' dir='ltr'>el,</span> <span class='ocrx_word' id='word_1_1030' title='bbox 2635 5806 2708 5854; x_wconf 77' lang='lat' dir='ltr'>sic</span> <span class='ocrx_word' id='word_1_1031' title='bbox 2750 5804 2866 5865; x_wconf 57' lang='lat' dir='ltr'>legi!</span> <span class='ocrx_word' id='word_1_1032' title='bbox 2901 5802 2908 5822; x_wconf 77' lang='grc' dir='ltr'>ε</span> <span class='ocrx_word' id='word_1_1033' title='bbox 3204 5801 3300 5826; x_wconf 29' lang='grc' dir='ltr'>ι-.-ν</span> <span class='ocrx_word' id='word_1_1034' title='bbox 3454 5797 3462 5812; x_wconf 92' lang='grc'>.</span> <span class='ocrx_word' id='word_1_1035' title='bbox 3525 5802 3532 5808; x_wconf 94' lang='grc'>.</span> 
     </span>
    </p>
   </div>
   <div class='ocr_carea' id='block_1_130' title="bbox 2031 5871 2256 5934">
    <p class='ocr_par' dir='ltr' id='par_1_130' title="bbox 2031 5871 2256 5934">
     <span class='ocr_line' id='line_1_130' title="bbox 2031 5871 2256 5934; baseline 0.004 -18"><span class='ocrx_word' id='word_1_1036' title='bbox 2031 5871 2256 5934; x_wconf 69' lang='lat' dir='ltr'>quadrat.</span> 
     </span>
    </p>
   </div>
  </div>
