3838 6214
220 296 306 355 Ib?

219 426 388 488 jussus
423 417 506 467 est
536 425 550 463 :
580 406 730 463 illum
757 404 901 461 enim
930 402 1107 474 coegit
1146 400 1487 457 adversarius
1515 407 1572 455 et
1598 396 1783 453 dolere

217 517 263 563 et
293 501 492 575 judicio
517 497 860 555 contendere.
900 495 1037 563 Quid
1064 494 1205 549 enim
1248 492 1390 564 quod
1416 490 1630 546 vicisti?
1660 488 1785 559 quid

218 596 345 670 quod
370 595 649 649 universas
672 590 926 661 accepisti
956 588 1208 659 pecunias
1228 586 1252 641 ?
1272 585 1425 653 Quod
1449 584 1669 640 nolebas
1699 582 1785 637 in-

223 690 361 746 terim
408 700 597 757 passus
625 699 686 740 es
708 724 724 751 ,
753 692 810 738 ut
834 689 1053 737 coactus
1079 680 1132 734 in
1166 678 1369 750 judicio
1410 676 1783 733 contenderes.

217 781 266 838 Si
308 793 436 833 vero
472 776 805 846 iniquitatem
847 773 1009 839 feras,
1041 771 1215 826 vincis
1252 769 1488 841 privatus
1522 766 1784 839 pecuniis,

216 873 301 929 sed
329 886 433 926 non
463 869 686 924 victoria
717 882 836 938 qua:
862 875 945 921 est
983 864 1052 921 ob
1092 872 1292 919 tantam
1344 860 1737 933 philosophiam
1770 877 1785 915 :

216 979 309 1021 non
337 962 505 1032 potuit
541 961 684 1015 enim
718 959 807 1014 ille
838 967 889 1013 te
914 971 1108 1027 cogere
1134 955 1200 1011 ad
1222 954 1275 1010 id
1297 953 1621 1018 faciendum,
1643 950 1784 1023 quod

216 1053 440 1109 uolebas.
470 1052 624 1119 Quod
654 1059 835 1105 autem
864 1049 965 1104 hoc
991 1049 1062 1103 sit
1088 1062 1276 1103 verum
1299 1089 1314 1115 ,
1342 1046 1430 1102 die
1457 1046 1586 1100 mihi
1612 1060 1627 1102 :
1656 1044 1787 1111 Quis

215 1145 367 1210 vicit,
409 1141 732 1206 invidusne,
775 1155 843 1195 an
873 1141 918 1195 is
969 1138 1061 1209 qui
1097 1137 1310 1208 jacebat
1335 1138 1386 1191 in
1416 1134 1787 1207 sterquilinio?

214 1238 326 1307 quis
349 1244 633 1305 superatus
660 1242 744 1289 est
768 1274 783 1297 ,
812 1248 879 1307 ap
907 1232 1032 1297 Job,
1060 1231 1146 1287 cui
1171 1231 1350 1287 omnia
1392 1231 1611 1300 abrepta
1638 1238 1784 1295 sunt,

212 1345 275 1383 an
310 1328 398 1398 qui
425 1328 602 1383 omnia
628 1328 743 1397 ipse
762 1327 981 1382 abstulit
1000 1325 1241 1381 diabolus
1261 1326 1285 1379 ?
1304 1324 1659 1396 ConSpicuum
1682 1333 1784 1390 est,

214 1420 343 1492 quod
371 1421 415 1474 is
442 1421 530 1490 qui
559 1422 739 1476 omnia
764 1421 867 1491 ipsi
892 1420 1111 1475 abstulit
1136 1420 1399 1476 diabolus.
1429 1421 1596 1487 Quem
1626 1417 1788 1473 mira-
1816 1438 1821 1442 δ

212 1528 323 1567 mur
348 1513 417 1567 ob
443 1511 720 1566 victoriam
743 1554 759 1578 ,
802 1511 1147 1567 diabolumne
1172 1514 1259 1581 qui
1290 1512 1570 1581 percussit,
1601 1525 1668 1564 au
1695 1510 1786 1565 ,1ος

213 1604 327 1658 bum
356 1604 710 1671 percussum?
740 1602 922 1657 Palam
948 1612 1050 1669 est,
1080 1602 1219 1674 quod
1248 1601 1462 1657 Jobum.
1493 1602 1651 1672 Atqui
1677 1616 1785 1657 non

212 1692 373 1763 potuit
412 1702 701 1763 pereuntes
730 1693 985 1762 pecunias
1028 1694 1269 1747 retinere
1295 1733 1309 1756 ,
1342 1707 1447 1745 non
1475 1691 1615 1746 lilios
1654 1706 1782 1745 suos

209 1799 437 1838 servare.
471 1783 671 1853 Ecquid
700 1783 821 1838 dico
847 1784 1101 1853 pecunias
1128 1793 1183 1838 et
1230 1784 1410 1837 ﬁlios?
1437 1784 1680 1853 corporis
1707 1783 1786 1837 sui

207 1876 428 1931 salutem
472 1889 691 1930 servare
719 1889 827 1929 non
872 1875 1063 1944 potuit.
1096 1876 1345 1929 Attamen
1376 1874 1462 1930 hic
1488 1883 1568 1930 est
1596 1875 1685 1945 qui
1713 1873 1790 1928 vi-

208 1970 278 2024 cit
312 1969 401 2040 qui
440 1969 618 2023 omnia
647 1983 742 2024 sua
784 1969 983 2023 amisit.
1014 1968 1275 2023 Pecunias
1301 1968 1514 2039 quidem
1556 1968 1790 2023 retinere

204 2077 308 2118 non
336 2062 545 2132 potuit,
578 2062 828 2131 pietatem
857 2076 986 2117 vero
1012 2077 1134 2116 cum
1163 2062 1309 2116 omni
1338 2063 1679 2117 accuratioue
1707 2076 1791 2116 re-

209 2155 383 2209 tinuit.
416 2153 519 2207 Sed
548 2154 894 2223 pereuntibus
923 2154 1045 2208 ﬁliis
1074 2170 1178 2209 non
1207 2169 1363 2224 opem
1395 2154 1533 2208 tulit.
1564 2155 1629 2208 Et
1655 2154 1781 2224 quid

204 2244 345 2300 hoc?
372 2260 495 2298 nam
521 2245 640 2300 illos
662 2245 777 2314 ipse
803 2259 959 2300 casus
980 2245 1370 2314 splendidiores
1391 2245 1624 2300 reddidit
1649 2263 1663 2310 ;
1688 2245 1789 2299 sibi

203 2352 416 2408 quoque
444 2337 603 2392 malis
630 2336 823 2393 affecto
862 2338 1112 2393 similiter
1137 2353 1293 2409 opem
1340 2338 1476 2393 tulit.
1523 2338 1633 2394 Nisi
1663 2355 1791 2394 vero

204 2430 342 2485 male
369 2444 563 2499 passus
590 2439 645 2485 et
670 2429 862 2500 injuria
891 2428 1115 2484 allectus
1143 2444 1172 2484 a
1200 2428 1415 2485 diabolo
1443 2429 1649 2493 fuisset,
1683 2446 1790 2484 non

200 2520 534 2590 splendidam
568 2521 713 2575 illam
742 2520 1016 2576 retulisset
1042 2520 1339 2576 victoriam.
1369 2521 1424 2578 Si
1454 2523 1648 2577 malum
1676 2530 1792 2579 erat

203 2612 393 2681 injuria
418 2611 583 2678 afﬁci,
615 2628 721 2667 non
750 2611 801 2668 id
831 2612 1246 2683 nobisjussisset
1273 2613 1414 2669 Deus
1444 2629 1458 2667 :
1490 2614 1626 2667 mala
1646 2614 1789 2669 enim

203 2706 343 2759 Deus
391 2722 499 2758 non
525 2705 679 2774 jubet
708 2723 721 2760 :
753 2720 818 2759 an
849 2706 1071 2761 nescitis
1114 2705 1255 2777 quod
1284 2707 1400 2777 ipse
1426 2707 1495 2760 sit
1523 2708 1662 2761 Deus
1688 2707 1795 2778 glo-

200 2798 336 2850 ri:e?
364 2812 466 2851 nec
518 2813 615 2853 uos
657 2798 914 2853 voluisset
957 2798 1286 2869 turpitudine
1310 2838 1326 2864 ,
1357 2801 1469 2855 risu
1496 2810 1550 2855 et
1593 2800 1794 2856 damno

198 2892 519 2956 involvere,
568 2891 661 2947 sed
704 2891 974 2946 contraria
1016 2892 1326 2946 conciliare.
1376 2891 1673 2962 ldeojubet
1696 2907 1795 2948 nos

198 2984 450 3054 injuriam
480 2985 611 3055 pati,
643 2983 881 3054 nihilque
908 2999 1014 3039 non
1044 2984 1151 3054 agit
1181 2994 1237 3039 ut
1267 2999 1364 3040 nos
1391 3000 1420 3039 a
1448 2986 1795 3042 smcularibus

195 3077 499 3143 abstrahat,
531 3085 586 3132 et
629 3075 948 3147 persuadeat
990 3075 1119 3146 quid
1154 3077 1222 3131 sit
1245 3076 1436 3147 gloria,
1466 3077 1593 3149 quid
1631 3079 1798 3149 turpi-

198 3172 348 3234 tudo,
383 3170 515 3240 quid
544 3169 820 3235 damnum,
849 3166 974 3239 quid
1002 3168 1230 3223 lucrum.

266 3264 323 3318 6.
354 3263 469 3319 Sed
499 3262 695 3317 durum
726 3269 810 3317 est
836 3260 1030 3332 injuria
1058 3270 1113 3316 et
1142 3260 1337 3315 damno
1364 3260 1551 3317 afﬁci?
1575 3260 1693 3319 Non
1717 3272 1799 3318 est

193 3356 416 3421 durum,
476 3371 584 3409 non
632 3363 734 3419 est,
783 3369 816 3409 ο
861 3353 1057 3408 homo!
1109 3353 1394 3424 Usquequo
1447 3355 1799 3424 prtcsentibus

192 3447 418 3503 iubias?
447 3445 634 3515 Neque
663 3445 807 3500 enim
830 3444 931 3501 hoc
958 3447 1313 3516 praecepisset
1334 3447 1493 3514 Deus,
1522 3449 1568 3503 si
1594 3448 1795 3503 malum

192 3552 359 3595 esset.
412 3537 714 3594 Considera
771 3547 947 3593 autem
992 3557 1005 3593 :
1048 3539 1137 3607 qui
1184 3538 1429 3609 injuriam
1469 3540 1611 3606 fecit,
1669 3541 1798 3596 abiit

190 3633 456 3705 pecunias
494 3630 722 3699 habens,
768 3630 864 3686 sed
896 3630 1091 3685 malam
1123 3646 1333 3701 queque
1360 3633 1743 3687 conscientiam
1780 3653 1793 3689 :

189 3726 281 3795 qui
309 3734 501 3779 autem
537 3723 728 3793 injuria
760 3723 917 3778 ltcsus
947 3733 1030 3778 est
1053 3764 1068 3789 ,
1105 3725 1345 3793 pecuniis
1370 3724 1586 3795 quidem
1621 3732 1800 3796 priva-

190 3824 278 3871 tus
306 3813 411 3870 fuit
439 3855 458 3882 ,
492 3811 589 3869 sed
618 3813 867 3869 ﬁduciam
907 3813 1048 3883 apud
1079 3814 1241 3869 Demn
1276 3813 1436 3870 habet
1462 3855 1477 3882 ,
1503 3818 1801 3886 possessio-

189 3925 315 3964 nem
347 3910 509 3964 mille
543 3906 807 3963 thesauris
835 3906 1228 3977 pretiosiorem.
1254 3904 1378 3962 Hch
1400 3922 1520 3963 cum
1542 3909 1796 3976 sciamus,

186 4014 253 4055 ex
283 3998 584 4071 proposito
614 3997 905 4053 voluntatis
952 3996 1390 4068 philosophemur
1412 4037 1428 4065 ,
1476 4014 1572 4054 nec
1610 3998 1797 4054 eadem

186 4106 309 4160 quae
339 4089 507 4145 stulti
538 4089 829 4160 patiamur,
858 4088 949 4159 qui
995 4096 1123 4143 tunc
1166 4103 1227 4144 se
1270 4104 1374 4143 non
1412 4088 1604 4160 injuria
1641 4091 1799 4147 laesos

187 4191 386 4252 putant
410 4224 429 4249 ,
463 4196 593 4237 cum
626 4180 728 4235 hoc
755 4180 860 4236 illis
885 4196 916 4234 a
936 4179 1140 4251 judicio
1169 4180 1384 4235 accidit.
1415 4181 1644 4238 Prorsus
1671 4197 1800 4238 vero

184 4291 216 4328 e
237 4273 538 4329 contrario
568 4272 696 4328 illud
726 4281 810 4329 est
846 4272 1102 4328 damnum
1133 4272 1423 4327 maximum
1448 4315 1463 4341 ,
1506 4285 1559 4328 et
1590 4275 1802 4330 univer-

184 4366 288 4422 sim
322 4366 563 4438 quando
593 4382 701 4421 non
731 4365 1179 4437 philosopbamur
1210 4376 1401 4436 sponte
1449 4377 1661 4433 nostra,
1705 4367 1802 4423 sed

186 4457 316 4514 inde
353 4458 633 4529 superati.
666 4457 808 4512 Nihil
848 4457 991 4513 enim
1023 4457 1157 4512 lucri
1186 4459 1428 4513 referunt
1456 4460 1544 4528 qui
1567 4460 1800 4529 superati

185 4564 216 4602 a
241 4548 467 4619 judicio
496 4589 515 4615 ,
546 4548 603 4603 id
630 4549 907 4618 patiuntur
941 4566 955 4603 :
986 4564 1108 4603 nam
1140 4557 1265 4604 tunc
1304 4550 1519 4603 demum
1558 4549 1690 4604 illud
1734 4567 1801 4606 ex

187 4641 540 4696 necessitate
574 4639 651 4694 ﬁt.
675 4639 931 4707 Quanam
959 4656 1088 4711 ergo
1116 4640 1395 4711 Splendida
1429 4640 1649 4696 victoria
1677 4643 1802 4697 est?

184 4731 425 4801 Quando
451 4739 516 4787 tu
547 4730 597 4785 id
628 4730 959 4802 despexeris,
987 4732 1200 4803 quando
1218 4731 1421 4802 judicio
1447 4748 1553 4788 non
1578 4742 1805 4789 conten-

183 4826 361 4880 deris.
395 4823 555 4893 Quid
593 4823 727 4878 dicis
742 4825 766 4877 't
806 4825 988 4878 omnia
1017 4823 1147 4878 mihi
1192 4824 1367 4879 ablata
1403 4825 1541 4879 bona
1570 4835 1713 4893 sunt,
1752 4836 1807 4881 et

182 4920 354 4976 silere
390 4917 602 4987 iubes?
645 4917 842 4972 damno
872 4917 1096 4972 allectus
1125 4931 1241 4972 sum
1263 4957 1279 4984 ,
1329 4926 1387 4971 ut
1416 4927 1697 4973 mansuete
1725 4919 1804 4974 fe-

181 5031 303 5069 ratn
336 5012 648 5068 hortaris?
693 5021 748 5068 et
782 5011 1050 5083 quomodo
1092 5009 1221 5066 illud
1262 5012 1488 5083 potero?
1533 5011 1809 5068 Facillime

183 5111 407 5182 utique,
440 5110 494 5165 si
536 5109 593 5163 in
632 5108 823 5163 caalum
849 5107 1155 5178 respexeris
1181 5149 1197 5173 ,
1226 5107 1272 5162 si
1302 5105 1503 5161 videris
1530 5106 1668 5163 hanc
1691 5107 1810 5178 pul-

180 5202 581 5261 cbritudinem
603 5209 657 5254 et
678 5199 768 5255 ubi
801 5209 852 5256 te
878 5208 1252 5270 suscepturum
1284 5214 1405 5254 esse
1436 5200 1575 5255 Deus
1605 5201 1811 5269 pollici-

184 5306 275 5351 tus
297 5297 400 5361 sit,
436 5295 491 5349 si
534 5292 784 5364 injuriam
805 5306 1070 5363 generose
1098 5291 1258 5347 feras.
1294 5291 1405 5346 Hoc
1427 5292 1606 5362 itaque
1627 5291 1806 5357 facito,

182 5398 237 5445 et
266 5396 587 5458 postquam
611 5383 802 5437 celum
834 5381 1151 5451 respexeris,
1186 5383 1357 5452 cogita
1387 5389 1438 5436 te
1463 5383 1692 5436 similem
1722 5381 1812 5434 la—

182 5488 337 5535 ctum
370 5492 511 5532 esse
537 5474 612 5541 ei,
645 5474 734 5544 qui
766 5473 874 5528 illic
893 5488 1056 5544 super
1080 5471 1369 5528 Cherubim
1400 5472 1573 5527 sedet.
1597 5471 1729 5528 Nam
1756 5481 1813 5528 et

184 5571 278 5626 ille
305 5564 669 5626 contumelia
696 5564 919 5621 allectus
946 5574 1048 5632 est,
1076 5574 1132 5619 et
1152 5563 1204 5618 id
1233 5565 1348 5618 tulit
1373 5580 1388 5630 ;
1418 5574 1471 5619 et
1502 5565 1711 5634 probris
1731 5574 1813 5621 est

181 5665 451 5731 allectus,
489 5672 605 5716 nec
632 5672 751 5713 sese
781 5666 865 5712 est
894 5657 1072 5724 ultus;
1099 5656 1269 5726 sputis
1293 5654 1678 5712 dehonestatus
1704 5664 1809 5723 est,

182 5769 239 5817 et
270 5776 388 5818 non
422 5769 567 5814 sese
597 5752 883 5810 vindicavit
910 5792 924 5823 ,
955 5749 1048 5808 sed
1095 5751 1377 5807 contrariis
1409 5752 1767 5807 retnuucravit
1792 5792 1806 5821 ,

1226 283 1292 340 IN
1330 280 1549 340 EPlS'l.
1591 280 1611 336 Ι
1675 279 1766 335 AD
1804 276 1961 334 (ΞΟΠ.
2004 277 2231 334 HOMIL.
2273 278 2412 334 XVI.

1902 395 2203 452 innumeris
2242 393 2481 451 afﬁciens
2508 394 2779 451 beneﬁciis
2804 411 2900 453 eos
2946 398 3040 469 qui
3076 398 3488 476 erdcrant,
3563 456 3569 465 .

1891 497 1948 544 et
1984 503 2082 544 nos
2108 489 2275 560 ipsius
2303 489 2603 545 imitatores
2641 505 2762 546 esse
2781 490 2965 562 jussit.
2993 491 3258 565 Cogﬁazre
3287 501 3489 558 nudum
3542 530 3551 550 ι

1892 580 2088 635 exiisse
2116 595 2184 636 ex
2214 588 2368 636 utero
2414 581 2598 636 matris
2640 590 2784 648 tum;
2818 582 3000 639 nudus
3031 592 3402 650 reverteris‘et
3431 604 3487 651 tu
3559 616 3568 629 π

1893 681 1947 726 ει
1968 670 2058 741 qui
2088 680 2141 727 te
2158 670 2336 729 aﬂ‘ecit
2362 672 2589 744 injuria;
2618 673 2728 730 imo
2757 689 2888 731 vero
2916 676 3012 734 ille
3037 682 3483 744 cumesinnumeris
3549 717 3556 723 -

1894 763 2204 819 vulneribus
2227 805 2243 830 ,
2279 780 2399 836 quae
2428 781 2640 822 vermes
2670 767 2907 838 gignant.
2940 769 3126 842 Cogita
3166 775 3480 845 quodtem-
3520 808 3524 816 -

1894 870 2128 928 poranea
2159 858 2266 912 sint
2293 860 2578 926 prmsentia
2611 879 2625 915 :
2661 868 2833 916 tecum
2864 871 3055 932 reputa
3099 868 3345 936 sepulcra
3366 888 3482 926 ma.
3524 898 3534 907 ο

1887 946 2089 1016 jorum.
2144 948 2299 1004 Disce
2337 959 2519 1020 aperte
2558 965 2619 1006 ea
2665 968 2784 1023 qua:
2818 952 2953 1008 facta
2987 965 3161 1025 sunt,
3198 963 3489 1021 et'videbis
3552 996 3569 1007 -η

1895 1054 2016 1093 eum
2037 1039 2128 1111 qui
2156 1048 2210 1096 te
2239 1040 2432 1111 injuria
2462 1040 2638 1098 affecit
2662 1085 2676 1106 ,
2703 1054 2754 1099 te
2776 1046 3050 1102 fartiorem
3087 1050 3324 1111 fecisse:
3365 1073 3491 1128 pas-
3526 1092 3531 1093 ί

3126 208 3267 289 7'“

1893 1128 2101 1185 sionem
2142 1145 2373 1203 namque
2416 1146 2569 1188 suam
2603 1138 2906 1205 graviorem
2932 1142 3164 1200 reddidit
3186 1161 3227 1212 ;;
3243 1162 3491 1208 amorem

1895 1222 2136 1291 pecunia:
2157 1223 2310 1291 dico;
2341 1232 2484 1280 tuam
2513 1242 2643 1283 vero
2671 1229 3078 1290 imbecilliorem
3104 1277 3123 1304 ,
3149 1237 3495 1299 ablatoferar

1894 1312 2036 1369 illius
2064 1314 2341 1373 alimento.
2374 1317 2454 1372 Ad
2489 1316 2604 1373 haec
2629 1335 2757 1376 vero
2790 1333 2840 1377 te
2864 1323 3112 1383 liberavit
3140 1343 3172 1386 a
3204 1333 3387 1400 euris,
3417 1339 3504 1391 ab.
3560 1370 3563 1375 -

1892 1404 2057 1459 animi
2082 1420 2303 1477 angore,
2326 1407 2394 1463 ab
2424 1407 2622 1465 invidia
2654 1414 3107 1484 sycophantarum
3128 1460 3144 1487 ,
3171 1436 3203 1477 a
3233 1427 3424 1496 turba,
3446 1449 3503 1483 ιιι.

1894 1497 2145 1565 tumultu,
2174 1514 2204 1552 a
2236 1511 2495 1571 perpetuo
2523 1513 2702 1572 metu;
2730 1519 2785 1563 et
2815 1511 3081 1569 malorum
3109 1517 3504 1577 eolluviem-in.

1893 1597 2055 1658 caput
2078 1604 2233 1645 suum
2261 1594 2551 1664 congessit.
2585 1596 2721 1662 Quid
2755 1599 2935 1669 igitur,
2970 1603 3017 1659 si
3044 1619 3168 1662 cum
3200 1611 3363 1679 fama,
3397 1615 3523 1669 in»-

1893 1680 2066 1774 quies,
2094 1685 2442 1774 concertem?
2477 1685 2614 1742 Cum
2657 1688 2825 1745 Paulo
2854 1692 2955 1749 hoc
2992 1700 3214 1766 pateris,
3243 1705 3334 1774 qui
3362 1706 3501 1763 ait~::

1899 1767 2068 1840 Usque
2088 1771 2141 1826 in
2164 1772 2296 1827 hanc
2321 1775 2499 1828 horam
2522 1785 2567 1830 et
2595 1780 2841 1835 esurimus
2867 1792 2915 1837 ct
2939 1787 3137 1844 sitimus
3165 1802 3213 1845 et
3242 1767 3511 1851 riudi‘su-
3532 1832 3549 1839 -λ

1894 1876 2006 1915 mus
2036 1863 2112 1933 (1.
2146 1863 2267 1919 Cor.
2297 1866 2350 1921 4.
2384 1866 2443 1922 ll
2466 1868 2510 1938 ).
2546 1871 2614 1924 At
2642 1870 2750 1935 ille.
2781 1873 3011 1945 inquies,
3042 1892 3263 1954 propter
3291 1890 3474 1945 Deutu.

1896 1954 1963 2008 Et
1992 1964 2045 2009 tu
2090 1972 2300 2027 quoque
2342 1970 2561 2029 propter
2604 1962 2769 2018 Deum
2803 1982 2822 2025 :
2851 1966 3066 2038 quando
3108 1977 3250 2032 enim
3292 1996 3399 2036 nun
3433 1994 3513 2039 tes
3538 2012 3551 2019 λε

1895 2046 2039 2140 ultus
2066 2046 2256 2115 fueris,
2285 2064 2502 2121 propter
2534 2054 2701 2110 Deum
2733 2057 2784 2112 id
2813 2058 3005 2116 fecisti.
3034 2066 3139 2121 Sed
3167 2071 3257 2140 qui
3285 2089 3371 2129 me
3397 2076 3485 2130 ine

1891 2137 2032 2208 juria
2061 2140 2257 2206 all’ecit,
2291 2157 2411 2197 cum
2441 2144 2693 2203 divitibus
2716 2149 2768 2204 in
2791 2150 2997 2209 deliciis
3018 2137 3327 2229 degitalmo
3351 2181 3513 2223 γεω--
3541 2201 3549 2208 -

1896 2244 2017 2284 cum
2044 2231 2259 2286 diabolo
2292 2251 2306 2287 :
2338 2233 2432 2288 sed
2463 2244 2517 2289 tu
2551 2252 2673 2292 cum
2718 2239 2882 2296 Paulo
2912 2249 3207 2306 coronaris.
3238 2251 3317 2308 Ne
3351 2270 3479 2328 ergo
3520 2294 3535 2301 η

1896 2321 2091 2378 famcm
2128 2323 2356 2380 timeas:
2393 2326 2514 2382 Non
2550 2331 2681 2383 enim
2707 2333 2843 2401 [utne
2882 2339 3076 2393 necabit
3109 2339 3245 2398 Deus
3282 2321 3505 2403 animos

1886 2418 2148 2487 justorum
2194 2420 2211 2492 (
2239 2417 2393 2475 Prov.
2423 2420 2508 2477 10.
2534 2423 2628 2495 5).
2660 2424 2726 2479 Ει
2762 2427 2900 2484 alius
2930 2447 3141 2489 rursum
3172 2439 3246 2493 ait
3291 2457 3303 2494 :
3331 2440 3542 2496 laeta-»

1894 2526 2049 2580 super
2076 2508 2350 2567 Dominum
2379 2532 2554 2568 curam
2585 2527 2743 2583 tuam,
2777 2531 2825 2575 et
2852 2523 2960 2592 ipse
2987 2535 3034 2579 te
3058 2532 3271 2585 euutriet
3292 2534 3309 2604 (
3334 2533 3477 2590 Psat.

1897 2602 1986 2658 54.
2025 2604 2096 2659 25
2119 2604 2159 2675 ).
2194 2604 2250 2660 Si
2277 2608 2420 2662 enim
2452 2625 2697 2679 passeres
2740 2617 2851 2684 agri
2886 2622 3091 2688 nutrit,
3132 2602 3401 2694 quomodo
3431 2640 3482 2685 te

1898 2712 2003 2751 non
2034 2697 2368 2754 nutriet?Ne
2395 2700 2563 2754 simus
2586 2720 2714 2774 ergo
2744 2707 2965 2763 modica:
2993 2711 3113 2768 ﬁdei
3146 2754 3161 2780 ,
3191 2732 3365 2789 neque
3390 2738 3485 2791 pu-

1898 2787 2209 2850 sillanimes,
2235 2804 2266 2841 o
2296 2789 2498 2844 dilecti.
2524 2792 2622 2859 Qui
2652 2794 2795 2849 enim
2820 2813 3043 2868 regnum
3072 2787 3329 2863 caelorum
3361 2787 3483 2881 pro-

1901 2879 2047 2932 misit
2079 2890 2131 2934 et
2159 2889 2301 2934 tanta
2331 2881 2467 2935 bona
2492 2924 2505 2946 ,
2552 2888 2835 2952 prtesentia
2866 2894 3134 2960 quomodo
3163 2913 3270 2953 non
3298 2879 3487 2960 dabit?

1900 2968 1975 3025 Nc
2002 2972 2266 3040 supcrllua
2285 2972 2672 3040 desideremus,
2697 2978 2789 3032 sed
2812 2982 2953 3049 quod
2976 2985 3224 3057 sufﬁciat,
3255 3002 3309 3047 et
3335 3011 3485 3052 sem-

1902 3075 1997 3130 per
2021 3061 2213 3116 divites
2252 3064 2453 3119 erimus
2503 3082 2515 3117 :
2564 3074 2927 3136 tegumentum
2970 3091 3271 3143 qua-ramus
3307 3094 3362 3140 et
3389 3090 3489 3145 ali-

1902 3162 2103 3222 menta,
2132 3165 2185 3209 et
2212 3157 2388 3210 omnia
2418 3157 2759 3230 accipiemus,
2792 3172 2846 3217 et
2876 3164 2989 3221 hrec
3008 3172 3246 3228 etmulto
3260 3178 3486 3249 majora.

1903 3249 1959 3302 Si
2007 3258 2187 3305 autem
2229 3252 2404 3308 adhuc
2442 3252 2595 3309 doles
2631 3266 2684 3309 ct
2722 3256 2973 3314 deorsum
3005 3266 3262 3337 respicis,
3292 3273 3486 3332 vellem

1906 3342 1999 3398 tibi
2027 3343 2143 3413 ejus
2168 3344 2260 3414 qui
2302 3354 2355 3399 te
2383 3344 2575 3415 injuria
2596 3346 2774 3403 aﬁ'ccit
2799 3351 3030 3408 animam
3061 3368 3184 3426 post
3209 3362 3489 3426 victoriam

1904 3436 2211 3504 ostendere,
2241 3437 2508 3507 quomodo
2538 3439 2674 3494 cinis
2703 3440 2841 3497 facta
2870 3445 2958 3501 sit.
2993 3447 3119 3505 Tale
3152 3468 3384 3527 namque
3405 3471 3489 3519 est

1906 3537 2183 3598 peccatum
2212 3547 2225 3583 :
2257 3529 2509 3600 quamdiu
2538 3543 2798 3601 patratur,
2830 3543 3117 3607 quamdam
3158 3547 3485 3620 voluptatem

1903 3622 2088 3689 affert;
2112 3624 2323 3695 quando
2341 3632 2519 3680 autem
2547 3640 2975 3686 consummatum
2995 3644 3097 3701 est,
3129 3645 3253 3695 tunc
3274 3646 3485 3702 modica

1905 3714 1993 3769 illa
2012 3714 2254 3784 voluptas
2275 3715 2472 3783 avolat,
2492 3718 2731 3774 succedit
2748 3729 2925 3776 autem
2943 3725 3105 3781 animi
3127 3746 3347 3789 mceror.
3364 3736 3491 3794 llaec

1908 3821 2067 3876 porro
2102 3807 2354 3877 patimur,
2386 3822 2507 3863 cum
2547 3810 2805 3879 quosdam
2835 3819 3157 3874 contumelia
3182 3823 3446 3886 afﬁciums
3468 3850 3493 3899 ,1

1908 3909 2092 3970 postea
2131 3915 2256 3954 vero
2292 3916 2389 3954 nos
2413 3902 2558 3970 ipsos
2590 3916 2927 3960 accusamus.
2949 3908 3038 3964 Sic
3061 3914 3218 3970 etiam
3247 3933 3367 3975 cum
3397 3939 3485 3977 ra-

1905 3992 2100 4062 pimus,
2128 3992 2648 4063 gaudemus;deinde
2660 4002 3160 4059 veroacouscientia
3184 4013 3488 4081 pungimur.

1981 4084 2082 4152 Qui
2117 4085 2282 4155 egenis
2305 4101 2405 4138 non
2452 4084 2819 4158 eleemosynam
2855 4104 3064 4165 erogat,
3106 4098 3161 4153 in
3207 4104 3491 4172 gehennam

1907 4176 2139 4230 mittitur.
2166 4201 2237 4216 -ο
2265 4174 2425 4231 Vides
2448 4176 2589 4247 apud
2622 4182 2923 4250 quempiam
2961 4186 3179 4244 domum
3205 4199 3492 4267 pauperis?

1910 4270 2057 4325 Delie
2079 4311 2095 4335 ,
2125 4286 2231 4324 non
2259 4286 2380 4325 eum
2406 4272 2494 4341 qui
2517 4272 2755 4343 privatus
2784 4276 2880 4330 fuit
2903 4318 2918 4342 ,
2944 4280 3036 4334 sed
3067 4298 3187 4337 eum
3219 4289 3310 4357 qui
3334 4304 3492 4347 accc-

1911 4361 2023 4430 pit;
2061 4377 2166 4415 non
2196 4361 2338 4414 enim
2379 4361 2545 4428 dedit,
2578 4362 2671 4417 sed
2699 4367 2905 4436 accepit
2934 4370 3153 4426 malum.
3177 4373 3309 4430 Natu
3337 4379 3489 4436 illum

1910 4454 2124 4526 quidem
2151 4454 2507 4523 prtescntibus
2528 4455 2807 4524 spoliavit,
2835 4475 2893 4513 se
2922 4476 3051 4516 vero
3078 4481 3142 4518 ex
3165 4466 3324 4523 bonis
3352 4472 3467 4528 incf

1912 4545 2160 4601 fabilibus
2185 4543 2362 4615 ejecit.
2401 4543 2532 4599 Nam
2566 4546 2611 4601 si
2641 4547 2719 4610 is,
2753 4549 2842 4619 qui
2873 4558 3055 4621 egenis
3083 4572 3187 4611 non
3214 4560 3490 4633 elargitur,

1913 4640 1964 4693 in
1995 4637 2295 4710 gehennam
2324 4638 2464 4706 abit;
2490 4638 2580 4709 qui
2610 4639 2696 4693 illa
2731 4658 2851 4712 qua:
2878 4659 3169 4713 egenorum
3200 4666 3327 4709 sunt
3349 4660 3496 4713 acci-

1913 4732 2011 4801 pit,
2048 4730 2173 4801 quid
2204 4730 2475 4801 patietur?
2504 4731 2571 4786 Et
2611 4747 2852 4802 quaenam
2886 4736 3086 4794 utilitas
3109 4782 3124 4806 ,
3173 4743 3415 4817 inquies,
3448 4753 3496 4807 si

1912 4840 2011 4896 ego
2047 4825 2188 4880 male
2220 4823 2426 4895 patiar?
2453 4825 2638 4896 Magna
2665 4837 2812 4885 certe
2838 4831 3057 4887 utilitas.
3088 4834 3203 4891 Non
3236 4854 3333 4910 per
3363 4857 3497 4913 sua.

1916 4918 2133 4988 plicium
2179 4918 2296 4987 ejus
2321 4959 2335 4984 ,
2368 4919 2459 4987 qui
2490 4927 2541 4974 te
2568 4919 2711 4974 malo
2755 4920 2955 4990 aﬁ‘ecit,
3004 4934 3511 4993 remunerationem!

1915 5009 2010 5065 tibi
2034 5010 2314 5065 constituit
2341 5009 2513 5076 Deus;
2545 5026 2665 5064 nam
2704 5012 2831 5068 illud
2856 5030 2963 5070 non
2992 5033 3181 5090 magna
3212 5040 3301 5081 res
3329 5041 3495 5085 esset.

1916 5103 2045 5172 Quae
2065 5103 2207 5158 enim
2238 5102 2435 5157 utilitas
2457 5144 2471 5168 ,
2500 5105 2544 5157 si
2587 5115 2643 5160 et
2682 5120 2782 5177 ego
2811 5116 2864 5162 ct
2891 5109 2982 5166 ille
3014 5114 3155 5169 mala
3186 5120 3501 5186 patiamur?

1915 5214 2236 5271 quamquam
2268 5199 2466 5253 multos
2491 5198 2640 5265 novi,
2671 5201 2757 5269 qui
2782 5199 2883 5256 boe
2911 5218 3009 5272 pro
3036 5208 3502 5272 maximahabeut

1916 5294 2304 5360 consolatione,
2330 5301 2383 5349 et
2405 5301 2573 5349 totum
2600 5309 2659 5351 se
2678 5297 2956 5368 accepisse
2986 5301 3340 5371 arbitrantur,
3371 5323 3495 5363 cum

1916 5402 2009 5441 eos
2039 5388 2126 5457 qui
2155 5386 2255 5442 sibi
2285 5396 2581 5441 nocuerunt
2609 5388 2794 5457 plexos
2833 5391 3031 5445 vident.
3073 5395 3323 5452 Attamen
3358 5400 3499 5456 Deus

1920 5500 2028 5542 non
2057 5484 2142 5538 hic
2171 5482 2310 5538 sistit
2335 5484 2843 5537 remunerationem.
2874 5482 2983 5540 Sed
3008 5487 3088 5542 vis
3114 5488 3255 5546 scire
3287 5502 3421 5561 quot
3447 5502 3501 5549 to

1920 5578 2058 5633 bona
2085 5582 2371 5645 exceptura
2402 5572 2546 5627 sint?
2573 5572 2767 5627 Totum
2796 5574 2897 5629 sibi
2938 5579 3128 5632 caelum
3153 5582 3345 5649 aperit,
3374 5599 3502 5641 san-

1921 5683 2128 5749 ctorum
2161 5671 2437 5728 concivem
2465 5668 2611 5735 facit,
2644 5671 2695 5723 in
2722 5670 2911 5726 eodem
2938 5673 3105 5730 choro
3131 5685 3190 5730 ut
3213 5677 3289 5733 sis
3314 5678 3517 5746 efﬁcit,

1925 5787 1955 5827 a
1986 5766 2217 5843 peccatis
2246 5762 2507 5827 absolvit,
2539 5763 2742 5833 justitia
2770 5774 3012 5820 coronat.
3044 5766 3098 5825 Si
3128 5771 3268 5828 enim
3300 5774 3387 5846 qui
3418 5789 3504 5832 νε-

3575 196 3593 237 i

3394 284 3497 341 133
3546 289 3579 321 '—‘
