3838 6214
332 266 438 325 159

332 390 555 441 mittunt
594 383 687 452 iis,
737 383 829 457 qui
876 396 1258 458 peccaverunt,
1306 387 1681 444 remissionem
1725 401 1918 444 conse-

322 486 565 547 quuntur
587 494 603 543 ;
627 477 718 549 qui
742 493 849 534 non
879 477 1041 535 modo
1061 478 1342 535 remittunt
1360 521 1377 546 ,
1404 479 1501 536 sed
1544 479 1676 551 ipsis
1703 478 1917 536 abunde

334 571 636 642 largiuntur
654 613 673 639 ,
696 587 854 642 quam
886 588 991 628 non
1018 582 1421 643 consequentur
1445 574 1918 631 benedictionem?

326 664 408 721 Ne
453 666 634 737 itaque
684 665 879 737 pusillo
906 665 1089 721 animo
1126 665 1269 722 feras
1293 708 1310 733 ,
1355 665 1449 723 sed
1480 668 1639 721 etiam
1697 682 1921 737 precare

327 772 428 829 pro
453 773 520 815 eo
546 757 639 830 qui
669 767 721 814 te
744 757 904 815 ltesit.
932 758 1189 815 Pecunias
1219 767 1338 814 tuas
1363 759 1608 829 accepit?
1633 758 1727 815 sed
1755 759 1917 814 etiam

326 861 573 924 peccata,
601 861 660 909 ut
687 852 741 909 in
770 851 1045 908 Neemano
1069 861 1124 908 et
1147 852 1296 908 Giezi
1324 851 1538 908 accidit.
1566 852 1803 920 Quantas
1828 867 1921 922 pe-

327 944 514 1001 cunias
538 960 646 1000 non
665 944 796 1001 dare
816 944 1102 1010 voluisses,
1127 954 1186 1000 ut
1214 953 1433 1015 peccata
1464 944 1558 1000 tibi
1581 946 1921 1001 remitteren-

330 1037 463 1091 tur?
491 1035 603 1091 Hoc
631 1035 811 1108 itaque
837 1051 979 1091 nunc
997 1036 1159 1092 etiam
1184 1052 1281 1091 usu
1303 1038 1447 1092 venit
1475 1054 1489 1090 :
1519 1037 1564 1091 si
1592 1037 1736 1092 enim
1762 1052 1923 1107 gene-

325 1127 657 1208 rose'l'eras,
704 1144 804 1185 nec
845 1130 1154 1194 maledicas,
1206 1129 1488 1200 splendida
1538 1131 1820 1185 redimitus
1858 1145 1919 1186 es

325 1234 547 1275 corona.
588 1219 704 1276 Non
733 1236 886 1277 meus
925 1231 1008 1278 est
1034 1238 1212 1277 sermo
1236 1263 1252 1286 ,
1282 1223 1376 1278 sed
1420 1223 1614 1277 audisti
1642 1224 1917 1278 Christum

327 1312 597 1366 dicentem
646 1328 659 1366 :
710 1310 869 1367 Orate
906 1330 999 1384 pro
1038 1314 1101 1368 iis
1141 1316 1226 1385 qui
1256 1314 1390 1368 vobis
1419 1316 1698 1369 molestiam
1725 1326 1916 1371 creant.

328 1405 398 1462 Et
416 1406 589 1475 cogita
618 1416 874 1477 quantum
912 1407 983 1461 sit
1010 1411 1284 1476 pnemium
1310 1450 1325 1475 ,
1358 1407 1427 1463 Ut
1446 1408 1556 1463 sitis
1579 1408 1773 1464 similes
1804 1408 1915 1464 Pa-

1110 271 1169 330 S.
1206 270 1486 334 JOANNIS
1514 272 1987 332 CHRYSOSTOMI
2024 274 2341 337 ARCHIEP.
2380 278 2910 342 CONSTAN‘I‘INOP.
3513 288 3603 351 tto
3634 320 3641 325 ι

2024 391 2117 446 tris
2139 391 2291 447 vestri
2311 392 2403 463 qui
2428 402 2500 449 est
2531 392 2585 448 in
2629 395 2755 449 calo
2787 393 3012 468 (Matth.
3049 392 3107 453 ὄλ
3152 399 3243 457 45.
3270 401 3404 476 46).
3436 404 3604 479 Itaque

2034 482 2184 538 nullo
2224 483 2463 554 privatus
2486 498 2580 549 es,
2623 484 2719 541 sed
2759 486 2925 542 etiam
2952 489 3254 560 accepisti;
3287 509 3399 549 non
3423 496 3606 567 injuria

2023 574 2272 643 allectus,
2304 576 2400 632 sed
2428 587 2724 634 coronatus
2750 594 2834 646 es,
2861 581 3045 636 animo
3070 585 3239 656 magis
3262 587 3602 660 philosophus

2023 666 2246 723 ellectus
2276 668 2495 739 Deoque
2521 669 2716 725 similis
2735 712 2751 737 ,
2780 674 3128 742 pecuniarum
3153 689 3285 733 cura
3316 681 3601 750 liberatus,

2024 774 2253 831 regnum
2283 761 2538 817 ctelornm
2564 773 2912 835 assequutus.
2942 767 3069 825 llaec
3094 771 3276 841 itaque
3303 775 3485 829 omnia
3509 792 3597 831 no-

2024 851 2232 909 biscum
2261 862 2590 924 reputantes,
2618 855 2672 911 in
2698 855 2911 927 injuriis
2926 859 3391 931 philosophemur,
3415 866 3605 932 dilecti,

2026 957 2083 1001 ut
2112 954 2167 1000 et
2193 960 2223 1000 a
2266 947 2546 1017 prtesentis
2574 948 2699 1003 vitae
2742 951 3147 1020 perturbatione
3184 955 3481 1013 liberemur
3503 1000 3519 1024 ,
3558 972 3603 1015 et

2025 1037 2265 1092 inutilem
2297 1053 2584 1094 maerorem
2612 1039 2928 1109 abjiciamus
2949 1084 2965 1109 ,
2997 1042 3339 1116 futurumque
3368 1050 3605 1119 gaudium

2025 1144 2455 1200 consequamur,
2500 1132 2668 1202 gratia
2716 1143 2770 1188 et
2818 1135 3147 1206 benignitate
3195 1140 3406 1195 Domini
3450 1144 3605 1198 nostri

2024 1221 2152 1277 Jesu
2182 1222 2400 1286 Christi,
2431 1225 2646 1294 quicum
2676 1225 2819 1280 Patri
2843 1236 2898 1282 et
2921 1243 3022 1281 una
3042 1228 3263 1299 Spiritui
3281 1244 3472 1288 sancto
3494 1237 3606 1303 glo-

2026 1314 2126 1378 ria,
2162 1315 2465 1383 itnpcriutn,
2500 1317 2694 1383 honor,
2735 1332 2877 1373 nunc
2902 1327 2959 1374 et
2986 1305 3225 1391 semper,
3254 1332 3310 1377 ct
3335 1325 3394 1379 iu
3423 1328 3612 1380 sarcula

2031 1410 2379 1466 saacutorum.
2407 1410 2602 1465 Amen.

332 1538 3603 1565 MM

1657 1615 2005 1679 HOMILIA
2043 1616 2251 1679 XVII.

325 1763 453 1821 Car.
506 1762 559 1819 6.
602 1777 656 1818 v.
690 1761 777 1819 12.
827 1757 1014 1816 Omnia
1057 1760 1182 1815 mihi
1232 1760 1420 1828 licent,
1462 1760 1553 1815 sed
1592 1777 1692 1816 non
1747 1763 1918 1816 omnia

393 1856 664 1927 expediunt
695 1854 908 1909 :omnia
933 1853 1058 1907 mihi
1120 1854 1307 1921 licent,
1335 1854 1425 1908 sed
1454 1870 1545 1925 ego
1594 1854 1685 1908 sub
1728 1855 1920 1909 nullius

396 1949 600 2019 redigar
628 1955 895 2017 potestate.

400 2042 455 2097 1.
485 2040 775 2097 Helluones
822 2038 911 2095 hic
935 2037 1263 2095 subindicat.
1293 2038 1427 2106 Quia
1470 2037 1613 2095 enim
1641 2053 1830 2094 rursus
1853 2037 1923 2095 ad

327 2132 709 2189 loruicatorem
734 2139 818 2186 est
846 2130 1139 2198 rediturus,
1170 2126 1455 2185 fornicatio
1494 2140 1676 2200 autem
1717 2144 1783 2186 ex
1825 2130 1923 2186 de-

326 2224 471 2282 liciis
494 2234 550 2281 et
582 2223 943 2279 immoderato
970 2222 1093 2280 cibo
1118 2221 1321 2289 oritur,
1354 2223 1705 2280 vehementer
1728 2223 1918 2281 vitium

328 2317 461 2374 illud
488 2316 733 2387 castigat.
775 2314 961 2385 Neque
987 2314 1133 2371 enim
1177 2317 1245 2370 de
1271 2314 1559 2385 prohibitis
1585 2315 1703 2370 hmc
1749 2315 1920 2381 dicit;

342 2410 435 2465 illa
465 2423 695 2480 namque
720 2422 827 2463 non
855 2407 1021 2462 licent
1046 2424 1060 2473 ;
1090 2407 1185 2463 sed
1214 2405 1283 2462 de
1329 2407 1395 2463 iis
1422 2423 1544 2479 qua:
1568 2407 1927 2464 indifferentia

330 2516 452 2557 esse
478 2501 745 2556 videntur.
776 2498 1019 2570 Exempli
1041 2513 1199 2553 causa
1232 2517 1245 2554 :
1273 2498 1438 2565 licet,
1492 2498 1699 2570 inquit,
1747 2514 1928 2555 come-

330 2598 461 2648 dere
491 2602 546 2648 et
575 2593 797 2655 bibere;
845 2590 939 2647 sed
964 2606 1085 2646 cum
1133 2589 1289 2660 copia
1336 2589 1501 2645 nimia
1530 2606 1638 2645 non
1685 2589 1925 2661 expedit.

330 2685 591 2755 Quodque
619 2684 812 2738 mirum
863 2683 1397 2752 inexspectatumque
1425 2690 1545 2747 est,
1574 2682 1717 2753 quod
1748 2691 1927 2737 tamen

336 2776 515 2831 facere
529 2790 672 2845 smpe
688 2775 825 2831 solet
845 2775 896 2828 in
910 2772 1240 2828 contrarium
1254 2782 1580 2828 convertens
1603 2772 1925 2838 orationem,

336 2865 426 2921 hic
448 2880 663 2936 quoque
694 2864 821 2919 illud
850 2864 1196 2933 exsequitur;
1224 2871 1280 2918 et
1300 2862 1534 2917 oSIendit
1551 2861 1689 2933 quod
1710 2862 1761 2916 in
1781 2872 1933 2932 pote-

332 2966 474 3012 state
503 2956 711 3023 lacere,
743 2972 851 3010 non
891 2956 1065 3010 solum
1109 2969 1213 3008 non
1258 2954 1534 3024 expediat,
1567 2953 1661 3008 sed
1705 2968 1803 3009 nec
1830 2968 1929 3024 po-

337 3050 547 3105 testatis
603 3048 819 3120 quidem
868 3048 990 3117 sit,
1057 3063 1242 3103 verum
1289 3045 1587 3103 servitutis.
1638 3047 1704 3102 Et
1755 3047 1932 3117 primo

335 3141 554 3209 quidem
583 3141 781 3196 avertit
806 3139 875 3194 ab
900 3152 966 3194 eo
987 3180 1004 3206 ,
1034 3138 1176 3209 quod
1232 3154 1337 3193 non
1390 3138 1677 3209 expediat,
1701 3137 1929 3193 dicens:

341 3231 465 3286 Non
494 3233 772 3302 expediunt
795 3248 814 3297 ;
838 3229 1076 3286 secundo
1105 3238 1283 3284 autem
1311 3243 1341 3283 a
1384 3229 1660 3285 contrario
1678 3270 1694 3295 ,
1726 3228 1931 3293 dicens,

341 3323 455 3394 Ego
516 3323 611 3377 sub
659 3324 855 3376 nullius
914 3323 1119 3393 redigar
1160 3331 1422 3390 potestate.
1453 3320 1564 3377 Hoc
1606 3331 1784 3377 autem
1831 3323 1933 3377 sibi

346 3417 460 3469 vult
490 3432 503 3465 :
533 3414 705 3469 Penes
736 3424 791 3469 te
844 3422 925 3470 est
981 3413 1338 3479 manducare,
1384 3414 1587 3485 inquit:
1616 3430 1743 3487 ergo
1776 3431 1935 3473 mane

344 3508 399 3562 in
434 3507 521 3562 illa
555 3515 821 3576 potestate
845 3547 861 3573 ,
890 3512 946 3561 et
992 3520 1123 3560 cave
1177 3520 1246 3561 ne
1294 3504 1450 3576 hujus
1477 3504 1699 3561 allectus
1746 3520 1935 3563 servus

347 3598 626 3653 elliciaris.
672 3596 805 3651 Nam
858 3597 947 3667 qui
998 3604 1055 3650 nt
1103 3595 1355 3651 convenit
1403 3595 1497 3650 illo
1544 3596 1750 3662 utitur,
1794 3598 1935 3653 illius

345 3690 599 3745 dominus
646 3699 764 3753 cst;
811 3688 903 3758 qui
954 3698 1133 3743 autem
1175 3702 1483 3743 mensuram
1530 3688 1776 3753 excedit,
1826 3704 1933 3745 non

345 3784 485 3837 ultra
508 3780 760 3836 dominus
790 3788 912 3845 est,
941 3778 1037 3835 sed
1062 3793 1251 3835 servus
1277 3779 1395 3848 ejus
1436 3779 1669 3835 efﬁcitur
1688 3822 1702 3847 ,
1731 3779 1852 3852 gula
1880 3782 1933 3837 in

346 3875 466 3945 ipso
504 3871 841 3944 tyrannidem
894 3879 1213 3927 exercente.
1242 3870 1433 3927 Viden'
1473 3872 1745 3942 quomodo
1769 3888 1891 3930 eum
1914 3915 1930 3941 ,

345 3965 438 4035 qui
466 3980 527 4020 se
554 3972 871 4034 potestatem
901 3962 1100 4019 habere
1126 3962 1369 4034 putabat,
1397 3964 1496 4019 sub
1525 3973 1786 4034 potestate
1813 3981 1934 4023 esse

349 4056 632 4112 ostendat?
653 4055 802 4112 Solet
825 4056 968 4112 enim
998 4055 1195 4111 Paulus
1225 4055 1327 4113 hoc
1353 4056 1555 4125 facere,
1582 4069 1639 4113 ut
1662 4058 1772 4128 jam
1800 4059 1930 4126 dixi,

349 4153 405 4207 in
432 4152 760 4206 contrarium
788 4150 1121 4219 objectioncs
1167 4157 1377 4206 vertere
1409 4168 1423 4205 :
1452 4150 1596 4222 quod
1642 4150 1730 4207 hic
1773 4154 1934 4208 etiam

347 4244 493 4300 fecit.
521 4242 903 4298 Animadverte
930 4250 1111 4297 autem
1141 4259 1156 4299 :
1187 4242 1415 4314 quisque
1455 4258 1641 4299 eorum
1688 4243 1935 4312 dicebat,

348 4337 498 4393 Licet
527 4336 657 4392 mihi
684 4335 923 4392 deliciari
956 4353 970 4392 :
1004 4336 1094 4392 ille
1125 4351 1254 4392 vero
1279 4335 1431 4405 dicit,
1460 4333 1577 4393 Non
1627 4336 1731 4393 hoc
1769 4346 1825 4392 tu
1862 4337 1933 4392 ita

347 4430 480 4485 l'acis
508 4429 679 4501 utqui
724 4428 777 4483 id
807 4427 1003 4484 habeas
1042 4428 1096 4483 in
1142 4436 1446 4498 potestate,
1487 4428 1583 4484 sed
1637 4437 1695 4483 ut
1742 4429 1831 4499 qui
1861 4429 1939 4483 sis

345 4522 461 4592 ipse
488 4520 738 4577 redactus
762 4520 863 4575 sub
891 4519 1028 4574 hanc
1058 4528 1394 4589 p0testatem.
1424 4517 1607 4590 Neque
1632 4520 1775 4574 enim
1805 4535 1936 4575 vcn-

350 4615 446 4670 tris
472 4622 788 4684 potestatem
818 4612 986 4668 habes
1013 4654 1029 4678 ,
1060 4612 1317 4684 quamdiu
1360 4611 1526 4668 lueris
1571 4613 1747 4668 ventri
1776 4612 1937 4669 nimis

349 4704 649 4776 indulgens,
680 4704 774 4760 sed
804 4704 918 4775 ipse
946 4715 998 4760 te
1022 4705 1074 4759 in
1101 4713 1369 4776 potestate
1397 4704 1578 4761 habet.
1612 4706 1726 4761 lloc
1752 4716 1930 4762 autem

350 4798 420 4852 de
445 4796 687 4867 pecuniis
712 4798 873 4852 etiam
919 4797 1095 4867 deque
1134 4797 1252 4853 aliis
1296 4798 1398 4852 dici
1441 4807 1637 4869 potest.
1669 4798 1758 4855 15.
1791 4799 1938 4855 Escae

350 4890 533 4944 centri.
565 4888 818 4944 Ventrem
874 4888 960 4944 hic
1004 4904 1112 4944 non
1164 4899 1444 4956 ventrem,
1500 4889 1594 4944 sed
1643 4889 1935 4961 ingluviem

352 4990 510 5036 vocat
563 4998 578 5034 :
624 4989 685 5035 ut
726 4997 848 5036 cum
900 4981 1031 5036 dicit
1086 4999 1100 5035 :
1158 4982 1385 5048 Quorum
1438 4982 1564 5038 deus
1613 4994 1782 5037 uenter
1862 4995 1934 5037 est

349 5073 613 5145 (Philipp.
640 5075 694 5130 3.
719 5072 845 5143 i9);
875 5087 980 5127 non
1009 5072 1075 5127 de
1102 5072 1204 5129 hoc
1250 5074 1493 5129 membro
1534 5074 1763 5145 loquens
1782 5113 1798 5141 ,
1841 5073 1934 5129 sed

348 5167 417 5222 de
444 5165 752 5220 voracitate.
782 5164 937 5233 Quod
963 5166 1106 5219 enim
1135 5165 1206 5221 ita
1232 5166 1323 5233 sit,
1355 5165 1478 5220 audi
1508 5164 1786 5237 sequentia
1819 5182 1833 5220 :
1866 5164 1937 5219 Et

345 5268 517 5313 venter
541 5259 665 5312 escis
711 5273 731 5311 :
759 5273 943 5326 corpus
986 5265 1154 5309 autem
1179 5273 1280 5311 non
1333 5258 1679 5328 fornicationi,
1709 5257 1799 5313 sed
1824 5256 1935 5311 Do-

347 5347 508 5404 sniuo.
545 5349 706 5419 Atqui
760 5356 952 5404 venter
991 5362 1205 5418 quoque
1244 5357 1325 5402 est
1372 5363 1588 5418 corpus.
1634 5350 1740 5405 Sed
1795 5349 1931 5406 duas

352 5441 530 5513 posuit
554 5441 981 5509 coniunctiones,
1010 5454 1164 5495 escas
1190 5448 1244 5495 et
1272 5440 1557 5511 ingluviem
1583 5482 1599 5507 ,
1628 5458 1789 5512 quam
1817 5444 1936 5514 qui—

347 5535 469 5590 dem
497 5542 741 5589 ventrem
772 5533 1002 5597 vocavit,
1034 5529 1308 5587 Christum
1335 5541 1388 5587 et
1414 5546 1631 5601 corpus.
1660 5534 1797 5601 Quid
1826 5534 1931 5590 sibi

343 5629 457 5683 vult
486 5627 634 5692 illud,
666 5625 813 5681 Esca
840 5626 1001 5681 ventri
1027 5624 1054 5680 .’
1080 5623 1254 5691 Escae,
1288 5625 1481 5697 inquit,
1504 5626 1796 5682 amicitiam
1826 5627 1927 5681 ha-

350 5722 475 5776 bent
503 5736 623 5777 cum
655 5719 885 5787 ingluvie
907 5762 922 5789 ,
953 5729 1007 5778 et
1056 5719 1170 5777 haec
1196 5734 1317 5776 cum
1369 5725 1577 5775 ventre.
1608 5718 1723 5776 Non
1752 5729 1931 5793 potest

2024 1777 2153 1833 ergo
2179 1760 2246 1816 ad
2273 1761 2544 1818 Christum
2573 1779 2671 1820 nos
2697 1764 2918 1833 ducere,
2940 1764 3036 1821 sed
3051 1764 3117 1822 ad
3136 1767 3251 1823 hzec
3276 1768 3461 1824 trahit.
3478 1769 3609 1828 Gra-

2025 1854 2109 1910 vis
2133 1854 2277 1910 enim
2306 1865 2361 1909 et
2393 1855 2627 1911 belluina
2668 1866 2750 1913 est
2797 1858 2977 1928 passio
3002 1874 3295 1930 servosque
3324 1861 3504 1916 reddit
3522 1904 3537 1925 .
3561 1871 3613 1917 et

2029 1954 2087 1999 ut
2112 1944 2212 2000 sibi
2259 1946 2523 2002 serviatur
2568 1947 2750 2003 ellicit.
2776 1948 2886 2004 Cur
2932 1963 3063 2019 ergo
3106 1951 3345 2007 alimenti
3400 1953 3609 2014 inhias.

2026 2054 2061 2095 o
2088 2038 2465 2097 homoHllius
2494 2056 2725 2111 namque
2769 2041 3055 2097 ministerii
3081 2044 3203 2098 talis
3254 2052 3333 2098 est
3381 2044 3615 2106 linis.et

2028 2130 2160 2189 nihil
2186 2133 2414 2204 amplius
2440 2133 2749 2199 exhibebit;
2778 2132 2873 2188 sed
2899 2142 3173 2204 tamquam
3200 2134 3357 2190 alicui
3386 2134 3615 2189 dominae

2030 2225 2360 2290 ministratus,
2391 2234 2568 2280 manet
2597 2222 2735 2279 hanc
2763 2223 3003 2280 retinens
3031 2226 3348 2279 servitutem
3375 2266 3394 2291 ,
3442 2240 3616 2295 neque

2030 2316 2254 2372 ulterius
2282 2314 2557 2387 procedit;
2591 2315 2903 2385 nullumque
2930 2314 3074 2370 aliud
3102 2330 3237 2386 opus
3288 2314 3452 2371 habet
3472 2356 3490 2380 ,
3521 2315 3614 2371 sed

2031 2407 2306 2465 hocinane
2327 2407 2704 2463 ministerium.
2729 2406 2797 2462 Et
2822 2406 2980 2461 ambo
3000 2417 3188 2462 mutuo
3199 2417 3615 2475 connectuntur,

2032 2510 2088 2557 et
2106 2500 2265 2557 simul
2296 2499 2661 2555 dissolvuntur
2696 2508 2882 2555 venter
2906 2514 3028 2554 cum
3056 2499 3215 2564 escis,
3244 2510 3298 2555 et
3325 2516 3466 2556 esca:
3495 2516 3617 2557 cum

2033 2604 2243 2657 ventre,
2266 2606 2479 2646 cursum
2507 2590 2789 2661 quemdam
2814 2590 2902 2661 qui
2922 2606 3208 2661 numquam
3239 2592 3418 2647 linitur
3444 2592 3617 2647 invol-

2034 2693 2243 2749 ventes,
2262 2696 2325 2737 ac
2351 2682 2396 2736 si
2423 2697 2453 2736 a
2476 2692 2732 2751 corrupto
2751 2696 2980 2752 corpore
3008 2692 3294 2737 nascantur
3315 2699 3547 2747 verruca,
3566 2692 3619 2739 et

2034 2789 2220 2828 rursus
2242 2789 2271 2827 a
2292 2773 2559 2828 vermibus
2572 2788 2766 2843 corpus
2778 2782 3156 2839 consumatur;
3177 2775 3258 2829 vel
3275 2775 3619 2844 quemadmo-

2035 2866 2162 2920 dum
2192 2865 2235 2918 si
2259 2866 2449 2920 ﬂuctus
2475 2864 2527 2919 in
2554 2878 2821 2919 summum
2840 2864 3083 2920 sublatus
3109 2864 3457 2931 dissolvatur,
3489 2866 3616 2921 nihil

2039 2956 2172 3010 ultra
2192 2953 2378 3010 cflicit.
2395 2953 2519 3009 ηερε
2533 2970 2691 3025 porro
2704 2954 2888 3010 nonde
2902 2970 3024 3011 esca
3041 2964 3097 3010 et
3107 2954 3174 3011 de
3201 2971 3431 3025 corpore
3455 2957 3616 3021 dicit;

2038 3049 2130 3104 sed
2158 3049 2296 3119 gula:
2318 3048 2506 3103 vitium
2548 3058 2603 3103 et
2630 3048 2806 3104 cibum
2838 3047 3250 3104 immoderatum
3282 3050 3535 3117 traducit,
3567 3060 3624 3107 ut

2038 3140 2319 3213 sequentia
2344 3139 2632 3195 ostendunt
2662 3158 2676 3195 :
2700 3139 2971 3211 subiungit
2994 3140 3139 3196 enim
3165 3159 3180 3195 :
3211 3139 3349 3196 Deus
3370 3153 3543 3196 autem
3568 3153 3615 3199 et

2040 3235 2174 3289 hunc
2199 3245 2246 3287 et
2271 3234 2379 3287 lucc
2409 3232 2649 3286 destruet.
2680 3230 2793 3285 Non
2843 3241 3082 3286 ventrem
3114 3231 3277 3297 dicit,
3307 3231 3401 3286 sed
3433 3233 3623 3286 immo-

2040 3324 2278 3380 deratam
2305 3322 2793 3393 concupiscentiam
2824 3339 2838 3375 :
2870 3338 2974 3376 non
3005 3336 3183 3377 escam
3210 3363 3226 3389 ,
3254 3322 3350 3377 sed
3380 3322 3619 3379 delicias.

2040 3413 2222 3485 Neque
2250 3414 2393 3469 enim
2422 3414 2565 3468 illam
2593 3428 2735 3483 aegre
2762 3412 2862 3469 fert
2883 3454 2898 3480 ,
2930 3413 3024 3469 sed
3075 3413 3141 3468 de
3185 3413 3289 3468 illis
3315 3415 3485 3484 legem
3513 3424 3623 3469 sta-

2044 3507 2142 3563 tuit
2164 3508 2243 3563 sic
2269 3507 2495 3578 loquens
2523 3524 2537 3561 :
2572 3506 2824 3561 Habentes
2855 3506 3100 3561 alimenta
3126 3516 3173 3561 et
3205 3518 3520 3578 tegumenta,
3551 3510 3624 3563 his

2041 3600 2261 3654 contenti
2298 3616 2471 3654 sumus
2501 3599 2580 3668 (i.
2606 3596 2741 3653 Tim.
2771 3596 2824 3653 6.
2852 3598 2942 3669 8);
2976 3598 3069 3652 sed
3102 3597 3202 3652 hac
3249 3599 3459 3653 ratione
3515 3614 3622 3653 rem

2043 3691 2331 3762 improbat,
2360 3691 2480 3761 ejus
2506 3690 2942 3747 emendationem
2971 3699 3090 3759 post
3117 3690 3401 3744 consilium
3442 3690 3624 3744 datum

2042 3785 2271 3841 orationi
2322 3784 2659 3854 relinquens.
2708 3782 2936 3851 Quidatn
2983 3797 3111 3836 vero
3157 3781 3375 3846 dicunt,
3425 3782 3625 3835 dictum

2042 3876 2173 3933 illud
2221 3891 2343 3933 esse
2389 3875 2758 3947 prephetiam,
2806 3890 2929 3945 qua:
2978 3883 3177 3929 statum
3227 3873 3389 3928 futuri
3444 3873 3625 3929 smn

2042 3971 2301 4037 declarat,
2330 3970 2383 4026 in
2411 3984 2519 4041 quo
2546 3983 2652 4023 non
2680 3966 2817 4022 ultra
2845 3964 3253 4021 mandueabitur
3277 3966 3363 4020 vel
3395 3965 3624 4020 hibetur.

2042 4062 2098 4119 Si
2125 4070 2305 4117 autem
2336 4059 2642 4115 moderatus
2659 4073 2787 4114 usus
2815 4058 2974 4114 linem
3006 4056 3243 4125 habebit,
3264 4058 3436 4112 multo
3460 4058 3627 4126 magis

2042 4156 2112 4211 ab
2151 4153 2505 4211 immoderato
2542 4149 2939 4207 abstinendum.
2977 4148 3177 4205 Deinde
3222 4164 3289 4203 ne
3332 4148 3451 4219 quis
3483 4158 3626 4217 putet

2044 4245 2518 4318 reprehensionem
2546 4242 2601 4299 id
2629 4258 2749 4299 esse
2777 4240 3055 4312 corporis,
3099 4256 3237 4296 neve
3264 4239 3396 4294 illud
3442 4240 3619 4309 suspi-

2043 4348 2217 4405 cetur,
2244 4336 2385 4407 quod
2416 4351 2609 4407 nempe
2634 4350 2664 4390 a
2693 4344 2846 4406 parte
2873 4342 3042 4389 totum
3071 4331 3443 4398 damnaverit,
3494 4345 3627 4386 neve

2045 4429 2187 4484 divat
2231 4429 2473 4500 corporis
2500 4436 2743 4482 naturam
2789 4442 3007 4482 causam
3056 4440 3176 4481 esse
3218 4422 3621 4486 fornicationis;

2044 4523 2167 4578 audi
2193 4521 2469 4593 sequentia
2502 4538 2517 4575 :
2543 4520 2659 4574 Non
2680 4519 2822 4573 enim
2846 4517 3089 4587 corporis
3127 4526 3373 4571 naturam
3393 4556 3412 4582 ,
3436 4512 3625 4584 inquit,

2044 4628 2262 4679 accuso,
2289 4611 2384 4667 sed
2414 4611 2817 4667 immoderatam
2869 4609 3031 4664 animi
3056 4607 3402 4679 cupiditatem
3433 4624 3448 4661 :
3480 4605 3621 4660 idet»

2045 4722 2148 4775 que
2193 4704 2376 4775 adjicit
2428 4721 2443 4757 :
2492 4702 2687 4773 Corpus
2739 4712 2907 4755 autem
2954 4717 3056 4754 non
3110 4698 3484 4770 fornicationi,
3541 4694 3628 4750 sed

2042 4798 2284 4852 Domino.
2308 4796 2423 4851 Non
2455 4797 2598 4850 enim
2626 4794 2748 4849 ideo
2776 4794 3060 4848 formatum
3108 4790 3206 4845 luit
3233 4832 3250 4855 ,
3283 4798 3341 4843 ut
3385 4788 3530 4843 luxui
3576 4797 3630 4844 et

2042 4887 2384 4944 fornicationi
2438 4900 2658 4956 operam
2702 4883 2894 4947 daret,
2946 4892 3003 4936 ut
3034 4895 3208 4951 neque
3246 4889 3437 4935 venter
3459 4890 3517 4933 ιιι
3547 4878 3632 4930 iu-

2039 4982 2358 5053 gurgitetur,
2389 4979 2485 5034 sed
2515 4988 2573 5033 ut
2605 4977 2878 5033 Christum
2908 4984 3067 5046 caput
3096 4983 3358 5045 sequatur
3379 5014 3394 5038 ,
3426 4981 3481 5027 et
3529 4969 3633 5024 Do-

2040 5074 2223 5128 minus
2253 5072 2564 5142 imponatur
2589 5069 2825 5139 corpori.
2857 5067 3241 5130 Revereamur,
3264 5066 3586 5119 horreamus
3610 5101 3625 5123 ,

2041 5165 2183 5237 quod
2211 5173 2360 5221 tanto
2386 5165 2590 5218 honore
2618 5163 2821 5233 dignati
2848 5203 2863 5229 ,
2896 5169 2955 5215 ut
2984 5159 3124 5215 illius
3170 5174 3331 5230 supra
3376 5150 3629 5213 collocati

2040 5256 2281 5312 membra
2308 5254 2625 5318 efﬁciamur,
2660 5263 2739 5307 tot
2769 5251 2926 5307 malis
2952 5265 3051 5306 nos
3092 5249 3466 5319 deturpemus.
3493 5246 3628 5301 Cum

2039 5362 2169 5418 ergo
2195 5346 2474 5401 helluones
2501 5346 2633 5399 satis
2665 5344 2975 5413 carpsisset,
3004 5343 3302 5398 futurorum
3348 5339 3510 5394 etiam
3534 5350 3629 5407 spe

2041 5443 2110 5495 ab
2139 5442 2238 5496 hac
2268 5440 2502 5511 nequitia
2531 5437 2769 5502 abducit,
2799 5437 2985 5492 dicens
3013 5453 3027 5490 :
3060 5437 3147 5491 14.
3182 5433 3322 5489 Deus
3360 5442 3528 5487 autem
3582 5439 3630 5484 α

2042 5533 2317 5587 Dominum
2362 5531 2622 5587 suscitauit
2651 5570 2668 5597 ,
2711 5539 2760 5584 et
2815 5545 2910 5584 nos
2956 5527 3217 5583 suscitabit
3265 5542 3356 5598 per
3396 5525 3630 5579 virtutem

2038 5643 2205 5683 suam.

2113 5722 2165 5773 9..
2195 5716 2441 5773 Vidistiu‘
2471 5731 2681 5772 rursum
2714 5713 3029 5786 sapientiam
3075 5709 3467 5783 apostolicam?
3503 5718 3624 5761 nam
