3838 6214
240 195 327 256 159

235 312 377 370 τοῦτο
406 312 599 375 ποιεῖς.
639 310 838 365 Ἐλαὸέ
874 328 966 365 σου
994 314 1276 385 χρήματας
1310 314 1445 368 ἀλλά
1483 314 1580 368 καὶ
1611 314 1786 383 ἀμαρσ

236 407 359 469 τίας·
384 406 521 475 ὅπερ
554 406 644 458 καὶ
671 404 763 458 ἐπὶ
781 404 874 457 τοῦ
903 406 1116 477 Νεεμάν
1144 407 1237 459 καὶ
1262 406 1357 459 τοῦ
1390 406 1552 477 Γιεζῆ
1576 406 1784 474 γέγονε.

238 497 392 553 Πόσον
418 496 516 549 ούκ
551 495 617 549 ἂν
650 496 917 567 ἠθέλησας
947 496 1128 550 δοῦναι
1162 496 1389 551 πλοῦτον
1418 496 1558 549 ὥστε
1585 495 1790 565 ἀφεθῆ-

237 590 422 645 ναί-σοι
468 587 540 641 τὰ
584 590 979 661 ἀμαρτήματα;
1004 590 1173 644 Τοῦτο
1208 590 1386 644 τοίνυν
1427 590 1635 657 γίνεται
1669 588 1785 642 νῦν·

236 681 295 737 ἂν
315 678 419 750 γὰρ
444 679 671 753 ἐνέγκῃς
693 680 952 749 γενναίως
979 683 1073 735 καὶ
1104 681 1189 753 μὴΔ
1206 681 1510 755 καταράσῃ,
1540 680 1791 751 λαμπρὸν

239 774 471 843 ἀνεδήσω
501 773 601 827 τὸν
623 757 903 844 στέφανον.
953 776 1067 828 Οὐκ
1094 775 1225 847 ἐμὸς
1252 778 1280 828 6
1304 776 1481 844 λόγος,
1520 774 1655 829 ἀλλά
1695 774 1790 833 τοῦ

238 865 458 937 Χριστοῦ
506 865 754 935 λέγοντος
812 867 1068 937 ἤκουσας·
1154 868 1421 935 Εὖχεσθε
1476 868 1628 935 ὑπὲρ
1674 865 1794 922 τῶν

236 948 663 1018 ἐπηρεαζόντων
690 947 864 1018 ὑμᾶς.
910 950 1019 1003 Καὶ
1047 950 1106 1003 τὸ
1132 950 1362 1004 ἔπαθλον
1388 951 1638 1019 ἐννόησον
1684 948 1799 1019 ἡλίο

240 1057 344 1097 κον·
380 1040 575 1106 Ὅπως
606 1039 861 1110 γένησθε
890 1040 1075 1109 ὅμοιοι
1108 1040 1214 1095 τοῦ
1242 1040 1470 1108 Πατρός
1500 1038 1672 1108 ὑμῶν.
1691 1038 1796 1092 τοῦ

1234 193 1300 249 ΙΝ
1339 194 1555 251 EPIST.
1597 194 1617 249 l
1652 192 1742 248 AD
1779 188 1939 248 COR.
1980 185 2218 244 IIOMIL.
2254 183 2417 242 XVII.

1893 309 2014 379 θης,
2050 292 2485 377 φιλοσοφώτερος
2513 301 2802 372 γενόμενος
2831 297 2933 373 τὴν
2954 298 3157 372 ψυχὴν,
3178 300 3469 372 ὅμοιος,αῇ

1892 397 2011 468 Θεῷ
2030 394 2326 460 καταστὰς,
2350 394 2449 464 τῆς
2473 392 2748 466 φροντίδος
2770 390 2878 445 τῶν
2895 391 3197 463 χρημάτων
3225 390 3472 447 ἀπαλλα-

1891 472 2029 556 γεὶς,
2053 488 2152 559 τὴν
2184 486 2461 557 βασιλείαν
2492 485 2601 539 τῶν
2622 483 2867 555 οὐρανῶν
2898 482 3262 554 κτησάμενος.
3285 481 3473 539 Ταῦτα

1892 576 1985 641 οὖν
2034 582 2257 640 ἅπαντα,
2301 578 2779 647 ἀναλογισάμενοι,
2828 575 3205 646 φιλοσοφῶμεν
3256 575 3315 629 ἐν
3350 576 3473 637 ταῖς

1894 673 2153 738 ἀδικίαις,
2197 672 2493 741 ἀγαπητοὶ,
2528 668 2617 723 ἵνα
2649 668 2744 722 καὶ
2773 667 2875 738 τῆς
2918 665 3014 720 τοῦ
3034 665 3314 736 ,παρόντος
3352 664 3472 737 βίου

1894 764 2141 836 ταραχῆς
2175 761 2580 832 ἀπαλλαγῶμεν
2602 760 2708 813 ,καὶ
2744 758 2843 831 τὴν
2869 756 3127 827 ἀνόνητον
3158 754 3477 825 ἐκϐάλωμεν

1897 854 2153 925 ἀθυμίαν,
2172 853 2265 907 καὶ
2279 854 2376 923 τῆς
2398 850 2693 924 μελλούσης
2711 851 2887 922 χαρᾶς
2907 848 3273 920 ἐπιτύχωμεν,
3291 847 3477 919 χάριτι

1892 946 1988 1000 καὶ
2014 943 2393 1015 φιλανθρωπίᾳ
2430 942 2525 997 τοῦ
2567 941 2774 1014 Κυρίου
2807 940 2967 1012 ήμῶν
3000 938 3175 1011 Ἰησοῦ
3215 935 3474 1023 Χριστοῦ,

1897 1036 2016 1107 μεθ’
2044 1031 2105 1091 οὗ
2130 1036 2209 1108 τῷ
2235 1037 2411 1107 [Ιατρλ⁵
2438 1035 2555 1107 ἅμα
2578 1034 2656 1106 τῷ
2689 1034 2829 1106 ἀγίῳ
2857 1033 3138 1104 Πνεύματι
3165 1032 3315 1098 δόξα,
3339 1031 3478 1106 κράο

238 1134 301 1186 ἐν
334 1130 452 1197 τοῖς
483 1131 779 1199 οὐρανοῖς.
806 1132 967 1187 Ὥστε
1015 1132 1166 1185 οὐδὲν
1216 1131 1607 1201 ἀπεστέρησαι,
1662 1128 1799 1183 ἀλλά
1889 1146 2002 1197 τος,
2035 1129 2193 1201 τιμὴ,
2222 1128 2443 1187 νῦν-καὶ
2470 1129 2578 1195 ἀεὶ,
2606 1129 2700 1183 καὶ
2728 1128 2812 1192 είς
2839 1126 2971 1192 τοὺς
2994 1125 3205 1193 ,αἰῶνας
3223 1124 3331 1189 τῶν
3355 1122 3479 1190 αίῴ-

240 1224 325 1279 καὶ
357 1224 711 1296 προσέλαϐες·
740 1223 840 1278 οὒκ
877 1224 1151 1296 ἠδίκησαι,
1186 1222 1323 1279 ἀλλά
1362 1222 1456 1283 καὶ
1490 1220 1797 1291 ἐστεφανώ-

1892 1241 2023 1279 νιον.
2067 1223 2269 1301 ’Δρ-μήν.

259 1464 2784 1493 ww

1570 1627 1720 1701 [με]
1751 1629 1995 1711 omum
2038 1633 2139 1686 IZ’:

239 1767 437 1825 IIqu
485 1782 588 1835 μοι
640 1764 901 1830 ἔξεστιν,
950 1763 1101 1821 ἀλλ’
1143 1766 1214 1819 οὐ
1260 1764 1457 1819 πάντα
1492 1765 1802 1834 συμφέρει·

304 1834 499 1892 πάντα
531 1854 633 1905 μοι
667 1836 928 1903 ἔξεο-τιν,
959 1835 1096 1891 ἀλλ’
1120 1838 1231 1890 οὐκ
1264 1834 1380 1907 ἐγὼ
1407 1836 1807 1907 ἐξουσιασθή-

306 1925 489 1977 σομαι
504 1907 637 1965 ὑπό
665 1922 846 1971 τινος.
1348 1936 1351 1941 ι

306 2013 373 2068 α’.
387 2013 523 2075 Τοὺς
540 2008 879 2080 λαιμάργους
893 2007 1124 2062 ἐνταῦθα
1138 2010 1448 2063 αἰνίττεται.
1468 2008 1683 2080 Ἐπειδὴ
1700 2007 1807 2080 γὰρ

242 2098 423 2169 μέλλει
456 2096 615 2148 πάλιν
654 2095 745 2146 ἐπὶ
791 2093 880 2146 τὸν
913 2093 1319 2162 πεπορνευκότα
1364 2094 1642 2164 φέρεσθαι,
1684 2095 1716 2164 ή
1750 2093 1807 2145 δὲ

240 2168 463 2252 πορνεία
485 2179 593 2231 ἀπὸ
618 2176 831 2248 τρυφῆς
859 2175 954 2229 καὶ
978 2177 1262 2247 ἀμετρίας,
1293 2176 1536 2248 σφοδρῶς
1556 2176 1617 2229 τὸ
1639 2176 1809 2240 πάθος

239 2264 477 2328 κολάζει.
512 2262 646 2315 Ούδὲ
695 2260 803 2331 γὰρ
848 2260 973 2331 περὶ
1008 2259 1119 2313 τῶν
1154 2259 1619 2332 ἀπηγορευμένων
1660 2261 1809 2329 λέγει

238 2348 413 2407 τοῦτο·
446 2348 628 2399 ἐκεῖνα
670 2346 779 2415 γὰρ
805 2344 902 2397 οὐκ
933 2342 1171 2408 ἔξεστιν·
1199 2343 1334 2396 ἀλλά
1363 2343 1491 2413 περὶ
1523 2342 1631 2395 τῶν
1658 2343 1806 2396 ἀδια-

240 2435 421 2503 φόρων
450 2426 586 2482 εἶναι
621 2427 941 2482 δοκούντων.
972 2421 1097 2480 Οἷόν
1120 2445 1170 2480 τι
1192 2426 1356 2496 λέγω·
1382 2426 1622 2492 Ἔξεστι,
1651 2427 1806 2498 φησὶ,

239 2518 459 2585 φαγεῖν,
495 2514 590 2567 καὶ
616 2514 778 2576 πιεῖν,
810 2511 924 2565 ἀλλ’
963 2513 1025 2565 ού
1071 2513 1336 2583 συμφέρει
1377 2512 1515 2582 μετά
1549 2511 1807 2575 ἀσωτίας.

238 2600 347 2652 Καὶ
399 2598 465 2650 τὸ
511 2597 575 2668 δὴ
627 2586 939 2665 θαυμαστὸν
983 2593 1148 2648 αὑτοῦ
1201 2595 1295 2648 καὶ
1330 2594 1650 2665 παράδοξον,
1679 2594 1708 2647 ὃ
1747 2594 1811 2666 δὴ

236 2679 511 2750 πολλαχοῦ
557 2680 727 2732 ποιεῖν
764 2678 953 2731 εἴωθεν
976 2679 1055 2740 είς
1091 2678 1152 2729 τὸ
1179 2678 1417 2730 ἐναντίον
1464 2678 1812 2749 περιτρέπων

237 2766 327 2819 τὸν
356 2766 538 2833 λόγον,
566 2761 725 2815 τοῦτο
750 2762 844 2814 καὶ
866 2760 1100 2814 ἐνταῦθα
1137 2760 1557 2827 κατασκευάζει,
1585 2762 1677 2814 καὶ
1706 2761 1815 2814 δεί-

235 2866 429 2902 κνυσιν
461 2850 543 2901 ὅτι
565 2847 626 2899 τὸ
657 2848 715 2899 ἐν
740 2844 956 2916 ἐξουσίᾳ
1002 2846 1196 2910 ποιεῖν,
1225 2845 1287 2899 ού
1330 2845 1489 2915 μόνον
1517 2847 1575 2898 οὐ
1606 2845 1816 2917 συμφέέ-

242 2950 345 3003 ρει,
397 2930 514 2983 ἀλλ’
549 2929 671 2983 οὐδὲ
714 2928 959 2993 ἐξουσίας
997 2928 1163 2991 ἐστὶν,
1213 2929 1349 2983 ἀλλά
1392 2929 1651 2993 δουλείας.
1706 2930 1817 2988 Καὶ

236 3016 461 3086 πρῶτον
494 3015 591 3085 μὲν
632 3012 740 3067 ἀπὸ
776 3012 874 3066 τοῦ
913 3013 1238 3087 ἀσυμφόρου
1280 3013 1579 3089 ἀποτρέπει
1618 3014 1812 3083 λέγων*

239 3102 324 3154 Οὐ
360 3097 679 3166 συμφέρει·
700 3096 960 3165 δεύτερον
977 3096 1034 3149 δέ
1060 3097 1154 3149 καὶ
1173 3095 1281 3148 ἀπὸ
1314 3094 1407 3149 τοῦ
1437 3096 1704 3161 ἐναντίου,
1731 3095 1818 3150 λέ-

236 3199 372 3250 γων,
421 3181 508 3233 ὅτι
559 3181 679 3233 Οὐκ
733 3176 863 3246 ἐγὼ»
891 3177 1443 3247 ἐξουσιασθήσομαι
1479 3181 1599 3235 ὑπό
1632 3197 1812 3245 τινος.
1833 3195 1848 3209 ο

242 3266 311 3317 ἰ.)
351 3265 416 3318 δὲ
449 3264 615 3330 λέγει,
649 3260 806 3315 τοῦτό
849 3262 993 3314 ἐστι·
1032 3260 1233 3332 Κύριος
1266 3258 1315 3314 εἴ
1344 3261 1440 3315 τοῦ
1478 3267 1690 3332 φαγεῖν,
1724 3281 1820 3335 φη-

240 3350 353 3403 σίν·ι
379 3347 580 3402 οὐκοῦν
612 3347 739 3417 μένε
770 3345 955 3418 κύριος
984 3345 1078 3408 ῶν,
1105 3348 1201 3400 καὶ
1232 3346 1421 3400 σκόπει
1447 3347 1520 3418 μὴ
1540 3348 1670 3420 γένη
1701 3347 1819 3402 δοῦ-

234 3433 329 3496 λος
380 3429 590 3485 τούτου
632 3430 729 3483 τοῦ
785 3429 1006 3493 πάθους.
1051 3430 1116 3482 ’0
1139 3430 1240 3500 μὲν
1267 3430 1376 3500 γὰρ
1408 3432 1487 3495 είς
1526 3431 1641 3484 δέον
1670 3432 1820 3504 αὐτῷ

235 3515 610 3587 κεχρημένος,
639 3514 799 3576 αὐτὸς
828 3513 997 3569 αὐτοῦ
1026 3512 1211 3584 κύριός
1241 3516 1407 3567 ἐστιν·
1441 3518 1470 3569 6
1502 3515 1558 3568 δὲ
1585 3518 1663 3579 είς
1686 3518 1816 3587 ἀμε-

234 3602 400 3673 τρίαν
439 3598 619 3664 ἐξιὼν,
652 3598 835 3651 οὐκέτι
876 3597 1082 3669 κύριος,
1113 3598 1247 3651 ἀλλά
1272 3598 1454 3659 δοῦλος
1484 3600 1649 3653 αὑτοῦ
1676 3592 1821 3669 γίνε-

235 3702 351 3750 ται,
382 3684 491 3753 τῆς
512 3681 817 3753 ἀδηφαγίας
841 3682 897 3735 ἐν
929 3681 1078 3752 αὐτῷ
1105 3683 1488 3754 τυραννούσης.
1525 3680 1676 3748 Εἶδες
1706 3684 1821 3749 πῶς

235 3768 331 3821 τὸν
371 3767 672 3836 νομίζοντα
706 3764 952 3831 ἐξουσίαν
992 3765 1155 3835 ἔχειν,
1191 3765 1390 3832 ἔδειξεν
1425 3767 1528 3820 ὑπὸ
1577 3767 1825 3831 ἐξουσίαν

235 3852 412 3913 hcc;
443 3852 488 3903 Τ
491 3850 616 3902 ούτο
641 3848 750 3918 γάρ
783 3847 906 3911 έθος
937 3847 1014 3916 τῷ
1035 3848 1232 3919 Παύλῳ
1256 3853 1448 3915 ποιεῖν,
1491 3850 1626 3923 ὅπερ
1653 3849 1823 3920 ἔφθην

237 3934 436 3998 εἰπὼν,
485 3934 562 3996 εἰς
590 3933 652 3985 τὸ
677 3932 914 3985 ἐναντίον
944 3934 1292 4003 περιτρέπειν
1327 3935 1425 3996 τὰς
1446 3935 1765 3998 ἀντιθέσεις,
1796 3934 1825 3988 ὃ

235 4018 302 4089 δὴ
330 4019 433 4070 καὶ
462 4014 693 4068 ἐνταῦθα
722 4015 1004 4085 πεποίηκε.
1023 4016 1217 4068 Σκόπει
1236 4015 1312 4069 δέ·
1331 4018 1581 4070 Ἐκείνων
1597 4018 1826 4083 ἕκαστος

236 4101 456 4168 ἔλεγεν·
495 4097 706 4162 Ἔξεστί
743 4114 833 4167 μοι
877 4099 1086 4168 τρυφᾷν
1110 4113 1123 4126 ·
1163 4100 1323 4161 αὐτός
1367 4116 1553 4170 φησιν,
1602 4102 1685 4154 ὅτι
1715 4103 1827 4173 Οὐχ

235 4183 422 4245 οὕτως
456 4180 591 4233 αὐτὸ
623 4183 817 4243 ποιεῖς,
844 4179 918 4243 ὡς
945 4180 1191 4245 ἐξουσίαν
1226 4181 1366 4251 ἔχων
1394 4182 1578 4248 αὑτοῦ,
1611 4184 1724 4238 ἀλλ’
1752 4186 1827 4250 ὡς

236 4267 413 4329 αὐτὸς
442 4264 801 4334 ὑποκείμενος
834 4267 898 4335 τῇ
923 4265 1136 4336 ἐξουσίᾳ
1161 4265 1353 4338 ταύτῃ.
1386 4268 1519 4321 υύδὲ
1553 4269 1662 4341 γάρ
1685 4270 1827 4340 ἔχεις

235 4351 506 4416 ἐξουσίαν
530 4348 632 4418 τῆς
656 4348 913 4420 γαστρὸς,
944 4350 1045 4413 ἓως
1090 4350 1156 4403 ἂν
1189 4351 1397 4415 ἄσωτος
1424 4348 1511 4425 ἧς,
1550 4356 1664 4409 ἀλλ’
1689 4357 1829 4427 αὑτὴ

239 4434 339 4487 σοῦ
373 4434 483 4502 τὴν
512 4432 761 4497 ἐξουσίαν
788 4433 921 4502 ἔχει.
954 4432 1124 4486 Τοῦτο
1152 4435 1244 4487 καὶ
1273 4436 1366 4489 ἐπὶ
1393 4437 1503 4489 τῶν
1532 4439 1830 4510 χρημάτων

236 4518 338 4571 καὶ
398 4517 501 4570 ἐπὶ
545 4516 653 4569 τῶν
689 4516 864 4570 ἀλλων
900 4515 1043 4570 ἐστιν
1082 4518 1274 4573 εἰπεῖν.
1322 4519 1397 4574 Τὰ
1428 4520 1712 4590 βρώματα
1757 4522 1835 4593 τῇ

237 4602 478 4667 κοιλίᾳ.
513 4598 733 4652 Κοιλίαν
767 4598 1018 4663 ἐνταῦθα,
1052 4600 1113 4652 ού
1144 4600 1241 4672 τὴν
1266 4604 1530 4672 γαστέρα,
1575 4605 1710 4660 ἀλλά
1736 4607 1835 4678 τὴν

236 4683 706 4755 γαστριμαργίαν
732 4682 903 4752 λέγει·
930 4682 1005 4746 ὡς
1031 4684 1158 4738 ὅταν
1178 4684 1329 4756 λέγῃ·
1367 4680 1481 4740 Ὧν
1534 4692 1567 4743 ὀ
1614 4689 1748 4756 θεὸς
1794 4692 1834 4760 ἠ

235 4768 479 4829 κοιλία,
535 4768 596 4820 οὐ
644 4768 773 4836 περὶ
815 4766 909 4819 τοῦ
946 4767 1139 4837 μέλους
1176 4768 1369 4837 λέγων,
1401 4770 1550 4825 ἀλλὰ·
1577 4774 1701 4842 περὶ
1739 4775 1837 4844 τῆς

236 4849 593 4920 ἀδηφαγίας.
617 4850 737 4903 Ὅτι
771 4850 1061 4920 γὰρητοῐιτὸ
1088 4852 1256 4912 ἐστιν,
1299 4855 1527 4908 ἄκουσον
1560 4855 1666 4910 τῶν
1688 4857 1835 4928 ἑξῆς·

234 4934 357 4988 Καὶ
390 4936 433 4999 ἠ
473 4934 680 4986 κοιλία
726 4933 848 4998 τοῖς
894 4934 1188 5003 βρώμασι·
1238 4935 1305 4988 τὸ
1340 4936 1409 4990 δὲ
1447 4938 1618 5008 σῶμα
1660 4943 1732 4994 οὐ
1762 4940 1839 5011 τῇ

235 5015 532 5083 πορνείᾳ,
571 5015 732 5069 ἀλλὰ
764 5014 845 5080 τῷ
882 5018 1097 5084 Κυρίῳ.
1124 5018 1234 5071 Καὶ⁵
1289 5021 1394 5089 μὴν
1440 5023 1535 5074 καὶ
1574 5023 1605 5093 ή
1638 5022 1834 5089 κοιλία,

239 5099 440 5169 σῶμα.
500 5097 659 5150 Ἀλλά
697 5098 790 5151 δύο
832 5098 1088 5167 συζυγίας
1124 5100 1307 5171 ἔθηκε,
1339 5104 1406 5157 τὰ
1438 5105 1702 5177 βρώματα
1745 5109 1839 5161 καὶ

234 5184 345 5251 τὴν
387 5181 867 5253 γαστριμαργίαν,
896 5183 1031 5254 ὅπερ
1064 5184 1272 5239 κοιλίαν
1299 5187 1543 5253 ἐκάλεσε,
1584 5190 1674 5243 τὸν
1701 5192 1838 5262 Χρι-

238 5265 374 5317 στὸν
408 5264 517 5317 καὶ
543 5264 603 5319 τὸ
629 5265 810 5337 σῶμα.
843 5268 907 5320 Τί
941 5268 999 5322 δέ
1031 5272 1166 5335 ἐστι,
1204 5271 1280 5325 Τὰ
1300 5271 1583 5342 ,βρώματα
1614 5274 1693 5343 τῇ
1720 5293 1841 5330 κοι-

232 5349 385 5413 .ιι⁹ᾳ;
418 5345 513 5399 Τὰ
555 5347 841 5419 βρώματα,
878 5352 1031 5423 φησὶ,
1079 5354 1213 5425 πρὸς
1253 5354 1352 5424 τὴν
1399 5360 1840 5430 γαστριμαργίαν

236 5431 361 5501 ἔχει
400 5431 618 5500 φιλίαν,
673 5432 769 5485 καὶ
815 5433 952 5505 αὕτη
989 5435 1124 5506 πρὸς
1158 5436 1349 5490 ταῦτα.
1379 5439 1454 5492 Ού
1487 5440 1707 5496 δύναται
1748 5439 1841 5496 οὖν

234 5515 391 5585 πρὸς
418 5515 524 5568 τὸν
546 5517 778 5587 Χριστὸν
798 5520 946 5588 ἡμᾶς
970 5520 1142 5588 ἄγειν,
1164 5521 1299 5575 ἀλλά
1324 5522 1455 5594 πρὸς
1480 5523 1647 5577 ταῦτα
1672 5525 1839 5583 ἕλκει.

238 5600 443 5661 Πάθος
479 5599 589 5669 γὰρ
621 5600 856 5670 χαλεπὸν
896 5604 987 5655 καὶ
1030 5604 1291 5676 θηριῶδές
1320 5608 1457 5668 ἐστι,
1503 5608 1594 5661 καὶ
1625 5610 1842 5675 δούλους

239 5684 425 5748 ποιεῖ,
475 5683 572 5735 καὶ
597 5685 768 5757 ταύτῃ
797 5683 1159 5742 διακονεῖσθαι
1187 5688 1611 5776 παρασκεκὸμῖει.
1636 5692 1701 5745 Τί
1733 5694 1842 5748 τοί-

1912 1782 2006 1821 νυν
2058 1764 2192 1837 περὶ
2229 1764 2435 1837 τροφὴν
2470 1765 2734 1837 ἐπτόησαι
2776 1766 2873 1821 καὶ
2907 1765 3165 1840 κέχηνας,
3198 1767 3486 1840 ἀνθρωπες

1912 1851 1985 1904 Τὸ
2009 1850 2119 1921 γάρ
2144 1850 2294 1914 τέλος
2325 1850 2539 1920 ἐκείνης
2566 1852 2665 1921 τῆς
2694 1850 2968 1915 διακονίας
2995 1850 3170 1915 τοῦτο,
3198 1852 3293 1904 καὶ
3329 1850 3490 1907 πλέον

1912 1933 2062 1987 οὐδὲν
2084 1933 2426 1999 ἐπιδείξεται·
2459 1932 2572 1986 ἀλλ’
2594 1933 2781 2005 ῶσπερ
2805 1933 3060 2008 δεσποίνῃ
3080 1936 3187 1988 τινὶ
3212 1934 3492 1989 διακονου-

1916 2017 2050 2088 μένη
2089 2017 2239 2086 μένει
2269 2015 2599 2087 διατηροῦσα
2625 2014 2724 2087 τὴν
2759 2015 3001 2069 δουλείαν
3042 2016 3266 2088 ταύτην,
3295 2021 3387 2073 καὶ
3426 2020 3491 2075 ού

1915 2100 2129 2171 πρόεισι
2152 2101 2479 2171 περαιτέρω,
2508 2098 2658 2172 [146]
2687 2101 2780 2154 καὶ
2800 2100 2953 2154 οὐδὲν
2972 2099 3131 2170 ἔργον
3152 2100 3335 2174 ἓτερον
3354 2102 3490 2174 ἔχει,

1914 2184 2026 2237 ἀλλ’
2063 2184 2194 2237 αὐτὸ
2221 2184 2378 2237 τοῦτο
2408 2184 2469 2237 τὸ
2502 2185 2747 2255 μάταιον.
2785 2184 2895 2239 Καὶ
2924 2186 3207 2257 ἀμφότερα
3241 2186 3493 2260 ἀλλήλοις

1916 2266 2331 2337 συμπέπλεκται
2354 2268 2446 2321 καὶ
2469 2266 2920 2336 συγκαταλύεται,
2942 2270 2976 2339 ἡ
3004 2268 3182 2323 κοιλία
3212 2272 3324 2334 τοῖς
3352 2270 3495 2342 βρώ-

1918 2366 2073 2419 μασι,
2105 2349 2288 2403 καὶτὰ
2321 2349 2587 2421 βρώματα
2611 2353 2678 2422 τῇ
2708 2351 2905 2423 κοιλίᾳ,
2933 2351 3130 2423 δρόμον
3161 2354 3285 2408 τινά
3307 2355 3495 2426 ἀνήνυ·

1915 2449 2006 2485 τον
2022 2432 2370 2487 ἀνελίττουσα
2385 2447 2399 2461 ·
2424 2432 2499 2495 ὡς
2519 2432 2583 2487 ἂν
2607 2434 2656 2486 εί
2684 2432 2791 2486 ἀπὸ
2824 2433 3077 2504 σώματος
3101 2435 3494 2508 διεφθαρμένου

1917 2514 2197 2585 σκώληκες
2241 2515 2530 2577 τίκτοιντο,
2570 2516 2663 2569 καὶ
2709 2516 2870 2571 πάλιν
2899 2508 3495 2592 ύπὺ.τῶνσ>αι›λήκων

1916 2597 2256 2652 ἀναλίσκοιτο
2290 2598 2351 2651 τδ
2387 2598 2567 2670 σῶμα·
2599 2599 2632 2670 ἢ
2664 2598 2852 2671 ῶσπερ
2872 2599 3497 2674 ἀνείκῦμακορυφού-

1923 2699 2083 2753 μενον
2110 2683 2205 2735 καὶ
2233 2682 2585 2753 διαλυόμενον
2608 2684 3276 2756 μηδὲνςπεραίνοιπλέον.
3311 2685 3497 2741 Ταῦτα

1917 2764 2052 2825 δὲ,νού
2090 2766 2219 2836 περὶ
2249 2765 2457 2835 τροφῆς
2487 2764 2860 2836 καὶ,σώματος
2889 2766 3058 2835 λέγει,
3081 2768 3217 2823 ἀλλά
3240 2768 3302 2823 τὺ
3326 2769 3497 2833 πάθος

1918 2849 2016 2917 τῆς
2036 2848 2479 2919 γαστριμαργίας
2502 2848 2598 2902 καὶ
2621 2850 2721 2919 τὴν
2750 2849 3019 2919 ἀμετρίαν
3045 2850 3157 2905 τῶν
3186 2851 3500 2922 ἐδεσμάτων

1920 2929 2216 2987 διαϐάλλει.
2274 2932 2385 2985 Καὶ
2430 2930 2580 3000 δηλοῖ
2620 2934 2689 2985 τὰ
2730 2932 2875 3003 ἐξῆς·
2927 2932 3123 3001 ἐπάγει
3158 2934 3288 3004 γάρ·
3322 2934 3386 2988 '0
3428 2932 3501 2989 δὲ

1924 3012 2069 3081 Θεὸς
2113 3012 2212 3067 καί
2247 3013 2472 3081 ταύτην
2517 3013 2618 3067 καὶ
2652 3014 2842 3069 ταῦτα
2877 3017 3259 3086 καταργήσει·
3291 3016 3352 3071 ού
3399 3016 3499 3089 τὴν

1922 3096 2167 3166 γαστέρα
2210 3095 2403 3165 λέγων,
2435 3094 2571 3150 ἀλλά
2613 3097 2713 3168 τὴν
2756 3098 2994 3169 ἄμετρον
3023 3099 3338 3171 ἐπιθυμίαν,
3375 3099 3505 3155 ούδέ

1920 3179 2020 3251 τὴν
2075 3177 2300 3250 τροφὴν,
2333 3178 2466 3232 ἀλλά
2514 3178 2612 3250 τὴν
2641 3182 2873 3250 τρυφήν.
2898 3181 3043 3251 Πρὸς
3078 3182 3185 3254 γὰρ
3220 3185 3404 3237 ἐκεῖνα
3435 3183 3498 3237 ού

1922 3261 2283 3332 δυσχεραίνει,
2308 3261 2443 3316 ἀλλά
2473 3262 2570 3315 καὶ
2594 3263 2876 3332 νομεθετεῖ
2900 3264 3029 3336 περὶ
3053 3265 3232 3319 αὐτῶν
3251 3265 3393 3323 οὕτω
3416 3265 3504 3334 λέτ

1923 3362 2055 3414 γων·
2102 3346 2388 3414 Ἔχοντες
2420 3348 2643 3414 τροφὰς
2687 3346 2784 3401 καὶ
2824 3348 3240 3418 σκεπάσματα,
3267 3351 3503 3419 τούτοις

1923 3428 2445 3500 ἀρκεσθησόμεθα·
2492 3429 2627 3483 ἀλλά
2654 3431 2823 3503 ταύτῃ
2860 3432 3133 3490 διαϐάλλει
3156 3434 3501 3505 ,τδπρᾶγμα,

1926 3510 2022 3564 καὶ
2048 3510 2146 3581 τὴν
2176 3510 2460 3581 διόρθωσιν
2489 3512 2655 3567 αὐτοῦ
2692 3514 2829 3583 μετά
2867 3514 3176 3586 συμϐουλὴν
3205 3510 3504 3589 ἐπιτρέψας

1926 3594 2081 3665 εὐχῇ.
2111 3595 2267 3657 Τινὲς
2311 3594 2367 3647 δέ
2415 3613 2602 3665 φασιν,
2630 3599 2711 3651 ὅτι
2762 3600 3068 3669 προφητεία
3111 3600 3170 3653 τὸ
3215 3602 3504 3672 εἰρημένον

1928 3678 2064 3743 ἐστὶ,
2095 3677 2192 3749 τὴν
2222 3674 2281 3730 ἐν
2308 3677 2386 3748 τῷ
2417 3678 2663 3749 μέλλοντι
2697 3679 2852 3733 αἰῶνι
2883 3682 3214 3735 κατάστασιν
3246 3684 3503 3755 δηλοῦσα,

1928 3761 2023 3813 καὶ
2072 3760 2153 3813 ὅτι
2202 3760 2302 3813 οὐκ
2339 3762 2484 3813 ἐστιν
2522 3763 2639 3814 ἐκεῖ
2678 3765 2871 3831 φαγεῖν
2907 3763 3029 3816 οὐδὲ
3062 3767 3225 3818 πιεῖν.
3254 3767 3316 3819 Ei
3357 3766 3412 3820 δὲ
3444 3768 3506 3821 τὸ

1930 3842 2244 3913 σύμμετρον
2292 3842 2402 3907 ἐξει
2444 3844 2616 3908 τέλος,
2656 3845 2832 3917 πολλῷ
2860 3847 3059 3917 μᾶλλον
3101 3849 3198 3919 τῆς
3240 3851 3506 3922 ἀμετρίας

1930 3925 2227 3995 ἀπέχεσθαι
2267 3926 2365 3979 δεῖ.
2396 3922 2527 3979 Εἶτα
2561 3928 2646 3981 ἵνα
2676 3928 2750 3998 μὴ
2780 3930 2975 4001 νομίσῃ
3012 3947 3095 3994 τις
3144 3932 3227 3984 ὃτι
3257 3932 3348 3986 τοῦ
3400 3932 3506 3986 σώ-

1935 4009 2099 4079 ματός
2121 4009 2267 4061 ἐστιν
2301 4008 2599 4081 ὴδιαὸολὴ,
2633 4010 2767 4081 μηδέ
2792 4012 3104 4085 ὑποπτεύσῃ
3138 4015 3219 4068 ὃτι
3268 4015 3376 4069 ἀπὸ
3409 4014 3506 4079 τοῦ

1936 4093 2133 4162 μέρους
2165 4091 2225 4145 τὸ
2271 4092 2389 4145 ὅλον
2427 4092 2659 4155 διέϐαλε,
2690 4093 2826 4165 μηδὲ
2866 4095 2999 4167 λέγῃ
3035 4096 3118 4150 ὅτι
3146 4097 3376 4169 ἡφύσις
3411 4097 3506 4153 τοῦ

1936 4175 2183 4244 σώματος
2216 4174 2364 4227 αἰτία
2391 4170 2459 4246 ἦν
2485 4179 2582 4247 τῆς
2616 4176 2873 4243 πορνείας
2895 4188 2936 4243 ⁸,
2965 4168 3331 4247 ἀκουσονῖτῷν
3356 4182 3504 4253 ἑξῆς.

1935 4258 2010 4310 Ού
2042 4257 2150 4327 γάρ
2168 4256 2265 4327 τὴν
2291 4258 2451 4327 φύσιν
2480 4261 2760 4331 αἰτιῶμαι,
2786 4264 2938 4333 φησὶ,
2964 4263 3352 4336 τού-σώματος,
3373 4266 3511 4322 ἀλλὰ
3584 4304 3591 4313 ι

1935 4341 2035 4409 τὴν
2060 4338 2297 4411 ἄμετρον
2326 4345 2424 4412 τῆς
2447 4343 2623 4415 ψυχῆς
2656 4347 2914 4400 ἀσωτίαν·
2942 4348 3022 4411 διὸ
3054 4351 3153 4415 καὶ,
3182 4350 3395 4417 ἐπάγει·
3438 4351 3511 4406 Τὸ

1935 4423 2003 4475 δὲ
2040 4422 2211 4491 σῶμα
2242 4424 2313 4477 οὺ
2348 4423 2422 4492 τῇ
2458 4428 2722 4494 πορνείᾳ,
2753 4430 2914 4484 ἀλλὰ
2940 4429 3021 4496 τῷ
3048 4433 3260 4500 Κυρίῳ.
3293 4434 3367 4486 Οὐ
3399 4433 3510 4505 γὰρ

1934 4504 2023 4559 διά
2047 4506 2202 4559 τοῦτο
2230 4509 2659 4578 κατεσκευάσθη,
2686 4511 2772 4565 ῖνα
2792 4513 3015 4577 ἀσώτως
3040 4516 3105 4587 ζῇ
3130 4517 3224 4569 καί
3247 4504 3509 4591 πορνεύη,

1934 4588 2278 4674 ῶσπερούδέ
2320 4593 2354 4662 ἡ
2386 4592 2581 4657 κοιλία,
2620 4596 2706 4648 ἴνα
2744 4603 3152 4670 γαστριμαργῇ,
3182 4600 3297 4654 ἀλλ’
3322 4588 3409 4657 ῖνα
3432 4588 3512 4674 τῷ

1933 4673 2153 4744 Χριστῴ
2184 4674 2480 4746 ἐπηται.ὼς
2513 4678 2746 4749 κεφαλῇ,
2775 4681 2867 4733 καί
2887 4681 2915 4732 6
2951 4681 3152 4753 Κύριος
3185 4684 3264 4756 τῷ
3294 4673 3508 4756 σώματι

1937 4757 2242 4826 ἐπικέηται.
2298 4759 2680 4831 Δίδεσθῶμεν,
2742 4762 3019 4835 φρίξωμεν
3089 4766 3171 4820 ὅτι
3244 4769 3513 4840 τοσαύτης

1934 4841 2259 4906 ἀξιωθέντες
2312 4845 2497 4915 τιμῆς,
2561 4845 2636 4908 ῶς
2687 4847 2895 4901 ἐκείνου
2952 4849 3045 4903 τοῦ
3101 4852 3213 4906 ἀνω
3268 4854 3515 4924 καθημέ-

1935 4943 2024 4979 νου
2071 4925 2321 4994 γενέσθαι
2383 4928 2545 4999 μέλη.
2593 4930 2867 4997 τοσούτοις
2918 4938 3107 4999 κακοῖς
3161 4938 3515 5008 καταισχύνοο

1939 5024 2038 5076 μεν
2096 5006 2341 5072 ἑαυτούς.
2377 5012 2776 5085 Κατηγορήσας
2813 5017 2990 5069 τοίνυν
3023 5019 3223 5083 ίκανῶς
3266 5006 3376 5073 τῶν
3416 5038 3515 5089 γα-

1940 5091 2315 5176 στριμάργιυν,
2377 5094 2472 5148 καὶ
2527 5098 2595 5167 τῇ
2648 5096 2760 5151 τῶν
2816 5100 3115 5171 μελλόντων
3177 5103 3351 5158 ἐλπίδι
3414 5105 3514 5176 τῆς

1938 5173 2138 5235 κακίας
2166 5176 2367 5245 ἀπάγει
2406 5177 2631 5251 ταύτης,
2665 5182 2838 5251 λέγων
2857 5200 2872 5215 ·
2915 5185 2978 5238 '0
3004 5185 3074 5239 δὲ
3109 5187 3255 5254 Θεὸς
3281 5188 3381 5243 καὶ
3410 5173 3516 5244 τὸν

1937 5257 2157 5331 Κύριον
2179 5258 2396 5329 ἤγειρε,
2422 5262 2523 5318 καί
2563 5264 2722 5335 ἡμᾶς
2745 5266 3010 5339 ἐξεγερεῖ
3052 5270 3150 5327 διὰ
3189 5271 3299 5342 τῆς
3328 5272 3513 5328 δυνά·

1933 5356 2090 5409 μεως
2115 5342 2320 5400 αὑτοῦ.

2013 5465 2075 5537 β’.
2101 5464 2251 5555 Εἶδες
2274 5472 2434 5527 πάλιν
2468 5477 2657 5544 σοφίαν
2679 5479 3040 5553 ἀποστολικήν
3064 5482 3155 5547 ;τδ
3175 5483 3286 5555 γὰρ
3304 5485 3517 5550 ἀξιόπι-

1945 5567 2068 5604 στον
2115 5553 2202 5606 ἀεὶ
2248 5556 2349 5626 τῆς
2385 5557 2733 5626 ἀναστάσεως
2778 5564 2885 5617 ἀπὸ
2931 5566 3024 5618 τοῦ
3070 5553 3306 5639 Χριστοῦ
3352 5586 3515 5623 κατα·

2009 5718 2033 5747 ⁸
2057 5716 2201 5781 1193.,
2230 5720 2259 5777 ἡ
2281 5719 2415 5785 φύσις
2432 5728 2514 5783 τῆς
2531 5724 2899 5789 γαστριμαργίας
2916 5726 3045 5775 αἰτία
3065 5728 3095 5787 ἢ
3116 5734 3198 5787 τῆς
3218 5729 3454 5793 πορνείας.
