3838 6214
191 257 271 313 ιιι
1192 241 1262 298 ΙΝ
1298 241 1515 299 EPIST.
1559 242 1579 298 l
1643 243 1736 299 AD
1773 243 1932 301 COR.
1974 243 2206 302 HOMIL.
2251 244 2429 323 XVII.

190 374 279 431 tide
304 368 513 439 dignam
554 362 1005 421 resurrectionem
1054 374 1175 415 esse
1215 374 1242 411 a
1274 358 1490 413 Christo
1536 373 1749 427 semper

193 463 380 537 prohat,
406 460 639 514 maxime
666 471 794 511 vero
823 468 982 509 nunc.
1007 451 1061 508 Si
1091 452 1234 507 enim
1264 466 1460 519 corpus
1509 458 1748 503 nostrum

192 554 474 615 membrum
533 559 617 606 est
663 548 895 613 Christi,
939 545 1181 602 Christus
1231 558 1361 599 vero
1407 544 1747 605 resurrexit,

188 651 327 707 etiam
356 661 552 714 corpus
578 642 800 698 omnino
849 647 1008 709 caput
1051 647 1324 709 sequetur.
1357 636 1459 691 Per
1507 638 1745 691 virtutem

187 757 335 800 suam.
364 738 495 807 Quia
523 736 668 791 enim
698 749 810 788 rem
835 732 990 799 dixit,
1020 746 1140 800 quae
1172 745 1278 784 non
1306 728 1542 784 creditur
1586 738 1635 783 et
1668 744 1752 782 ra-

190 833 399 891 tiociniis
426 828 623 900 percipi
671 844 774 881 non
807 835 975 897 potest
1004 867 1019 892 ,
1045 826 1161 895 ejus
1193 824 1404 878 virtutis
1443 824 1750 893 incompre-

187 922 512 982 hensibilitati
542 920 808 975 concessit
836 933 921 985 ea,
956 933 1072 986 qua:
1091 916 1287 971 Christi
1304 917 1751 971 resurrectionem

186 1022 432 1086 spectant,
452 1027 557 1066 non
582 1025 799 1082 parvam
826 1008 949 1063 hinc
970 1007 1480 1063 contra‘iucredulos
1508 1006 1753 1077 prtebens

187 1102 706 1161 demonstrationem.
734 1100 801 1154 Et
819 1100 872 1154 in
899 1098 1098 1154 ChriSti
1124 1097 1338 1167 quidem
1358 1098 1754 1152 resurrectione

188 1199 341 1266 ipsam
370 1210 475 1248 non
507 1193 727 1263 posuit:
761 1205 935 1261 neque
959 1189 1102 1245 enim
1149 1189 1285 1243 dixit
1336 1206 1350 1243 :
1384 1189 1524 1244 Deus
1574 1197 1753 1243 autem

187 1290 333 1345 etiam
367 1286 650 1341 Dominum
678 1283 956 1339 suscitabit
983 1299 998 1348 ;
1030 1297 1119 1336 res
1149 1281 1291 1336 enim
1333 1281 1446 1351 jam
1500 1281 1751 1351 contigit;

186 1382 268 1435 sed
292 1378 602 1450 quomodo?
628 1377 768 1431 Deus
789 1391 907 1430 vero
936 1386 980 1430 et
1009 1374 1283 1428 Dominum
1320 1374 1583 1429 suscitavit
1608 1391 1626 1439 ;
1656 1388 1755 1428 nec

187 1486 309 1542 opus
356 1469 540 1525 habuit
597 1467 934 1538 probatione.
983 1467 1059 1521 De
1112 1476 1293 1521 nostra
1339 1475 1517 1519 autem
1573 1480 1754 1520 resur-

185 1561 451 1627 rectione,
496 1560 620 1630 quia
664 1558 899 1614 nondum
945 1556 1161 1621 evenit,
1195 1572 1302 1611 non
1335 1557 1403 1611 ita
1456 1556 1628 1621 dixit,
1661 1556 1754 1612 sed

188 1651 490 1725 quomodo?
521 1649 587 1703 Et
629 1666 724 1704 nos
770 1648 1030 1704 suscitabit
1061 1665 1150 1718 per
1191 1648 1423 1702 uirtutem
1460 1663 1647 1711 suam;
1691 1663 1755 1701 ex

188 1762 248 1802 eo
275 1744 414 1816 quod
446 1743 550 1799 ﬁde
589 1744 746 1814 digna
792 1743 863 1797 sit
888 1742 1005 1811 ejus
1048 1742 1137 1810 qui
1171 1742 1450 1796 suscitavit
1478 1750 1715 1810 potestas
1738 1782 1754 1808 ,

186 1852 243 1893 os
285 1837 569 1891 obstruens
622 1833 1134 1890 contradicentibus.
1165 1833 1220 1888 Si
1262 1842 1441 1888 autem
1472 1833 1615 1887 Patri
1660 1832 1758 1888 ad—

185 1929 363 1985 scribit
409 1927 606 1983 Christi
638 1928 1095 1983 resurrectionem
1123 1967 1137 1990 ,
1167 1925 1301 1980 nihil
1353 1934 1405 1980 te
1452 1926 1756 1981 conturbet.

186 2024 292 2079 Non
317 2023 458 2078 enim
488 2022 629 2093 quod
674 2020 923 2077 Christus
952 2035 1060 2074 non
1105 2028 1332 2089 posset,
1386 2018 1490 2074 hoc
1536 2020 1712 2089 posuit
1744 2038 1758 2075 :

186 2116 292 2186 ipse
318 2129 548 2184 namque
593 2112 838 2169 Christus
871 2112 1007 2167 dixit
1044 2112 1277 2167 :Solvite
1301 2112 1543 2181 templum
1577 2112 1693 2177 Izoc,
1714 2122 1762 2167 et

184 2208 233 2261 in
260 2207 415 2260 tribus
445 2206 617 2260 diebus
646 2204 873 2259 excitabo
917 2204 1051 2258 illud
1081 2203 1259 2275 (Joan.
1285 2202 1343 2258 2.
1376 2203 1469 2275 l9)
1496 2220 1510 2269 ;
1540 2212 1595 2259 et
1637 2220 1757 2259 ταῖς

183 2312 302 2362 sus,
358 2296 663 2351 Potestatem
714 2296 873 2349 habeo
921 2296 1143 2367 ponendi
1189 2296 1418 2349 animam
1464 2312 1663 2361 meam,
1716 2304 1763 2351 et

186 2402 469 2459 potestatem
504 2392 661 2446 habeo
689 2393 871 2447 iterum
897 2393 1133 2447 sumendi
1154 2408 1264 2447 eam
1290 2392 1472 2463 (Joan.
1509 2393 1596 2449 10.
1624 2393 1713 2465 l8)
1740 2411 1755 2460 ;

185 2493 236 2538 et
284 2484 453 2537 Lucas
504 2483 558 2537 in
609 2484 832 2538 Actibus
882 2484 991 2548 ait,
1028 2482 1224 2548 Quibus
1273 2484 1497 2538 exhibuit
1543 2486 1761 2555 seipsum

185 2578 343 2629 vivam
368 2577 505 2646 (Act.
532 2577 586 2631 1.
613 2576 805 2647 5).Cur
833 2591 961 2646 ergo
985 2576 1180 2631 Paulus
1204 2578 1283 2632 sic
1309 2578 1587 2647 loquitur?
1613 2578 1751 2645 Quia

184 2682 298 2736 qua:
337 2665 459 2721 Filii
487 2674 629 2732 sunt,
660 2666 805 2721 Patri
833 2666 1112 2733 adscribit,
1136 2676 1188 2720 et
1209 2683 1327 2736 qua:
1354 2667 1547 2726 Patris.
1581 2668 1717 2724 Filio
1746 2686 1761 2723 :

184 2772 301 2811 nam
331 2756 460 2824 Qua:
503 2757 592 2812 ille
634 2757 792 2826 facit,
839 2758 1041 2828 inquit,
1075 2768 1121 2812 et
1153 2756 1321 2812 Filius
1366 2758 1598 2813 similiter
1641 2760 1764 2831 facit

186 2849 363 2919 (Joan.
389 2851 446 2907 5.
471 2850 581 2920 19).
606 2850 921 2921 Opportune
947 2860 1126 2906 autem
1154 2850 1442 2907 admodum
1472 2850 1560 2907 h’c
1586 2868 1763 2907 resur-

181 2941 474 2996 rectionem
505 2950 785 3008 memorat,
815 2950 869 2997 et
891 2941 981 2997 tali
1020 2956 1117 3012 spe
1144 2940 1283 3013 gula:
1313 2942 1646 3012 tyrannidem
1676 2957 1763 2998 re-

184 3034 444 3101 primens,
474 3042 531 3088 et
561 3042 763 3088 tantum
811 3049 917 3088 non
965 3033 1153 3090 dicens
1184 3050 1198 3086 :
1227 3032 1517 3088 Comedisti
1538 3074 1553 3099 ,
1584 3034 1765 3089 utbisrl

180 3127 296 3181 sine
330 3141 584 3181 mensura
609 3167 624 3193 ,
654 3136 706 3181 et
733 3126 853 3197 quis
898 3127 999 3181 erit
1030 3126 1197 3181 ﬁnis?
1228 3126 1406 3182 nullus
1428 3168 1442 3192 ,
1491 3128 1594 3182 nisi
1642 3141 1765 3182 cor-

181 3220 354 3289 ruptio
385 3230 613 3274 tantum.
642 3219 975 3290 Conjuncttts
1003 3235 1063 3276 es
1114 3219 1334 3275 Christo
1355 3262 1369 3285 ,
1417 3228 1472 3276 et
1512 3221 1632 3291 quis
1661 3220 1766 3276 erit

179 3310 335 3367 ﬁnis?
362 3326 589 3383 magnus
632 3322 687 3367 et
728 3312 1023 3378 mirabilis,
1049 3312 1228 3367 futura
1285 3313 1610 3369 resurrectio
1643 3313 1763 3385 glo-

180 3403 317 3458 riosa
347 3406 458 3471 illa,
484 3420 786 3460 sermonem
814 3421 1029 3461 omnem
1059 3420 1347 3475 superans.

253 3495 581 3551 Resurrectio
609 3497 786 3567 futura
815 3497 1074 3567 probatur.
1098 3527 1169 3538 —
1193 3497 1361 3552 Nemo
1388 3495 1563 3566 itaque
1586 3511 1765 3551 resur-

180 3589 409 3643 rectioni
458 3588 616 3643 tidem
656 3598 817 3659 neget
858 3590 949 3645 :si
994 3590 1113 3659 quis
1164 3598 1339 3644 autem
1383 3605 1486 3643 non
1539 3589 1761 3656 credat,

178 3679 377 3749 cogitet
405 3691 600 3749 quanta
629 3696 693 3733 ex
722 3679 892 3735 nihilo
920 3679 1269 3749 produxerit,
1299 3688 1353 3734 et
1396 3679 1519 3735 hinc
1566 3680 1633 3735 de
1678 3680 1764 3735 illa

180 3769 697 3825 demonstrationem
722 3771 969 3841 accipiat.
994 3770 1125 3825 Nam
1152 3787 1270 3841 qum
1294 3771 1405 3841 jam
1435 3771 1572 3826 facta
1602 3782 1761 3838 sunt,

181 3862 348 3915 tnulto
391 3870 518 3915 sunt
545 3861 871 3916 mirabiliora
899 3902 914 3927 ,
962 3871 1015 3917 ct
1043 3862 1231 3932 ingens
1260 3862 1576 3917 miraculum
1610 3862 1767 3917 exhi-

180 3951 381 4006 bentia.
420 3951 799 4006 Animadverte
827 3962 1003 4006 autem
1038 3961 1275 4005 :terram
1299 3951 1507 4021 accepit
1551 3960 1606 4005 et
1656 3952 1763 4006 mi-

182 4044 345 4109 scuit,
384 4044 763 4114 hominemque
792 4044 955 4107 fecit;
989 4053 1209 4111 terram,
1239 4045 1478 4114 inquam,
1512 4060 1632 4115 qua:
1659 4058 1767 4098 non

179 4148 335 4191 antea
390 4146 527 4191 erat.
571 4136 850 4205 Quomodo
896 4152 1025 4207 ergo
1072 4146 1211 4192 terra
1238 4136 1374 4191 facta
1424 4147 1508 4193 est
1555 4138 1766 4193 homo?

179 4230 461 4299 quomodo
490 4230 604 4300 ipsa
634 4246 757 4285 cum
787 4244 894 4285 non
926 4237 1107 4295 esset,
1160 4229 1417 4299 producta
1448 4230 1589 4284 fuit?
1636 4246 1772 4301 quo-

184 4329 350 4383 modo
375 4343 500 4397 quae
520 4344 583 4380 ex
610 4329 724 4396 ipsa
757 4327 891 4380 ﬁunt
913 4327 1115 4391 omnia,
1138 4326 1399 4380 immensa
1422 4340 1620 4396 genera
1642 4325 1773 4381 bru-

183 4429 395 4485 torum,
420 4436 710 4482 seminum,
735 4420 1064 4489 plantarum,
1093 4417 1260 4472 nullis
1286 4425 1472 4487 partus
1493 4417 1774 4473 doloribus

184 4513 515 4583 praemissis,
546 4527 653 4567 non
702 4512 900 4580 pluviis
944 4510 998 4564 in
1031 4511 1118 4564 illa
1150 4511 1434 4574 demissis,
1466 4510 1611 4563 nulla
1649 4526 1772 4564 cum

182 4605 560 4675 agricultura,
617 4620 725 4658 non
772 4603 966 4668 bobus,
998 4611 1183 4656 aratro
1224 4602 1304 4656 vel
1350 4602 1456 4655 alio
1493 4601 1559 4655 ad
1592 4609 1773 4656 ortum

182 4694 410 4751 illorum
455 4694 818 4750 administro?
860 4693 981 4747 Ideo
1018 4694 1162 4749 enim
1193 4708 1257 4747 ex
1285 4700 1429 4746 terra
1478 4691 1774 4745 inanimata

186 4792 239 4831 et
265 4778 572 4832 insensibili
603 4788 679 4833 tot
707 4780 758 4832 in
792 4779 1053 4849 principio
1100 4795 1301 4850 genera
1325 4789 1379 4834 et
1407 4780 1704 4850 plantarum
1726 4789 1778 4836 et

185 4871 478 4924 brutorutn
505 4870 817 4925 animalium
862 4882 977 4925 orta
1007 4882 1149 4933 sunt,
1181 4881 1241 4925 ut
1275 4882 1326 4926 te
1365 4873 1474 4939 jam
1522 4872 1651 4926 olim
1695 4889 1781 4927 re-

184 4963 546 5018 surrectionis
604 4965 867 5018 rationem
931 4966 1171 5019 doceret.
1229 4963 1360 5019 illud
1407 4964 1551 5019 enim
1602 4979 1783 5019 resur-

183 5057 441 5111 rectione
486 5057 716 5127 cogitatu
746 5055 1012 5112 difﬁcilius
1037 5064 1139 5112 est.
1165 5055 1279 5111 Non
1309 5057 1459 5127 paria
1484 5057 1628 5111 enim
1656 5067 1783 5115 sunt

182 5150 516 5203 exstinctam
562 5148 830 5203 lucernam
875 5148 1208 5215 accendere,
1239 5156 1294 5203 et
1336 5148 1572 5202 nondum
1613 5163 1782 5218 appa-

186 5249 409 5294 rc-ntcm
454 5240 629 5311 ignem
690 5240 947 5296 exhibere
994 5259 1007 5295 :
1051 5255 1158 5295 non
1203 5240 1349 5311 paria
1378 5248 1504 5295 sunt
1551 5239 1780 5295 dirutam

184 5329 415 5384 domum
443 5330 770 5387 reaediﬁcare
790 5373 804 5395 ,
835 5340 888 5387 et
918 5331 1069 5386 nullo
1098 5330 1256 5385 modo
1284 5330 1631 5385 exsistentem
1659 5345 1785 5400 pro-

185 5421 416 5476 ducere.
448 5421 545 5476 Hic
571 5424 748 5489 enim,
799 5423 903 5478 etsi
948 5421 1079 5477 nihil
1111 5421 1252 5475 aliud
1272 5463 1286 5487 ,
1330 5429 1387 5475 at
1414 5420 1634 5475 materia
1661 5422 1786 5475 sub-

183 5510 330 5584 iecta
359 5521 479 5567 erat
506 5530 518 5566 :
546 5513 658 5568 illic
688 5528 819 5568 vero
868 5529 937 5568 ne
967 5513 1263 5567 substantia
1307 5511 1522 5581 quidem
1563 5526 1786 5581 appare-

187 5604 305 5659 bat.
339 5605 575 5679 ideoque
617 5605 757 5677 quod
791 5605 1061 5659 difﬁcilius
1112 5620 1231 5659 esse
1267 5602 1581 5669 videbatur,
1615 5601 1785 5671 primo

188 5693 343 5766 fecit,
380 5708 435 5753 ut
477 5715 540 5756 ex
584 5698 683 5755 hoc
712 5698 852 5771 quod
880 5698 1084 5754 facilius
1110 5705 1224 5754 erat
1268 5696 1594 5753 admitteres.
1630 5694 1775 5751 Diffi-

3341 244 3445 301 ΗΞ

1858 360 2014 415 cilius
2043 369 2220 416 autem
2250 362 2359 417 divi
2390 404 2405 431 ,
2456 379 2560 418 non
2594 363 2725 433 Deo,
2767 365 2859 421 sed
2887 364 3178 423 secundum
3219 364 3437 420 ratioci-

1858 451 2066 505 niorum
2123 463 2425 508 nostrorum
2489 458 2926 526 consequentiam
2979 476 2992 513 :
3046 458 3156 511 Deo
3209 473 3438 527 namque

1857 544 2077 599 difficile
2125 546 2255 601 nihil
2284 558 2398 613 est;
2446 548 2540 602 sed
2587 549 3033 617 quemadmodum
3093 549 3297 618 pictor,
3343 550 3434 620 qui

1858 651 2016 690 unam
2063 635 2187 691 facit
2230 638 2513 706 imaginem
2544 680 2559 705 ,
2590 639 2898 694 innumeras
2922 639 3078 695 facile
3121 638 3318 700 faciet:
3351 641 3431 696 sic

1857 737 1911 783 et
1936 729 2044 781 Deo
2076 728 2280 783 facilius
2311 730 2428 795 fuit,
2460 730 2770 786 innumeros
2810 730 2985 786 facere
3020 731 3255 785 mundos
3280 739 3441 800 atque

1857 818 2095 874 inﬁnitos
2128 837 2143 875 :
2174 821 2280 874 imo
2329 821 2541 890 potius,
2602 831 2658 877 ut
2712 822 2865 878 facile
2896 822 2986 877 tibi
3032 832 3115 878 est
3158 821 3341 877 urbem
3388 829 3444 876 et

1860 910 2095 966 inﬁnitos
2148 914 2383 982 cogitare
2429 913 2695 979 mundos,
2747 915 2818 968 ita
2876 914 2984 969 Deo
3036 915 3156 969 illos
3209 913 3444 968 condere

1860 1002 2011 1058 facile
2038 1013 2139 1068 est,
2174 1004 2280 1058 itno
2309 1006 2467 1074 longe
2491 1005 2719 1061 facilius.
2750 1006 2828 1061 Tu
2857 1007 3001 1061 enim
3032 1022 3220 1077 parum
3250 1006 3439 1061 saltem

1860 1097 2115 1164 temporis
2140 1096 2192 1150 in
2226 1095 2326 1151 hac
2354 1098 2678 1167 cogitatione
2708 1098 2969 1164 insumis;
3000 1100 3140 1153 Deus
3182 1113 3310 1152 vero
3334 1112 3441 1153 non

1860 1187 1984 1241 item
2012 1206 2024 1241 :
2058 1204 2178 1242 nam
2201 1199 2400 1259 quanto
2436 1206 2497 1245 re
2535 1191 2765 1260 quadam
2814 1191 3081 1246 levissima
3103 1233 3116 1255 ,
3143 1192 3250 1245 into
3280 1191 3443 1245 etiam

1861 1288 2041 1334 mente
2068 1292 2248 1333 nostra
2275 1323 2289 1346 ,
2322 1284 2597 1351 graviores
2625 1283 2830 1352 lapides
2874 1293 3000 1339 sunt
3024 1300 3039 1350 ;
3075 1294 3221 1338 tanto
3249 1283 3443 1339 mentis

1861 1385 2059 1428 nostrm
2089 1375 2336 1429 celeritas
2362 1392 2390 1429 a
2426 1377 2534 1430 Deo
2565 1377 2615 1430 in
2644 1379 2879 1432 creando
2924 1387 3226 1446 superatur.
3256 1376 3441 1431 Adtui-

1862 1474 2009 1519 ratus
2060 1481 2118 1520 es
2170 1466 2286 1535 ejus
2336 1467 2388 1519 in
2447 1476 2586 1522 terra
2644 1468 2936 1523 virtutem?
2985 1468 3167 1539 Cogita
3220 1483 3439 1522 rursum

1861 1556 2133 1625 quomodo
2169 1558 2355 1612 cmlum
2386 1557 2580 1613 factum
2609 1561 2677 1612 sit
2704 1574 2823 1613 cum
2849 1575 2954 1612 non
2977 1569 3143 1623 esset,
3173 1557 3446 1628 quomodo

1862 1647 2033 1702 stella:
2058 1648 2473 1705 innumerabiles
2494 1690 2509 1713 ,
2539 1650 2808 1720 quomodo
2834 1652 2910 1705 sol
2934 1694 2948 1717 ,
2977 1652 3247 1722 quomodo
3277 1652 3400 1705 luna
3429 1668 3443 1713 ;

1862 1748 1918 1794 et
1960 1739 2075 1793 haec
2118 1740 2333 1806 omnia,
2380 1756 2504 1796 cum
2546 1757 2650 1795 non
2679 1752 2835 1796 antea
2867 1753 3068 1796 essent.
3091 1742 3328 1804 Rursus,
3360 1742 3449 1797 dic

1863 1830 2016 1893 mihi,
2048 1832 2318 1901 quomodo
2350 1842 2628 1902 postquam
2660 1832 2795 1888 facta
2842 1843 2965 1887 sunt
3005 1841 3275 1888 steterunt
3304 1841 3358 1887 et
3393 1833 3444 1886 in

1863 1923 2009 1993 quo?
2054 1923 2196 1994 quod
2230 1923 2429 1979 habent
2466 1923 2692 1978 fulcrum
2716 1964 2731 1989 ,
2781 1924 3048 1995 quodnam
3093 1925 3277 1978 terra?
3319 1924 3445 1993 quid

1864 2024 1984 2086 post
2013 2016 2253 2070 terram?
2284 2025 2338 2070 et
2364 2024 2484 2085 post
2510 2015 2639 2070 illud
2670 2030 2879 2069 rursum
2925 2014 3066 2084 quod
3104 2024 3221 2083 post
3252 2026 3443 2069 terram

1864 2115 1979 2171 est,
2033 2106 2205 2176 quid?
2258 2105 2419 2160 Vides
2472 2107 2524 2160 in
2572 2114 2827 2175 quantam
2870 2104 3189 2175 vertiginem
3235 2104 3450 2159 decidat

1868 2198 2065 2253 mentis
2093 2207 2196 2251 tua:
2223 2198 2431 2263 oculus,
2464 2197 2568 2252 nisi
2598 2197 2777 2251 statim
2812 2195 2879 2251 ad
2915 2195 3075 2251 ﬁdem
3119 2210 3369 2251 accurras
3396 2206 3451 2250 et

1865 2291 1930 2346 ad
1960 2291 2555 2361 iucomprehensibilem
2588 2291 2862 2361 operantis
2903 2290 3202 2343 virtutem?
3229 2287 3283 2344 Si
3317 2288 3450 2344 velis

1866 2394 2042 2440 autem
2074 2384 2234 2439 etiam
2262 2399 2329 2440 ex
2360 2383 2617 2438 humanis
2643 2382 3005 2453 conjecturam
3037 2380 3238 2449 facere,
3267 2380 3453 2451 paula-

1868 2477 1962 2532 tim
2008 2476 2208 2547 poteris
2257 2486 2490 2531 mentem
2542 2482 2687 2529 tuam
2739 2489 2839 2529 ceu
2886 2473 2985 2527 alis
3028 2473 3314 2528 instruere.
3367 2471 3446 2526 Ex

1866 2571 2079 2642 quibus,
2112 2570 2342 2640 inquies,
2392 2568 2681 2624 humanis?
2707 2568 2821 2622 Non
2870 2566 3021 2622 vides
3062 2566 3272 2636 ﬁgulus,
3313 2579 3450 2636 qno-

1867 2664 2026 2719 modo
2054 2663 2275 2717 fractum
2326 2669 2381 2716 et
2429 2662 2546 2716 sine
2569 2659 2741 2715 forma
2774 2659 2971 2715 factum
3024 2673 3118 2713 vas
3149 2654 3450 2728 efﬁngunt?

1867 2771 1962 2812 eos
2001 2756 2089 2827 qui
2122 2755 2441 2810 metallicam
2470 2766 2666 2809 terram
2695 2753 2923 2820 fodiunt,
2955 2751 3222 2823 quomodo
3251 2762 3444 2806 terram

1867 2865 2055 2904 aurum
2101 2862 2221 2903 esse
2266 2855 2680 2913 monstrent,et
2726 2846 2923 2901 ferrum
2950 2855 3110 2915 atque
3150 2859 3225 2900 aes
3264 2858 3449 2899 rursus

1865 2940 2023 2995 alia?
2075 2939 2165 3009 qui
2208 2939 2405 2992 vitrum
2450 2937 2775 3004 conﬁciunt,
2825 2937 3095 3007 quomodo
3136 2952 3354 2992 arenam
3395 2936 3448 2991 in

1865 3046 2063 3100 corpus
2088 3028 2319 3084 solidum
2347 3038 2400 3083 et
2416 3027 2737 3099 pellucidum
2763 3027 3176 3083 transforment?
3195 3028 3450 3083 Dicamne

1866 3126 2146 3190 coriarios,
2178 3139 2271 3178 eos
2300 3122 2389 3193 qui
2420 3137 2686 3192 purpurea
2718 3122 3030 3177 vestimenta
3053 3122 3291 3192 tingunt,
3314 3135 3449 3189 quo-

1867 3218 2030 3274 modo
2068 3216 2198 3271 illud
2242 3215 2385 3287 quod
2437 3215 2724 3270 tincturam
2776 3216 2986 3286 excepit
3017 3214 3160 3270 aliud
3208 3229 3306 3285 pro
3343 3214 3451 3275 alio

1868 3310 2177 3366 monstret?
2234 3308 2480 3364 dicamne
2518 3309 2915 3378 generationem
2963 3308 3243 3362 nostram?
3273 3321 3450 3361 nonne

1868 3401 2135 3456 modicum
2176 3416 2363 3456 semen
2393 3398 2626 3455 informe
2669 3409 2724 3455 et
2761 3399 2879 3454 sine
2906 3399 3070 3469 ﬁgura
3098 3399 3149 3452 in
3178 3397 3451 3466 excipien-

1869 3504 1976 3548 tem
2028 3493 2237 3546 vulvam
2293 3491 2630 3561 ingreditur?
2659 3490 2798 3546 unde
2845 3505 2976 3561 ergo
3021 3499 3165 3545 tanta
3204 3488 3451 3544 animalis

1869 3584 2209 3643 effortnatio?
2236 3583 2372 3651 Quid
2417 3597 2548 3637 vero
2592 3581 2962 3637 frumentum?
3011 3596 3189 3636 nonne
3226 3595 3448 3652 granum

1870 3676 2069 3731 nudum
2090 3675 2142 3728 in
2176 3683 2370 3728 terram
2394 3672 2858 3742 injicitur?nonne
2888 3683 3164 3743 postquam
3194 3672 3447 3742 injectum

1870 3778 1955 3825 est
2006 3767 2304 3838 putrescit?
2355 3765 2497 3821 unde
2552 3765 2773 3836 spicizn,
2827 3767 3005 3820 arista:
3049 3806 3065 3831 ,
3145 3766 3335 3820 calami
3398 3776 3453 3821 et

1870 3870 2066 3917 caetera
2093 3858 2317 3913 omnia?
2344 3873 2523 3913 nonne
2552 3874 2771 3926 parvum
2802 3857 2888 3912 ﬁci
2938 3873 3163 3929 granum
3216 3874 3360 3929 stupe
3396 3858 3449 3913 in

1874 3964 2072 4010 terram
2096 3952 2314 4017 cadens,
2346 3942 2661 4006 et‘radiccm
2684 3958 2737 4005 et
2765 3965 2942 4005 ramos
2969 3962 3021 4006 et
3049 3950 3276 4005 fructum
3302 3950 3453 4004 tulit?

1874 4045 2497 4118 Sane,unumquodque
2557 4043 2748 4099 horum
2797 4044 3035 4099 admittis
3090 4058 3190 4100 nec
3241 4044 3455 4100 curiose

1875 4140 2125 4210 inquiris,
2175 4154 2204 4192 a
2256 4140 2365 4193 Deo
2394 4145 2573 4192 autem
2618 4136 2734 4191 solo
2780 4145 3021 4191 nostrum
3057 4151 3249 4206 corpus
3281 4146 3455 4191 trans-

1885 4232 2156 4286 formante
2206 4229 2443 4284 rationes
2487 4227 2692 4299 exigis?
2736 4237 2791 4282 et
2838 4226 3107 4297 quomodo
3156 4226 3270 4283 haec
3303 4227 3455 4281 venia

1876 4323 2037 4394 digna
2067 4321 2311 4377 fuerint?

1947 4415 2001 4471 5.
2040 4414 2166 4469 Haec
2195 4422 2251 4468 et
2280 4412 2401 4466 talia
2428 4411 2627 4467 Grzecis
2665 4410 2904 4466 dicamus
2934 4428 2949 4466 :
2987 4425 3108 4466 nam
3144 4408 3282 4479 apud
3323 4423 3416 4463 eos
3442 4444 3456 4467 ν

1877 4506 1967 4578 qui
1992 4505 2282 4574 Scripturis
2304 4504 2690 4573 obsequuntur,
2719 4518 2785 4557 ne
2808 4517 3057 4557 sermone
3084 4501 3301 4571 quidem
3324 4514 3461 4569 opus

1878 4607 1963 4654 est
1985 4596 2137 4653 mihi.
2183 4595 2239 4651 Si
2268 4596 2410 4649 enim
2439 4594 2581 4649 illius
2606 4594 2784 4648 omnia
2813 4593 3024 4649 curiose
3053 4591 3278 4647 scrutari
3304 4591 3458 4656 velis,

1879 4688 2006 4761 quid
2040 4688 2157 4760 plus
2197 4686 2414 4742 habebit
2448 4687 2587 4741 Deus
2625 4700 2783 4755 quam
2828 4683 3116 4761 homines?
3141 4698 3460 4755 quamquam

1884 4797 1983 4837 nec
2007 4780 2074 4835 de
2095 4780 2276 4835 multis
2297 4779 2509 4850 quidem
2527 4777 2828 4832 hominibus
2853 4778 3064 4833 curiose
3087 4776 3460 4847 perquirimus.

1882 4871 2035 4941 Quod
2063 4871 2107 4926 si
2133 4872 2185 4925 in
2214 4870 2515 4924 hominibus
2538 4869 2640 4923 hoc
2657 4868 2898 4931 facimus,
2926 4883 3025 4923 nec
3053 4868 3264 4923 curiose
3292 4867 3469 4939 inqui-

1883 4966 2087 5029 rimus;
2116 4963 2283 5017 multo
2310 4963 2487 5017 minus
2519 4961 2611 5016 Dei
2639 4961 2954 5030 sapientiam
2984 4961 3210 5016 scrutari
3231 4968 3468 5031 oportet,

1884 5055 1968 5110 vel
1997 5055 2231 5109 rationes
2254 5053 2320 5107 ab
2347 5052 2434 5107 illa
2457 5062 2727 5121 expetere.
2752 5051 2931 5107 Primo
2955 5052 3189 5122 quidem,
3213 5052 3337 5123 quia
3364 5051 3469 5107 ﬁde

1886 5146 2077 5217 dignus
2112 5152 2195 5200 est
2242 5146 2287 5199 is
2332 5144 2421 5215 qui
2468 5144 2858 5214 pronuntiavit;
2904 5145 3174 5212 secundo,
3225 5146 3348 5215 quia
3380 5159 3469 5200 res

1888 5239 2018 5308 ipsa).
2055 5238 2457 5293 ratiociniorum
2497 5238 2973 5306 perscrutationem
3014 5253 3119 5293 non
3161 5236 3471 5292 admittunt.

1888 5329 2003 5385 Non
2035 5330 2177 5385 enim
2206 5329 2342 5385 adeo
2368 5343 2566 5399 egenus
2586 5338 2667 5383 est
2704 5329 2873 5394 Deus,
2903 5339 2960 5383 ut
2986 5346 3047 5384 ea
3079 5330 3250 5384 solum
3281 5344 3473 5399 opere-

1893 5431 1996 5489 tur,
2037 5439 2156 5493 quze
2188 5423 2592 5477 ratiociniorum
2623 5432 2832 5476 tuorum
2863 5423 3225 5478 imbecillitate
3252 5438 3454 5492 possun

1891 5515 2291 5587 comprehendi.
2322 5516 2375 5571 Si
2408 5516 2549 5571 enim
2581 5515 2713 5571 fabri
2743 5532 2879 5587 opus
2906 5533 3011 5572 non
3039 5518 3467 5586 comprehendis,

1892 5608 2061 5662 multo
2084 5608 2258 5661 minus
2283 5609 2371 5662 Dei
2397 5608 2822 5677 prmstantissinti
2848 5609 3084 5663 artificis.
3114 5608 3190 5663 Ne
3212 5609 3367 5662 fidem
3393 5624 3480 5663 er-

1894 5716 1961 5772 go
2009 5701 2211 5773 negetis
2237 5700 2609 5757 resurrecdoni
2641 5719 2652 5755 :
2686 5716 2804 5757 nam
2839 5717 2864 5754 a
2890 5716 2983 5773 spe
3010 5699 3309 5757 futurorum
3329 5700 3481 5771 longe
