3838 6214
367 262 471 321 M5

363 379 606 435 aberitis.
635 378 740 435 Sed
768 394 1010 452 quaenam
1048 388 1130 434 est
1157 377 1415 448 sapientia
1443 372 1947 439 contradicentinm,

364 470 475 527 imo
497 471 685 543 ingens
709 472 974 526 stultitia?
1003 471 1067 526 Et
1096 470 1388 541 quomodo,
1426 468 1708 539 inquiunt,
1739 463 1951 536 quando

363 574 560 632 corpus
590 571 749 619 terra:
781 564 1127 618 commixtum
1157 570 1241 616 est
1266 570 1319 616 et
1349 563 1543 615 factum
1572 566 1654 614 est
1681 567 1819 613 terra
1838 598 1854 623 ,
1896 564 1952 610 et

367 655 485 710 haec
517 670 731 711 rursum
771 657 877 711 alio
904 657 1158 711 translata
1182 654 1376 720 fuerit,
1404 663 1646 724 resurget
1675 661 1850 707 tamen
1884 650 1949 704 il-

363 746 500 801 lud?
534 747 645 804 lloc
672 749 765 803 tibi
792 748 1011 803 dubium
1036 747 1246 802 videtur
1274 762 1393 802 esse
1412 787 1427 812 ,
1460 745 1554 799 sed
1587 761 1692 799 non
1722 742 1949 797 insomni

362 836 439 893 illi
468 839 625 894 oculo
669 857 684 895 :
732 840 831 910 ipsi
874 840 1017 895 enim
1058 837 1337 893 manifesta
1374 837 1551 891 oumia
1598 845 1746 890 sunt.
1790 833 1854 888 Et
1896 843 1948 886 tu

361 933 577 1004 quidem
604 947 710 989 non
741 933 889 988 vides
922 932 1241 987 divisionem
1261 948 1382 1003 quae
1406 941 1489 987 est
1518 932 1573 985 in
1596 929 1946 993 confusione;

361 1023 457 1078 ille
480 1039 607 1079 vero
635 1024 811 1077 omnia
842 1024 1024 1079 novit:
1057 1023 1486 1094 quandoquidem
1534 1030 1587 1075 tu
1621 1020 1832 1091 ignoras
1860 1019 1947 1073 illa

359 1130 480 1185 qua:
531 1116 582 1171 in
609 1114 771 1171 corde
799 1116 1026 1185 proximi
1067 1123 1225 1178 sunt;
1258 1114 1347 1168 ille
1392 1127 1521 1167 vero
1562 1112 1738 1166 omnia
1777 1110 1946 1165 novit.

363 1206 420 1262 Si
450 1222 601 1279 ergo,
628 1208 751 1278 quia
781 1208 997 1278 ignoras
1029 1206 1298 1278 quomodo
1318 1205 1601 1260 resuscitet
1643 1204 1802 1267 Deus,
1839 1218 1945 1256 non

359 1298 536 1353 credis
571 1298 713 1370 quod
745 1299 1064 1364 resuscitet,
1099 1313 1203 1353 non
1243 1297 1430 1352 credes
1476 1297 1634 1350 etiam
1659 1335 1676 1361 ,
1708 1293 1851 1364 quod
1884 1309 1947 1349 ea

359 1404 479 1460 quze
518 1389 570 1445 in
601 1400 781 1447 mente
807 1401 933 1445 sunt
962 1399 1182 1445 noscat:
1208 1406 1330 1444 nam
1360 1405 1535 1459 neque
1554 1390 1639 1443 illa
1662 1398 1943 1458 apparent.

358 1481 520 1551 Atqui
551 1480 605 1535 in
644 1496 873 1551 corpore
913 1483 1135 1536 materia
1175 1481 1392 1550 quidem
1437 1492 1518 1536 est
1549 1480 1804 1543 visibilis,
1845 1480 1947 1534 etsi

359 1571 724 1638 dissolvatur;
775 1573 881 1627 illa:
908 1588 1036 1627 vero
1077 1572 1428 1642 Cogitationes
1467 1572 1762 1627 invisibiles
1800 1580 1944 1625 sunt.

360 1664 459 1729 Qui
487 1678 616 1734 ergo
643 1664 923 1719 invisibilia
950 1678 1070 1718 cum
1096 1664 1242 1717 omni
1268 1664 1608 1718 accoratione
1635 1665 1799 1727 novit,
1825 1663 1948 1716 visi-

357 1752 480 1807 bilia
509 1769 612 1808 non
641 1755 861 1820 videbit,
890 1770 988 1810 nec
1025 1755 1183 1810 facile
1208 1769 1405 1824 corpus
1442 1755 1680 1809 dividet?
1711 1756 1802 1809 Est
1827 1756 1945 1809 eui-

354 1846 436 1900 vis
460 1846 823 1916 perspicuum.
852 1847 927 1902 Ne
956 1848 1119 1917 igitur
1140 1848 1522 1903 resurrectioni
1554 1847 1710 1901 fidem
1742 1863 1902 1916 neges
1929 1866 1942 1901 :

353 1949 437 1991 est
466 1940 663 2007 quippe
711 1940 903 2011 dogma
940 1940 1289 1998 diabolicum.
1332 1941 1446 1995 Hoc
1483 1940 1732 1994 diabolus
1758 1949 1942 2008 curat,

354 2047 460 2085 non
479 2032 638 2085 modo
660 2040 717 2086 ut
738 2034 1115 2087 resurrectioni
1141 2049 1247 2088 non
1269 2032 1537 2096 credatur,
1558 2033 1650 2089 sed
1672 2041 1727 2088 et
1747 2043 1802 2087 nt
1832 2034 1943 2087 vir—

357 2126 485 2180 tutis
507 2141 670 2196 opera
711 2128 1073 2182 dissolvantur
1101 2136 1155 2183 et
1184 2137 1426 2197 pereant.
1469 2124 1641 2181 llomo
1678 2128 1820 2183 enim
1852 2128 1943 2197 qui

354 2234 464 2272 non
491 2226 766 2288 exstiectat
792 2233 853 2273 se
896 2228 1320 2273 resurrecturum
1343 2260 1358 2282 ,
1392 2228 1445 2272 et
1472 2234 1692 2289 operum
1725 2234 1942 2274 suorum

355 2312 616 2365 rationem
646 2311 1005 2375 redditurum,
1031 2328 1134 2366 non
1173 2314 1280 2367 cito
1309 2313 1559 2368 virtutem
1588 2312 1792 2378 adibit;
1838 2314 1945 2369 vir-

356 2404 453 2458 tuti
483 2419 609 2459 vero
655 2419 761 2459 non
810 2405 945 2459 dans
989 2420 1209 2474 operam
1234 2447 1249 2471 ,
1286 2420 1473 2459 rursus
1514 2422 1620 2461 non
1668 2406 1851 2461 credet
1880 2422 1940 2463 se

352 2505 778 2551 resurrecturum
812 2513 824 2549 :
857 2496 1015 2550 ambo
1056 2496 1199 2551 enim
1246 2496 1471 2551 alterum
1501 2496 1569 2551 ab
1602 2498 1770 2552 altero
1817 2515 1942 2567 pro-

352 2586 568 2650 bantur,
600 2586 835 2657 nequitia
874 2586 941 2640 ab
970 2587 1375 2651 incredulitate,
1417 2597 1471 2643 et
1519 2588 1863 2644 incredulitas
1911 2606 1941 2646 a

351 2676 608 2748 nequitia.
634 2678 969 2732 Conscientia
987 2679 1129 2734 enim
1161 2679 1344 2734 multis
1376 2680 1529 2749 plena
1550 2681 1728 2748 malis,
1751 2684 1942 2737 timens

350 2786 417 2827 ac
447 2781 683 2827 tremens
699 2770 932 2826 futuram
962 2772 1247 2837 ultionem,
1279 2773 1399 2842 quia
1430 2788 1538 2827 non
1566 2773 1677 2828 vult
1706 2789 1734 2828 a
1765 2786 1944 2829 muta-

352 2864 499 2919 tione
523 2865 590 2919 ad
615 2865 836 2920 meliora
864 2865 1287 2921 consolationem
1316 2867 1556 2937 assequi,
1576 2867 1649 2922 ab
1685 2867 1937 2923 incredu-

354 2954 505 3010 litate
548 2956 660 3009 vult
706 2957 940 3024 quietem
976 2955 1220 3025 adipisci.
1252 2956 1327 3011 Te
1369 2958 1511 3012 enim
1559 2975 1655 3013 nee
1698 2975 1941 3016 resurre-

349 3048 546 3104 tionem
573 3048 784 3105 dicente
811 3065 911 3105 nec
936 3049 1217 3120 judicTum,
1240 3049 1329 3104 ille
1350 3065 1561 3121 quoque
1584 3051 1722 3107 dicet
1747 3069 1760 3106 :
1794 3053 1939 3123 Ergo

348 3156 521 3211 neque
547 3157 646 3212 ego
677 3142 943 3196 scelerum
988 3143 1252 3197 rationem
1288 3141 1447 3196 dabo.
1488 3141 1592 3198 Sed
1637 3145 1762 3213 quid
1808 3145 1939 3200 dicit

345 3231 633 3287 Christus:
667 3232 883 3299 Erratis,
934 3234 1209 3287 nescientes
1239 3232 1537 3303 Scriptura:
1576 3252 1735 3305 neque
1778 3240 1937 3291 virtu-

346 3333 447 3376 tem
477 3322 568 3376 Dei
597 3322 808 3394 (Matth.
836 3323 927 3376 29..
950 3324 1065 3392 29).
1087 3323 1271 3393 Neque
1295 3326 1438 3378 enim
1470 3334 1575 3379 tam
1601 3327 1763 3382 multa
1794 3328 1937 3385 Deus

349 3424 494 3469 esset
522 3427 795 3485 operatus,
827 3416 927 3469 nisi
952 3431 1050 3470 nos
1072 3418 1487 3472 resuscitaturus
1512 3427 1675 3483 esset,
1702 3419 1797 3474 sed
1825 3420 1937 3475 dis-

346 3508 619 3562 soluturus
657 3494 790 3563 et'ia
824 3508 1046 3563 nihilum
1076 3509 1389 3563 reducturus
1417 3526 1430 3563 :
1457 3526 1561 3564 non
1593 3521 1793 3566 tantuut
1823 3529 1931 3568 ca:-

345 3600 454 3655 lum
482 3600 835 3664 ostendisset,
862 3616 966 3655 non
996 3608 1190 3657 terram
1236 3602 1514 3656 stravisset
1540 3644 1553 3666 ,
1587 3619 1690 3658 non
1739 3615 1931 3662 caitera

345 3692 524 3745 omnia
559 3708 653 3762 pro
684 3692 783 3747 hac
828 3693 1000 3747 solum
1046 3692 1194 3749 brevi
1225 3695 1327 3747 vita
1378 3695 1610 3749 fecisset.
1648 3696 1703 3751 Si
1752 3708 1929 3753 autem

346 3783 461 3838 ha-c
490 3782 615 3838 fecit
647 3800 742 3854 pro
770 3785 1041 3855 praesenti,
1070 3784 1198 3855 quid
1226 3801 1330 3839 non
1375 3784 1535 3841 faciet
1584 3802 1680 3856 pro
1712 3788 1930 3846 futura?

344 3876 399 3933 Si
429 3894 556 3931 vero
588 3879 734 3932 nulla
785 3880 854 3933 sit
894 3877 1092 3945 futura,
1153 3878 1263 3947 iis,
1290 3896 1407 3949 qum
1458 3896 1553 3949 pro
1596 3881 1749 3936 nobis
1790 3883 1926 3938 facta

342 3980 483 4032 sunt,
512 3972 668 4039 longe
692 3988 877 4027 sumus
901 3972 1137 4027 viliores.
1168 3972 1299 4027 Nam
1328 3974 1541 4040 Caelum,
1578 3985 1750 4043 terra,
1780 3993 1927 4034 mare

344 4073 399 4117 et
442 4061 661 4117 ﬂumina
691 4075 817 4118 sunt
840 4066 993 4119 nobis
1018 4066 1313 4131 Stabiliora,
1348 4082 1555 4123 necnon
1591 4069 1745 4124 bruta
1775 4086 1925 4140 qua:-

342 4155 466 4209 dam
494 4173 507 4208 :
540 4172 662 4210 nam
688 4166 739 4212 et
759 4158 942 4211 cornix
964 4167 1017 4212 et
1037 4158 1439 4227 elephantorum
1463 4175 1651 4230 genus,
1680 4170 1733 4216 et
1760 4165 1921 4220 multa

337 4249 442 4303 alia
474 4249 804 4305 diuturniore
826 4252 930 4305 vita
979 4253 1230 4322 praesenti
1272 4253 1534 4309 fruuntur.
1567 4254 1731 4310 Nobis
1761 4257 1920 4312 etiam

336 4351 391 4396 et
420 4343 594 4397 brevis
624 4344 963 4398 ctlaboriosa
1011 4357 1093 4401 est
1122 4347 1261 4409 vita;
1312 4346 1406 4401 sed
1450 4362 1555 4402 non
1613 4348 1754 4404 illis:
1797 4366 1919 4406 nam

337 4437 492 4507 longa
531 4452 719 4493 eorum
753 4441 856 4493 vita
890 4436 1019 4507 est,
1056 4457 1121 4496 ac
1163 4442 1482 4497 maeroribus
1520 4442 1770 4514 curisque
1820 4460 1919 4498 va-

333 4544 456 4586 cua.
483 4530 616 4597 Quid
657 4546 821 4602 ergo,
848 4532 935 4588 dic
961 4534 1093 4587 mihi
1112 4576 1130 4601 ,
1159 4548 1418 4589 servosne
1445 4535 1687 4590 melioris
1726 4537 1917 4591 condio
1970 4584 1983 4594 .

336 4623 498 4676 tionis
528 4623 649 4679 fecit
676 4641 834 4694 quam
878 4624 1167 4680 dominos?
1191 4625 1287 4692 Ne,
1310 4642 1520 4697 qnzeso,
1549 4641 1615 4682 ue
1648 4626 1769 4682 talia
1800 4628 1916 4682 exi-

334 4713 564 4768 stimes:
622 4730 795 4786 neque
841 4716 914 4770 sis
963 4725 1142 4771 mente
1195 4717 1388 4785 ineps,
1442 4731 1477 4771 ο
1534 4716 1731 4783 homo,
1783 4733 1917 4773 neve

333 4804 547 4875 ignores
575 4805 785 4864 divitias
814 4809 945 4875 Dei,
993 4825 1118 4864 cum
1149 4808 1308 4863 talem
1356 4807 1554 4864 habeas
1607 4809 1911 4866 Dominum.

332 4894 468 4952 Nam
496 4896 564 4950 ab
592 4897 739 4952 initio
772 4899 909 4953 Deus
934 4911 983 4955 te
1006 4900 1362 4956 immortalem
1386 4899 1565 4956 facere
1589 4901 1751 4956 voluit
1776 4920 1792 4966 ;
1820 4902 1913 4958 sed

338 4996 396 5042 ιιι
428 4987 664 5043 noluisti.
696 4988 1114 5046 immortalitatis
1139 4992 1282 5047 enim
1308 4992 1592 5063 mnigmata
1622 5004 1776 5049 erant
1800 4994 1910 5061 illa,

332 5078 657 5149 colloquium
684 5095 805 5135 cum
852 5082 963 5137 Deo
986 5124 1003 5148 ,
1033 5084 1139 5137 vita
1175 5099 1282 5138 non
1332 5083 1636 5152 laboriosa,
1686 5083 1911 5141 liberum

327 5185 451 5226 esse
471 5187 502 5226 a
529 5170 748 5239 dolore,
782 5187 911 5229 cura
938 5183 1101 5244 atque
1130 5175 1401 5231 laboribus
1426 5176 1654 5247 aliisque
1698 5185 1909 5247 tempo-

330 5266 529 5320 raneis.
561 5264 745 5337 Neque
782 5268 926 5321 enim
965 5277 1114 5323 veste
1142 5284 1279 5339 opus
1308 5269 1536 5326 habebat
1562 5270 1731 5327 Adam
1752 5312 1766 5337 ,
1802 5286 1906 5328 non

326 5368 492 5426 tecto,
522 5374 626 5414 non
647 5360 754 5416 alio
778 5362 969 5432 quovis
999 5362 1160 5417 simili
1182 5374 1468 5432 apparatu;
1497 5364 1589 5420 sed
1620 5366 1786 5437 magis
1810 5382 1900 5422 an-

324 5452 460 5522 gelis
498 5452 687 5508 similis
722 5464 871 5520 erat,
925 5456 1090 5510 multa
1121 5455 1417 5511 futurorum
1460 5458 1774 5528 praesciebat
1797 5501 1813 5525 ,
1853 5468 1909 5516 et

325 5545 585 5615 sapientia
629 5559 745 5605 erat
774 5549 939 5605 multa
968 5550 1181 5622 plenus.
1219 5549 1283 5605 Et
1312 5550 1452 5620 quod
1497 5551 1724 5607 latenter
1769 5553 1906 5609 Deus

324 5635 450 5693 fecit
471 5680 487 5705 ,
517 5639 567 5695 id
598 5640 686 5697 ille
708 5644 989 5714 cognovit,
1022 5642 1166 5698 circa
1190 5640 1468 5698 mulierem
1511 5643 1714 5699 scilicet
1738 5660 1753 5710 ;
1785 5643 1906 5700 ideo

320 5728 527 5790 dicebat
551 5750 563 5788 :
600 5732 712 5791 Hoc
740 5752 875 5791 nunc
903 5752 959 5793 os
979 5752 1042 5793 ex
1069 5735 1263 5795 ossibus
1290 5736 1431 5806 meis,
1457 5745 1501 5792 ct
1529 5750 1647 5791 caro
1668 5751 1730 5791 ea:
1752 5750 1903 5791 carne

1041 264 1097 322 S.
1135 259 1413 319 JOANNIS
1448 253 1927 316 CllllYSOSTOMI
1962 249 2279 312 ARCHIEP.
2320 254 2853 314 CONSTANTINOP.

3556 263 3649 321 ηι

2064 386 2176 424 mea
2206 368 2359 442 (Gen.
2390 373 2446 429 2.
2475 373 2593 444 25).
2648 373 2824 433 Lahm
2880 381 3060 431 autem
3110 382 3290 445 postca
3330 386 3492 433 ortus
3535 391 3646 445 est.

2058 460 2253 516 deinde
2269 462 2455 529 sudor,
2477 474 2659 534 postea
2682 464 2856 535 pudor
2877 475 2943 521 et
2959 467 3121 522 timor
3140 468 3376 524 et‘libere
3392 470 3651 539 loquendi

2059 551 2345 610 difficultas
2378 572 2392 609 :
2444 565 2571 612 tunc
2595 558 2739 612 enim
2792 574 3152 626 non‘mmror,
3178 575 3283 615 non
3308 561 3491 629 dolor,
3548 581 3648 622 nou

2060 645 2311 714 gemitus.
2343 645 2448 703 Sed
2478 649 2531 703 in
2560 648 2819 717 dignitate
2849 651 2939 704 illa
2972 668 3078 705 non
3108 652 3323 709 mansit.

2129 736 2183 790 4.
2216 736 2352 803 Quid
2401 754 2562 809 ergo,
2623 742 2867 810 inquies,
2901 742 3091 797 faciam
3121 743 3263 814 ego?
3309 756 3542 817 propter
3589 750 3649 803 il-

2060 826 2240 884 lumne
2271 832 2520 899 peream?
2545 832 2661 887 Non
2686 847 2816 888 sane
2840 835 3231 904 proptcrillum
3259 853 3275 891 :
3308 854 3488 909 neque
3507 842 3644 895 enim

2059 930 2112 973 tu
2144 921 2261 976 sine
2310 931 2530 991 peccato
2573 926 3211 988 mansisti,sed‘etiamsi
3261 932 3642 1000 nonidipsum

2059 1022 2335 1081 peccatum
2360 1055 2374 1077 ,
2406 1014 2548 1069 aliud
2580 1016 2765 1085 utique
2794 1017 3079 1073 admisisti.
3109 1019 3357 1091 Alioquin
3408 1032 3593 1078 autem
3615 1042 3643 1079 a

2057 1103 2333 1171 punitione
2364 1120 2469 1159 non
2502 1106 2757 1162 dainnum
2790 1110 3084 1178 accepisti,
3140 1112 3234 1166 sed
3281 1113 3526 1169 lucratus
3565 1133 3642 1172 es.

2053 1189 2185 1247 Nam
2212 1194 2257 1248 si
2287 1194 2568 1252 debuisses
2592 1212 2807 1268 semper
2835 1200 3078 1255 mortalis
3110 1217 3359 1269 manere,
3408 1207 3642 1278 aliquam

2054 1284 2191 1341 forte
2217 1287 2480 1342 rationem
2516 1288 2739 1345 haberet
2764 1290 2813 1344 id
2832 1290 2972 1362 quod
3000 1292 3199 1347 dictum
3227 1304 3309 1350 est
3332 1314 3346 1351 :
3375 1313 3526 1353 nunc
3547 1315 3643 1354 an-

2057 1385 2163 1430 tem
2194 1377 2510 1432 immortalis
2540 1395 2620 1446 es,
2671 1390 2725 1435 et
2747 1381 2790 1435 si
2825 1382 2957 1436 velis
2983 1424 2997 1447 ,
3050 1383 3168 1453 plus
3210 1401 3366 1453 quam
3395 1389 3483 1443 sol
3534 1390 3643 1459 ipse

2053 1467 2336 1536 splendere
2363 1470 2587 1539 poteris.
2632 1471 2737 1526 Sed
2766 1473 2867 1526 nisi
2898 1475 3126 1530 mortale
3153 1492 3349 1547 corpus
3398 1483 3641 1551 accepis-

2052 1576 2189 1623 sem,
2224 1562 2433 1633 inquies
2456 1604 2470 1627 ,
2506 1579 2611 1618 non
2654 1580 2983 1635 peccassem.
3015 1569 3152 1633 Quid
3182 1584 3359 1640 ergo,
3391 1586 3465 1626 an
3516 1574 3639 1641 ille,

2051 1670 2268 1722 (ιυωευ,
2326 1656 2552 1713 mortale
2604 1672 2803 1725 corpus
2848 1657 3051 1714 habens
3106 1664 3397 1732 peccavit?
3436 1665 3643 1735 Nequa-

2051 1760 2209 1813 quam
2245 1764 2257 1798 :
2290 1762 2413 1800 nam
2442 1748 2486 1800 si
2519 1750 2747 1803 mortale.
2779 1750 2995 1815 fui-sset,
3033 1767 3139 1806 non
3184 1762 3365 1824 postea
3396 1759 3640 1827 supplicii

2050 1835 2169 1891 loco
2210 1851 2436 1893 mortem
2494 1855 2707 1907 passum
2761 1852 2925 1897 esset.
2977 1845 3131 1912 Quod
3180 1855 3361 1902 autem
3418 1850 3643 1907 mortale

2051 1942 2247 1996 corpus
2277 1944 2380 1981 non
2414 1930 2485 1983 sit
2531 1930 2971 1999 impedimenttmi
3013 1935 3079 1989 ad
3114 1936 3397 2006 virtutem,
3452 1941 3549 1996 sed
3591 1953 3643 1998 et

2051 2029 2438 2090 temperantem
2470 2023 2731 2079 reddatet
2758 2027 2982 2082 multum
3008 2029 3270 2098 conferat,
3306 2032 3437 2089 hinc
3469 2036 3641 2104 palam

2049 2112 2405 2183 est.Si‘enim
2452 2115 2884 2174 immortalitatis
2916 2124 3251 2191 exspectatio
3279 2127 3460 2182 solum
3505 2130 3641 2183 Ada-

2049 2223 2194 2262 mum
2224 2216 2425 2263 tantum
2452 2212 2669 2277 extulit;
2703 2213 2957 2269 si'revera
2984 2218 3300 2274 immortalis
3328 2225 3639 2289 mansisset,

2048 2300 2102 2354 in
2130 2313 2382 2371 quantam
2413 2306 2773 2373 arrogantiam
2811 2322 2916 2362 non
2966 2314 3356 2380 processisset?
3385 2317 3456 2373 Et
3497 2334 3642 2375 nunc

2046 2396 2260 2465 quidem
2292 2407 2410 2466 post
2443 2410 2718 2467 peccatum
2752 2412 2905 2471 potes
2936 2416 3151 2472 peccata
3204 2409 3421 2467 solvere
3444 2452 3462 2477 ,
3514 2428 3639 2468 cum

2045 2503 2241 2559 corpus
2261 2490 2330 2544 sit
2351 2490 2573 2556 humile,
2595 2491 2863 2561 abjectum
2886 2504 2939 2550 et
2958 2495 3311 2565 dissolutum;
3338 2500 3422 2556 ba:
3443 2507 3640 2575 quippe

2044 2581 2394 2650 cogitationes
2421 2593 2643 2651 possunt
2672 2591 3061 2654 temperantem
3090 2587 3317 2644 reddere
3342 2610 3355 2646 :
3380 2592 3425 2646 si
3457 2606 3637 2649 autem

2045 2686 2323 2741 peccasses
2365 2672 2417 2726 in
2466 2673 2790 2737 immortali,
2822 2676 3095 2732 stabiliora
3137 2677 3366 2735 fortasse
3410 2684 3639 2740 fuissent

2044 2774 2281 2835 peccata.
2309 2764 2425 2819 Non
2455 2781 2583 2837 ergo
2613 2768 2859 2821 mortalis
2888 2779 3077 2823 natura
3107 2785 3271 2826 causa
3297 2774 3500 2841 peccati
3527 2786 3635 2843 est,

2045 2871 2112 2912 ne
2134 2871 2386 2921 accuses;
2414 2856 2509 2911 sed
2540 2856 2735 2911 malum
2761 2858 3046 2913 voluntatis
3074 2863 3407 2930 propositum
3434 2874 3517 2919 est
3545 2882 3604 2921 ra
3622 2896 3637 2908 -

2042 2948 2131 3003 dix
2182 2948 2467 3003 malorum.
2498 2950 2605 3003 Cur
2634 2947 2777 3004 enim
2828 2950 3047 3007 Ahelem
3076 2966 3275 3023 corpus
3315 2971 3420 3010 non
3454 2957 3636 3012 lcsit?

2044 3055 2137 3094 cur
2159 3039 2289 3093 nihil
2316 3039 2513 3109 profuit
2538 3039 2891 3106 dmmonibus,
2920 3042 3061 3113 quod
3088 3055 3269 3099 essent
3289 3046 3635 3119 incorporei?

2041 3132 2135 3186 Vis
2165 3134 2303 3187 scire
2332 3132 2602 3203 quomodo
2632 3147 2830 3204 corpus
2859 3135 3087 3190 mortale
3132 3152 3239 3191 non
3270 3138 3471 3194 la-serit
3491 3181 3507 3206 ,
3536 3142 3631 3197 sed

2040 3225 2198 3278 etiam
2235 3224 2419 3294 juvet?
2464 3225 2585 3279 audi
2609 3236 2805 3295 quanta
2851 3225 2976 3281 hinc
3026 3227 3285 3295 lucreris,
3338 3231 3383 3284 si
3416 3233 3625 3301 vigiles.

2038 3317 2357 3372 Mmroribus
2378 3358 2392 3383 ,
2423 3316 2697 3372 doloribus
2727 3328 2887 3388 atque
2920 3319 3194 3374 laboribus
3219 3318 3449 3391 aliisque
3474 3323 3625 3378 simi-

2040 3412 2179 3465 libus
2210 3421 2261 3465 te
2292 3411 2515 3465 retrahit
2544 3419 2598 3464 et
2627 3410 2807 3464 avellit
2836 3425 2864 3462 a
2894 3411 3042 3464 vitio.
3072 3410 3176 3466 Sed
3208 3412 3370 3467 etiam
3399 3414 3467 3468 ad
3516 3415 3625 3470 for-

2038 3503 2385 3568 nicationem,
2413 3501 2647 3572 inquies,
2681 3501 2885 3558 trahit?
2911 3502 3027 3557 Non
3060 3518 3279 3573 corpus.
3312 3504 3408 3560 sed
3438 3507 3625 3562 incon-

2037 3596 2261 3651 tineutia
2289 3614 2302 3650 :
2342 3594 2455 3651 hazc
2486 3596 2685 3666 quippe
2711 3596 2911 3662 omnia,
2942 3612 3061 3666 qua:
3088 3597 3219 3665 dixi,
3250 3600 3470 3653 omnino
3504 3616 3625 3656 cor-

2036 3690 2184 3760 poris
2211 3697 2357 3743 sunt.
2385 3690 2722 3760 Quapropter
2751 3690 2865 3744 fieri
2898 3690 3084 3760 nequit
3126 3700 3187 3745 ut
3214 3692 3375 3747 homo
3404 3696 3455 3748 in
3485 3694 3621 3751 hanc

2033 3781 2193 3834 vitam
2223 3781 2441 3834 veniens
2469 3796 2573 3833 non
2601 3780 2816 3846 doleat,
2864 3780 3072 3836 laboret
3110 3792 3159 3836 et
3200 3796 3464 3851 Intereat;
3515 3804 3619 3841 non

2032 3872 2283 3928 fornicari
2310 3888 2437 3927 vero
2483 3882 2675 3941 potest.
2708 3871 2889 3942 Itaque
2919 3874 2963 3927 si
3012 3884 3218 3928 natura:
3248 3878 3494 3947 corporis
3534 3894 3619 3934 es-

2029 3976 2151 4022 sent
2176 3981 2262 4027 ea,
2292 3982 2411 4036 quae
2444 3965 2511 4019 ad
2542 3966 2664 4020 vitia
2698 3967 3002 4037 pertinent,
3038 3969 3356 4025 universalia
3390 3984 3571 4027 essent
3598 3991 3613 4027 :

2031 4058 2155 4112 talia
2183 4056 2326 4113 enim
2356 4057 2618 4111 naturalia
2644 4067 2803 4122 sunt;
2833 4067 2888 4112 at
2923 4075 3027 4113 non
3057 4061 3176 4114 talis
3203 4076 3291 4116 res
3336 4074 3418 4117 est
3449 4065 3616 4119 forni-

2027 4150 2136 4206 cari
2165 4166 2178 4203 :
2212 4150 2397 4205 dolere
2427 4149 2549 4204 inde
2576 4149 2842 4220 provenit,
2876 4150 3126 4205 fornicari
3166 4162 3345 4209 autem
3385 4170 3449 4210 ex
3483 4172 3607 4226 pro-

2026 4245 2201 4315 posito
2230 4243 2538 4297 voluntatis.
2564 4241 2641 4297 Ne
2668 4254 2796 4314 ergo
2819 4258 3015 4313 corpus
3045 4259 3304 4313 accuses,
3339 4262 3406 4303 ne
3442 4251 3613 4304 hono-

2026 4354 2139 4393 rem
2173 4336 2264 4391 tibi
2293 4336 2499 4391 auferat
2520 4336 2801 4403 diabolus,
2847 4352 3007 4407 quem
3040 4339 3132 4392 tibi
3161 4338 3310 4395 dedit
3359 4341 3518 4396 Deus.
3552 4342 3609 4398 Si

2023 4430 2166 4484 enim
2206 4428 2477 4492 velimus,
2506 4427 2764 4497 optimum
2818 4426 3024 4482 frenum
3055 4431 3159 4483 erit
3197 4445 3396 4499 corpus
3417 4472 3433 4496 ,
3466 4434 3605 4502 quod

2020 4522 2216 4576 auium
2236 4520 2465 4574 insultus
2489 4527 2758 4586 coerceat,
2788 4520 3143 4588 arrogantiam
3165 4522 3383 4587 avellat,
3414 4524 3605 4580 fastum

2021 4612 2314 4683 reprimat,
2361 4620 2417 4665 et
2449 4612 2501 4665 in
2529 4611 2800 4681 praeclaris
2844 4612 3098 4680 operibus
3126 4613 3282 4667 nobis
3317 4615 3603 4671 ministret.

2020 4703 2097 4759 Ne
2120 4703 2506 4759 mihi'fnrentes
2532 4703 2792 4773 quosdam
2824 4703 2971 4759 dicas
3002 4722 3015 4758 :
3046 4720 3169 4759 nam
3196 4721 3341 4776 sa'pe
3364 4707 3603 4763 videmus

2019 4811 2186 4866 equos
2212 4796 2447 4866 aurigam
2489 4794 2835 4851 deturbantes
2865 4811 2985 4851 cum
3016 4795 3169 4851 freno
3196 4805 3251 4852 et
3283 4813 3379 4867 per
3420 4803 3605 4868 prxeci-

2021 4890 2147 4959 pitia
2192 4903 2315 4943 sese
2360 4887 2584 4953 dantes;
2618 4887 2711 4942 sed
2761 4887 2968 4942 frenum
3003 4903 3107 4944 non
3137 4888 3448 4959 culpamus;
3496 4906 3598 4945 non

2018 4985 2162 5039 enim
2194 4982 2321 5038 illud
2366 4982 2632 5052 abjectum
2685 4982 2736 5036 in
2780 4991 3067 5046 causaest,
3103 4982 3197 5038 sed
3244 4985 3463 5055 auriga,
3510 4984 3598 5054 qui

2018 5091 2125 5130 non
2154 5075 2391 5141 retinuit,
2419 5074 2596 5127 omnia
2622 5072 2875 5144 perdidit.
2907 5073 2980 5127 Ita
3012 5073 3098 5128 hic
3125 5090 3339 5145 quoque
3363 5084 3547 5143 reputa
3580 5092 3596 5128 :

2016 5168 2061 5221 si
2109 5167 2307 5222 videris
2360 5166 2614 5236 juvenem
2651 5167 2989 5236 orphanum,
3035 5176 3089 5222 et
3133 5168 3269 5221 mala
3318 5169 3598 5223 innumera

2017 5246 2447 5329 perpetrantem,
2481 5274 2547 5314 ne
2598 5273 2795 5329 corpus
2842 5259 3077 5325 incuses,
3109 5258 3201 5313 sed
3224 5261 3460 5329 aurigam
3508 5260 3595 5330 qui

2017 5351 2261 5413 trahitur,
2284 5366 2476 5422 nempe
2512 5352 2797 5407 rationem.
2826 5350 2974 5407 Sicut
3000 5350 3143 5405 enim
3186 5349 3335 5405 frena
3362 5367 3467 5405 non
3500 5367 3596 5407 ne-

2012 5455 2214 5525 gotium
2235 5451 2435 5507 faciunt
2455 5452 2674 5522 aurigae,
2701 5449 2797 5506 sed
2822 5449 2909 5504 ille
2929 5449 3168 5504 omnium
3193 5463 3353 5504 causa
3377 5458 3480 5514 est,
3507 5447 3594 5517 qui

2015 5546 2251 5602 habenas
2289 5560 2393 5598 non
2441 5543 2609 5614 probe
2642 5542 2876 5607 retinet;
2922 5541 3147 5612 ideoque
3190 5541 3258 5594 ab
3292 5541 3379 5593 illo
3411 5552 3595 5609 ptem:

2014 5646 2286 5709 repetunt,
2315 5652 2437 5692 cum
2473 5636 2563 5691 illo
2588 5635 2921 5705 complicata:
2950 5634 3169 5690 habena:
3196 5646 3247 5687 et
3275 5642 3595 5689 eumaura-

2017 5730 2152 5787 bunt
2179 5739 2233 5785 et
2259 5736 2455 5801 eognnt
2481 5742 2602 5783 esse
2628 5726 2937 5799 participem
2972 5726 3239 5783 infortunii
3270 5726 3350 5781 sui
3379 5741 3391 5777 :
3423 5726 3494 5780 ita
3542 5733 3596 5779 et
