3838 6214
220 204 348 261 143

215 323 301 375 οὐ
329 321 413 393 τῷ
445 322 729 396 ἀκοιμήτῳ
745 326 1010 400 ὀφθαλμῷ
1027 346 1039 358 ·
1066 329 1262 402 ἐκείνῳ
1290 333 1401 403 γάρ
1422 334 1643 389 ἅπαντα
1665 334 1818 404 δῆλα.

222 408 353 460 Kal
395 407 460 460 σὺ
495 408 594 476 μὲν
621 410 720 480 οὐχ
752 412 885 481 ὁρᾷς
911 413 1012 484 τὴν
1048 414 1109 466 ἐν
1149 418 1215 486 τῇ
1249 418 1508 487 συγχύσει
1536 418 1819 490 διαίρεσιν,

224 491 452 577 ἐκεῖνος
494 491 550 577 δὲ
593 492 769 546 πάντα
812 490 982 577 οἶδεν·
1027 498 1152 577 έπεὶ
1188 500 1284 551 καὶ⁵
1330 500 1400 553 τὰ
1432 503 1490 554 ἐν
1527 504 1593 572 τῇ
1627 502 1825 573 καρδίᾳ

227 576 309 627 σὺ
355 574 455 645 μὲν
493 575 710 643 ἀγνοεῖς
748 576 841 631 τοῦ
874 574 1137 650 πλησίον,
1166 584 1373 646 ἐκεῖνος
1413 583 1469 636 δὲ
1499 584 1679 638 πάντα
1724 586 1823 637 ἐπ-

230 657 482 713 ίσταται.
512 660 574 712 El
616 660 794 713 τοίνυν
840 662 1025 733 ἐπειδὴ
1067 665 1281 733 ἀγνοεῖς
1325 666 1444 729 πῶς
1483 668 1765 739 ἀνίστησιν
1798 669 1826 720 6

224 741 408 808 Θεὸς,
446 742 696 807 ἀπιστεῖς
734 746 814 797 ὅτι
857 746 1174 818 ἀνίστησιν,
1239 750 1564 823 ἀπιστήσεις
1598 753 1679 806 δτι
1728 753 1823 806 καὶ

223 826 309 879 τά
339 828 399 878 ἐν
430 829 495 897 τῇ
524 826 732 899 διανοίᾳ
756 824 925 897 οἷδεν;
966 831 1027 884 οὐ
1067 833 1318 901 φαίνεται
1348 835 1457 907 γάρ
1486 837 1606 890 οὐδὲ
1629 838 1822 893 ταῦτα.

227 910 439 963 Καίτοι
484 911 576 963 ἐπὶ
619 910 715 964 τοῦ
773 912 1026 983 σώματος
1092 916 1191 985 μὲν
1245 916 1347 988 ὕλη
1403 920 1551 971 ἐστὶν
1612 920 1821 991 ὁρατὴ,

227 992 347 1046 κάν
392 993 649 1065 διαλυθῇ·
680 996 889 1049 ἐκεῖναι
923 998 980 1051 δὲ
1021 1001 1077 1052 al
1115 999 1314 1053 ἔννοιαι
1363 1001 1609 1071 ἀόρατοι.
1656 1003 1713 1055 ὐ
1756 1003 1824 1054 τά

230 1076 457 1146 ἀόρατα
488 1077 667 1131 τοίνυν
715 1079 870 1142 εἰδὼς
927 1081 1066 1151 μετά
1112 1083 1401 1153 ἀκριϐείας
1454 1085 1825 1156 ἀπάσης,·τά

229 1160 417 1229 ὀρατά
460 1161 558 1214 οὐκ
597 1160 820 1230 ὄψεται,
850 1166 945 1217 καὶ
993 1164 1262 1237 διαιρήσει
1300 1168 1500 1239 ῥᾳδίως
1534 1169 1596 1222 τὸ
1629 1169 1822 1239 σῶμα;

232 1243 421 1295 Παντί
456 1261 556 1297 που
588 1244 765 1313 δῆλον.
797 1248 889 1317 Μὴ
930 1248 1111 1303 τοίνυν
1144 1250 1363 1303 ἀπίστει
1386 1253 1452 1321 τῇ
1490 1252 1787 1305 ἀναστάσει
1808 1270 1821 1284 ·

227 1325 547 1380 διαϐολικὸν
596 1328 703 1398 γάρ
752 1330 811 1383 τὸ
849 1330 1058 1401 δόγμα·
1114 1333 1209 1386 καὶ
1257 1334 1551 1398 σπουδάζει
1590 1334 1751 1388 τοῦτο
1798 1337 1826 1389 6

228 1408 512 1473 διάϐολος,
563 1412 661 1482 οὑχ
704 1412 790 1465 ῖνα
837 1414 1133 1479 ἀνάστασις
1166 1416 1441 1488 ἀπιστηθῇ
1493 1416 1673 1487 μόνον,
1708 1418 1823 1471 ἀλλ’

230 1492 331 1546 ἵνα
364 1495 458 1547 καὶ
474 1494 541 1548 τά
563 1496 663 1565 τῆς
685 1498 888 1568 ἀρετῆς
908 1497 1044 1569 ἔργα
1064 1500 1346 1571 καταλυθῇ
1369 1502 1463 1553 καὶ
1484 1501 1754 1572 ἀπόληται
1772 1514 1821 1557 ι.

235 1578 568 1649 ’Ἄνθρωπος
605 1581 714 1651 γάρ
740 1581 815 1652 μὴ
840 1583 1157 1653 προσδοκῶν
1180 1584 1581 1655 ἀναστήσεσθαι
1605 1588 1700 1639 καὶ
1724 1585 1826 1640 δὼ-

231 1678 361 1712 σειν
397 1661 553 1730 λόγον
601 1662 710 1716 τῶν
749 1666 1194 1737 πεπραγμένων,
1241 1668 1340 1740 οὐχ
1383 1668 1583 1739 ἅψεται
1613 1670 1826 1741 ταχέως

228 1743 451 1813 ἀρετῆς
475 1760 487 1772 ·
523 1744 618 1814 οὐχ
647 1747 951 1817 ἁπτόμενος
991 1749 1047 1802 δὲ
1086 1750 1318 1821 ἀρετῆς,
1368 1752 1717 1824 διαπιστὴσει
1755 1755 1822 1824 τῇ

227 1828 533 1881 ἀναστάσει
569 1830 760 1883 πάλιν·
795 1833 1082 1905 ἀμφότερα
1112 1835 1222 1906 γάρ
1247 1836 1339 1888 ὑπ’
1372 1835 1621 1909 ἀλλήλων
1655 1854 1824 1891 κατα-

228 1910 591 1978 σκευάζεται,
619 1914 651 1983 ή
680 1915 847 1967 κακία
868 1916 973 1969 ὑπὸ
991 1917 1093 1986 τῆς
1116 1919 1395 1983 ἀπιστίας,
1419 1920 1515 1973 xal
1538 1922 1571 1993 ή
1595 1921 1823 1975 ἀπιστία

228 1994 347 2047 ὑπὸ
379 1996 479 2065 τῆς
506 1996 724 2061 κακίας.
756 1998 972 2053 Πολλῶν
999 2000 1107 2072 γάρ
1137 2002 1571 2074 πεπληρωμένον
1598 2005 1660 2058 τὸ
1699 2022 1821 2059 συν-

227 2078 380 2140 ειδὸς
418 2079 713 2151 πονηριῶν,
743 2081 979 2146 δεδοικὸς
1017 2086 1112 2138 καὶ
1143 2085 1348 2162 τρέμον
1388 2088 1487 2157 τὴν
1522 2087 1822 2159 μέλλουσαν

228 2162 527 2227 ἀντίδοσιν,
571 2165 758 2235 ἐπειδὴ
806 2167 880 2237 μὴ
923 2166 1171 2237 βούλεται
1218 2170 1327 2223 ἀπὸ
1370 2172 1470 2241 τῆς
1512 2162 1822 2242 μεταϐολῆς

225 2244 336 2314 τῆς
386 2246 477 2299 ἐπὶ
519 2247 587 2300 τά
625 2248 888 2302 κάλλιστα
933 2251 1033 2320 τὴν
1083 2252 1435 2323 παραμυθίαν
1472 2255 1817 2325 πορίζεσθαι,

226 2329 347 2382 ἀπὸ
378 2333 475 2401 τῆς
508 2331 768 2396 ἀπιστίας
802 2334 1177 2389 ἀναπαύεσθαι
1218 2336 1487 2406 βούλεται.
1529 2339 1605 2392 Οὐ
1636 2338 1821 2407 λέγον-

223 2429 327 2475 τος
364 2413 474 2485 γάρ
506 2413 601 2467 σοῦ
648 2415 949 2471 ἀνάστασιν
976 2418 1099 2471 οὐδὲ
1140 2419 1344 2491 κρίσιν,
1381 2423 1635 2486 κάκεῖνος
1668 2424 1817 2494 ἐρεῖ·

226 2495 451 2549 Οὐκοῦν
492 2497 615 2551 οὐδὲ
662 2497 773 2567 ἐγὼ
818 2499 975 2553 δώσω
1020 2500 1179 2569 λόγον
1221 2502 1332 2558 τῶν
1375 2504 1817 2576 τετολμημένων.

242 2579 413 2633 Ἀλλά
443 2580 496 2633 τί
525 2598 690 2652 φησιν
713 2584 741 2636 6
774 2584 1037 2653 Χριστός;
1069 2586 1426 2651 Πλανᾶσθε,
1466 2589 1554 2659 μὴ
1593 2589 1820 2657 εἰδότες

225 2664 346 2730 τὰς
366 2666 630 2734 Γραφὰς,
648 2665 803 2734 μηδὲ
822 2666 937 2734 τὴν
962 2668 1223 2738 δύναμιν
1240 2671 1345 2726 τοῦ
1365 2669 1533 2727 Θεοῦ.
1558 2674 1689 2727 Οὐδὲ
1711 2676 1819 2744 γάρ

230 2746 304 2801 ἂν
336 2747 575 2802 τοσαῦτα
613 2750 1107 2819 ἐπραγματεύσατο
1136 2754 1164 2805 6
1190 2754 1344 2822 Θεὸς,
1376 2757 1430 2808 εῖ
1453 2772 1516 2824 γε
1550 2757 1625 2827 μὴ
1654 2757 1817 2827 ἔμελ-

234 2829 332 2884 λεν
356 2833 677 2903 ἀναστήσειν
701 2835 869 2903 ημᾶς,
900 2834 1035 2887 άλλά
1055 2835 1291 2890 διαλύειν
1313 2838 1408 2891 καὶ
1433 2840 1713 2909 ἀφανίζειν
1738 2843 1819 2904 εἰς

233 2915 301 2969 τὸ
344 2916 506 2987 μηδέν
526 2932 539 2945 ⁸
580 2916 681 2969 οὐκ
711 2917 776 2970 ἂν
808 2918 899 2970 τὸν
926 2918 1157 2989 οὐρανὸν
1198 2920 1429 2985 ἐξέτεινε
1462 2921 1651 2975 τοῦτον
1672 2963 1686 2989 ,
1717 2924 1819 2976 οὐκ

230 2996 305 3052 ἂν
344 2999 442 3068 τὴν
493 2999 599 3068 γῆν
646 3000 1044 3073 ὕπεστόρεσεν,
1079 3003 1180 3057 οὑκ
1210 3005 1276 3059 ἂν
1314 3006 1383 3057 τά
1426 3005 1562 3058 ἄλλα
1606 3006 1820 3060 ἅπαντα

231 3082 379 3154 ὑπὲρ
414 3083 513 3151 τῆς
552 3084 810 3155 βραχείας
847 3086 991 3158 ζωῆς
1022 3087 1183 3158 μόνον
1213 3088 1415 3159 ταύτης
1444 3089 1722 3159 ἐποίησεν.
1756 3092 1818 3144 Εἰ

229 3167 291 3221 δὲ
316 3166 457 3239 ὑπὲρ
484 3168 586 3238 τῆς
613 3170 892 3242 παρούσης
920 3172 1115 3235 ταῦτα,
1139 3172 1193 3224 τί
1222 3173 1281 3225 οὐ
1306 3174 1525 3245 ποιήσει
1552 3174 1694 3246 ὑπὲρ
1719 3178 1817 3246 τῆς

235 3251 574 3322 μελλούσης;
609 3253 672 3305 Εἰ
701 3252 757 3306 δὲ
803 3256 879 3326 μή
921 3254 1075 3308 ἔσται
1119 3256 1427 3326 μέλλουσα,
1471 3258 1606 3311 πολὺ
1656 3261 1818 3331 ἡμεῖς

229 3336 347 3389 τῶν
370 3337 437 3390 δι’
470 3339 616 3407 ἡμᾶς
645 3340 949 3409 γενομένων
980 3341 1297 3411 ἀτιμότεροι
1325 3343 1467 3397 κατά
1504 3343 1681 3398 τοῦτο.
1712 3346 1818 3399 Καὶ

207 3416 348 3491 ’γάρ
376 3420 604 3492 οὐρανὸς
634 3422 730 3475 καὶ
766 3423 838 3493 γῆ
865 3424 959 3476 καὶ
988 3424 1234 3478 θάλασσα
1265 3427 1360 3478 καὶ
1398 3430 1635 3499 ποταμοὶ
1668 3447 1819 3500 μονι-

236 3504 462 3576 μώτερα
499 3506 679 3576 ἡμῶν,
728 3509 823 3560 καὶ
869 3508 976 3561 τῶν
1022 3509 1234 3577 ἀλόγων
1274 3510 1331 3563 δὲ
1376 3511 1491 3565 ἔνια
1517 3529 1531 3541 ·
1573 3516 1667 3566 καὶ
1708 3516 1817 3586 γάρ

234 3588 452 3659 κορώνη
479 3590 574 3642 καὶ
606 3589 667 3642 τὸ
691 3590 798 3643 τῶν
821 3592 1128 3659 ἐλεφάντων
1158 3592 1316 3659 γένος
1343 3596 1438 3647 καὶ
1460 3595 1634 3649 πολλὰ
1653 3598 1819 3668 ἔτερα

233 3673 457 3727 πλείονα
487 3673 675 3743 χρόνον
707 3674 968 3727 ἀπολαύει
998 3678 1096 3747 τῆς
1132 3677 1414 3748 παρούσης
1447 3677 1609 3751 ζωῆς.
1656 3682 1820 3753 Ἡμῖν

231 3756 291 3808 δὲ
322 3757 413 3809 καὶ
444 3757 649 3827 βραχὺς
676 3758 770 3809 καὶ
800 3758 1052 3821 ἐπίπονος
1075 3761 1101 3811 6
1133 3759 1264 3829 βίος,
1292 3762 1406 3815 ἀλλ’
1433 3763 1533 3815 οὐκ
1563 3764 1813 3831 ἐκείνοις,

232 3841 375 3895 ἀλλά
412 3842 505 3894 καὶ
533 3840 761 3912 μακρὸς,
787 3843 882 3894 καὶ
908 3841 1107 3912 μᾶλλον
1136 3844 1374 3915 ἀθυμίας
1397 3847 1491 3899 καὶ
1520 3850 1816 3919 φροντίδων

232 3924 674 3995 ἀπηλλαγμένος.
708 3924 773 3976 Τί
810 3921 924 3987 οῦν,
962 3926 1085 3978 είπέ
1125 3944 1245 3996 μοι,
1281 3929 1404 3993 τοὺς
1438 3930 1657 3997 δούλους
1693 3934 1814 4003 βελ-

230 4008 386 4071 τίους
439 4007 661 4077 ἐποίησε
714 4007 822 4061 τῶν
865 4009 1174 4075 δεσποτῶν;
1210 4011 1321 4080 Μὴ.
1358 4015 1695 4084 παρακαλῶ,
1741 4014 1815 4088 μὴ

230 4092 407 4145 ταῦτα
434 4091 671 4161 λογίζου,
696 4092 829 4164 μηδὲ
858 4092 1105 4163 πτὼχευε
1132 4094 1228 4165 τήν
1258 4094 1513 4162 διάνοιαν,
1537 4098 1812 4169 ἄνθρωπε,

235 4176 377 4247 μηδὲ
412 4177 594 4243 ἀγνόει
640 4177 731 4229 τὸν
780 4175 1010 4229 πλοῦτον
1052 4178 1145 4229 τοῦ
1179 4177 1336 4242 Θεοῦ,
1387 4180 1625 4234 τοιοῦτον
1677 4182 1815 4253 ἔχων

231 4260 534 4330 Δεσπότην.
574 4260 679 4312 Kal
707 4259 816 4331 γάρ
843 4260 902 4325 ἐξ
930 4260 1104 4331 ἀρχῆς
1135 4277 1193 4313 σε
1220 4260 1469 4315 ἐϐούλετο
1494 4264 1760 4318 ἀθάνατον
1787 4268 1816 4319 6

230 4345 366 4407 Θεὸς
400 4344 644 4413 ποιῆσαι,
685 4344 798 4397 ἀλλ’
837 4346 937 4398 οὐκ
970 4345 1240 4417 ἠθέλησας
1278 4345 1360 4401 σύ.
1399 4348 1509 4401 Kal
1535 4349 1643 4419 γὰρ
1682 4350 1815 4404 ἀθα-

232 4428 431 4490 νασίας
459 4428 756 4498 αἰνίγματα
781 4430 963 4482 ἐκεῖνα
987 4425 1076 4499 ἦν,
1106 4432 1138 4499 ἡ
1170 4429 1306 4501 πρὸς
1336 4432 1424 4483 τὸν
1450 4431 1582 4485 Θεὸν
1606 4434 1813 4504 ὁμιλία,

232 4512 297 4565 τὸ
336 4512 720 4583 ἀταλαίπωρον
751 4511 855 4583 τῆς
885 4512 1054 4583 ζωῆς,
1085 4514 1148 4565 τὸ
1178 4512 1352 4584 λύπης
1395 4515 1489 4568 καλ⁹
1521 4518 1815 4588 φροντίδων

232 4596 583 4667 ἀπηλλάχθαι
611 4597 705 4650 καὶ
736 4597 914 4648 πόνων
934 4636 948 4660 ,
978 4597 1071 4649 καὶ
1102 4596 1210 4650 τῶν
1243 4598 1419 4653 ἀλλων
1457 4600 1566 4653 τῶν
1599 4604 1815 4657 ἐπικαί-

236 4696 369 4749 ρων.
404 4678 541 4733 Οῦτε
574 4679 683 4749 γάρ
716 4678 931 4749 ἱματίου
970 4678 1139 4732 ἐδεῖτο
1168 4681 1197 4733 6
1235 4680 1437 4751 Ἀδάμ,
1467 4684 1565 4737 οὐκ
1590 4686 1812 4757 ὀρόφου,

237 4762 395 4835 [I50]
441 4763 541 4816 οὐκ
588 4762 755 4834 ἄλλης
798 4762 1235 4840 τινὸςτοιαύτης
1279 4772 1656 4840 κατασκευῆς,
1700 4773 1813 4825 ἀλλ’

235 4846 491 4914 ἀγγέλοις
527 4846 727 4916 μᾶλλον
775 4838 971 4916 ἐῴκει,
1008 4847 1101 4901 καὶ
1144 4847 1313 4903 πολλά
1367 4851 1475 4903 τῶν
1511 4838 1816 4923 μελλόντων

236 4929 483 4999 προῄδει,
503 4931 598 4983 καὶ
615 4930 805 4999 σοφίας
830 4930 1190 5001 ἐπεπλήρωτο
1214 4931 1434 5003 πολλῆς.
1461 4936 1571 4988 Καὶ
1589 4936 1617 4988 ὃ
1640 4936 1815 5009 λάθρα

236 5014 494 5083 ἐποίησεν
528 5016 557 5066 6
588 5014 740 5077 Θεὸς,
782 5012 942 5066 τοῦτο
989 5017 1195 5079 ἐκεῖνος
1242 5016 1403 5083 ἔγνω,
1454 5020 1513 5071 τὸ
1558 5022 1814 5092 περὶτῆς

234 5096 518 5166 γυναικός·
548 5097 629 5150 διὸ
660 5098 754 5150 καὶ
782 5097 955 5165 ἔλεγε·
995 5098 1174 5152 Τοῦτο
1200 5099 1318 5152 νῦν
1348 5101 1574 5157 ὀστοῦν
1600 5104 1667 5157 ἐκ
1697 5104 1815 5158 τῶν

236 5178 436 5234 ὀστῶν
458 5197 608 5248 μου,
652 5179 751 5233 καί
796 5180 953 5248 σὰρξ
979 5181 1047 5234 ἐκ
1078 5181 1190 5250 τῆς
1227 5185 1455 5251 σαρκός
1476 5203 1615 5253 μου.
1660 5188 1719 5240 '0
1757 5189 1815 5243 δὲ

236 5264 403 5326 πόνος
460 5263 684 5335 ὕστερον
745 5265 988 5332 γέγονεν,
1047 5265 1271 5335 ὕστερον
1332 5267 1525 5338 ἱδρὼς,
1589 5270 1813 5343 ὕστερον

236 5346 472 5417 αἰσχύνη
504 5349 596 5401 καὶ
623 5350 657 5417 ἡ
686 5347 859 5401 δειλία
886 5349 980 5401 καὶ
1004 5347 1063 5401 τὸ
1094 5349 1563 5422 ἀπαρρησίαστον*
1596 5356 1714 5408 τότε
1757 5357 1813 5410 δὲ

235 5433 298 5485 ού
320 5431 490 5503 λύπη,
522 5434 621 5485 οὐκ
648 5433 830 5503 ὀδύνη,
861 5433 921 5486 ού
950 5435 1274 5506 στεναγμός.
1320 5438 1459 5492 Ἀλλ’
1483 5441 1583 5494 οὐκ
1603 5440 1813 5513 ἔμεινεν

236 5517 333 5571 ἐπὶ
358 5516 459 5585 τῆς
489 5516 645 5582 ἀξίας
665 5518 903 5588 ἐκείνης.

304 5752 330 5781 ⁸
358 5750 552 5813 Dccral,
578 5754 656 5801 καὶ
682 5754 795 5803 ἀπὸ)
806 5769 932 5812 ηται.

1287 216 1367 285 ,ΙΝ
1406 216 1625 275 EPIST.
1667 218 1819 277 IAD
1854 215 2014 274 COR.
2049 216 2288 276 IIOHIL.
2329 218 2494 277 XVII.

3414 220 3517 281 1M

1997 332 2040 386 δ’
2047 375 2060 388 .
2093 335 2160 388 Τί
2189 330 2282 390 οῦν
2302 335 2413 405 ἐγὼ
2446 324 2623 399 πάθω,
2646 335 2781 406 φησί
2804 354 2819 401 ;
2840 337 2907 390 δι’
2930 336 3138 391 ἐκεῖνον
3169 336 3515 410 ἀπόλλδμαις

1931 416 2186 471 Μάλιστα
2222 418 2321 488 μὲν
2346 419 2409 470 οὑ
2437 418 2504 470 δι’
2537 418 2744 472 ἐκεῖνον
2767 436 2780 449 ·
2817 419 2936 472 οὐδὲ
2964 418 3071 490 γάρ
3106 421 3169 473 σὺ
3197 422 3517 492 ἀναμάρτη-

1928 516 2018 562 τος
2051 499 2296 571 ἔμεινας,
2351 502 2466 555 άλλ’
2518 503 2567 554 εί
2621 502 2717 554 καὶ
2771 503 2845 574 μὴ
2879 503 2977 573 τὴν
3011 503 3179 574 αὐτὴν
3219 505 3512 576 ἁμαρτίαν,

1929 582 2120 653 ἑτέραν
2147 584 2278 651 γοῦν
2306 584 2576 654 ἥμαρτες.
2611 584 2822 648 ’Λλλως
2847 584 2904 637 δὲ
2934 584 3054 637 οὐδὲ
3088 585 3195 638 ἀπὸ
3219 586 3317 655 τῆς
3344 604 3516 656 τιμω-

1931 669 2054 735 ρίας
2083 666 2338 738 ἐϐλάϐης,
2371 667 2505 719 ἀλλά
2536 666 2629 719 καί
2660 666 2975 738 ἐκέρδανας.
3010 668 3070 719 Εἰ
3102 668 3198 737 μὲν
3228 668 3337 736 γάρ
3359 668 3518 738 ἔμελ-

1927 747 2016 810 λες
2045 748 2221 803 διόλου
2272 750 2455 819 μένειν
2500 750 2726 821 θνητὸς,
2773 752 2903 813 ἴσως
2946 747 3061 821 εἶχέ
3104 768 3227 803 τινα
3260 751 3418 819 λόγον
3453 750 3516 805 τὸ

1927 833 2219 903 εἰρημένον
2240 851 2253 866 ·
2282 834 2377 886 νῦν
2403 834 2459 887 δὲ
2494 835 2588 887 καὶ
2618 834 2884 897 ἀθάνατος
2908 828 2977 896 εἴ,
3007 835 3111 886 κᾶν
3136 834 3347 905 ἐθέλῃς,
3372 834 3514 905 ὑπὲρ

1924 914 2015 967 τὸν
2044 917 2195 986 ἥλιον
2234 916 2402 970 αὑτὸν
2438 915 2653 987 λάμψαι
2682 916 2911 987 δυνήσῃ.
2962 916 3100 970 Ἀλλ’
3135 919 3184 969 εί
3217 918 3290 987 μὴ
3320 917 3515 987 θνητὸν

1925 996 2116 1051 ἔλαϐον
2158 998 2340 1069 σῶμα,
2384 1000 2571 1069 φησὶν,
2609 999 2711 1052 οὐκ
2742 998 2807 1052 ἂν
2836 1000 3104 1070 ἥμαρτον.
3140 999 3205 1052 Ἰῖί
3238 995 3351 1064 οῦν,
3391 998 3512 1053 εἰπέ

1929 1098 2020 1149 μοι
2046 1097 2060 1145 ;
2088 1082 2317 1146 ἐκεῖνος,
2343 1083 2536 1152 θνητὸν
2558 1083 2696 1153 ἔχων
2720 1081 2897 1152 σῶμα,
2924 1084 3201 1153 ἦμαρτενς
3225 1082 3510 1153 Οὐδαμῶς⁹

1925 1165 1986 1216 ού
2027 1164 2139 1237 γάρ
2189 1166 2277 1227 ἀν,
2328 1166 2471 1235 εἴγε
2512 1166 2705 1237 θνητὸν
2736 1161 2825 1236 ἦν,
2874 1164 3102 1238 ὕστερον
3145 1167 3203 1219 ἐν
3237 1166 3513 1231 κολάσεως

1924 1247 2077 1312 τάξει
2124 1247 2217 1301 τὸν
2255 1248 2483 1303 θάνατον
2523 1250 2839 1318 ὑπέμεινεν.
2884 1250 3006 1303 Ὀτι
3051 1249 3109 1302 δὲ
3146 1248 3271 1303 οὔτε
3316 1250 3513 1322 θνητὸν

1928 1329 2089 1400 σῶμα
2119 1331 2403 1401 ἐμποδίζει
2450 1332 2587 1403 πρὸς
2624 1333 2851 1406 ἀρετὴν,
2885 1332 3021 1386 ἀλλά
3050 1334 3144 1386 καὶ
3188 1333 3511 1405 σωφρονίζει

1925 1414 2019 1467 καὶ
2070 1415 2141 1467 τά
2194 1416 2428 1486 μέγιστα
2462 1416 2741 1483 συντελεῖ,
2794 1416 2952 1486 δῆλον
3006 1415 3241 1469 ἐκεῖθεν.
3295 1417 3357 1470 El
3400 1417 3512 1489 γάρ

1924 1499 2223 1570 προσδοκία
2246 1500 2547 1563 ἀθανασίας
2581 1501 2742 1571 μόνον
2780 1500 2955 1563 οὕτως
2985 1500 3159 1570 ἐπῆρε
3182 1499 3274 1553 τὸν
3315 1500 3508 1571 Ἀδὰμ,

1924 1582 1973 1633 εἰ
2004 1582 2098 1635 καὶ
2126 1582 2203 1651 τῷ
2233 1583 2347 1636 ὄντι
2383 1582 2657 1646 ἀθάνατος
2695 1582 2941 1651 ἐγεγόνει
2964 1622 2978 1647 ,
3012 1582 3115 1636 ποῦ
3148 1582 3250 1635 οὐκ
3277 1581 3342 1635 ἂν
3371 1582 3510 1635 ἀπο-

1924 1663 2072 1728 νοίας
2096 1665 2256 1736 ἐξέϐη
2280 1682 2293 1731 ;
2323 1666 2433 1719 Kal
2455 1665 2549 1720 νῦν
2576 1664 2677 1736 μὲν
2708 1664 2970 1736 ἁμαρτὼν
3000 1664 3227 1718 δύνασαι
3255 1663 3415 1717 λῦσαι
3441 1664 3512 1718 τὰ

1924 1749 2144 1820 άμαρτή
2154 1766 2318 1819 ματα,
2347 1748 2441 1803 τοῦ
2480 1749 2733 1819 σώματος
2762 1749 3024 1803 ταπεινοῦ
3053 1748 3203 1812 δντος
3228 1748 3321 1802 καὶ
3344 1763 3512 1801 κατα-

1924 1832 2217 1896 πίπτοντος
2246 1832 2339 1886 καὶ
2364 1832 2742 1903 διαλυομένου·
2779 1833 2875 1886 καὶ
2903 1832 3013 1904 γὰρ
3040 1827 3198 1887 αῦται
3234 1832 3289 1885 al
3313 1830 3509 1886 ἔννοιαι

1925 1917 2109 1970 ἱκαναὶ
2139 1916 2492 1989 σωφρονίσαι·
2522 1919 2571 1971 εί
2597 1916 2655 1970 δὲ
2683 1917 2742 1970 ἐν
2770 1917 3023 1986 ἀθανάτῳ
3057 1915 3508 1986 ἐπλημμέλησας,

1927 1998 2275 2072 μονιμώτερα
2330 2002 2461 2065 ἴσως
2517 1999 2745 2071 ἔμελλεν
2797 1995 2937 2053 εἶναι
2988 1998 3057 2052 τὰ
3115 2000 3507 2070 ἁμαρτήματα.

1923 2083 2001 2135 Οὐ
2034 2083 2215 2135 τοίνυν
2244 2085 2275 2153 ή
2303 2083 2566 2153 θνητότης
2611 2084 2762 2137 αίτία
2794 2082 2909 2151 τῆς
2944 2082 3241 2153 ἁμαρτίας,
3276 2082 3351 2151 μὴ
3373 2098 3505 2134 κατ-

1921 2166 2134 2235 ηγόρει.
2173 2166 2288 2219 ἀλλ’
2314 2168 2347 2236 ἡ
2377 2167 2591 2239 πονηρά
2616 2165 2937 2238 προαίρεσίς
2968 2166 3117 2217 ἐστιν
3153 2166 3186 2235 ή
3234 2164 3359 2235 ῥίζα
3396 2162 3508 2217 τῶν

1922 2249 2128 2302 κακῶν.
2159 2251 2257 2303 Διά
2279 2249 2332 2303 τί
2353 2251 2462 2321 γὰρ
2488 2250 2654 2321 μηδὲν
2674 2251 2766 2303 τὸν
2792 2249 2958 2303 ΙἍϐελ
2976 2249 3040 2302 τὸ
3062 2249 3221 2319 σῶμα
3243 2248 3506 2318 ἠδίκησες

1921 2331 2009 2384 διὰ
2053 2330 2107 2383 τί
2155 2331 2325 2403 μηδὲν
2371 2335 2497 2396 τοὺς
2540 2332 2800 2403 δαίμονας
2844 2332 2906 2385 τὸ
2955 2331 3245 2402 ἀσώματον
3290 2330 3506 2399 (iw-qu;

1923 2413 2111 2467 Βούλει
2160 2415 2375 2484 μαθεῖν,
2428 2415 2510 2468 ὃτι
2553 2416 2615 2467 ού
2654 2415 2815 2486 μόνον
2847 2416 2947 2468 οὐκ
2995 2414 3195 2482 ἔϐλαψε
3235 2414 3296 2467 τὸ
3347 2412 3509 2484 σῶμα

1923 2496 2114 2568 θνητὸν
2143 2498 2455 2568 γενόμενον,
2488 2498 2624 2552 ἀλλά
2666 2499 2760 2551 καὶ
2799 2498 3116 2570 ὠφέλησεν;
3148 2497 3382 2551 ἄκουσον
3406 2496 3511 2550 ὅσα

1923 2580 2250 2650 κερδαίνεις,
2288 2582 2383 2633 ἐὰν
2420 2582 2615 2653 νήφῃς,
2654 2584 2718 2634 ἐκ
2751 2581 2966 2636 τούτου.
3011 2580 3286 2634 Ἀνθέλκει
3320 2596 3379 2632 σε
3412 2578 3509 2632 καὶ

1923 2665 2172 2733 περισπᾷ
2210 2664 2320 2716 ἀπὸ
2366 2662 2467 2732 τῆς
2518 2664 2720 2727 κακίας
2772 2664 2989 2725 ὀδύναις
3034 2664 3128 2716 καὶ
3161 2662 3363 2726 λύπαις
3413 2658 3510 2714 καὶ

1922 2749 2104 2810 πόνοις
2137 2749 2231 2800 καὶ
2264 2749 2379 2811 τοῖς
2412 2747 2593 2811 ἄλλοις
2623 2750 2734 2809 τοῖς
2770 2747 3052 2811 τοιούτοις.
3104 2746 3265 2800 Ἀλλά
3304 2744 3400 2800 καὶ
3426 2746 3508 2809 είς

1922 2831 2180 2902 πορνείαν
2208 2832 2414 2900 ἐξάγει,
2447 2850 2519 2902 φη
2530 2832 2612 2885 σίν
2639 2850 2652 2898 ;
2698 2834 2774 2885 Οὐ
2804 2832 2866 2885 τὸ
2898 2833 3080 2903 σῶμα,
3102 2832 3217 2885 ἀλλ’
3244 2833 3280 2899 ἡ
3304 2829 3510 2885 ἀκολα-

1922 2916 2032 2971 σία·
2072 2916 2247 2968 ταῦτα
2297 2916 2395 2985 μὲν
2428 2915 2560 2985 γάρ,
2600 2916 2744 2987 ἅπερ
2784 2910 2958 2980 εἷπον,
3005 2915 3223 2977 πάντως
3258 2914 3354 2968 τοῦ
3402 2911 3509 2966 σώε-

1924 2999 2093 3069 ματός
2126 2999 2261 3051 ἐστι.
2300 2999 2499 3069 Διόπερ
2527 2999 2627 3052 οὐκ
2657 2999 2804 3051 ἔστιν
2836 2998 3125 3069 ἄνθρωπον
3158 3000 3239 3062 είς
3268 2998 3363 3051 τὸν
3390 2998 3509 3068 βίον

1921 3083 2145 3135 ἐλθόντα
2171 3081 2361 3135 τοῦτον
2387 3082 2461 3151 μὴ
2488 3084 2580 3134 καὶ
2607 3085 2784 3135 νοσεῖν
2809 3082 2906 3135 καὶ
2927 3082 3112 3150 ἀλγεῖν
3135 3083 3230 3135 καὶ
3249 3081 3502 3152 ἀθυμεῖν·

1923 3163 1997 3239 μὴ
2038 3166 2323 3238 πορνεύειν
2350 3166 2406 3219 δὲ
2449 3166 2550 3221 ἔνι.
2584 3166 2748 3218 Ὥστε
2796 3167 2844 3219 εί
2890 3166 2990 3235 τῆς
3017 3165 3110 3219 τοῦ
3156 3165 3406 3237 σώματος
3434 3159 3508 3236 ἦν

1921 3250 2136 3320 φύσεως
2162 3251 2256 3303 καὶ
2290 3249 2359 3303 τά
2388 3251 2487 3320 τῆς
2517 3250 2738 3315 κακίας,
2775 3249 3044 3303 καθολικά
3073 3249 3140 3303 ἂν
3174 3246 3264 3321 ἦν·
3292 3248 3365 3302 τά
3395 3248 3508 3320 γάρ

1921 3337 2125 3407 φυσικά
2155 3334 2381 3389 τοιαῦτα
2402 3376 2415 3396 ,
2460 3334 2519 3387 τὸ
2550 3334 2608 3387 δὲ
2653 3333 2943 3406 πορνεύειν
2972 3334 3034 3387 ού
3069 3333 3332 3387 τοιοῦτον·
3366 3330 3509 3386 ἀλλά

1917 3421 1977 3473 τὸ
2021 3422 2117 3490 μὲν
2163 3419 2350 3486 ἀλγεῖν
2401 3417 2671 3480 ἐντεῦθεν,
2720 3418 2780 3471 τὸ
2827 3418 2884 3471 δὲ
2926 3416 3215 3487 πορνεύειν
3258 3414 3368 3471 ἀπὸ
3399 3415 3503 3487 τῆς

1920 3502 2317 3574 προαιρέσεως.
2352 3502 2442 3571 Μὴ
2469 3502 2649 3554 τοίνυν
2679 3500 2976 3572 κατηγόρει
2998 3500 3094 3554 τοῦ
3126 3499 3399 3571 σώματος,
3426 3498 3504 3570 μή

1921 3605 2013 3641 σου
2038 3586 2137 3656 τήν
2162 3586 2330 3657 τιμὴν
2360 3584 2705 3655 ἀφαιρείσθω
2731 3586 2759 3638 ὁ
2787 3585 3054 3648 διάϐολος,
3080 3584 3150 3655 ἥν
3188 3601 3272 3637 σοι
3302 3583 3503 3637 ἔδωκεν

1917 3672 1946 3723 6
1982 3669 2135 3729 Θεός.
2170 3670 2266 3721 Ἀν
2310 3668 2418 3737 γάρ
2454 3667 2717 3739 θέλωμεν,
2760 3668 2973 3738 χαλινός
3014 3670 3162 3721 ἐστιν
3194 3666 3416 3738 ἀριστος
3442 3666 3507 3720 τὸ

1921 3753 2100 3823 σῶμα,
2134 3754 2200 3805 τά
2236 3753 2583 3823 σκιρτήματα
2617 3753 2714 3821 τῆς
2742 3751 2921 3823 ψυχῆς
2953 3750 3204 3821 κατέχον,
3240 3750 3502 3805 ἀπόνοιαν

1919 3836 2249 3900 κατασπῶν,
2311 3836 2629 3900 ἀλαζονείαν
2681 3834 2919 3899 κωλύον,
2964 3837 3023 3887 έν
3073 3836 3187 3899 τοῖς
3221 3834 3503 3905 μεγίστοις

1921 3918 2068 3992 [151]
2126 3918 2546 3990 κατορθώμασιν
2593 3920 2724 3989 ἡμῖν
2761 3917 3196 3988 διακονούμενον.
3237 3917 3331 3989 Μὴ
3389 3916 3500 3990 γάρ

1921 4019 2009 4071 μοι
2030 4003 2155 4065 τοὺς
2182 4002 2539 4072 μαινομένους
2562 4000 2742 4071 εἴπῃς·
2765 4001 2886 4053 ἐπεὶ
2910 4001 3006 4053 καὶ
3034 4000 3141 4053 τῶν
3166 3999 3350 4053 ἵππων
3369 3997 3501 4052 πολ-

1917 4086 2040 4149 λοὺς
2071 4086 2285 4158 ὁρῶμεν
2311 4086 2450 4138 κατά
2477 4085 2739 4154 κρημνῶν
2774 4085 3130 4154 φερομένους,
3161 4083 3254 4136 τὸν
3282 4080 3498 4154 ἡνίοχον

1919 4170 2185 4241 ῥίψαντας
2231 4169 2369 4239 μετά
2400 4167 2493 4222 τοῦ
2525 4168 2761 4239 χαλινοῦ·
2796 4167 2915 4221 ἀλλ’
2946 4168 3006 4220 οὐ
3048 4166 3376 4238 μεμφόμεθα
3404 4164 3497 4219 τὸν

1916 4253 2167 4324 χαλινόν·
2211 4254 2272 4306 ού
2312 4253 2419 4322 γάρ
2466 4254 2670 4314 ἐκεῖνος
2718 4250 3073 4314 διασπασθεὶς
3103 4250 3263 4304 τοῦτο
3305 4247 3495 4321 είργά-
3576 4317 3581 4321 ,

1919 4354 2071 4400 σατο,
2108 4337 2222 4389 ἀλλ’
2254 4339 2281 4389 6
2316 4336 2524 4406 ἡνίοχος
2561 4336 2590 4387 6
2622 4334 2696 4405 μὴ
2727 4333 3036 4405 κατασχὼν,
3072 4336 3247 4388 πάντα
3277 4333 3494 4388 ἀπώλε-

1916 4439 2029 4476 σεν.
2064 4420 2221 4474 Οῦτω
2257 4420 2321 4489 δὴ
2359 4421 2451 4472 καὶ
2492 4416 2727 4471 ἐνταῦθα
2757 4415 2993 4485 λογίζου·
3030 4416 3095 4469 ἂν
3139 4416 3256 4487 ἴδῃς
3283 4415 3403 4468 νέον
3435 4416 3495 4468 ἐν

1915 4503 2149 4577 ὀρφανίᾳ
2178 4501 2356 4568 ζῶντα
2388 4501 2483 4554 καὶ
2518 4500 2685 4571 μυρία
2727 4500 3094 4571 ἐργαζόμενον
3125 4499 3271 4551 κακά
3292 4538 3307 4562 ,
3334 4499 3409 4569 μὴ
3431 4498 3495 4551 τὸ

1919 4589 2077 4659 σῶμα
2116 4584 2296 4648 αἰτιῶ,
2343 4584 2479 4637 ἀλλά
2520 4582 2610 4635 τὸν
2657 4583 2870 4652 ήνίοχον
2910 4582 2999 4634 τὸν
3041 4581 3359 4651 συρόμενον,
3399 4582 3493 4634 τὸν

1914 4671 2178 4743 λογισμὸν
2208 4669 2373 4738 λέγω.
2412 4668 2625 4739 ’Ὠσπερ
2671 4666 2781 4736 γάρ
2828 4668 2883 4718 al
2916 4664 3065 4736 ήνίαι
3098 4664 3159 4717 οὑ
3190 4665 3491 4735 παρέχουσι

1915 4757 2221 4828 πράγματα
2250 4754 2326 4825 τῷ
2369 4751 2589 4824 ἡνιόχῳ,
2617 4750 2732 4804 ἀλλ’
2762 4751 2789 4802 6
2813 4750 3027 4821 ἡνίοχος
3060 4748 3280 4802 πάντων
3318 4748 3490 4811 αίτιος

1912 4843 1973 4894 ού
2001 4838 2181 4901 καλῶς
2209 4836 2379 4899 αὐτάς
2401 4836 2646 4905 κατέχων
2668 4850 2681 4863 ·
2715 4834 2793 4887 διὸ
2824 4834 2918 4886 καὶ
2945 4833 3102 4902 δίκην
3134 4832 3298 4885 αὑτὸν
3323 4832 3489 4886 ἀπαιο

1911 4923 2066 4975 τοῦσι
2086 4962 2101 4986 ,
2136 4918 2580 4990 συμπλεκόμεναι
2608 4916 2755 4987 αὑτῷ
2788 4916 2884 4969 καὶ
2915 4916 3328 4987 παρασύρουσαι
3354 4916 3487 4984 πολτ

1913 5006 2069 5069 λάκις
2100 5006 2193 5058 καὶ
2222 5000 2628 5071 ἀναγκάζουσαι
2653 4999 2755 5069 τῆς
2774 5000 2981 5063 οἰκείας
3005 5000 3345 5071 δυσπραγίας
3375 5016 3488 5052 κοι-

1912 5092 2100 5143 νωνεῖν
2125 5105 2138 5118 ·
2165 5086 2308 5141 οὕτω
2337 5086 2402 5157 δὴ
2430 5085 2524 5139 καὶ
2551 5083 2802 5139 ἐνταῦθα.
2846 5082 2988 5152 Ἐγὼ
3018 5084 3116 5155 μὲν
3140 5084 3270 5153 γάρ,
3300 5085 3487 5155 φησιν,

1914 5174 2145 5244 ἴμασσον
2176 5170 2238 5223 τὸ
2274 5170 2449 5239 στόμα
2488 5166 2584 5221 τοῦ
2614 5168 2811 5231 ἵππου,
2854 5165 2958 5229 ἕως
2994 5170 3267 5238 κατεῖχες·
3297 5167 3488 5240 ἐπειδὴ

1913 5257 1968 5311 δὲ
2011 5254 2278 5328 ἔρριψας,
2308 5252 2526 5306 ἀπαιτῶ
2577 5268 2635 5304 σε
2672 5251 2771 5320 τῆς
2804 5251 3263 5322 καταφρονήσεως
3308 5250 3485 5321 δίκην,

1914 5340 2009 5395 καλ⁸
2051 5337 2456 5410 περιπλέκομαι
2496 5337 2591 5389 καὶ
2635 5332 2976 5406 παρασύρω,
3008 5332 3149 5388 ὥστε
3192 5335 3390 5407 μηκέτι
3426 5334 3488 5391 τὸ

1914 5422 2047 5477 αὐτὸ
2078 5420 2291 5475 παθεῖν.
2321 5421 2526 5492 Μηδεὶς
2549 5420 2728 5473 τοίνυν
2751 5416 3017 5471 αἰτιάσθω
3041 5419 3139 5483 τάς
3166 5419 3344 5489 ἡνίας,
3372 5418 3487 5472 ἀλλ’

1915 5507 2102 5559 ἐαυτὸν
2137 5505 2230 5558 καὶ
2256 5505 2355 5577 τὴν
2382 5504 2783 5575 διεφθαρμένην
2823 5503 3072 5573 γνώμην.
3117 5503 3225 5556 Kal
3261 5504 3372 5572 γάρ
3402 5502 3490 5573 ἐφ’

1917 5588 2071 5660 ἡμῶν
2118 5588 2327 5659 ἡνίοχός
2367 5590 2514 5640 ἐστιν
2549 5590 2576 5640 6
2608 5588 2887 5657 λογισμός·
2931 5588 3077 5658 ήνίαι
3110 5586 3167 5640 δὲ
3211 5586 3272 5638 τὸ
3306 5584 3487 5655 σῶμα,

1919 5672 2249 5739 συνάγουσαι
2279 5673 2403 5734 τοὺς
2443 5671 2643 5733 ἵππους
2692 5671 2828 5740 πρὸς
2856 5671 2945 5723 τὸν
2977 5670 3212 5740 ἡνίοχον.
3262 5668 3361 5721 ’Ἂν
3388 5668 3491 5739 μὲν

1920 5752 2011 5810 οῦν
2044 5755 2223 5819 καλῶς
2256 5751 2410 5810 αὗται
2441 5755 2784 5821 διακέωνται,
2828 5752 2980 5807 οὐδὲν
3012 5753 3174 5825 πείσῃ
3204 5751 3395 5807 δεινόν’
3422 5751 3492 5807 ἂν
