  <div class='ocr_page' id='page_1' title='image "/cluster/home/n/w/nwhite01/storage/ocr_20150623/61/hvd.32044019190461/151.png"; bbox 0 0 3838 6214; ppageno 0'>
   <div class='ocr_carea' id='block_1_1' title="bbox 363 184 470 242">
    <p class='ocr_par' dir='ltr' id='par_1_1' title="bbox 363 184 470 242">
     <span class='ocr_line' id='line_1_1' title="bbox 363 184 470 242; baseline 0.019 -2"><span class='ocrx_word' id='word_1_1' title='bbox 363 184 390 240; x_wconf 70' lang='grc'><strong>1</strong></span> <span class='ocrx_word' id='word_1_2' title='bbox 403 187 470 242; x_wconf 68' lang='grc' dir='ltr'>ιδ</span> 
     </span>
    </p>
   </div>
   <div class='ocr_carea' id='block_1_2' title="bbox 363 297 1948 372">
    <p class='ocr_par' dir='ltr' id='par_1_2' title="bbox 363 297 1948 372">
     <span class='ocr_line' id='line_1_2' title="bbox 363 297 1948 372; baseline 0.001 -16"><span class='ocrx_word' id='word_1_3' title='bbox 363 303 424 356; x_wconf 71' lang='grc' dir='ltr'>δε</span> <span class='ocrx_word' id='word_1_4' title='bbox 447 301 592 372; x_wconf 77' lang='grc' dir='ltr'>ἀφῇς</span> <span class='ocrx_word' id='word_1_5' title='bbox 619 297 812 364; x_wconf 84' lang='grc' dir='ltr'>αὐτάς,</span> <span class='ocrx_word' id='word_1_6' title='bbox 835 300 1110 370; x_wconf 79' lang='grc' dir='ltr'>ὴφάνισας</span> <span class='ocrx_word' id='word_1_7' title='bbox 1139 303 1234 354; x_wconf 75' lang='grc' dir='ltr'>καὶ</span> <span class='ocrx_word' id='word_1_8' title='bbox 1259 301 1550 366; x_wconf 84' lang='grc' dir='ltr'>ἀπώλεσας</span> <span class='ocrx_word' id='word_1_9' title='bbox 1570 303 1808 358; x_wconf 78' lang='grc' dir='ltr'>ἅπαντα.</span> <span class='ocrx_word' id='word_1_10' title='bbox 1831 305 1948 357; x_wconf 84' lang='grc' dir='ltr'>Σω-</span> 
     </span>
    </p>
   </div>
   <div class='ocr_carea' id='block_1_3' title="bbox 368 395 1946 469">
    <p class='ocr_par' dir='ltr' id='par_1_3' title="bbox 368 395 1946 469">
     <span class='ocr_line' id='line_1_3' title="bbox 368 395 1946 469; baseline 0.003 -22"><span class='ocrx_word' id='word_1_11' title='bbox 368 396 660 467; x_wconf 84' lang='grc' dir='ltr'>φρονῶμεν</span> <span class='ocrx_word' id='word_1_12' title='bbox 687 395 886 461; x_wconf 80' lang='grc' dir='ltr'>τοίνυν,</span> <span class='ocrx_word' id='word_1_13' title='bbox 911 396 1007 448; x_wconf 74' lang='grc' dir='ltr'>καὶ</span> <span class='ocrx_word' id='word_1_14' title='bbox 1029 397 1104 467; x_wconf 81' lang='grc' dir='ltr'>μὴ</span> <span class='ocrx_word' id='word_1_15' title='bbox 1131 397 1527 468; x_wconf 82' lang='grc' dir='ltr'>κατηγορῶμεν</span> <span class='ocrx_word' id='word_1_16' title='bbox 1555 398 1648 452; x_wconf 89' lang='grc' dir='ltr'>τοῦ</span> <span class='ocrx_word' id='word_1_17' title='bbox 1674 398 1946 469; x_wconf 83' lang='grc' dir='ltr'>σώματος,</span> 
     </span>
    </p>
   </div>
   <div class='ocr_carea' id='block_1_4' title="bbox 367 493 1947 566">
    <p class='ocr_par' dir='ltr' id='par_1_4' title="bbox 367 493 1947 566">
     <span class='ocr_line' id='line_1_4' title="bbox 367 493 1947 566; baseline 0 -17"><span class='ocrx_word' id='word_1_18' title='bbox 367 494 506 550; x_wconf 90' lang='grc' dir='ltr'>ἀλλά</span> <span class='ocrx_word' id='word_1_19' title='bbox 540 495 640 566; x_wconf 81' lang='grc' dir='ltr'>τῆς</span> <span class='ocrx_word' id='word_1_20' title='bbox 687 495 932 564; x_wconf 76' lang='grc' dir='ltr'>πονηρᾶς</span> <span class='ocrx_word' id='word_1_21' title='bbox 964 493 1220 558; x_wconf 88' lang='grc' dir='ltr'>διανοίας.</span> <span class='ocrx_word' id='word_1_22' title='bbox 1254 495 1365 548; x_wconf 99' lang='lat' dir='ltr'>Kal</span> <span class='ocrx_word' id='word_1_23' title='bbox 1407 495 1518 566; x_wconf 80' lang='grc' dir='ltr'>γάρ</span> <span class='ocrx_word' id='word_1_24' title='bbox 1559 494 1654 548; x_wconf 89' lang='grc' dir='ltr'>τοῦ</span> <span class='ocrx_word' id='word_1_25' title='bbox 1697 495 1947 550; x_wconf 88' lang='grc' dir='ltr'>διαϐόλου</span> 
     </span>
    </p>
   </div>
   <div class='ocr_carea' id='block_1_5' title="bbox 367 589 1950 664">
    <p class='ocr_par' dir='ltr' id='par_1_5' title="bbox 367 589 1950 664">
     <span class='ocr_line' id='line_1_5' title="bbox 367 589 1950 664; baseline -0.003 -18"><span class='ocrx_word' id='word_1_26' title='bbox 367 589 530 664; x_wconf 70' lang='grc' dir='ltr'>ἔργον</span> <span class='ocrx_word' id='word_1_27' title='bbox 576 589 754 654; x_wconf 85' lang='grc' dir='ltr'>τοῦτο,</span> <span class='ocrx_word' id='word_1_28' title='bbox 800 591 1017 642; x_wconf 89' lang='grc' dir='ltr'>πάντων</span> <span class='ocrx_word' id='word_1_29' title='bbox 1052 589 1254 660; x_wconf 84' lang='grc' dir='ltr'>μᾶλλον</span> <span class='ocrx_word' id='word_1_30' title='bbox 1294 593 1466 643; x_wconf 85' lang='grc' dir='ltr'>ποιεῖν</span> <span class='ocrx_word' id='word_1_31' title='bbox 1515 591 1642 654; x_wconf 82' lang='grc' dir='ltr'>τοὺς</span> <span class='ocrx_word' id='word_1_32' title='bbox 1686 591 1950 660; x_wconf 76' lang='grc' dir='ltr'>ἀνοήτους</span> 
     </span>
    </p>
   </div>
   <div class='ocr_carea' id='block_1_6' title="bbox 367 685 1950 760">
    <p class='ocr_par' dir='ltr' id='par_1_6' title="bbox 367 685 1950 760">
     <span class='ocr_line' id='line_1_6' title="bbox 367 685 1950 760; baseline -0.003 -18"><span class='ocrx_word' id='word_1_33' title='bbox 367 690 716 760; x_wconf 73' lang='grc' dir='ltr'>κατηγορεῖν,</span> <span class='ocrx_word' id='word_1_34' title='bbox 744 687 840 740; x_wconf 77' lang='grc' dir='ltr'>καὶ</span> <span class='ocrx_word' id='word_1_35' title='bbox 867 685 1118 757; x_wconf 87' lang='grc' dir='ltr'>σώματος</span> <span class='ocrx_word' id='word_1_36' title='bbox 1147 689 1240 741; x_wconf 73' lang='grc' dir='ltr'>καὶ</span> <span class='ocrx_word' id='word_1_37' title='bbox 1268 688 1362 740; x_wconf 89' lang='grc' dir='ltr'>τοῦ</span> <span class='ocrx_word' id='word_1_38' title='bbox 1392 685 1529 740; x_wconf 87' lang='grc' dir='ltr'>Θεοῦ</span> <span class='ocrx_word' id='word_1_39' title='bbox 1561 689 1654 739; x_wconf 76' lang='grc' dir='ltr'>καὶ</span> <span class='ocrx_word' id='word_1_40' title='bbox 1681 685 1776 738; x_wconf 90' lang='grc' dir='ltr'>τοῦ</span> <span class='ocrx_word' id='word_1_41' title='bbox 1810 685 1950 756; x_wconf 85' lang='grc' dir='ltr'>πλη-</span> 
     </span>
    </p>
   </div>
   <div class='ocr_carea' id='block_1_7' title="bbox 369 781 1952 856">
    <p class='ocr_par' dir='ltr' id='par_1_7' title="bbox 369 781 1952 856">
     <span class='ocr_line' id='line_1_7' title="bbox 369 781 1952 856; baseline -0.003 -18"><span class='ocrx_word' id='word_1_42' title='bbox 369 785 506 848; x_wconf 90' lang='grc' dir='ltr'>σίον,</span> <span class='ocrx_word' id='word_1_43' title='bbox 529 785 562 856; x_wconf 83' lang='grc' dir='ltr'>ἢ</span> <span class='ocrx_word' id='word_1_44' title='bbox 587 785 687 856; x_wconf 86' lang='grc' dir='ltr'>τῆς</span> <span class='ocrx_word' id='word_1_45' title='bbox 722 783 1127 854; x_wconf 79' lang='grc' dir='ltr'>διεφθαρμένης</span> <span class='ocrx_word' id='word_1_46' title='bbox 1152 783 1398 854; x_wconf 87' lang='grc' dir='ltr'>γνώμης·</span> <span class='ocrx_word' id='word_1_47' title='bbox 1431 783 1518 836; x_wconf 81' lang='grc' dir='ltr'>ἵνα</span> <span class='ocrx_word' id='word_1_48' title='bbox 1549 782 1622 853; x_wconf 86' lang='grc' dir='ltr'>μὴ</span> <span class='ocrx_word' id='word_1_49' title='bbox 1651 784 1750 851; x_wconf 76' lang='grc' dir='ltr'>τὴν</span> <span class='ocrx_word' id='word_1_50' title='bbox 1773 781 1952 836; x_wconf 79' lang='grc' dir='ltr'>αἰτίαν</span> 
     </span>
    </p>
   </div>
   <div class='ocr_carea' id='block_1_8' title="bbox 369 878 1948 954">
    <p class='ocr_par' dir='ltr' id='par_1_8' title="bbox 369 878 1948 954">
     <span class='ocr_line' id='line_1_8' title="bbox 369 878 1948 954; baseline -0.002 -19"><span class='ocrx_word' id='word_1_51' title='bbox 369 883 624 954; x_wconf 81' lang='grc' dir='ltr'>εὐρόντες</span> <span class='ocrx_word' id='word_1_52' title='bbox 651 881 1010 950; x_wconf 85' lang='grc' dir='ltr'>ἀπαλλαγῶσι</span> <span class='ocrx_word' id='word_1_53' title='bbox 1049 884 1150 953; x_wconf 83' lang='grc' dir='ltr'>τῆς</span> <span class='ocrx_word' id='word_1_54' title='bbox 1186 880 1342 953; x_wconf 77' lang='grc' dir='ltr'>ῥίζης</span> <span class='ocrx_word' id='word_1_55' title='bbox 1383 879 1492 932; x_wconf 85' lang='grc' dir='ltr'>τῶν</span> <span class='ocrx_word' id='word_1_56' title='bbox 1537 879 1746 934; x_wconf 83' lang='grc' dir='ltr'>κακῶν.</span> <span class='ocrx_word' id='word_1_57' title='bbox 1807 878 1948 932; x_wconf 83' lang='grc' dir='ltr'>Ἀλλ’</span> 
     </span>
    </p>
   </div>
   <div class='ocr_carea' id='block_1_9' title="bbox 371 975 1949 1050">
    <p class='ocr_par' dir='ltr' id='par_1_9' title="bbox 371 975 1949 1050">
     <span class='ocr_line' id='line_1_9' title="bbox 371 975 1949 1050; baseline -0.003 -17"><span class='ocrx_word' id='word_1_58' title='bbox 371 979 529 1050; x_wconf 82' lang='grc' dir='ltr'>ὑμεῖς</span> <span class='ocrx_word' id='word_1_59' title='bbox 561 979 660 1050; x_wconf 81' lang='grc' dir='ltr'>τὴν</span> <span class='ocrx_word' id='word_1_60' title='bbox 696 979 990 1050; x_wconf 78' lang='grc' dir='ltr'>ἐπιϐουλὴν</span> <span class='ocrx_word' id='word_1_61' title='bbox 1028 978 1350 1042; x_wconf 83' lang='grc' dir='ltr'>συνειδότες,</span> <span class='ocrx_word' id='word_1_62' title='bbox 1371 977 1464 1030; x_wconf 87' lang='grc' dir='ltr'>τὸν</span> <span class='ocrx_word' id='word_1_63' title='bbox 1490 975 1660 1047; x_wconf 85' lang='grc' dir='ltr'>θυμὸν</span> <span class='ocrx_word' id='word_1_64' title='bbox 1693 976 1816 1030; x_wconf 84' lang='grc' dir='ltr'>κατ’</span> <span class='ocrx_word' id='word_1_65' title='bbox 1847 975 1949 1030; x_wconf 85' lang='grc' dir='ltr'>αὐ-</span> 
     </span>
    </p>
   </div>
   <div class='ocr_carea' id='block_1_10' title="bbox 369 1067 1952 1146">
    <p class='ocr_par' dir='ltr' id='par_1_10' title="bbox 369 1067 1952 1146">
     <span class='ocr_line' id='line_1_10' title="bbox 369 1067 1952 1146; baseline -0.004 -18"><span class='ocrx_word' id='word_1_66' title='bbox 369 1074 465 1130; x_wconf 89' lang='grc' dir='ltr'>τοῦ</span> <span class='ocrx_word' id='word_1_67' title='bbox 493 1075 784 1146; x_wconf 80' lang='grc' dir='ltr'>στρέψατε,</span> <span class='ocrx_word' id='word_1_68' title='bbox 819 1074 914 1128; x_wconf 78' lang='grc' dir='ltr'>καὶ</span> <span class='ocrx_word' id='word_1_69' title='bbox 942 1073 1036 1128; x_wconf 88' lang='grc' dir='ltr'>τὸν</span> <span class='ocrx_word' id='word_1_70' title='bbox 1061 1073 1278 1144; x_wconf 76' lang='grc' dir='ltr'>ἡνίοχον</span> <span class='ocrx_word' id='word_1_71' title='bbox 1308 1071 1702 1142; x_wconf 75' lang='grc' dir='ltr'>ἐπιστήσαντες</span> <span class='ocrx_word' id='word_1_72' title='bbox 1721 1069 1798 1140; x_wconf 84' lang='grc' dir='ltr'>τῷ</span> <span class='ocrx_word' id='word_1_73' title='bbox 1827 1067 1952 1135; x_wconf 86' lang='grc' dir='ltr'>ζεύ-</span> 
     </span>
    </p>
   </div>
   <div class='ocr_carea' id='block_1_11' title="bbox 1098 186 2956 250">
    <p class='ocr_par' dir='ltr' id='par_1_11' title="bbox 1098 186 2956 250">
     <span class='ocr_line' id='line_1_11' title="bbox 1098 186 2956 250; baseline 0.003 -6"><span class='ocrx_word' id='word_1_74' title='bbox 1098 188 1156 244; x_wconf 90' lang='lat' dir='ltr'>S.</span> <span class='ocrx_word' id='word_1_75' title='bbox 1194 187 1482 244; x_wconf 75' lang='lat' dir='ltr'>JOANNIS</span> <span class='ocrx_word' id='word_1_76' title='bbox 1519 186 2006 246; x_wconf 69' lang='lat' dir='ltr'>CIIRYSOSTOMI</span> <span class='ocrx_word' id='word_1_77' title='bbox 2045 189 2367 246; x_wconf 77' lang='lat' dir='ltr'>ARCIIIEP.</span> <span class='ocrx_word' id='word_1_78' title='bbox 2405 190 2956 250; x_wconf 77' lang='lat' dir='ltr'>CONSTANTINOP.</span> 
     </span>
    </p>
   </div>
   <div class='ocr_carea' id='block_1_12' title="bbox 3547 197 3638 252">
    <p class='ocr_par' dir='ltr' id='par_1_12' title="bbox 3547 197 3638 252">
     <span class='ocr_line' id='line_1_12' title="bbox 3547 197 3638 252; baseline 0.022 -2"><span class='ocrx_word' id='word_1_79' title='bbox 3547 197 3638 252; x_wconf 71' lang='grc' dir='ltr'>ιιι</span> 
     </span>
    </p>
   </div>
   <div class='ocr_carea' id='block_1_13' title="bbox 2051 304 3634 378">
    <p class='ocr_par' dir='ltr' id='par_1_13' title="bbox 2051 304 3634 378">
     <span class='ocr_line' id='line_1_13' title="bbox 2051 304 3634 378; baseline 0.007 -22"><span class='ocrx_word' id='word_1_80' title='bbox 2051 321 2172 372; x_wconf 92' lang='grc' dir='ltr'>γει,</span> <span class='ocrx_word' id='word_1_81' title='bbox 2211 304 2352 375; x_wconf 89' lang='grc' dir='ltr'>πρὸς</span> <span class='ocrx_word' id='word_1_82' title='bbox 2393 304 2486 359; x_wconf 85' lang='grc' dir='ltr'>τὸν</span> <span class='ocrx_word' id='word_1_83' title='bbox 2517 304 2650 358; x_wconf 81' lang='grc' dir='ltr'>Θεὸν</span> <span class='ocrx_word' id='word_1_84' title='bbox 2679 305 2740 358; x_wconf 88' lang='grc' dir='ltr'>τὸ</span> <span class='ocrx_word' id='word_1_85' title='bbox 2785 305 2942 377; x_wconf 78' lang='grc' dir='ltr'>όμμα</span> <span class='ocrx_word' id='word_1_86' title='bbox 2980 309 3082 378; x_wconf 80' lang='grc' dir='ltr'>τῆς</span> <span class='ocrx_word' id='word_1_87' title='bbox 3123 307 3362 373; x_wconf 74' lang='grc' dir='ltr'>διανοίας</span> <span class='ocrx_word' id='word_1_88' title='bbox 3407 309 3634 368; x_wconf 79' lang='grc' dir='ltr'>τείνατε.</span> 
     </span>
    </p>
   </div>
   <div class='ocr_carea' id='block_1_14' title="bbox 2065 398 3640 472">
    <p class='ocr_par' dir='ltr' id='par_1_14' title="bbox 2065 398 3640 472">
     <span class='ocr_line' id='line_1_14' title="bbox 2065 398 3640 472; baseline 0.004 -21"><span class='ocrx_word' id='word_1_89' title='bbox 2065 399 2154 451; x_wconf 88' lang='grc' dir='ltr'>Ἐν</span> <span class='ocrx_word' id='word_1_90' title='bbox 2184 398 2285 470; x_wconf 82' lang='grc' dir='ltr'>μὲν</span> <span class='ocrx_word' id='word_1_91' title='bbox 2315 399 2426 468; x_wconf 83' lang='grc' dir='ltr'>γὰρ</span> <span class='ocrx_word' id='word_1_92' title='bbox 2449 401 2562 464; x_wconf 86' lang='grc' dir='ltr'>τοῖς</span> <span class='ocrx_word' id='word_1_93' title='bbox 2597 399 2780 464; x_wconf 84' lang='grc' dir='ltr'>ἀλλοις</span> <span class='ocrx_word' id='word_1_94' title='bbox 2815 401 2966 456; x_wconf 80' lang='grc' dir='ltr'>οὐδὲν</span> <span class='ocrx_word' id='word_1_95' title='bbox 2989 403 3020 455; x_wconf 92' lang='lat'>6</span> <span class='ocrx_word' id='word_1_96' title='bbox 3041 402 3134 456; x_wconf 89' lang='grc' dir='ltr'>τὸν</span> <span class='ocrx_word' id='word_1_97' title='bbox 3161 403 3348 472; x_wconf 82' lang='grc' dir='ltr'>ἀγῶνα</span> <span class='ocrx_word' id='word_1_98' title='bbox 3381 405 3502 468; x_wconf 84' lang='grc' dir='ltr'>θεὶς</span> <span class='ocrx_word' id='word_1_99' title='bbox 3531 408 3640 457; x_wconf 69' lang='grc' dir='ltr'><strong>εἰς·</strong></span> 
     </span>
    </p>
   </div>
   <div class='ocr_carea' id='block_1_15' title="bbox 2052 495 3642 568">
    <p class='ocr_par' dir='ltr' id='par_1_15' title="bbox 2052 495 3642 568">
     <span class='ocr_line' id='line_1_15' title="bbox 2052 495 3642 568; baseline 0.003 -20"><span class='ocrx_word' id='word_1_100' title='bbox 2052 495 2232 568; x_wconf 86' lang='grc' dir='ltr'>φέρει,</span> <span class='ocrx_word' id='word_1_101' title='bbox 2273 495 2392 551; x_wconf 82' lang='grc' dir='ltr'>ἀλλ’</span> <span class='ocrx_word' id='word_1_102' title='bbox 2421 497 2686 568; x_wconf 82' lang='grc' dir='ltr'>ἀναμένει</span> <span class='ocrx_word' id='word_1_103' title='bbox 2725 496 2785 550; x_wconf 87' lang='grc' dir='ltr'>τὸ</span> <span class='ocrx_word' id='word_1_104' title='bbox 2815 497 2997 562; x_wconf 81' lang='grc' dir='ltr'>τέλος’</span> <span class='ocrx_word' id='word_1_105' title='bbox 3039 499 3274 554; x_wconf 87' lang='grc' dir='ltr'>ἐνταῦθα</span> <span class='ocrx_word' id='word_1_106' title='bbox 3315 501 3378 555; x_wconf 78' lang='grc' dir='ltr'>δὲ</span> <span class='ocrx_word' id='word_1_107' title='bbox 3431 502 3496 555; x_wconf 85' lang='grc' dir='ltr'>τὸ</span> <span class='ocrx_word' id='word_1_108' title='bbox 3539 505 3642 556; x_wconf 72' lang='grc' dir='ltr'>πᾶν</span> 
     </span>
    </p>
   </div>
   <div class='ocr_carea' id='block_1_16' title="bbox 2049 592 3636 670">
    <p class='ocr_par' dir='ltr' id='par_1_16' title="bbox 2049 592 3636 670">
     <span class='ocr_line' id='line_1_16' title="bbox 2049 592 3636 670; baseline 0.004 -26"><span class='ocrx_word' id='word_1_109' title='bbox 2049 593 2078 644; x_wconf 97' lang='lat'>6</span> <span class='ocrx_word' id='word_1_110' title='bbox 2097 592 2446 665; x_wconf 83' lang='grc' dir='ltr'>ἀγωνοθέτης</span> <span class='ocrx_word' id='word_1_111' title='bbox 2471 593 2588 646; x_wconf 77' lang='grc' dir='ltr'>ἐστὶ</span> <span class='ocrx_word' id='word_1_112' title='bbox 2611 593 2764 657; x_wconf 88' lang='grc' dir='ltr'>Θεός.</span> <span class='ocrx_word' id='word_1_113' title='bbox 2793 593 2996 647; x_wconf 88' lang='grc' dir='ltr'>Τοῦτον</span> <span class='ocrx_word' id='word_1_114' title='bbox 3020 593 3201 649; x_wconf 89' lang='grc' dir='ltr'>τοίνυν</span> <span class='ocrx_word' id='word_1_115' title='bbox 3220 597 3444 670; x_wconf 77' lang='grc' dir='ltr'>ἔχωμεν</span> <span class='ocrx_word' id='word_1_116' title='bbox 3463 595 3636 664; x_wconf 79' lang='grc' dir='ltr'>ἵλεων,</span> 
     </span>
    </p>
   </div>
   <div class='ocr_carea' id='block_1_17' title="bbox 2049 687 3638 763">
    <p class='ocr_par' dir='ltr' id='par_1_17' title="bbox 2049 687 3638 763">
     <span class='ocr_line' id='line_1_17' title="bbox 2049 687 3638 763; baseline 0.006 -24"><span class='ocrx_word' id='word_1_117' title='bbox 2049 687 2144 740; x_wconf 78' lang='grc' dir='ltr'>καὶ</span> <span class='ocrx_word' id='word_1_118' title='bbox 2193 689 2413 754; x_wconf 84' lang='grc' dir='ltr'>πάντως</span> <span class='ocrx_word' id='word_1_119' title='bbox 2456 688 2853 760; x_wconf 84' lang='grc' dir='ltr'>ἐπιτευξόμεθα</span> <span class='ocrx_word' id='word_1_120' title='bbox 2903 689 3014 744; x_wconf 84' lang='grc' dir='ltr'>τῶν</span> <span class='ocrx_word' id='word_1_121' title='bbox 3051 692 3356 762; x_wconf 79' lang='grc' dir='ltr'>μελλόντων</span> <span class='ocrx_word' id='word_1_122' title='bbox 3399 695 3638 763; x_wconf 80' lang='grc' dir='ltr'>ἀγαθῶν,</span> 
     </span>
    </p>
   </div>
   <div class='ocr_carea' id='block_1_18' title="bbox 2049 782 3640 860">
    <p class='ocr_par' dir='ltr' id='par_1_18' title="bbox 2049 782 3640 860">
     <span class='ocr_line' id='line_1_18' title="bbox 2049 782 3640 860; baseline 0.004 -24"><span class='ocrx_word' id='word_1_123' title='bbox 2049 782 2236 854; x_wconf 85' lang='grc' dir='ltr'>χάριτι</span> <span class='ocrx_word' id='word_1_124' title='bbox 2275 785 2370 838; x_wconf 79' lang='grc' dir='ltr'>καὶ</span> <span class='ocrx_word' id='word_1_125' title='bbox 2421 785 2808 858; x_wconf 75' lang='grc' dir='ltr'>φιλανθρωπία</span> <span class='ocrx_word' id='word_1_126' title='bbox 2861 786 2957 840; x_wconf 88' lang='grc' dir='ltr'>τοῦ</span> <span class='ocrx_word' id='word_1_127' title='bbox 3013 787 3218 858; x_wconf 84' lang='grc' dir='ltr'>Κυρίου</span> <span class='ocrx_word' id='word_1_128' title='bbox 3255 790 3422 860; x_wconf 71' lang='grc' dir='ltr'>ἡμῶν</span> <span class='ocrx_word' id='word_1_129' title='bbox 3471 791 3640 860; x_wconf 77' lang='grc' dir='ltr'>Ἰησοῦ</span> 
     </span>
    </p>
   </div>
   <div class='ocr_carea' id='block_1_19' title="bbox 2055 875 3644 956">
    <p class='ocr_par' dir='ltr' id='par_1_19' title="bbox 2055 875 3644 956">
     <span class='ocr_line' id='line_1_19' title="bbox 2055 875 3644 956; baseline 0.004 -24"><span class='ocrx_word' id='word_1_130' title='bbox 2055 879 2330 949; x_wconf 82' lang='grc' dir='ltr'>Χριστοῦ,</span> <span class='ocrx_word' id='word_1_131' title='bbox 2363 880 2482 951; x_wconf 82' lang='grc' dir='ltr'>μεθ’</span> <span class='ocrx_word' id='word_1_132' title='bbox 2505 875 2566 936; x_wconf 77' lang='grc' dir='ltr'>οὐ</span> <span class='ocrx_word' id='word_1_133' title='bbox 2593 880 2672 952; x_wconf 82' lang='grc' dir='ltr'>τῷ</span> <span class='ocrx_word' id='word_1_134' title='bbox 2703 883 2880 952; x_wconf 67' lang='grc' dir='ltr'>Πατρῖ⁵</span> <span class='ocrx_word' id='word_1_135' title='bbox 2917 882 3034 954; x_wconf 76' lang='grc' dir='ltr'>ἅμα</span> <span class='ocrx_word' id='word_1_136' title='bbox 3073 883 3154 954; x_wconf 81' lang='grc' dir='ltr'>τῷ</span> <span class='ocrx_word' id='word_1_137' title='bbox 3187 885 3324 956; x_wconf 82' lang='grc' dir='ltr'>ἀγίῳ</span> <span class='ocrx_word' id='word_1_138' title='bbox 3359 885 3644 956; x_wconf 66' lang='grc' dir='ltr'>Πνεῦματι</span> 
     </span>
    </p>
   </div>
   <div class='ocr_carea' id='block_1_20' title="bbox 2056 973 3642 1048">
    <p class='ocr_par' dir='ltr' id='par_1_20' title="bbox 2056 973 3642 1048">
     <span class='ocr_line' id='line_1_20' title="bbox 2056 973 3642 1048; baseline 0.007 -22"><span class='ocrx_word' id='word_1_139' title='bbox 2056 973 2203 1042; x_wconf 82' lang='grc' dir='ltr'>δόξα,</span> <span class='ocrx_word' id='word_1_140' title='bbox 2235 976 2458 1047; x_wconf 84' lang='grc' dir='ltr'>κράτος,</span> <span class='ocrx_word' id='word_1_141' title='bbox 2481 977 2640 1048; x_wconf 84' lang='grc' dir='ltr'>τιμὴ,</span> <span class='ocrx_word' id='word_1_142' title='bbox 2665 977 2762 1032; x_wconf 91' lang='grc' dir='ltr'>νῦν</span> <span class='ocrx_word' id='word_1_143' title='bbox 2781 981 2879 1034; x_wconf 74' lang='grc' dir='ltr'>καὶ</span> <span class='ocrx_word' id='word_1_144' title='bbox 2909 981 3018 1044; x_wconf 77' lang='grc' dir='ltr'>ἀεὶ,</span> <span class='ocrx_word' id='word_1_145' title='bbox 3043 982 3142 1034; x_wconf 72' lang='grc' dir='ltr'>καὶ</span> <span class='ocrx_word' id='word_1_146' title='bbox 3171 984 3251 1045; x_wconf 87' lang='grc' dir='ltr'>είς</span> <span class='ocrx_word' id='word_1_147' title='bbox 3277 985 3414 1047; x_wconf 81' lang='grc' dir='ltr'>τοὺς</span> <span class='ocrx_word' id='word_1_148' title='bbox 3443 983 3642 1046; x_wconf 78' lang='grc' dir='ltr'>αἰῶνας</span> 
     </span>
    </p>
   </div>
   <div class='ocr_carea' id='block_1_21' title="bbox 2057 1070 2661 1145">
    <p class='ocr_par' dir='ltr' id='par_1_21' title="bbox 2057 1070 2661 1145">
     <span class='ocr_line' id='line_1_21' title="bbox 2057 1070 2661 1145; baseline 0.005 -21"><span class='ocrx_word' id='word_1_149' title='bbox 2057 1070 2168 1125; x_wconf 85' lang='grc' dir='ltr'>τῶν</span> <span class='ocrx_word' id='word_1_150' title='bbox 2199 1071 2431 1126; x_wconf 81' lang='grc' dir='ltr'>αἰώνων.</span> <span class='ocrx_word' id='word_1_151' title='bbox 2467 1073 2661 1145; x_wconf 81' lang='grc' dir='ltr'>Ἀμήν.</span> 
     </span>
    </p>
   </div>
   <div class='ocr_carea' id='block_1_22' title="bbox 1848 1485 2256 1544">
    <p class='ocr_par' dir='ltr' id='par_1_22' title="bbox 1848 1485 2256 1544">
     <span class='ocr_line' id='line_1_22' title="bbox 1848 1485 2256 1544; baseline 0.015 -6"><span class='ocrx_word' id='word_1_152' title='bbox 1848 1485 2096 1540; x_wconf 76' lang='grc' dir='ltr'>ΟΜῙΛῙΑ</span> <span class='ocrx_word' id='word_1_153' title='bbox 2139 1489 2228 1543; x_wconf 81' lang='grc' dir='ltr'>ΙΗ⁹</span> <span class='ocrx_word' id='word_1_154' title='bbox 2239 1527 2256 1544; x_wconf 85' lang='grc'>.</span> 
     </span>
    </p>
   </div>
   <div class='ocr_carea' id='block_1_23' title="bbox 369 1597 1960 1668">
    <p class='ocr_par' dir='ltr' id='par_1_23' title="bbox 369 1597 1960 1668">
     <span class='ocr_line' id='line_1_23' title="bbox 369 1597 1960 1668; baseline -0.004 -12"><span class='ocrx_word' id='word_1_155' title='bbox 369 1603 494 1657; x_wconf 83' lang='grc' dir='ltr'>οὐκ</span> <span class='ocrx_word' id='word_1_156' title='bbox 527 1601 728 1655; x_wconf 74' lang='grc' dir='ltr'>οἴδατε</span> <span class='ocrx_word' id='word_1_157' title='bbox 765 1601 854 1654; x_wconf 85' lang='grc' dir='ltr'>ὅτι</span> <span class='ocrx_word' id='word_1_158' title='bbox 897 1601 972 1654; x_wconf 84' lang='grc' dir='ltr'>τὰ</span> <span class='ocrx_word' id='word_1_159' title='bbox 1010 1600 1256 1666; x_wconf 84' lang='grc' dir='ltr'>σώματα</span> <span class='ocrx_word' id='word_1_160' title='bbox 1297 1599 1466 1668; x_wconf 81' lang='grc' dir='ltr'>ὑμῶν</span> <span class='ocrx_word' id='word_1_161' title='bbox 1492 1598 1648 1668; x_wconf 87' lang='grc' dir='ltr'>μέλη</span> <span class='ocrx_word' id='word_1_162' title='bbox 1684 1597 1790 1651; x_wconf 88' lang='grc' dir='ltr'>τοῦ</span> <span class='ocrx_word' id='word_1_163' title='bbox 1823 1599 1960 1668; x_wconf 79' lang='grc' dir='ltr'>Χρι-</span> 
     </span>
    </p>
   </div>
   <div class='ocr_carea' id='block_1_24' title="bbox 443 1667 1956 1738">
    <p class='ocr_par' dir='ltr' id='par_1_24' title="bbox 443 1667 1956 1738">
     <span class='ocr_line' id='line_1_24' title="bbox 443 1667 1956 1738; baseline -0.003 -12"><span class='ocrx_word' id='word_1_164' title='bbox 443 1672 595 1726; x_wconf 85' lang='grc' dir='ltr'>στοῦ</span> <span class='ocrx_word' id='word_1_165' title='bbox 641 1675 829 1735; x_wconf 81' lang='grc' dir='ltr'>εὶσιν;</span> <span class='ocrx_word' id='word_1_166' title='bbox 867 1670 1014 1738; x_wconf 83' lang='grc' dir='ltr'>ἄρας</span> <span class='ocrx_word' id='word_1_167' title='bbox 1047 1669 1161 1726; x_wconf 82' lang='grc' dir='ltr'>οὖν</span> <span class='ocrx_word' id='word_1_168' title='bbox 1212 1673 1285 1723; x_wconf 82' lang='grc' dir='ltr'>τὰ</span> <span class='ocrx_word' id='word_1_169' title='bbox 1313 1667 1622 1738; x_wconf 29' lang='grc' dir='ltr'>μέληίτοῦ</span> <span class='ocrx_word' id='word_1_170' title='bbox 1674 1667 1956 1737; x_wconf 85' lang='grc' dir='ltr'>Χριστοῦ,</span> 
     </span>
    </p>
   </div>
   <div class='ocr_carea' id='block_1_25' title="bbox 444 1739 1574 1810">
    <p class='ocr_par' dir='ltr' id='par_1_25' title="bbox 444 1739 1574 1810">
     <span class='ocr_line' id='line_1_25' title="bbox 444 1739 1574 1810; baseline -0.004 -15"><span class='ocrx_word' id='word_1_171' title='bbox 444 1740 682 1808; x_wconf 72' lang='grc' dir='ltr'>ποιήσω</span> <span class='ocrx_word' id='word_1_172' title='bbox 711 1743 941 1810; x_wconf 81' lang='grc' dir='ltr'>πόρνης</span> <span class='ocrx_word' id='word_1_173' title='bbox 969 1740 1162 1810; x_wconf 85' lang='grc' dir='ltr'>μέλη;</span> <span class='ocrx_word' id='word_1_174' title='bbox 1193 1741 1290 1808; x_wconf 76' lang='grc' dir='ltr'>Μὴ</span> <span class='ocrx_word' id='word_1_175' title='bbox 1324 1739 1574 1809; x_wconf 79' lang='grc' dir='ltr'>γένοιτο.</span> 
     </span>
    </p>
   </div>
   <div class='ocr_carea' id='block_1_26' title="bbox 441 1850 1960 1925">
    <p class='ocr_par' dir='ltr' id='par_1_26' title="bbox 441 1850 1960 1925">
     <span class='ocr_line' id='line_1_26' title="bbox 441 1850 1960 1925; baseline -0.005 -16"><span class='ocrx_word' id='word_1_176' title='bbox 441 1854 667 1913; x_wconf 81' lang='grc' dir='ltr'>α’.Ἃπὸ</span> <span class='ocrx_word' id='word_1_177' title='bbox 699 1855 796 1908; x_wconf 88' lang='grc' dir='ltr'>τοῦ</span> <span class='ocrx_word' id='word_1_178' title='bbox 823 1853 1256 1925; x_wconf 83' lang='grc' dir='ltr'>πεπορνευκότος</span> <span class='ocrx_word' id='word_1_179' title='bbox 1279 1852 1370 1906; x_wconf 73' lang='grc' dir='ltr'>ἐπὶ</span> <span class='ocrx_word' id='word_1_180' title='bbox 1389 1851 1480 1904; x_wconf 87' lang='grc' dir='ltr'>τὸν</span> <span class='ocrx_word' id='word_1_181' title='bbox 1508 1850 1836 1920; x_wconf 81' lang='grc' dir='ltr'>πλεονέκτην</span> <span class='ocrx_word' id='word_1_182' title='bbox 1861 1867 1960 1921; x_wconf 87' lang='grc' dir='ltr'>με·</span> 
     </span>
    </p>
   </div>
   <div class='ocr_carea' id='block_1_27' title="bbox 371 1933 1958 2010">
    <p class='ocr_par' dir='ltr' id='par_1_27' title="bbox 371 1933 1958 2010">
     <span class='ocr_line' id='line_1_27' title="bbox 371 1933 1958 2010; baseline -0.005 -16"><span class='ocrx_word' id='word_1_183' title='bbox 371 1940 566 2006; x_wconf 84' lang='grc' dir='ltr'>ταϐἀς,</span> <span class='ocrx_word' id='word_1_184' title='bbox 588 1941 751 1994; x_wconf 86' lang='grc' dir='ltr'>πάλιν</span> <span class='ocrx_word' id='word_1_185' title='bbox 779 1941 887 1994; x_wconf 88' lang='grc' dir='ltr'>ἀπὸ</span> <span class='ocrx_word' id='word_1_186' title='bbox 905 1941 1096 1992; x_wconf 89' lang='grc' dir='ltr'>τούτου</span> <span class='ocrx_word' id='word_1_187' title='bbox 1127 1938 1265 2010; x_wconf 86' lang='grc' dir='ltr'>πρὸς</span> <span class='ocrx_word' id='word_1_188' title='bbox 1281 1938 1486 1990; x_wconf 87' lang='grc' dir='ltr'>ἐκεῖνον</span> <span class='ocrx_word' id='word_1_189' title='bbox 1513 1935 1753 2006; x_wconf 75' lang='grc' dir='ltr'>ἔρχεται,</span> <span class='ocrx_word' id='word_1_190' title='bbox 1775 1933 1958 1987; x_wconf 84' lang='grc' dir='ltr'>οὐκέτι</span> 
     </span>
    </p>
   </div>
   <div class='ocr_carea' id='block_1_28' title="bbox 371 2017 1954 2095">
    <p class='ocr_par' dir='ltr' id='par_1_28' title="bbox 371 2017 1954 2095">
     <span class='ocr_line' id='line_1_28' title="bbox 371 2017 1954 2095; baseline -0.004 -16"><span class='ocrx_word' id='word_1_191' title='bbox 371 2023 558 2080; x_wconf 87' lang='grc' dir='ltr'>λοιπὸν</span> <span class='ocrx_word' id='word_1_192' title='bbox 609 2025 744 2095; x_wconf 82' lang='grc' dir='ltr'>πρὸς</span> <span class='ocrx_word' id='word_1_193' title='bbox 775 2021 940 2077; x_wconf 86' lang='grc' dir='ltr'>αὐτὸν</span> <span class='ocrx_word' id='word_1_194' title='bbox 991 2022 1390 2092; x_wconf 85' lang='grc' dir='ltr'>διαλεγόμενος,</span> <span class='ocrx_word' id='word_1_195' title='bbox 1441 2019 1576 2073; x_wconf 85' lang='grc' dir='ltr'>ἀλλά</span> <span class='ocrx_word' id='word_1_196' title='bbox 1605 2021 1716 2082; x_wconf 87' lang='grc' dir='ltr'>τοῖς</span> <span class='ocrx_word' id='word_1_197' title='bbox 1769 2017 1954 2082; x_wconf 74' lang='grc' dir='ltr'>ἄλλοις</span> 
     </span>
    </p>
   </div>
   <div class='ocr_carea' id='block_1_29' title="bbox 374 2100 1959 2178">
    <p class='ocr_par' dir='ltr' id='par_1_29' title="bbox 374 2100 1959 2178">
     <span class='ocr_line' id='line_1_29' title="bbox 374 2100 1959 2178; baseline -0.006 -16"><span class='ocrx_word' id='word_1_198' title='bbox 374 2112 489 2172; x_wconf 82' lang='grc' dir='ltr'>τοῖς</span> <span class='ocrx_word' id='word_1_199' title='bbox 523 2109 598 2178; x_wconf 80' lang='grc' dir='ltr'>μὴ</span> <span class='ocrx_word' id='word_1_200' title='bbox 645 2105 1046 2178; x_wconf 84' lang='grc' dir='ltr'>πεπορνευκόσι</span> <span class='ocrx_word' id='word_1_201' title='bbox 1071 2123 1084 2136; x_wconf 90' lang='grc'><strong>·</strong></span> <span class='ocrx_word' id='word_1_202' title='bbox 1119 2106 1214 2158; x_wconf 83' lang='grc' dir='ltr'>καὶ</span> <span class='ocrx_word' id='word_1_203' title='bbox 1251 2103 1476 2166; x_wconf 84' lang='grc' dir='ltr'>τούτους</span> <span class='ocrx_word' id='word_1_204' title='bbox 1527 2100 1959 2171; x_wconf 83' lang='grc' dir='ltr'>ἀσφαλιζόμενος</span> 
     </span>
    </p>
   </div>
   <div class='ocr_carea' id='block_1_30' title="bbox 379 2186 1958 2263">
    <p class='ocr_par' dir='ltr' id='par_1_30' title="bbox 379 2186 1958 2263">
     <span class='ocr_line' id='line_1_30' title="bbox 379 2186 1958 2263; baseline -0.007 -16"><span class='ocrx_word' id='word_1_205' title='bbox 379 2193 590 2263; x_wconf 82' lang='grc' dir='ltr'>μήποτε</span> <span class='ocrx_word' id='word_1_206' title='bbox 623 2191 962 2260; x_wconf 84' lang='grc' dir='ltr'>περιπέσωσι</span> <span class='ocrx_word' id='word_1_207' title='bbox 997 2192 1108 2251; x_wconf 88' lang='grc' dir='ltr'>τοῖς</span> <span class='ocrx_word' id='word_1_208' title='bbox 1147 2189 1352 2251; x_wconf 85' lang='grc' dir='ltr'>αὐτοῖς,</span> <span class='ocrx_word' id='word_1_209' title='bbox 1383 2187 1592 2241; x_wconf 89' lang='grc' dir='ltr'>ἐκείνου</span> <span class='ocrx_word' id='word_1_210' title='bbox 1619 2186 1958 2240; x_wconf 79' lang='grc' dir='ltr'>καθάπτεται</span> 
     </span>
    </p>
   </div>
   <div class='ocr_carea' id='block_1_31' title="bbox 376 2269 1961 2344">
    <p class='ocr_par' dir='ltr' id='par_1_31' title="bbox 376 2269 1961 2344">
     <span class='ocr_line' id='line_1_31' title="bbox 376 2269 1961 2344; baseline -0.005 -16"><span class='ocrx_word' id='word_1_211' title='bbox 376 2275 562 2328; x_wconf 85' lang='grc' dir='ltr'>πάλιν.</span> <span class='ocrx_word' id='word_1_212' title='bbox 601 2275 660 2328; x_wconf 82' lang='grc' dir='ltr'>ὐ</span> <span class='ocrx_word' id='word_1_213' title='bbox 693 2274 802 2344; x_wconf 83' lang='grc' dir='ltr'>γὰρ</span> <span class='ocrx_word' id='word_1_214' title='bbox 834 2271 1191 2344; x_wconf 77' lang='grc' dir='ltr'>ἡμαρτηκὼς,</span> <span class='ocrx_word' id='word_1_215' title='bbox 1223 2272 1326 2326; x_wconf 82' lang='grc' dir='ltr'>κᾶν</span> <span class='ocrx_word' id='word_1_216' title='bbox 1357 2272 1492 2342; x_wconf 87' lang='grc' dir='ltr'>πρὸς</span> <span class='ocrx_word' id='word_1_217' title='bbox 1527 2270 1714 2341; x_wconf 74' lang='grc' dir='ltr'>ἕτερον</span> <span class='ocrx_word' id='word_1_218' title='bbox 1743 2269 1961 2321; x_wconf 74' lang='grc' dir='ltr'>ἀποτείσ-</span> 
     </span>
    </p>
   </div>
   <div class='ocr_carea' id='block_1_32' title="bbox 377 2352 1960 2431">
    <p class='ocr_par' dir='ltr' id='par_1_32' title="bbox 377 2352 1960 2431">
     <span class='ocr_line' id='line_1_32' title="bbox 377 2352 1960 2431; baseline -0.004 -21"><span class='ocrx_word' id='word_1_219' title='bbox 377 2377 474 2431; x_wconf 78' lang='grc' dir='ltr'>νῃς</span> <span class='ocrx_word' id='word_1_220' title='bbox 505 2358 596 2412; x_wconf 91' lang='grc' dir='ltr'>τὸν</span> <span class='ocrx_word' id='word_1_221' title='bbox 640 2358 816 2426; x_wconf 87' lang='grc' dir='ltr'>λόγον,</span> <span class='ocrx_word' id='word_1_222' title='bbox 852 2360 1120 2411; x_wconf 83' lang='grc' dir='ltr'>κεντεῖται</span> <span class='ocrx_word' id='word_1_223' title='bbox 1154 2357 1250 2410; x_wconf 76' lang='grc' dir='ltr'>καὶ</span> <span class='ocrx_word' id='word_1_224' title='bbox 1301 2355 1464 2418; x_wconf 77' lang='grc' dir='ltr'>οὕτω,</span> <span class='ocrx_word' id='word_1_225' title='bbox 1513 2353 1609 2407; x_wconf 89' lang='grc' dir='ltr'>τοῦ</span> <span class='ocrx_word' id='word_1_226' title='bbox 1660 2352 1960 2416; x_wconf 87' lang='grc' dir='ltr'>συνειδότος</span> 
     </span>
    </p>
   </div>
   <div class='ocr_carea' id='block_1_33' title="bbox 375 2436 1960 2512">
    <p class='ocr_par' dir='ltr' id='par_1_33' title="bbox 375 2436 1960 2512">
     <span class='ocr_line' id='line_1_33' title="bbox 375 2436 1960 2512; baseline -0.005 -14"><span class='ocrx_word' id='word_1_227' title='bbox 375 2441 781 2512; x_wconf 79' lang='grc' dir='ltr'>διεγειρομένου</span> <span class='ocrx_word' id='word_1_228' title='bbox 814 2441 907 2494; x_wconf 76' lang='lat' dir='ltr'><strong>xal</strong></span> <span class='ocrx_word' id='word_1_229' title='bbox 939 2439 1334 2511; x_wconf 85' lang='grc' dir='ltr'>μαστιγοῦντος</span> <span class='ocrx_word' id='word_1_230' title='bbox 1371 2437 1555 2491; x_wconf 85' lang='grc' dir='ltr'>αὐτόν.</span> <span class='ocrx_word' id='word_1_231' title='bbox 1618 2436 1822 2499; x_wconf 82' lang='grc' dir='ltr'>Ἱκανὸς</span> <span class='ocrx_word' id='word_1_232' title='bbox 1860 2436 1960 2506; x_wconf 82' lang='grc' dir='ltr'>μὲν</span> 
     </span>
    </p>
   </div>
   <div class='ocr_carea' id='block_1_34' title="bbox 377 2515 1960 2594">
    <p class='ocr_par' dir='ltr' id='par_1_34' title="bbox 377 2515 1960 2594">
     <span class='ocr_line' id='line_1_34' title="bbox 377 2515 1960 2594; baseline -0.003 -16"><span class='ocrx_word' id='word_1_233' title='bbox 377 2520 472 2578; x_wconf 82' lang='grc' dir='ltr'>οὖν</span> <span class='ocrx_word' id='word_1_234' title='bbox 497 2526 592 2576; x_wconf 80' lang='grc' dir='ltr'>καὶ</span> <span class='ocrx_word' id='word_1_235' title='bbox 613 2523 722 2576; x_wconf 87' lang='grc' dir='ltr'>ἀπὸ</span> <span class='ocrx_word' id='word_1_236' title='bbox 745 2525 844 2594; x_wconf 85' lang='grc' dir='ltr'>τῆς</span> <span class='ocrx_word' id='word_1_237' title='bbox 869 2523 1138 2592; x_wconf 88' lang='grc' dir='ltr'>τιμωρίας</span> <span class='ocrx_word' id='word_1_238' title='bbox 1163 2521 1326 2590; x_wconf 80' lang='grc' dir='ltr'>φόϐος</span> <span class='ocrx_word' id='word_1_239' title='bbox 1345 2515 1413 2590; x_wconf 82' lang='grc' dir='ltr'>ἦν</span> <span class='ocrx_word' id='word_1_240' title='bbox 1442 2519 1637 2581; x_wconf 79' lang='grc' dir='ltr'>αὐτοὺς</span> <span class='ocrx_word' id='word_1_241' title='bbox 1663 2521 1960 2589; x_wconf 84' lang='grc' dir='ltr'>κατασχεῖν</span> 
     </span>
    </p>
   </div>
   <div class='ocr_carea' id='block_1_35' title="bbox 377 2601 1960 2676">
    <p class='ocr_par' dir='ltr' id='par_1_35' title="bbox 377 2601 1960 2676">
     <span class='ocr_line' id='line_1_35' title="bbox 377 2601 1960 2676; baseline -0.004 -16"><span class='ocrx_word' id='word_1_242' title='bbox 377 2608 472 2660; x_wconf 72' lang='grc' dir='ltr'>ἐπὶ</span> <span class='ocrx_word' id='word_1_243' title='bbox 503 2606 606 2675; x_wconf 80' lang='grc' dir='ltr'>τῆς</span> <span class='ocrx_word' id='word_1_244' title='bbox 652 2605 1044 2676; x_wconf 74' lang='grc' dir='ltr'>σωφροσύνης·</span> <span class='ocrx_word' id='word_1_245' title='bbox 1084 2602 1272 2674; x_wconf 83' lang='grc' dir='ltr'>ἐπειδὴ</span> <span class='ocrx_word' id='word_1_246' title='bbox 1317 2601 1374 2655; x_wconf 82' lang='grc' dir='ltr'>δὲ</span> <span class='ocrx_word' id='word_1_247' title='bbox 1418 2603 1478 2656; x_wconf 92' lang='grc' dir='ltr'>οὐ</span> <span class='ocrx_word' id='word_1_248' title='bbox 1512 2601 1760 2671; x_wconf 87' lang='grc' dir='ltr'>βούλεται</span> <span class='ocrx_word' id='word_1_249' title='bbox 1809 2602 1960 2673; x_wconf 76' lang='grc' dir='ltr'>φόϐῳ</span> 
     </span>
    </p>
   </div>
   <div class='ocr_carea' id='block_1_36' title="bbox 383 2686 1960 2762">
    <p class='ocr_par' dir='ltr' id='par_1_36' title="bbox 383 2686 1960 2762">
     <span class='ocr_line' id='line_1_36' title="bbox 383 2686 1960 2762; baseline -0.003 -18"><span class='ocrx_word' id='word_1_250' title='bbox 383 2691 546 2762; x_wconf 86' lang='grc' dir='ltr'>μόνον</span> <span class='ocrx_word' id='word_1_251' title='bbox 571 2690 639 2744; x_wconf 87' lang='grc' dir='ltr'>τά</span> <span class='ocrx_word' id='word_1_252' title='bbox 667 2689 818 2762; x_wconf 66' lang='grc'>[15⁵2]</span> <span class='ocrx_word' id='word_1_253' title='bbox 851 2689 1074 2742; x_wconf 89' lang='grc' dir='ltr'>τοιαῦτα</span> <span class='ocrx_word' id='word_1_254' title='bbox 1103 2686 1427 2760; x_wconf 79' lang='grc' dir='ltr'>κατορθοῦν,</span> <span class='ocrx_word' id='word_1_255' title='bbox 1461 2687 1556 2740; x_wconf 73' lang='grc' dir='ltr'>καὶ</span> <span class='ocrx_word' id='word_1_256' title='bbox 1588 2688 1821 2750; x_wconf 86' lang='grc' dir='ltr'>ἀπειλάς</span> <span class='ocrx_word' id='word_1_257' title='bbox 1863 2687 1960 2740; x_wconf 73' lang='grc' dir='ltr'>καὶ</span> 
     </span>
    </p>
   </div>
   <div class='ocr_carea' id='block_1_37' title="bbox 378 2766 1959 2844">
    <p class='ocr_par' dir='ltr' id='par_1_37' title="bbox 378 2766 1959 2844">
     <span class='ocr_line' id='line_1_37' title="bbox 378 2766 1959 2844; baseline -0.001 -18"><span class='ocrx_word' id='word_1_258' title='bbox 378 2774 674 2844; x_wconf 73' lang='grc' dir='ltr'>λογισμοὺς</span> <span class='ocrx_word' id='word_1_259' title='bbox 724 2773 958 2844; x_wconf 81' lang='grc' dir='ltr'>τίθησιν.</span> <span class='ocrx_word' id='word_1_260' title='bbox 1030 2773 1178 2824; x_wconf 85' lang='grc' dir='ltr'>Ἐκεῖ</span> <span class='ocrx_word' id='word_1_261' title='bbox 1245 2771 1344 2840; x_wconf 85' lang='grc' dir='ltr'>μὲν</span> <span class='ocrx_word' id='word_1_262' title='bbox 1396 2766 1488 2823; x_wconf 78' lang='grc' dir='ltr'>οῦν</span> <span class='ocrx_word' id='word_1_263' title='bbox 1536 2770 1598 2823; x_wconf 89' lang='grc' dir='ltr'>τὸ</span> <span class='ocrx_word' id='word_1_264' title='bbox 1651 2771 1959 2840; x_wconf 84' lang='grc' dir='ltr'>ἁμάρτημα</span> 
     </span>
    </p>
   </div>
   <div class='ocr_carea' id='block_1_38' title="bbox 378 2852 1957 2926">
    <p class='ocr_par' dir='ltr' id='par_1_38' title="bbox 378 2852 1957 2926">
     <span class='ocr_line' id='line_1_38' title="bbox 378 2852 1957 2926; baseline -0.003 -15"><span class='ocrx_word' id='word_1_265' title='bbox 378 2857 570 2922; x_wconf 71' lang='grc' dir='ltr'>εἰπὼν,</span> <span class='ocrx_word' id='word_1_266' title='bbox 620 2858 713 2910; x_wconf 80' lang='grc' dir='ltr'>καὶ</span> <span class='ocrx_word' id='word_1_267' title='bbox 764 2857 861 2926; x_wconf 84' lang='grc' dir='ltr'>τὴν</span> <span class='ocrx_word' id='word_1_268' title='bbox 899 2856 1170 2926; x_wconf 87' lang='grc' dir='ltr'>τιμωρίαν</span> <span class='ocrx_word' id='word_1_269' title='bbox 1221 2855 1432 2924; x_wconf 86' lang='grc' dir='ltr'>ὁρίσας,</span> <span class='ocrx_word' id='word_1_270' title='bbox 1472 2853 1566 2906; x_wconf 74' lang='grc' dir='ltr'>καὶ</span> <span class='ocrx_word' id='word_1_271' title='bbox 1609 2855 1710 2924; x_wconf 85' lang='grc' dir='ltr'>τὴν</span> <span class='ocrx_word' id='word_1_272' title='bbox 1751 2852 1957 2924; x_wconf 89' lang='grc' dir='ltr'>βλάϐην</span> 
     </span>
    </p>
   </div>
   <div class='ocr_carea' id='block_1_39' title="bbox 377 2935 1958 3011">
    <p class='ocr_par' dir='ltr' id='par_1_39' title="bbox 377 2935 1958 3011">
     <span class='ocr_line' id='line_1_39' title="bbox 377 2935 1958 3011; baseline -0.003 -18"><span class='ocrx_word' id='word_1_273' title='bbox 377 2939 556 3004; x_wconf 79' lang='grc' dir='ltr'>δείξας</span> <span class='ocrx_word' id='word_1_274' title='bbox 601 2939 702 3011; x_wconf 84' lang='grc' dir='ltr'>τὴν</span> <span class='ocrx_word' id='word_1_275' title='bbox 759 2939 824 2992; x_wconf 84' lang='grc' dir='ltr'>ἐκ</span> <span class='ocrx_word' id='word_1_276' title='bbox 867 2938 967 3007; x_wconf 85' lang='grc' dir='ltr'>τῆς</span> <span class='ocrx_word' id='word_1_277' title='bbox 1026 2937 1314 2999; x_wconf 82' lang='grc' dir='ltr'>συνουσίας</span> <span class='ocrx_word' id='word_1_278' title='bbox 1365 2935 1462 2988; x_wconf 84' lang='grc' dir='ltr'>τοῦ</span> <span class='ocrx_word' id='word_1_279' title='bbox 1523 2935 1958 3008; x_wconf 81' lang='grc' dir='ltr'>πεπορνευκότος</span> 
     </span>
    </p>
   </div>
   <div class='ocr_carea' id='block_1_40' title="bbox 379 3013 1960 3092">
    <p class='ocr_par' dir='ltr' id='par_1_40' title="bbox 379 3013 1960 3092">
     <span class='ocr_line' id='line_1_40' title="bbox 379 3013 1960 3092; baseline -0.004 -18"><span class='ocrx_word' id='word_1_280' title='bbox 379 3013 746 3092; x_wconf 74' lang='grc' dir='ltr'>ἐγγενομένην</span> <span class='ocrx_word' id='word_1_281' title='bbox 775 3022 1000 3084; x_wconf 83' lang='grc' dir='ltr'>ἀπασιν,</span> <span class='ocrx_word' id='word_1_282' title='bbox 1021 3019 1335 3088; x_wconf 81' lang='grc' dir='ltr'>ἀπηλλάγη,</span> <span class='ocrx_word' id='word_1_283' title='bbox 1365 3019 1459 3072; x_wconf 74' lang='grc' dir='ltr'>καὶ</span> <span class='ocrx_word' id='word_1_284' title='bbox 1486 3019 1622 3088; x_wconf 89' lang='grc' dir='ltr'>πρὸς</span> <span class='ocrx_word' id='word_1_285' title='bbox 1650 3021 1748 3087; x_wconf 78' lang='grc' dir='ltr'>τὴν</span> <span class='ocrx_word' id='word_1_286' title='bbox 1776 3018 1960 3070; x_wconf 86' lang='grc' dir='ltr'>πλεον-</span> 
     </span>
    </p>
   </div>
   <div class='ocr_carea' id='block_1_41' title="bbox 377 3101 1958 3176">
    <p class='ocr_par' dir='ltr' id='par_1_41' title="bbox 377 3101 1958 3176">
     <span class='ocr_line' id='line_1_41' title="bbox 377 3101 1958 3176; baseline -0.004 -17"><span class='ocrx_word' id='word_1_287' title='bbox 377 3106 525 3171; x_wconf 78' lang='grc' dir='ltr'>εξίαν</span> <span class='ocrx_word' id='word_1_288' title='bbox 549 3105 806 3176; x_wconf 82' lang='grc' dir='ltr'>μετέστη,</span> <span class='ocrx_word' id='word_1_289' title='bbox 835 3105 930 3157; x_wconf 71' lang='grc' dir='ltr'>καὶ</span> <span class='ocrx_word' id='word_1_290' title='bbox 953 3103 1051 3174; x_wconf 84' lang='grc' dir='ltr'>τὴν</span> <span class='ocrx_word' id='word_1_291' title='bbox 1074 3103 1345 3156; x_wconf 75' lang='grc' dir='ltr'>ἔκπτωσιν</span> <span class='ocrx_word' id='word_1_292' title='bbox 1369 3102 1470 3172; x_wconf 80' lang='grc' dir='ltr'>τῆς</span> <span class='ocrx_word' id='word_1_293' title='bbox 1500 3101 1776 3172; x_wconf 78' lang='grc' dir='ltr'>βασιλείας</span> <span class='ocrx_word' id='word_1_294' title='bbox 1803 3104 1958 3154; x_wconf 85' lang='grc' dir='ltr'>ἀπει-</span> 
     </span>
    </p>
   </div>
   <div class='ocr_carea' id='block_1_42' title="bbox 378 3179 1953 3259">
    <p class='ocr_par' dir='ltr' id='par_1_42' title="bbox 378 3179 1953 3259">
     <span class='ocr_line' id='line_1_42' title="bbox 378 3179 1953 3259; baseline -0.004 -17"><span class='ocrx_word' id='word_1_295' title='bbox 378 3189 548 3259; x_wconf 76' lang='grc' dir='ltr'>λήσας</span> <span class='ocrx_word' id='word_1_296' title='bbox 575 3187 750 3258; x_wconf 83' lang='grc' dir='ltr'>τούτῳ</span> <span class='ocrx_word' id='word_1_297' title='bbox 777 3187 870 3240; x_wconf 73' lang='grc' dir='ltr'>καὶ</span> <span class='ocrx_word' id='word_1_298' title='bbox 897 3189 1008 3248; x_wconf 89' lang='grc' dir='ltr'>τοῖς</span> <span class='ocrx_word' id='word_1_299' title='bbox 1041 3186 1246 3248; x_wconf 83' lang='grc' dir='ltr'>λοιποῖς</span> <span class='ocrx_word' id='word_1_300' title='bbox 1273 3184 1496 3248; x_wconf 76' lang='grc' dir='ltr'>ἅπασιν,</span> <span class='ocrx_word' id='word_1_301' title='bbox 1529 3179 1610 3248; x_wconf 80' lang='grc' dir='ltr'>οἷς</span> <span class='ocrx_word' id='word_1_302' title='bbox 1646 3184 1953 3250; x_wconf 77' lang='grc' dir='ltr'>κατέλεξεν,</span> 
     </span>
    </p>
   </div>
   <div class='ocr_carea' id='block_1_43' title="bbox 379 3269 1958 3340">
    <p class='ocr_par' dir='ltr' id='par_1_43' title="bbox 379 3269 1958 3340">
     <span class='ocr_line' id='line_1_43' title="bbox 379 3269 1958 3340; baseline -0.002 -16"><span class='ocrx_word' id='word_1_303' title='bbox 379 3272 522 3324; x_wconf 78' lang='grc' dir='ltr'>οὕτω</span> <span class='ocrx_word' id='word_1_304' title='bbox 550 3272 638 3326; x_wconf 87' lang='grc' dir='ltr'>τὸν</span> <span class='ocrx_word' id='word_1_305' title='bbox 679 3272 838 3339; x_wconf 79' lang='grc' dir='ltr'>λόγον</span> <span class='ocrx_word' id='word_1_306' title='bbox 885 3271 1214 3340; x_wconf 82' lang='grc' dir='ltr'>ἀπήρτισεν·</span> <span class='ocrx_word' id='word_1_307' title='bbox 1255 3269 1489 3322; x_wconf 88' lang='grc' dir='ltr'>ἐνταῦθα</span> <span class='ocrx_word' id='word_1_308' title='bbox 1531 3269 1587 3322; x_wconf 83' lang='grc' dir='ltr'>δὲ</span> <span class='ocrx_word' id='word_1_309' title='bbox 1623 3270 1714 3321; x_wconf 83' lang='grc' dir='ltr'>καὶ</span> <span class='ocrx_word' id='word_1_310' title='bbox 1747 3285 1958 3338; x_wconf 78' lang='grc' dir='ltr'>φρικω-</span> 
     </span>
    </p>
   </div>
   <div class='ocr_carea' id='block_1_44' title="bbox 379 3351 1959 3424">
    <p class='ocr_par' dir='ltr' id='par_1_44' title="bbox 379 3351 1959 3424">
     <span class='ocr_line' id='line_1_44' title="bbox 379 3351 1959 3424; baseline -0.002 -17"><span class='ocrx_word' id='word_1_311' title='bbox 379 3353 633 3424; x_wconf 81' lang='grc' dir='ltr'>δέστερον</span> <span class='ocrx_word' id='word_1_312' title='bbox 665 3353 1030 3422; x_wconf 84' lang='grc' dir='ltr'>μεταχειρίζει</span> <span class='ocrx_word' id='word_1_313' title='bbox 1075 3355 1177 3420; x_wconf 88' lang='grc' dir='ltr'>τὴν</span> <span class='ocrx_word' id='word_1_314' title='bbox 1207 3352 1544 3422; x_wconf 84' lang='grc' dir='ltr'>παραίνεσιν.</span> <span class='ocrx_word' id='word_1_315' title='bbox 1576 3352 1644 3404; x_wconf 87' lang='grc' dir='ltr'>Ὅ</span> <span class='ocrx_word' id='word_1_316' title='bbox 1675 3368 1729 3403; x_wconf 84' lang='grc' dir='ltr'>τε</span> <span class='ocrx_word' id='word_1_317' title='bbox 1761 3352 1866 3422; x_wconf 81' lang='grc' dir='ltr'>γὰρ</span> <span class='ocrx_word' id='word_1_318' title='bbox 1899 3351 1959 3404; x_wconf 83' lang='grc' dir='ltr'>τὸ</span> 
     </span>
    </p>
   </div>
   <div class='ocr_carea' id='block_1_45' title="bbox 383 3434 1958 3508">
    <p class='ocr_par' dir='ltr' id='par_1_45' title="bbox 383 3434 1958 3508">
     <span class='ocr_line' id='line_1_45' title="bbox 383 3434 1958 3508; baseline -0.004 -16"><span class='ocrx_word' id='word_1_319' title='bbox 383 3439 688 3508; x_wconf 83' lang='grc' dir='ltr'>ἁμάρτημα</span> <span class='ocrx_word' id='word_1_320' title='bbox 731 3437 974 3500; x_wconf 81' lang='grc' dir='ltr'>κολάζων</span> <span class='ocrx_word' id='word_1_321' title='bbox 1024 3435 1204 3506; x_wconf 87' lang='grc' dir='ltr'>μόνον,</span> <span class='ocrx_word' id='word_1_322' title='bbox 1240 3437 1335 3488; x_wconf 76' lang='grc' dir='ltr'>καὶ</span> <span class='ocrx_word' id='word_1_323' title='bbox 1385 3434 1460 3506; x_wconf 86' lang='grc' dir='ltr'>μὴ</span> <span class='ocrx_word' id='word_1_324' title='bbox 1503 3435 1719 3497; x_wconf 83' lang='grc' dir='ltr'>δεικνὺς</span> <span class='ocrx_word' id='word_1_325' title='bbox 1754 3434 1958 3506; x_wconf 77' lang='grc' dir='ltr'>σφόδρα</span> 
     </span>
    </p>
   </div>
   <div class='ocr_carea' id='block_1_46' title="bbox 383 3517 1959 3592">
    <p class='ocr_par' dir='ltr' id='par_1_46' title="bbox 383 3517 1959 3592">
     <span class='ocr_line' id='line_1_46' title="bbox 383 3517 1959 3592; baseline -0.004 -16"><span class='ocrx_word' id='word_1_326' title='bbox 383 3519 849 3592; x_wconf 77' lang='grc' dir='ltr'>παρανομώτατον</span> <span class='ocrx_word' id='word_1_327' title='bbox 869 3518 950 3579; x_wconf 83' lang='grc' dir='ltr'>ὃν,</span> <span class='ocrx_word' id='word_1_328' title='bbox 982 3519 1132 3572; x_wconf 79' lang='grc' dir='ltr'>οὐδὲν</span> <span class='ocrx_word' id='word_1_329' title='bbox 1152 3518 1404 3572; x_wconf 85' lang='grc' dir='ltr'>τοσοῦτον</span> <span class='ocrx_word' id='word_1_330' title='bbox 1425 3517 1533 3571; x_wconf 84' lang='grc' dir='ltr'>ἀπὸ</span> <span class='ocrx_word' id='word_1_331' title='bbox 1559 3518 1658 3587; x_wconf 83' lang='grc' dir='ltr'>τῆς</span> <span class='ocrx_word' id='word_1_332' title='bbox 1688 3517 1959 3586; x_wconf 86' lang='grc' dir='ltr'>τιμωρίας</span> 
     </span>
    </p>
   </div>
   <div class='ocr_carea' id='block_1_47' title="bbox 381 3599 1955 3675">
    <p class='ocr_par' dir='ltr' id='par_1_47' title="bbox 381 3599 1955 3675">
     <span class='ocr_line' id='line_1_47' title="bbox 381 3599 1955 3675; baseline -0.003 -19"><span class='ocrx_word' id='word_1_333' title='bbox 381 3603 712 3675; x_wconf 85' lang='grc' dir='ltr'>είργάσατο·</span> <span class='ocrx_word' id='word_1_334' title='bbox 764 3603 794 3655; x_wconf 85' lang='lat'>6</span> <span class='ocrx_word' id='word_1_335' title='bbox 833 3619 890 3655; x_wconf 90' lang='grc' dir='ltr'>τε</span> <span class='ocrx_word' id='word_1_336' title='bbox 946 3601 1110 3655; x_wconf 87' lang='grc' dir='ltr'>πάλιν</span> <span class='ocrx_word' id='word_1_337' title='bbox 1161 3601 1440 3673; x_wconf 79' lang='grc' dir='ltr'>ἐντρέπων</span> <span class='ocrx_word' id='word_1_338' title='bbox 1501 3602 1681 3671; x_wconf 91' lang='grc' dir='ltr'>μόνον,</span> <span class='ocrx_word' id='word_1_339' title='bbox 1735 3601 1829 3653; x_wconf 81' lang='grc' dir='ltr'>καὶ</span> <span class='ocrx_word' id='word_1_340' title='bbox 1882 3599 1955 3670; x_wconf 82' lang='grc' dir='ltr'>μὴ</span> 
     </span>
    </p>
   </div>
   <div class='ocr_carea' id='block_1_48' title="bbox 382 3683 1958 3756">
    <p class='ocr_par' dir='ltr' id='par_1_48' title="bbox 382 3683 1958 3756">
     <span class='ocr_line' id='line_1_48' title="bbox 382 3683 1958 3756; baseline -0.002 -17"><span class='ocrx_word' id='word_1_341' title='bbox 382 3687 566 3756; x_wconf 79' lang='grc' dir='ltr'>φοϐῶν</span> <span class='ocrx_word' id='word_1_342' title='bbox 592 3687 679 3740; x_wconf 82' lang='grc' dir='ltr'>διά</span> <span class='ocrx_word' id='word_1_343' title='bbox 701 3687 798 3756; x_wconf 81' lang='grc' dir='ltr'>τῆς</span> <span class='ocrx_word' id='word_1_344' title='bbox 829 3685 1124 3749; x_wconf 85' lang='grc' dir='ltr'>κολάσεως,</span> <span class='ocrx_word' id='word_1_345' title='bbox 1145 3687 1204 3740; x_wconf 87' lang='grc' dir='ltr'>οὐ</span> <span class='ocrx_word' id='word_1_346' title='bbox 1237 3685 1444 3755; x_wconf 67' lang='grc' dir='ltr'>σφόδρα</span> <span class='ocrx_word' id='word_1_347' title='bbox 1480 3684 1819 3738; x_wconf 80' lang='grc' dir='ltr'>καθάπτεται</span> <span class='ocrx_word' id='word_1_348' title='bbox 1848 3683 1958 3737; x_wconf 83' lang='grc' dir='ltr'>τῶν</span> 
     </span>
    </p>
   </div>
   <div class='ocr_carea' id='block_1_49' title="bbox 379 3769 1960 3843">
    <p class='ocr_par' dir='ltr' id='par_1_49' title="bbox 379 3769 1960 3843">
     <span class='ocr_line' id='line_1_49' title="bbox 379 3769 1960 3843; baseline -0.003 -17"><span class='ocrx_word' id='word_1_349' title='bbox 379 3773 721 3843; x_wconf 79' lang='grc' dir='ltr'>ἀναισθήτως</span> <span class='ocrx_word' id='word_1_350' title='bbox 771 3770 1148 3838; x_wconf 85' lang='grc' dir='ltr'>διακειμένων.</span> <span class='ocrx_word' id='word_1_351' title='bbox 1215 3770 1412 3840; x_wconf 86' lang='grc' dir='ltr'>Διόπερ</span> <span class='ocrx_word' id='word_1_352' title='bbox 1469 3769 1754 3840; x_wconf 63' lang='grc' dir='ltr'>ἀμφότερα</span> <span class='ocrx_word' id='word_1_353' title='bbox 1815 3772 1960 3822; x_wconf 84' lang='grc' dir='ltr'>ποιεῖ</span> 
     </span>
    </p>
   </div>
   <div class='ocr_carea' id='block_1_50' title="bbox 379 3851 1955 3926">
    <p class='ocr_par' dir='ltr' id='par_1_50' title="bbox 379 3851 1955 3926">
     <span class='ocr_line' id='line_1_50' title="bbox 379 3851 1955 3926; baseline 0 -20"><span class='ocrx_word' id='word_1_354' title='bbox 379 3853 614 3918; x_wconf 82' lang='grc' dir='ltr'>Παῦλος,</span> <span class='ocrx_word' id='word_1_355' title='bbox 659 3854 754 3906; x_wconf 74' lang='grc' dir='ltr'>καὶ</span> <span class='ocrx_word' id='word_1_356' title='bbox 779 3853 1028 3926; x_wconf 74' lang='grc' dir='ltr'>ἐντρέπει</span> <span class='ocrx_word' id='word_1_357' title='bbox 1059 3852 1254 3920; x_wconf 86' lang='grc' dir='ltr'>λέγων·</span> <span class='ocrx_word' id='word_1_358' title='bbox 1279 3853 1400 3905; x_wconf 75' lang='grc' dir='ltr'>Οὐκ</span> <span class='ocrx_word' id='word_1_359' title='bbox 1435 3851 1632 3906; x_wconf 79' lang='grc' dir='ltr'>οἴδατε</span> <span class='ocrx_word' id='word_1_360' title='bbox 1661 3851 1750 3904; x_wconf 88' lang='grc' dir='ltr'>ὅτι</span> <span class='ocrx_word' id='word_1_361' title='bbox 1782 3851 1955 3920; x_wconf 75' lang='grc' dir='ltr'>ἀγγέ-</span> 
     </span>
    </p>
   </div>
   <div class='ocr_carea' id='block_1_51' title="bbox 377 3933 1957 4006">
    <p class='ocr_par' dir='ltr' id='par_1_51' title="bbox 377 3933 1957 4006">
     <span class='ocr_line' id='line_1_51' title="bbox 377 3933 1957 4006; baseline 0 -17"><span class='ocrx_word' id='word_1_362' title='bbox 377 3939 534 4000; x_wconf 86' lang='grc' dir='ltr'>λους</span> <span class='ocrx_word' id='word_1_363' title='bbox 562 3936 914 4006; x_wconf 77' lang='grc' dir='ltr'>κρινοῦμεν;</span> <span class='ocrx_word' id='word_1_364' title='bbox 949 3935 1042 3988; x_wconf 81' lang='grc' dir='ltr'>καὶ</span> <span class='ocrx_word' id='word_1_365' title='bbox 1073 3933 1230 4004; x_wconf 78' lang='grc' dir='ltr'>φοϐεῖ</span> <span class='ocrx_word' id='word_1_366' title='bbox 1265 3933 1458 4002; x_wconf 88' lang='grc' dir='ltr'>λέγων·</span> <span class='ocrx_word' id='word_1_367' title='bbox 1487 3937 1611 3988; x_wconf 82' lang='grc' dir='ltr'>Οὐκ</span> <span class='ocrx_word' id='word_1_368' title='bbox 1642 3934 1842 3989; x_wconf 80' lang='grc' dir='ltr'>οἴδατε</span> <span class='ocrx_word' id='word_1_369' title='bbox 1867 3935 1957 3989; x_wconf 88' lang='grc' dir='ltr'>ὅτι</span> 
     </span>
    </p>
   </div>
   <div class='ocr_carea' id='block_1_52' title="bbox 379 4017 1956 4085">
    <p class='ocr_par' dir='ltr' id='par_1_52' title="bbox 379 4017 1956 4085">
     <span class='ocr_line' id='line_1_52' title="bbox 379 4017 1956 4085; baseline -0.001 -13"><span class='ocrx_word' id='word_1_370' title='bbox 379 4017 739 4072; x_wconf 73' lang='grc' dir='ltr'>πλεονέκται</span> <span class='ocrx_word' id='word_1_371' title='bbox 762 4019 1093 4082; x_wconf 79' lang='grc' dir='ltr'>βασιλείαν</span> <span class='ocrx_word' id='word_1_372' title='bbox 1121 4017 1267 4072; x_wconf 83' lang='grc' dir='ltr'>Θεοῦ</span> <span class='ocrx_word' id='word_1_373' title='bbox 1289 4018 1360 4071; x_wconf 87' lang='grc' dir='ltr'>οὐ</span> <span class='ocrx_word' id='word_1_374' title='bbox 1387 4017 1917 4085; x_wconf 81' lang='grc' dir='ltr'>κληρονομήσουσι</span> <span class='ocrx_word' id='word_1_375' title='bbox 1937 4035 1956 4084; x_wconf 91' lang='grc'><strong><em>;</em></strong></span> 
     </span>
    </p>
   </div>
   <div class='ocr_carea' id='block_1_53' title="bbox 382 4097 1958 4174">
    <p class='ocr_par' dir='ltr' id='par_1_53' title="bbox 382 4097 1958 4174">
     <span class='ocr_line' id='line_1_53' title="bbox 382 4097 1958 4174; baseline 0 -19"><span class='ocrx_word' id='word_1_376' title='bbox 382 4100 496 4155; x_wconf 81' lang='lat' dir='ltr'>Kal</span> <span class='ocrx_word' id='word_1_377' title='bbox 529 4101 623 4153; x_wconf 77' lang='grc' dir='ltr'>ἐπὶ</span> <span class='ocrx_word' id='word_1_378' title='bbox 643 4097 737 4152; x_wconf 89' lang='grc' dir='ltr'>τοῦ</span> <span class='ocrx_word' id='word_1_379' title='bbox 764 4101 1191 4172; x_wconf 86' lang='grc' dir='ltr'>πεπορνευκότος</span> <span class='ocrx_word' id='word_1_380' title='bbox 1225 4099 1387 4154; x_wconf 76' lang='grc' dir='ltr'>πάλιν</span> <span class='ocrx_word' id='word_1_381' title='bbox 1420 4099 1560 4152; x_wconf 81' lang='grc' dir='ltr'>οὕτω</span> <span class='ocrx_word' id='word_1_382' title='bbox 1588 4100 1852 4172; x_wconf 88' lang='grc' dir='ltr'>κέχρηται</span> <span class='ocrx_word' id='word_1_383' title='bbox 1879 4101 1958 4174; x_wconf 81' lang='grc' dir='ltr'>τῷ</span> 
     </span>
    </p>
   </div>
   <div class='ocr_carea' id='block_1_54' title="bbox 383 4175 1959 4254">
    <p class='ocr_par' dir='ltr' id='par_1_54' title="bbox 383 4175 1959 4254">
     <span class='ocr_line' id='line_1_54' title="bbox 383 4175 1959 4254; baseline 0.001 -18"><span class='ocrx_word' id='word_1_384' title='bbox 383 4182 527 4254; x_wconf 85' lang='grc' dir='ltr'>λόγῳ</span> <span class='ocrx_word' id='word_1_385' title='bbox 547 4201 560 4215; x_wconf 91' lang='grc'><strong>·</strong></span> <span class='ocrx_word' id='word_1_386' title='bbox 595 4183 687 4237; x_wconf 80' lang='grc' dir='ltr'>καὶ</span> <span class='ocrx_word' id='word_1_387' title='bbox 713 4182 820 4254; x_wconf 79' lang='grc' dir='ltr'>γάρ</span> <span class='ocrx_word' id='word_1_388' title='bbox 847 4183 1088 4254; x_wconf 86' lang='grc' dir='ltr'>φοϐήσας</span> <span class='ocrx_word' id='word_1_389' title='bbox 1114 4182 1179 4234; x_wconf 88' lang='grc' dir='ltr'>δι’</span> <span class='ocrx_word' id='word_1_390' title='bbox 1209 4175 1284 4234; x_wconf 86' lang='grc' dir='ltr'>ὧν</span> <span class='ocrx_word' id='word_1_391' title='bbox 1318 4181 1628 4254; x_wconf 76' lang='grc' dir='ltr'>ἔμπροσθεν</span> <span class='ocrx_word' id='word_1_392' title='bbox 1655 4178 1831 4250; x_wconf 75' lang='grc' dir='ltr'>εἶπεν,</span> <span class='ocrx_word' id='word_1_393' title='bbox 1866 4187 1959 4238; x_wconf 89' lang='grc' dir='ltr'>ἐκ-</span> 
     </span>
    </p>
   </div>
   <div class='ocr_carea' id='block_1_55' title="bbox 381 4265 1959 4339">
    <p class='ocr_par' dir='ltr' id='par_1_55' title="bbox 381 4265 1959 4339">
     <span class='ocr_line' id='line_1_55' title="bbox 381 4265 1959 4339; baseline 0.001 -19"><span class='ocrx_word' id='word_1_394' title='bbox 381 4267 566 4338; x_wconf 79' lang='grc' dir='ltr'>τεμὼν</span> <span class='ocrx_word' id='word_1_395' title='bbox 587 4285 646 4320; x_wconf 90' lang='grc' dir='ltr'>τε</span> <span class='ocrx_word' id='word_1_396' title='bbox 663 4267 825 4320; x_wconf 88' lang='grc' dir='ltr'>αὐτὸν</span> <span class='ocrx_word' id='word_1_397' title='bbox 847 4268 936 4320; x_wconf 84' lang='grc' dir='ltr'>καὶ</span> <span class='ocrx_word' id='word_1_398' title='bbox 959 4265 1034 4338; x_wconf 80' lang='grc' dir='ltr'>τῷ</span> <span class='ocrx_word' id='word_1_399' title='bbox 1051 4267 1261 4336; x_wconf 82' lang='grc' dir='ltr'>Σατανᾷ</span> <span class='ocrx_word' id='word_1_400' title='bbox 1285 4267 1580 4336; x_wconf 80' lang='grc' dir='ltr'>παραδοὺς,</span> <span class='ocrx_word' id='word_1_401' title='bbox 1603 4267 1814 4338; x_wconf 76' lang='grc' dir='ltr'>καὶτῆς</span> <span class='ocrx_word' id='word_1_402' title='bbox 1837 4269 1959 4339; x_wconf 87' lang='grc' dir='ltr'>μελ-</span> 
     </span>
    </p>
   </div>
   <div class='ocr_carea' id='block_1_56' title="bbox 380 4354 1952 4426">
    <p class='ocr_par' dir='ltr' id='par_1_56' title="bbox 380 4354 1952 4426">
     <span class='ocr_line' id='line_1_56' title="bbox 380 4354 1952 4426; baseline 0 -18"><span class='ocrx_word' id='word_1_403' title='bbox 380 4354 582 4426; x_wconf 87' lang='grc' dir='ltr'>λούσης</span> <span class='ocrx_word' id='word_1_404' title='bbox 617 4355 940 4426; x_wconf 84' lang='grc' dir='ltr'>ἀναμνήσας</span> <span class='ocrx_word' id='word_1_405' title='bbox 983 4354 1226 4424; x_wconf 81' lang='grc' dir='ltr'>ήμέρας,</span> <span class='ocrx_word' id='word_1_406' title='bbox 1269 4354 1519 4424; x_wconf 79' lang='grc' dir='ltr'>ἐντρέπει</span> <span class='ocrx_word' id='word_1_407' title='bbox 1565 4355 1724 4408; x_wconf 83' lang='grc' dir='ltr'>πάλιν</span> <span class='ocrx_word' id='word_1_408' title='bbox 1756 4355 1952 4424; x_wconf 77' lang='grc' dir='ltr'>λέγων’</span> 
     </span>
    </p>
   </div>
   <div class='ocr_carea' id='block_1_57' title="bbox 383 4435 1956 4506">
    <p class='ocr_par' dir='ltr' id='par_1_57' title="bbox 383 4435 1956 4506">
     <span class='ocr_line' id='line_1_57' title="bbox 383 4435 1956 4506; baseline 0 -12"><span class='ocrx_word' id='word_1_409' title='bbox 383 4441 508 4494; x_wconf 79' lang='grc' dir='ltr'>Οὐκ</span> <span class='ocrx_word' id='word_1_410' title='bbox 528 4439 728 4492; x_wconf 84' lang='grc' dir='ltr'>οιδατε</span> <span class='ocrx_word' id='word_1_411' title='bbox 749 4439 838 4492; x_wconf 83' lang='grc' dir='ltr'>ὅτι</span> <span class='ocrx_word' id='word_1_412' title='bbox 855 4438 922 4492; x_wconf 84' lang='grc' dir='ltr'>τὰ</span> <span class='ocrx_word' id='word_1_413' title='bbox 939 4437 1182 4506; x_wconf 86' lang='grc' dir='ltr'>σώματα</span> <span class='ocrx_word' id='word_1_414' title='bbox 1205 4435 1370 4506; x_wconf 75' lang='grc' dir='ltr'>ὑμῶν</span> <span class='ocrx_word' id='word_1_415' title='bbox 1390 4437 1549 4506; x_wconf 84' lang='grc' dir='ltr'>μέλη</span> <span class='ocrx_word' id='word_1_416' title='bbox 1571 4437 1673 4492; x_wconf 85' lang='grc' dir='ltr'>τοῦ</span> <span class='ocrx_word' id='word_1_417' title='bbox 1697 4439 1956 4506; x_wconf 82' lang='grc' dir='ltr'>Χριστοῦ</span> 
     </span>
    </p>
   </div>
   <div class='ocr_carea' id='block_1_58' title="bbox 377 4519 1954 4593">
    <p class='ocr_par' dir='ltr' id='par_1_58' title="bbox 377 4519 1954 4593">
     <span class='ocr_line' id='line_1_58' title="bbox 377 4519 1954 4593; baseline -0.001 -16"><span class='ocrx_word' id='word_1_418' title='bbox 377 4523 585 4586; x_wconf 74' lang='grc' dir='ltr'>ἐστινς</span> <span class='ocrx_word' id='word_1_419' title='bbox 607 4522 682 4585; x_wconf 83' lang='grc' dir='ltr'>ὠς</span> <span class='ocrx_word' id='word_1_420' title='bbox 707 4522 842 4593; x_wconf 87' lang='grc' dir='ltr'>πρὸς</span> <span class='ocrx_word' id='word_1_421' title='bbox 869 4521 1064 4582; x_wconf 88' lang='grc' dir='ltr'>παῖδας</span> <span class='ocrx_word' id='word_1_422' title='bbox 1086 4519 1272 4572; x_wconf 88' lang='grc' dir='ltr'>λοιπὸν</span> <span class='ocrx_word' id='word_1_423' title='bbox 1291 4521 1531 4589; x_wconf 85' lang='grc' dir='ltr'>εὐγενεῖς</span> <span class='ocrx_word' id='word_1_424' title='bbox 1553 4520 1954 4591; x_wconf 89' lang='grc' dir='ltr'>διαλεγόμενος.</span> 
     </span>
    </p>
   </div>
   <div class='ocr_carea' id='block_1_59' title="bbox 391 4603 1956 4678">
    <p class='ocr_par' dir='ltr' id='par_1_59' title="bbox 391 4603 1956 4678">
     <span class='ocr_line' id='line_1_59' title="bbox 391 4603 1956 4678; baseline -0.001 -18"><span class='ocrx_word' id='word_1_425' title='bbox 391 4607 612 4678; x_wconf 78' lang='grc' dir='ltr'>Ἐπειδὴ</span> <span class='ocrx_word' id='word_1_426' title='bbox 635 4607 745 4678; x_wconf 90' lang='grc' dir='ltr'>γάρ</span> <span class='ocrx_word' id='word_1_427' title='bbox 774 4603 918 4670; x_wconf 82' lang='grc' dir='ltr'>εἷπε,</span> <span class='ocrx_word' id='word_1_428' title='bbox 946 4605 1022 4662; x_wconf 87' lang='grc' dir='ltr'>Τὸ</span> <span class='ocrx_word' id='word_1_429' title='bbox 1047 4603 1116 4658; x_wconf 80' lang='grc' dir='ltr'>δὲ</span> <span class='ocrx_word' id='word_1_430' title='bbox 1139 4603 1312 4672; x_wconf 86' lang='grc' dir='ltr'>σῶμα</span> <span class='ocrx_word' id='word_1_431' title='bbox 1335 4603 1416 4669; x_wconf 84' lang='grc' dir='ltr'>τῷ</span> <span class='ocrx_word' id='word_1_432' title='bbox 1441 4605 1654 4672; x_wconf 84' lang='grc' dir='ltr'>Κυρίῳ,</span> <span class='ocrx_word' id='word_1_433' title='bbox 1688 4605 1956 4673; x_wconf 86' lang='grc' dir='ltr'>σαφέστε-</span> 
     </span>
    </p>
   </div>
   <div class='ocr_carea' id='block_1_60' title="bbox 383 4685 1958 4760">
    <p class='ocr_par' dir='ltr' id='par_1_60' title="bbox 383 4685 1958 4760">
     <span class='ocr_line' id='line_1_60' title="bbox 383 4685 1958 4760; baseline -0.001 -17"><span class='ocrx_word' id='word_1_434' title='bbox 383 4705 476 4760; x_wconf 87' lang='grc' dir='ltr'>ρον</span> <span class='ocrx_word' id='word_1_435' title='bbox 497 4690 630 4744; x_wconf 80' lang='grc' dir='ltr'>αὐτὸ</span> <span class='ocrx_word' id='word_1_436' title='bbox 647 4689 886 4742; x_wconf 85' lang='grc' dir='ltr'>δείκνυσι</span> <span class='ocrx_word' id='word_1_437' title='bbox 909 4687 1006 4742; x_wconf 89' lang='grc' dir='ltr'>νῦν</span> <span class='ocrx_word' id='word_1_438' title='bbox 1028 4705 1042 4718; x_wconf 93' lang='grc'><strong>·</strong></span> <span class='ocrx_word' id='word_1_439' title='bbox 1081 4688 1174 4740; x_wconf 78' lang='lat' dir='ltr'><strong>xal</strong></span> <span class='ocrx_word' id='word_1_440' title='bbox 1202 4685 1438 4756; x_wconf 85' lang='grc' dir='ltr'>ἀλλαχοῦ</span> <span class='ocrx_word' id='word_1_441' title='bbox 1468 4685 1526 4738; x_wconf 82' lang='grc' dir='ltr'>δέ</span> <span class='ocrx_word' id='word_1_442' title='bbox 1551 4687 1614 4740; x_wconf 90' lang='grc' dir='ltr'>τὸ</span> <span class='ocrx_word' id='word_1_443' title='bbox 1646 4687 1779 4741; x_wconf 88' lang='grc' dir='ltr'>αὐτὸ</span> <span class='ocrx_word' id='word_1_444' title='bbox 1800 4687 1958 4741; x_wconf 90' lang='grc' dir='ltr'>τοῦτο</span> 
     </span>
    </p>
   </div>
   <div class='ocr_carea' id='block_1_61' title="bbox 381 4767 1959 4840">
    <p class='ocr_par' dir='ltr' id='par_1_61' title="bbox 381 4767 1959 4840">
     <span class='ocr_line' id='line_1_61' title="bbox 381 4767 1959 4840; baseline -0.002 -14"><span class='ocrx_word' id='word_1_445' title='bbox 381 4774 528 4826; x_wconf 76' lang='grc' dir='ltr'>ποιεῖ</span> <span class='ocrx_word' id='word_1_446' title='bbox 559 4771 753 4840; x_wconf 88' lang='grc' dir='ltr'>λέγων·</span> <span class='ocrx_word' id='word_1_447' title='bbox 808 4771 1004 4840; x_wconf 84' lang='grc' dir='ltr'>Ὑμεῖς</span> <span class='ocrx_word' id='word_1_448' title='bbox 1049 4769 1118 4824; x_wconf 85' lang='grc' dir='ltr'>δέ</span> <span class='ocrx_word' id='word_1_449' title='bbox 1145 4769 1287 4823; x_wconf 83' lang='grc' dir='ltr'>ἐστε</span> <span class='ocrx_word' id='word_1_450' title='bbox 1333 4767 1505 4837; x_wconf 86' lang='grc' dir='ltr'>σῶμα</span> <span class='ocrx_word' id='word_1_451' title='bbox 1541 4769 1821 4836; x_wconf 84' lang='grc' dir='ltr'>Χριστοῦ,</span> <span class='ocrx_word' id='word_1_452' title='bbox 1856 4769 1959 4823; x_wconf 69' lang='grc' dir='ltr'>καὶ</span> 
     </span>
    </p>
   </div>
   <div class='ocr_carea' id='block_1_62' title="bbox 375 4851 1955 4926">
    <p class='ocr_par' dir='ltr' id='par_1_62' title="bbox 375 4851 1955 4926">
     <span class='ocr_line' id='line_1_62' title="bbox 375 4851 1955 4926; baseline -0.001 -18"><span class='ocrx_word' id='word_1_453' title='bbox 375 4855 536 4925; x_wconf 77' lang='grc' dir='ltr'>μέλη</span> <span class='ocrx_word' id='word_1_454' title='bbox 567 4855 638 4908; x_wconf 78' lang='grc' dir='ltr'>ἐκ</span> <span class='ocrx_word' id='word_1_455' title='bbox 663 4853 899 4922; x_wconf 83' lang='grc' dir='ltr'>μέρους.</span> <span class='ocrx_word' id='word_1_456' title='bbox 943 4854 1056 4908; x_wconf 85' lang='lat' dir='ltr'>Kal</span> <span class='ocrx_word' id='word_1_457' title='bbox 1081 4853 1143 4908; x_wconf 91' lang='grc' dir='ltr'>τὸ</span> <span class='ocrx_word' id='word_1_458' title='bbox 1172 4853 1304 4906; x_wconf 87' lang='grc' dir='ltr'>αὐτὸ</span> <span class='ocrx_word' id='word_1_459' title='bbox 1337 4851 1646 4922; x_wconf 83' lang='grc' dir='ltr'>ὑπόδειγμα</span> <span class='ocrx_word' id='word_1_460' title='bbox 1683 4851 1955 4926; x_wconf 87' lang='grc' dir='ltr'>πολλαχοῦ</span> 
     </span>
    </p>
   </div>
   <div class='ocr_carea' id='block_1_63' title="bbox 381 4934 1957 5008">
    <p class='ocr_par' dir='ltr' id='par_1_63' title="bbox 381 4934 1957 5008">
     <span class='ocr_line' id='line_1_63' title="bbox 381 4934 1957 5008; baseline -0.001 -17"><span class='ocrx_word' id='word_1_461' title='bbox 381 4937 618 5008; x_wconf 83' lang='grc' dir='ltr'>τίθησιν,</span> <span class='ocrx_word' id='word_1_462' title='bbox 651 4939 753 4991; x_wconf 87' lang='grc' dir='ltr'>οὐκ</span> <span class='ocrx_word' id='word_1_463' title='bbox 800 4937 893 4990; x_wconf 79' lang='grc' dir='ltr'>ἐπὶ</span> <span class='ocrx_word' id='word_1_464' title='bbox 934 4935 1042 4990; x_wconf 86' lang='grc' dir='ltr'>τῶν</span> <span class='ocrx_word' id='word_1_465' title='bbox 1087 4936 1290 4999; x_wconf 84' lang='grc' dir='ltr'>αὐτῶν,</span> <span class='ocrx_word' id='word_1_466' title='bbox 1326 4934 1462 4990; x_wconf 90' lang='grc' dir='ltr'>ἀλλά</span> <span class='ocrx_word' id='word_1_467' title='bbox 1497 4935 1628 4989; x_wconf 89' lang='grc' dir='ltr'>ποτὲ</span> <span class='ocrx_word' id='word_1_468' title='bbox 1663 4935 1766 5007; x_wconf 81' lang='grc' dir='ltr'>μὲν</span> <span class='ocrx_word' id='word_1_469' title='bbox 1816 4935 1957 4989; x_wconf 85' lang='grc' dir='ltr'>ὥστε</span> 
     </span>
    </p>
   </div>
   <div class='ocr_carea' id='block_1_64' title="bbox 381 5018 1952 5092">
    <p class='ocr_par' dir='ltr' id='par_1_64' title="bbox 381 5018 1952 5092">
     <span class='ocr_line' id='line_1_64' title="bbox 381 5018 1952 5092; baseline -0.001 -17"><span class='ocrx_word' id='word_1_470' title='bbox 381 5020 482 5092; x_wconf 79' lang='grc' dir='ltr'>τὴν</span> <span class='ocrx_word' id='word_1_471' title='bbox 513 5019 734 5088; x_wconf 82' lang='grc' dir='ltr'>ἀγάπην</span> <span class='ocrx_word' id='word_1_472' title='bbox 753 5018 946 5084; x_wconf 82' lang='grc' dir='ltr'>δεῖξαι,</span> <span class='ocrx_word' id='word_1_473' title='bbox 976 5019 1106 5073; x_wconf 86' lang='grc' dir='ltr'>ποτέ</span> <span class='ocrx_word' id='word_1_474' title='bbox 1131 5019 1186 5072; x_wconf 86' lang='grc' dir='ltr'>δὲ</span> <span class='ocrx_word' id='word_1_475' title='bbox 1212 5019 1353 5072; x_wconf 80' lang='grc' dir='ltr'>ὥστε</span> <span class='ocrx_word' id='word_1_476' title='bbox 1378 5019 1470 5072; x_wconf 90' lang='grc' dir='ltr'>τὸν</span> <span class='ocrx_word' id='word_1_477' title='bbox 1499 5019 1664 5088; x_wconf 80' lang='grc' dir='ltr'>φόϐον</span> <span class='ocrx_word' id='word_1_478' title='bbox 1692 5018 1952 5089; x_wconf 67' lang='grc' dir='ltr'>αὐξῆσαν</span> 
     </span>
    </p>
   </div>
   <div class='ocr_carea' id='block_1_65' title="bbox 383 5101 1952 5172">
    <p class='ocr_par' dir='ltr' id='par_1_65' title="bbox 383 5101 1952 5172">
     <span class='ocr_line' id='line_1_65' title="bbox 383 5101 1952 5172; baseline 0.001 -16"><span class='ocrx_word' id='word_1_479' title='bbox 383 5103 618 5157; x_wconf 84' lang='grc' dir='ltr'>ἐνταῦθα</span> <span class='ocrx_word' id='word_1_480' title='bbox 650 5102 709 5158; x_wconf 80' lang='grc' dir='ltr'>δὲ</span> <span class='ocrx_word' id='word_1_481' title='bbox 754 5101 1122 5172; x_wconf 86' lang='grc' dir='ltr'>δεδιττόμενος</span> <span class='ocrx_word' id='word_1_482' title='bbox 1163 5104 1296 5157; x_wconf 86' lang='grc' dir='ltr'>αὐτὸ</span> <span class='ocrx_word' id='word_1_483' title='bbox 1335 5102 1570 5165; x_wconf 81' lang='grc' dir='ltr'>τέθεικε,</span> <span class='ocrx_word' id='word_1_484' title='bbox 1603 5103 1698 5155; x_wconf 71' lang='grc' dir='ltr'>καὶ</span> <span class='ocrx_word' id='word_1_485' title='bbox 1741 5101 1952 5172; x_wconf 60' lang='grc' dir='ltr'>φοϐῶν</span> 
     </span>
    </p>
   </div>
   <div class='ocr_carea' id='block_1_66' title="bbox 386 5181 2002 5256">
    <p class='ocr_par' dir='ltr' id='par_1_66' title="bbox 386 5181 2002 5256">
     <span class='ocr_line' id='line_1_66' title="bbox 386 5181 2002 5256; baseline -0.002 -14"><span class='ocrx_word' id='word_1_486' title='bbox 386 5189 560 5256; x_wconf 78' lang='grc' dir='ltr'>Ἄρας</span> <span class='ocrx_word' id='word_1_487' title='bbox 582 5181 695 5242; x_wconf 83' lang='grc' dir='ltr'>οὖν</span> <span class='ocrx_word' id='word_1_488' title='bbox 728 5186 800 5240; x_wconf 85' lang='grc' dir='ltr'>τὰ</span> <span class='ocrx_word' id='word_1_489' title='bbox 821 5185 978 5254; x_wconf 78' lang='grc' dir='ltr'>μέλη</span> <span class='ocrx_word' id='word_1_490' title='bbox 1007 5184 1114 5238; x_wconf 87' lang='grc' dir='ltr'>τοῦ</span> <span class='ocrx_word' id='word_1_491' title='bbox 1152 5185 1429 5253; x_wconf 85' lang='grc' dir='ltr'>Χριστοῦ,</span> <span class='ocrx_word' id='word_1_492' title='bbox 1463 5183 1699 5253; x_wconf 82' lang='grc' dir='ltr'>ποιήσω</span> <span class='ocrx_word' id='word_1_493' title='bbox 1727 5186 1956 5254; x_wconf 80' lang='grc' dir='ltr'>πόρνης</span> <span class='ocrx_word' id='word_1_494' title='bbox 1989 5211 2002 5220; x_wconf 59' lang='grc' dir='ltr'><strong>κ</strong></span> 
     </span>
    </p>
   </div>
   <div class='ocr_carea' id='block_1_67' title="bbox 377 5267 1956 5340">
    <p class='ocr_par' dir='ltr' id='par_1_67' title="bbox 377 5267 1956 5340">
     <span class='ocr_line' id='line_1_67' title="bbox 377 5267 1956 5340; baseline -0.002 -15"><span class='ocrx_word' id='word_1_495' title='bbox 377 5269 536 5340; x_wconf 81' lang='grc' dir='ltr'>μέλη</span> <span class='ocrx_word' id='word_1_496' title='bbox 551 5287 571 5336; x_wconf 85' lang='grc'><strong><em>;</em></strong></span> <span class='ocrx_word' id='word_1_497' title='bbox 601 5269 697 5338; x_wconf 80' lang='grc' dir='ltr'>Μὴ</span> <span class='ocrx_word' id='word_1_498' title='bbox 723 5269 972 5340; x_wconf 78' lang='grc' dir='ltr'>γένοιτο.</span> <span class='ocrx_word' id='word_1_499' title='bbox 1001 5267 1166 5320; x_wconf 86' lang='grc' dir='ltr'>Οὐδὲν</span> <span class='ocrx_word' id='word_1_500' title='bbox 1192 5267 1618 5339; x_wconf 83' lang='grc' dir='ltr'>φρικωδέστερον</span> <span class='ocrx_word' id='word_1_501' title='bbox 1639 5269 1739 5340; x_wconf 83' lang='grc' dir='ltr'>τῆς</span> <span class='ocrx_word' id='word_1_502' title='bbox 1757 5267 1956 5334; x_wconf 80' lang='grc' dir='ltr'>λέξεως</span> 
     </span>
    </p>
   </div>
   <div class='ocr_carea' id='block_1_68' title="bbox 379 5347 1957 5425">
    <p class='ocr_par' dir='ltr' id='par_1_68' title="bbox 379 5347 1957 5425">
     <span class='ocr_line' id='line_1_68' title="bbox 379 5347 1957 5425; baseline -0.001 -17"><span class='ocrx_word' id='word_1_503' title='bbox 379 5353 609 5425; x_wconf 85' lang='grc' dir='ltr'>ταύτης.</span> <span class='ocrx_word' id='word_1_504' title='bbox 643 5353 752 5406; x_wconf 81' lang='grc' dir='ltr'>Καὶ</span> <span class='ocrx_word' id='word_1_505' title='bbox 772 5353 874 5408; x_wconf 90' lang='grc' dir='ltr'>οὐκ</span> <span class='ocrx_word' id='word_1_506' title='bbox 897 5349 1072 5419; x_wconf 80' lang='grc' dir='ltr'>εἷπεν,</span> <span class='ocrx_word' id='word_1_507' title='bbox 1110 5352 1282 5423; x_wconf 82' lang='grc' dir='ltr'>Ἀρας</span> <span class='ocrx_word' id='word_1_508' title='bbox 1314 5347 1406 5405; x_wconf 82' lang='grc' dir='ltr'>οῦν</span> <span class='ocrx_word' id='word_1_509' title='bbox 1437 5351 1506 5404; x_wconf 90' lang='grc' dir='ltr'>τά</span> <span class='ocrx_word' id='word_1_510' title='bbox 1532 5351 1668 5422; x_wconf 85' lang='grc' dir='ltr'>μέλη</span> <span class='ocrx_word' id='word_1_511' title='bbox 1695 5351 1789 5406; x_wconf 87' lang='grc' dir='ltr'>τοῦ</span> <span class='ocrx_word' id='word_1_512' title='bbox 1818 5355 1957 5425; x_wconf 84' lang='grc' dir='ltr'>Χρι-</span> 
     </span>
    </p>
   </div>
   <div class='ocr_carea' id='block_1_69' title="bbox 383 5435 1953 5510">
    <p class='ocr_par' dir='ltr' id='par_1_69' title="bbox 383 5435 1953 5510">
     <span class='ocr_line' id='line_1_69' title="bbox 383 5435 1953 5510; baseline -0.001 -17"><span class='ocrx_word' id='word_1_513' title='bbox 383 5437 536 5506; x_wconf 85' lang='grc' dir='ltr'>στοῦ,</span> <span class='ocrx_word' id='word_1_514' title='bbox 592 5439 814 5510; x_wconf 83' lang='grc' dir='ltr'>συνάψω</span> <span class='ocrx_word' id='word_1_515' title='bbox 842 5441 908 5510; x_wconf 81' lang='grc' dir='ltr'>τῇ</span> <span class='ocrx_word' id='word_1_516' title='bbox 961 5437 1134 5510; x_wconf 85' lang='grc' dir='ltr'>πόρνῃ</span> <span class='ocrx_word' id='word_1_517' title='bbox 1158 5451 1170 5464; x_wconf 92' lang='grc'><strong>·</strong></span> <span class='ocrx_word' id='word_1_518' title='bbox 1213 5435 1348 5490; x_wconf 84' lang='grc' dir='ltr'>ἀλλά</span> <span class='ocrx_word' id='word_1_519' title='bbox 1391 5435 1472 5501; x_wconf 87' lang='grc' dir='ltr'>τί;</span> <span class='ocrx_word' id='word_1_520' title='bbox 1515 5435 1756 5502; x_wconf 86' lang='grc' dir='ltr'>Ποιήσω</span> <span class='ocrx_word' id='word_1_521' title='bbox 1795 5437 1953 5507; x_wconf 86' lang='grc' dir='ltr'>μέλη</span> 
     </span>
    </p>
   </div>
   <div class='ocr_carea' id='block_1_70' title="bbox 379 5513 1956 5596">
    <p class='ocr_par' dir='ltr' id='par_1_70' title="bbox 379 5513 1956 5596">
     <span class='ocr_line' id='line_1_70' title="bbox 379 5513 1956 5596; baseline -0.003 -18"><span class='ocrx_word' id='word_1_522' title='bbox 379 5523 648 5593; x_wconf 76' lang='grc' dir='ltr'>πόρνης;</span> <span class='ocrx_word' id='word_1_523' title='bbox 671 5523 808 5596; x_wconf 84' lang='grc' dir='ltr'>ὅπερ</span> <span class='ocrx_word' id='word_1_524' title='bbox 833 5517 902 5594; x_wconf 84' lang='grc' dir='ltr'>ἦν</span> <span class='ocrx_word' id='word_1_525' title='bbox 949 5520 1414 5592; x_wconf 85' lang='grc' dir='ltr'>πληκτικώτερον.</span> <span class='ocrx_word' id='word_1_526' title='bbox 1457 5513 1590 5570; x_wconf 80' lang='grc' dir='ltr'>Εἶτα</span> <span class='ocrx_word' id='word_1_527' title='bbox 1613 5520 1956 5573; x_wconf 86' lang='grc' dir='ltr'>κατασκευά-</span> 
     </span>
    </p>
   </div>
   <div class='ocr_carea' id='block_1_71' title="bbox 381 5600 1958 5678">
    <p class='ocr_par' dir='ltr' id='par_1_71' title="bbox 381 5600 1958 5678">
     <span class='ocr_line' id='line_1_71' title="bbox 381 5600 1958 5678; baseline 0 -18"><span class='ocrx_word' id='word_1_528' title='bbox 381 5607 468 5674; x_wconf 83' lang='grc' dir='ltr'>ζει</span> <span class='ocrx_word' id='word_1_529' title='bbox 495 5607 613 5672; x_wconf 68' lang='grc' dir='ltr'>⁴πῶς</span> <span class='ocrx_word' id='word_1_530' title='bbox 636 5607 794 5662; x_wconf 90' lang='grc' dir='ltr'>τοῦτο</span> <span class='ocrx_word' id='word_1_531' title='bbox 824 5607 1031 5678; x_wconf 88' lang='grc' dir='ltr'>γίνεται</span> <span class='ocrx_word' id='word_1_532' title='bbox 1060 5607 1095 5660; x_wconf 86' lang='lat'>6</span> <span class='ocrx_word' id='word_1_533' title='bbox 1120 5603 1422 5678; x_wconf 88' lang='grc' dir='ltr'>πορνεύων,</span> <span class='ocrx_word' id='word_1_534' title='bbox 1452 5601 1595 5656; x_wconf 81' lang='grc' dir='ltr'>οὕτω</span> <span class='ocrx_word' id='word_1_535' title='bbox 1629 5601 1806 5670; x_wconf 86' lang='grc' dir='ltr'>λέγων</span> <span class='ocrx_word' id='word_1_536' title='bbox 1825 5620 1840 5634; x_wconf 89' lang='grc'><strong>·</strong></span> <span class='ocrx_word' id='word_1_537' title='bbox 1873 5600 1958 5660; x_wconf 59' lang='lat' dir='ltr'>‘II</span> 
     </span>
    </p>
   </div>
   <div class='ocr_carea' id='block_1_72' title="bbox 383 5685 1954 5762">
    <p class='ocr_par' dir='ltr' id='par_1_72' title="bbox 383 5685 1954 5762">
     <span class='ocr_line' id='line_1_72' title="bbox 383 5685 1954 5762; baseline -0.001 -16"><span class='ocrx_word' id='word_1_538' title='bbox 383 5692 498 5748; x_wconf 83' lang='grc' dir='ltr'>οὐκ</span> <span class='ocrx_word' id='word_1_539' title='bbox 525 5692 724 5748; x_wconf 76' lang='grc' dir='ltr'>οἴδατε</span> <span class='ocrx_word' id='word_1_540' title='bbox 763 5693 852 5748; x_wconf 83' lang='grc' dir='ltr'>ὅτι</span> <span class='ocrx_word' id='word_1_541' title='bbox 882 5695 916 5749; x_wconf 83' lang='grc' dir='ltr'>ό</span> <span class='ocrx_word' id='word_1_542' title='bbox 949 5689 1326 5762; x_wconf 73' lang='grc' dir='ltr'>κολλώμενος</span> <span class='ocrx_word' id='word_1_543' title='bbox 1349 5685 1426 5756; x_wconf 74' lang='grc' dir='ltr'>τῇ</span> <span class='ocrx_word' id='word_1_544' title='bbox 1451 5688 1662 5756; x_wconf 77' lang='grc' dir='ltr'>πόρνη,</span> <span class='ocrx_word' id='word_1_545' title='bbox 1687 5685 1758 5742; x_wconf 83' lang='grc' dir='ltr'>ἒν</span> <span class='ocrx_word' id='word_1_546' title='bbox 1783 5687 1954 5760; x_wconf 80' lang='grc' dir='ltr'>σῶμά</span> 
     </span>
    </p>
   </div>
   <div class='ocr_carea' id='block_1_73' title="bbox 2061 1599 3644 1682">
    <p class='ocr_par' dir='ltr' id='par_1_73' title="bbox 2061 1599 3644 1682">
     <span class='ocr_line' id='line_1_73' title="bbox 2061 1599 3644 1682; baseline 0.01 -30"><span class='ocrx_word' id='word_1_547' title='bbox 2061 1599 2226 1666; x_wconf 87' lang='grc' dir='ltr'>ἐστι;</span> <span class='ocrx_word' id='word_1_548' title='bbox 2273 1602 2446 1658; x_wconf 86' lang='grc' dir='ltr'>Πόθεν</span> <span class='ocrx_word' id='word_1_549' title='bbox 2490 1605 2679 1677; x_wconf 87' lang='grc' dir='ltr'>δῆλον;</span> <span class='ocrx_word' id='word_1_550' title='bbox 2723 1607 3010 1664; x_wconf 86' lang='grc' dir='ltr'>Ἔσονται</span> <span class='ocrx_word' id='word_1_551' title='bbox 3055 1608 3186 1679; x_wconf 74' lang='grc' dir='ltr'>γὰρ,</span> <span class='ocrx_word' id='word_1_552' title='bbox 3217 1612 3406 1682; x_wconf 74' lang='grc' dir='ltr'>φησὶν,</span> <span class='ocrx_word' id='word_1_553' title='bbox 3443 1615 3504 1666; x_wconf 81' lang='grc' dir='ltr'>οι</span> <span class='ocrx_word' id='word_1_554' title='bbox 3539 1613 3644 1669; x_wconf 73' lang='grc' dir='ltr'>δύο</span> 
     </span>
    </p>
   </div>
   <div class='ocr_carea' id='block_1_74' title="bbox 2061 1686 3644 1764">
    <p class='ocr_par' dir='ltr' id='par_1_74' title="bbox 2061 1686 3644 1764">
     <span class='ocr_line' id='line_1_74' title="bbox 2061 1686 3644 1764; baseline 0.008 -26"><span class='ocrx_word' id='word_1_555' title='bbox 2061 1687 2149 1751; x_wconf 81' lang='grc' dir='ltr'>εἰς</span> <span class='ocrx_word' id='word_1_556' title='bbox 2177 1686 2377 1756; x_wconf 78' lang='grc' dir='ltr'>σάρκα</span> <span class='ocrx_word' id='word_1_557' title='bbox 2405 1689 2573 1758; x_wconf 82' lang='grc' dir='ltr'>μίαν.</span> <span class='ocrx_word' id='word_1_558' title='bbox 2619 1691 2672 1742; x_wconf 87' lang='grc' dir='ltr'><strong><em>Ὀ</em></strong></span> <span class='ocrx_word' id='word_1_559' title='bbox 2703 1689 2773 1743; x_wconf 85' lang='grc' dir='ltr'>δὲ</span> <span class='ocrx_word' id='word_1_560' title='bbox 2802 1691 3184 1762; x_wconf 78' lang='grc' dir='ltr'>κολλώμενος</span> <span class='ocrx_word' id='word_1_561' title='bbox 3215 1695 3294 1760; x_wconf 85' lang='grc' dir='ltr'>τῷ</span> <span class='ocrx_word' id='word_1_562' title='bbox 3321 1697 3548 1764; x_wconf 71' lang='grc' dir='ltr'>Κιφίφ,</span> <span class='ocrx_word' id='word_1_563' title='bbox 3577 1697 3644 1750; x_wconf 77' lang='grc' dir='ltr'>ἐν</span> 
     </span>
    </p>
   </div>
   <div class='ocr_carea' id='block_1_75' title="bbox 2061 1769 3644 1848">
    <p class='ocr_par' dir='ltr' id='par_1_75' title="bbox 2061 1769 3644 1848">
     <span class='ocr_line' id='line_1_75' title="bbox 2061 1769 3644 1848; baseline 0.008 -25"><span class='ocrx_word' id='word_1_564' title='bbox 2061 1769 2298 1842; x_wconf 82' lang='grc' dir='ltr'>πνεῦμά</span> <span class='ocrx_word' id='word_1_565' title='bbox 2325 1773 2516 1826; x_wconf 88' lang='grc' dir='ltr'>ἐστιν.</span> <span class='ocrx_word' id='word_1_566' title='bbox 2543 1773 2742 1828; x_wconf 84' lang='grc' dir='ltr'>Οὐκέτι</span> <span class='ocrx_word' id='word_1_567' title='bbox 2768 1775 2878 1846; x_wconf 85' lang='grc' dir='ltr'>γάρ</span> <span class='ocrx_word' id='word_1_568' title='bbox 2906 1777 3131 1846; x_wconf 79' lang='grc' dir='ltr'>ἀφίησιν</span> <span class='ocrx_word' id='word_1_569' title='bbox 3165 1780 3199 1848; x_wconf 79' lang='grc' dir='ltr'>ἡ</span> <span class='ocrx_word' id='word_1_570' title='bbox 3234 1783 3498 1834; x_wconf 81' lang='grc' dir='ltr'>συνουσία</span> <span class='ocrx_word' id='word_1_571' title='bbox 3521 1781 3644 1844; x_wconf 62' lang='grc' dir='ltr'>τοὺς</span> 
     </span>
    </p>
   </div>
   <div class='ocr_carea' id='block_1_76' title="bbox 2059 1855 3646 1938">
    <p class='ocr_par' dir='ltr' id='par_1_76' title="bbox 2059 1855 3646 1938">
     <span class='ocr_line' id='line_1_76' title="bbox 2059 1855 3646 1938; baseline 0.005 -24"><span class='ocrx_word' id='word_1_572' title='bbox 2059 1858 2154 1914; x_wconf 86' lang='grc' dir='ltr'>δύο</span> <span class='ocrx_word' id='word_1_573' title='bbox 2190 1855 2328 1914; x_wconf 79' lang='grc' dir='ltr'>εἶναι</span> <span class='ocrx_word' id='word_1_574' title='bbox 2373 1861 2486 1924; x_wconf 91' lang='grc' dir='ltr'>δύο,</span> <span class='ocrx_word' id='word_1_575' title='bbox 2527 1861 2641 1916; x_wconf 87' lang='grc' dir='ltr'>ἀλλ’</span> <span class='ocrx_word' id='word_1_576' title='bbox 2675 1863 2732 1916; x_wconf 82' lang='grc' dir='ltr'>ἓν</span> <span class='ocrx_word' id='word_1_577' title='bbox 2781 1864 3124 1936; x_wconf 73' lang='grc' dir='ltr'>ἀμφοτέρους</span> <span class='ocrx_word' id='word_1_578' title='bbox 3173 1867 3494 1938; x_wconf 79' lang='grc' dir='ltr'>ἐργάζεται.</span> <span class='ocrx_word' id='word_1_579' title='bbox 3537 1870 3646 1922; x_wconf 83' lang='lat' dir='ltr'>Kal</span> 
     </span>
    </p>
   </div>
   <div class='ocr_carea' id='block_1_77' title="bbox 2061 1942 3640 2024">
    <p class='ocr_par' dir='ltr' id='par_1_77' title="bbox 2061 1942 3640 2024">
     <span class='ocr_line' id='line_1_77' title="bbox 2061 1942 3640 2024; baseline 0.006 -28"><span class='ocrx_word' id='word_1_580' title='bbox 2061 1942 2164 2014; x_wconf 82' lang='grc' dir='ltr'>ὅρα</span> <span class='ocrx_word' id='word_1_581' title='bbox 2215 1945 2376 1998; x_wconf 86' lang='grc' dir='ltr'>πάλιν</span> <span class='ocrx_word' id='word_1_582' title='bbox 2409 1945 2526 2010; x_wconf 84' lang='grc' dir='ltr'>πῶς</span> <span class='ocrx_word' id='word_1_583' title='bbox 2555 1946 2643 2000; x_wconf 85' lang='grc' dir='ltr'>διὰ</span> <span class='ocrx_word' id='word_1_584' title='bbox 2671 1947 2781 2000; x_wconf 81' lang='grc' dir='ltr'>τῶν</span> <span class='ocrx_word' id='word_1_585' title='bbox 2831 1948 3109 2018; x_wconf 86' lang='grc' dir='ltr'>ὀνομάτων</span> <span class='ocrx_word' id='word_1_586' title='bbox 3145 1953 3367 2020; x_wconf 84' lang='grc' dir='ltr'>γυμνῶν</span> <span class='ocrx_word' id='word_1_587' title='bbox 3399 1952 3640 2024; x_wconf 79' lang='grc' dir='ltr'>πρόεισι,</span> 
     </span>
    </p>
   </div>
   <div class='ocr_carea' id='block_1_78' title="bbox 2059 2025 3642 2106">
    <p class='ocr_par' dir='ltr' id='par_1_78' title="bbox 2059 2025 3642 2106">
     <span class='ocr_line' id='line_1_78' title="bbox 2059 2025 3642 2106; baseline 0.005 -26"><span class='ocrx_word' id='word_1_588' title='bbox 2059 2025 2146 2080; x_wconf 83' lang='grc' dir='ltr'>διά</span> <span class='ocrx_word' id='word_1_589' title='bbox 2174 2027 2275 2098; x_wconf 85' lang='grc' dir='ltr'>τῆς</span> <span class='ocrx_word' id='word_1_590' title='bbox 2305 2030 2510 2100; x_wconf 83' lang='grc' dir='ltr'>πόρνης</span> <span class='ocrx_word' id='word_1_591' title='bbox 2545 2031 2638 2084; x_wconf 82' lang='grc' dir='ltr'>καὶ</span> <span class='ocrx_word' id='word_1_592' title='bbox 2672 2031 2760 2084; x_wconf 74' lang='grc' dir='ltr'>διὰ</span> <span class='ocrx_word' id='word_1_593' title='bbox 2807 2031 2900 2084; x_wconf 89' lang='grc' dir='ltr'>τοῦ</span> <span class='ocrx_word' id='word_1_594' title='bbox 2939 2033 3176 2102; x_wconf 81' lang='grc' dir='ltr'>Χριστοῦ</span> <span class='ocrx_word' id='word_1_595' title='bbox 3225 2035 3492 2104; x_wconf 79' lang='grc' dir='ltr'>προάγων</span> <span class='ocrx_word' id='word_1_596' title='bbox 3545 2037 3642 2106; x_wconf 72' lang='grc' dir='ltr'>τὴν</span> 
     </span>
    </p>
   </div>
   <div class='ocr_carea' id='block_1_79' title="bbox 2060 2112 3639 2184">
    <p class='ocr_par' dir='ltr' id='par_1_79' title="bbox 2060 2112 3639 2184">
     <span class='ocr_line' id='line_1_79' title="bbox 2060 2112 3639 2184; baseline 0.003 -20"><span class='ocrx_word' id='word_1_597' title='bbox 2060 2112 2418 2183; x_wconf 88' lang='grc' dir='ltr'>κατηγορίαν,</span> <span class='ocrx_word' id='word_1_598' title='bbox 2471 2115 2724 2182; x_wconf 81' lang='grc' dir='ltr'>Φεὺγετε</span> <span class='ocrx_word' id='word_1_599' title='bbox 2764 2114 2882 2181; x_wconf 84' lang='grc' dir='ltr'>τὴν</span> <span class='ocrx_word' id='word_1_600' title='bbox 2934 2117 3243 2184; x_wconf 79' lang='grc' dir='ltr'>πορνείαν.</span> <span class='ocrx_word' id='word_1_601' title='bbox 3295 2117 3412 2170; x_wconf 89' lang='grc' dir='ltr'>Οὐκ</span> <span class='ocrx_word' id='word_1_602' title='bbox 3465 2112 3639 2180; x_wconf 75' lang='grc' dir='ltr'>εἴπεν,</span> 
     </span>
    </p>
   </div>
   <div class='ocr_carea' id='block_1_80' title="bbox 2073 2193 3636 2269">
    <p class='ocr_par' dir='ltr' id='par_1_80' title="bbox 2073 2193 3636 2269">
     <span class='ocr_line' id='line_1_80' title="bbox 2073 2193 3636 2269; baseline 0.004 -24"><span class='ocrx_word' id='word_1_603' title='bbox 2073 2193 2367 2265; x_wconf 75' lang='grc' dir='ltr'>Ἀπέχεσθε</span> <span class='ocrx_word' id='word_1_604' title='bbox 2408 2197 2507 2266; x_wconf 76' lang='grc' dir='ltr'>τῆς</span> <span class='ocrx_word' id='word_1_605' title='bbox 2553 2197 2828 2269; x_wconf 82' lang='grc' dir='ltr'>πορνείας,</span> <span class='ocrx_word' id='word_1_606' title='bbox 2871 2197 3027 2260; x_wconf 86' lang='grc' dir='ltr'>ἀλλὰ,</span> <span class='ocrx_word' id='word_1_607' title='bbox 3061 2199 3332 2266; x_wconf 77' lang='grc' dir='ltr'>Φεύγετε,</span> <span class='ocrx_word' id='word_1_608' title='bbox 3365 2201 3636 2262; x_wconf 83' lang='grc' dir='ltr'>τουτέστι,</span> 
     </span>
    </p>
   </div>
   <div class='ocr_carea' id='block_1_81' title="bbox 2059 2275 3636 2352">
    <p class='ocr_par' dir='ltr' id='par_1_81' title="bbox 2059 2275 3636 2352">
     <span class='ocr_line' id='line_1_81' title="bbox 2059 2275 3636 2352; baseline 0.003 -22"><span class='ocrx_word' id='word_1_609' title='bbox 2059 2275 2216 2330; x_wconf 77' lang='grc' dir='ltr'>Μετὰ</span> <span class='ocrx_word' id='word_1_610' title='bbox 2261 2279 2498 2349; x_wconf 79' lang='grc' dir='ltr'>σπουδῆς</span> <span class='ocrx_word' id='word_1_611' title='bbox 2544 2280 2784 2333; x_wconf 86' lang='grc' dir='ltr'>ποιεῖσθε</span> <span class='ocrx_word' id='word_1_612' title='bbox 2817 2281 2914 2352; x_wconf 80' lang='grc' dir='ltr'>τὴν</span> <span class='ocrx_word' id='word_1_613' title='bbox 2945 2281 3264 2351; x_wconf 78' lang='grc' dir='ltr'>ἀπαλλαγὴν</span> <span class='ocrx_word' id='word_1_614' title='bbox 3313 2279 3404 2334; x_wconf 81' lang='grc' dir='ltr'>τοῦ</span> <span class='ocrx_word' id='word_1_615' title='bbox 3441 2281 3636 2335; x_wconf 80' lang='grc' dir='ltr'>κακοῦ.</span> 
     </span>
    </p>
   </div>
   <div class='ocr_carea' id='block_1_82' title="bbox 2058 2359 3634 2433">
    <p class='ocr_par' dir='ltr' id='par_1_82' title="bbox 2058 2359 3634 2433">
     <span class='ocr_line' id='line_1_82' title="bbox 2058 2359 3634 2433; baseline 0.002 -20"><span class='ocrx_word' id='word_1_616' title='bbox 2058 2359 2191 2414; x_wconf 82' lang='grc' dir='ltr'>Πᾶν</span> <span class='ocrx_word' id='word_1_617' title='bbox 2241 2362 2557 2432; x_wconf 76' lang='grc' dir='ltr'>ἁμάρτημα</span> <span class='ocrx_word' id='word_1_618' title='bbox 2607 2364 2638 2418; x_wconf 87' lang='grc' dir='ltr'><strong>ὃ</strong></span> <span class='ocrx_word' id='word_1_619' title='bbox 2678 2363 2788 2418; x_wconf 83' lang='grc' dir='ltr'>ἐὰν</span> <span class='ocrx_word' id='word_1_620' title='bbox 2819 2363 3048 2433; x_wconf 76' lang='grc' dir='ltr'>ποιήσῃ</span> <span class='ocrx_word' id='word_1_621' title='bbox 3084 2363 3418 2433; x_wconf 74' lang='grc' dir='ltr'>ἅνθρωπος,</span> <span class='ocrx_word' id='word_1_622' title='bbox 3467 2361 3634 2428; x_wconf 72' lang='grc' dir='ltr'>ἐκτὸς</span> 
     </span>
    </p>
   </div>
   <div class='ocr_carea' id='block_1_83' title="bbox 2059 2445 3638 2516">
    <p class='ocr_par' dir='ltr' id='par_1_83' title="bbox 2059 2445 3638 2516">
     <span class='ocr_line' id='line_1_83' title="bbox 2059 2445 3638 2516; baseline 0 -18"><span class='ocrx_word' id='word_1_623' title='bbox 2059 2445 2167 2498; x_wconf 88' lang='grc' dir='ltr'>τοῦ</span> <span class='ocrx_word' id='word_1_624' title='bbox 2204 2447 2478 2516; x_wconf 85' lang='grc' dir='ltr'>σώματός</span> <span class='ocrx_word' id='word_1_625' title='bbox 2516 2448 2722 2502; x_wconf 80' lang='grc' dir='ltr'>ἐστιν’</span> <span class='ocrx_word' id='word_1_626' title='bbox 2755 2451 2787 2502; x_wconf 85' lang='grc' dir='ltr'>ό</span> <span class='ocrx_word' id='word_1_627' title='bbox 2826 2447 2895 2502; x_wconf 79' lang='grc' dir='ltr'>δὲ</span> <span class='ocrx_word' id='word_1_628' title='bbox 2923 2449 3230 2516; x_wconf 77' lang='grc' dir='ltr'>πορνεύων</span> <span class='ocrx_word' id='word_1_629' title='bbox 3260 2451 3350 2512; x_wconf 83' lang='grc' dir='ltr'>είς</span> <span class='ocrx_word' id='word_1_630' title='bbox 3375 2447 3442 2500; x_wconf 86' lang='grc' dir='ltr'>τὸ</span> <span class='ocrx_word' id='word_1_631' title='bbox 3487 2447 3638 2500; x_wconf 68' lang='grc' dir='ltr'>ἴδιοι·</span> 
     </span>
    </p>
   </div>
   <div class='ocr_carea' id='block_1_84' title="bbox 2059 2529 3632 2602">
    <p class='ocr_par' dir='ltr' id='par_1_84' title="bbox 2059 2529 3632 2602">
     <span class='ocr_line' id='line_1_84' title="bbox 2059 2529 3632 2602; baseline 0 -20"><span class='ocrx_word' id='word_1_632' title='bbox 2059 2529 2234 2599; x_wconf 86' lang='grc' dir='ltr'>σῶμα</span> <span class='ocrx_word' id='word_1_633' title='bbox 2281 2531 2624 2600; x_wconf 78' lang='grc' dir='ltr'>ἁμαρτάνει.</span> <span class='ocrx_word' id='word_1_634' title='bbox 2685 2531 2856 2584; x_wconf 86' lang='grc' dir='ltr'>Τοῦτο</span> <span class='ocrx_word' id='word_1_635' title='bbox 2914 2531 3007 2586; x_wconf 88' lang='grc' dir='ltr'>τοῦ</span> <span class='ocrx_word' id='word_1_636' title='bbox 3056 2532 3324 2602; x_wconf 82' lang='grc' dir='ltr'>προτέρου</span> <span class='ocrx_word' id='word_1_637' title='bbox 3383 2530 3632 2584; x_wconf 72' lang='grc' dir='ltr'>ἔλαττον·</span> 
     </span>
    </p>
   </div>
   <div class='ocr_carea' id='block_1_85' title="bbox 2061 2611 3635 2688">
    <p class='ocr_par' dir='ltr' id='par_1_85' title="bbox 2061 2611 3635 2688">
     <span class='ocr_line' id='line_1_85' title="bbox 2061 2611 3635 2688; baseline 0.001 -22"><span class='ocrx_word' id='word_1_638' title='bbox 2061 2613 2200 2686; x_wconf 80' lang='grc' dir='ltr'>πλὴν</span> <span class='ocrx_word' id='word_1_639' title='bbox 2224 2615 2338 2668; x_wconf 81' lang='grc' dir='ltr'>ἀλλ’</span> <span class='ocrx_word' id='word_1_640' title='bbox 2370 2617 2554 2688; x_wconf 73' lang='grc' dir='ltr'>ἐπειδὴ</span> <span class='ocrx_word' id='word_1_641' title='bbox 2581 2617 2708 2687; x_wconf 80' lang='grc' dir='ltr'>περὶ</span> <span class='ocrx_word' id='word_1_642' title='bbox 2735 2617 2946 2688; x_wconf 87' lang='grc' dir='ltr'>πόρνων</span> <span class='ocrx_word' id='word_1_643' title='bbox 2971 2611 3038 2687; x_wconf 81' lang='grc' dir='ltr'>ἦν</span> <span class='ocrx_word' id='word_1_644' title='bbox 3067 2618 3096 2670; x_wconf 90' lang='lat'>6</span> <span class='ocrx_word' id='word_1_645' title='bbox 3117 2615 3273 2684; x_wconf 84' lang='grc' dir='ltr'>λόγος</span> <span class='ocrx_word' id='word_1_646' title='bbox 3295 2615 3470 2686; x_wconf 83' lang='grc' dir='ltr'>αὐτῷ,</span> <span class='ocrx_word' id='word_1_647' title='bbox 3501 2614 3635 2668; x_wconf 70' lang='grc' dir='ltr'>πάν·</span> 
     </span>
    </p>
   </div>
   <div class='ocr_carea' id='block_1_86' title="bbox 2059 2697 3636 2770">
    <p class='ocr_par' dir='ltr' id='par_1_86' title="bbox 2059 2697 3636 2770">
     <span class='ocr_line' id='line_1_86' title="bbox 2059 2697 3636 2770; baseline -0.001 -19"><span class='ocrx_word' id='word_1_648' title='bbox 2059 2697 2212 2752; x_wconf 89' lang='grc' dir='ltr'>τοθεν</span> <span class='ocrx_word' id='word_1_649' title='bbox 2257 2699 2387 2752; x_wconf 91' lang='grc' dir='ltr'>αὐτὸ</span> <span class='ocrx_word' id='word_1_650' title='bbox 2419 2701 2664 2770; x_wconf 86' lang='grc' dir='ltr'>ἀπαίρει,</span> <span class='ocrx_word' id='word_1_651' title='bbox 2705 2701 2799 2752; x_wconf 76' lang='grc' dir='ltr'>καὶ</span> <span class='ocrx_word' id='word_1_652' title='bbox 2832 2700 2940 2752; x_wconf 81' lang='grc' dir='ltr'>ἀπὸ</span> <span class='ocrx_word' id='word_1_653' title='bbox 2967 2700 3076 2754; x_wconf 83' lang='grc' dir='ltr'>τῶν</span> <span class='ocrx_word' id='word_1_654' title='bbox 3105 2699 3370 2770; x_wconf 78' lang='grc' dir='ltr'>μειζόνων</span> <span class='ocrx_word' id='word_1_655' title='bbox 3403 2699 3498 2752; x_wconf 76' lang='grc' dir='ltr'>καὶ</span> <span class='ocrx_word' id='word_1_656' title='bbox 3533 2697 3636 2751; x_wconf 61' lang='grc' dir='ltr'>ἀπὸ</span> 
     </span>
    </p>
   </div>
   <div class='ocr_carea' id='block_1_87' title="bbox 2058 2777 3636 2856">
    <p class='ocr_par' dir='ltr' id='par_1_87' title="bbox 2058 2777 3636 2856">
     <span class='ocr_line' id='line_1_87' title="bbox 2058 2777 3636 2856; baseline -0.002 -18"><span class='ocrx_word' id='word_1_657' title='bbox 2058 2785 2167 2838; x_wconf 85' lang='grc' dir='ltr'>τῶν</span> <span class='ocrx_word' id='word_1_658' title='bbox 2203 2783 2501 2837; x_wconf 83' lang='grc' dir='ltr'>ἐλαττόνων</span> <span class='ocrx_word' id='word_1_659' title='bbox 2542 2783 2720 2850; x_wconf 75' lang='grc' dir='ltr'>αὔξων</span> <span class='ocrx_word' id='word_1_660' title='bbox 2751 2785 2812 2836; x_wconf 75' lang='grc' dir='ltr'>τὸ</span> <span class='ocrx_word' id='word_1_661' title='bbox 2855 2784 3130 2856; x_wconf 75' lang='grc' dir='ltr'>ἔγκλημα.</span> <span class='ocrx_word' id='word_1_662' title='bbox 3177 2785 3384 2836; x_wconf 86' lang='grc' dir='ltr'>Ἐκεῖνο</span> <span class='ocrx_word' id='word_1_663' title='bbox 3419 2783 3522 2852; x_wconf 80' lang='grc' dir='ltr'>μὲν</span> <span class='ocrx_word' id='word_1_664' title='bbox 3545 2777 3636 2836; x_wconf 74' lang='grc' dir='ltr'>οῦν</span> 
     </span>
    </p>
   </div>
   <div class='ocr_carea' id='block_1_88' title="bbox 2059 2865 3634 2938">
    <p class='ocr_par' dir='ltr' id='par_1_88' title="bbox 2059 2865 3634 2938">
     <span class='ocr_line' id='line_1_88' title="bbox 2059 2865 3634 2938; baseline -0.001 -18"><span class='ocrx_word' id='word_1_665' title='bbox 2059 2870 2174 2938; x_wconf 81' lang='grc' dir='ltr'>τοῖς</span> <span class='ocrx_word' id='word_1_666' title='bbox 2205 2866 2616 2938; x_wconf 85' lang='grc' dir='ltr'>εὐλαϐεστέροις</span> <span class='ocrx_word' id='word_1_667' title='bbox 2666 2870 2880 2938; x_wconf 81' lang='grc' dir='ltr'>εἴρηται</span> <span class='ocrx_word' id='word_1_668' title='bbox 2929 2867 2990 2921; x_wconf 85' lang='grc' dir='ltr'>τὸ</span> <span class='ocrx_word' id='word_1_669' title='bbox 3037 2867 3323 2936; x_wconf 88' lang='grc' dir='ltr'>πρότερον,</span> <span class='ocrx_word' id='word_1_670' title='bbox 3371 2865 3534 2918; x_wconf 85' lang='grc' dir='ltr'>τοῦτο</span> <span class='ocrx_word' id='word_1_671' title='bbox 3579 2865 3634 2918; x_wconf 71' lang='grc' dir='ltr'>δὲ</span> 
     </span>
    </p>
   </div>
   <div class='ocr_carea' id='block_1_89' title="bbox 2059 2947 3632 3022">
    <p class='ocr_par' dir='ltr' id='par_1_89' title="bbox 2059 2947 3632 3022">
     <span class='ocr_line' id='line_1_89' title="bbox 2059 2947 3632 3022; baseline -0.003 -18"><span class='ocrx_word' id='word_1_672' title='bbox 2059 2953 2169 3014; x_wconf 84' lang='grc' dir='ltr'>τοῖς</span> <span class='ocrx_word' id='word_1_673' title='bbox 2205 2951 2633 3022; x_wconf 84' lang='grc' dir='ltr'>ἀσθενεστέροις.</span> <span class='ocrx_word' id='word_1_674' title='bbox 2667 2953 2777 3004; x_wconf 81' lang='grc' dir='ltr'>Καὶ</span> <span class='ocrx_word' id='word_1_675' title='bbox 2821 2952 2931 3022; x_wconf 72' lang='grc' dir='ltr'>γὰρ</span> <span class='ocrx_word' id='word_1_676' title='bbox 2979 2951 3072 3004; x_wconf 74' lang='grc' dir='ltr'>καὶ</span> <span class='ocrx_word' id='word_1_677' title='bbox 3101 2949 3260 3002; x_wconf 89' lang='grc' dir='ltr'>τοῦτο</span> <span class='ocrx_word' id='word_1_678' title='bbox 3289 2951 3388 3019; x_wconf 82' lang='grc' dir='ltr'>τῆς</span> <span class='ocrx_word' id='word_1_679' title='bbox 3421 2947 3632 3002; x_wconf 66' lang='grc' dir='ltr'>Παύλου</span> 
     </span>
    </p>
   </div>
   <div class='ocr_carea' id='block_1_90' title="bbox 2062 3029 3634 3106">
    <p class='ocr_par' dir='ltr' id='par_1_90' title="bbox 2062 3029 3634 3106">
     <span class='ocr_line' id='line_1_90' title="bbox 2062 3029 3634 3106; baseline -0.002 -19"><span class='ocrx_word' id='word_1_680' title='bbox 2062 3035 2276 3103; x_wconf 86' lang='grc' dir='ltr'>σοφίας,</span> <span class='ocrx_word' id='word_1_681' title='bbox 2307 3036 2382 3106; x_wconf 78' lang='grc' dir='ltr'>μὴ</span> <span class='ocrx_word' id='word_1_682' title='bbox 2407 3035 2514 3088; x_wconf 84' lang='grc' dir='ltr'>ἀπὸ</span> <span class='ocrx_word' id='word_1_683' title='bbox 2543 3034 2649 3087; x_wconf 82' lang='grc' dir='ltr'>τῶν</span> <span class='ocrx_word' id='word_1_684' title='bbox 2687 3034 2938 3105; x_wconf 81' lang='grc' dir='ltr'>μεγάλων</span> <span class='ocrx_word' id='word_1_685' title='bbox 2964 3033 3244 3104; x_wconf 72' lang='grc' dir='ltr'>ἐντρέπειν</span> <span class='ocrx_word' id='word_1_686' title='bbox 3283 3032 3468 3102; x_wconf 87' lang='grc' dir='ltr'>μόνον,</span> <span class='ocrx_word' id='word_1_687' title='bbox 3503 3029 3634 3084; x_wconf 62' lang='grc' dir='ltr'>ἀλλα</span> 
     </span>
    </p>
   </div>
   <div class='ocr_carea' id='block_1_91' title="bbox 2060 3114 3634 3188">
    <p class='ocr_par' dir='ltr' id='par_1_91' title="bbox 2060 3114 3634 3188">
     <span class='ocr_line' id='line_1_91' title="bbox 2060 3114 3634 3188; baseline -0.004 -18"><span class='ocrx_word' id='word_1_688' title='bbox 2060 3118 2156 3171; x_wconf 82' lang='grc' dir='ltr'>καὶ</span> <span class='ocrx_word' id='word_1_689' title='bbox 2186 3119 2292 3171; x_wconf 86' lang='grc' dir='ltr'>ἀπὸ</span> <span class='ocrx_word' id='word_1_690' title='bbox 2319 3119 2425 3170; x_wconf 85' lang='grc' dir='ltr'>τῶν</span> <span class='ocrx_word' id='word_1_691' title='bbox 2475 3117 2834 3188; x_wconf 85' lang='grc' dir='ltr'>μικροτέρων,</span> <span class='ocrx_word' id='word_1_692' title='bbox 2877 3117 2970 3170; x_wconf 77' lang='grc' dir='ltr'>καὶ</span> <span class='ocrx_word' id='word_1_693' title='bbox 2998 3115 3105 3170; x_wconf 84' lang='grc' dir='ltr'>ἀπὸ</span> <span class='ocrx_word' id='word_1_694' title='bbox 3132 3114 3226 3168; x_wconf 83' lang='grc' dir='ltr'>τοῦ</span> <span class='ocrx_word' id='word_1_695' title='bbox 3259 3115 3492 3186; x_wconf 83' lang='grc' dir='ltr'>αἰσχροῦ</span> <span class='ocrx_word' id='word_1_696' title='bbox 3545 3115 3634 3166; x_wconf 76' lang='grc' dir='ltr'>καὶ</span> 
     </span>
    </p>
   </div>
   <div class='ocr_carea' id='block_1_92' title="bbox 2059 3197 3632 3272">
    <p class='ocr_par' dir='ltr' id='par_1_92' title="bbox 2059 3197 3632 3272">
     <span class='ocr_line' id='line_1_92' title="bbox 2059 3197 3632 3272; baseline -0.004 -18"><span class='ocrx_word' id='word_1_697' title='bbox 2059 3201 2362 3272; x_wconf 86' lang='grc' dir='ltr'>ἀπρεποῦς.</span> <span class='ocrx_word' id='word_1_698' title='bbox 2384 3201 2447 3252; x_wconf 84' lang='grc' dir='ltr'>Τί</span> <span class='ocrx_word' id='word_1_699' title='bbox 2465 3197 2588 3266; x_wconf 75' lang='grc' dir='ltr'>οῦνς</span> <span class='ocrx_word' id='word_1_700' title='bbox 2611 3203 2638 3254; x_wconf 84' lang='grc' dir='ltr'>ὁ</span> <span class='ocrx_word' id='word_1_701' title='bbox 2654 3201 2996 3272; x_wconf 59' lang='grc' dir='ltr'>ἀνδροφόνος,</span> <span class='ocrx_word' id='word_1_702' title='bbox 3017 3199 3200 3270; x_wconf 75' lang='grc' dir='ltr'>φησὶν,</span> <span class='ocrx_word' id='word_1_703' title='bbox 3219 3199 3338 3269; x_wconf 84' lang='grc' dir='ltr'>οὐχί</span> <span class='ocrx_word' id='word_1_704' title='bbox 3357 3199 3456 3266; x_wconf 73' lang='grc' dir='ltr'>τὴν</span> <span class='ocrx_word' id='word_1_705' title='bbox 3484 3201 3632 3268; x_wconf 77' lang='grc' dir='ltr'>χεῖρα</span> 
     </span>
    </p>
   </div>
   <div class='ocr_carea' id='block_1_93' title="bbox 2064 3281 3632 3356">
    <p class='ocr_par' dir='ltr' id='par_1_93' title="bbox 2064 3281 3632 3356">
     <span class='ocr_line' id='line_1_93' title="bbox 2064 3281 3632 3356; baseline -0.004 -17"><span class='ocrx_word' id='word_1_706' title='bbox 2064 3286 2280 3356; x_wconf 88' lang='grc' dir='ltr'>μολύνει</span> <span class='ocrx_word' id='word_1_707' title='bbox 2297 3303 2312 3352; x_wconf 83' lang='grc'>;</span> <span class='ocrx_word' id='word_1_708' title='bbox 2331 3286 2378 3337; x_wconf 90' lang='grc' dir='ltr'>τί</span> <span class='ocrx_word' id='word_1_709' title='bbox 2398 3285 2453 3338; x_wconf 79' lang='grc' dir='ltr'>δὲ</span> <span class='ocrx_word' id='word_1_710' title='bbox 2475 3288 2502 3338; x_wconf 82' lang='grc' dir='ltr'>ὁ</span> <span class='ocrx_word' id='word_1_711' title='bbox 2525 3285 2875 3353; x_wconf 85' lang='grc' dir='ltr'>πλεονέκτης,</span> <span class='ocrx_word' id='word_1_712' title='bbox 2894 3285 2987 3338; x_wconf 70' lang='grc' dir='ltr'>καὶ</span> <span class='ocrx_word' id='word_1_713' title='bbox 3003 3285 3031 3336; x_wconf 87' lang='grc' dir='ltr'>ό</span> <span class='ocrx_word' id='word_1_714' title='bbox 3057 3282 3267 3354; x_wconf 62' lang='lat' dir='ltr'>rip-mag;</span> <span class='ocrx_word' id='word_1_715' title='bbox 3471 3281 3632 3334; x_wconf 69' lang='grc' dir='ltr'>Πανῖί</span> 
     </span>
    </p>
   </div>
   <div class='ocr_carea' id='block_1_94' title="bbox 2061 3367 3630 3442">
    <p class='ocr_par' dir='ltr' id='par_1_94' title="bbox 2061 3367 3630 3442">
     <span class='ocr_line' id='line_1_94' title="bbox 2061 3367 3630 3442; baseline -0.004 -18"><span class='ocrx_word' id='word_1_716' title='bbox 2061 3388 2163 3424; x_wconf 88' lang='grc' dir='ltr'>που</span> <span class='ocrx_word' id='word_1_717' title='bbox 2195 3370 2384 3442; x_wconf 72' lang='grc' dir='ltr'>δῆλον⁸</span> <span class='ocrx_word' id='word_1_718' title='bbox 2421 3369 2533 3422; x_wconf 80' lang='grc' dir='ltr'>ἀλλ’</span> <span class='ocrx_word' id='word_1_719' title='bbox 2565 3367 2752 3437; x_wconf 81' lang='grc' dir='ltr'>ἐπειδὴ</span> <span class='ocrx_word' id='word_1_720' title='bbox 2791 3369 2964 3420; x_wconf 78' lang='grc' dir='ltr'>εἰπεῖν</span> <span class='ocrx_word' id='word_1_721' title='bbox 3008 3367 3108 3420; x_wconf 87' lang='grc' dir='ltr'>οὐκ</span> <span class='ocrx_word' id='word_1_722' title='bbox 3137 3367 3264 3436; x_wconf 77' lang='grc' dir='ltr'>ἐνῆν</span> <span class='ocrx_word' id='word_1_723' title='bbox 3303 3367 3398 3419; x_wconf 83' lang='grc' dir='ltr'>τοῦ</span> <span class='ocrx_word' id='word_1_724' title='bbox 3435 3367 3630 3436; x_wconf 71' lang='grc' dir='ltr'>πόρνου</span> 
     </span>
    </p>
   </div>
   <div class='ocr_carea' id='block_1_95' title="bbox 2059 3448 3632 3524">
    <p class='ocr_par' dir='ltr' id='par_1_95' title="bbox 2059 3448 3632 3524">
     <span class='ocr_line' id='line_1_95' title="bbox 2059 3448 3632 3524; baseline -0.004 -18"><span class='ocrx_word' id='word_1_725' title='bbox 2059 3454 2210 3508; x_wconf 73' lang='grc' dir='ltr'>οὐδὲν</span> <span class='ocrx_word' id='word_1_726' title='bbox 2235 3457 2435 3524; x_wconf 84' lang='grc' dir='ltr'>χεῖρον,</span> <span class='ocrx_word' id='word_1_727' title='bbox 2467 3452 2664 3522; x_wconf 80' lang='grc' dir='ltr'>ἑτέρως</span> <span class='ocrx_word' id='word_1_728' title='bbox 2689 3449 2819 3503; x_wconf 89' lang='grc' dir='ltr'>αὐτὸ</span> <span class='ocrx_word' id='word_1_729' title='bbox 2843 3449 3050 3520; x_wconf 75' lang='grc' dir='ltr'>ηὔξησε</span> <span class='ocrx_word' id='word_1_730' title='bbox 3081 3449 3276 3518; x_wconf 90' lang='grc' dir='ltr'>λέγων,</span> <span class='ocrx_word' id='word_1_731' title='bbox 3305 3450 3386 3502; x_wconf 81' lang='grc' dir='ltr'>ὅτι</span> <span class='ocrx_word' id='word_1_732' title='bbox 3415 3449 3512 3502; x_wconf 77' lang='grc' dir='ltr'>ἐπὶ</span> <span class='ocrx_word' id='word_1_733' title='bbox 3541 3448 3632 3516; x_wconf 78' lang='grc' dir='ltr'>τῆς</span> 
     </span>
    </p>
   </div>
   <div class='ocr_carea' id='block_1_96' title="bbox 2061 3533 3632 3608">
    <p class='ocr_par' dir='ltr' id='par_1_96' title="bbox 2061 3533 3632 3608">
     <span class='ocr_line' id='line_1_96' title="bbox 2061 3533 3632 3608; baseline -0.006 -16"><span class='ocrx_word' id='word_1_734' title='bbox 2061 3538 2317 3608; x_wconf 84' lang='grc' dir='ltr'>πορνείας</span> <span class='ocrx_word' id='word_1_735' title='bbox 2345 3535 2634 3605; x_wconf 80' lang='grc' dir='ltr'>ὁλόκληρον</span> <span class='ocrx_word' id='word_1_736' title='bbox 2661 3535 2722 3587; x_wconf 90' lang='grc' dir='ltr'>τὸ</span> <span class='ocrx_word' id='word_1_737' title='bbox 2749 3533 2905 3604; x_wconf 83' lang='grc' dir='ltr'>σῶμα</span> <span class='ocrx_word' id='word_1_738' title='bbox 2932 3535 3142 3602; x_wconf 88' lang='grc' dir='ltr'>γίνεται</span> <span class='ocrx_word' id='word_1_739' title='bbox 3175 3533 3393 3604; x_wconf 85' lang='grc' dir='ltr'>μιαρόν.</span> <span class='ocrx_word' id='word_1_740' title='bbox 3423 3533 3632 3602; x_wconf 82' lang='grc' dir='ltr'>Ὥσπερ</span> 
     </span>
    </p>
   </div>
   <div class='ocr_carea' id='block_1_97' title="bbox 2059 3615 3628 3691">
    <p class='ocr_par' dir='ltr' id='par_1_97' title="bbox 2059 3615 3628 3691">
     <span class='ocr_line' id='line_1_97' title="bbox 2059 3615 3628 3691; baseline -0.003 -18"><span class='ocrx_word' id='word_1_741' title='bbox 2059 3621 2168 3691; x_wconf 84' lang='grc' dir='ltr'>γάρ</span> <span class='ocrx_word' id='word_1_742' title='bbox 2188 3622 2266 3682; x_wconf 88' lang='grc' dir='ltr'>είς</span> <span class='ocrx_word' id='word_1_743' title='bbox 2303 3619 2506 3689; x_wconf 86' lang='grc' dir='ltr'>λέϐητα</span> <span class='ocrx_word' id='word_1_744' title='bbox 2533 3615 2872 3687; x_wconf 85' lang='grc' dir='ltr'>ἀκαθαρσίας</span> <span class='ocrx_word' id='word_1_745' title='bbox 2905 3619 3174 3688; x_wconf 85' lang='grc' dir='ltr'>ἐμπῖπτον</span> <span class='ocrx_word' id='word_1_746' title='bbox 3219 3619 3314 3670; x_wconf 74' lang='grc' dir='ltr'>καὶ</span> <span class='ocrx_word' id='word_1_747' title='bbox 3349 3615 3428 3687; x_wconf 81' lang='grc' dir='ltr'>τῷ</span> <span class='ocrx_word' id='word_1_748' title='bbox 3471 3615 3628 3686; x_wconf 76' lang='grc' dir='ltr'>μολυ-</span> 
     </span>
    </p>
   </div>
   <div class='ocr_carea' id='block_1_98' title="bbox 2062 3700 3630 3774">
    <p class='ocr_par' dir='ltr' id='par_1_98' title="bbox 2062 3700 3630 3774">
     <span class='ocr_line' id='line_1_98' title="bbox 2062 3700 3630 3774; baseline -0.005 -16"><span class='ocrx_word' id='word_1_749' title='bbox 2062 3704 2184 3774; x_wconf 86' lang='grc' dir='ltr'>σμῷ</span> <span class='ocrx_word' id='word_1_750' title='bbox 2218 3703 2578 3774; x_wconf 87' lang='grc' dir='ltr'>βαπτόμενον,</span> <span class='ocrx_word' id='word_1_751' title='bbox 2615 3701 2758 3755; x_wconf 78' lang='grc' dir='ltr'>οὕτω</span> <span class='ocrx_word' id='word_1_752' title='bbox 2805 3700 3056 3772; x_wconf 77' lang='grc' dir='ltr'>φύρεται.</span> <span class='ocrx_word' id='word_1_753' title='bbox 3089 3701 3262 3752; x_wconf 87' lang='grc' dir='ltr'>Τοῦτο</span> <span class='ocrx_word' id='word_1_754' title='bbox 3285 3701 3342 3753; x_wconf 78' lang='grc' dir='ltr'>δὲ</span> <span class='ocrx_word' id='word_1_755' title='bbox 3375 3701 3474 3754; x_wconf 79' lang='grc' dir='ltr'>καὶ</span> <span class='ocrx_word' id='word_1_756' title='bbox 3505 3703 3630 3770; x_wconf 71' lang='grc' dir='ltr'>ἡμῖν</span> 
     </span>
    </p>
   </div>
   <div class='ocr_carea' id='block_1_99' title="bbox 2061 3783 3630 3857">
    <p class='ocr_par' dir='ltr' id='par_1_99' title="bbox 2061 3783 3630 3857">
     <span class='ocr_line' id='line_1_99' title="bbox 2061 3783 3630 3857; baseline -0.003 -18"><span class='ocrx_word' id='word_1_757' title='bbox 2061 3787 2200 3850; x_wconf 76' lang='grc' dir='ltr'>ἔθος.</span> <span class='ocrx_word' id='word_1_758' title='bbox 2249 3786 2380 3840; x_wconf 84' lang='grc' dir='ltr'>Ἀπὸ</span> <span class='ocrx_word' id='word_1_759' title='bbox 2409 3785 2508 3856; x_wconf 88' lang='grc' dir='ltr'>μέν</span> <span class='ocrx_word' id='word_1_760' title='bbox 2531 3785 2638 3857; x_wconf 85' lang='grc' dir='ltr'>γάρ</span> <span class='ocrx_word' id='word_1_761' title='bbox 2668 3785 2767 3852; x_wconf 78' lang='grc' dir='ltr'>τῆς</span> <span class='ocrx_word' id='word_1_762' title='bbox 2791 3783 3102 3848; x_wconf 82' lang='grc' dir='ltr'>πλεονεξίας</span> <span class='ocrx_word' id='word_1_763' title='bbox 3128 3785 3220 3836; x_wconf 77' lang='grc' dir='ltr'>καὶ</span> <span class='ocrx_word' id='word_1_764' title='bbox 3247 3783 3508 3854; x_wconf 80' lang='grc' dir='ltr'>ἁρπαγῆς</span> <span class='ocrx_word' id='word_1_765' title='bbox 3537 3783 3630 3836; x_wconf 82' lang='grc' dir='ltr'>οὐκ</span> 
     </span>
    </p>
   </div>
   <div class='ocr_carea' id='block_1_100' title="bbox 2059 3866 3628 3938">
    <p class='ocr_par' dir='ltr' id='par_1_100' title="bbox 2059 3866 3628 3938">
     <span class='ocr_line' id='line_1_100' title="bbox 2059 3866 3628 3938; baseline -0.005 -12"><span class='ocrx_word' id='word_1_766' title='bbox 2059 3871 2124 3926; x_wconf 78' lang='grc' dir='ltr'>ἄν</span> <span class='ocrx_word' id='word_1_767' title='bbox 2152 3887 2236 3933; x_wconf 90' lang='grc' dir='ltr'>τις</span> <span class='ocrx_word' id='word_1_768' title='bbox 2277 3867 2627 3922; x_wconf 87' lang='grc' dir='ltr'>σπουδάσειεν</span> <span class='ocrx_word' id='word_1_769' title='bbox 2654 3869 2745 3921; x_wconf 69' lang='grc' dir='ltr'>ἐπὶ</span> <span class='ocrx_word' id='word_1_770' title='bbox 2781 3867 3061 3938; x_wconf 83' lang='grc' dir='ltr'>βαλανεῖον</span> <span class='ocrx_word' id='word_1_771' title='bbox 3102 3867 3299 3930; x_wconf 76' lang='grc' dir='ltr'>ἐλθεῖν,</span> <span class='ocrx_word' id='word_1_772' title='bbox 3333 3866 3444 3918; x_wconf 65' lang='grc' dir='ltr'>ἀλλ’</span> <span class='ocrx_word' id='word_1_773' title='bbox 3479 3867 3628 3919; x_wconf 84' lang='grc' dir='ltr'>ἀδια-</span> 
     </span>
    </p>
   </div>
   <div class='ocr_carea' id='block_1_101' title="bbox 2059 3949 3626 4024">
    <p class='ocr_par' dir='ltr' id='par_1_101' title="bbox 2059 3949 3626 4024">
     <span class='ocr_line' id='line_1_101' title="bbox 2059 3949 3626 4024; baseline 0.001 -17"><span class='ocrx_word' id='word_1_774' title='bbox 2059 3953 2239 4024; x_wconf 86' lang='grc' dir='ltr'>φόρως</span> <span class='ocrx_word' id='word_1_775' title='bbox 2273 3953 2363 4006; x_wconf 76' lang='grc' dir='ltr'>ἐπὶ</span> <span class='ocrx_word' id='word_1_776' title='bbox 2385 3951 2480 4024; x_wconf 75' lang='grc' dir='ltr'>τὴν</span> <span class='ocrx_word' id='word_1_777' title='bbox 2507 3952 2683 4005; x_wconf 85' lang='grc' dir='ltr'>οίκίαν</span> <span class='ocrx_word' id='word_1_778' title='bbox 2706 3952 2936 4006; x_wconf 69' lang='grc' dir='ltr'>ἄνεισιν*</span> <span class='ocrx_word' id='word_1_779' title='bbox 2961 3951 3070 4004; x_wconf 91' lang='grc' dir='ltr'>ἀπὸ</span> <span class='ocrx_word' id='word_1_780' title='bbox 3095 3949 3149 4004; x_wconf 84' lang='grc' dir='ltr'>δὲ</span> <span class='ocrx_word' id='word_1_781' title='bbox 3179 3951 3379 4022; x_wconf 80' lang='grc' dir='ltr'>μίξεως</span> <span class='ocrx_word' id='word_1_782' title='bbox 3407 3949 3626 4020; x_wconf 72' lang='grc' dir='ltr'>πόρνης.</span> 
     </span>
    </p>
   </div>
   <div class='ocr_carea' id='block_1_102' title="bbox 2058 4032 3626 4106">
    <p class='ocr_par' dir='ltr' id='par_1_102' title="bbox 2058 4032 3626 4106">
     <span class='ocr_line' id='line_1_102' title="bbox 2058 4032 3626 4106; baseline -0.004 -17"><span class='ocrx_word' id='word_1_783' title='bbox 2058 4036 2312 4106; x_wconf 82' lang='grc' dir='ltr'>καθάπερ</span> <span class='ocrx_word' id='word_1_784' title='bbox 2358 4035 2476 4098; x_wconf 79' lang='grc' dir='ltr'>ὅλος</span> <span class='ocrx_word' id='word_1_785' title='bbox 2539 4035 2826 4104; x_wconf 74' lang='grc' dir='ltr'>γενόμενος</span> <span class='ocrx_word' id='word_1_786' title='bbox 2883 4034 3212 4104; x_wconf 84' lang='grc' dir='ltr'>ἀκάθαρτος,</span> <span class='ocrx_word' id='word_1_787' title='bbox 3267 4035 3362 4087; x_wconf 73' lang='grc' dir='ltr'>ἐπὶ</span> <span class='ocrx_word' id='word_1_788' title='bbox 3407 4035 3466 4086; x_wconf 88' lang='grc' dir='ltr'>τὸ</span> <span class='ocrx_word' id='word_1_789' title='bbox 3509 4032 3626 4086; x_wconf 78' lang='grc' dir='ltr'>λού-</span> 
     </span>
    </p>
   </div>
   <div class='ocr_carea' id='block_1_103' title="bbox 2061 4115 3630 4190">
    <p class='ocr_par' dir='ltr' id='par_1_103' title="bbox 2061 4115 3630 4190">
     <span class='ocr_line' id='line_1_103' title="bbox 2061 4115 3630 4190; baseline -0.004 -17"><span class='ocrx_word' id='word_1_790' title='bbox 2061 4121 2258 4173; x_wconf 84' lang='grc' dir='ltr'>σασθαι</span> <span class='ocrx_word' id='word_1_791' title='bbox 2301 4119 2516 4190; x_wconf 72' lang='grc' dir='ltr'>ἔρχεται</span> <span class='ocrx_word' id='word_1_792' title='bbox 2543 4136 2556 4149; x_wconf 79' lang='grc'><em>’</em></span> <span class='ocrx_word' id='word_1_793' title='bbox 2612 4118 2786 4180; x_wconf 74' lang='grc' dir='ltr'>οὕτως</span> <span class='ocrx_word' id='word_1_794' title='bbox 2825 4119 2939 4187; x_wconf 78' lang='grc' dir='ltr'>ἔχει</span> <span class='ocrx_word' id='word_1_795' title='bbox 2980 4117 3101 4169; x_wconf 73' lang='grc' dir='ltr'>τινὰ</span> <span class='ocrx_word' id='word_1_796' title='bbox 3147 4117 3207 4169; x_wconf 89' lang='grc' dir='ltr'>τὸ</span> <span class='ocrx_word' id='word_1_797' title='bbox 3255 4116 3496 4179; x_wconf 85' lang='grc' dir='ltr'>συνειδὸς</span> <span class='ocrx_word' id='word_1_798' title='bbox 3527 4115 3630 4168; x_wconf 78' lang='grc' dir='ltr'>ἀπὸ</span> 
     </span>
    </p>
   </div>
   <div class='ocr_carea' id='block_1_104' title="bbox 2057 4199 3627 4273">
    <p class='ocr_par' dir='ltr' id='par_1_104' title="bbox 2057 4199 3627 4273">
     <span class='ocr_line' id='line_1_104' title="bbox 2057 4199 3627 4273; baseline -0.003 -17"><span class='ocrx_word' id='word_1_799' title='bbox 2057 4202 2160 4272; x_wconf 77' lang='grc' dir='ltr'>τῆς</span> <span class='ocrx_word' id='word_1_800' title='bbox 2207 4202 2483 4273; x_wconf 86' lang='grc' dir='ltr'>ἁμαρτίας</span> <span class='ocrx_word' id='word_1_801' title='bbox 2525 4200 2728 4272; x_wconf 88' lang='grc' dir='ltr'>ταύτης</span> <span class='ocrx_word' id='word_1_802' title='bbox 2762 4199 3031 4270; x_wconf 74' lang='grc' dir='ltr'>ὑπόληψιν</span> <span class='ocrx_word' id='word_1_803' title='bbox 3067 4199 3449 4270; x_wconf 80' lang='grc' dir='ltr'>αἰσχροτέραν.</span> <span class='ocrx_word' id='word_1_804' title='bbox 3499 4199 3627 4268; x_wconf 82' lang='grc' dir='ltr'>’Δμ-</span> 
     </span>
    </p>
   </div>
   <div class='ocr_carea' id='block_1_105' title="bbox 2059 4277 3624 4356">
    <p class='ocr_par' dir='ltr' id='par_1_105' title="bbox 2059 4277 3624 4356">
     <span class='ocr_line' id='line_1_105' title="bbox 2059 4277 3624 4356; baseline -0.003 -18"><span class='ocrx_word' id='word_1_805' title='bbox 2059 4287 2263 4356; x_wconf 72' lang='grc' dir='ltr'>φότερα</span> <span class='ocrx_word' id='word_1_806' title='bbox 2304 4287 2400 4355; x_wconf 83' lang='grc' dir='ltr'>μὲν</span> <span class='ocrx_word' id='word_1_807' title='bbox 2430 4281 2522 4338; x_wconf 79' lang='grc' dir='ltr'>οῦν</span> <span class='ocrx_word' id='word_1_808' title='bbox 2553 4277 2788 4353; x_wconf 72' lang='grc' dir='ltr'>χαλεπά,</span> <span class='ocrx_word' id='word_1_809' title='bbox 2821 4283 2916 4336; x_wconf 77' lang='grc' dir='ltr'>καὶ</span> <span class='ocrx_word' id='word_1_810' title='bbox 2947 4282 3226 4347; x_wconf 83' lang='grc' dir='ltr'>πλεονεξία</span> <span class='ocrx_word' id='word_1_811' title='bbox 3257 4283 3353 4334; x_wconf 77' lang='grc' dir='ltr'>καὶ</span> <span class='ocrx_word' id='word_1_812' title='bbox 3383 4281 3624 4344; x_wconf 78' lang='grc' dir='ltr'>πορνεία.</span> 
     </span>
    </p>
   </div>
   <div class='ocr_carea' id='block_1_106' title="bbox 2059 4363 3627 4437">
    <p class='ocr_par' dir='ltr' id='par_1_106' title="bbox 2059 4363 3627 4437">
     <span class='ocr_line' id='line_1_106' title="bbox 2059 4363 3627 4437; baseline -0.004 -16"><span class='ocrx_word' id='word_1_813' title='bbox 2059 4371 2154 4421; x_wconf 73' lang='lat' dir='ltr'>xal</span> <span class='ocrx_word' id='word_1_814' title='bbox 2183 4369 2262 4432; x_wconf 85' lang='grc' dir='ltr'>είς</span> <span class='ocrx_word' id='word_1_815' title='bbox 2286 4369 2509 4436; x_wconf 82' lang='grc' dir='ltr'>γέενναν</span> <span class='ocrx_word' id='word_1_816' title='bbox 2537 4365 2828 4437; x_wconf 88' lang='grc' dir='ltr'>ἐμϐάλλει·</span> <span class='ocrx_word' id='word_1_817' title='bbox 2854 4365 2968 4418; x_wconf 83' lang='grc' dir='ltr'>ἀλλ’</span> <span class='ocrx_word' id='word_1_818' title='bbox 3002 4365 3188 4436; x_wconf 83' lang='grc' dir='ltr'>ἐπειδὴ</span> <span class='ocrx_word' id='word_1_819' title='bbox 3217 4363 3577 4434; x_wconf 76' lang='grc' dir='ltr'>οἰκονομικῶς</span> <span class='ocrx_word' id='word_1_820' title='bbox 3601 4365 3627 4415; x_wconf 88' lang='lat'>6</span> 
     </span>
    </p>
   </div>
   <div class='ocr_carea' id='block_1_107' title="bbox 2057 4443 3628 4519">
    <p class='ocr_par' dir='ltr' id='par_1_107' title="bbox 2057 4443 3628 4519">
     <span class='ocr_line' id='line_1_107' title="bbox 2057 4443 3628 4519; baseline -0.004 -15"><span class='ocrx_word' id='word_1_821' title='bbox 2057 4451 2272 4514; x_wconf 86' lang='grc' dir='ltr'>Παῦλος</span> <span class='ocrx_word' id='word_1_822' title='bbox 2299 4451 2478 4504; x_wconf 83' lang='grc' dir='ltr'>πάντα</span> <span class='ocrx_word' id='word_1_823' title='bbox 2511 4451 2678 4515; x_wconf 86' lang='grc' dir='ltr'>ποιεῖ,</span> <span class='ocrx_word' id='word_1_824' title='bbox 2710 4443 2792 4512; x_wconf 76' lang='grc' dir='ltr'>οἷς</span> <span class='ocrx_word' id='word_1_825' title='bbox 2818 4444 2954 4519; x_wconf 75' lang='grc' dir='ltr'>εἶχε,</span> <span class='ocrx_word' id='word_1_826' title='bbox 2985 4449 3196 4511; x_wconf 90' lang='grc' dir='ltr'>τούτοις</span> <span class='ocrx_word' id='word_1_827' title='bbox 3226 4446 3432 4518; x_wconf 73' lang='grc' dir='ltr'>ηὔξησε</span> <span class='ocrx_word' id='word_1_828' title='bbox 3453 4447 3516 4499; x_wconf 86' lang='grc' dir='ltr'>τὸ</span> <span class='ocrx_word' id='word_1_829' title='bbox 3535 4447 3628 4516; x_wconf 75' lang='grc' dir='ltr'>τῆς</span> 
     </span>
    </p>
   </div>
   <div class='ocr_carea' id='block_1_108' title="bbox 2059 4527 3628 4604">
    <p class='ocr_par' dir='ltr' id='par_1_108' title="bbox 2059 4527 3628 4604">
     <span class='ocr_line' id='line_1_108' title="bbox 2059 4527 3628 4604; baseline -0.003 -19"><span class='ocrx_word' id='word_1_830' title='bbox 2059 4535 2316 4604; x_wconf 88' lang='grc' dir='ltr'>πορνείας</span> <span class='ocrx_word' id='word_1_831' title='bbox 2368 4533 2640 4604; x_wconf 73' lang='grc' dir='ltr'>ἔγκλημα.</span> <span class='ocrx_word' id='word_1_832' title='bbox 2687 4527 2772 4587; x_wconf 67' lang='lat' dir='ltr'>1rII</span> <span class='ocrx_word' id='word_1_833' title='bbox 2812 4535 2924 4586; x_wconf 82' lang='grc' dir='ltr'>οὐκ</span> <span class='ocrx_word' id='word_1_834' title='bbox 2969 4531 3167 4586; x_wconf 84' lang='grc' dir='ltr'>οῖδατε</span> <span class='ocrx_word' id='word_1_835' title='bbox 3208 4531 3299 4584; x_wconf 85' lang='grc' dir='ltr'>ὅτι</span> <span class='ocrx_word' id='word_1_836' title='bbox 3355 4531 3422 4582; x_wconf 87' lang='grc' dir='ltr'>τὸ</span> <span class='ocrx_word' id='word_1_837' title='bbox 3461 4528 3628 4597; x_wconf 84' lang='grc' dir='ltr'>σῶμα</span> 
     </span>
    </p>
   </div>
   <div class='ocr_carea' id='block_1_109' title="bbox 2057 4613 3564 4690">
    <p class='ocr_par' dir='ltr' id='par_1_109' title="bbox 2057 4613 3564 4690">
     <span class='ocr_line' id='line_1_109' title="bbox 2057 4613 3564 4690; baseline -0.019 2"><span class='ocrx_word' id='word_1_838' title='bbox 2057 4617 2224 4690; x_wconf 73' lang='grc' dir='ltr'>ὑμῶν</span> <span class='ocrx_word' id='word_1_839' title='bbox 2243 4615 2390 4683; x_wconf 76' lang='grc' dir='ltr'>ναὸς</span> <span class='ocrx_word' id='word_1_840' title='bbox 2411 4635 2441 4671; x_wconf 86' lang='grc' dir='ltr'><em>τ</em></span> <span class='ocrx_word' id='word_1_841' title='bbox 2446 4616 2517 4672; x_wconf 82' lang='grc' dir='ltr'>οὗ</span> <span class='ocrx_word' id='word_1_842' title='bbox 2537 4618 2605 4672; x_wconf 84' lang='grc' dir='ltr'>ἐν</span> <span class='ocrx_word' id='word_1_843' title='bbox 2631 4616 2773 4686; x_wconf 83' lang='grc' dir='ltr'>ὑμῖν</span> <span class='ocrx_word' id='word_1_844' title='bbox 2795 4616 2968 4686; x_wconf 75' lang='grc' dir='ltr'>ἁγίου</span> <span class='ocrx_word' id='word_1_845' title='bbox 2995 4613 3340 4686; x_wconf 88' lang='grc' dir='ltr'>Πνεύματός</span> <span class='ocrx_word' id='word_1_846' title='bbox 3359 4613 3564 4675; x_wconf 75' lang='grc' dir='ltr'>ἐστινς</span> 
     </span>
    </p>
   </div>
   <div class='ocr_carea' id='block_1_110' title="bbox 2133 4753 3627 4833">
    <p class='ocr_par' dir='ltr' id='par_1_110' title="bbox 2133 4753 3627 4833">
     <span class='ocr_line' id='line_1_110' title="bbox 2133 4753 3627 4833; baseline -0.009 -16"><span class='ocrx_word' id='word_1_847' title='bbox 2133 4761 2202 4833; x_wconf 89' lang='grc' dir='ltr'>β’.</span> <span class='ocrx_word' id='word_1_848' title='bbox 2216 4761 2327 4831; x_wconf 84' lang='grc' dir='ltr'>Οὐχ</span> <span class='ocrx_word' id='word_1_849' title='bbox 2349 4759 2532 4820; x_wconf 83' lang='grc' dir='ltr'>ἁπλῶς</span> <span class='ocrx_word' id='word_1_850' title='bbox 2549 4755 2690 4826; x_wconf 76' lang='grc' dir='ltr'>εἷπε,</span> <span class='ocrx_word' id='word_1_851' title='bbox 2715 4758 2830 4813; x_wconf 84' lang='grc' dir='ltr'>Τοῦ</span> <span class='ocrx_word' id='word_1_852' title='bbox 2851 4757 3214 4826; x_wconf 76' lang='grc' dir='ltr'>Πνεύματος,</span> <span class='ocrx_word' id='word_1_853' title='bbox 3237 4753 3396 4816; x_wconf 86' lang='grc' dir='ltr'>ἀλλά,</span> <span class='ocrx_word' id='word_1_854' title='bbox 3423 4753 3534 4808; x_wconf 78' lang='grc' dir='ltr'>Τοῦ</span> <span class='ocrx_word' id='word_1_855' title='bbox 3564 4754 3627 4807; x_wconf 81' lang='grc' dir='ltr'>ἐν</span> 
     </span>
    </p>
   </div>
   <div class='ocr_carea' id='block_1_111' title="bbox 2057 4839 3628 4916">
    <p class='ocr_par' dir='ltr' id='par_1_111' title="bbox 2057 4839 3628 4916">
     <span class='ocr_line' id='line_1_111' title="bbox 2057 4839 3628 4916; baseline -0.008 -15"><span class='ocrx_word' id='word_1_856' title='bbox 2057 4847 2219 4916; x_wconf 82' lang='grc' dir='ltr'>ὑμῖν,</span> <span class='ocrx_word' id='word_1_857' title='bbox 2277 4847 2415 4915; x_wconf 83' lang='grc' dir='ltr'>ὅπερ</span> <span class='ocrx_word' id='word_1_858' title='bbox 2464 4839 2533 4914; x_wconf 78' lang='grc' dir='ltr'>ἦν</span> <span class='ocrx_word' id='word_1_859' title='bbox 2587 4845 2682 4897; x_wconf 80' lang='grc' dir='ltr'>καὶ</span> <span class='ocrx_word' id='word_1_860' title='bbox 2732 4841 3228 4914; x_wconf 84' lang='grc' dir='ltr'>παραμυθουμένου</span> <span class='ocrx_word' id='word_1_861' title='bbox 3253 4855 3266 4868; x_wconf 73' lang='grc' dir='ltr'><strong>ν</strong></span> <span class='ocrx_word' id='word_1_862' title='bbox 3327 4840 3422 4892; x_wconf 74' lang='grc' dir='ltr'>καὶ</span> <span class='ocrx_word' id='word_1_863' title='bbox 3471 4839 3628 4890; x_wconf 70' lang='grc' dir='ltr'>πάλιν</span> 
     </span>
    </p>
   </div>
   <div class='ocr_carea' id='block_1_112' title="bbox 2057 4919 3626 5001">
    <p class='ocr_par' dir='ltr' id='par_1_112' title="bbox 2057 4919 3626 5001">
     <span class='ocr_line' id='line_1_112' title="bbox 2057 4919 3626 5001; baseline -0.006 -19"><span class='ocrx_word' id='word_1_864' title='bbox 2057 4929 2496 5001; x_wconf 82' lang='grc' dir='ltr'>ἐπεξηγούμενος</span> <span class='ocrx_word' id='word_1_865' title='bbox 2529 4929 2829 4998; x_wconf 73' lang='grc' dir='ltr'>ἐπήγαγενο</span> <span class='ocrx_word' id='word_1_866' title='bbox 2863 4921 2947 4980; x_wconf 86' lang='grc' dir='ltr'><em>Οὖ</em></span> <span class='ocrx_word' id='word_1_867' title='bbox 2977 4924 3149 4993; x_wconf 80' lang='grc' dir='ltr'>ἔχετε</span> <span class='ocrx_word' id='word_1_868' title='bbox 3174 4921 3292 4976; x_wconf 76' lang='grc' dir='ltr'>ἀπὸ</span> <span class='ocrx_word' id='word_1_869' title='bbox 3321 4921 3432 4974; x_wconf 85' lang='grc' dir='ltr'>τοῦ</span> <span class='ocrx_word' id='word_1_870' title='bbox 3461 4919 3626 4974; x_wconf 85' lang='grc' dir='ltr'>Θεοῦ.</span> 
     </span>
    </p>
   </div>
   <div class='ocr_carea' id='block_1_113' title="bbox 2058 5003 3626 5080">
    <p class='ocr_par' dir='ltr' id='par_1_113' title="bbox 2058 5003 3626 5080">
     <span class='ocr_line' id='line_1_113' title="bbox 2058 5003 3626 5080; baseline -0.008 -12"><span class='ocrx_word' id='word_1_871' title='bbox 2058 5015 2170 5068; x_wconf 89' lang='lat' dir='ltr'>Kal</span> <span class='ocrx_word' id='word_1_872' title='bbox 2210 5013 2300 5066; x_wconf 91' lang='grc' dir='ltr'>τὸν</span> <span class='ocrx_word' id='word_1_873' title='bbox 2333 5012 2601 5066; x_wconf 87' lang='grc' dir='ltr'>δεδωκότα</span> <span class='ocrx_word' id='word_1_874' title='bbox 2643 5011 2906 5076; x_wconf 87' lang='grc' dir='ltr'>τέθεικεν,</span> <span class='ocrx_word' id='word_1_875' title='bbox 2943 5007 3146 5080; x_wconf 82' lang='grc' dir='ltr'>ὑψηλόν</span> <span class='ocrx_word' id='word_1_876' title='bbox 3181 5023 3240 5059; x_wconf 89' lang='grc' dir='ltr'>τε</span> <span class='ocrx_word' id='word_1_877' title='bbox 3287 5006 3428 5078; x_wconf 81' lang='grc' dir='ltr'>ὁμοῦ</span> <span class='ocrx_word' id='word_1_878' title='bbox 3463 5003 3626 5058; x_wconf 79' lang='grc' dir='ltr'>ποιῶν</span> 
     </span>
    </p>
   </div>
   <div class='ocr_carea' id='block_1_114' title="bbox 2001 5089 3626 5168">
    <p class='ocr_par' dir='ltr' id='par_1_114' title="bbox 2001 5089 3626 5168">
     <span class='ocr_line' id='line_1_114' title="bbox 2001 5089 3626 5168; baseline -0.006 -17"><span class='ocrx_word' id='word_1_879' title='bbox 2001 5093 2010 5102; x_wconf 85' lang='grc'><strong>”</strong></span> <span class='ocrx_word' id='word_1_880' title='bbox 2055 5099 2148 5151; x_wconf 91' lang='grc' dir='ltr'>τὸν</span> <span class='ocrx_word' id='word_1_881' title='bbox 2172 5097 2468 5168; x_wconf 84' lang='grc' dir='ltr'>ἀκροατὴν,</span> <span class='ocrx_word' id='word_1_882' title='bbox 2507 5097 2602 5148; x_wconf 77' lang='grc' dir='ltr'>καὶ</span> <span class='ocrx_word' id='word_1_883' title='bbox 2633 5093 2814 5164; x_wconf 80' lang='grc' dir='ltr'>φοϐῶν</span> <span class='ocrx_word' id='word_1_884' title='bbox 2845 5092 2938 5147; x_wconf 73' lang='grc' dir='ltr'>καὶ</span> <span class='ocrx_word' id='word_1_885' title='bbox 2961 5091 3040 5160; x_wconf 83' lang='grc' dir='ltr'>τῷ</span> <span class='ocrx_word' id='word_1_886' title='bbox 3076 5090 3294 5162; x_wconf 89' lang='grc' dir='ltr'>μεγέθει</span> <span class='ocrx_word' id='word_1_887' title='bbox 3317 5089 3419 5160; x_wconf 82' lang='grc' dir='ltr'>τῆς</span> <span class='ocrx_word' id='word_1_888' title='bbox 3453 5107 3626 5160; x_wconf 83' lang='grc' dir='ltr'>παρα-</span> 
     </span>
    </p>
   </div>
   <div class='ocr_carea' id='block_1_115' title="bbox 2060 5173 3624 5252">
    <p class='ocr_par' dir='ltr' id='par_1_115' title="bbox 2060 5173 3624 5252">
     <span class='ocr_line' id='line_1_115' title="bbox 2060 5173 3624 5252; baseline -0.008 -16"><span class='ocrx_word' id='word_1_889' title='bbox 2060 5183 2374 5252; x_wconf 81' lang='grc' dir='ltr'>καταθήκης</span> <span class='ocrx_word' id='word_1_890' title='bbox 2413 5180 2508 5232; x_wconf 79' lang='grc' dir='ltr'>καὶ</span> <span class='ocrx_word' id='word_1_891' title='bbox 2533 5181 2599 5250; x_wconf 78' lang='grc' dir='ltr'>τῇ</span> <span class='ocrx_word' id='word_1_892' title='bbox 2647 5177 2932 5248; x_wconf 79' lang='grc' dir='ltr'>φιλοτιμίᾳ</span> <span class='ocrx_word' id='word_1_893' title='bbox 2957 5175 3053 5228; x_wconf 85' lang='grc' dir='ltr'>τοῦ</span> <span class='ocrx_word' id='word_1_894' title='bbox 3081 5173 3624 5246; x_wconf 81' lang='grc' dir='ltr'>παρακαταθεμένου.</span> 
     </span>
    </p>
   </div>
   <div class='ocr_carea' id='block_1_116' title="bbox 2059 5255 3626 5330">
    <p class='ocr_par' dir='ltr' id='par_1_116' title="bbox 2059 5255 3626 5330">
     <span class='ocr_line' id='line_1_116' title="bbox 2059 5255 3626 5330; baseline -0.009 -10"><span class='ocrx_word' id='word_1_895' title='bbox 2059 5265 2167 5321; x_wconf 80' lang='grc' dir='ltr'>Καὶ</span> <span class='ocrx_word' id='word_1_896' title='bbox 2191 5267 2302 5319; x_wconf 86' lang='grc' dir='ltr'>οὐκ</span> <span class='ocrx_word' id='word_1_897' title='bbox 2329 5264 2472 5318; x_wconf 84' lang='grc' dir='ltr'>ἐστὲ</span> <span class='ocrx_word' id='word_1_898' title='bbox 2495 5261 2744 5317; x_wconf 86' lang='grc' dir='ltr'>ἑαυτῶν.</span> <span class='ocrx_word' id='word_1_899' title='bbox 2771 5261 2941 5314; x_wconf 80' lang='grc' dir='ltr'>Τοῦτο</span> <span class='ocrx_word' id='word_1_900' title='bbox 2965 5260 3066 5312; x_wconf 90' lang='grc' dir='ltr'>οὐκ</span> <span class='ocrx_word' id='word_1_901' title='bbox 3092 5259 3444 5330; x_wconf 82' lang='grc' dir='ltr'>ἐντρέποντος</span> <span class='ocrx_word' id='word_1_902' title='bbox 3473 5255 3626 5327; x_wconf 76' lang='grc' dir='ltr'>μόνον</span> 
     </span>
    </p>
   </div>
   <div class='ocr_carea' id='block_1_117' title="bbox 2064 5340 3624 5416">
    <p class='ocr_par' dir='ltr' id='par_1_117' title="bbox 2064 5340 3624 5416">
     <span class='ocr_line' id='line_1_117' title="bbox 2064 5340 3624 5416; baseline 0.001 -13"><span class='ocrx_word' id='word_1_903' title='bbox 2064 5351 2232 5411; x_wconf 68' lang='grc' dir='ltr'>ἐστὶν,</span> <span class='ocrx_word' id='word_1_904' title='bbox 2267 5347 2406 5402; x_wconf 89' lang='grc' dir='ltr'>ἀλλά</span> <span class='ocrx_word' id='word_1_905' title='bbox 2446 5347 2539 5400; x_wconf 75' lang='grc' dir='ltr'>καὶ</span> <span class='ocrx_word' id='word_1_906' title='bbox 2574 5345 2896 5416; x_wconf 84' lang='grc' dir='ltr'>βιαζομένου</span> <span class='ocrx_word' id='word_1_907' title='bbox 2943 5343 3080 5415; x_wconf 83' lang='grc' dir='ltr'>πρὸς</span> <span class='ocrx_word' id='word_1_908' title='bbox 3109 5344 3332 5415; x_wconf 75' lang='grc' dir='ltr'>ἀρετήν.</span> <span class='ocrx_word' id='word_1_909' title='bbox 3375 5342 3442 5395; x_wconf 88' lang='grc' dir='ltr'>Τί</span> <span class='ocrx_word' id='word_1_910' title='bbox 3489 5340 3624 5412; x_wconf 84' lang='grc' dir='ltr'>γάρ;</span> 
     </span>
    </p>
   </div>
   <div class='ocr_carea' id='block_1_118' title="bbox 2063 5422 3621 5503">
    <p class='ocr_par' dir='ltr' id='par_1_118' title="bbox 2063 5422 3621 5503">
     <span class='ocr_line' id='line_1_118' title="bbox 2063 5422 3621 5503; baseline -0.006 -17"><span class='ocrx_word' id='word_1_911' title='bbox 2063 5435 2326 5503; x_wconf 86' lang='grc' dir='ltr'>πράττεις</span> <span class='ocrx_word' id='word_1_912' title='bbox 2359 5431 2394 5486; x_wconf 78' lang='grc' dir='ltr'>ἃ</span> <span class='ocrx_word' id='word_1_913' title='bbox 2438 5431 2633 5495; x_wconf 85' lang='grc' dir='ltr'>θέλεις,</span> <span class='ocrx_word' id='word_1_914' title='bbox 2677 5428 2874 5502; x_wconf 86' lang='grc' dir='ltr'>φησίν·</span> <span class='ocrx_word' id='word_1_915' title='bbox 2921 5429 3022 5480; x_wconf 82' lang='grc' dir='ltr'>οὐκ</span> <span class='ocrx_word' id='word_1_916' title='bbox 3068 5422 3119 5480; x_wconf 86' lang='grc' dir='ltr'>εἷ</span> <span class='ocrx_word' id='word_1_917' title='bbox 3167 5424 3364 5479; x_wconf 86' lang='grc' dir='ltr'>ἐαυτοῦ</span> <span class='ocrx_word' id='word_1_918' title='bbox 3421 5423 3621 5494; x_wconf 79' lang='grc' dir='ltr'>κύριος.</span> 
     </span>
    </p>
   </div>
   <div class='ocr_carea' id='block_1_119' title="bbox 2061 5506 3626 5583">
    <p class='ocr_par' dir='ltr' id='par_1_119' title="bbox 2061 5506 3626 5583">
     <span class='ocr_line' id='line_1_119' title="bbox 2061 5506 3626 5583; baseline -0.008 -13"><span class='ocrx_word' id='word_1_919' title='bbox 2061 5517 2245 5570; x_wconf 89' lang='grc' dir='ltr'>Ταῦτα</span> <span class='ocrx_word' id='word_1_920' title='bbox 2283 5515 2341 5569; x_wconf 85' lang='grc' dir='ltr'>δέ</span> <span class='ocrx_word' id='word_1_921' title='bbox 2370 5515 2575 5583; x_wconf 74' lang='grc' dir='ltr'>ἔλεγεν,</span> <span class='ocrx_word' id='word_1_922' title='bbox 2618 5515 2738 5583; x_wconf 85' lang='grc' dir='ltr'>οὐχὶ</span> <span class='ocrx_word' id='word_1_923' title='bbox 2768 5513 2830 5566; x_wconf 91' lang='grc' dir='ltr'>τὸ</span> <span class='ocrx_word' id='word_1_924' title='bbox 2862 5509 3208 5575; x_wconf 81' lang='grc' dir='ltr'>αὐτεξούσιον</span> <span class='ocrx_word' id='word_1_925' title='bbox 3241 5507 3510 5578; x_wconf 82' lang='grc' dir='ltr'>ἀναιρῶν·</span> <span class='ocrx_word' id='word_1_926' title='bbox 3539 5506 3626 5559; x_wconf 80' lang='grc' dir='ltr'>καὶ</span> 
     </span>
    </p>
   </div>
   <div class='ocr_carea' id='block_1_120' title="bbox 2061 5589 3626 5672">
    <p class='ocr_par' dir='ltr' id='par_1_120' title="bbox 2061 5589 3626 5672">
     <span class='ocr_line' id='line_1_120' title="bbox 2061 5589 3626 5672; baseline -0.008 -18"><span class='ocrx_word' id='word_1_927' title='bbox 2061 5600 2172 5672; x_wconf 83' lang='grc' dir='ltr'>γὰρ</span> <span class='ocrx_word' id='word_1_928' title='bbox 2197 5597 2389 5664; x_wconf 73' lang='grc' dir='ltr'>εἰπὼν,</span> <span class='ocrx_word' id='word_1_929' title='bbox 2440 5597 2646 5652; x_wconf 85' lang='grc' dir='ltr'>Πάντα</span> <span class='ocrx_word' id='word_1_930' title='bbox 2684 5613 2788 5665; x_wconf 89' lang='grc' dir='ltr'>μοι</span> <span class='ocrx_word' id='word_1_931' title='bbox 2828 5594 3090 5660; x_wconf 75' lang='grc' dir='ltr'>ἔξεστιν,</span> <span class='ocrx_word' id='word_1_932' title='bbox 3141 5592 3281 5648; x_wconf 78' lang='grc' dir='ltr'>ἀλλ’</span> <span class='ocrx_word' id='word_1_933' title='bbox 3321 5593 3394 5646; x_wconf 81' lang='grc' dir='ltr'>οὐ</span> <span class='ocrx_word' id='word_1_934' title='bbox 3439 5589 3626 5644; x_wconf 69' lang='grc' dir='ltr'>πάντα</span> 
     </span>
    </p>
   </div>
   <div class='ocr_carea' id='block_1_121' title="bbox 2067 5677 3622 5758">
    <p class='ocr_par' dir='ltr' id='par_1_121' title="bbox 2067 5677 3622 5758">
     <span class='ocr_line' id='line_1_121' title="bbox 2067 5677 3622 5758; baseline -0.008 -15"><span class='ocrx_word' id='word_1_935' title='bbox 2067 5689 2376 5758; x_wconf 61' lang='grc' dir='ltr'>συμφέρει,</span> <span class='ocrx_word' id='word_1_936' title='bbox 2427 5687 2548 5756; x_wconf 72' lang='grc' dir='ltr'>οὐχὶ</span> <span class='ocrx_word' id='word_1_937' title='bbox 2593 5685 2692 5755; x_wconf 74' lang='grc' dir='ltr'>τὴν</span> <span class='ocrx_word' id='word_1_938' title='bbox 2731 5683 3042 5756; x_wconf 78' lang='grc' dir='ltr'>ἐλευθερίαν</span> <span class='ocrx_word' id='word_1_939' title='bbox 3085 5681 3242 5754; x_wconf 79' lang='grc' dir='ltr'>ἡμῶν</span> <span class='ocrx_word' id='word_1_940' title='bbox 3279 5681 3491 5734; x_wconf 73' lang='grc' dir='ltr'>ἀνεῖλεο</span> <span class='ocrx_word' id='word_1_941' title='bbox 3537 5677 3622 5732; x_wconf 70' lang='grc' dir='ltr'>καὶ</span> 
     </span>
    </p>
   </div>
  </div>
