3838 6214
152 318 233 374 ηδ
1136 304 1202 363 ΙΝ
1240 306 1458 365 EPIST.
1501 309 1522 364 l
1586 307 1677 365 AD

1804 306 1871 363 Β.
1913 306 2148 364 IICMIL.
2189 308 2377 366 XVIII.

148 431 220 488 hic
254 439 480 497 quoque.
510 424 623 495 Ego
648 430 792 480 enim
818 463 833 488 ,
883 427 1165 493 tnqulunt.
1214 436 1276 477 os
1318 421 1439 492 equi
1482 420 1706 478 habenis

148 520 389 593 regebam,
419 517 673 589 quamdiu
720 526 773 570 tu
803 516 1059 571 tenebas:
1100 514 1222 584 quia
1264 528 1393 569 vero
1426 512 1702 581 abiecisti,

144 618 223 673 abs
246 624 290 669 te
319 614 474 684 exigo
506 627 688 681 pteuas
716 617 1054 678 contemptus
1080 608 1175 673 tui,
1199 616 1253 662 et
1285 616 1457 662 tecum
1476 606 1703 676 compli-

144 725 223 765 Cur
248 716 295 762 et
319 705 553 768 attraho,
583 713 637 758 ut
668 720 736 757 nc
763 702 992 771 amplius
1041 701 1143 755 tale
1189 699 1461 769 quidpiam
1510 699 1699 769 patiar.

143 802 286 857 Nemo
314 799 488 867 itaque
520 797 759 851 habenas
799 795 1010 864 culpet,
1067 792 1163 849 sed
1213 792 1447 862 seipsutn
1486 800 1543 846 et
1583 805 1700 845 cor.

142 902 329 965 ruptum
359 889 619 943 animum.
644 887 776 941 Nam
809 887 861 941 in
889 886 1044 940 nobis
1071 885 1255 954 auriga
1299 892 1378 939 est
1413 882 1578 944 ratio,
1604 880 1700 936 ha-

141 987 272 1040 hem}
298 994 515 1049 corpus,
548 994 666 1049 qua:
696 993 863 1049 equos
889 993 1011 1031 cum
1052 976 1234 1045 auriga
1264 974 1612 1044 conjungunt.
1643 972 1699 1027 Si

138 1088 248 1145 ergo
273 1072 375 1126 illa:
404 1080 546 1126 recte
578 1071 764 1137 posittc
792 1070 899 1122 sint
923 1109 938 1133 ,
974 1067 1104 1121 nihil
1129 1080 1294 1136 grave
1325 1065 1575 1133 patieris;
1614 1064 1699 1118 sin

138 1166 241 1221 illas
266 1164 532 1227 dimittas,
567 1161 747 1215 omnia
791 1159 1073 1214 abolet-isti
1119 1167 1174 1212 et
1204 1156 1503 1226 perdidisti.
1534 1153 1698 1209 Tem-

139 1265 363 1326 perautes
403 1269 530 1323 ergo
556 1254 744 1315 simus,
788 1260 842 1306 et
874 1267 939 1305 ne
969 1264 1282 1304 accusemus
1318 1261 1515 1315 corpus
1538 1287 1554 1312 ,
1601 1244 1696 1300 sed

138 1350 309 1403 malum
341 1346 594 1400 animum.
627 1346 757 1400 Nam
798 1344 900 1398 hoc
927 1344 1165 1397 maxime
1191 1342 1384 1396 diaboli
1416 1355 1550 1407 Opus
1591 1347 1690 1404 est,

140 1456 186 1496 ut
209 1442 389 1495 stultos
434 1442 604 1510 magis
632 1448 850 1494 moveat
893 1438 959 1492 ad
998 1435 1353 1491 accusandum
1397 1450 1591 1503 corpus
1642 1441 1697 1488 et

3296 315 3401 375 146

1813 421 1980 478 Deum
2002 433 2055 477 et
2079 425 2401 494 proximum,
2425 440 2582 497 quam
2605 436 2910 497 corruptum
2934 428 3207 498 animum;
3230 442 3398 501 utne,

1812 516 1857 571 si
1885 531 2099 572 causam
2132 517 2456 584 invenerint,
2508 519 2800 575 liberentur
2828 536 2857 574 a
2900 521 3080 577 radice
3109 525 3395 579 malorum.

1812 611 1917 666 Sed
1944 627 2040 667 vos
2069 627 2191 667 cum
2224 614 2445 669 insidias
2473 616 2827 685 cognoscatis,
2860 616 2990 672 iram
3021 618 3210 673 vertite
3236 618 3291 673 in
3330 620 3397 674 il-

1810 704 1920 759 lum
1940 746 1955 769 ,
1997 714 2052 761 et
2081 707 2318 775 aurigam
2343 706 2472 777 jugo
2504 708 2837 776 imponentes
2861 750 2877 775 ,
2909 709 2975 763 ad
3006 709 3171 764 Deum
3202 711 3398 765 mentis

1809 800 2024 853 oculum
2057 801 2372 855 convertite.
2401 802 2531 856 Nam
2560 802 2613 856 in
2640 803 2756 858 aliis
2779 802 2991 873 quidem
3021 802 3066 857 is
3092 802 3223 858 nihil
3243 803 3399 861 affert

1809 891 1897 959 qui
1922 900 2193 947 certamen
2223 893 2519 963 proposuit,
2544 894 2636 947 sed
2660 904 2936 966 exspectat
2966 896 3161 950 linem:
3188 895 3276 951 hic
3303 911 3398 951 au-

1812 992 1915 1038 tem
1948 985 2168 1039 omnino
2197 986 2517 1056 agonotheta
2549 998 2633 1041 est
2666 988 2826 1043 Deus.
2858 989 3010 1044 Hunc
3055 1004 3184 1060 ergo
3216 991 3398 1061 prapi-

1810 1075 1940 1130 tium
1971 1076 2053 1129 ha'
2077 1092 2292 1142 eamus,
2329 1087 2381 1131 et
2408 1079 2627 1132 omnino
2654 1094 3045 1150 consequemur
3083 1081 3257 1135 futura
3300 1081 3398 1135 ho-

1809 1184 1896 1234 na,
1922 1171 2092 1239 gratia
2119 1180 2175 1225 et
2201 1171 2528 1242 benignitate
2564 1172 2770 1226 Domini
2818 1173 2989 1228 nostri
3016 1173 3141 1228 Jesu
3168 1172 3392 1242 Christi,

1807 1263 2018 1329 quicum
2052 1263 2193 1316 Patri
2225 1278 2434 1332 unaque
2458 1262 2677 1335 Spiritui
2710 1274 2895 1319 sancto
2936 1266 3108 1335 gloria
3129 1308 3144 1328 ,
3194 1266 3390 1330 honor,

1808 1353 2114 1422 imperimn,
2148 1370 2288 1409 nunc
2310 1365 2363 1409 et
2390 1371 2623 1426 semper,
2653 1367 2700 1410 et
2728 1356 2778 1410 in
2811 1357 3006 1411 sarcula
3044 1359 3387 1413 saeculorum.

1805 1451 1997 1505 Amen.

145 1572 3385 1596 Mm

1410 1638 1753 1698 HONIILIA
1802 1635 2038 1698 XVIII.

128 1797 240 1850 Car.
282 1794 334 1849 6.
382 1809 433 1847 ν.
482 1792 569 1848 15.
618 1791 838 1847 Nescitis
870 1790 1005 1859 quod
1031 1806 1245 1856 corpora
1285 1797 1447 1841 uestra
1473 1784 1693 1839 membra

186 1895 294 1941 sunt
322 1883 555 1939 Christi?
591 1885 769 1937 tollens
811 1900 926 1953 ergo
972 1880 1191 1936 membra
1235 1879 1457 1945 Christi,
1507 1878 1694 1946 facium

185 1976 399 2031 membra
426 1977 695 2030 meretricis
712 1975 738 2028 .9
764 1976 924 2028 Absit.

186 2069 235 2123 1.
273 2067 406 2122 Cum
436 2082 462 2120 a
493 2067 812 2120 fornicatore
841 2067 890 2119 iu
919 2080 1137 2119 avarum
1167 2061 1483 2127 transiisset,
1508 2076 1693 2116 rursus

120 2159 180 2212 ab
203 2157 297 2210 hoc
318 2158 463 2212 venit
487 2158 554 2210 ad
584 2146 755 2223 illum,
781 2170 885 2210 non
913 2156 1052 2209 ultra
1080 2155 1252 2223 ipsum
1278 2154 1576 2221 alloquens,
1599 2151 1694 2206 sed

120 2251 244 2306 alios
268 2252 354 2321 qui
406 2250 645 2304 fornicati
674 2266 780 2305 non
810 2248 1052 2313 fuerant;
1079 2257 1131 2302 et
1173 2248 1292 2302 illos
1322 2246 1568 2301 muniens
1592 2288 1607 2312 ,
1636 2256 1695 2300 ut

118 2358 179 2397 ne
216 2345 266 2396 in
308 2342 456 2412 paria
497 2340 770 2405 incidant,
803 2340 973 2408 ipsum
1002 2338 1178 2393 denuo
1206 2337 1530 2408 perstringit.
1562 2337 1691 2390 Nam

118 2435 197 2503 qui
225 2433 491 2502 peccavit,
521 2432 731 2487 etiamsi
757 2432 824 2486 ad
852 2432 1011 2485 alium
1039 2434 1334 2485 orationem
1361 2430 1590 2500 dirigas,
1618 2429 1695 2484 sic

114 2527 263 2579 etiam
295 2526 547 2594 pangitur
570 2567 584 2592 ,
613 2525 877 2579 concitata
909 2524 1233 2579 conscientia
1265 2523 1544 2591 ipsumque
1571 2536 1692 2575 vcr-

115 2617 344 2675 herante.
387 2619 695 2674 Sttfliciebat
734 2620 949 2689 quidem
990 2628 1163 2673 metus
1204 2617 1446 2689 supplicii
1478 2617 1544 2671 ad
1575 2617 1695 2672 illos

114 2712 159 2763 in
186 2714 428 2765 castitate
455 2711 809 2765 continendos
833 2728 846 2763 :
871 2711 991 2781 quia
1026 2725 1151 2765 vero
1181 2725 1284 2765 non
1314 2719 1457 2765 metu
1488 2719 1691 2764 tantum

112 2804 212 2855 vult
252 2802 369 2857 haec
410 2812 554 2858 recte
590 2804 875 2869 constitui,
917 2803 1089 2857 minas
1131 2802 1290 2856 simul
1323 2812 1377 2859 et
1417 2802 1693 2858 ratiocinia

110 2894 272 2950 ιτσειι.
302 2896 419 2950 Illic
447 2913 575 2966 ergo
603 2912 725 2953 cum
766 2905 1045 2967 peccatum
1085 2896 1347 2962 dixisset,
1385 2904 1439 2951 et
1481 2911 1691 2966 poenam

109 2992 377 3043 statuisset
406 2988 767 3059 damnumque
797 2989 1137 3056 ostendisset,
1169 2991 1307 3060 quod
1339 2991 1588 3045 omnibus
1616 2990 1695 3045 af-

109 3077 372 3133 fert-batur
393 3094 460 3134 ex
488 3080 576 3134 tali
609 3081 949 3136 fornicatoris
973 3081 1293 3147 concubitu;
1325 3082 1391 3136 ad
1417 3083 1690 3136 avaritiam

107 3171 309 3224 transiit
332 3212 347 3234 ,
378 3182 436 3226 et
462 3172 696 3226 minatus
720 3172 834 3227 fore
864 3181 970 3227 uta
1005 3188 1172 3243 regno
1197 3172 1491 3239 excidant,
1522 3184 1575 3228 et
1606 3172 1693 3229 hic

104 3271 153 3314 et
172 3263 355 3318 caueri
381 3278 592 3331 omnes,
614 3279 751 3335 quos
773 3265 1062 3332 recensuit,
1086 3266 1165 3320 sic
1190 3267 1485 3320 orationem
1512 3265 1693 3320 absol-

105 3356 173 3409 vit
202 3374 214 3410 :
241 3357 329 3412 hic
365 3367 547 3414 autem
590 3360 978 3415 horribiliorem
1020 3360 1219 3414 inducit
1252 3359 1690 3415 admonitionem.

102 3446 226 3502 Nam
255 3450 346 3519 qui
379 3461 650 3520 peccatum
685 3453 834 3521 punit
859 3461 1061 3506 tantum
1081 3494 1094 3515 ,
1130 3467 1230 3507 nec
1258 3451 1542 3506 admodum
1570 3466 1692 3523 gra-

104 3555 161 3594 ve
195 3552 245 3596 et
288 3544 533 3613 iniquum
560 3544 834 3609 ostendit,
866 3545 997 3599 nihil
1030 3553 1133 3599 tant
1167 3560 1413 3615 maguum
1444 3560 1535 3614 per
1564 3559 1692 3614 sup-

101 3633 310 3701 plicium
341 3633 476 3689 facit
504 3649 519 3688 :
549 3637 638 3706 qui
672 3650 801 3691 vero
830 3634 898 3690 ad
929 3636 1185 3706 pudorem
1218 3636 1418 3690 inducit
1450 3646 1648 3689 tantqu
1675 3678 1690 3701 ,

101 3741 270 3797 neque
311 3744 414 3799 per
444 3729 771 3798 punitionem
806 3738 1008 3795 terret,
1039 3744 1146 3783 non
1187 3728 1473 3783 admodum
1512 3729 1695 3799 pungit

99 3834 208 3884 eos,
238 3823 328 3890 qui
362 3836 469 3875 non
496 3831 619 3875 sunt
645 3836 806 3877 sensu
840 3822 1065 3891 prmditi.
1096 3822 1455 3887 Quamobrem
1484 3830 1691 3875 utrum-

98 3928 196 3982 que
219 3913 346 3969 facit
365 3915 585 3980 Paulus,
601 3926 655 3971 et
677 3917 932 3985 pudorem
952 3916 1107 3970 infert
1124 3914 1560 3981 dicens,Nescitis
1577 3916 1694 3985 quia

96 4009 299 4079 angelos
316 4010 672 4081 judicabimus
689 4012 715 4065 ?
733 4022 787 4066 et
814 4019 978 4065 terret
1002 4010 1085 4065 Itis
1108 4011 1303 4076 verbis,
1330 4008 1549 4063 Nescitis
1576 4009 1695 4076 quia

97 4102 232 4155 avari
270 4119 491 4173 regnum
530 4102 626 4157 Dei
661 4120 761 4157 non
790 4101 1155 4174 possidebunt?
1182 4102 1244 4155 Et
1274 4102 1341 4155 de
1375 4102 1695 4155 fornicatore

98 4192 285 4248 iterum
326 4195 525 4250 eodem
561 4196 724 4249 utitur
752 4208 1002 4249 sermone
1036 4211 1049 4247 :
1080 4208 1200 4248 cum
1231 4194 1374 4247 enim
1417 4194 1696 4247 terruisset

98 4303 186 4355 per
215 4303 277 4342 ea
321 4304 448 4358 qua:
490 4288 636 4358 prius
673 4286 921 4354 dixerat,
954 4296 1009 4342 et
1048 4302 1168 4341 eum
1212 4285 1500 4341 excidisset
1534 4295 1696 4355 atque

96 4380 303 4435 Saluum
340 4381 654 4436 tradidisset
685 4380 954 4452 futurique
978 4381 1081 4435 diei
1113 4377 1478 4439 meminisset.
1513 4392 1697 4433 rursus

96 4472 160 4525 illi
190 4474 461 4543 pudorem
493 4476 685 4538 infert,
715 4474 900 4529 dicens
924 4492 936 4527 :
968 4472 1189 4528 Nescitis
1213 4472 1348 4543 quod
1371 4487 1584 4541 corpora
1610 4486 1696 4525 ve-

94 4575 196 4617 slra
236 4566 471 4619 membra
495 4575 612 4619 sunt
648 4565 875 4621 Christi?
908 4576 1174 4635 tamquam
1216 4567 1472 4635 ingenuos
1503 4579 1697 4634 pueros

93 4656 352 4729 deinceps
379 4659 678 4729 alloquens.
714 4659 845 4724 Quia
873 4658 1013 4713 enim
1044 4656 1199 4717 dixit.
1233 4657 1428 4723 Corpus
1455 4655 1694 4721 Domino,

94 4765 233 4803 nunc
278 4750 489 4805 clarius
536 4750 773 4807 ostendit
816 4751 1010 4821 ipsum.
1058 4750 1123 4803 Et
1169 4749 1292 4803 alibi
1339 4764 1553 4819 quoque
1596 4748 1699 4803 hoc

93 4844 267 4911 ipsum
303 4845 461 4911 facit,
486 4845 710 4900 dicens:
748 4843 846 4898 Vos
874 4845 991 4899 estis
1019 4860 1203 4913 corpus
1232 4841 1437 4908 Christi,
1470 4852 1515 4895 et
1545 4858 1698 4895 mem~

92 4938 179 4991 bru
203 4956 270 4994 ea:
297 4949 455 5010 parte
478 4939 552 5011 (I.
577 4939 697 4995 Cor.
723 4938 811 4993 12.
832 4939 946 5010 27).
972 4938 1040 4992 Ει
1070 4938 1170 4991 Ιιοε
1198 4938 1372 5007 ipsum
1392 4936 1696 5004 exetnplum

91 5047 235 5102 smpe
265 5033 468 5104 ponit,
502 5048 608 5087 non
640 5048 738 5103 pro
765 5032 924 5087 rebus
960 5030 1146 5085 iisdem
1173 5071 1188 5097 ,
1215 5029 1308 5085 sed
1335 5029 1619 5100 aliquando
1646 5036 1701 5083 ut

92 5126 449 5183 dilectionem
483 5127 761 5194 ostendat,
790 5126 1073 5196 aliquando
1103 5135 1159 5178 ut
1189 5125 1432 5178 timorem
1463 5132 1652 5193 augeat
1680 5138 1695 5187 ;

92 5219 175 5272 hic
200 5231 396 5275 autem
428 5220 599 5289 ipsum
630 5220 803 5289 posuit
826 5228 1033 5273 terrens
1052 5228 1105 5272 et
1128 5217 1374 5272 timorem
1401 5215 1695 5270 incutiens:

94 5309 301 5365 Totiens
324 5328 453 5382 ergo
474 5310 695 5366 membra
715 5310 923 5375 Christi,
943 5310 1131 5382 faciant
1152 5310 1371 5362 membra
1393 5305 1702 5361 meretricis?

95 5406 253 5459 Absit.
302 5405 455 5459 Nihil
488 5404 590 5460 hoc
628 5404 770 5459 dicto
810 5414 892 5459 est
933 5403 1260 5459 horribilius.
1292 5401 1362 5456 Et
1389 5418 1494 5456 non
1524 5401 1695 5466 dixit,

92 5498 315 5555 Tollens
349 5515 486 5568 ergo
520 5500 756 5554 membra
783 5498 1003 5562 Chrimi,
1037 5496 1353 5567 conjungam
1386 5494 1725 5551 meretricii.

90 5591 184 5645 sed
211 5590 348 5663 quid
365 5593 394 5646 ?
430 5590 641 5645 Faciam
667 5593 888 5645 membra
913 5591 1221 5645 meretricis?
1243 5590 1384 5660 quod
1413 5599 1561 5645 certe
1587 5604 1698 5644 ma-

91 5684 171 5751 gis
204 5682 512 5753 pungebat.
545 5683 749 5738 Deinde
775 5683 965 5753 prohat
991 5680 1260 5753 quomodo
1287 5678 1330 5735 is
1353 5681 1441 5751 qui
1470 5678 1698 5735 fornica-

92 5782 177 5830 tur
203 5775 263 5832 id
295 5776 442 5843 list,
474 5773 659 5832 dicens
687 5792 701 5832 :
730 5775 818 5833 16.
849 5774 927 5830 An
962 5772 1164 5829 nescitis
1189 5770 1325 5844 quod
1351 5771 1439 5844 qui
1473 5769 1700 5827 adha'ret

1807 1782 2087 1845 meretrici,
2128 1798 2288 1836 unum
2328 1800 2513 1856 corpus
2551 1788 2803 1857 efﬁcitur?
2828 1792 3101 1851 Undenam
3133 1796 3232 1853 hoc
3262 1816 3388 1870 per-

1803 1875 2085 1943 spicuum?
2118 1876 2282 1931 Erunt
2311 1880 2442 1933 enim
2467 1921 2482 1946 ,
2503 1877 2706 1952 inquit,
2731 1885 2832 1939 duo
2866 1887 2916 1941 in
2954 1906 3106 1944 carne
3144 1911 3261 1947 una.
3301 1898 3384 1951 17.

1807 1962 1904 2032 Qui
1932 1978 2098 2021 autem
2135 1969 2360 2024 adhaeret
2398 1968 2615 2027 Domino
2639 2014 2652 2037 ,
2686 1987 2756 2030 est
2794 1994 2924 2033 unus
2951 1982 3179 2050 spiritus.
3208 1985 3390 2058 Neque

1802 2056 1946 2111 enim
1971 2059 2231 2127 permittit
2251 2062 2564 2118 concubitus
2589 2075 2644 2118 ut
2670 2066 2775 2121 duo
2802 2070 2908 2124 sint
2933 2072 3059 2138 duo,
3084 2077 3176 2130 sed
3204 2056 3391 2136 ambos

1803 2163 1965 2202 unum
1992 2150 2131 2206 facit.
2163 2150 2231 2206 Et
2255 2153 2374 2209 vide
2402 2171 2611 2211 rursum
2639 2161 2908 2229 quomodo
2930 2179 3025 2233 per
3051 2167 3189 2223 nuda
3218 2174 3391 2226 nomi-

1802 2254 1867 2293 na
1908 2243 2162 2310 procedat
2183 2288 2197 2309 ,
2224 2261 2320 2316 per
2349 2251 2684 2305 meretricem
2716 2263 2769 2307 et
2798 2270 2893 2324 per
2921 2257 3190 2314 Christum
3217 2262 3389 2319 dedu-

1800 2347 1929 2388 cens
1977 2339 2387 2393 accusatiouetn.
2445 2342 2531 2397 18.
2586 2342 2770 2416 Fugite
2817 2350 3219 2417 fornicationem.
3272 2355 3388 2412 Non

1800 2423 1962 2491 dixit,
1998 2427 2274 2486 Ahslinete
2306 2447 2333 2485 a
2365 2433 2741 2501 fornicatione;
2773 2439 2865 2493 sed
2886 2480 2901 2503 ,
2937 2441 3157 2512 Fugite;
3190 2445 3238 2499 id
3269 2457 3349 2501 est
3371 2490 3387 2514 ,
3470 2476 3473 2479 -

1799 2515 1932 2570 Cum
1961 2519 2138 2574 studio
2168 2520 2324 2577 facile
2352 2532 2408 2577 ut
2435 2539 2463 2577 a
2496 2527 2638 2579 malo
2669 2528 2984 2584 Iibcrcmiui.
3023 2533 3185 2588 Omne
3213 2554 3390 2604 pecca-

1801 2616 1905 2661 tum
1948 2611 2294 2682 quodcumque
2336 2618 2505 2685 fecerit
2551 2618 2698 2672 homo
2719 2662 2734 2687 ,
2767 2630 2911 2675 extra
2948 2639 3133 2694 corpus
3161 2638 3232 2681 est
3263 2629 3392 2698 :qui

1799 2708 1963 2754 autem
1996 2704 2281 2772 fornicatur
2301 2747 2313 2770 ,
2347 2706 2399 2759 in
2428 2724 2610 2777 corpus
2638 2727 2786 2765 suum
2814 2725 3004 2783 peccat.
3038 2715 3151 2771 Hoc
3176 2728 3256 2773 est
3287 2722 3388 2774 mi-

1800 2808 1901 2849 nus
1928 2796 2133 2879 priore;
2158 2797 2253 2854 sed
2275 2798 2397 2869 quia
2420 2802 2487 2856 ab
2508 2818 2572 2856 eo
2593 2804 2848 2873 agebatur
2868 2806 2933 2861 de
2956 2807 3387 2879 fornicatorihus,

1798 2888 2033 2958 undique
2060 2866 2186 2945 iilud
2218 2893 2425 2947 extollit
2447 2935 2462 2957 ,
2492 2906 2545 2949 et
2575 2912 2603 2949 a
2636 2896 2925 2966 majoribus
2951 2910 3003 2955 et
3032 2917 3062 2956 a
3094 2866 3391 2961 minoribus

1798 2979 2000 3035 crimen
2024 2983 2374 3053 amplificatis.
2405 2987 2537 3041 Illud
2559 2989 2771 3058 quidem
2797 2992 2942 3061 prius
2964 2995 3390 3066 religios'ioribus

1798 3075 2001 3131 dictum
2031 3086 2154 3143 est,
2189 3078 2290 3133 hoc
2329 3091 2506 3136 autem
2553 3084 3003 3141 imbecillioribus.
3040 3088 3168 3142 Nam
3200 3066 3255 3143 et
3290 3090 3390 3146 hoc

1798 3183 2009 3238 quoque
2048 3168 2196 3224 Pauli
2236 3172 2511 3240 sapientia:
2539 3184 2661 3241 est,
2702 3192 2805 3229 non
2848 3178 3008 3233 modo
3037 3195 3066 3233 a
3098 3182 3389 3249 majoribus

1800 3260 2054 3329 pudorem
2085 3262 2345 3330 incutere,
2376 3264 2471 3318 sed
2498 3267 2656 3320 etiam
2685 3284 2713 3321 a
2746 3269 3060 3337 minoribus,
3090 3282 3142 3324 et
3168 3286 3198 3325 a
3233 3273 3388 3342 turpi-

1800 3353 1983 3408 tudine
2021 3366 2181 3426 atquc
2227 3357 2295 3411 ab
2338 3357 2611 3415 indecoro.
2654 3361 2788 3426 Quid
2834 3376 2994 3431 ergo,
3038 3364 3276 3433 inquies,
3318 3380 3385 3419 an

1800 3444 2062 3500 homicida
2104 3463 2319 3502 manum
2360 3464 2463 3503 non
2506 3450 2733 3519 polluit?
2772 3453 2895 3521 quid
2940 3468 3065 3508 vero
3102 3468 3294 3509 avarus
3333 3464 3387 3510 et

1798 3539 2003 3607 rapax?
2028 3538 2080 3593 Id
2109 3541 2302 3610 cuique
2333 3543 2504 3611 palam
2537 3550 2621 3597 est
2648 3561 2661 3597 :
2691 3544 2784 3599 sed
2812 3544 2934 3615 quia
2964 3544 3068 3600 dici
3104 3562 3208 3600 non
3240 3556 3386 3616 pote-

1797 3640 1881 3686 rat
1906 3630 2035 3685 nihil
2063 3648 2182 3689 esse
2209 3634 2357 3703 pejus
2385 3635 2726 3699 fornicatore,
2749 3638 2855 3691 alio
2879 3639 3037 3693 modo
3062 3638 3160 3693 hoc
3182 3640 3386 3695 crimen

1798 3726 1950 3780 auxit
1972 3727 2173 3792 dicens,
2202 3727 2252 3781 iu
2287 3727 2636 3783 fornicatione
2663 3738 2829 3783 totum
2861 3745 3055 3801 corpus
3084 3730 3198 3785 fieri
3226 3748 3385 3786 exse-

1798 3817 2077 3871 crandum.
2100 3818 2389 3889 Tamquam
2413 3820 2555 3875 enim
2580 3819 2819 3875 incidens
2842 3821 2891 3875 iu
2917 3822 3145 3877 lehetcm
3168 3823 3388 3877 immun-

1798 3910 1963 3976 ditire,
1986 3910 2387 3981 inquinamento
2409 3914 2649 3969 tinctum.
2677 3914 2753 3970 sic
2775 3916 3047 3985 polluitur.
3076 3918 3185 3972 Iloc
3206 3926 3383 3973 autem

1801 4004 1955 4059 nobis
1985 4005 2144 4060 etiam
2188 4005 2238 4058 in
2272 4022 2420 4060 more
2449 4016 2551 4062 est.
2582 4005 2715 4062 Nam
2746 4008 2811 4062 ab
2837 4009 3057 4062 avaritia
3089 4010 3301 4079 quidem
3333 4019 3388 4065 et

1800 4097 1982 4166 rapina
2014 4112 2171 4152 nemo
2202 4108 2440 4153 nostrum
2473 4100 2738 4154 curaverit
2778 4100 2828 4153 in
2862 4100 3109 4156 balneum
3143 4103 3219 4156 ire
3243 4144 3257 4168 ,
3291 4102 3384 4157 sed

1801 4191 1916 4244 sine
1942 4191 2046 4243 ullo
2072 4190 2378 4245 discrimine
2404 4191 2617 4245 domum
2647 4192 2783 4247 tedit
2809 4211 2819 4245 :
2844 4208 2873 4247 a
2899 4193 3041 4249 coitu
3065 4203 3242 4250 autem
3266 4211 3387 4250 cum

1802 4282 2103 4345 meretrice,
2128 4298 2190 4335 ac
2216 4285 2257 4336 si
2289 4292 2428 4337 totus
2459 4285 2762 4338 inunundus
2789 4285 2855 4339 sit
2882 4285 3124 4351 efl't-ctus,
3153 4286 3218 4342 ad
3247 4288 3389 4341 lava-

1800 4388 1949 4428 crum
1980 4376 2124 4455 venit
2154 4396 2166 4429 :
2197 4377 2264 4427 ita
2296 4377 2587 4444 turpiorem
2617 4377 2898 4446 quamdam
2930 4379 3289 4448 suspicionem
3322 4397 3390 4435 cx

1803 4472 1902 4525 hoc
1930 4479 2146 4540 peccato
2178 4470 2337 4524 habet
2360 4471 2703 4525 Conscientia.
2735 4470 3031 4541 Utrumque
3057 4482 3202 4527 certe
3226 4488 3390 4543 grave

1801 4575 1881 4619 est
1906 4605 1920 4629 ,
1957 4561 2179 4617 avaritia
2221 4578 2411 4631 nempe
2455 4575 2505 4616 et
2552 4561 2868 4625 ίύιοιιίειιιίο,
2904 4574 2959 4617 ει
3000 4563 3049 4615 in
3090 4566 3388 4631 gehennam

1803 4658 1970 4727 injicit
1994 4675 2006 4709 :
2032 4673 2215 4713 verum
2244 4656 2364 4726 quia
2400 4656 2591 4709 Paulus
2616 4656 2793 4710 omnia
2821 4656 3151 4709 (Bconomicc
3177 4664 3232 4710 ct
3257 4671 3387 4724 pru-

1800 4754 1991 4806 denter
2017 4750 2388 4814 administrat,
2421 4764 2540 4818 quu:
2567 4748 2921 4818 suppetebant
2946 4748 3119 4801 omnia
3147 4747 3389 4803 adltihuit

1802 4844 1866 4897 ad
1900 4842 2264 4897 fornicationis
2294 4842 2495 4895 crimen
2535 4841 2853 4910 augendum.
2907 4839 2994 4895 19.
3039 4838 3118 4892 An
3148 4842 3347 4895 nescitis
3371 4884 3388 4908 ,

1801 4940 1936 5007 quod
1963 4954 2145 5007 corpus
2177 4947 2392 4989 vestrum
2434 4934 2676 5004 templum
2715 4943 2788 4987 est
2816 4935 2925 5004 ejus
2960 4935 3046 5006 qui
3077 4934 3127 4989 in
3155 4935 3292 4990 vobis
3320 4947 3393 4993 est

1803 5032 2028 5100 Spiritus
2052 5030 2255 5085 sancti?

1846 5112 1928 5179 72.
1972 5124 2084 5179 Non
2114 5122 2429 5192 simpliciter
2457 5120 2627 5187 dixit,
2661 5119 2919 5191 Spiritus;
2949 5119 3065 5185 sed,
3100 5120 3200 5188 Qui
3223 5120 3275 5174 in
3306 5137 3394 5174 uo-

1803 5216 1877 5271 bis
1898 5226 1987 5281 est,
2012 5215 2151 5286 quod
2173 5214 2502 5270 consolantis
2523 5221 2637 5269 erat
2661 5228 2676 5269 :
2700 5223 2754 5267 et
2773 5227 2960 5267 rursus
2980 5213 3252 5282 explicans
3274 5211 3350 5266 ait
3374 5232 3389 5268 :

1806 5310 1966 5375 Quem
1998 5309 2188 5363 habetis
2218 5326 2248 5360 a
2274 5306 2404 5362 Deo.
2449 5307 2583 5362 Eum
2611 5308 2699 5379 qui
2730 5306 2874 5361 dedit
2908 5308 3084 5376 posuit
3109 5348 3123 5371 ,
3151 5305 3307 5359 simul
3337 5314 3392 5362 et

1803 5402 2082 5457 Sublimem
2113 5400 2344 5456 reddens
2369 5401 2688 5467 auditorem,
2710 5408 2765 5454 et
2790 5412 2996 5454 terrens
3026 5396 3391 5469 magnitudine

1803 5496 2069 5565 depositi.
2101 5505 2158 5551 et
2194 5495 2462 5550 desiderio
2492 5494 2775 5563 studioque
2810 5492 3149 5562 deponentis.
3189 5490 3249 5545 Et
3288 5507 3392 5545 non

1804 5591 1922 5643 estis
1959 5589 2127 5642 vestri.
2178 5588 2289 5643 IIoc
2320 5603 2432 5659 non
2474 5586 2729 5657 pudorem
2772 5585 3049 5641 inferentis
3087 5583 3245 5638 modo
3272 5593 3392 5648 est,

1804 5679 1899 5734 sed
1927 5680 2086 5734 etiam
2114 5679 2355 5750 cogentis
2380 5678 2446 5733 ad
2474 5678 2745 5733 virtutem.
2773 5676 2909 5746 Quid
2939 5675 3115 5731 enim?
3144 5674 3285 5744 quod
3314 5675 3393 5730 vis

1805 5769 1934 5827 facis
1958 5812 1975 5842 ,
2006 5771 2085 5829 ais
2112 5789 2125 5827 :
2154 5787 2260 5830 non
2291 5785 2350 5829 es
2381 5770 2454 5826 tui
2483 5768 2753 5827 dominus.
2788 5768 2914 5823 Ilaec
2937 5774 3113 5821 autem
3140 5764 3350 5819 dicebat
3372 5803 3393 5836 ,
