3856 6340
371 375 473 431 ιη

373 509 484 553 non
528 492 756 550 liberum
794 488 1071 547 arbitrium
1111 487 1337 551 tollens;
1377 501 1502 542 nam
1545 498 1665 540 cum
1692 482 1951 548 dixisset,

376 585 566 641 omnia
591 582 716 637 mihi
744 582 895 637 licent
918 621 933 645 ,
960 579 1051 635 sed
1078 595 1181 633 non
1214 576 1384 632 omnia
1410 574 1683 647 expediunt
1707 613 1721 636 ,
1755 586 1858 625 non
1889 571 1958 625 li-

377 679 638 733 bertatem
680 683 918 731 nostram
960 671 1178 727 abstulit
1210 687 1223 724 :
1250 678 1305 725 et
1334 667 1420 723 hic
1461 682 1648 724 rursus
1677 664 1918 720 scribens
1941 702 1959 723 .

380 769 503 825 Non
525 771 641 825 estis
661 768 830 831 uestri,
860 780 965 822 non
992 765 1318 836 propositum
1338 762 1630 818 voluntatis
1655 757 1958 824 labefactat,

379 861 473 918 sed
494 868 541 915 'a
587 860 818 930 nequitia
856 857 1108 923 abducit,
1139 864 1193 910 et
1231 854 1439 909 Domini
1470 868 1652 907 curam
1684 849 1959 904 ostendit:

383 952 505 1007 ideo
529 950 817 1020 subjungit,
844 948 935 1004 20.
978 946 1149 1017 Empti
1183 945 1315 999 enim
1341 944 1459 999 estis
1490 943 1668 1013 pretio.
1699 940 1753 996 Si
1784 950 1961 993 autem

381 1058 489 1100 non
522 1057 640 1097 sum
682 1056 832 1096 meus
853 1082 868 1106 ,
900 1038 1168 1110 quomodo
1203 1037 1372 1107 exigis
1408 1050 1437 1089 a
1478 1050 1563 1090 me
1601 1049 1662 1088 ea
1696 1048 1812 1101 qua!
1841 1038 1966 1085 sunt

381 1135 626 1207 agenda?
653 1133 922 1203 quomodo
950 1132 1000 1187 in
1032 1129 1374 1201 sequentibus
1404 1143 1612 1183 rursum
1640 1126 1775 1181 dicis
1795 1168 1809 1190 ,
1844 1123 1967 1179 Glo-

380 1226 577 1295 riﬁcate
602 1223 765 1279 Deum
790 1224 841 1278 in
866 1240 1076 1294 corpore
1100 1230 1260 1277 vestro
1286 1229 1332 1275 et
1359 1220 1411 1274 in
1436 1220 1617 1289 spiritu
1642 1226 1803 1271 vestro
1819 1258 1833 1282 ,
1857 1230 1969 1285 qua:

385 1317 483 1372 Dei
509 1327 675 1397 sunt.

455 1409 775 1465 Facultatent
809 1424 910 1463 non
943 1406 1184 1478 peccandi
1212 1405 1357 1459 habet
1384 1404 1553 1457 homo.
1580 1431 1653 1443 ——
1675 1400 1812 1467 Quid
1840 1415 1968 1470 ergo

386 1502 490 1559 sibi
522 1505 636 1558 vult
664 1502 816 1567 illud,
849 1499 967 1554 Non
995 1500 1111 1554 estis
1137 1497 1326 1551 vestri?
1354 1504 1408 1551 et
1435 1494 1560 1567 quid
1594 1510 1689 1565 per
1718 1493 1821 1547 hoc
1856 1492 1966 1547 vult

385 1596 651 1671 probare?
680 1596 736 1651 lu
766 1594 1049 1649 securitate
1075 1592 1433 1652 constituere,
1467 1596 1525 1643 ut
1554 1604 1620 1642 ne
1652 1601 1967 1657 peccemus,

386 1704 487 1745 nec
511 1688 671 1743 animi
708 1683 1168 1756 coucupiscentias
1212 1681 1473 1737 absurdas
1501 1695 1806 1750 sequamur.
1840 1678 1971 1732 Nam

386 1781 548 1837 multa
576 1779 819 1835 volumus
863 1777 1094 1833 absurda
1124 1784 1179 1829 et
1214 1775 1391 1845 gravia
1417 1815 1432 1838 ,
1462 1772 1555 1827 sed
1584 1788 1645 1826 ea
1681 1772 1972 1840 reprimere

384 1881 631 1945 oportet;
679 1887 799 1927 nam
830 1870 885 1927 id
912 1883 1196 1940 possumus
1226 1886 1239 1919 :
1267 1866 1311 1920 si
1342 1866 1483 1922 enim
1514 1880 1619 1919 non
1653 1876 1930 1934 possemus
1953 1902 1969 1927 ,

387 1966 653 2038 superﬂua
680 1974 825 2022 esset
849 1962 1162 2018 admonitio.
1191 1959 1325 2015 Vide
1349 1973 1478 2029 ergo
1499 1955 1768 2026 quomodo
1795 1955 1975 2009 tinua-

390 2060 545 2113 verit.
568 2056 701 2113 Cum
721 2054 943 2109 dixisset
963 2052 1131 2117 enim,
1153 2050 1275 2104 Non
1296 2051 1412 2104 estis
1436 2050 1604 2112 vestri,
1627 2062 1734 2102 non
1756 2045 1971 2115 adjecit,

389 2149 496 2206 Sed
526 2147 625 2203 sub
650 2145 967 2202 necessitate
992 2145 1140 2211 estis,
1169 2141 1285 2207 sed,
1313 2141 1488 2196 Pretio
1514 2139 1667 2209 empti
1702 2138 1839 2193 estis.
1866 2135 1977 2191 Cur

393 2243 495 2298 hoc
524 2240 694 2296 dicis?
736 2255 856 2296 nam
887 2237 1139 2304 aliunde,
1180 2235 1374 2292 dixerit
1413 2234 1641 2293 fortasse
1678 2231 1972 2302 quispiam,

391 2331 674 2403 oportebat
704 2330 925 2395 hortari,
955 2326 1286 2384 ostendendo
1312 2342 1407 2381 nos
1439 2324 1639 2379 habere
1670 2322 1973 2377 Dominum.

392 2421 500 2480 Sed
545 2421 647 2477 hoc
688 2420 903 2491 quidem
942 2435 1063 2476 cum
1107 2418 1306 2475 Graecis
1343 2416 1499 2475 nobis
1535 2425 1618 2471 est
1656 2428 1974 2479 commune;

394 2515 525 2572 illud
546 2529 697 2581 vero,
720 2512 892 2569 Pretio
916 2513 1070 2584 empti
1088 2512 1227 2577 estis,
1253 2510 1406 2566 nobis
1426 2520 1509 2565 est
1542 2508 1890 2579 prsccipuum.
1920 2504 1978 2559 lu

396 2611 710 2668 memoriam
734 2610 876 2665 enim
903 2616 1119 2664 revocat
1160 2606 1403 2663 beneﬁcii
1433 2603 1852 2675 magnitudinem
1878 2642 1893 2667 ,
1926 2608 1980 2655 et

395 2702 585 2759 salutis
606 2700 842 2765 modum,
860 2697 1150 2755 OSIendens
1172 2712 1270 2752 nos
1289 2713 1408 2753 cum
1431 2696 1645 2752 alienati
1669 2695 1977 2758 fuissemus,

396 2804 607 2864 eruptos
637 2793 829 2857 fuisse;
858 2800 912 2848 et
939 2806 1044 2846 non
1071 2790 1402 2861 simpliciter,
1428 2789 1522 2843 sed
1552 2788 1739 2859 pretio.
1773 2784 1982 2854 Cleri/i-

397 2894 508 2939 cate
530 2900 666 2955 ergo,
698 2891 891 2954 portate
913 2880 1079 2936 Deum
1104 2882 1155 2935 in
1184 2897 1395 2951 corpore
1420 2890 1580 2935 vestro
1606 2888 1651 2934 et
1674 2879 1729 2933 in
1774 2878 1979 2947 spiritu.

400 2976 513 3032 lloc
539 2991 697 3046 porro
720 2974 880 3040 dicit,
908 2983 965 3028 ut
995 2988 1098 3028 non
1129 2987 1355 3043 corpore
1381 2972 1555 3026 solum
1587 2970 1847 3040 fugiamus
1874 2967 1983 3022 for-

398 3067 754 3131 uicationem;
787 3064 880 3121 sed
919 3066 1077 3121 etiam
1124 3065 1175 3120 in
1221 3064 1409 3135 Spiritu
1457 3066 1650 3119 anima:
1691 3062 1818 3117 nihil
1858 3061 1982 3116 mali

397 3162 714 3232 cogitemus,
738 3174 836 3214 nec
858 3159 1079 3229 gratiam
1101 3158 1395 3230 abigamus.
1424 3158 1550 3225 Quae
1568 3166 1686 3211 sunt
1708 3154 1821 3208 Dei.
1848 3152 1983 3220 Quia

399 3255 542 3312 enim
569 3253 724 3318 dixit,
761 3251 956 3319 Vestro,
987 3251 1108 3306 ideo
1137 3252 1348 3321 adjicit,
1381 3251 1506 3317 Qua:
1535 3259 1651 3305 sunt
1680 3249 1809 3311 Dei;
1841 3262 1984 3316 saepe

402 3348 554 3404 nobis
595 3349 647 3401 in
686 3345 1000 3401 memoriam
1042 3358 1332 3409 revocans,
1364 3344 1539 3397 omina
1582 3341 1791 3396 Domini
1822 3354 1942 3394 esse
1966 3381 1982 3406 ,

402 3456 598 3511 corpus
621 3481 637 3505 ,
668 3440 901 3492 animam
932 3448 987 3491 et
1015 3438 1282 3507 spiritum.
1329 3436 1615 3490 Enimvero
1644 3434 1857 3504 quidam
1899 3432 1983 3487 di-

403 3542 565 3599 cunt,
617 3531 747 3586 illttd
799 3529 867 3584 In
921 3532 1136 3599 spiritu,
1186 3529 1291 3585 diei
1340 3529 1489 3598 quasi
1541 3528 1592 3582 in
1640 3526 1983 3582 charismate.

404 3625 538 3681 Nam
567 3624 611 3679 si
656 3623 782 3678 illud
819 3624 871 3678 in
908 3622 1061 3678 nobis
1099 3622 1297 3688 fuerit,
1326 3621 1466 3677 Deus
1492 3621 1856 3693 gloriﬁcatur;
1887 3620 1988 3675 erit

406 3728 604 3780 autem,
629 3715 673 3770 si
700 3731 791 3769 cor
812 3714 1065 3769 mundum
1094 3714 1406 3770 habeamus.
1435 3714 1527 3769 Dei
1554 3724 1728 3768 autem
1760 3714 1843 3767 illa
1870 3727 1989 3768 esse

405 3808 558 3872 dixit,
584 3824 689 3861 non
720 3808 877 3862 modo
900 3806 1021 3878 quia
1050 3807 1136 3861 illa
1163 3806 1433 3877 produxit,
1457 3807 1551 3863 sed
1579 3806 1697 3878 quia
1724 3806 1992 3861 abaliena-

410 3912 461 3955 ta
501 3901 735 3957 secundo
782 3916 966 3955 rursus
1007 3900 1325 3970 acquisivit,
1359 3903 1585 3969 pretium
1631 3915 1833 3969 ponens
1862 3914 1988 3952 sau-

408 3993 620 4065 guinem
645 3992 783 4049 Filii.
806 3984 935 4047 Vide
956 3993 1223 4062 quomodo
1244 3993 1293 4047 iu
1315 3991 1528 4047 Christo
1551 4002 1715 4047 totum
1740 3990 1985 4060 perfecit:

409 4084 676 4155 quomodo
704 4100 800 4139 nos
832 4086 882 4139 in
912 4085 1099 4140 ca-lum
1130 4083 1369 4139 adduxit.
1414 4084 1648 4140 Membra
1679 4084 1807 4139 estis
1836 4081 1991 4139 Chri-

410 4180 518 4244 sti,
566 4179 772 4249 inquit,
819 4177 1076 4248 templum
1119 4177 1250 4233 estis
1296 4176 1525 4248 Spiritus
1557 4193 1571 4231 :
1600 4192 1667 4231 ne
1709 4191 1837 4246 ergo
1876 4175 1992 4229 sitis

410 4272 648 4329 membra
680 4270 976 4325 meretricis
1016 4286 1029 4324 :
1069 4284 1172 4324 non
1203 4269 1345 4324 enim
1376 4284 1570 4338 corpus
1598 4276 1833 4322 vestrum
1858 4281 1992 4322 con-

412 4364 627 4420 tumelia
674 4362 940 4427 afﬁcitur;
1002 4377 1172 4430 neque
1219 4376 1413 4432 corpus
1453 4368 1685 4416 vestrum
1732 4368 1854 4428 est,
1897 4359 1992 4414 sed

409 4455 630 4512 Christi.
680 4455 803 4511 llaec
846 4469 1007 4524 porro
1047 4453 1218 4522 dixit,
1262 4453 1419 4509 simul
1459 4452 1841 4522 benignitatem
1877 4452 1993 4521 ejus

409 4547 736 4612 ostendens,
769 4547 908 4619 quod
948 4561 1144 4616 corpus
1184 4556 1421 4600 uostrmn
1461 4546 1530 4600 sit
1558 4558 1711 4600 suum
1738 4586 1752 4611 ,
1783 4554 1836 4600 et
1877 4553 1989 4597 uta

410 4640 639 4712 maligna
684 4647 945 4710 potestate
989 4654 1087 4694 nos
1126 4638 1335 4707 eripiat.
1376 4637 1508 4692 Nam
1549 4637 1593 4692 si
1636 4637 1868 4691 alienum
1910 4644 1994 4690 est

409 4745 605 4801 corpus
627 4772 643 4798 ,
674 4747 779 4786 non
812 4739 1129 4802 potestatem
1170 4730 1377 4786 habetis
1406 4731 1564 4785 alieni
1593 4730 1831 4799 corporis
1860 4745 1992 4783 cou-

412 4823 628 4877 tumelia
656 4821 920 4878 afﬁciendi
944 4863 960 4889 ,
994 4822 1161 4893 inquit
1187 4866 1201 4887 ,
1231 4821 1459 4877 maxime
1482 4826 1612 4876 vero
1640 4836 1759 4875 eum
1790 4821 1859 4875 sit
1892 4821 1993 4876 Do-

413 4911 684 4975 tninicum.
710 4929 883 4985 neque
906 4916 1160 4985 templum
1185 4914 1412 4984 Spiritus
1438 4912 1763 4982 inquinandi.
1795 4913 1848 4969 Si
1873 4914 1991 4984 quis

410 5010 553 5063 enim
600 5008 855 5079 privatam
894 5008 1111 5064 domum
1153 5010 1422 5079 ingressus
1444 5050 1458 5072 ,
1489 5006 1791 5077 petulanter
1826 5007 1993 5078 egerit

410 5103 462 5159 iu
510 5101 597 5158 illa
623 5142 637 5165 ,
663 5109 935 5156 extremas
973 5100 1122 5156 dabit
1166 5117 1351 5172 pinnas
1379 5119 1392 5155 :
1421 5101 1510 5172 qui
1555 5100 1807 5171 templum
1853 5103 1992 5173 regis

408 5195 803 5265 receptaculum
833 5194 1056 5249 latronis
1084 5193 1290 5258 fecerit,
1316 5194 1486 5265 cogita
1512 5204 1707 5266 quanta
1736 5209 1991 5264 passurus

404 5289 478 5343 sit
503 5287 659 5342 mala.
692 5285 817 5340 Haec
844 5300 972 5354 ergo
996 5285 1261 5355 cogitans,
1297 5287 1677 5342 iuhabitantem
1705 5302 1987 5353 reverere;

408 5382 455 5437 is
482 5382 624 5435 enim
657 5389 739 5434 est
768 5378 1073 5433 Paracletus
1100 5396 1113 5432 :
1142 5378 1265 5433 time
1296 5378 1446 5433 illum
1471 5421 1486 5446 ,
1518 5380 1607 5450 qui
1637 5387 1810 5435 tecum
1838 5395 1988 5434 com-

410 5472 634 5543 plicatus
663 5478 748 5525 est
774 5478 828 5523 et
857 5469 952 5524 tibi
976 5468 1245 5533 adhteret;
1276 5469 1517 5525 Christus
1545 5472 1686 5525 enim
1718 5480 1819 5526 est.
1853 5472 1986 5525 Num

407 5574 461 5619 tu
494 5562 791 5618 membrum
816 5559 1016 5617 Christi
1048 5571 1099 5616 te
1131 5561 1243 5631 ipse
1270 5559 1478 5616 fecisti?
1507 5561 1594 5617 Sic
1622 5562 1792 5634 cogita
1820 5572 1874 5618 et
1901 5578 1989 5617 ca—

404 5665 519 5711 stus
545 5668 739 5709 mane:
766 5652 920 5723 cujus
947 5651 1145 5709 fuerint
1174 5652 1409 5708 membra
1435 5662 1488 5708 et
1514 5653 1666 5724 cujus
1696 5655 1829 5709 facta
1860 5656 1983 5708 sint.

405 5745 699 5800 Meretricis
728 5753 885 5800 antea
915 5744 1154 5800 membra
1185 5753 1356 5809 erant,
1388 5755 1442 5801 et
1470 5744 1711 5802 Christus
1742 5746 1865 5800 fecit
1898 5746 1984 5802 illa

406 5839 644 5895 membra
671 5838 755 5897 sui
778 5838 1034 5912 corporis.
1067 5836 1184 5894 Non
1213 5854 1340 5909 ergo
1366 5839 1454 5897 illa
1481 5854 1618 5894 nunc
1646 5840 1696 5894 in
1726 5850 1858 5910 pote
1881 5848 1986 5893 tate

1137 367 1193 425 S.
1233 365 1509 426 JOANNlS
1533 361 2001 422 CHRYSOSTOMI
2042 362 2355 419 ARCHIEP.
2394 363 2925 424 CONSTANTINOP.

3554 369 3653 426 118

2065 481 2228 536 habes
2254 499 2265 535 :
2294 482 2363 536 illi
2393 483 2595 538 servias
2615 484 2705 555 qui
2732 493 2781 539 te
2802 483 3068 540 liberavit.
3093 483 3208 540 Non
3232 484 3397 550 enim,
3420 484 3467 539 si
3493 483 3654 541 ﬁliam

2067 572 2290 628 haberes
2312 585 2366 629 et
2389 589 2505 630 eam
2529 591 2640 646 pra:
2665 577 2888 632 stultitia
2913 575 3162 632 mercede
3184 577 3421 632 locasses
3446 577 3655 645 lenoni,

2066 675 2125 718 ut
2155 664 2537 730 foruicaretur;
2582 667 2878 738 deiudeque
2918 667 3058 723 ﬁlius
3094 669 3235 740 regis
3276 670 3547 724 transiens
3572 709 3590 735 ,
3623 688 3655 726 a

2066 756 2321 812 servitute
2352 757 2628 813 liberatam
2658 775 2877 814 uxorem
2915 759 3190 826 duxisset,
3224 774 3388 830 penes
3426 768 3480 815 te
3507 767 3663 813 esset

2069 855 2251 915 postea
2280 848 2419 902 illam
2458 850 2508 903 in
2547 851 2896 920 prostibuluru
2928 851 3123 907 ducere
3153 870 3167 905 :
3195 852 3359 906 semel
3387 852 3535 907 enim
3562 850 3661 906 de-

2069 938 2191 992 disti
2219 946 2273 993 et
2302 941 2603 997 vendidisti.
2634 942 2738 997 Res
2764 953 2943 997 nostra
2971 944 3049 999 sic
3077 943 3236 999 habet
3262 967 3276 998 :
3307 958 3529 999 carnem
3558 957 3657 997 no-

2070 1038 2233 1082 stram
2280 1033 2527 1087 mercede
2570 1033 2926 1088 conduximus
2973 1034 3188 1088 diabolo
3234 1034 3380 1104 gravi
3430 1035 3654 1089 lenoni:

2074 1121 2261 1177 videns
2291 1124 2532 1179 Christus
2563 1128 2758 1196 eripuit
2788 1128 2928 1181 illam
2959 1137 3014 1182 et
3041 1123 3285 1184 liberavit
3312 1145 3341 1182 a
3375 1128 3663 1200 tyrannide

2074 1212 2161 1267 illa
2188 1216 2398 1269 acerba.
2429 1215 2543 1270 Non
2572 1228 2655 1272 est
2682 1235 2811 1289 ergo
2835 1219 2944 1288 jam
2978 1229 3179 1285 nostra,
3209 1220 3301 1274 sed
3332 1220 3660 1275 liberatoris.

2074 1305 2129 1360 Si
2152 1308 2283 1362 velis
2308 1307 2379 1362 uti
2404 1310 2488 1364 illa
2514 1320 2775 1381 tamquam
2800 1313 2940 1383 regis
2961 1328 3176 1383 sponsa,
3197 1328 3354 1368 nemo
3378 1312 3624 1383 prohibet
3648 1330 3663 1377 ;

2074 1397 2156 1451 sin
2195 1398 2261 1452 ad
2302 1399 2478 1467 priora
2518 1401 2736 1456 duxeris
2761 1442 2775 1466 ,
2809 1402 2993 1456 cadent
3038 1403 3286 1472 patieris,
3311 1418 3428 1473 qu:e
3458 1418 3555 1472 par
3580 1414 3667 1457 est

2077 1492 2183 1561 pati
2225 1493 2659 1548 contumeliosos.
2695 1494 2816 1549 Ideo
2856 1496 3030 1565 potius
3073 1496 3159 1550 illa
3198 1506 3281 1551 est
3310 1494 3661 1559 exornanda,

2074 1598 2232 1653 quam
2261 1584 2456 1654 probro
2479 1585 2755 1641 aflicieuda
2804 1587 2986 1657 Neque
3006 1588 3147 1642 enim
3172 1589 3461 1658 potentiam
3484 1588 3669 1642 carnis

2076 1674 2243 1730 habes
2279 1676 2330 1730 iu
2360 1678 2537 1746 pravis
2560 1680 3038 1747 concupiscentiis,
3065 1680 3157 1736 sed
3191 1681 3242 1735 in
3270 1682 3333 1736 iis
3359 1681 3510 1742 solis.
3542 1695 3668 1751 qua:

2076 1767 2217 1823 Deus
2245 1768 2579 1839 praeceperit.
2620 1766 2805 1841 Cogita
2834 1786 2963 1841 ergo
2997 1786 3026 1825 a
3066 1780 3261 1842 quanta
3299 1771 3441 1825 illam
3472 1780 3671 1825 contu.

2077 1867 2237 1922 melia
2282 1866 2585 1922 liberaverit
2629 1868 2768 1923 Deus
2795 1885 2811 1921 :
2840 1868 3025 1937 quavis
3058 1869 3199 1923 enim
3231 1867 3516 1923 meretrice
3548 1874 3671 1921 tur-

2077 1960 2197 2031 pior
2233 1962 2509 2032 proslabat
2536 1971 2690 2017 antea
2721 1971 2906 2016 natura
2944 1969 3145 2017 nostra.
3177 1960 3308 2015 Nam
3339 1960 3619 2016 latret-inin
3648 2000 3669 2027 ,

2077 2050 2383 2117 homicidia,
2415 2061 2470 2107 et
2502 2054 2703 2123 qumvis
2730 2053 2905 2124 iniqua
2935 2053 3188 2123 cogitatio
3220 2053 3270 2106 iu
3302 2052 3447 2107 illam
3479 2051 3670 2121 ingre-

2078 2142 2251 2209 diens,
2281 2160 2401 2199 cum
2432 2145 2609 2201 anima
2637 2145 3024 2200 concumbehat
3048 2186 3063 2210 ,
3098 2159 3255 2213 parva
3287 2144 3485 2213 vilique
3516 2158 3670 2196 mer-

2077 2236 2252 2304 cede,
2298 2237 2579 2307 przesentis
2621 2252 2817 2307 nempe
2868 2236 3174 2304 voluptatis.
3231 2236 3421 2290 Anima
3466 2234 3673 2304 quippe

2078 2330 2365 2386 commixta
2395 2345 2514 2385 cum
2548 2329 2702 2384 malis
2728 2329 3136 2401 cogitationibus
3166 2337 3220 2385 et
3248 2328 3450 2383 actibus
3470 2366 3489 2393 ,
3525 2326 3675 2380 hanc

2079 2423 2253 2479 solum
2281 2424 2607 2495 percipiebat
2629 2423 2950 2479 mercedem.

2152 2517 2206 2572 5.
2253 2515 2359 2572 Sed
2388 2518 2503 2571 hmo
2530 2516 2746 2587 quidem
2790 2525 2949 2570 antea
2974 2514 3089 2571 ﬁeri
3119 2531 3280 2587 grave
3323 2530 3443 2569 cum
3484 2524 3669 2579 esset,

2081 2624 2186 2663 non
2219 2618 2323 2662 tam
2349 2624 2509 2679 grave
2529 2619 2676 2667 erat:
2703 2616 2823 2678 post
2844 2610 3031 2663 caelum
3060 2615 3397 2677 antennpost
3418 2622 3670 2676 regnum,

2083 2709 2360 2772 postquam
2389 2700 2666 2755 tremenda
2711 2700 3017 2770 perceperis
3047 2698 3321 2770 mysteria,
3348 2712 3558 2751 rnrsmn
3588 2696 3677 2750 in-

2082 2792 2313 2865 quinari,
2338 2808 2494 2863 quam
2518 2792 2734 2847 habebit
2763 2792 3009 2846 veniam?
3035 2791 3225 2847 Annon
3248 2791 3518 2845 existimas
3542 2802 3673 2843 cum

2082 2891 2323 2947 avariset
2339 2890 2455 2945 aliis
2471 2888 2719 2945 omnibus
2737 2904 2871 2960 quos
2888 2886 3237 2953 enumeravit,
3264 2886 3433 2955 ipsum
3454 2899 3675 2939 accum-

2085 2983 2211 3037 bere
2259 2981 2567 3037 diabolum?
2611 2982 2861 3035 mulieres
2910 2990 3086 3034 autem
3135 2977 3204 3033 ad
3249 2978 3523 3033 libidinem
3575 2992 3675 3030 or-

2087 3084 2236 3129 natas
2263 3089 2367 3128 non
2397 3087 2585 3128 censes
2624 3089 2743 3129 cum
2787 3073 2877 3128 illo
2913 3070 3286 3126 commisceri?
3324 3069 3508 3139 ecquis
3545 3067 3677 3126 huic

2086 3165 2318 3221 sermoni
2345 3165 2755 3220 contradixerit?
2782 3163 2932 3231 Quod
2959 3163 3003 3220 si
3031 3164 3148 3233 quis
3173 3162 3243 3216 sit
3269 3162 3635 3216 contentiusus
3655 3202 3671 3224 ,

2087 3268 2246 3313 exuat
2304 3258 2535 3311 animam
2596 3257 2875 3311 mulieruut
2929 3270 3048 3324 qua:
3121 3270 3181 3307 se
3234 3253 3367 3307 adeo
3418 3252 3678 3307 indecore

2087 3359 2299 3421 gerunt,
2318 3360 2368 3404 et
2392 3348 2589 3403 videbit
2611 3347 2895 3416 malignum
2924 3346 3070 3401 illum
3095 3346 3392 3401 dznmouem
3418 3359 3537 3398 cum
3567 3343 3677 3397 illis

2090 3442 2244 3496 valde
2285 3441 2590 3513 complicari
2640 3451 2692 3494 et
2736 3439 3091 3497 commisceri.
3126 3438 3349 3492 Difﬁcile
3382 3438 3523 3491 enim
3568 3445 3675 3499 est,

2090 3534 2291 3597 dilecti,
2310 3533 2524 3587 difﬁcile
2543 3541 2643 3595 est,
2670 3532 2777 3585 imo
2800 3528 3022 3584 fortasse
3051 3529 3397 3598 impossibile,
3415 3528 3568 3582 utsic
3586 3543 3681 3581 or-

2091 3637 2218 3681 nato
2245 3641 2491 3695 corpore,
2528 3623 2683 3680 simul
2716 3638 2926 3695 quoque
2964 3632 3185 3677 ornetur
3221 3623 3429 3687 anima;
3458 3621 3550 3676 sed
3580 3636 3680 3676 tte-

2091 3734 2243 3775 cesse
2277 3728 2357 3775 est
2398 3718 2621 3772 alterum
2670 3716 2936 3787 negligere
2963 3730 3083 3769 eum
3114 3714 3201 3784 qui
3230 3714 3679 3768 alteriuscuram

2094 3812 2280 3868 habet:
2299 3826 2468 3880 neque
2493 3810 2633 3865 enim
2661 3826 2724 3865 ex
2756 3819 2937 3864 natura
2970 3823 3062 3863 sua
3089 3807 3203 3862 haec
3220 3807 3378 3862 simul
3406 3822 3525 3862 esse
3554 3822 3682 3875 pos-

2094 3914 2235 3960 sunt.
2267 3903 2390 3959 ldeo
2414 3904 2525 3958 ait:
2561 3902 2663 3969 Qui
2690 3901 2915 3955 adﬁceret
2940 3900 3218 3965 meretrici,
3248 3908 3320 3953 est
3361 3916 3516 3952 unum
3554 3915 3676 3952 cor-

2096 4015 2191 4069 pus
2222 4013 2239 4051 :
2264 3998 2348 4066 qui
2374 4006 2541 4049 autem
2570 3997 2794 4049 adluvret
2821 3993 3057 4060 Domino,
3086 4010 3215 4047 unus
3234 3993 3441 4061 spiritus
3459 4001 3548 4045 cst.
3584 3990 3682 4045 Ille

2097 4104 2324 4159 namque
2352 4087 2563 4142 tandem
2619 4086 2836 4156 spiritus
2880 4083 3140 4149 efﬁcitur,
3175 4083 3299 4139 licet
3342 4096 3569 4152 corpore
3610 4082 3685 4136 sit

2095 4179 2473 4241 circumdatus.
2513 4178 2736 4247 Quando
2784 4179 2926 4233 enim
2984 4178 3113 4233 nihil
3167 4192 3515 4246 corporeum,
3546 4175 3681 4230 nihil

2096 4290 2353 4339 crassum,
2385 4272 2514 4327 nihil
2558 4283 2826 4327 terrenum
2870 4271 3009 4327 circa
3055 4272 3226 4342 ipsum
3268 4271 3444 4336 fuerit,
3473 4271 3686 4340 simpli-

2097 4368 2232 4424 citer
2284 4381 2509 4436 corpore
2562 4364 2921 4420 circumdatur
2952 4382 2965 4420 τ
2996 4380 3119 4419 cum
3159 4374 3299 4419 totus
3352 4364 3684 4434 principatus

2096 4460 2166 4515 sit
2190 4460 2381 4513 anima:
2408 4466 2462 4513 et
2487 4458 2722 4530 spiritus,
2755 4458 2831 4513 sic
2857 4457 3184 4529 gloriﬁcatur
3220 4458 3376 4513 Deus.
3404 4456 3683 4525 Quamob-

2098 4568 2209 4608 rem
2251 4554 2303 4606 in
2331 4551 2571 4605 oratione
2597 4551 2773 4606 dicere
2803 4550 3072 4621 jubemur,
3105 4549 3461 4611 Sancti/iretur
3498 4566 3685 4603 nomen

2098 4654 2268 4708 tuum;
2291 4651 2344 4696 et
2364 4641 2607 4697 Christus
2634 4641 2703 4697 ait
2726 4658 2739 4695 :
2762 4641 2945 4694 Laceat
2971 4641 3063 4696 lux
3088 4650 3249 4694 vestra
3274 4656 3443 4694 coram
3471 4638 3688 4691 homini-

2098 4737 2211 4800 bus,
2237 4746 2289 4789 ut
2316 4736 2515 4790 videant
2543 4752 2696 4804 opera
2722 4746 2886 4788 vestra
2914 4733 3065 4803 bona,
3085 4741 3130 4786 et
3161 4732 3438 4802 glori/irent
3470 4728 3683 4784 Patrem

2096 4841 2316 4887 vestrum
2342 4829 2425 4899 qui
2452 4830 2505 4883 in
2532 4829 2670 4884 celi:
2700 4837 2770 4882 est
2802 4826 2822 4900 (
2851 4825 3033 4880 Matth.
3089 4826 3144 4881 5.
3200 4823 3266 4879 16
3292 4825 3329 4893 ).
3375 4823 3465 4879 Sic
3505 4822 3682 4893 ipsum

2096 4922 2397 4994 gloriﬁcaut
2426 4922 2585 4976 etiam
2614 4919 2753 4986 cznli,
2777 4934 2882 4973 non
2904 4933 3089 4973 vocem
3113 4918 3439 4983 emittentes,
3463 4916 3556 4972 sed
3583 4930 3683 4987 per

2097 5026 2372 5085 aspectum
2426 5012 2834 5068 admirationem
2885 5023 3325 5076 commoventes,
3353 5021 3407 5066 et
3455 5010 3682 5080 gloriam

2095 5105 2334 5162 Creatori
2358 5106 2665 5161 referentes.
2684 5103 2775 5159 Sic
2796 5103 3154 5172 gloriﬁcemus
3176 5105 3318 5157 illum
3344 5112 3398 5157 et
3424 5116 3553 5167 nos;
3577 5100 3687 5155 imo

2096 5197 2266 5268 magis
2307 5211 2462 5267 quam
2508 5195 2616 5260 illi;
2649 5209 2929 5265 possumus
2964 5194 3107 5250 enim
3146 5194 3191 5248 si
3231 5193 3470 5251 velimus.
3500 5191 3685 5262 Neque

2097 5291 2242 5347 enim
2290 5290 2361 5344 ita
2403 5287 2593 5343 czelum
2622 5297 2677 5342 et
2702 5286 2816 5342 dies
2846 5297 2900 5342 et
2926 5304 3027 5343 uox
3076 5288 3239 5341 Deum
3292 5283 3554 5353 gloriﬁcat
3579 5326 3595 5349 ,
3626 5293 3684 5337 ut

2096 5381 2275 5437 anima
2305 5389 2509 5434 sancta.
2558 5378 2711 5435 Sicut
2745 5379 2886 5434 enim
2928 5380 3049 5448 quis
3076 5377 3191 5432 carli
3234 5373 3678 5445 pulchritudinem

2097 5472 2391 5544 reSpiciens
2420 5470 2568 5535 dicit,
2595 5471 2773 5526 Gloria
2790 5469 2903 5537 tibi,
2924 5468 3065 5523 Deus
3094 5485 3107 5519 :
3140 5467 3295 5536 quale
3319 5481 3451 5535 epus
3474 5465 3675 5520 fecistil

2099 5565 2171 5618 ita
2199 5573 2253 5619 et
2276 5563 2371 5617 viri
2398 5563 2645 5617 virtutem
2674 5561 2905 5625 intuens,
2937 5558 3043 5613 imo
3072 5557 3161 5613 hic
3193 5557 3356 5611 multo
3384 5556 3569 5625 magis.
3596 5555 3678 5610 Ab

2099 5657 2205 5712 illis
2233 5670 2460 5726 namque
2488 5652 2748 5709 creaturis
2788 5667 2892 5705 non
2934 5664 3123 5705 omnes
3166 5650 3331 5704 Deum
3359 5646 3680 5719 gloriﬁcent,

2096 5747 2191 5803 sed
2219 5748 2377 5802 etiam
2403 5747 2555 5802 multi
2586 5746 2675 5801 illa
2702 5753 2973 5801 automata
3014 5757 3135 5799 esse
3173 5741 3389 5807 dicunt;
3437 5740 3526 5794 alii
3554 5755 3684 5794 vero

2099 5839 2428 5896 dtemonibus
2449 5838 2743 5895 attribuunt
2763 5835 2941 5893 mundi
2966 5835 3293 5891 creationem
3316 5842 3369 5889 et
3395 5826 3685 5903 provideo.
