3838 6214
194 272 284 332 ΙιιἹ

190 389 408 450 ἐνταῦθα
439 391 608 446 πάλιν
649 393 902 466 γράφων,
934 392 1017 448 ὅτι
1065 395 1195 448 -οὑκ
1233 393 1376 448 ἐστὲ
1407 389 1656 456 ἑαυτῶν,
1688 390 1750 444 οὐ

188 480 246 549 τῇ
272 475 584 546 προαιρέσει
611 475 956 547 λυμαίνεται,
987 476 1123 530 ἀλλά
1145 477 1250 547 τῆς
1276 476 1476 542 κακίας
1517 475 1746 543 ἀπάγει,

187 559 270 614 καὶ
306 556 398 611 τοῦ
443 559 716 613 Δεσπότου
757 560 856 630 τὴν
894 560 1222 631 κηδεμονίαν
1266 561 1621 615 ἐνδείκνυται.
1659 558 1750 612 Διὸ

186 643 269 699 καὶ
295 643 605 710 ἐπήγαγενο
664 642 1068 713 Ἠγοράσθητε
1091 644 1203 714 τὰρ
1234 644 1430 714 τιμῆς.
1467 644 1529 696 El
1557 642 1613 695 δὲ
1651 642 1750 694 οὑκ

185 725 288 796 εἰμὶ
303 723 564 794 ἐμαυτοῦ,
606 724 728 788 πῶς
754 743 821 797 με
839 728 1096 792 ἀπαιτεῖς
1123 729 1192 782 τά
1225 726 1507 799 πρακτέα;
1541 725 1661 789 πῶς
1691 725 1748 779 δὲ

181 806 370 881 προῖὼν
393 807 784 876 λέγειςπάλιν,
816 809 1124 875 Δοεάσατε
1152 811 1228 880 δὴ
1253 812 1362 866 τὸν
1397 810 1546 865 Θεὸν
1570 809 1641 863 ἐν
1666 807 1748 874 τῷ

180 891 589 962 σώματι·¹ὐμῶν
627 893 730 950 και
775 893 958 960 ἐνττῷ
989 895 1290 965 πνεύματι
1336 893 1525 965 ὑμῶν,
1572 893 1747 949 ἀτινὰ

177 978 295 1032 ἐστι
319 975 424 1030 τοῦ
459 977 608 1032 Θεοῦ
625 992 646 1041 ;

240 1060 300 1113 Τί
330 1056 422 1114 οὖν
455 1062 572 1114 ἐστι
618 1063 698 1126 τὸ,
726 1060 1313 1128 Οὐκ-ἐστὲνέαυτιῖηες
1345 1061 1443 1118 καὶ
1471 1061 1526 1116 τί
1547 1062 1616 1116 δι’
1645 1062 1744 1116 αὑ-

174 1145 258 1201 τοῦ
289 1147 693 1199 κατασκευάσαι
725 1145 1005 1216 βούλεται;
1040 1147 1135 1201 Ἕν
1149 1145 1432 1217 ἀσφαλείᾳ
1460 1147 1741 1216 καταστῆ-

178 1247 258 1284 σαι
301 1228 394 1282 τοῦ
443 1229 516 1300 μὴ
557 1230 892 1301 ἁμαρτάνειν
930 1230 1063 1301 μηδὲ
1111 1233 1232 1294 ταῖς
1283 1229 1603 1300 ἐπιθυμίαις
1639 1233 1740 1300 τῆς

172 1313 335 1383 ψυχῆς
377 1313 689 1366 ἀκολουθεεν
712 1317 832 1378 ταῖς
865 1315 1106 1377 ἀτόποις.
1133 1314 1243 1368 Kal
1280 1314 1388 1384 7&9
1421 1314 1591 1367 πολλὰ
1621 1313 1741 1384 βου-

172 1395 359 1466 λόμεθα
393 1396 766 1460 ίτοπα,-ἀλλά
805 1397 1060 1469 κατέχειν
1107 1399 1217 1452 δεῖο
1265 1398 1546 1470 δυνάμεθα
1591 1399 1735 1470 γάρ·

170 1481 213 1532 εἰ
235 1480 288 1532 δέ
311 1479 388 1551 μὴ
410 1480 708 1552 δυνάμεθα,
738 1483 968 1554 περιττὴ
995 1482 1406 1554 ήεπαραίνεσις.
1433 1483 1576 1554 Ὅρα
1606 1483 1737 1552 γοῦν

167 1563 274 1627 πῶς
321 1564 676 1633 ἠσφαλίσατο.
729 1565 915 1621 Είπὼν
956 1568 1086 1639 7&9,
1129 1569 1261 1622 οὐκ
1307 1567 1452 1622 ἐστὲ
1470 1567 1731 1634 ῖέαυτῶν,

164 1647 254 1700 οὐκ
273 1647 573 1716 ἐπήγαγεν,
619 1648 757 1703 Ἀλλ’
798 1649 891 1703 ὑπ’
925 1651 1173 1720 ἀνάγκην
1206 1651 1328 1704 ἐστὲ
1346 1691 1362 1716 ,
1392 1651 1529 1716 ἀλλ’,
1573 1653 1734 1723 Ἡγο-

154 1729 415 1798 ράσθητε
459 1732 659 1800 τιμῆς.
723 1733 822 1787 Διὰ.
871 1734 926 1786 τί
981 1734 1140 1787 τοῦτο
1201 1733 1417 1804 λέγειςς
1473 1735 1570 1788 καὶ
1623 1737 1732 1808 μὴν

161 1815 437 1886 ἑτέρωθεν,
480 1815 753 1881 είποιτις
795 1817 868 1872 ’ἂν
911 1819 1062 1883 ἴσως,
1099 1818 1207 1872 ἔδει
1260 1819 1590 1892 προτρέψαι,
1621 1819 1731 1873 δεί-

159 1896 350 1950 κνύντα
374 1898 468 1951 ὅτι
510 1899 790 1970 Δεσπότην
834 1900 1050 1972 ἔχομεν.
1108 1901 1272 1954 Ἀλλά
1305 1901 1465 1956 τοῦτο
1496 1902 1596 1973 μὲν
1634 1903 1731 1956 καὶ

155 1981 286 2050 πρὸς
304 1981 572 2054 Ἕλληνας
602 1985 734 2054 ἡμῖν
770 1984 967 2050 κοινὸν,
998 1985 1060 2038 τὸ
1096 1985 1174 2048 δέ,
1219 1985 1612 2056 Ἠγοράσθητε
1644 2004 1728 2041 τι-

149 2060 286 2132 μῆς,
321 2064 483 2135 ήμῶν
515 2065 829 2138 ἐξαίρετον.
873 2067 1310 2140 Ἀναμιμνήσκει
1358 2070 1467 2141 7&9
1497 2069 1594 2124 τοῦ
1629 2088 1728 2143 με-

152 2155 336 2224 γέθους
358 2155 461 2226 τῆς
481 2158 799 2229 εὐεργεσίας
826 2161 920 2214 καὶ
942 2160 1036 2215 τοῦ
1066 2161 1268 2232 τρόπου
1299 2161 1402 2232 τῆς
1429 2165 1724 2236 σωτηρίας,

150 2238 358 2325 δεικνὺς
382 2241 464 2325 δτι
521 2242 979 2316 ἀλλοτριωθέντες
1009 2246 1434 2318 ἢγοράσθημεν·
1477 2249 1580 2303 καὶ
1627 2251 1726 2325 ούχ

149 2321 348 2386 ἁπλῶς,
373 2323 511 2380 ἀλλά
545 2326 734 2397 τιμῆς.
761 2327 1187 2397 Δοξὶὶσατε-δὴ,
1222 2330 1405 2398 ἄρατε
1431 2332 1542 2386 τὸν
1577 2321 1727 2387 Θεόλν

146 2405 213 2458 ἐν
243 2404 322 2472 τῷ
342 2407 570 2478 σώματι
593 2409 761 2480 ὑμῶν
783 2411 881 2466 καί
913 2411 1088 2478 ἐντῷ
1101 2415 1422 2482 πνεύματι.
1454 2416 1639 2472 Ταῦτα
1668 2418 1724 2472 δὲ

145 2489 307 2559 λέγει,
326 2490 482 2546 ὥστε
641 2493 721 2566 τῷ
751 2494 965 2566 σώματι
998 2496 1159 2568 μόνον
1201 2497 1424 2567 φεύγειν
1451 2499 1552 2571 τὴν
1582 2518 1720 2572 πορ-

143 2575 308 2640 νείαν,
349 2575 488 2631 ἀλλά
517 2579 620 2632 καὶ
661 2578 906 2652 ἐν’ᾙῦέ]
945 2580 1024 2652 τῷ
1075 2580 1350 2652 πνεύματι
1397 2581 1500 2652 τῆς
1541 2584 1721 2656 ψυχῆς

143 2659 306 2731 μηδὲν
358 2661 598 2732 πονηρὸν
619 2663 948 2733 ’λογίζεσθαι
991 2665 1087 2718 καὶ
1119 2663 1380 2720 ’ἐλαύνειν
1409 2667 1509 2739 τὴν
1537 2669 1715 2739 χάριν.

141 2741 336 2797 Ἀτινά
359 2744 496 2799 ἐστι
525 2745 642 2802 τοῦ
682 2747 852 2802 Θεοῦ.
893 2748 1112 2821 Ἐπειδὴ
1143 2749 1252 2821 γὰρ
1281 2746 1456 2816 εἶπεν,
1500 2750 1716 2822 Ὑμῖν,

137 2825 218 2881 διά
243 2828 405 2882 τοῦτο
425 2830 728 2901 ἐπήγαγεν.
752 2831 952 2886 Ἀτινὰ
977 2833 1109 2886 ἐστι
1138 2832 1246 2887 τοῦ
1278 2834 1448 2898 Θεοῦ,
1478 2837 1718 2908 συνεχῶς

134 2913 757 2987 ἀναμιμνήσκῳνήμᾶς,
781 2917 1068 2972 ὄτι-πάντα
1089 2920 1412 2984 Δεσποτικά,
1439 2920 1534 2974 καὶ
1557 2920 1715 2991 σῶμα

133 2996 224 3049 καὶ
249 2995 401 3069 ψυχὴ
423 2999 518 3052 καὶ
542 2998 781 3070 πνεῦμα.
813 3003 922 3054 Kal
941 3003 1050 3072 7&9
1078 3002 1221 3066 τινές
1243 3020 1396 3072 φασι,
1421 3002 1504 3069 Τῷ
1529 3005 1714 3058 πνεύ-

123 3094 281 3147 ματι,
320 3079 404 3151 τῷ
435 3083 734 3154 χαρίσματι
766 3082 966 3152 λέγειν.
1005 3087 1102 3138 Ἂν
1139 3086 1248 3156 7&9
1277 3087 1454 3140 ἐκεῖνο
1582 3090 1714 3159 παρ’

127 3165 276 3232 ημῖν,
327 3163 616 3232 δοξάζεται
641 3168 686 3220 -δ
709 3167 869 3232 Θεός-·
885 3169 1056 3222 ’ἐσται
1090 3169 1170 3233 δὲ,
1204 3170 1272 3223 ἀν
1301 3169 1550 3241 καθαράν
1581 3188 1716 3242 καρ-

121 3244 238 3299 δίαν
275 3247 518 3320 ἔχωμεν.
551 3249 658 3304 Τοῦ
683 3250 818 3305 Θεοῦ
847 3251 904 3304 δὲ
937 3253 1078 3306 αύτά
1119 3253 1342 3323 ἔφησεν,
1385 3255 1485 3308 οὐκ
1524 3255 1713 3328 ἐπειδὴ

117 3331 451 3402 παρήγαγεν
501 3333 642 3389 αύτά
677 3335 860 3405 μόνον,
907 3336 1024 3390 ἀλλ’
1070 3336 1258 3408 ἐπειδὴ
1294 3338 1388 3390 καὶ
1426 3337 1712 3411 ἀλλοτριω-

106 3411 302 3478 ί’θέντα,
341 3417 412 3468 ἐκ
444 3416 699 3489 δευτέρου
732 3419 894 3474 πάλιν
917 3421 1219 3492 ἐκτήσατο,
1259 3422 1428 3493 τιμὴν
1469 3423 1530 3476 τὸ
1571 3419 1710 3495 αἷμα

118 3497 210 3549 τοῦ
243 3497 449 3562 Παιδὸς
484 3501 764 3566 καταθείς.
817 3503 960 3574 Ὀρα
989 3503 1106 3567 πῶς
1133 3505 1214 3566 είς
1259 3504 1350 3557 τὸν
1379 3506 1615 3575 Χριστὸν
1648 3508 1710 3561 τὸ

120 3581 226 3633 πᾶν
253 3582 568 3655 ἀπήρτισεο
603 3584 719 3648 πῶς
761 3587 909 3657 ἡμᾶς
941 3589 1018 3650 είς
1038 3587 1398 3659 τὸν-οὐρανὸν
1437 3590 1705 3661 ἀνήγαγε.

117 3665 266 3738 Μέλη
292 3667 394 3733 τοῦ
439 3669 680 3742 Χριστοῦ
722 3671 1049 3741 ἐστε,·φησὶ,
1077 3673 1216 3735 ιναός
1248 3675 1370 3726 ἐστε
1409 3673 1504 3726 τοῦ
1531 3677 1703 3729 Πνεύ-

119 3766 287 3818 ματος
306 3767 322 3780 ·
383 3754 461 3823 μὴ
505 3753 688 3807 τοίνυν
720 3755 940 3820 γίνεσθε
964 3756 1168 3826 πόρνης
1206 3756 1342 3828 μέλη
1361 3774 1376 3788 ο
1415 3759 1476 3810 οὐ
1507 3761 1617 3831 7&9
1643 3761 1706 3814 τὸ

113 3833 273 3904 σῶμα
316 3835 386 3888 τὸ
433 3837 592 3908 ὑμῶν
628 3838 958 3909 έύϐρίζεται·
1003 3839 1066 3892 ού
1103 3840 1214 3909 7&9
1253 3841 1314 3893 τὸ
1345 3841 1506 3912 σῶμα
1550 3844 1706 3914 ὑμῶν

110 3918 276 3980 ἐστιν,
304 3919 452 3972 ἀλλά
489 3921 583 3974 τοῦ
606 3923 652 3974 Χ
664 3921 868 3993 ριστοῦ.
909 3921 1094 3975 Ταῦτα
1117 3922 1172 3976 δὲ
1207 3922 1412 3991 ἔλεγεν,
1437 3925 1573 3997 ὁμοῦ
1613 3929 1706 3981 καὶ

108 4001 204 4072 τὴν
242 4003 668 4075 φιλανθρωπίαν
689 4004 1126 4076 ἐνδεικνύμενος,
1153 4007 1235 4060 ὅτι
1259 4007 1425 4061 αὑτοῦ
1457 4009 1518 4062 τὸ
1544 4011 1703 4081 σῶμα

107 4085 168 4138 τὸ
210 4088 518 4159 ἡμέτερον,
559 4091 655 4142 καὶ
707 4090 808 4159 τῆς
848 4089 1096 4156 ἐξουσίας
1134 4090 1236 4161 τῆς
1277 4094 1522 4164 πονηρᾶς
1555 4095 1703 4164 ἡμᾶς

108 4170 542 4243 ἀφαιρούμενος.
594 4174 656 4227 EI
701 4173 809 4242 7&9
841 4173 1124 4244 ἀλλότριόν
1165 4175 1279 4226 ἐστι
1301 4176 1363 4228 τὸ
1391 4177 1570 4248 σῶμα,
1601 4179 1702 4232 οὐκ

90 4252 258 4324 υέχετε
302 4256 563 4321 ἐξουσίαν
589 4257 870 4330 ἀλλότριον
911 4257 1073 4328 σῶμα
1125 4257 1388 4329 ὑϐρίζειν,
1421 4261 1574 4330 φησὶ,
1607 4262 1702 4314 καὶ

107 4336 360 4404 μάλιστα
414 4339 543 4392 ὅταν
629 4339 985 4403 Δεσποτικὸν,
1015 4339 1137 4394 οὐδὲ
1165 4340 1292 4395 ναὸν
1326 4342 1576 4412 μολύνειν
1608 4343 1700 4397 τοῦ

100 4418 458 4492 Πνεύματος.
492 4425 555 4477 EI
583 4424 692 4496 7&9
723 4424 964 4495 ἰδιωτικῇ
1001 4439 1086 4487 τις
1118 4424 1361 4478 ἐπελθὼν
1397 4427 1566 4498 οἰκίᾳ.
1609 4429 1703 4481 καὶ

103 4506 380 4574 κωμάσας
417 4507 498 4571 είς
531 4508 769 4580 ἐκείνην,
817 4509 920 4580 τὴν
975 4509 1213 4580 ἐσχάτην
1245 4508 1406 4563 δώσει
1450 4510 1640 4582 δίκην⁸
1671 4514 1700 4565 6

101 4588 378 4658 βασιλέως
411 4593 539 4646 ναὸν
585 4593 786 4668 λῃστοῦ
825 4593 997 4646 ποιῶν
1045 4593 1413 4663 καταγώγιον,
1446 4595 1700 4666 ἐννόησον

98 4673 241 4728 πόσα
272 4677 537 4732 πείσεται
564 4679 732 4732 κακά.
758 4674 1071 4732 Ταῦταιοῦν
1107 4682 1387 4751 ἐννοήσας,
1421 4680 1700 4754 αίδέσθητι

95 4758 186 4811 τὸν
231 4759 606 4815 ἐνοικοῦνταο
661 4765 690 4816 6
743 4763 850 4836 7&9
897 4763 1258 4836 Παράκλητός
1316 4766 1464 4817 ἐστιν
1509 4757 1696 4830 οὗτοςο

95 4844 288 4912 φρῖξον
337 4845 439 4899 τὸν
475 4836 983 4917 συμπεπλεγμένον
1017 4865 1099 4902 σοι
1137 4849 1234 4902 καὶ
1268 4847 1695 4918 κεκολλημένοψ

91 4929 260 4999 ὁγάρ
291 4930 543 5001 Χριστός
575 4933 713 4986 ἐστι.
742 4932 833 5002 Μὴ
879 4932 987 5005 7&9
1020 4933 1084 4986 σὺ
1116 4932 1249 5005 μέλη
1299 4933 1537 5005 Χριστοῦ
1560 4935 1693 4988 ’ἐαυο

91 5011 181 5063 τὸν
211 5015 530 5086 ἐποίησα;;
573 5014 860 5086 Ἐννόησον
893 5015 1058 5080 οὕτω,
1090 5017 1184 5070 καὶ
1215 5017 1344 5086 μένε
1379 5018 1691 5088 σωφρονῶν,

92 5095 235 5160 τ’ίνος
266 5093 343 5167 ἦν
381 5098 519 5169 μέλη
547 5110 594 5164 ι,
627 5099 722 5152 καὶ
767 5099 912 5163 τίνος
945 5100 1156 5169 γέγονε.
1190 5101 1407 5172 Πόρνης
1455 5097 1523 5171 ἦν
1557 5102 1694 5172 μέλη

91 5178 199 5248 πρὸ
236 5181 472 5246 τούτου,
507 5183 600 5236 καὶ
646 5185 674 5236 6
703 5183 939 5254 Χριστὸς
971 5183 1226 5255 ἐποίησεν
1259 5183 1400 5238 αύτά
1431 5183 1568 5254 μέλη
1600 5184 1694 5236 τοῦ

92 5261 224 5316 ἰδίου
279 5263 570 5335 σώματος.
603 5267 718 5320 Οὐκ
751 5269 860 5335 ἀρα
905 5268 1084 5322 αὐτῶν
1115 5267 1364 5335 ἐξουσίαν
1406 5269 1550 5340 ἔχεις
1581 5267 1693 5323 λοι-

89 5345 221 5398 πόν·
248 5349 461 5419 ἐκείνῳ
483 5349 701 5402 δούλευε
732 5351 809 5422 τῷ
837 5350 1454 5422 ἐλευθερώσαντα-Οὐδὲ
1483 5353 1613 5425 γὰρ,
1645 5354 1695 5407 εί

90 5428 387 5503 θυγατέρα
419 5433 581 5503 ἔχων,
613 5437 678 5488 ἐκ
704 5435 905 5506 πολλῆς
951 5436 1050 5506 τῆς
1092 5436 1278 5500 ἀνοίας
1317 5437 1693 5508 ἐξεμίσθωσας

82 5513 260 5587 αὐτὴν
324 5517 728 5588 πορνοϐοσκῷ,
782 5519 1144 5593 πορνεύεσθαι
1206 5521 1504 5593 ἐποίησας,
1573 5518 1693 5575 εῐτα

87 5597 369 5668 βασιλέως
427 5600 538 5664 υἱὸς
591 5601 804 5675 παριὼν
861 5603 1204 5676 ὴλευθέρωσέ
1259 5621 1320 5658 τε
1369 5605 1539 5676 αὐτὴν
1593 5608 1695 5677 τῆς

83 5679 339 5747 δουλείας
367 5684 592 5756 ἐκείνης
628 5687 725 5741 καὶ
766 5688 1004 5761 συνῆψεν
1042 5687 1240 5762 ἐαυτῷ,
1273 5687 1465 5760 κύριος
1493 5685 1544 5743 εί
1583 5687 1694 5744 λοι-

149 5849 174 5877 ⁸
194 5847 406 5900 'ﬂorel.
419 5885 433 5909 ,
450 5849 576 5908 τίνος
600 5851 687 5901 οὖν
699 5854 838 5917 μέλη.

1164 267 1256 327 “IN
1281 268 1520 328 ΕΗΒΤ.
1555 271 1706 329 ΙΔῙ)
1741 269 1904 330 ΟΟΒ.
1932 271 2181 330 'IIOMIL.
2224 273 2408 330 XVIII.

3336 282 3443 342 148

1860 387 1962 442 ’τὸν
1991 389 2146 458 ἄγειν
2186 389 2358 461 αὐτὴν
2389 390 2482 443 ἐπὶ
2508 387 2571 442 τὸ
2597 394 2878 464 πορνεῖονο
2912 391 3060 463 ἅπαξ
3091 395 3200 470 7&9
3231 399 3440 466 ἔδωκας

1858 472 1951 555 καί
1975 471 2289 542 ἐπώλησας.
2308 473 2563 526 Τοιοῦτόν
2584 474 2699 528 ἐστι
2733 476 2828 529 καὶ
2850 475 2912 530 τὸ
2932 478 3199 550 ἡμέτερον
3217 497 3232 514 ·
3255 483 3440 555 ἐξεμι-

1853 554 2144 626 σθώοαμειν
2193 555 2291 627 τὴν
2337 557 2521 627 σάρκα
2579 558 2680 628 τὴν
2710 561 2920 613 ἐαυτῶν
2961 559 3041 632 τῷ
3069 561 3322 636 διαϐόλῳ,
3355 554 3439 638 τῷ

1847 639 2070 710 χαλεπῷ
2114 640 2469 712 πορνοϐοσκῷ
2493 657 2505 669 ·
2547 641 2672 697 ἰδὼν
2695 643 2728 695 6
2759 642 3016 715 Χριστὸς,
3045 646 3314 717 ἐρρύσατο
3336 649 3436 702 αὺ-

1847 723 1948 794 τὴν
1976 724 2070 777 καὶ
2099 723 2377 796 ἀπήλλαξε
2423 726 2522 796 τῆς
2560 729 2806 798 πονηρᾶς
2842 728 3155 799 τυραννίδος
3179 730 3432 804 ἐκείνης·

1844 807 1906 860 ού
1927 807 2109 862 τοίνυν
2134 809 2286 863 ἐστὶν
2310 808 2556 880 ἡμετέρα
2585 809 2794 873 λοιπὸν,
2812 810 2958 867 ,ἀλλά
2981 810 3077 867 τοῦ
3100 814 3431 885 ῥυσαμένου.

1857 891 1983 948 Ἐὰν
2021 892 2212 965 ἐθέλῃς
2256 893 2330 958 ὼς
2375 894 2564 968 νύμφῃ
2595 894 2863 965 βασιλέως
2901 897 3227 970 κεχρῆσθαι,
3256 899 3433 965 οὐδεὶς

1842 975 1872 1026 6
1913 975 2170 1030 κωλύων·
2223 977 2320 1030 ἐὰν
2361 977 2417 1031 δὲ
2467 981 2561 1031 ἐπὶ⁵
2591 979 2664 1033 τὰ
2703 980 2948 1052 πρότερα
2989 982 3226 1054 ἀγάγῃς,
3264 983 3429 1057 πείσῃ

1839 1059 1909 1114 τὰ
1961 1061 2121 1126 αὐτὰ,
2174 1063 2210 1117 ἀ
2262 1063 2388 1127 τοὺς
2435 1063 2662 1118 τοιαῦτα
2713 1065 3038 1135 ὑϐρίζοντας
3091 1067 3259 1131 είκός,
3338 1067 3432 1121 Διὸ

1843 1143 2044 1213 μᾶλλον
2076 1144 2255 1215 αὐτὴν
2281 1149 2660 1220 ,κατακοσμεῖν
2689 1147 2820 1220 χρὴ,
2861 1149 2984 1220 οὐχὶ
3013 1148 3424 1220 καταισχύνειν.

1840 1229 1916 1283 Οὐ
1942 1230 2052 1302 7&9
2093 1229 2237 1300 ἔχεις
2266 1231 2517 1298 ἐξουσίαν
2544 1232 2646 1303 τῆς
2687 1233 2892 1304 σαρκὸς
2921 1234 2980 1286 ἐν
3016 1236 3136 1298 ταῖς
3165 1237 3428 1306 πονηραῖς

1838 1310 2183 1382 ἐπιθυμίαις,
2219 1313 2337 1367 ἀλλ’
2378 1314 2438 1367 ἐν
2485 1309 2567 1379 οἷς
2612 1315 2679 1368 ἀν
2708 1317 2736 1369 6
2781 1314 2915 1378 Θεὸς
2943 1315 3174 1390 ἐπιτάξῃ
3218 1317 3424 1386 μόνοις.

1849 1393 2133 1468 Ἐννόησον
2182 1395 2310 1464 γοῦν
2353 1398 2549 1469 ἡλίκης
2595 1398 2766 1470 αὐτὴν
2800 1398 3014 1471 ὕϐρεως
3050 1398 3362 1472 ἀπήλλαξεν
3394 1400 3424 1453 6

1835 1477 1998 1542 Θεόςο
2055 1478 2147 1534 καὶ
2185 1481 2302 1552 γάρ
2360 1481 2543 1552 πάσης
2595 1481 2800 1554 πόρνης
2835 1483 3186 1555 αίσχρότερον
3236 1501 3424 1558 προει-

1836 1563 2027 1631 στήκει
2081 1564 2114 1634 ὴ
2175 1562 2336 1632 φύσις
2393 1565 2426 1635 ή
2475 1565 2724 1638 ἡμετέρα
2774 1565 2880 1637 πρὸ
2919 1566 3132 1621 τούτου.
3172 1567 3284 1619 Kal
3313 1567 3424 1640 7&9

1831 1645 2076 1717 λῃστεῖαι
2108 1647 2216 1700 καὶ
2263 1647 2631 1720 ἀνδροφονίαι,
2683 1649 2778 1703 καὶ
2831 1651 3062 1714 ἕκαστος
3102 1650 3422 1722 παράνομος

1831 1725 2092 1798 λογισμὸς
2149 1731 2286 1800 πρὸς
2339 1729 2508 1801 αὐτὴν
2561 1732 2770 1798 εἰσιὼν,
2837 1732 3293 1797 συγκατεκλίνετο
3349 1735 3418 1804 τῇ

1829 1811 1994 1884 ψυχῇ,
2049 1813 2143 1869 καὶ
2195 1813 2551 1885 μισθώματος
2606 1815 2791 1884 ὀλίγου
2846 1817 2942 1871 καὶ
2990 1816 3086 1874 τοῦ
3141 1816 3419 1887 τυχόντος,

1828 1897 1926 1968 τῆς
1965 1896 2250 1969 παρούσης
2287 1898 2504 1969 ἡδονῆς.
2549 1899 2612 1953 Ἦ
2646 1900 2755 1972 7&9
2789 1900 2937 1972 ψυχὴ
2963 1900 3245 1972 φυρομένη
3278 1899 3420 1970 μετά

1828 1979 1936 2032 τῶν
1982 1980 2236 2054 πονηρῶν
2279 1981 2500 2035 ἐννοιῶν
2557 1983 2654 2036 καὶ
2697 1983 2974 2057 πράξεων,
3019 1984 3210 2040 τοῦτον
3252 1984 3420 2056 ἐκαρ-

1829 2062 1996 2118 ποῦτο
2029 2065 2192 2137 μόνον
2213 2065 2305 2119 τὸν
2332 2065 2544 2137 μισθόν.

1890 2240 1962 2310 1/.
1985 2240 2424 2314 [ΙῦὅῙἋλλά-τὸ
2444 2243 2556 2315 μὲν
2603 2243 2709 2314 πρὸ
2725 2244 2921 2300 τούτου
2959 2245 3133 2305 ταῦτα
3170 2247 3414 2319 γίνεσθαι

1823 2325 2000 2378 καίτοι
2027 2324 2198 2378 δεινὸν
2219 2325 2298 2388 ὃν,
2327 2326 2427 2396 οὑχ
2467 2326 2612 2380 οὕτω
2639 2327 2812 2383 δεινὸν
2838 2323 2907 2401 ἦν
2927 2347 2942 2363 ·
2979 2329 3044 2384 τὸ
3070 2331 3128 2385 δὲ
3158 2333 3294 2403 μετά
3319 2333 3414 2388 τὸν

1819 2409 2069 2477 οὐρανὸν,
2103 2408 2242 2478 μετά
2264 2409 2333 2463 τά
2363 2408 2630 2480 βασίλεια,
2674 2411 2814 2482 μετά
2849 2411 2909 2470 τὸ
2937 2412 3047 2468 τῶν
3086 2417 3411 2488 μυστηρίων

1819 2491 2126 2546 ἀπολαῦσαι
2185 2491 2295 2546 τῶν
2341 2493 2587 2564 φρικτῶν
2641 2493 2804 2548 πάλιν
2853 2494 3201 2566 μολύνεσθαι,
3251 2499 3412 2554 ποίαν

1819 2576 1930 2644 ἐξει
1973 2576 2336 2648 συγγνῶμηνς
2386 2572 2463 2630 Ἦ
2508 2578 2610 2632 οὐκ
2643 2577 2872 2632 οῐεικαὶ
2915 2581 3028 2642 τοῖς
3059 2579 3412 2648 πλεονέκταις

1819 2662 1914 2715 καὶ
1947 2663 2136 2724 πᾶσιν,
2156 2655 2258 2724 ιοῖς
2297 2660 2608 2732 ἔμπροσθεν
2649 2663 3077 2736 ἀπηρίθμησεν,
3117 2664 3282 2718 αὐτὸν
3315 2666 3410 2721 τὸν

1815 2743 2062 2798 διάϐολον
2091 2745 2658 2812 συγκατακλίνεσθαις
2691 2747 2790 2810 τάς
2822 2746 2880 2800 δὲ
2912 2746 3408 2820 καλλωπιζομένας

1816 2828 1952 2898 πρὸς
1981 2828 2274 2896 ἀσέλγειαν
2301 2831 2573 2896 γυναῖκας
2615 2830 2715 2900 οὐχ
2762 2831 2871 2902 ἡγῇ
2917 2830 3037 2901 μετ’
3078 2832 3289 2886 ἐκείνου
3317 2831 3408 2903 μί-

1814 2909 2082 2980 γνυσθαι;
2136 2912 2232 2966 καὶ
2287 2911 2370 2976 τίς
2420 2913 2641 2982 ἀντερεῖ
2685 2913 2862 2985 τούτῳ
2911 2914 2991 2984 τῷ
3029 2912 3210 2984 λόγως
3251 2915 3313 2969 EI
3344 2913 3406 2969 δὲ

1813 2995 1930 3047 ἐστι
1959 3011 2044 3058 τις
2096 2993 2438 3063 φιλονεικῶν,
2476 2995 2760 3050 ἀποδυέτω
2803 2997 2902 3069 τὴν
2947 2996 3129 3069 ψυχὴν
3171 2998 3281 3051 τῶν
3335 2999 3405 3054 τὰ

1811 3077 2038 3131 τοιαῦτα
2069 3079 2495 3149 ἀσχημονουσῶν
2521 3078 2819 3148 γυναικῶν,
2838 3079 2940 3135 καὶ
2967 3079 3156 3150 ὄψεται
3186 3081 3406 3146 πάντως

1810 3162 1902 3215 τὸν
1940 3163 2177 3234 πονηρὸν
2205 3162 2437 3234 δαίμονα
2465 3165 2673 3217 ἐκεῖνον
2698 3161 2942 3234 σφοδρῶς
2974 3165 3402 3236 συμπεπλεγμέ-

1811 3263 1900 3299 νον
1927 3247 2136 3309 αὑταῖς.
2169 3246 2437 3301 Δύσκολον
2459 3247 2591 3317 γὰρ,
2617 3247 2915 3317 ἀγαπητοὶ,
2947 3245 3226 3312 δύσκολον,
3259 3249 3404 3319 τάχα

1808 3327 1866 3382 δὲ
1883 3331 1977 3383 καὶ
2003 3331 2302 3402 ἀμήχανον,
2329 3329 2424 3382 τοῦ
2449 3328 2701 3400 σώματος
2725 3328 3206 3401 καλλωπιζομένου
3235 3329 3400 3395 οὕτω,

1809 3413 1904 3467 καὶ
1939 3413 2040 3484 τὴν
2087 3413 2270 3486 ,ψυχὴν
2315 3413 2452 3485 ὁμοῦ
2495 3413 2938 3478 καλλωπίζεσθαι
2971 3431 2987 3446 ο
3029 3414 3142 3468 ἀλλ’
3183 3416 3400 3488 ἀνάγκη

1810 3496 2040 3569 θάτερον
2065 3497 2406 3569 ἀμελεῖσθαι,
2441 3496 2871 3568 ἐπιμελουμένου
2900 3497 3160 3570 θατέρου·
3196 3499 3258 3552 οὐ
3287 3499 3397 3572 7&9

1809 3580 1923 3651 ἔχει
1949 3582 2111 3652 φύσιν
2137 3583 2272 3652 ὁμοῦ
2308 3581 2483 3636 ταῦτα
2512 3580 2779 3651 γίνεσθαι.
2807 3581 2900 3634 Διό
2932 3599 3119 3654 φησιν·
3167 3583 3232 3638 '0
3257 3589 3400 3638 κολ-

1807 3664 2077 3736 λώμενος
2111 3665 2185 3736 τῇ
2217 3667 2432 3736 πόρνῃ,
2470 3665 2541 3720 ἐν
2567 3665 2741 3736 σῶμά
2776 3667 2951 3720 ἐστιν
2971 3685 2983 3698 ·
3016 3670 3050 3721 ό
3075 3665 3145 3720 δὲ
3176 3667 3400 3723 κολλώ-

1801 3767 1990 3820 μενος
2042 3749 2122 3816 τῷ
2165 3752 2382 3820 Κιιρίῳ,
2435 3750 2507 3805 ἓν
2557 3748 2796 3820 πνεῦμά
2828 3751 2980 3804 ἐστι.
3010 3749 3236 3821 Πνεῦμα
3286 3752 3398 3824 γὰρ

1805 3836 2016 3905 γίνεται
2055 3835 2253 3890 λοιπὸν
2279 3837 2319 3888 -ό
2368 3835 2632 3899 τοιοῦτος,
2689 3835 2791 3890 κᾶν
2841 3833 3004 3905 σῶμα
3057 3836 3392 3906 περίκειται.

1806 3919 1974 3973 Ὅταν
1999 3919 2109 3990 7&9
2141 3919 2308 3990 μηδὲν
2339 3919 2650 3990 σωματικὸν
2692 3918 2830 3990 μηδὲ
2860 3918 3008 3988 παχὺ
3038 3918 3176 3989 μηδέ
3205 3919 3394 3990 γήϊνον

1803 4003 1931 4075 περὶ
1976 4003 2139 4057 αὑτὸν
2169 3999 2224 4075 ᾖ,
2259 4002 2446 4066 ἁπλῶς
2483 4003 2546 4056 τὸ
2593 4001 2756 4074 σῶμα
2811 4001 3122 4074 περίκειται
3155 4017 3170 4032 ’
3196 4003 3327 4055 ὅταν
3359 4004 3394 4073 ἡ

1803 4087 1954 4139 πᾶσα
1988 4084 2134 4158 ἀρχὴ
2176 4087 2277 4157 τῆς
2305 4086 2486 4157 ψυχῆς
2587 4087 2682 4139 καὶ
2727 4083 2822 4138 τοῦ
2867 4084 3202 4156 πνεύματος,
3247 4084 3392 4139 οὕτω

1802 4171 2082 4237 δοξάζεται
2113 4173 2141 4224 6
2173 4171 2328 4234 Θεός.
2361 4171 2468 4225 ,Διὸ
2504 4172 2606 4226 ικαὶ
2650 4173 2707 4225 ἐν
2745 4173 2811 4243 τῇ
2868 4171 3000 4242 εὐχῇ
3055 4169 3391 4242 κελευόμεθα

1805 4255 2001 4325 λέγειν’
2045 4256 2403 4326 Ἁγιασθήτω
2443 4255 2725 4324 τὸόνομα
2751 4271 2869 4309 σου
2897 4271 2911 4286 ·
2954 4254 3051 4307 καὶ
3092 4255 3121 4306 6
3155 4253 3390 4326 Χριστός

1805 4355 1958 4409 φησιο
1990 4337 2292 4409 Λαμψάτω
2319 4339 2386 4392 τὸ
2419 4337 2548 4404 φῶς
2573 4338 2742 4407 ὑμῶν
2767 4337 3112 4406 ἔμπροσθεν
3133 4336 3252 4391 τῶν
3283 4337 3390 4392 ἀν-

1803 4423 2072 4492 θρώπων,
2103 4422 2262 4488 ὅπως
2291 4421 2464 4476 ἴδωσι
2484 4423 2568 4474 τὰ
2595 4422 2751 4476 καλὰ
2783 4421 2927 4491 ἔργα
2950 4418 3139 4489 ὑμῶν,
3172 4421 3270 4474 καὶ
3294 4419 3388 4474 6o-

1801 4506 2036 4569 ξάσωσι
2073 4506 2182 4558 τὸν
2219 4504 2456 4572 Πατέρα
2489 4501 2658 4573 ὑμῶν
2685 4503 2792 4557 τὸν
2833 4506 2904 4558 ἐν
2929 4503 3053 4570 τοῖς
3083 4502 3382 4571 οὐρανοῖς.

1801 4589 1959 4644 Οὖτω
1999 4589 2316 4654 δοξάζουσιν
2359 4589 2524 4643 αὐτὸν
2579 4589 2676 4641 καὶ
2713 4589 2762 4641 οἱ
2803 4587 3054 4660 οὐρανοὶ,
3095 4587 3156 4640 οὑ
3200 4586 3385 4659 φωνὴν

1800 4675 2072 4741 ἀφιέντες,
2104 4673 2240 4727 ἀλλά
2263 4672 2354 4726 διὰ
2387 4673 2483 4744 τῆς
2510 4671 2685 4742 ὅψεως
2719 4669 3142 4742 θαυμαζόμενοι,
3172 4671 3266 4724 καὶ
3285 4671 3384 4742 τὴν

1797 4758 1954 4824 δόξαν
1987 4759 2066 4821 είς
2103 4757 2194 4810 τὸν
2225 4748 2569 4827 Δημιουργὸν
2609 4756 2991 4825 ἀναφέροντες.
3032 4753 3188 4808 Οὖτω
3223 4753 3380 4822 δοξά-

1801 4857 1983 4911 σωμεν
2003 4839 2162 4896 αὑτὸν
2184 4839 2488 4910 καὶῖήμεῖς,
2510 4839 2709 4911 μᾶλλον
2737 4838 2794 4892 δέ
2824 4839 2920 4891 καὶ
2942 4837 3100 4892 πλέον
3123 4837 3346 4892 ἐκείνων
3361 4854 3377 4872 ο

1799 4923 2075 4994 δυνάμεθα
2109 4923 2236 4995 γὰρ,
2271 4922 2338 4977 ἀν
2368 4923 2660 4995 ἐθέλωμεν.
2695 4923 2768 4976 Ού
2799 4922 2908 4994 7&9
2935 4919 3109 4985 οὕτως
3151 4922 3381 4994 οὐρανὸς

1797 5008 1892 5062 καὶ
1913 5007 2096 5080 ἡμέρα
2121 5010 2215 5061 καὶ
2245 5007 2362 5073 νὺξ,
2395 5006 2472 5071 ὠς
2502 5009 2634 5076 ἁγία
2663 5007 2811 5080 ψυχὴ
2834 5007 3046 5072 δοξάζει
3069 5007 3219 5061 Θεόν.
3247 5007 3379 5060 ’Ὥσ-

1797 5109 1905 5163 περ
1927 5091 2035 5161 γάρ
2059 5091 2138 5154 είς
2165 5090 2226 5143 τὸ
2245 5089 2439 5152 κάλλος
2464 5091 2559 5144 τοῦ
2578 5092 2637 5144 ού
2647 5092 2807 5164 ρανοῦ
2835 5109 2918 5154 τις
2938 5090 3179 5161 ἀφορῶν,
3205 5089 3374 5158 λέγει’

1795 5174 1933 5239 Δόξα
1963 5191 2066 5237 σοι,
2096 5175 2125 5226 6
2161 5173 2314 5237 Θεὸς,
2358 5171 2470 5227 οἷον
2509 5173 2668 5246 ἔργον
2697 5175 2918 5238 ἔκτισας
2938 5189 2952 5202 ’
2981 5172 3127 5227 οὕτω
3168 5173 3234 5244 δὴ
3281 5174 3376 5227 καὶ

1796 5261 1875 5322 είς
1900 5257 2093 5328 ἀνδρὸς
2118 5257 2320 5328 ἀρετὴν
2349 5256 2582 5327 βλέπων,
2609 5258 2704 5312 καὶ
2731 5256 2912 5329 πολλῷ
2929 5257 3087 5311 πλέον
3115 5257 3372 5313 ἐνταῦθα.

1809 5343 1932 5394 Ἀπ’
1959 5341 2183 5394 ἐκείνων
2210 5340 2310 5410 μὲν
2341 5341 2450 5412 γὰρ
2473 5341 2581 5396 τῶν
2618 5341 2936 5413 κτισμάτων
2965 5341 3027 5393 οὐ
3062 5341 3267 5404 πάντες
3291 5341 3379 5394 δο-

1797 5423 2067 5490 ξάζουσιν,
2104 5423 2238 5477 ἀλλά
2265 5425 2451 5478 πολλοὶ
2475 5425 2568 5479 καὶ
2594 5425 2879 5496 αὐτόματα
2902 5421 3042 5477 εἶναι
3066 5422 3284 5492 λέγουσι
3306 5425 3378 5478 τά

1793 5510 1922 5562 ὄντα
1943 5524 1955 5537 ·
1991 5507 2140 5562 ἄλλοι
2175 5507 2234 5561 δὲ
2265 5510 2359 5562 καὶ
2405 5508 2654 5579 δαίμοσιν
2693 5507 3011 5563 ἀνατιθέασι
3043 5506 3139 5561 τοῦ
3167 5506 3376 5576 κόσμου

1793 5595 1893 5663 τὴν
1925 5591 2286 5664 δημιουργίαν
2332 5596 2428 5647 καὶ
2475 5594 2574 5666 τὴν
2621 5594 2897 5664 πρόνοιαν,
2931 5591 2982 5644 οἳ
3030 5593 3124 5645 καὶ
3170 5590 3376 5662 σφόδρα

1795 5677 2160 5746 ἀσύγγνωστα
2187 5677 2591 5749 ἁμαρτάνουσιν
2615 5696 2629 5710 ·
2661 5680 2755 5732 ἐπὶ
2773 5679 2831 5732 δὲ
2851 5675 3142 5749 ἀνθρώπου
3173 5673 3376 5747 ἀρετῆς

1795 5761 1970 5824 οὐδεὶς
1995 5759 2221 5814 τοιαῦτα
2254 5763 2682 5833 ἀναισχυντῆσαι
2722 5763 3029 5831 δυνήσεται,
3060 5757 3197 5814 ἀλλά
3237 5759 3378 5814 πάν-

1799 5863 1904 5911 τως
1945 5843 2158 5911 δοξάσει
2198 5843 2288 5898 τὸν
2337 5845 2490 5914 Θεὸν,
2539 5847 2632 5901 τὸν
2681 5845 3000 5901 δουλεύοντα
3043 5843 3190 5916 αὖτῷ
3239 5842 3378 5915 μετά
