3856 6330
382 301 487 362 149

385 415 590 489 ἀρετῆς
611 415 788 482 ζῶντα
808 413 968 485 δρῶν.
1003 416 1100 480 Τίς
1122 417 1232 490 γάρ
1257 416 1359 472 οὐκ
1381 417 1812 490 ἐκπλαγήσεται,
1833 417 1966 471 ὅταν

383 499 671 572 ἄνθρωπός
695 515 782 563 τις
824 498 921 565 ὢν,
966 499 1060 554 καὶ
1088 501 1190 570 τῆς
1226 499 1415 571 κοινῆς
1447 501 1689 572 μετέχων
1722 501 1961 570 φύσεως,

384 586 481 640 καὶ
529 586 590 638 ἐν
649 583 840 655 μέσοις
889 585 1256 655 στρεφόμενος
1323 585 1652 658 ἀνθρώποις,
1711 585 1966 656 καθάπερ

383 669 599 739 ἀδάμας
628 709 644 733 ,
713 668 788 738 μὴ
838 669 1256 739 ἐπικάμπτηται
1304 669 1441 741 πρὸς
1487 668 1580 722 16v
1626 669 1736 722 τῶν
1775 667 1966 722 παθῶν

385 753 592 823 ἐσμόνς
635 752 762 806 ὅταν
792 753 996 822 μεταξὺ
1037 752 1210 824 πυρὸς
1243 753 1338 808 καὶ
1365 754 1586 826 σιδήρου
1620 754 1714 807 καὶ
1765 751 1966 824 θηρίων

383 834 482 894 ὢν,
523 835 829 905 ἀδάμαντος
861 831 1287 907 ἰσχυρότεροςῇ,
1319 838 1414 891 καὶ
1439 837 1793 907 περιγένηται
1830 835 1968 887 πάν-

383 933 494 971 των
531 918 619 971 διὰ
643 917 734 971 16v
769 917 870 986 1?};
911 918 1193 981 εὐσεϐείας
1230 918 1421 987 λόγον;
1466 922 1596 973 ὅταν
1650 918 1963 988 ὑϐρίζηται,

387 1002 483 1054 καὶ
519 1001 754 1071 εὐλογῇς
799 1001 927 1054 ὅταν
976 1001 1165 1065 κακῶς
1215 1002 1412 1074 ἀκούῃ,
1468 1004 1561 1056 καὶ
1603 999 1963 1072 ἐγκωμιάζης

386 1086 515 1139 ὅταν
553 1085 946 1156 ἐπηρεάζηται,
978 1086 1074 1138 καὶ
1114 1085 1340 1156 εὐχηται
1377 1087 1517 1158 ύπέρ
1554 1086 1663 1141 τῶν
1701 1086 1965 1140 ἀδικούν-

384 1186 492 1222 των
519 1186 533 1235 ;
565 1170 693 1223 ὅταν
726 1168 1166 1241 ὲπιδουλεύηται,
1199 1171 1293 1224 καὶ
1332 1172 1591 1242 εύεργετῇ
1635 1171 1761 1233 τούς
1807 1171 1966 1222 πολε-

389 1253 622 1324 μοῦντας
673 1252 821 1323 αὑτῷ
863 1253 959 1306 καὶ
996 1252 1484 1318 ἐπιϐουλεύοντας;
1516 1253 1702 1307 Ταῦτα
1731 1253 1840 1325 γάρ
1872 1253 1966 1306 καὶ

385 1337 453 1389 τὰ
482 1335 710 1388 τοιαῦτα
747 1334 856 1388 τῶν
885 1337 1130 1407 οὐρανῶν
1172 1337 1351 1406 πολλῷ
1384 1337 1583 1407 μᾶλλον
1624 1337 1839 1403 δοξάσει
1873 1338 1966 1390 τὸν

386 1420 539 1473 Θεόν.
571 1419 675 1473 Τὸν
706 1418 805 1487 μὲν
846 1419 956 1490 γὰρ
984 1420 1210 1490 οὐρανὸν
1245 1419 1396 1491 [156]
1423 1420 1658 1491 ὁρῶντες
1681 1419 1962 1491 Ἕλληνες,

387 1505 488 1556 οὐκ
521 1503 902 1574 αἰσχύνονται·
931 1503 1086 1572 ἅγιον
1115 1504 1172 1558 δὲ
1199 1505 1370 1576 ἄνδρα
1400 1504 1597 1567 ἰδόντες
1627 1503 1767 1574 μετὰ
1803 1506 1966 1575 ἀκρι-

385 1587 540 1650 ϐείας
583 1587 902 1656 φιλοσοφίαν
947 1587 1410 1658 ἐπιδεικνύμενον,
1467 1587 1824 1640 καταδύονται
1871 1587 1968 1640 καὶ

386 1669 595 1723 ἐαυτῶν
628 1667 1154 1738 καταγινώσκουσιν.
1180 1673 1349 1724 Ὅταν
1370 1670 1480 1741 γάρ
1509 1671 1538 1722 6
1563 1670 1664 1739 1?};
1683 1669 1855 1740 αὐτῆς
1875 1669 1970 1722 αύ-

385 1757 498 1818 τοῖς
528 1753 743 1823 φύσεως
765 1753 1028 1824 μετέχων,
1049 1752 1301 1807 τοσοῦτον
1319 1749 1641 1827 άνώτερος
1789 1750 1967 1823 πολλῷ

389 1837 589 1909 μᾶλλον
616 1877 631 1901 ,
664 1838 698 1910 ἢ
729 1837 852 1890 ὅσον
881 1837 910 1889 6
936 1837 1165 1906 οὐρανὸς
1191 1836 1289 1906 τῆς
1316 1837 1440 1907 γῆς,
1487 1836 1584 1890 καὶ
1623 1837 1848 1901 ἄκοντες
1881 1838 1967 1891 ey-

384 1922 617 1984 νοοῦσιν,
642 1920 726 1973 δτι
755 1920 876 1974 θεία
899 1919 1126 1988 δύναμις
1150 1919 1319 1972 ταῦτα
1343 1918 1662 1989 ἐργάζεται·
1691 1919 1771 1973 διό
1791 1937 1922 1990 φησι
1948 1937 1964 1952 ⁸

385 2005 495 2060 Καὶ
525 2004 831 2068 δοξάσωσι
861 2003 969 2056 τὸν
1000 2001 1232 2068 Πατέρα
1258 2001 1426 2072 ὑμῶν
1463 2003 1571 2055 τὸν
1597 2003 1666 2056 ἑν
1703 2003 1829 2069 τοῖς
1863 2005 1966 2057 οὑ-

379 2088 609 2158 ρανοῖς.
647 2087 835 2140 Βούλει
869 2085 1061 2156 μαθεῖν
1100 2087 1194 2139 καί
1235 2085 1517 2156 ἑτέρωθεν,
1559 2086 1674 2150 πῶς
1719 2087 1818 2157 μὲν
1858 2086 1968 2140 άπὸ

383 2175 480 2227 τοῦ
505 2173 619 2244 βίου
645 2173 753 2226 τῶν
772 2171 970 2224 δούλων
999 2170 1163 2224 αὐτοῦ
1197 2167 1476 2235 δοξάζεται
1498 2171 1526 2222 6
1554 2170 1685 2234 Θεὸς
1717 2211 1731 2234 ,
1764 2171 1882 2236 πῶς
1909 2170 1969 2224 δὲ

386 2257 494 2311 ἀπὸ
521 2255 630 2308 τῶν
655 2254 982 2323 θαυμάτων;
1023 2253 1274 2308 Ἐνέὸαλέ
1299 2269 1428 2306 ποτε
1449 2255 1478 2306 6
1498 2253 1968 2326 Ναϐουχοδονόσορ

386 2342 512 2404 τούς
532 2341 677 2412 τρεῖς
712 2339 908 2402 παῖδας
948 2339 1029 2402 εἰς
1065 2338 1164 2410 τὴν
1191 2338 1442 2408 κάμινον.
1479 2335 1614 2392 Εἶτα
1645 2339 1831 2411 ἐπειδὴ
1858 2335 1966 2392 εἶδε

385 2424 448 2478 16
469 2424 578 2495 πῦρ
606 2423 668 2477 οὐ
697 2422 1118 2494 περιγενόμενον
1151 2422 1352 2490 αὐτῶν,
1391 2423 1554 2495 φησιν
1574 2437 1589 2452 ⁶
1619 2422 1968 2493 Εὐλογητὸς

387 2513 421 2563 ό
473 2510 638 2576 Θεὸς,
687 2507 757 2573 ὃς
788 2507 1110 2562 ἀπέστειλε
1149 2509 1258 2562 τὸν
1288 2509 1550 2579 ἄγγελον
1591 2508 1800 2574 αὐτοῦ,
1866 2509 1966 2562 καὶ

385 2594 652 2658 ἐξείλετο
691 2591 832 2658 τοὺς
861 2592 1079 2658 παῖδας
1107 2592 1293 2646 αὑτοῦ
1321 2593 1390 2646 ἐκ
1423 2591 1534 2661 τῆς
1558 2592 1813 2660 καμίνου
1832 2631 1847 2648 .
1879 2591 1969 2646 ὅτι

386 2679 814 2732 ἐπεποίθεισιιν
837 2675 932 2729 ἐπ’
964 2676 1169 2741 αὐτὸν,
1202 2677 1302 2730 καί
1337 2677 1689 2743 ήλλοίωσαν
1716 2675 1782 2729 τὸ
1802 2673 1970 2743 ῥῆμα

387 2762 494 2817 τοῦ
511 2759 839 2825 βασιλέως.
873 2759 938 2812 Τί
965 2759 1185 2828 λέγεις;
1234 2758 1667 2830 κατεφρονήθης,
1718 2758 1813 2812 καὶ
1840 2758 1970 2810 θαυ-

392 2845 584 2916 μάζεις
608 2844 733 2905 τούς
753 2842 1156 2906 διαπτύσαντας
1180 2860 1195 2907 ;
1229 2843 1357 2904 Ναὶ,
1394 2842 1549 2912 φησί,
1584 2840 1724 2914 [καὶ]
1745 2841 1811 2893 δι’
1839 2840 1972 2894 αὐτὸ

387 2927 566 2992 τοῦτο,
599 2928 680 2980 δτι
719 2927 1130 2998 κατεφρονήθην
1156 2943 1169 2957 ·
1200 2927 1292 2980 καὶ
1319 2925 1413 2980 τοῦ
1464 2925 1741 2996 θαύματος
1765 2923 1970 2993 ταύτην

386 3011 486 3082 τὴν
524 3009 706 3064 αἰτίαν
747 3010 949 3080 τίθησι.
1003 3011 1164 3063 Ὥστε
1203 3010 1263 3063 οὐ
1296 3009 1384 3063 διὰ
1416 3009 1478 3062 16
1507 3011 1732 3080 σημεῖον
1768 3010 1801 3080 ὴ
1845 3007 1972 3074 δόξα

389 3097 466 3168 τῷ
498 3096 618 3167 Θεῷ
649 3095 770 3149 τότε
799 3095 990 3165 γέγονε
1026 3094 1187 3165 μόνον
1205 3135 1220 3159 ,
1262 3093 1398 3148 ἀλλὰ
1427 3094 1520 3148 καὶ
1541 3095 1629 3150 διὰ
1655 3093 1754 3166 τὴν
1783 3094 1975 3164 προαί-

393 3198 540 3253 ρεσιν
563 3179 670 3233 τῶν
704 3178 1104 3250 ἐμϐληθέντων.
1137 3179 1199 3232 Εἰ
1232 3178 1290 3232 δὲ
1322 3179 1415 3232 καί¹
1442 3177 1566 3232 καθ’
1591 3177 1753 3231 ἐαυτὸ
1783 3176 1973 3243 ἐξετά-

392 3264 505 3317 σειέ
535 3281 618 3326 τις
649 3263 808 3316 τοῦτο
851 3263 1092 3326 κάκεῖνο,
1139 3262 1239 3316 οὐκ
1278 3261 1498 3316 ἐλαττον
1538 3261 1696 3315 τοῦτο
1737 3259 1970 3314 ἐκείνου.

391 3348 500 3402 Τοῦ
523 3347 634 3418 γὰρ
665 3345 934 3417 ῥύσασθαι
953 3346 1188 3415 καμίνου
1213 3346 1273 3400 16
1300 3349 1486 3400 πεῖσαι
1509 3345 1688 3416 ψυχὰς
1712 3343 1977 3399 κατατολ-

394 3431 566 3502 μῆσαι
584 3430 836 3498 καμίνου,
865 3428 966 3482 οὐκ
995 3430 1214 3482 ἔλαττον
1243 3431 1321 3494 εἰς
1350 3429 1626 3500 θαύματος
1644 3428 1818 3494 λόγον.
1850 3427 1974 3491 Πῶς

393 3515 502 3584 γάρ
522 3513 622 3566 οὐκ
651 3511 964 3583 ἐκπλήξεως
997 3513 1164 3578 ἀξιον,
1187 3514 1316 3567 ὅταν
1344 3516 1372 3567 6
1391 3517 1489 3585 τῆς
1519 3512 1846 3584 οἰκουμένης
1877 3511 1974 3584 βα-

396 3598 600 3663 σιλεὺς,
651 3599 744 3652 καὶ
795 3599 1031 3652 τοσαῦτα
1086 3601 1213 3671 περὶ
1265 3601 1457 3654 ἑαυτὸν
1509 3601 1651 3656 ὅπλα
1703 3600 1842 3672 ἔχων
1880 3601 1976 3655 καὶ

395 3683 734 3752 στρατόπεδα
776 3684 872 3736 καὶ
915 3686 1255 3754 στρατηγοὺς
1281 3687 1376 3738 καὶ
1394 3686 1671 3758 τοπάρχας
1700 3689 1795 3741 καί¹
1830 3687 1974 3741 ὑπά-

392 3783 541 3832 τους,
576 3767 672 3821 καὶ
713 3766 819 3837 γῆν
851 3767 945 3820 καὶ
974 3767 1242 3822 θάλατταν
1281 3769 1670 3842 ὑποκειμένην,
1701 3771 1806 3825 ὑπὸ
1849 3771 1976 3824 παί-

394 3847 502 3903 δων
536 3850 898 3922 αἰχμαλώτων
931 3853 1362 3923 καταφρονῆται,
1396 3855 1488 3906 καὶ
1511 3855 1560 3906 οἰ
1580 3854 1856 3926 δεδεμένοι
1881 3853 1974 3908 τοῦ

395 3934 657 4005 δήσαντος
695 3935 1083 4008 περιγίνωνται
1112 3937 1207 3989 καὶ
1241 3939 1424 3991 πᾶσαν
1455 3938 1649 3992 νικῶσι
1674 3940 1772 4010 τὴν
1811 3957 1978 4010 στρα-

394 4022 518 4073 τιὰν
548 4019 800 4089 ἐκείνην;
829 4019 890 4072 οὐ
921 4019 1030 4090 γάρ
1069 4019 1314 4089 ἴσχυσαν,
1354 4021 1491 4093 ὅπερ
1517 4022 1730 4094 ῆθελον,
1761 4025 1811 4077 οί
1846 4024 1977 4096 περὶ

397 4102 487 4155 τὸν
517 4101 762 4172 βασιλέα.
812 4103 908 4155 καὶ
951 4102 1125 4157 ταῦτα
1167 4106 1260 4158 καί
1293 4104 1392 4174 τὴν
1441 4107 1550 4160 ἀπὸ
1593 4109 1693 4179 τῆς
1743 4109 1974 4179 καμίνου

401 4186 716 4256 συμμαχίαν
761 4185 972 4256 ἔχοντες
994 4202 1007 4214 ο
1043 4185 1158 4240 ἀλλ’
1193 4188 1243 4240 οἱ
1281 4191 1480 4258 γυμνοί
1520 4191 1615 4243 καὶ
1653 4190 1828 4246 δοῦλοι
1883 4193 1978 4246 καὶ

403 4267 541 4334 ξένοι
566 4270 660 4322 καὶ
683 4269 852 4337 ὀλίγοι
895 4268 966 4340 (τί
995 4269 1104 4341 γάρ
1130 4269 1299 4341 τριῶν
1325 4271 1681 4344 όλιγώτερον;
1710 4276 1726 4342 )
1753 4275 1978 4347 ἄπειρον

403 4354 661 4422 στρατιὰν
687 4352 964 4422 δεδεμένοι
1001 4356 1466 4424 κατηγωνίσαντο.
1510 4357 1648 4428 Ἤδη
1673 4359 1784 4429 γὰρ
1813 4359 1980 4413 θάνα-

401 4453 494 4500 τος
521 4440 923 4507 κατεφρονεῖτο,
973 4437 1160 4509 ἐπειδὴ
1205 4439 1388 4494 λοιπὸν
1426 4441 1455 4494 6
1486 4442 1720 4513 Χριστὸς
1759 4444 1980 4514 ἔμελλεν

405 4522 721 4592 ἐπιδημεῖν·
772 4522 867 4576 καὶ
910 4522 1164 4594 καθάπερ
1197 4525 1510 4581 ἀνατέλλειν
1559 4527 1842 4599 μέλλοντος
1883 4529 1977 4584 τοῦ

403 4604 581 4675 ἡλίου,
607 4605 701 4657 καὶ
730 4607 859 4676 πρὶν
886 4605 918 4676 ἢ
955 4605 1052 4670 τὰς
1073 4607 1295 4670 ἀκτῖνας
1327 4610 1584 4680 φανῆναι,
1617 4611 1865 4682 λαμπρὸν
1897 4613 1983 4682 γί-

406 4705 557 4741 νεται
583 4687 644 4740 τὸ
683 4687 798 4756 φῶς
823 4690 922 4757 τῆς
950 4689 1163 4759 ἡμέρας
1185 4706 1200 4720 ο
1241 4689 1384 4744 οὕτω
1415 4694 1506 4745 καί
1537 4692 1633 4747 τοῦ
1662 4695 1758 4765 τῆς
1785 4696 1982 4750 δικαιο-

407 4771 574 4841 σύνης
611 4770 764 4841 ἡλίου
811 4771 1092 4840 μέλλοντος
1133 4772 1410 4845 ἔρχεσθαι,
1450 4777 1479 4828 6
1522 4776 1750 4841 θάνατος
1797 4777 1982 4834 λοιπὸν

404 4852 750 4919 ύπεξίστατο.
788 4853 855 4907 Τί
880 4853 976 4906 τοῦ
1010 4855 1238 4927 θεάτρου
1275 4857 1471 4926 γένοιτ’
1499 4857 1567 4912 ἂν
1603 4859 1983 4934 λαμπρότερον

407 4935 657 5004 ἐκείνους
691 4935 745 4990 τί
775 4935 875 5006 τῆς
913 4938 1070 5010 νίκης
1096 4940 1596 5013 περιφανέστερον;
1635 4944 1687 4996 τί
1733 4943 1842 4998 τῶν
1869 4965 1985 5001 και⁶

407 5031 514 5089 νῶν
540 5033 817 5106 τροπαίων
849 5034 1284 5110 ἐπισημότερον;

477 5177 541 5262 δέ.
557 5177 730 5233 Τοῦτο
766 5179 859 5234 καὶ
884 5181 968 5248 ἐφ’
999 5181 1155 5252 ἡμῶν
1173 5184 1403 5252 γίνεται.
1434 5187 1542 5240 Καὶ
1567 5186 1660 5242 νῦν
1675 5189 1824 5244 ἐστιν
1841 5191 1986 5262 ὁτῆς

411 5261 757 5328 Βαδυλωνίας
791 5264 1026 5334 καμίνου
1070 5265 1341 5335 βασιλεὺς,
1395 5271 1490 5324 καὶ
1526 5270 1621 5326 νῦν
1660 5272 1832 5342 φλόγα
1892 5261 1983 5328 άν-

413 5347 576 5400 άπτει
614 5346 999 5420 χαλεπωτέραν
1040 5349 1288 5421 ἐκείνης’
1329 5352 1569 5407 ἐστικαὶ
1607 5355 1703 5409 νῦν
1747 5360 1776 5412 ό
1803 5357 1988 5412 τοιαύ-

410 5447 512 5501 την
540 5431 726 5485 εἰκόνα
762 5432 1000 5487 κελεύων
1034 5433 1334 5504 θαυμάζειν
1371 5450 1385 5464 ·
1419 5437 1671 5508 πάρεισιν
1703 5441 1852 5513 αὐτῷ
1893 5445 1986 5497 καὶ

415 5515 693 5586 σατράπαι
719 5517 814 5570 καὶ
844 5519 1174 5588 στρατιῶται
1214 5518 1305 5572 καὶ
1344 5520 1679 5590 γοητεύουσα
1711 5528 1939 5599 μουσική
1966 5542 1983 5558 ο

409 5599 507 5653 καὶ
534 5599 718 5654 πολλοί
749 5601 1085 5673 θαυμάζουσι
1121 5602 1325 5673 ταύτην
1355 5604 1454 5674 τὴν
1487 5606 1692 5666 εἰκόνα,
1727 5609 1824 5680 τὴν
1868 5629 1988 5665 ποια

407 5681 611 5762 κίλην,
640 5683 740 5756 τὴν
773 5685 1036 5756 μεγάλην.
1064 5686 1320 5742 Τοιοῦτον
1340 5689 1449 5760 γάρ
1469 5690 1521 5742 τί
1561 5691 1709 5744 ἐστιν
1735 5693 1768 5762 ὴ
1801 5692 1987 5746 πλεον-

404 5763 544 5829 εξία,
568 5761 681 5821 οἷον
700 5769 734 5839 ἡ
759 5768 920 5823 εἰκὼν
940 5771 1145 5841 ἐκείνη,
1169 5772 1290 5824 οὐδέ
1313 5771 1532 5843 σιδήρου
1545 5761 1982 5845 καταφρονοῦσα,

407 5847 599 5913 ἀλλ’ἐξ
625 5851 893 5924 ἀνομοίων
921 5854 1018 5925 μὲν
1045 5856 1378 5926 συγκειμένη
1414 5855 1781 5926 πραγμάτων,
1807 5856 1987 5911 πάντα

1047 337 1106 358 υ.
1146 298 1436 358 δυΑΝΝΙΒ
1467 299 1965 358 CHRYSOSTOMI

2076 300 2324 360 ιςιιιιερ.
2366 304 2907 365 CONSTANTINOP.

3553 311 3653 366 150

2071 417 2129 471 δὲ
2155 419 2455 476 κελεύουσα
2484 423 2810 495 θαυμάζειν,
2851 423 2944 476 καὶ
2971 423 3171 494 χαλκὸν
3193 424 3287 478 καὶ
3317 425 3532 497 σίδηρον
3557 422 3655 482 καὶ

2071 504 2107 558 ἃ
2153 505 2335 576 πολλῷ
2387 507 2595 560 τούτων
2647 509 2794 560 ἐστὶν
2845 507 3221 578 εὐτελέστερα.
3278 509 3416 562 Ἀλλ’
3464 511 3653 583 ῶσπερ

2069 587 2245 640 ταῦτά
2269 589 2438 653 ἐστιν,
2475 590 2621 643 οῦτω
2654 591 2748 644 καὶ
2785 591 2834 642 οἰ
2860 589 2971 644 τῶν
2998 591 3204 644 παίδων
3228 591 3450 646 ἐκείνων
3480 592 3655 662 ζηλω-

2066 671 2156 724 ταί
2189 672 2296 724 εἰσι
2321 674 2415 725 καὶ
2435 671 2551 736 νῦν,
2583 674 2633 726 οἰ
2662 673 2913 740 λέγοντες
2946 687 2960 701 °
2990 673 3121 736 Τοῖς
3159 672 3302 738 θεοῖς
3337 692 3431 728 σου
3465 677 3528 729 οὐ
3557 677 3653 731 λαο

2065 753 2356 824 τρεύομεν,
2377 757 2471 809 καὶ
2501 759 2565 826 τῇ
2594 755 2768 809 εἰκόνι
2802 773 2896 809 σου
2934 757 2996 810 οὐ
3039 757 3477 828 προσκυνοῦμεν,
3513 760 3652 814 ἀλλὰ

2067 837 2163 890 καὶ⁷
2206 839 2304 908 τὴν
2345 839 2576 909 κάμινον
2623 839 2726 909 τῆς
2773 838 2966 904 πενίας
3005 839 3367 910 ὑπομένομεν,
3413 842 3509 895 καὶ
3552 843 3652 914 τὴν

2066 919 2232 990 ἀλλην
2272 921 2650 993 ταλαιπωρίαν
2680 922 2900 977 ἃπασαν
2933 922 3071 994 ὐπὲρ
3108 923 3217 977 τῶν
3259 923 3353 976 τοῦ
3385 923 3521 977 Θεοῦ
3566 927 3656 978 νό-

2069 1016 2204 1070 μων.
2249 1002 2357 1054 Καὶ
2393 1003 2439 1054 οἰ
2479 1002 2578 1072 μὲν
2623 1002 2794 1056 πολλὰ
2823 1002 3061 1072 ἔχοντες,
3114 1001 3363 1074 καθάπερ
3408 1004 3651 1058 κάκεῖνοι

2065 1085 2207 1146 τότε,
2250 1087 2343 1138 καί
2388 1086 2593 1157 ταύτην
2632 1084 3002 1157 προσκυνοῦσι
3039 1085 3298 1149 πολλάκις
3337 1087 3432 1140 καὶ
3475 1104 3651 1140 καταο

2068 1167 2314 1222 καίονται
2348 1167 2499 1240 [157]
2529 1186 2544 1201 ο
2576 1170 2627 1223 οἰ
2655 1169 2712 1224 δὲ
2749 1169 2920 1241 μηδὲν
2959 1168 3290 1238 κεκτημένοι
3323 1169 3418 1222 καὶ
3444 1171 3654 1241 ταύτης

2068 1254 2490 1324 καταφρονοῦσι,
2526 1255 2621 1308 καὶ
2649 1256 2707 1307 ἐν
2739 1253 2899 1324 πενία
2937 1252 3108 1316 ὅντες,
3143 1255 3200 1306 ἐν
3227 1253 3401 1324 δρόσῳ
3442 1255 3650 1323 μᾶλλόν

2067 1337 2173 1389 εἰσι
2198 1339 2306 1390 τῶν
2344 1339 2403 1390 ἐν
2438 1336 2669 1409 εὐπορίᾳ
2700 1334 2919 1399 ζώντων
2945 1349 2958 1362 ⁸
2997 1335 3250 1406 καθάπερ
3283 1336 3377 1390 καὶ
3423 1338 3546 1390 τότε
3595 1341 3649 1392 οἰ

2071 1419 2170 1490 μὲν
2213 1419 2538 1490 ἐμϐαλόντες
2577 1418 2948 1489 κατεκάησαν,
2993 1419 3044 1471 οἱ
3077 1417 3134 1471 δὲ
3174 1420 3232 1471 ἐν
3275 1419 3425 1490 μέσῳ
3471 1421 3651 1486 ὀντες,

2067 1502 2258 1574 ὥσπερ
2289 1506 2346 1556 ἐν
2373 1502 2525 1557 ὕδατι
2555 1498 2697 1574 ἦσαν
2727 1501 2822 1556 καὶ
2848 1501 3068 1573 δρόσῳ⁶.
3108 1501 3217 1554 Καὶ
3247 1502 3275 1554 6
3301 1501 3564 1573 τύραννος
3595 1505 3655 1557 δὲ

2067 1589 2187 1642 τότε
2246 1589 2454 1651 ἐκεῖνος
2497 1587 2700 1659 μᾶλλον
2741 1585 2958 1640 ἐκαίετο
2997 1587 3063 1655 τῇ
3108 1585 3286 1653 φλογὶ,
3327 1585 3422 1639 τοῦ
3475 1587 3653 1657 θυμοῦ

2070 1671 2427 1742 σφοδρότερον
2464 1670 2626 1726 αὐτὸν
2671 1671 3025 1733 ἀνάπτοντος,
3065 1669 3099 1738 ἢ
3129 1671 3177 1721 οἰ
3205 1668 3391 1732 παῖδες
3429 1671 3654 1726 ἐκεῖνοι.

2081 1757 2338 1810 Ἐκείνων
2367 1756 2466 1826 μὲν
2513 1755 2624 1826 γὰρ
2672 1755 2772 1808 οὐκ
2813 1755 3002 1824 ίσχυσε
3041 1753 3103 1806 16
3153 1753 3262 1824 πῦρ
3298 1754 3418 1808 οὐδέ
3463 1755 3656 1825 ἄκρων

2069 1839 2311 1910 ἅψασθαι
2343 1839 2451 1894 τῶν
2479 1838 2681 1911 τριχῶν
2707 1855 2720 1868 °
2756 1837 2948 1892 τούτου
2991 1837 3048 1892 δὲ
3083 1836 3254 1908 πυρὸς
3288 1838 3658 1909 σφοδρότερον

2068 1926 2374 1978 κατέκαυσε
2403 1923 2502 1994 τὴν
2529 1923 2767 1977 διάνοιαν
2801 1924 2832 1994 ἡ
2859 1922 3020 1993 ὀργή.
3070 1921 3350 1990 Ἐννόησον
3383 1922 3492 1989 γὰρ
3521 1924 3655 1976 ὅσον

2067 2003 2136 2078 ῆν
2169 2010 2258 2061 ἐπ’
2281 2007 2440 2076 ὂψεσι
2469 2005 2761 2069 τοσαύταις
2789 2005 2896 2058 ὐπδ
2922 2003 3124 2058 παίδων
3165 2003 3523 2074 αἰχμαλώτων
3557 2005 3660 2058 αὐ-

2067 2092 2159 2144 τδν
2203 2089 2581 2144 διαπτύεσθαι.
2630 2087 2838 2153 Ἐδειξε
2885 2088 2996 2158 γὰρ
3034 2087 3239 2148 λοιπὸν,
3281 2089 3363 2141 δτι
3413 2089 3508 2140 καὶ
3557 2088 3662 2158 τὴν

2069 2173 2223 2227 πόλιν
2262 2174 2441 2228 αὐτῶν
2470 2171 2681 2235 έλαόεν,
2707 2173 2768 2225 οὐ
2795 2170 2945 2240 παρὰ
2965 2171 3064 2242 τὴν
3086 2171 3290 2224 οἰκείαν
3317 2171 3489 2241 ἰσχὺν.
3515 2172 3659 2224 ἀλλά

2069 2257 2221 2330 παρὰ
2253 2257 2352 2329 τὴν
2383 2258 2494 2310 τῶν
2543 2255 2752 2310 πολλῶν
2788 2255 3084 2325 ἁμαρτίαν.
3119 2255 3181 2308 Εἰ
3213 2253 3320 2326 γάρ
3355 2255 3461 2308 τῶν
3498 2255 3657 2308 δεδεο

2071 2343 2250 2414 μένων
2280 2343 2380 2396 οὐκ
2422 2344 2610 2412 ἴσχυσε
2650 2338 3059 2411 περιγενέσθαι,
3101 2339 3195 2391 καὶ
3236 2337 3406 2391 ταῦτα
3445 2340 3504 2392 ἐν
3549 2355 3657 2391 κα-

2073 2426 2211 2498 μίνῳ
2240 2425 2610 2497 βεϐλημένων,
2645 2425 2763 2487 πῶς
2792 2423 2858 2477 ἂν
2891 2421 3092 2475 τούτων
3116 2422 3462 2492 περιεγένετο
3495 2422 3660 2474 πολέ-

2073 2526 2176 2580 μου
2203 2509 2354 2580 νόμῳ
2382 2548 2396 2570 ,
2438 2509 2654 2562 πάντων
2687 2505 2942 2560 τοιούτων
2969 2506 3169 2570 δντωνς
3193 2505 3355 2558 Ὅθεν
3383 2505 3545 2575 δῆλον
3577 2506 3661 2558 ὅτι
3715 2575 3726 2582 ι

2070 2595 2126 2647 αἰ
2152 2591 2262 2646 τῶν
2292 2591 2501 2645 πολλῶν
2528 2591 2793 2662 ἁμαρτίαι
2825 2590 2924 2659 τὴν
2953 2588 3106 2642 πόλιν
3138 2587 3478 2660 παρέδωκαν.
3505 2589 3659 2658 Ὅρα
3705 2581 3714 2586 ’

2069 2676 2127 2730 δὲ
2166 2675 2258 2729 καὶ
2296 2675 2356 2729 16
2387 2673 2702 2741 άκενόδοξον
2729 2672 2838 2726 τῶν
2868 2672 3092 2726 παίδων.
3131 2673 3203 2725 Οὐ
3236 2672 3342 2740 γάρ
3371 2673 3659 2742 ἐπεπήδη-

2073 2777 2171 2814 σαν
2202 2762 2268 2830 τῇ
2299 2757 2536 2828 καμίνῳ,
2569 2757 2704 2810 ἀλλὰ
2733 2754 2826 2810 τοῦ
2869 2754 3111 2826 Χριστοῦ
3142 2758 3241 2825 τὴν
3273 2755 3661 2826 παραγγελίαν

2072 2845 2280 2899 ἄνωθεν
2311 2842 2604 2912 ἐφύλαττον
2631 2841 2897 2910 λέγοντος*
2936 2841 3206 2909 εὔχεσθε
3236 2839 3320 2909 μὴ
3355 2841 3664 2896 εἰσελθεῖν

2073 2931 2160 2996 εἰς
2221 2927 2587 2996 πειρασμόν·
2663 2923 2789 2978 οὔτε
2864 2924 3062 2994 ἔφυγον
3122 2924 3310 2995 ἐπειδὴ
3385 2924 3659 2996 ἤχθησαν,

2073 3011 2188 3067 ἀλλ’
2215 3012 2451 3083 ἔστησαν
2477 3012 2534 3064 ἐν
2553 3009 2632 3080 τῷ
2663 3010 2814 3080 μέσῳ
2842 3009 3126 3077 γενναίως,
3166 3007 3289 3060 οὐτε
3318 3007 3392 3079 μὴ
3425 3007 3664 3061 καλοῦν-

2072 3113 2164 3158 τος
2209 3093 2623 3164 ἀγωνιζόμενοι,
2671 3091 2796 3146 οὕτε
2849 3091 3142 3155 καλοῦντος
3169 3094 3177 3102 ’
3203 3090 3659 3162 μαλακιζόμενοι,

2075 3181 2211 3236 ἀλλὰ
2251 3179 2387 3251 πρὸς
2423 3178 2602 3232 πάντα
2651 3177 2862 3248 ἕτοιμοι
2912 3176 3004 3229 καὶ
3040 3179 3297 3244 γενναῖοι,
3343 3175 3434 3228 καὶ
3476 3176 3665 3248 πάσης

2075 3263 2338 3334 γέμοντες
2365 3261 2698 3333 παρρησίας.
2738 3259 3086 3329 Ἀκούσωμεν
3110 3259 3166 3312 δὲ
3189 3261 3281 3312 καὶ
3308 3259 3359 3312 τί
3385 3258 3662 3327 λέγουσιν,

2077 3346 2164 3402 ἵνα
2191 3345 2486 3400 κάντεῦθεν
2527 3345 2788 3413 μάθωμεν
2822 3343 3002 3396 αὐτῶν
3043 3343 3103 3396 τὸ
3150 3342 3436 3412 φιλόσοφον
3461 3342 3487 3381 b
3522 3343 3664 3414 φρό-

2075 3447 2226 3501 νημα
2243 3447 2258 3462 °
2286 3431 2460 3483 Ἐστι
2486 3428 2630 3493 Θεὸς
2651 3428 2720 3480 ἐν
2748 3427 3026 3495 οὐρανοῖς
3057 3426 3316 3492 δυνατὸς
3343 3425 3665 3490 ἐξελέσθαι

2076 3511 2257 3584 ἡμᾶς.
2291 3513 2364 3566 Οὐ
2400 3513 2510 3582 γὰρ
2538 3511 2679 3582 ὑπὲρ
2706 3508 2917 3564 ἑαυτῶν
2950 3509 3350 3580 φροντίζουσιν,
3385 3509 3522 3562 ἀλλὰ
3567 3510 3665 3564 καὶ

2076 3600 2326 3656 καίεσθαι
2362 3597 2669 3669 μέλλοντες,
2704 3596 2844 3667 ὑπὲρ
2882 3595 2982 3666 τῆς
3014 3594 3109 3650 τοῦ
3140 3594 3276 3648 Θεοῦ
3307 3593 3462 3664 δόξης
3495 3611 3661 3666 μερι-

2080 3683 2304 3756 μνῶσιν.
2357 3681 2475 3736 Ἵνα
2505 3679 2612 3752 γάρ
2661 3681 2736 3751 μή
2782 3695 2936 3742 ποτε,
2987 3678 3142 3749 φησὶ,
3205 3676 3664 3731 κατακαυθέντων

2076 3767 2235 3839 ἡμῶν
2286 3765 2570 3820 ἀσθένειαν
2623 3764 2718 3817 τοῦ
2767 3762 2904 3816 Θεοῦ
2957 3761 3266 3832 καταγνῷς,
3320 3760 3422 3832 ήδη
3476 3775 3562 3813 σοι
3604 3760 3665 3814 16

2075 3854 2253 3922 δόγμα
2299 3849 2446 3905 ἆπαν
2481 3847 2900 3918 ἀπαγγέλλομεν
2941 3845 3187 3918 άκριὸῶς
3237 3845 3299 3898 16
3342 3843 3616 3916 ἡμέτερον
3647 3860 3660 3874 ·

2081 3937 2254 3991 Ἔστι
2286 3933 2430 4000 Θεὸς
2467 3934 2536 3987 ἐν
2559 3931 2860 4002 οὐρανοῖς,
2895 3931 2955 3984 οὐ
2996 3929 3257 3992 τοιοῦτος,
3291 3929 3377 3981 οἵα
3405 3927 3547 3998 αῦτη
3581 3927 3664 3980 εἰ-

2079 4019 2188 4074 κὼν
2215 4023 2248 4090 ἡ
2282 4020 2373 4072 ἐπὶ
2391 4017 2520 4086 γῆς,
2550 4017 2583 4086 ἠ
2609 4015 2814 4086 ἄψυχος
2838 4015 2934 4068 καὶ
2957 4015 3192 4083 ἄφωνος.
3220 4013 3333 4066 ἀλλ’
3358 4011 3543 4074 ἱκανὸς
3565 4010 3663 4065 καὶ

2080 4108 2146 4159 ἐκ
2199 4104 2371 4175 μέσης
2419 4099 2651 4172 καμίνου
2695 4101 2796 4171 τῆς
2847 4098 3145 4168 καιομένης
3199 4095 3520 4166 ἐξαρπάσαι.
3567 4094 3664 4166 Μὴ

2079 4188 2257 4242 τοίνυν
2287 4184 2452 4239 αὐτοῦ
2478 4181 2764 4252 καταγνῷς
2789 4181 3098 4244 ἀσθένειαν,
3119 4181 3204 4233 ὅτι
3235 4178 3456 4248 ἀφίησιν
3483 4180 3664 4246 ἐμπε-

2083 4273 2218 4325 σεῖν.
2271 4267 2460 4332 Οῦτως
2496 4267 2615 4320 ἐστί
2646 4263 2889 4328 δυνατὸς.
2931 4263 3072 4317 ῶστε
3107 4261 3246 4333 μετὰ
3285 4260 3346 4313 16
3397 4262 3664 4329 ἐμπεσεῖν

2081 4354 2246 4408 πάλιν
2289 4352 2438 4422 ἡμᾶς
2485 4349 2788 4420 ἐξαρπάσαι
2833 4348 2933 4417 τῆς
2981 4345 3215 4416 φλογόςο
3253 4342 3362 4397 Καὶ
3390 4341 3500 4396 ἐὰν
3544 4341 3664 4411 μὴ,

2081 4435 2356 4507 γνωστὸν
2382 4434 2539 4488 ἔστω
2557 4449 2678 4498 σοι,
2708 4427 2754 4485 ὦ
2777 4429 3062 4495 βασιλεῦ,
3093 4429 3181 4482 ὅτι
3209 4426 3333 4493 τοῖς
3357 4423 3512 4507 θεοῖς
3541 4439 3664 4478 σοι·

2082 4505 2154 4578 οὐ
2184 4521 2571 4591 λατρεύομεν,
2599 4517 2697 4572 καὶ
2734 4515 2809 4586 τῇ
2853 4519 3037 4570 εἰκόνι
3068 4512 3140 4582 τῇ
3169 4509 3374 4582 χρυσῇ
3409 4505 3448 4582 ᾗ
3479 4509 3665 4578 ἕστη-

2083 4624 2201 4673 σας
2243 4608 2314 4660 οὐ
2347 4601 2830 4673 προσκυνοῦμεν.
2867 4601 3010 4669 Ὅρα
3057 4598 3254 4660 αὐτοὺς
3301 4595 3664 4664 οἰκονομικῶς

2083 4688 2412 4759 ἀγνοοῦντας
2441 4687 2503 4740 16
2533 4684 2748 4756 μέλλον.
2782 4684 2842 4736 Εἰ
2866 4684 2973 4753 γάρ
3005 4681 3326 4753 προῄδεσαν,
3367 4677 3486 4730 οὐδὲ
3521 4674 3660 4746 ἦσαν

2085 4773 2410 4844 θαυμαστοὶ,
2435 4768 2798 4838 πεποιηκότες
2829 4768 2966 4836 ὅπερ
2993 4765 3283 4834 ἐποίησαν
3309 4763 3361 4815 τί
3389 4762 3496 4830 γὰρ
3529 4762 3663 4815 00.6-

2088 4854 2318 4928 μαστὸν,
2351 4855 2400 4906 εἰ
2419 4852 2648 4924 ἐνέχυρα
2681 4849 2894 4920 ἔχοντες
2924 4847 3222 4918 σωτηρίας,
3249 4844 3663 4928 κατετόλμησαν

2084 4927 2195 4994 τῶν
2224 4937 2449 5003 δεινῶν;
2475 4934 2590 4989 ἀλλ’
2630 4935 2658 4986 6
2686 4933 2785 5001 μὲν
2814 4931 2944 4994 Θεὸς
2973 4930 3270 4996 ἐδοξάζετο,
3298 4927 3550 5000 δυνηθεὶς
3571 4931 3664 4981 ἐκ·

2086 5023 2271 5079 ϐαλεῖν
2297 5021 2398 5091 τῆς
2441 5017 2674 5088 καμίνου
2701 5033 2714 5046 ·
2759 5017 2956 5069 ἐκεῖνοι
2985 5013 3042 5067 δὲ
3073 5014 3173 5066 οὐκ
3204 5013 3269 5066 ἂν
3308 5011 3664 5082 ἐθαυμάσθη-

2088 5125 2208 5173 σαν,
2246 5107 2342 5161 άτε
2388 5105 2462 5176 μὴ
2509 5103 2588 5166 εἰς
2636 5098 2916 5161 κινδύνους
2959 5097 3185 5160 ἐαυτούς
3235 5095 3511 5167 ῥίψαντες.
3565 5095 3667 5148 Διὰ

2085 5192 2244 5246 τοῦτο
2271 5191 2466 5254 αὐτοὺς
2490 5188 2701 5258 ἀφῆκεν
2727 5184 2991 5254 ἀγνοῆσαι
3014 5182 3076 5235 16
3103 5179 3316 5252 μέλλον,
3351 5181 3436 5232 ἵνα
3462 5180 3662 5242 αὐτοὺς

2086 5279 2286 5350 δοξάσῃ
2325 5276 2506 5330 πλέον.
2550 5273 2659 5328 Καὶ
2691 5269 2944 5338 καθάπερ
2974 5267 3132 5321 αὐτοὶ
3167 5265 3528 5350 ἠσφαλίζοντο
3571 5265 3665 5316 τὸν

2091 5348 2316 5432 βασιλέα
2351 5359 2427 5431 μὴ
2476 5355 2760 5410 ἀσθένειαν
2806 5351 3151 5418 καταγνῶναι
3189 5348 3325 5402 Θεοῦ
3348 5350 3459 5432 ,μεί
3492 5364 3661 5432 καταέ

2089 5430 2454 5513 καυθείησαν”
2484 5438 2656 5500 οῦτως
2696 5439 2722 5490 6
2769 5435 2903 5498 Θεὸς
2950 5433 3236 5504 ἀμφότερα
3269 5430 3521 5501 ἐποίησε,
3569 5431 3665 5482 καὶ

2089 5529 2188 5599 τὴν
2215 5525 2408 5580 ἐαυτοῦ
2431 5523 2656 5593 δύναμιν
2679 5518 2867 5585 ἔδειξε,
2891 5518 2986 5572 καί
3019 5517 3117 5589 τὴν
3145 5516 3252 5570 τῶν
3278 5515 3486 5567 παίδων
3527 5529 3664 5584 προ-

2091 5596 2292 5682 θυμίαν
2316 5605 2703 5680 λαμπροτέραν
2723 5601 3046 5673 διαφανῆναι
3073 5597 3469 5672 παρεσκεύασε.
3497 5596 3666 5650 Πόθεν

2151 5804 2176 5833 ⁸
2211 5803 2316 5852 Duo
2343 5798 2504 5855 codd,
2528 5797 2651 5858 ἦσαν
2671 5801 2728 5859 τῇ
2754 5795 2930 5858 δρόσῳ,
2965 5795 3170 5854 rectius,
3196 5794 3246 5841 ni
3270 5792 3497 5842 fallimur.
3529 5788 3650 5838 Enr:

2091 5867 2120 5908 δ
2144 5865 2287 5926 Reg.,
2308 5861 2534 5924 φιλόθεον.
