3838 6214
231 257 314 314 149

225 377 349 440 tiam,
372 374 510 446 quod
542 385 813 446 peccatum
837 377 931 433 vix
952 377 1159 433 veniam
1187 377 1431 432 admittat
1460 395 1474 432 :
1504 377 1644 433 circa
1671 378 1780 432 vir-

221 479 366 525 tutem
405 478 585 523 autem
631 468 899 536 hominis,
933 484 1090 525 nemo
1126 470 1204 525 sic
1240 469 1579 539 impudenter
1622 485 1782 539 agere

222 558 414 632 poterit,
434 558 527 613 sed
549 561 767 616 omnino
786 560 1106 631 glorificabit
1128 562 1318 625 Deum,
1340 560 1465 616 dum
1488 559 1634 615 videt
1656 574 1780 614 eum

222 652 297 719 qui
327 649 429 703 Deo
458 651 621 705 servit
648 663 833 706 sancte
878 654 1167 707 viventem.
1209 652 1338 720 Quis
1367 652 1507 706 enim
1545 665 1650 705 non
1679 651 1778 705 ob-

219 750 485 813 stupescet,
530 743 743 811 quando
782 743 1046 815 quispiam
1068 787 1081 809 ,
1110 743 1273 798 homo
1296 758 1415 798 cum
1442 743 1510 797 sit
1534 758 1775 797 commu-

220 834 387 901 nisque
407 842 609 887 natura:
638 834 926 904 particeps,
954 835 1005 888 in
1033 834 1330 903 mediisque
1357 848 1575 888 versans
1605 833 1777 887 homi-

216 923 354 980 nibus
377 965 393 990 ,
421 922 557 977 sicut
583 925 823 991 adamas,
872 942 977 979 non
1022 926 1352 980 convertitur
1375 925 1440 978 ad
1468 925 1773 993 passionum

215 1016 431 1087 agmen?
456 1031 575 1069 cum
607 1016 746 1071 inter
792 1018 964 1087 ignem
993 1028 1047 1072 et
1073 1018 1271 1072 ferrum
1295 1027 1348 1072 et
1379 1016 1515 1071 feras
1556 1031 1774 1071 versans

213 1106 475 1161 adamante
515 1106 701 1161 fortior
740 1116 841 1172 est,
872 1118 925 1162 et
952 1124 1048 1177 per
1090 1108 1302 1177 pietatis
1346 1107 1565 1161 verbum
1606 1108 1771 1161 ratio-

211 1197 627 1265 nemqueomnia
654 1197 1014 1266 superaverit?
1038 1198 1250 1266 quando
1277 1197 1482 1266 probris
1517 1196 1766 1263 afficitur,

210 1288 577 1343 ctbeuedicit?
606 1290 816 1359 quando
861 1291 999 1345 male
1044 1290 1190 1343 audit
1229 1299 1282 1343 et
1321 1289 1532 1343 laudat?
1559 1288 1769 1357 quando

206 1380 431 1435 molestia
462 1382 508 1435 ei
536 1390 768 1446 creatur,
793 1390 846 1437 ct
868 1382 956 1436 ille
984 1392 1099 1436 orat
1126 1396 1221 1450 pro
1250 1382 1313 1435 iis
1340 1380 1430 1450 qui
1459 1395 1637 1435 secum
1662 1380 1767 1434 iui-

205 1486 299 1541 que
317 1472 511 1539 agunt?
530 1471 745 1541 quando
769 1474 976 1527 insidiis
995 1474 1281 1541 appetitur,
1300 1481 1352 1527 et
1374 1474 1487 1541 ipse
1512 1470 1766 1527 beneﬁcia

203 1571 403 1632 prmstat
453 1563 850 1619 insidiatoribus
876 1574 929 1619 et
954 1564 1309 1618 adversariis?
1348 1564 1469 1617 Haec
1494 1572 1548 1617 et
1572 1563 1764 1617 similia

200 1653 356 1722 magis
390 1669 548 1721 quam
587 1654 702 1709 caeli
743 1654 1040 1724 glorificant
1083 1655 1267 1709 Deum.
1316 1654 1490 1709 Graeci
1535 1669 1765 1724 namque

196 1746 371 1816 emtum
421 1744 697 1809 videntes,
728 1760 835 1799 non
882 1745 1086 1815 pudore
1129 1744 1466 1809 afficiuntur;
1519 1755 1761 1800 sanctum

194 1849 358 1891 autem
389 1837 561 1891 virum
593 1838 833 1893 videntes
883 1847 1128 1893 accurate
1178 1837 1563 1907 philosophiam
1605 1838 1760 1892 exhi-

190 1930 420 1996 bentem,
453 1930 653 2000 pudore
680 1930 1055 1985 sulfunduntur
1080 1945 1303 2001 seseque
1328 1929 1602 1985 damnant.
1626 1930 1758 1985 Cum

190 2022 320 2078 enim
348 2014 413 2087 is',
444 2022 534 2089 qui
559 2021 797 2092 ejusdem
826 2032 1028 2077 natura:
1056 2037 1278 2078 consors
1298 2033 1399 2089 est,
1423 2023 1493 2077 ita
1516 2024 1759 2093 superior

185 2114 283 2167 illis
308 2122 389 2167 est
413 2153 427 2175 ,
460 2121 513 2167 et
538 2113 705 2167 multo
741 2113 942 2184 magis,
972 2128 1128 2183 quam
1160 2113 1348 2167 caelum
1377 2121 1571 2168 terram
1601 2128 1757 2183 supe-

183 2214 287 2267 rat;
315 2201 399 2256 vel
429 2202 581 2256 inviti
624 2203 895 2272 cogitant,
923 2202 1205 2272 quamdam
1232 2202 1463 2257 divinam
1506 2204 1753 2258 virtutem

183 2294 291 2349 ba-c
316 2295 533 2362 operari
564 2312 578 2347 :
602 2294 724 2349 ideo
750 2296 856 2349 ait:
882 2295 947 2348 Et
974 2296 1258 2364 gloriﬁcent
1303 2294 1511 2349 Patrem
1536 2304 1752 2349 vestrum

176 2391 258 2459 qui
294 2390 345 2442 in
378 2388 519 2443 caelis
562 2398 654 2443 est.
695 2388 787 2443 Vis
817 2396 872 2442 et
898 2387 1115 2442 aliunde
1156 2388 1394 2452 discere,
1420 2388 1686 2458 quomodo
1721 2404 1750 2442 a

173 2496 447 2537 servorum
494 2495 711 2535 suorum
758 2480 868 2534 vita
912 2479 1236 2549 glorificetur
1278 2481 1443 2545 Deus,
1484 2481 1751 2551 quomodo

172 2574 323 2628 etiam
351 2588 379 2626 a
409 2572 726 2627 miraculis?
756 2572 979 2626 Immisit
1003 2571 1288 2641 aliquando
1325 2572 1751 2627 Nabuchodono-

168 2678 255 2718 sor
282 2672 390 2719 tres
418 2678 620 2733 pueros
647 2664 697 2716 in
727 2662 1016 2717 fornacem.
1050 2662 1249 2716 Deinde
1278 2663 1401 2731 quia
1422 2662 1553 2716 vidit
1572 2662 1749 2731 ignem

165 2769 267 2809 non
296 2754 416 2807 illos
443 2768 721 2822 superare,
745 2754 817 2806 ait
846 2771 859 2805 :
892 2752 1192 2805 Benedictus
1212 2751 1372 2816 Deus,
1393 2753 1478 2821 qui
1499 2754 1632 2807 misit
1652 2771 1746 2808 an-

161 2847 323 2916 gelum
346 2862 521 2910 suum,
552 2854 598 2898 et
617 2846 798 2913 eripuit
824 2860 1003 2914 pueros
1024 2860 1145 2898 suos
1170 2859 1199 2896 a
1230 2843 1464 2906 fornace,
1487 2849 1606 2910 quia
1626 2861 1747 2897 con-

160 2939 378 3006 fiderunt
404 2939 459 2991 in
484 2956 597 2991 eum
628 2954 647 2991 :
670 2947 714 2990 et
744 2937 946 2990 verbum
972 2939 1103 3007 regis
1132 2946 1446 2990 mutaverunt
1476 2935 1652 3007 (Dan.
1686 2938 1742 2991 5.

158 3030 285 3098 95).
308 3030 449 3096 Quid
476 3029 645 3083 dicis?
667 3038 1002 3097 contemptus
1028 3029 1194 3093 fuisti,
1219 3038 1273 3082 et
1299 3029 1506 3082 miraris
1535 3044 1629 3083 eos
1654 3030 1741 3098 qui

154 3123 517 3192 respuerunt?
564 3122 759 3185 Etiam,
808 3122 998 3190 inquit,
1044 3130 1099 3176 et
1148 3128 1364 3189 propter
1413 3119 1515 3174 hoc
1568 3121 1742 3188 ipsum

150 3215 290 3284 quod
337 3216 677 3285 contemptui
703 3214 914 3269 habitus
940 3214 1075 3279 sim;
1113 3221 1168 3267 et
1195 3214 1432 3267 miraculi
1464 3213 1601 3267 hamc
1628 3224 1740 3267 sta-

148 3312 244 3365 tuit
268 3326 391 3365 esse
418 3325 658 3365 causam.
689 3310 870 3379 Itaque
900 3324 1005 3362 non
1038 3315 1253 3377 propter
1290 3307 1498 3377 signum
1537 3317 1737 3361 tantum

148 3411 268 3456 tunc
293 3403 472 3471 gloria
502 3402 612 3456 Deo
637 3401 768 3467 fuit,
796 3400 889 3455 sed
922 3408 1139 3469 propter
1179 3398 1507 3468 propositum
1547 3413 1735 3453 eorum

142 3494 229 3561 qui
257 3495 351 3547 illo
384 3494 571 3563 injecti
603 3501 744 3548 sunt.
793 3491 944 3559 Quod
976 3491 1022 3545 si
1051 3491 1170 3558 quis
1200 3490 1301 3544 hoc
1322 3500 1375 3545 et
1402 3490 1527 3543 illud
1558 3505 1655 3560 per
1677 3507 1737 3544 se

140 3584 430 3649 examinet,
468 3598 575 3638 non
605 3584 706 3637 hoc
735 3583 827 3637 illo
856 3584 1029 3638 minus
1056 3590 1158 3636 est.
1181 3582 1224 3635 A
1256 3580 1471 3636 fornace
1499 3585 1639 3635 enim
1668 3582 1702 3635 li

135 3682 360 3736 berasse
380 3721 398 3746 ,
430 3693 544 3733 non
573 3687 652 3733 est
678 3678 849 3748 majus
875 3679 941 3733 ad
966 3677 1225 3732 rationem
1268 3677 1543 3742 miraculi,
1576 3693 1732 3746 quam

136 3771 325 3824 animis
381 3769 722 3839 persuasisse
767 3779 824 3823 ut
868 3768 1276 3838 ingrederentur
1331 3769 1383 3823 in
1437 3768 1729 3823 fornacem.

130 3861 421 3927 Quomodo
447 3861 595 3915 enim
624 3874 727 3914 non
758 3859 977 3928 dignum
1025 3868 1243 3930 stupore
1282 3859 1459 3925 fuerit,
1488 3874 1608 3913 cum
1637 3875 1730 3916 rex

130 3952 308 4017 orbis,
340 3961 457 4005 tam
489 3951 671 4005 multis
696 3951 860 4005 armis
884 3950 1272 4020 circumseptus
1290 3991 1305 4012 ,
1334 3954 1601 4006 exercitus
1632 3951 1728 4005 ha-

128 4042 280 4109 bens,
315 4043 520 4108 duces,
544 4042 827 4112 toparchas
847 4053 902 4097 et
925 4042 1193 4106 consules,
1218 4051 1373 4095 terrm
1396 4052 1449 4096 et
1476 4045 1609 4096 mari
1633 4042 1730 4097 im-

129 4150 343 4204 perans,
367 4152 400 4190 a
428 4136 615 4205 pueris
636 4134 859 4205 captivis
884 4134 1177 4204 despicitur
1195 4175 1209 4198 ,
1236 4142 1290 4187 et
1311 4134 1470 4188 vincti
1492 4135 1729 4190 vincien-

124 4239 226 4281 tem
257 4237 538 4299 superant
564 4237 618 4282 et
642 4237 810 4281 totum
834 4227 999 4296 ipsius
1021 4227 1240 4280 vincunt
1260 4227 1591 4280 exercitum?
1611 4226 1726 4281 Non

123 4319 262 4373 enim
314 4326 624 4388 potuerunt
654 4318 704 4373 id
725 4360 740 4381 ,
770 4318 910 4388 quod
955 4317 1264 4379 voluerunt,
1298 4332 1389 4369 rex
1419 4324 1475 4369 et
1504 4317 1727 4372 clientes

118 4411 253 4478 ejus,
277 4410 375 4481 qui
429 4420 491 4466 et
535 4409 653 4464 hmc
692 4420 746 4463 et
796 4408 1023 4463 fornacis
1064 4408 1271 4477 capiam
1308 4407 1601 4471 habebant;
1630 4408 1725 4463 sed

120 4502 267 4567 nudi,
302 4502 502 4565 servi,
534 4500 721 4565 exteri,
737 4500 889 4569 pauci
914 4498 1071 4571 (quid
1112 4499 1251 4552 enim
1293 4498 1460 4551 tribus
1506 4499 1727 4568 paucius

117 4592 248 4661 sit?)
292 4592 643 4646 immensum
680 4591 972 4645 exercitum
1006 4590 1170 4644 vincti
1202 4590 1569 4660 proﬂigarunt.
1607 4590 1725 4645 Jam

116 4685 259 4738 enim
294 4700 461 4739 mors
488 4683 904 4754 despiciebatur,
927 4683 1049 4753 quia
1083 4682 1408 4737 adventuros
1428 4692 1542 4737 erat
1568 4682 1725 4737 Chri-

113 4786 224 4831 stus
251 4796 268 4833 :
294 4787 353 4833 et
385 4778 544 4832 sicut
570 4777 678 4844 jam
704 4776 910 4829 orituro
937 4775 1072 4839 sole,
1092 4784 1375 4843 antequam
1403 4773 1537 4828 radii
1564 4788 1726 4842 appa-

113 4881 291 4934 reant,
312 4867 619 4938 splendida
647 4866 876 4921 efﬁcitur
904 4866 991 4919 lux
1020 4865 1124 4920 diei
1155 4883 1167 4918 :
1201 4864 1279 4919 sic
1307 4865 1466 4920 etiam
1498 4875 1725 4918 venturo

109 4958 334 5029 jnstitim
360 4960 499 5014 sole
526 4974 671 5013 mors
699 4958 910 5013 tandem
937 4957 1178 5013 cedebat.
1210 4956 1348 5023 Quid
1386 4957 1478 5010 illo
1519 4956 1725 5012 theatro

111 5054 471 5121 splendidius
506 5050 707 5104 fuerit?
745 5049 871 5118 quid
903 5049 1120 5103 victoria
1145 5048 1384 5103 clarius?
1420 5048 1547 5117 quid
1575 5049 1726 5104 novis

110 5150 331 5218 tropseis
365 5145 685 5215 insignius?

181 5239 236 5296 4.
293 5239 427 5296 Hoc
459 5236 530 5290 ﬁt
555 5236 719 5289 etiam
748 5243 933 5289 nostro
961 5244 1222 5302 tempore.
1267 5232 1335 5287 Et
1358 5248 1497 5288 nunc
1523 5248 1617 5288 rex
1645 5242 1728 5287 est

109 5330 486 5403 Babylonica:
532 5328 795 5393 fornacis,
826 5342 969 5381 nunc
994 5326 1152 5381 etiam
1178 5326 1452 5381 fornacem
1483 5325 1728 5380 accendit

108 5423 194 5477 illa
216 5425 559 5494 graviorem
592 5440 606 5476 :
637 5429 720 5476 est
743 5420 904 5474 etiam
929 5422 1015 5488 qui
1046 5433 1188 5473 nunc
1210 5418 1351 5471 illam
1373 5417 1525 5487 jubet
1550 5416 1723 5471 admi-

109 5518 215 5573 rari
266 5517 591 5588 imaginem
618 5532 632 5570 :
660 5514 855 5569 adsunt
901 5512 999 5582 ipsi
1037 5522 1093 5568 et
1119 5520 1344 5579 satrapa:
1370 5519 1425 5566 et
1451 5510 1646 5566 milites
1673 5518 1728 5565 et

107 5611 318 5666 musica
373 5606 746 5671 demulcens;
778 5604 1036 5673 multique
1064 5604 1208 5657 illam
1238 5601 1524 5671 imaginem
1553 5601 1725 5655 admi-

110 5711 339 5770 rantur,
384 5697 646 5757 variam.
690 5710 956 5764 magnam.
1005 5693 1133 5747 Tale
1160 5693 1300 5746 enim
1343 5690 1611 5761 quidpiam
1637 5700 1719 5745 est

446 5796 732 5857 PATROL.
779 5797 898 5856 Gn.
950 5796 1108 5857 LXI.

1218 262 1285 317 IN
1324 262 1539 318 EPIST.
1580 262 1602 317 I
1663 264 1755 319 AD
1792 263 1948 321 COR.
1991 260 2220 321 HOMIL.
2267 265 2451 323 XVIII.

3367 277 3466 333 150

1886 379 2109 433 avaritia
2132 420 2146 441 ,
2176 379 2335 448 quale
2361 382 2537 450 imago
2566 380 2653 436 illa
2681 423 2695 447 ,
2728 398 2796 437 ne
2822 383 3021 438 ferrum
3051 387 3267 455 quidem
3296 390 3468 460 despi-

1884 468 2032 522 ciens
2056 510 2072 534 ,
2115 470 2209 523 sed
2234 486 2301 525 ex
2344 471 2691 527 dissimilibus
2717 477 3014 543 composita
3042 476 3200 531 rebus
3224 520 3243 546 ,
3286 485 3465 536 omnia

1882 560 2135 615 admirari
2171 563 2365 631 jubens
2392 604 2407 628 ,
2436 579 2510 618 aes
2536 605 2552 630 ,
2580 563 2779 620 ferrum
2801 606 2817 630 ,
2845 574 2899 621 et
2923 582 3042 636 quae
3065 580 3191 624 sunt
3232 572 3335 626 illis
3364 575 3465 628 ad-

1883 652 2098 706 modum
2146 654 2354 709 viliora.
2400 654 2506 710 Sed
2560 657 3009 726 quemadmodum
3040 659 3155 716 htec
3182 672 3345 728 sunt;
3391 665 3471 720 ita

1880 743 2040 798 etiam
2070 760 2211 800 nunc
2239 754 2365 800 sunt
2390 762 2680 817 puerorum
2705 748 2912 804 illorum
2942 751 3236 808 imitatores
3263 755 3351 823 qui
3379 756 3461 808 di—

1878 844 2043 889 eunt:
2076 837 2188 892 Diis
2215 839 2320 892 tuis
2343 853 2446 893 non
2470 840 2755 906 servimus,
2788 851 2843 895 et
2870 842 3156 912 imaginem
3185 854 3327 900 tuam
3350 861 3457 903 non

1878 926 2199 994 adoramus;
2228 930 2323 984 sed
2372 938 2428 985 et
2471 932 2799 1000 paupertatis
2828 931 3100 989 fornacem
3128 936 3459 993 susnnetnus

1877 1024 1931 1070 et
1970 1017 2128 1072 aliam
2177 1035 2389 1075 omnem
2436 1022 2703 1077 miseriam
2748 1039 2845 1093 pro
2876 1024 2968 1078 Dei
3013 1025 3234 1094 legibus.
3266 1027 3337 1084 Et
3380 1030 3454 1086 illi

1876 1108 2089 1177 quidem
2113 1112 2201 1181 qui
2225 1114 2387 1167 multa
2412 1112 2625 1178 habent,
2649 1124 2778 1169 utet
2800 1124 3011 1171 veteres
3034 1118 3129 1180 illi,
3156 1119 3291 1173 hanc
3311 1135 3456 1190 smpe

1874 1198 2101 1255 adorant
2142 1212 2197 1257 et
2222 1204 2636 1271 comburuntur;
2685 1207 2772 1273 qui
2816 1222 2945 1262 vero
2976 1207 3106 1262 nihil
3141 1210 3451 1278 possident,

1874 1286 2011 1343 banc
2036 1291 2380 1361 despiciunt,
2407 1296 2533 1350 etin
2565 1304 2880 1365 paupertate
2910 1307 3205 1364 versantes,
3243 1300 3296 1356 in
3327 1316 3453 1358 rore

1872 1384 2042 1451 magis
2082 1385 2425 1455 deliciantur,
2473 1405 2630 1456 quam
2658 1389 2734 1444 illi
2763 1391 2851 1459 qui
2895 1390 2947 1445 in
2980 1406 3157 1447 rerum
3184 1394 3338 1463 copia
3368 1394 3451 1447 vi-

1872 1482 2036 1527 vunt:
2067 1476 2206 1529 sicut
2229 1485 2285 1531 et
2315 1487 2439 1533 tunc
2462 1495 2708 1549 quoque,
2740 1481 2831 1548 qui
2860 1481 3157 1550 injecerunt
3183 1484 3448 1538 combusti

1868 1573 2022 1627 sunt,
2047 1565 2135 1633 qui
2170 1577 2345 1621 autem
2376 1569 2427 1621 in
2455 1569 2633 1623 medio
2657 1576 2848 1636 erant,
2877 1586 2975 1626 ceu
3004 1572 3057 1625 in
3082 1587 3217 1643 aqua
3243 1584 3295 1628 et
3322 1589 3449 1630 rore

1867 1655 2237 1712 versabantur.
2264 1659 2548 1731 Tyrannus
2572 1672 2751 1717 autem
2783 1664 2871 1718 ille
2899 1675 3024 1719 tunc
3046 1665 3216 1735 magis
3242 1680 3270 1718 a
3295 1658 3447 1720 llam-

1866 1759 1953 1799 ma
2010 1747 2296 1815 urebatur,
2348 1750 2423 1804 ira
2470 1751 2840 1807 vehementius
2889 1753 3036 1809 illum
3084 1754 3442 1821 incendente,

1864 1851 2023 1907 quam
2049 1840 2196 1908 pueri
2227 1841 2300 1894 illi
2327 1841 2757 1898 incenderentur.
2786 1842 2916 1898 Nam
2956 1844 3171 1900 illorum
3200 1861 3268 1901 ne
3293 1862 3445 1902 sum-

1864 1944 1982 1985 mos
2007 1930 2219 2000 quidem
2247 1933 2470 2001 capillos
2498 1934 2667 2002 potuit
2704 1934 2841 2003 ignis
2883 1944 3133 2005 tangere;
3164 1936 3319 2006 lmjus
3342 1952 3442 1992 au-

1865 2026 1971 2074 tem
2017 2030 2251 2075 mentem
2280 2023 2399 2092 igne
2444 2023 2817 2079 vehementius
2862 2025 2938 2079 ira
2967 2024 3224 2081 incendit.
3259 2028 3441 2097 Cogita

1861 2112 2006 2166 enim
2034 2122 2288 2183 quantum
2319 2114 2448 2168 illud
2472 2126 2646 2180 esset,
2677 2116 2727 2169 in
2761 2126 2867 2170 tam
2895 2116 3187 2172 multorum
3216 2133 3444 2186 conspe-

1858 2215 1949 2261 ctu
1993 2221 2023 2259 a
2071 2207 2253 2276 pueris
2294 2208 2518 2276 captivis
2556 2207 2729 2277 ipsum
2774 2208 3071 2265 contemni.
3111 2209 3260 2265 Tunc
3296 2210 3438 2266 enim

1858 2298 2126 2363 ostendit,
2159 2314 2220 2353 se
2246 2299 2459 2353 illorum
2488 2300 2674 2356 urbem
2704 2301 2947 2371 cepisse,
2983 2317 3088 2357 non
3115 2303 3165 2356 vi
3196 2318 3312 2367 sua,
3342 2303 3435 2358 sed

1858 2398 2077 2459 propter
2098 2390 2383 2444 multorum
2410 2398 2645 2460 peccata.
2675 2391 2806 2446 Nam
2827 2393 2873 2446 si
2898 2392 3107 2449 vinctos
3129 2409 3237 2448 non
3268 2395 3436 2463 potuit

1855 2495 2144 2547 superare,
2176 2481 2445 2550 etiamque
2495 2482 2547 2535 in
2572 2480 2841 2537 fornacem
2874 2482 3099 2552 injectos
3122 2522 3138 2551 ,
3166 2483 3437 2553 quomodo

1854 2571 1977 2624 illos
2007 2571 2124 2640 lege
2153 2570 2275 2625 belli
2316 2579 2657 2640 superasset,
2701 2572 2747 2626 si
2775 2586 2964 2627 omnes
2993 2572 3127 2628 tales
3167 2572 3438 2627 fuissent?

1854 2660 2007 2716 Unde
2036 2662 2376 2716 manifestum
2417 2671 2499 2717 est
2527 2663 2815 2716 multorum
2844 2675 3062 2733 peccata
3104 2663 3291 2717 urbem
3324 2672 3434 2717 tra-

1850 2750 2072 2807 didisse.
2105 2752 2239 2808 Vide
2276 2762 2454 2807 autem
2479 2768 2636 2821 quam
2664 2769 2694 2806 a
2726 2769 2858 2807 vana
2888 2754 3055 2825 gloria
3087 2754 3243 2808 alieni
3285 2756 3434 2823 pueri

1851 2853 2050 2898 essent.
2095 2843 2211 2898 Non
2239 2846 2382 2897 enim
2426 2845 2729 2900 insilierunt
2760 2846 2810 2898 in
2862 2845 3175 2912 fornacem,
3206 2848 3297 2901 sed
3322 2848 3431 2916 jam

1848 2933 2224 2988 olim‘Christi
2270 2948 2592 3005 praeceptum
2643 2937 2933 2996 servabant
2979 2938 3243 2992 dicentis:
3278 2936 3434 2992 Orate

1848 3043 1911 3080 ne
1936 3028 2129 3081 intretis
2158 3028 2211 3080 in
2239 3030 2561 3082 tentationem
2604 3029 2819 3099 (Matt/1.
2847 3030 2937 3085 26.
2967 3028 3057 3102 Μ)
3092 3048 3104 3083 :
3136 3045 3311 3101 neque
3340 3032 3426 3085 fu-

1845 3127 2038 3186 gerunt
2088 3117 2303 3187 quando
2339 3118 2481 3173 ducti
2510 3130 2666 3184 sunt,
2710 3120 2804 3174 sed
2854 3130 3119 3176 steterunt
3168 3122 3219 3176 in
3252 3123 3431 3177 medio

1843 3208 2096 3263 fortiter:
2131 3224 2303 3278 neque
2328 3225 2436 3264 non
2475 3221 2699 3285 vocante
2724 3210 3062 3266 decertantes
3081 3253 3096 3279 ,
3130 3227 3302 3282 neque
3331 3230 3427 3266 vo-

1842 3312 1999 3357 cante
2021 3302 2211 3356 molles
2235 3311 2292 3357 et
2318 3303 2512 3372 ignavi,
2542 3303 2635 3357 sed
2658 3302 2724 3355 ad
2752 3303 2929 3358 omnia
2952 3304 3122 3373 parati
3150 3314 3203 3360 et
3223 3308 3426 3361 strenui

1842 3394 2096 3464 omnique
2127 3393 2315 3449 fiducia
2345 3395 2507 3463 pleni.
2557 3395 2847 3449 Audiamus
2877 3397 3022 3451 enim
3049 3396 3174 3465 quid
3203 3397 3384 3451 dicant
3409 3440 3423 3459 ,

1841 3496 1898 3539 ut
1930 3485 2051 3539 inde
2089 3500 2274 3540 eorum
2302 3485 2681 3555 philosophum
2713 3501 2928 3541 sensum
2956 3487 3259 3543 ediscamus
3284 3507 3298 3542 :
3328 3486 3425 3542 Est

1840 3576 1980 3630 Deus
2029 3577 2082 3627 in
2125 3578 2263 3630 cretis
2310 3586 2486 3645 potens
2529 3578 2723 3645 eripere
2761 3595 2853 3631 nos
2881 3577 3041 3651 (Dan.
3077 3580 3127 3634 ὅ.
3165 3580 3275 3649 17).
3305 3580 3420 3634 Non

1838 3667 1981 3721 enim
2008 3667 2076 3721 de
2102 3682 2160 3722 se
2186 3676 2310 3722 sunt
2347 3669 2593 3734 solliciti,
2638 3670 2732 3725 sed
2778 3685 2900 3724 mox
2930 3669 3279 3726 comburendi
3308 3714 3324 3738 ,
3353 3671 3422 3727 de

1835 3758 2007 3827 gloria
2040 3759 2131 3812 Dei
2160 3759 2377 3814 solliciti
2420 3771 2564 3814 sunt.
2599 3760 2664 3816 Ut
2690 3761 2831 3815 enim
2852 3801 2869 3827 ,
2900 3761 3053 3815 nobis
3078 3763 3370 3818 combustis
3401 3805 3417 3829 ,

1837 3850 2001 3903 Deum
2026 3865 2130 3904 non
2158 3849 2378 3904 damnes
2404 3851 2799 3916 imbecillitatis,
2827 3852 2935 3920 jam
2969 3853 3063 3906 tibi
3091 3863 3256 3907 totum
3285 3854 3419 3925 dog-

1834 3956 1922 3995 ma
1964 3949 2208 3995 nostrum
2253 3953 2501 3998 accurate
2525 3945 2923 3998 annuntiamus.
2957 3945 3051 3998 Est
3075 3945 3213 4000 Deus
3237 3947 3291 4000 in
3317 3963 3418 4001 cae-

1834 4031 1927 4097 lis,
1972 4046 2077 4086 non
2125 4033 2244 4087 talis
2272 4034 2443 4101 qualis
2471 4035 2585 4088 haec
2614 4035 2788 4106 imago
2818 4035 2870 4090 in
2912 4047 3051 4091 terra
3078 4078 3092 4101 ,
3126 4037 3413 4093 inanimata

1833 4136 1888 4178 et
1918 4136 2098 4191 muta,
2140 4125 2233 4179 sed
2278 4126 2368 4195 qui
2396 4127 2565 4196 possit
2609 4143 2677 4182 ex
2724 4129 2901 4186 media
2948 4129 3166 4186 fornace
3208 4132 3415 4187 ardenti

1833 4215 2063 4284 eripere.
2095 4215 2173 4270 Ne
2203 4217 2381 4287 itaque
2410 4217 2557 4271 illum
2583 4218 2805 4274 damnes
2832 4220 3246 4286 imbecillitatis,
3273 4224 3413 4293 quod

1833 4321 1933 4361 nos
1962 4306 2101 4360 sinat
2130 4308 2180 4360 in
2213 4324 2330 4362 eam
2362 4309 2595 4364 incidere
2626 4328 2638 4362 :
2673 4320 2777 4365 tam
2808 4321 2999 4380 potens
3025 4324 3107 4367 ρει
3132 4355 3146 4378 ,
3178 4323 3235 4367 ιιι
3263 4324 3412 4383 post-

1833 4415 1989 4468 quam
2022 4398 2369 4454 iuciderimtts
2390 4442 2403 4463 ,
2434 4416 2532 4454 nos
2556 4417 2584 4453 a
2631 4401 2843 4455 flatuma
2870 4404 3083 4471 eripere
3114 4405 3276 4471 possit
3302 4421 3317 4467 ;
3352 4404 3415 4455 Et

1830 4493 1874 4545 si
1904 4508 2005 4545 non
2033 4492 2228 4562 faciat,
2255 4503 2430 4545 notum
2455 4492 2519 4546 sit
2547 4478 2669 4559 tibi,
2702 4510 2732 4547 ο
2756 4510 2867 4561 rex,
2897 4494 3031 4564 quod
3060 4496 3160 4547 diis
3187 4496 3285 4548 luis
3313 4513 3413 4548 nou

1830 4586 2075 4640 servimus
2101 4626 2115 4648 ,
2146 4593 2193 4638 et
2221 4601 2431 4638 auream
2460 4602 2609 4655 quam
2639 4586 2854 4655 posuisti
2883 4596 3103 4639 statuam
3136 4603 3237 4639 non
3279 4586 3411 4639 ado-

1829 4696 2003 4734 ramus
2046 4678 2208 4749 (lbid.
2237 4693 2284 4732 υ.
2319 4678 2428 4747 18).
2467 4678 2598 4733 Vide
2642 4694 2736 4734 eos
2778 4689 2928 4733 certo
2968 4680 3195 4733 consilio
3225 4688 3275 4733 et
3305 4679 3413 4731 dis-

1830 4771 2149 4840 pensatione
2179 4785 2284 4825 nou
2314 4785 2473 4825 nosse
2502 4773 2758 4825 futurum.
2803 4771 2857 4826 Si
2917 4773 3056 4825 enim
3089 4772 3369 4826 scivism-nt
3392 4814 3408 4837 ,

1830 4863 2131 4918 admirandi
2178 4878 2283 4917 non
2335 4864 2565 4917 fuissent
2612 4862 2726 4916 hazc
2754 4862 3011 4919 facientes
3050 4881 3063 4917 :
3096 4862 3221 4933 quid
3269 4864 3410 4918 enim

1833 4955 2023 5008 mirum
2050 4995 2065 5019 ,
2106 4954 2151 5008 si
2181 4955 2401 5024 pignora
2430 4955 2618 5008 Salutis
2661 4954 2915 5009 habentes
2935 4995 2951 5022 ,
2978 4957 3159 5026 gravia
3190 4957 3275 5010 illa
3317 4972 3410 5010 au-

1830 5044 2016 5100 dacter
2061 5044 2359 5099 adiiSsent?
2407 5044 2501 5099 sed
2543 5044 2930 5113 gloriﬁcaretur
2972 5045 3184 5113 quidem
3226 5046 3407 5114 Deus,

1831 5138 1926 5208 qui
1956 5136 2216 5204 potuisset
2261 5135 2471 5204 eripere
2510 5150 2579 5189 ex
2610 5138 2862 5200 fornace;
2894 5136 2994 5205 ipsi
3025 5151 3153 5191 vero
3182 5153 3285 5189 non
3315 5137 3410 5190 ad-

1833 5228 2105 5284 mirabiles
2130 5228 2372 5294 fuissent,
2402 5237 2585 5298 utpote
2613 5229 2703 5298 qui
2729 5246 2834 5283 non
2866 5230 2918 5283 in
2948 5229 3177 5297 pericula
3205 5230 3410 5299 seipsos

1833 5321 2210 5389 eonjccissent.
2257 5318 2383 5375 Ideo
2427 5321 2697 5390 permisit,
2740 5330 2799 5375 ut
2840 5321 2942 5392 ipsi
2987 5320 3128 5391 quod
3175 5320 3407 5376 futurum

1832 5424 1951 5470 erat
1995 5416 2330 5484 ignorarent,
2360 5423 2419 5468 ut
2446 5414 2613 5483 magis
2656 5428 2750 5468 eos
2776 5414 3117 5483 glorificaret.
3168 5413 3229 5466 Et
3277 5415 3413 5468 sicut

1833 5507 1934 5577 ipsi
1961 5505 2351 5561 confirmabant
2378 5521 2557 5576 regem
2583 5546 2600 5572 ,
2632 5516 2692 5561 ut
2738 5522 2806 5561 ne
2834 5506 3000 5561 Deum
3033 5507 3410 5561 imbecillitati;

1834 5598 2150 5664 damnaret,
2200 5598 2245 5652 si
2293 5598 2394 5666 ipsi
2442 5599 2703 5654 combusti
2753 5599 2978 5653 fuissent
3014 5617 3026 5654 :
3060 5600 3129 5652 ita
3176 5610 3228 5652 et
3272 5600 3410 5652 Deus

1837 5700 2124 5761 utrumque
2168 5689 2451 5762 priestitit,
2488 5698 2542 5745 et
2568 5690 2857 5760 potentiam
2884 5705 3033 5745 suam
3065 5688 3293 5742 ostendit
3313 5728 3329 5750 ,
3355 5696 3408 5746 et

2998 5787 3072 5847 10
