3856 6332
390 297 480 354 151
1088 298 1145 351 S.
1185 293 1460 352 JOANNIS
1483 292 1956 352 CHRYSOSTOMI
1985 290 2304 347 ARCHIEP.
2333 288 2862 346 CONSTANTINOP.

385 423 671 480 puerorum
713 407 950 462 animum
999 408 1396 478 prtuclariorem
1445 406 1638 461 effecit.
1690 404 1966 461 Undenam

383 515 513 569 ergo
541 499 648 553 illis
681 498 794 553 hzec
831 498 1116 562 dubitatio,
1150 499 1380 568 inquies,
1411 506 1468 552 ut
1499 511 1605 552 non
1635 495 1969 551 conﬁderent

377 606 440 646 se
466 593 642 647 salvos
663 593 902 646 exituros
923 590 1086 646 esse?
1109 589 1262 658 Quod
1280 605 1339 645 se
1359 589 1577 644 viliores
1605 588 1824 643 omnino
1848 600 1969 642 esse

387 688 676 750 putarent,
703 690 758 738 et
786 681 878 736 tali
905 680 1166 736 beneﬁcio
1193 679 1460 750 indignos.
1489 677 1643 745 Quod
1661 687 1836 732 autem
1860 692 1966 730 non

384 786 448 824 cx
480 771 787 841 conjectum
830 769 934 826 hoc
973 770 1178 837 dicam,
1227 769 1282 825 in
1324 767 1600 826 fornacem
1627 766 1855 837 coniecti
1888 766 1966 819 Ia-

387 865 795 931 mentabantur,
847 863 964 919 hinc
1012 863 1254 920 dicentes
1300 879 1314 918 :
1366 861 1734 926 Peccavimus,
1782 860 1969 928 injuste

381 957 574 1027 egimus
597 971 616 1011 :
639 973 743 1012 non
767 956 882 1012 licet
911 957 1053 1011 nobis
1087 971 1146 1011 os
1188 954 1386 1026 aperire
1419 954 1582 1024 (Dan.
1610 953 1664 1009 5.
1695 950 1810 1020 29).
1838 951 1969 1005 Pro-

385 1056 568 1117 pterea
604 1047 888 1115 dicebant,
923 1046 992 1102 Et
1035 1048 1078 1102 si
1107 1063 1228 1102 non.
1262 1046 1320 1101 Si
1347 1046 1491 1102 enim
1519 1060 1625 1100 non
1653 1045 1796 1099 clare
1823 1043 1967 1098 dice«

383 1138 532 1203 hant,
566 1139 747 1195 Potest
772 1153 870 1194 nos
901 1138 1044 1194 Deus
1069 1138 1312 1208 eripere;
1339 1138 1384 1192 si
1409 1146 1589 1192 autem
1617 1149 1725 1191 non
1758 1135 1966 1204 eripue-

381 1231 485 1298 rit,
519 1241 740 1302 propter
767 1241 987 1302 peccata
1013 1240 1196 1286 nostra
1228 1245 1334 1284 non
1361 1229 1592 1300 eripiet,
1619 1242 1688 1284 ne
1716 1227 1924 1282 mireris
1948 1244 1963 1280 :

382 1321 481 1376 visi
509 1321 652 1377 enim
683 1330 866 1377 essent
909 1321 1050 1392 apud
1081 1321 1336 1377 barbaros
1379 1328 1718 1390 peccatorum
1746 1332 1964 1373 suorum

380 1412 602 1468 obtentu
647 1413 738 1468 Dei
771 1413 1189 1468 imbecillitatem
1215 1412 1488 1480 obtegere.
1519 1411 1806 1479 PrOpterea
1843 1423 1964 1463 cum

387 1503 455 1558 de
483 1503 600 1572 ejus
627 1506 860 1574 potentia
901 1513 1106 1559 tantum
1136 1503 1340 1573 loquuti
1371 1511 1590 1564 essent,
1619 1515 1832 1556 causam
1859 1515 1964 1555 non

387 1602 614 1662 ponunt.
645 1593 896 1662 Alioquin
928 1603 1075 1648 recte
1103 1592 1297 1647 eruditi
1324 1601 1476 1646 erant
1517 1592 1608 1646 Dei
1629 1591 1827 1660 judicia
1859 1607 1964 1646 non

385 1685 598 1739 curiose
622 1683 912 1754 inquirere.
941 1685 1072 1740 Cum
1103 1683 1219 1738 haec
1238 1699 1364 1753 ergo
1391 1683 1672 1749 dixissent,
1707 1682 1758 1736 in
1788 1682 1963 1751 ignem

387 1776 608 1848 ingressi
630 1784 774 1842 sunt,
795 1792 894 1832 nec
915 1791 1097 1846 regem
1118 1777 1438 1832 contumelia
1462 1774 1777 1839 affecerunt,
1795 1789 1966 1843 neque

388 1878 618 1924 statuam
663 1880 932 1925 evertere.
982 1868 1164 1923 Virum
1213 1868 1352 1921 enim
1404 1865 1594 1921 fortem
1645 1867 1804 1921 talem
1849 1879 1968 1920 esse

387 1968 602 2029 oportet
622 2000 636 2022 .
670 1959 1005 2014 moderatum
1048 1967 1102 2013 et
1133 1967 1468 2012 mansuetum
1494 1997 1509 2022 ,
1539 1957 1770 2011 maxime
1798 1955 1849 2009 in
1877 1969 1968 2024 pc-

385 2051 604 2116 riculis,
641 2059 794 2107 utne
823 2051 1070 2106 videatur
1115 2065 1182 2106 ex
1228 2051 1304 2104 ira
1351 2058 1404 2104 et
1450 2064 1582 2103 vana
1629 2048 1796 2118 gloria
1845 2046 1968 2102 talia

385 2141 535 2197 adire
563 2143 854 2197 certamina
875 2185 890 2210 ,
919 2141 1017 2198 sed
1049 2157 1121 2196 ex
1151 2140 1464 2196 fortitudine
1505 2150 1560 2194 et
1593 2139 1966 2210 temperantia.

382 2229 515 2284 Nam
546 2232 636 2302 qui
678 2231 999 2286 contumelia
1041 2230 1240 2295 allicit,
1271 2231 1322 2284 in
1354 2229 1710 2299 suspicionem
1754 2229 1968 2284 illorum

382 2322 666 2376 criminum
692 2323 871 2378 venit:
896 2322 986 2391 qui
1015 2335 1144 2376 vero
1167 2321 1397 2376 sustinet
1417 2329 1473 2375 et
1501 2319 1730 2375 trahitur
1751 2334 1814 2375 ac
1841 2335 1964 2375 cum

3549 294 3655 352 im

2076 401 2478 458 mansuetudine
2515 401 2792 471 decertat,
2819 418 2925 458 non
2955 403 3114 459 modo
3139 414 3197 460 ut
3221 405 3373 463 fortis
3399 407 3452 463 in
3482 407 3657 463 admi-

2072 493 2281 548 ratione
2305 492 2532 550 habetur
2553 535 2569 560 ,
2593 494 2688 550 sed
2714 496 2874 551 etiam
2899 495 2967 551 ob
2988 497 3404 554 moderationem
3429 509 3481 557 et
3504 517 3655 554 man-

2072 584 2407 642 suetudinem
2458 601 2565 641 non
2614 587 2792 642 minus
2820 587 3143 644 celebratur.
3189 588 3244 645 id
3270 591 3411 661 quod
3455 601 3510 647 et
3555 592 3657 662 ipsi

2073 683 2199 729 tunc
2244 673 2522 741 fecerunt,
2549 689 2671 754 cum
2701 683 2757 732 et
2799 675 3166 734 fortitudinem
3210 689 3262 734 et
3291 681 3660 735 mansuetudi-

2072 782 2196 823 nem
2226 781 2442 823 omnem
2471 767 2826 824 exhibuerunt
2850 787 2863 823 :
2893 784 2992 825 nec
3017 770 3301 841 quidquam
3332 772 3506 830 fecere
3533 789 3658 844 pro-

2073 869 2192 929 pter
2219 860 2522 915 mercedem
2550 868 2605 915 et
2633 861 2933 930 praemium.
2957 861 3023 916 Et
3043 862 3086 916 si
3110 863 3361 930 noluerit,
3386 864 3653 934 inquiunt,

2073 963 2170 1004 nos
2199 949 2407 1019 eripere
2427 991 2443 1015 ,
2490 949 2594 1004 diis
2623 953 2727 1006 tuis
2757 967 2862 1006 non
2893 952 3159 1008 servimus
3188 969 3203 1008 :
3245 953 3357 1022 jam
3385 955 3528 1010 enim
3559 973 3657 1010 re-

2071 1045 2492 1099 munerationem
2540 1044 2834 1110 habemus.
2897 1060 2954 1100 ut
3005 1045 3146 1116 digni
3197 1046 3394 1114 habiti,
3443 1049 3532 1120 qui
3587 1049 3659 1105 ab

2073 1135 2344 1204 nnpietate
2371 1135 2755 1202 liberaremur,
2800 1145 2856 1192 et
2895 1135 3038 1206 quod
3089 1146 3375 1206 propterea
3420 1153 3653 1208 corpora

2071 1233 2458 1280 cremarentur.
2490 1224 2556 1279 Et
2574 1240 2671 1280 nos
2698 1226 2856 1296 igitur
2883 1226 3143 1284 habentes
3165 1228 3273 1298 jam
3307 1229 3611 1284 mercedem
3635 1269 3654 1294 ,

2073 1332 2194 1371 nam
2217 1317 2476 1372 habemus
2496 1359 2510 1382 ,
2541 1317 2684 1386 digni
2713 1317 2878 1372 habiti
2895 1321 2982 1388 qui
3007 1321 3152 1374 illum
3176 1335 3652 1390 cognosceremus,

2071 1418 2126 1463 et
2149 1410 2238 1479 qui
2266 1409 2506 1464 membra
2534 1408 2732 1464 Christi
2763 1411 3130 1477 efﬁceremur,
3163 1427 3230 1468 ne
3256 1413 3515 1468 faciamus
3559 1415 3653 1466 illa

2074 1502 2309 1557 membra
2339 1502 2658 1557 meretricis.
2693 1501 2746 1557 In
2774 1502 2877 1558 hoc
2905 1505 3046 1558 enim
3079 1514 3182 1560 tam
3214 1507 3479 1563 horrendo
3509 1508 3661 1564 dicto

2075 1593 2304 1648 finienda
2335 1602 2419 1649 est
2444 1595 2617 1649 oratio
2657 1612 2670 1650 :
2698 1604 2757 1650 nt
2787 1596 3021 1650 validum
3068 1595 3329 1654 habentes
3354 1601 3661 1656 commina-

2075 1686 2238 1741 tionis
2265 1686 2511 1742 timorem
2532 1728 2548 1753 ,
2585 1701 2894 1742 maneamus
2919 1705 3050 1743 auro
3095 1691 3337 1758 puriores
3381 1691 3482 1747 hoc
3510 1703 3662 1747 metu

2074 1775 2287 1831 redditi.
2340 1776 2431 1832 Sic
2481 1777 2624 1832 enim
2674 1778 2966 1847 poterimus
3011 1794 3042 1833 a
3089 1781 3438 1837 fornicatione
3483 1784 3662 1853 erepti

2074 1865 2344 1921 Christum
2378 1865 2560 1922 videre
2591 1885 2603 1920 :
2637 1882 2797 1937 quem
2843 1869 3044 1924 utinam
3076 1885 3196 1924 cum
3245 1872 3434 1927 fiducia
3477 1873 3665 1928 videa-

2075 1973 2194 2012 mus
2219 1956 2275 2010 in
2307 1956 2398 2010 illo
2427 1956 2543 2020 die,
2576 1959 2744 2028 gratia
2771 1969 2826 2014 et
2874 1959 3200 2032 benignitate
3243 1963 3451 2018 Domini
3484 1966 3659 2018 nostri

2074 2047 2201 2103 Jesu
2240 2047 2476 2112 Christi,
2519 2049 2732 2120 quicum
2781 2052 2920 2106 Patri
2965 2069 3172 2123 unaque
3219 2054 3438 2124 Spiritui
3469 2066 3665 2110 sancto

2074 2140 2276 2208 gloria,
2311 2139 2482 2194 honor
2503 2180 2519 2205 ,
2547 2141 2850 2211 imperium,
2882 2160 3024 2199 nunc
3053 2156 3103 2199 ct
3133 2159 3365 2216 semper,
3394 2156 3449 2202 et
3474 2149 3524 2202 in
3554 2164 3665 2204 sae-

2073 2235 2190 2288 cula
2236 2234 2574 2288 sceculorum.
2610 2237 2801 2290 Amen.

380 2450 3657 2477 —————————_————-———-—————-——————————————————.—_-

1757 2507 2104 2570 HOMILIA
2147 2507 2325 2568 XIX.

384 2615 512 2670 CAP.
544 2617 596 2670 7.
627 2633 678 2672 v.
709 2617 760 2671 1.
792 2615 868 2671 De
910 2615 1090 2687 quibus
1135 2623 1302 2668 autem
1344 2613 1615 2684 scripsistis
1663 2612 1789 2666 mihi
1811 2627 1830 2666 :
1860 2611 1968 2665 Bo-

457 2725 577 2762 num
614 2718 685 2764 est
728 2709 922 2763 homini
957 2709 1220 2762 mulierem
1260 2722 1362 2760 non
1406 2713 1608 2776 tangere
1631 2720 1650 2759 :
1673 2704 1728 2758 2.
1761 2713 1972 2774 prapter

459 2801 846 2869 fornicationem
884 2808 1051 2853 autent
1090 2798 1434 2868 unusquisque
1457 2813 1604 2852 suam
1639 2811 1847 2851 uxorem
1872 2796 1969 2848 ha-

455 2894 587 2956 bent,
620 2899 665 2945 et
700 2905 1012 2960 unaquaque
1036 2905 1183 2943 suum
1209 2889 1391 2942 virum.

464 2984 516 3036 1.
560 2983 846 3052 Postquam
879 2980 1192 3051 gravissima
1221 2979 1322 3032 tria
1349 2978 1584 3034 correxit
1610 2977 1736 3032 vitia
1759 3018 1774 3044 ,
1804 2991 1971 3032 unum

388 3074 603 3146 quidem
631 3074 772 3146 quod
803 3073 1151 3130 divelleretur
1180 3072 1443 3136 Ecclesia,
1469 3071 1763 3128 secundum
1791 3081 1969 3127 autem

388 3167 727 3221 fornicatoris
752 3207 767 3231 ,
799 3166 1014 3220 tertium
1045 3167 1191 3220 avari
1218 3181 1233 3231 ;
1265 3163 1460 3219 deinde
1487 3164 1698 3218 mitiore
1735 3178 1860 3218 usus
1888 3169 1973 3217 est

385 3259 628 3313 oratione
657 3275 670 3312 :
713 3265 768 3312 et
797 3256 1218 3312 admonitionem
1249 3255 1638 3324 consiliumque
1680 3253 1971 3323 interponit

387 3349 456 3404 de
480 3349 822 3403 matrimonio
847 3359 901 3403 et
930 3348 998 3404 de
1027 3346 1364 3417 virginitate,
1393 3361 1422 3399 a
1451 3345 1849 3400 molestioribus
1877 3359 1972 3398 au-

390 3442 617 3496 ditorem
646 3440 710 3495 ad
737 3440 917 3511 quieta
946 3438 1168 3494 ducens.
1194 3438 1250 3492 In
1277 3436 1514 3492 secunda
1541 3445 1718 3490 autem
1741 3435 1970 3506 epistola

386 3533 713 3588 contrarium
746 3531 874 3587 facit
909 3547 923 3586 :
973 3529 1159 3601 incipit
1183 3529 1327 3585 enim
1355 3544 1382 3582 a
1416 3529 1748 3594 mitioribus,
1773 3528 1972 3584 desinit

388 3633 567 3680 autem
596 3625 648 3678 in
681 3625 936 3680 tristiora.
967 3623 1066 3678 llic
1092 3637 1220 3678 vero
1248 3631 1528 3692 postquam
1555 3620 1624 3676 de
1663 3621 1970 3691 virginitate

389 3730 696 3772 sermonem
743 3713 1002 3785 perfecit,
1033 3727 1220 3768 rursus
1267 3711 1378 3768 exit
1421 3711 1487 3767 ad
1531 3726 1592 3766 ea
1635 3726 1754 3781 quae
1801 3711 1970 3783 magis

390 3817 632 3878 pungunt
660 3822 723 3861 ac
751 3807 972 3872 feriunt,
1002 3820 1109 3860 non
1141 3805 1318 3860 omnia
1350 3805 1690 3860 continenter
1720 3819 1926 3875 ponens
1949 3846 1966 3874 ,

389 3901 482 3954 sed
512 3914 814 3954 sermonem
845 3900 896 3952 in
929 3907 1156 3968 utroque
1182 3897 1425 3962 varians,
1457 3906 1513 3951 nt
1553 3906 1760 3965 tempus
1786 3901 1966 3967 exige-

391 3993 517 4056 hat,
569 4006 774 4046 necnon
807 3988 1147 4060 praesentium
1190 4002 1369 4042 rerum
1397 4001 1544 4042 usus.
1591 3987 1718 4042 ldeo
1741 3987 1816 4041 ait
1845 4006 1859 4042 :
1895 3987 1971 4042 De

387 4084 566 4154 quibus
600 4093 764 4136 autent
805 4082 1075 4153 scripsistis
1117 4081 1260 4136 mihi.
1303 4080 1639 4150 Scripserant
1666 4092 1844 4137 autem
1876 4081 1924 4138 ei
1949 4123 1964 4149 ,

388 4193 455 4232 an
496 4185 768 4246 oporteret
811 4176 879 4230 ab
919 4189 1086 4230 uxore
1115 4175 1383 4230 abstinere
1408 4188 1475 4228 an
1519 4189 1649 4230 non.
1696 4175 1763 4230 Et
1792 4175 1859 4230 ad
1903 4190 1967 4231 ea

391 4268 691 4323 rescribens
713 4309 726 4334 ,
767 4277 823 4323 et
849 4267 917 4322 de
947 4267 1286 4322 matrimonio
1311 4268 1479 4337 legem
1510 4267 1686 4322 ferens
1711 4308 1724 4334 ,
1758 4282 1967 4322 sermo-

394 4375 514 4415 nem
544 4360 612 4415 de
641 4361 941 4430 virginitate
967 4358 1169 4414 inducit
1201 4376 1214 4413 :
1248 4358 1444 4414 Bonum
1472 4369 1544 4414 est
1571 4360 1763 4414 homini
1789 4362 1967 4415 mulie-

386 4468 493 4506 rem
519 4469 619 4505 non
648 4460 869 4522 tangere.
902 4450 1032 4505 Nam
1058 4451 1101 4506 si
1126 4493 1142 4520 ,
1173 4450 1360 4520 inquit,
1394 4449 1537 4520 quod
1563 4450 1760 4505 bonum
1791 4462 1874 4506 est
1913 4460 1967 4506 et

385 4542 673 4598 admodum
702 4541 967 4597 excellens
997 4541 1192 4612 quaeris
1211 4582 1225 4606 ,
1265 4542 1456 4596 melius
1481 4550 1566 4595 est
1593 4557 1713 4596 cum
1742 4541 1966 4598 muliere

386 4634 586 4688 nullam
615 4632 817 4687 habere
845 4631 1327 4697 consuetudinem;
1373 4631 1418 4686 si
1445 4631 1586 4701 quod
1633 4639 1803 4686 tutum
1837 4641 1920 4688 est
1948 4675 1963 4700 ,

384 4735 439 4781 et
463 4725 602 4796 quod
632 4725 996 4780 infirmitatem
1038 4733 1180 4779 tuam
1208 4722 1356 4792 juvct
1381 4763 1394 4786 ,
1426 4723 1764 4778 matrimonio
1793 4732 1963 4782 utere.

387 4819 520 4886 Quia
549 4827 726 4873 autem
753 4818 1045 4873 verisimile
1074 4822 1221 4879 erat,
1247 4823 1306 4867 ut
1332 4814 1494 4868 etiam
1523 4829 1662 4869 nunc
1689 4815 1854 4880 solet,
1893 4817 1965 4870 vi-

388 4926 503 4965 rum
535 4909 673 4966 velle
698 4951 713 4976 ,
747 4909 1031 4964 mulierem
1063 4920 1194 4960 vero
1225 4918 1328 4958 non
1358 4904 1516 4970 item;
1545 4904 1628 4960 vel
1655 4907 1814 4961 etiam
1837 4920 1966 4960 con-

391 5014 472 5058 tra
495 5045 510 5069 ,
557 5003 679 5058 vide
708 5001 978 5073 quomodo
1017 4999 1086 5053 de
1114 5007 1342 5067 utroque
1368 4995 1617 5052 disserat.
1669 4998 1737 5052 Et
1782 4999 1962 5055 dicunt

386 5094 602 5166 quidam
625 5135 638 5158 ,
670 5093 772 5148 hoc
796 5090 980 5146 abillo
1005 5089 1204 5143 dictum
1233 5087 1599 5143 sacerdotibus
1629 5087 1791 5144 fuisse
1819 5107 1832 5144 :
1863 5105 1962 5160 ego

390 5201 523 5241 vero
549 5201 614 5240 ex
641 5184 707 5237 iis
729 5187 1148 5252 quassequuntur
1174 5193 1286 5234 rem
1313 5179 1626 5233 examinans
1643 5219 1660 5246 ,
1687 5194 1792 5234 non
1821 5179 1962 5236 dixe-

384 5278 486 5333 rim
515 5291 628 5332 rem
656 5275 727 5328 ita
762 5286 821 5326 se
851 5269 1085 5325 habere:
1111 5284 1284 5339 neque
1307 5270 1451 5324 enim
1492 5269 1740 5324 universe
1771 5270 1960 5326 admo-

384 5370 640 5425 nitionem
664 5364 1048 5420 constituisset.
1067 5362 1130 5418 Si
1159 5372 1338 5417 autem
1362 5361 1731 5418 sacerdotibus
1757 5371 1958 5418 tantum

386 5462 502 5516 ltmc
543 5457 883 5527 scripsisset,
913 5453 1135 5510 dixisset
1161 5467 1290 5508 sane
1333 5469 1348 5506 :
1395 5452 1600 5506 Bonum
1640 5461 1724 5508 est
1751 5451 1960 5508 doctori

383 5565 604 5607 uxorem
636 5563 740 5601 non
776 5556 1032 5617 tangere;
1059 5559 1200 5599 nunc
1226 5553 1400 5598 autem
1425 5541 1713 5597 universim
1739 5545 1840 5598 hoc
1868 5559 1960 5612 po-

382 5643 490 5697 suit
532 5657 546 5694 :
589 5638 783 5693 Bonum
812 5647 882 5692 est
913 5637 1139 5700 homini,
1170 5636 1353 5690 dicens
1375 5677 1390 5701 ,
1421 5651 1526 5688 non
1555 5643 1757 5689 tantum
1784 5650 1960 5690 sacer-

381 5736 530 5799 doti;
574 5744 632 5791 et
676 5749 896 5800 rursus,
929 5733 1139 5788 Solutus
1178 5746 1230 5785 es
1270 5728 1331 5783 ab
1378 5728 1577 5782 uxore?
1607 5729 1712 5781 noli
1737 5743 1959 5798 quareve

2077 2626 2306 2664 uxorem.
2335 2609 2451 2664 Non
2479 2609 2646 2674 dixit,
2680 2610 2757 2665 Tu
2785 2612 3038 2666 Sacerdos
3066 2623 3114 2668 et
3142 2613 3349 2682 doctor,
3378 2619 3472 2672 sed
3504 2619 3668 2675 inde-

2079 2703 2262 2770 finite;
2305 2712 2358 2758 et
2391 2710 2532 2760 totus
2575 2705 2796 2758 omnino
2825 2721 3003 2759 sermo
3034 2709 3110 2759 sic
3151 2711 3412 2778 procedit.
3441 2711 3502 2766 Ει
3535 2729 3669 2769 cum

2075 2795 2245 2860 dixit,
2283 2793 2498 2866 Propter
2524 2797 2882 2868 fornicationes
2905 2801 3246 2870 unusquisque
3281 2818 3424 2855 suam
3450 2819 3668 2858 uxorem

2079 2885 2286 2954 habeat,
2333 2902 2399 2942 ex
2444 2888 2558 2958 ipsa
2589 2889 2953 2946 concessionis
2982 2904 3142 2945 causa
3171 2892 3238 2946 ad
3269 2895 3664 2951 continentiam

2075 2977 2246 3034 duxit.
2273 2979 2326 3034 5.
2363 2979 2526 3034 Uxori
2549 2982 2624 3036 vir
2647 2981 2867 3035 debitum
2892 2984 3068 3036 reddat
3091 3001 3110 3050 ;
3135 2984 3365 3040 similiter
3398 2997 3446 3040 et
3479 2990 3670 3044 mulier

2076 3070 2202 3123 viro.
2234 3069 2370 3136 Quid
2398 3079 2482 3126 est
2519 3080 2697 3127 autem
2724 3072 2933 3128 debitus
2965 3074 3179 3129 honor?
3209 3075 3397 3132 Mulier
3423 3093 3532 3133 non
3562 3079 3668 3134 ha-

2080 3162 2166 3216 bet
2193 3171 2510 3231 poteslatem
2535 3165 2616 3218 sui
2643 3166 2903 3235 corporis,
2933 3165 3029 3221 sed
3065 3177 3120 3226 et
3143 3168 3334 3222 ancilla
3361 3178 3417 3224 et
3438 3169 3666 3228 domina

2072 3254 2176 3308 viri
2207 3262 2309 3308 est.
2342 3254 2398 3310 Si
2433 3254 2697 3312 defeceris
2735 3257 2802 3313 ab
2830 3273 2892 3312 ea
2922 3273 3042 3328 quae
3078 3261 3328 3316 convenit
3357 3264 3617 3320 servitute
3641 3306 3662 3333 ,

2081 3345 2242 3400 Deum
2263 3345 2539 3402 offendis:
2570 3347 2618 3402 si
2641 3357 2819 3404 autem
2843 3339 3136 3406 abscedere
3165 3351 3276 3417 vis,
3298 3367 3420 3408 cum
3447 3355 3529 3410 vir
3553 3355 3664 3414 hoc

2070 3436 2414 3506 permiserit,
2459 3439 2648 3494 saltem
2676 3439 2740 3495 ad
2771 3441 2932 3497 breve
2959 3451 3166 3512 tempus
3212 3443 3324 3500 fiat.
3367 3446 3664 3517 Propterea

2075 3537 2130 3583 et
2157 3529 2392 3585 debitam
2435 3546 2547 3586 rem
2587 3534 2833 3599 vocavit,
2865 3543 2926 3590 ut
2967 3536 3277 3593 ostenderet
3303 3540 3502 3594 nullum
3536 3557 3664 3600 esse

2075 3619 2156 3673 sui
2182 3619 2478 3686 dominum,
2499 3622 2594 3677 sed
2621 3637 2741 3679 esse
2767 3624 2992 3681 alterum
3016 3627 3236 3684 alterius
3261 3644 3494 3686 servum.
3517 3634 3660 3690 Cum

2067 3725 2206 3782 ergo
2235 3712 2435 3768 videris
2459 3717 2796 3772 meretricem
2830 3726 2884 3774 te
2907 3719 2972 3774 ad
3005 3731 3278 3790 peccatum
3307 3725 3659 3795 allicientem,

2075 3800 2163 3856 dic
2193 3819 2206 3856 :
2233 3801 2348 3856 Non
2379 3811 2462 3858 cst
2491 3820 2668 3860 meum
2697 3821 2925 3877 corpus,
2957 3811 3052 3865 sed
3082 3813 3283 3868 uxoris.
3325 3815 3524 3871 Eadem
3570 3820 3659 3873 di-

2074 3900 2162 3946 cat
2191 3907 2326 3948 uxor
2347 3893 2478 3962 illis,
2501 3895 2592 3965 qui
2628 3898 2926 3952 castitatem
2955 3913 3105 3954 suam
3134 3902 3335 3958 violare
3362 3916 3609 3976 sautgnnt
3642 3928 3657 3964 :

2076 3985 2284 4054 Corpus
2315 4001 2491 4041 meum
2517 4003 2625 4042 non
2653 3999 2736 4044 est
2779 4005 2954 4046 meum
2975 4033 2990 4059 ,
3034 3994 3128 4048 sed
3157 3995 3274 4050 viri.
3315 3996 3368 4052 Si
3397 4014 3525 4054 vero
3555 4017 3661 4056 nec

2075 4077 2299 4131 maritus
2327 4092 2426 4132 nec
2456 4094 2590 4133 uxor
2620 4089 2935 4149 potesnatem
2959 4086 3200 4153 corporis
3228 4086 3442 4154 habent,
3484 4093 3660 4147 multo

2075 4167 2250 4222 minus
2292 4170 2654 4237 pecuniarum.
2693 4171 2891 4250 Audite
2916 4189 3262 4247 quacumque
3303 4182 3519 4234 maritos
3553 4182 3661 4238 ha-

2075 4257 2234 4324 betis,
2252 4268 2308 4314 et
2331 4260 2652 4331 quicumque
2683 4278 2896 4318 uxores.
2930 4264 2986 4320 Si
3014 4267 3157 4320 enim
3184 4282 3378 4340 corpus
3403 4271 3502 4323 sibi
3529 4287 3659 4340 pro-

2074 4351 2248 4418 prium
2299 4350 2498 4406 habere
2553 4368 2660 4408 non
2708 4353 2881 4422 licet,
2931 4356 3100 4410 multo
3149 4359 3324 4414 minus
3371 4365 3654 4429 pecunias.

2073 4444 2212 4499 Alibi
2257 4459 2388 4501 sane
2430 4459 2680 4516 magnam
2709 4446 2802 4501 dat
2841 4449 3033 4504 marito
3065 4452 3466 4521 pmrogativam
3495 4463 3547 4509 et
3596 4457 3653 4512 in

2071 4533 2222 4589 Novo
2245 4545 2299 4590 et
2328 4535 2380 4590 in
2408 4535 2585 4592 Veteri
2612 4536 2956 4593 Testamento
2976 4538 3159 4596 dicens
3178 4582 3194 4608 ,
3217 4541 3298 4595 Ad
3317 4542 3477 4596 virum
3510 4555 3655 4600 tuum

2071 4629 2330 4682 conversio
2359 4639 2446 4682 tua
2465 4670 2481 4695 ,
2508 4640 2555 4682 et
2583 4631 2692 4698 ipse
2721 4631 2808 4683 tibi
2841 4630 3192 4686 dominabitur
3215 4634 3234 4704 (
3257 4631 3381 4688 Gen.
3412 4636 3465 4690 5.
3494 4638 3564 4691 16
3587 4641 3607 4706 )
3634 4654 3650 4703 ;

2075 4719 2268 4774 Paulus
2297 4729 2473 4775 autem
2503 4723 2581 4776 sic
2619 4721 2864 4777 dividens
2892 4732 2946 4778 et
2969 4723 3210 4778 scribens
3247 4741 3260 4778 :
3298 4725 3422 4791 Viri,
3453 4727 3654 4798 diligite

2071 4827 2256 4865 uxores
2277 4827 2296 4874 ,'
2320 4828 2448 4866 uxor
2484 4823 2649 4867 autent
2679 4814 2850 4866 timeat
2879 4815 3042 4868 virum
3069 4815 3284 4886 (Ep/tes.
3312 4817 3366 4874 5.
3393 4819 3488 4889 25)
3516 4839 3528 4874 :
3563 4821 3652 4877 hic

2072 4917 2198 4958 vero
2228 4917 2333 4958 non
2378 4903 2514 4958 ultra
2558 4904 2731 4973 majus
2759 4915 2851 4960 aut
2893 4906 3068 4961 minus
3115 4909 3295 4976 ponit,
3341 4911 3436 4965 sed
3483 4928 3646 4968 unam

2071 5002 2409 5061 potestatem.
2462 4993 2683 5062 Quare?
2725 4994 2858 5062 Quia
2906 4996 2974 5050 de
3021 5000 3264 5054 castitate
3309 5015 3488 5056 sermo
3546 5005 3647 5072 ipsi

2067 5093 2202 5138 erat.
2250 5083 2305 5138 ln
2349 5083 2470 5138 aliis
2495 5083 2708 5155 quidem
2738 5087 3176 5156 praerogativam,
3211 5089 3416 5160 inquit,
3450 5089 3648 5148 haheat

2069 5176 2290 5231 maritus
2315 5193 2327 5228 :
2353 5176 2440 5230 ubi
2467 5185 2644 5231 autem
2671 5176 2740 5232 de
2762 5177 3084 5234 continentia
3109 5179 3283 5250 agitur
3301 5222 3315 5244 .
3345 5196 3451 5237 non
3490 5183 3642 5239 ὶιυιιι.

2078 5267 2166 5321 Vir
2212 5276 2505 5337 potestatem
2539 5267 2619 5321 sui
2665 5269 2892 5339 corporis
2930 5285 3032 5323 non
3072 5271 3239 5337 habet,
3280 5287 3447 5340 neque
3489 5291 3641 5330 ua‘or.

2066 5361 2228 5417 Multa
2253 5369 2338 5416 est
2373 5361 2649 5436 aequalitas
2671 5401 2686 5427 ,
2717 5371 2771 5416 et
2815 5361 2958 5416 nulla
2992 5364 3361 5433 praerogativa.

2128 5450 2378 5522 Coniugii
2386 5448 2723 5523 jura.--5.N
2729 5453 2847 5506 alite
2868 5455 3114 5524 fraudare
3135 5455 3366 5519 invicem,
3382 5456 3483 5510 nisi
3515 5459 3647 5522 forte

2064 5559 2129 5598 ea:
2157 5558 2422 5596 consensu.
2452 5542 2591 5608 Quid
2635 5543 2736 5598 hoc
2763 5552 2848 5597 est
2866 5546 2889 5596 ?
2909 5543 2991 5598 Ne
3018 5560 3076 5599 se
3118 5546 3407 5609 contineat,
3447 5547 3636 5613 inquit.

2066 5649 2200 5688 uxor
2228 5634 2421 5687 marito
2460 5634 2679 5689 nolente
2703 5675 2718 5698 ,
2751 5649 2924 5704 neque
2971 5637 3194 5690 maritus
3239 5637 3400 5690 invita
3447 5653 3632 5693 uxore.

2063 5725 2272 5792 Quare?
2297 5724 2429 5792 Quia
2457 5740 2645 5795 magna
2659 5740 2725 5781 ex
2751 5725 2838 5780 tali
2860 5727 3182 5782 continentia
3205 5729 3448 5784 oriuntur
3475 5735 3631 5782 ttt.;la:
