3838 6214
225 290 310 346 151
1258 309 1327 364 IN
1364 310 1580 366 EPIST.
1621 310 1641 364 ι
1675 310 1760 364 An

1844 311 1952 369 0R.
1993 316 2227 372 IIOMIL.
2271 318 2411 374 XIX.

217 399 301 495 οὖν
331 404 711 495 αὑτοῖς,φησὶ,
744 409 776 480 ἡ
802 410 1100 481 ἀμφιϐολία
1135 422 1227 474 καὶ
1258 423 1320 476 τὸ
1348 424 1423 494 μὴ
1451 418 1776 495 θαρρεῖνὸτι

218 490 424 579 «av-5w;
456 494 826 579 εξωθήσονταις
878 502 977 555 Διά
1024 505 1084 558 τὸ
1112 506 1265 579 [158]
1296 490 1777 575 πάντωςψέαυτοὺς

215 572 778 663 εύτελεστέρους-εἰναι
809 582 1072 651 νομίζειν,
1106 572 1199 642 καὶ
1228 572 1775 663 ἀναξίουςήτοιαύτης

215 655 541 743 εύεργεσίας.
581 660 692 714 Kal
738 663 821 715 ὃτι
858 665 918 717 οὑ
968 670 1357 742 στοχαζόμενος
1405 675 1563 727 τοῦτο
1606 655 1781 743 λέγω,

212 737 285 827 εἰς
321 737 420 807 τὴν
470 739 698 827 κάμινον
747 737 1099 814 ἐμπεσόντες,
1164 737 1387 808 τοιαῦτα
1426 737 1772 827 ἀπωδύροντο

212 819 446 905 λέγοντες
472 837 486 851 ο
547 824 931 896 Ἦμάρτομεν,
986 832 1399 905 ὴνομήσαμεν,
1449 841 1559 892 οὐκ
1601 819 1772 892 ἐστιν

209 904 345 988 ἡμῖν
367 906 599 971 ἀνοῖξαι
630 911 697 962 τὸ
731 916 943 983 στόμα.
977 918 1074 970 Διά
1094 918 1267 971 ταῦτα
1293 921 1495 988 ἔλεγον·
1529 923 1636 975 Καὶ
1661 922 1771 975 ἐὰν

202 986 298 1054 μή.
328 988 389 1040 Εἰ
418 989 475 1041 δὲ
506 992 579 1060 μὴ
610 995 857 1064 φανερῶς
876 992 1032 1051 εἶπον
1059 999 1233 1065 τοῦτο,
1258 986 1403 1065 οἷον,
1422 1003 1503 1055 ὅτι
1533 1005 1769 1067 Δυνατδς

209 1067 298 1136 μὲν
326 1068 536 1156 Earva
565 1072 696 1137 Θεὸς
728 1075 1007 1139 ἐξελέσθαι
1039 1082 1203 1149 ἡμᾶς,
1243 1083 1337 1136 ἐὰν
1378 1084 1434 1136 δὲ
1476 1085 1549 1154 μὴ
1580 1086 1767 1156 ἐξέλη-⁸

202 1162 306 1238 cal;
329 1152 418 1238 διὰ
445 1152 562 1238 τάςλ
582 1157 854 1226 ἁμαρτίας
883 1161 982 1212 οὐκ
1010 1161 1269 1225 ἐξελεῖται
1289 1203 1304 1227 ,
1336 1165 1407 1236 μὴ
1440 1152 1762 1238 θαυμάσῃς-⁸

310 1232 424 1319 ’γὰρ
454 1234 637 1301 ἔδοξαν
664 1239 729 1293 ἂν
757 1242 907 1309 ποιρά
930 1245 1039 1305 τοῖς
1068 1231 1362 1316 βαρϐάροις
1390 1231 1483 1299 τοῦ
1504 1231 1637 1300 Θεοῦ
1666 1231 1764 1319 τὴν

196 1314 473 1370 ἀσθένειαν
511 1324 575 1391 τῇ
608 1322 715 1375 τῶν
747 1325 962 1377 οἰκείων
1004 1314 1414 1397 ἁμαρτημάτων
1451 1314 1763 1392 συσκιάζείν

197 1398 483 1481 προφάσει.
525 1403 622 1456 Διά
664 1405 823 1459 τοῦτο
862 1408 989 1477 περὶ
1031 1409 1126 1461 τοῦ
1185 1410 1410 1464 δυνατοῦ
1446 1413 1604 1481 μόνον
1644 1413 1759 1467 δια-

195 1480 487 1550 λεχθέντες,
510 1484 608 1557 τὴν
645 1488 824 1542 αἰτίαν
851 1490 910 1542 οὐ
954 1490 1183 1546 τιθέασι.
1232 1496 1340 1547 Kal
1369 1480 1539 1558 ἄλλως
1574 1496 1631 1549 δὲ
1671 1515 1763 1550 πε-

193 1563 537 1647 παιδευμένοι
586 1570 766 1634 καλῶς
825 1567 961 1642 ἦσαν
1014 1573 1087 1643 μὴ
1133 1576 1604 1647 πολυπραγμονεῖν
1663 1580 1756 1633 τοῦ

190 1644 449 1731 θεοῦᾼτὰς
491 1651 719 1720 κρίσεις.
767 1654 951 1708 Ταῦτα
994 1657 1170 1709 τοίνυν
1218 1644 1459 1722 εἰπόντες
1493 1660 1757 1731 ἐνέϐησαν

186 1728 263 1789 εἰς
290 1726 352 1809 τὸ
379 1729 512 1800 πῦρ,
540 1734 634 1785 καὶ
660 1733 782 1787 οὔτε
809 1736 1096 1807 ἐνύϐρισαν
1126 1739 1205 1801 εἰς
1235 1740 1328 1791 τὸν
1359 1739 1601 1809 βασιλέα,
1631 1726 1755 1794 οῦτε

184 1808 559 1891 κατέστρεψαν
595 1815 694 1885 τὴν
723 1816 927 1871 εἰκόνα.
961 1819 1063 1872 Τὸν
1092 1820 1202 1890 γὰρ
1244 1821 1488 1891 ἀνδρεῖον
1515 1822 1757 1875 τοιοῦτον

179 1886 314 1944 εἰναι
343 1894 469 1965 χρὴ,
501 1896 753 1969 σώφρονα
775 1903 868 1953 καί
892 1902 1132 1973 ἐπιεικῆ,
1157 1886 1254 1956 καὶ
1294 1886 1529 1974 μάλιστα
1568 1905 1626 1958 ἐν
1642 1908 1755 1969 τοῖς

179 1974 467 2059 κινδύνοις,
519 1980 603 2034 ἵνα
640 1981 714 2052 μὴ
758 1982 881 2054 δόξῃ
917 1983 1074 2055 θυμῷ
1134 1986 1228 2038 καὶ
1275 1987 1552 2058 κενοδοξία
1616 1989 1752 2059 πρὸς

176 2058 453 2123 τοιούτους
488 2062 705 2130 ἀγῶνας
740 2066 894 2130 ἰέναι,
927 2068 1064 2120 ἀλλά
1092 2068 1313 2141 ἀνδρείᾳ
1346 2072 1439 2124 καί
1476 2058 1753 2142 σωφροσύο

173 2156 257 2211 vn.
294 2142 357 2193 'O
394 2145 492 2212 μὲν
530 2146 635 2216 γὰρ
671 2147 927 2216 ὑϐρίζων,
969 2151 1192 2204 ἐκείνων
1228 2152 1336 2204 τῶν
1389 2153 1751 2222 ἐγκλημάτων

173 2225 435 2297 ὑπομένει
465 2227 560 2299 τὴν
583 2228 834 2285 ὑπόνοιαν
859 2248 873 2262 ⁶
897 2232 926 2285 6
951 2233 1007 2285 δὲ
1029 2234 1317 2305 ὑπομένων
1347 2236 1440 2288 καὶ
1459 2235 1749 2305 ἑλκόμενος

3361 322 3463 377 152

1886 432 1978 481 καὶ
2022 434 2138 500 μετ’
2170 433 2469 497 ἐπιεικείας
2509 430 2925 502 ἀγωνιζόμενος,
2970 431 3067 501 οὐχ
3110 432 3186 495 ὡς
3219 432 3461 503 ἀνδρεῖος

1883 511 2220 580 θαυμάζεται
2259 514 2435 583 μόνον,
2468 513 2603 567 ἀλλά
2646 514 2739 566 καὶ
2769 514 2860 565 ἐπὶ
2904 514 2968 582 τῇ
3012 515 3331 586 σωφροσύνῃ
3364 518 3460 570 καὶ

1880 596 1945 663 τῇ
1980 596 2249 665 ἐπιεικείᾳ
2297 597 2395 665 οὐχ
2435 591 2599 665 ἦττον
2653 595 3090 666 ἀνακηρύττεται
3120 612 3135 626 ο
3180 597 3316 666 ὅπερ
3362 599 3459 651 καὶ

1880 676 2032 729 αὐτοὶ
2057 678 2176 730 τότε
2205 679 2487 746 ἐποίησαν,
2518 678 2617 747 τήν
2654 694 2714 728 τε
2741 677 2995 746 ἀνδρείαν
3020 676 3457 747 ἐπιδεικνύμενοι

1877 759 1972 811 καὶ
2022 759 2119 829 τὴν
2168 760 2466 811 ἐπιείκειαν
2509 760 2750 824 ἃπασαν,
2800 759 2894 811 καὶ
2932 758 3081 811 οὐδὲν
3131 761 3224 813 ἐπὶ
3280 761 3456 831 μισθῷ

1877 840 2206 908 πράττοντες
2235 841 2356 893 ούδέ
2401 842 2668 894 ἀντιδόσει
2713 840 2807 892 καί
2841 840 3167 910 ἀνταμοιϐῇ.
3206 843 3315 895 Kal
3359 844 3453 896 ἐὰν

1879 923 1953 993 μὴ
1984 922 2203 993 θελήσῃ,
2233 925 2414 992 φησὶν,
2451 925 2597 993 ἡμᾶς
2627 922 2923 986 ἐξελέσθαι,
2954 926 3066 984 τοῖς
3091 924 3231 987 θεοῖς
3272 941 3366 977 σου
3389 926 3451 977 ού

1874 1006 2205 1076 λατρεύομεν
2225 1021 2239 1035 ·
2271 1006 2465 1075 ἔχομεν
2494 1006 2601 1076 γὰρ
2634 1006 2731 1075 ἤδη
2764 1005 2865 1067 τὰς
2898 1005 3156 1073 ἀμοιϐὰς.
3187 1006 3454 1071 καταξιω-

1874 1089 2055 1152 θέντες
2110 1090 2485 1159 ἀπαλλαγῆναι
2550 1090 2650 1158 τῆς
2694 1088 2966 1152 ἀσεϐείας,
3023 1091 3117 1141 καὶ
3166 1090 3255 1143 διὰ
3292 1091 3451 1144 τοῦτο

1872 1172 2214 1225 κατακαῦσαι
2257 1174 2326 1225 τὰ
2360 1172 2607 1241 σώματα.
2658 1171 2767 1224 Kal
2801 1174 2963 1241 ἡμεῖς
3018 1172 3193 1224 τοίνυν
3231 1172 3449 1243 ἔχοντες

1871 1255 1970 1326 ήδη
2006 1257 2104 1326 τὴν
2136 1258 2401 1309 ἀντίδοσιν
2443 1256 2558 1326 (καί
2608 1257 2718 1325 γὰρ
2763 1256 2980 1324 ἔχομεν,
3021 1255 3449 1320 καταξιωθέντες

1869 1332 2031 1384 αὐτὸν
2060 1334 2375 1401 ἐπιγνῶναι,
2413 1332 2838 1396 καταξιωθέντες
2862 1331 3112 1399 γενέσθαι
3146 1332 3282 1402 μέλη
3315 1335 3447 1404 Χριο

1870 1415 2041 1484 στοῦ),
2076 1419 2148 1487 μὴ
2179 1419 2492 1488 ποιήσωμεν
2523 1416 2661 1470 αὐτὰ
2697 1417 2833 1487 μέλη
2860 1418 3085 1489 πόρνης.
3107 1417 3194 1469 Ἐν
3227 1416 3336 1488 γάρ
3366 1417 3446 1488 τῷ

1869 1499 2288 1569 φρικωδεστάτῳ
2323 1499 2498 1568 τούτῳ
2529 1499 2633 1569 χρὴ
2664 1498 2967 1551 καταλῦσαι
2995 1499 3085 1551 τὸν
3132 1498 3311 1566 λόγον,
3356 1500 3445 1554 ἵνα

1866 1576 2180 1645 ἀκμάζοντα
2209 1577 2422 1646 ἔχοντες
2456 1579 2555 1646 τῆς
2593 1578 2820 1648 ἀπειλῆς
2847 1578 2939 1629 τὸν
2972 1577 3156 1645 φόϐον,
3192 1579 3443 1648 μένωμεν

1862 1659 1957 1713 τοῦ
1980 1662 2201 1730 χρυσίου
2233 1660 2603 1731 καθαρώτεροι
2633 1662 2711 1731 τῷ
2745 1662 2895 1731 φόϐῳ
2933 1660 3107 1731 τούτῳ
3143 1661 3439 1731 γινόμενοι.

1859 1739 2013 1791 Οὕτω
2055 1738 2162 1808 γὰρ
2215 1739 2556 1809 δυνησόμεθα
2595 1741 2851 1810 πορνείας
2896 1740 3304 1808 ἀπαλλαγέντες
3349 1740 3440 1796 τὸν

1856 1822 2090 1890 Χριστὸν
2133 1821 2286 1873 ἰδεῖν·
2333 1822 2391 1874 ὃν
2423 1822 2630 1890 γένοιτο
2668 1823 2875 1885 πάντας
2922 1824 3072 1891 ἡμᾶς
3120 1822 3259 1892 μετά
3296 1826 3440 1895 παρ-

1857 1899 2052 1969 ρησίας
2084 1900 2381 1952 θεάσασθαι
2428 1901 2568 1954 κατὰ
2604 1902 2703 1970 τὴν
2742 1901 2955 1969 ἡμέραν
2985 1901 3223 1970 ἐκείνην,
3253 1902 3437 1971 χάριτι

1858 1985 1952 2035 καὶ
1974 1982 2350 2052 φιλανθρωπίᾳ
2395 1982 2490 2035 τοῦ
2528 1983 2733 2052 Κυρίου
2765 1981 2921 2051 ἡμῶν
2967 1982 3141 2051 Ἰησοῦ
3172 1983 3433 2055 Χριστοῦ,

1861 2061 1979 2131 μεθ’
2011 2057 2072 2114 οῦ
2102 2061 2178 2130 τῷ
2208 2062 2379 2130 Πατρί
2408 2062 2525 2129 ἅμα
2547 2060 2623 2130 τῷ
2650 2059 2788 2128 ἁγίῳ
2819 2059 3095 2129 [Ινεύματι
3120 2060 3267 2125 δόξα,
3295 2060 3435 2131 κρά-

1855 2162 1963 2207 τος,
2002 2144 2157 2213 τιμὴ,
2184 2143 2290 2195 -νῦν
2337 2144 2433 2198 καί
2475 2144 2582 2209 ἀεὶ,
2631 2143 2727 2197 καὶ
2775 2145 2856 2207 εἰς
2905 2144 3032 2207 τοὺς
3092 2142 3297 2206 αἰῶνας
3323 2142 3434 2199 τῶν

1856 2226 2087 2281 αἰώνων.
2129 2226 2321 2298 Ἀμήν.

1642 2485 1893 2540 ΟΜΙΛΙΑ
1930 2485 2029 2540 ΙΘ¹.

155 2613 296 2689 Περί
323 2614 397 2667 δὲ
422 2611 828 2689 ώνῄέγράψατέ
857 2638 976 2685 μοι·
1002 2621 1195 2675 καλὸν
1217 2621 1505 2689 ἀνθρώπῳ
1546 2636 1744 2687 γυναι-

220 2686 339 2758 κρς
356 2686 447 2758 μὴ
501 2686 810 2743 ἅπτεσθον
839 2690 935 2743 διὰ
953 2692 1020 2745 δὲ
1043 2693 1148 2757 τὰς
1173 2686 1457 2758 πορνείας
1478 2686 1743 2754 ἕκαστος

217 2755 342 2878 ἒὴἓ
364 2756 586 2811 ἑαυτοῦ
601 2759 852 2828 γυναῖκα
870 2762 1071 2832 ἐχέτω,
1086 2755 1184 2815 καί
1207 2755 1443 2829 ἑκάστη
1460 2760 1567 2814 τὸν
1587 2759 1742 2812 ἴδιον

258 2843 301 2878 ν
334 2843 445 2893 ρα.

210 2955 285 3003 α’.
304 2948 628 3021 Διορθώσας
643 2952 710 3006 τὰ
727 2952 1088 3023 χαλεπώτατα
1117 2958 1279 3029 τρίαει
1315 2955 1658 3027 ἐγκλήματα,
1678 2957 1739 3009 ἓν

138 3033 245 3102 μὲν
276 3033 343 3086 τὸ
376 3034 705 3088 διεσπᾶσθαι
758 3038 855 3107 τὴν
897 3040 1239 3108 Ἐκκλησίαν,
1275 3039 1525 3109 δεύτερον
1561 3040 1618 3092 δέ
1642 3040 1736 3092 τοῦ

132 3119 618 3187 πεπορνευκότος,
650 3119 831 3190 τρίτον
863 3120 924 3174 τὺ
963 3122 1058 3175 τοῦ
1093 3122 1439 3183 πλεονέκτου,
1473 3122 1735 3192 κέχρηται

130 3199 332 3252 λοιπὸν
366 3200 710 3271 ἡμερωτέρῳ
740 3202 902 3274 λόγῳ’
952 3205 1047 3257 καί.
1074 3203 1278 3274 μεταξὺ
1316 3204 1499 3274 τίθησι
1533 3205 1735 3274 παραί-

123 3299 280 3334 νεσιν
306 3282 419 3335 καὶ
438 3283 744 3356 συμϐουλὴν
760 3286 857 3355 τὴν
882 3286 1008 3357 περὶ
1029 3286 1123 3339 τοῦ
1139 3287 1317 3357 γάμου
1346 3289 1439 3340 καὶ
1459 3288 1554 3357 τῆς
1595 3306 1735 3359 παρ-

123 3362 344 3431 θενίας,
378 3364 536 3437 [159]
569 3366 675 3419 ἀπὸ
707 3367 815 3419 τῶν
856 3369 1275 3440 φορτικωτέρων
1314 3369 1609 3423 ἀναπαύων
1640 3370 1732 3424 τὸν

34 3484 49 3493 -
114 3450 448 3521 ἀκροατήν.
488 3451 608 3503 Ἐπί
630 3450 687 3503 δέ
719 3454 820 3521 τῆς
844 3452 1101 3521 δευτέρας
1138 3453 1457 3522 Ἐπιστολῆς
1491 3453 1553 3505 τὸ
1580 3454 1732 3506 ἐναν-

114 3532 237 3585 τίον
257 3536 444 3585 ποιεῖ·
465 3533 689 3604 ἄρχεται
722 3533 821 3603 μὲν
845 3533 953 3587 ἀπὸ
977 3535 1082 3587 τῶν
1101 3535 1489 3604 ἡμερωτέρων,
1505 3534 1731 3607 τελευτᾷ

111 3613 170 3667 δὲ
205 3616 297 3678 εἰς
333 3615 415 3667 τὰ
447 3615 893 3687 σκυθρωπότερα.
920 3618 1028 3670 Kal
1046 3616 1347 3670 ἐνταῦθαδέ
1378 3617 1468 3671 τὸν
1488 3618 1729 3689 περὶτῆς

106 3698 453 3768 παρθενίας
492 3699 801 3769 ἀπαρτίσας
856 3700 1036 3769 λόγον,
1082 3699 1244 3754 πάλιν
1298 3699 1496 3765 ἔξεισιν
1515 3702 1610 3755 ἐπὶ
1659 3704 1729 3757 τά

106 3781 594 3852 πληκτικώτερα,
624 3784 685 3836 ού
717 3785 894 3838 πάντα
925 3784 1122 3855 ἐφεξῆς
1147 3785 1336 3850 τιθεὶς,
1362 3785 1499 3839 ἀλλά
1515 3785 1725 3840 ποικίλ-

96 3864 219 3919 λων
252 3867 363 3918 τὺν
395 3865 563 3934 λόγον
598 3867 654 3919 ἐν
689 3867 955 3940 ἐκατέρῳ,
1004 3868 1079 3931 ὼς
1100 3870 1128 3919 6
1159 3869 1350 3939 καιρὸς
1366 3869 1586 3940 ἀπῄτει,
1630 3871 1727 3923 καί.

96 3951 215 4003 τῶν
260 3952 671 4022 ὑποκειμένων
725 3954 1064 4024 πραγμάτων
1119 3956 1150 4025 ἡ
1208 3954 1388 4023 χρεία.
1424 3956 1516 4008 Διό
1571 3972 1726 4028 φησι’

90 4034 244 4103 Περί
277 4034 365 4088 δὲ
401 4028 498 4087 ὧν
526 4035 824 4103 ἐγράψατέ
869 4055 990 4104 μοι.
1013 4037 1298 4106 Ἔγραψαν
1342 4039 1449 4107 γὰρ
1470 4038 1640 4109 αὐτῷ,
1680 4042 1728 4093 εἰ

88 4118 177 4170 δεῖ
215 4118 565 4188 ἀπέχεσθαι
590 4120 865 4187 γυναικὸς,
890 4119 922 4189 ἢ
958 4120 1053 4190 μή.
1087 4121 1196 4172 Καὶ
1227 4120 1362 4189 πρὸς
1392 4122 1563 4174 ταῦτα
1580 4123 1728 4177 ἀντι-

85 4201 350 4272 γράφων
380 4202 491 4253 καὶ
517 4202 765 4271 περὶτοῦ
804 4203 983 4272 γάμου
1020 4203 1347 4271 νομοθετῶν,
1393 4205 1604 4272 εἰσάγει
1634 4207 1727 4259 καὶ

79 4284 177 4336 τὸν
202 4284 363 4355 περὶ
388 4284 501 4354 τῆς
524 4284 818 4355 παρθενίας
842 4284 1021 4353 λόγον·
1052 4286 1255 4340 Καλὸν
1277 4287 1564 4355 ἀνθρώπῳ
1620 4307 1726 4358 γυ-

78 4370 317 4435 ναικὸς
343 4371 458 4439 μὴ
489 4368 800 4425 ἅπτεσθαι.
831 4372 891 4423 Εἰ
925 4371 1022 4439 μὲν
1059 4370 1167 4440 γὰρ
1199 4370 1260 4423 τὸ
1292 4370 1454 4424 καλὸν
1478 4373 1573 4426 καὶ
1592 4374 1723 4443 σφό-

74 4451 185 4521 δρα
211 4452 533 4522 ὑπερέχον
553 4453 752 4523 ζητεῖς,
782 4454 937 4523 φησὶ,
968 4453 1175 4523 βέλτιον
1203 4454 1324 4523 μηδ’
1352 4453 1489 4518 ὅλως
1515 4457 1723 4527 ὁμιλεῖν

72 4534 353 4599 γυναικί*
412 4536 473 4587 εἰ
502 4533 559 4609 δὲ
590 4535 651 4587 τὸ
682 4535 923 4605 ἀσφαλὲς
961 4538 1055 4589 καὶ
1080 4534 1308 4607 βοηθοῦν
1332 4554 1426 4589 σου
1464 4541 1529 4609 τῇ
1555 4540 1721 4593 ἀσθε-

64 4618 223 4688 νείᾳ,
284 4606 725 4689 ὁμίλειγάμῳ.
770 4619 986 4689 Ἐπειδὴ
1035 4618 1091 4672 δὲ
1130 4606 1277 4683 εἰκὸς
1302 4615 1393 4691 ἦν,
1425 4620 1452 4672 δ
1502 4606 1596 4675 iam
1627 4623 1721 4677 νῦν

65 4700 333 4767 γίνεται,
372 4700 488 4753 τὸν
506 4700 604 4770 μὲν
634 4701 804 4770 ἄνδρα
831 4699 1141 4768 βούλεσθαι,
1159 4702 1258 4775 τὴν
1280 4703 1335 4755 δὲ
1356 4706 1588 4772 γυναῖκα
1626 4723 1722 4779 μη-

60 4784 215 4848 κέτι,
294 4785 337 4854 ἢ
386 4783 597 4836 καὶτὸ
633 4784 896 4847 ἐναντίον,
966 4785 1068 4855 ὅρα
1098 4786 1215 4849 πῶς
1271 4788 1399 4857 περί
1442 4788 1721 4860 ἑκατέρων

55 4866 464 4935 διαλέγεται.
497 4866 606 4919 Καί
627 4884 771 4930 τινες
802 4867 903 4936 μέν
939 4885 1121 4936 φασιν,
1169 4868 1251 4921 ὅτι
1294 4869 1429 4940 πρὸς
1466 4872 1647 4941 ἱερέας
1690 4875 1719 4926 6

54 4950 235 5019 ὶόγος
265 4946 471 5012 οὗτος
511 4948 660 5018 αύτῴ
698 4952 931 5021 εἴρηται·
962 4952 1071 5020 ἐγὼ
1093 4952 1148 5005 δέ
1173 4952 1278 5005 ἀπὸ
1301 4953 1409 5006 τῶν
1443 4954 1568 5025 ἐξῆς
1592 4972 1718 5009 σκο-

50 5034 210 5098 πῶν,
238 5034 371 5086 οὐκ
412 5031 495 5084 ἂν
526 5032 693 5102 φαίην
734 5033 893 5086 τοῦτο
919 5034 1090 5098 οὕτως
1138 5035 1297 5105 ἔχειν·
1332 5037 1452 5089 οὐδὲ
1480 5038 1590 5108 γὰρ
1649 5038 1717 5091 ἂν

50 5115 430 5176 καθολικῶς
471 5113 633 5183 ἔθηκε
657 5114 754 5185 τὴν
809 5116 1153 5186 παραίνεσιν.
1200 5120 1262 5171 Εἰ
1288 5119 1343 5173 δὲ
1378 5120 1581 5188 ἱερεῦσι
1616 5122 1714 5189 μό-

44 5218 141 5252 νον
173 5200 400 5253 ταῦτα.
464 5196 728 5267 ἔγραφεν,
768 5194 921 5252 εἴπεν
944 5203 1028 5254 ἀν’
1062 5202 1242 5255 Καλὸν
1284 5203 1360 5273 τῷ
1408 5205 1714 5277 διδασκάλῳ

40 5282 354 5345 γυναικὸς
398 5279 497 5349 μὴ
514 5279 799 5333 ἅπτεσθαι·
836 5282 950 5334 νυνὶ
984 5283 1039 5335 δὲ
1072 5284 1297 5337 καθόλου
1324 5287 1455 5339 αὐτὸ
1477 5288 1709 5355 τέθεικε,

39 5365 283 5418 Καλὸν
316 5361 675 5427 ἀνθρώπῳ,
694 5362 887 5432 λέγων,
918 5366 1014 5436 οὑχ
1050 5369 1186 5437 ἰερεῖ
1202 5369 1383 5437 μόνον·
1404 5372 1497 5424 καὶ
1525 5372 1707 5438 πάλιν,

44 5448 371 5501 ,λέλυσαι
442 5443 573 5497 ἀπὸ
600 5447 884 5513 γυναικός
905 5465 923 5513 ;
968 5449 1054 5517 μὴ
1082 5449 1235 5517 ζήτει
1286 5453 1556 5521 γυναῖκα.
1592 5457 1704 5509 Οὐκ

34 5526 197 5593 εἶπε,
232 5530 331 5582 Σὺ
378 5529 419 5580 ὁ
454 5527 642 5594 ἱερεὺς
680 5528 821 5582 καὶὸ
854 5530 1191 5599 διδάσκαλος,
1225 5534 1339 5587 ἀλλ’
1367 5536 1704 5608 ἀδιορίστως⁸

31 5616 136 5668 καὶ
168 5616 324 5677 ὅλος
366 5610 579 5664 διόλου
603 5611 844 5677 τοιοῦτος
883 5615 1125 5682 πρόεισιν
1152 5620 1177 5671 6
1210 5618 1383 5687 λόγος.
1416 5621 1599 5676 Εἰπὼν
1625 5623 1703 5693 δὲ,

93 5772 123 5801 ⁸
153 5772 241 5821 lla
274 5770 449 5830 Reg.
473 5802 495 5826 ,
522 5767 624 5829 τρία
649 5767 791 5818 deest
812 5771 859 5818 in
886 5770 1049 5821 editls.

1848 2620 1953 2673 Διὰ
1979 2620 2084 2686 τὰς
2110 2622 2393 2689 πορνείας
2435 2623 2691 2690 ἕκαστος
2744 2623 2860 2691 τὴν
2908 2624 3125 2679 ἑαυτοῦ
3172 2624 3428 2694 γυναῖκα

1845 2704 2047 2770 ἐχέτω,
2076 2706 2209 2776 αὐτῇ
2242 2710 2306 2775 τῇ
2348 2708 2495 2777 αἰτίᾳ
2527 2708 2627 2775 τῆς
2660 2708 3059 2777 συγχωρήσεως
3090 2709 3170 2770 εἰς
3218 2709 3424 2779 ἐγκρά-

1845 2805 1995 2840 τειαν
2031 2790 2225 2858 ἡγαγε.
2265 2789 2343 2857 Τῇ
2377 2789 2617 2858 γυναικὶ
2640 2791 2671 2842 6
2701 2788 2857 2857 ἀνὴρ
2884 2789 2998 2857 τὴν
3024 2790 3428 2858 ὀφειλομένην

1844 2871 2023 2937 τιμὴν
2049 2871 2399 2925 ἀποδιδότω·
2426 2872 2640 2940 ὁμοίως
2660 2873 2755 2925 καί
2786 2873 2823 2939 ἡ
2850 2872 3005 2941 γυνὴ
3037 2870 3116 2937 τῷ
3137 2872 3327 2940 ἀνδρί.
3360 2873 3424 2926 Τί

1842 2953 1899 3007 δέ
1926 2956 2072 3008 ἐστιν
2099 2957 2132 3023 ἠ
2161 2954 2481 3025 ὀφειλομένη
2505 2957 2635 3026 τιμή
2658 2975 2671 3021 ;
2719 2957 2781 3008 Ἦ
2807 2956 2944 3025 γυνὴ
2966 2955 3057 3008 τοῦ
3086 2956 3215 3010 ἰδίου
3240 2956 3427 3025 σῶμα*

1842 3054 1932 3100 τος
1950 3039 2049 3090 οὐκ
2079 3038 2404 3102 ἐξουσιάζει,
2441 3038 2579 3091 ἀλλά
2604 3039 2700 3091 καὶ
2729 3038 2890 3107 δούλη
2914 3040 3009 3092 καὶ
3030 3040 3287 3094 δέσποινά
3305 3043 3421 3095 ἐστι

1841 3121 1933 3173 τοῦ
1956 3121 2165 3192 ἀνδρός.
2193 3119 2310 3173 Κᾶν
2333 3122 2578 3190 ἀποστῇς
2604 3120 2703 3191 τῆς
2732 3121 2977 3184 δουλείας
2998 3122 3095 3192 τῆς
3112 3123 3420 3193 προσηκού-

1842 3220 1962 3274 σης.
1995 3203 2412 3274 προσέκρουσας
2435 3201 2512 3271 τῷ
2536 3202 2676 3272 Θεῷ·
2714 3203 2763 3254 εἰ
2797 3203 2853 3256 δὲ
2881 3204 3183 3273 ἀποστῆναι
3219 3205 3418 3273 βούλει,

1838 3285 1966 3339 ὅταν
1990 3288 2018 3338 6
2051 3286 2190 3357 ἀνὴρ
2236 3286 2531 3356 ἐπιτρέπῃ,
2569 3284 2671 3339 κᾶν
2706 3286 2843 3358 πρὸς
2874 3286 3046 3356 βραχὺ
3073 3286 3228 3340 τοῦτο
3261 3288 3418 3359 γίνη-

1836 3386 1945 3421 ται.
1978 3367 2076 3420 Διά
2097 3368 2205 3438 γὰρ
2228 3366 2389 3421 τοῦτο
2413 3370 2508 3421 καὶ
2536 3369 2755 3438 ὀφειλὴν
2794 3368 2853 3422 τὸ
2884 3372 3115 3439 πρᾶγμα
3138 3370 3415 3434 ἐκάλεσεν,

1839 3450 1927 3502 ἵνα
1954 3449 2103 3521 δείξῃ
2147 3450 2351 3518 μηδένα
2398 3450 2588 3520 κύριον
2620 3448 2748 3504 ὄντα
2766 3452 2984 3516 ἐαυτοῦ,
3019 3451 3132 3505 ἀλλ’
3171 3452 3418 3523 ἀλλήλων

1835 3532 2074 3595 δούλους.
2123 3533 2296 3586 ’Ὅταν
2315 3528 2409 3586 οὖν
2460 3533 2576 3604 ίδῃς
2605 3533 2811 3605 πόρνην
2830 3535 3107 3605 πειρῶσάν
3131 3552 3249 3601 σου,
3268 3537 3413 3590 εἰπέ·

1836 3616 1949 3669 Οὐκ
1979 3616 2093 3669 ἐστι
2120 3616 2180 3669 τὸ
2203 3617 2364 3687 σῶμα
2402 3616 2554 3687 ἐμὸν,
2603 3616 2739 3671 ἀλλὰ
2764 3618 2867 3686 τῆς
2921 3619 3199 3686 γυναικός.
3233 3618 3417 3673 Ταῦτα

1833 3700 1930 3752 καὶ
1956 3701 1989 3770 ή
2017 3699 2154 3770 γυνὴ
2178 3699 2382 3768 λεγέτω
2412 3698 2552 3769 πρὸς
2579 3700 2701 3763 τοὺς
2736 3699 3093 3771 βουλομένους
3143 3702 3313 3772 αὐτῆς
3334 3702 3413 3755 διο

1831 3783 2026 3854 ορύξαι
2055 3784 2155 3853 τὴν
2192 3783 2567 3855 σωφροσύνην’
2599 3784 2716 3837 Ούκ
2742 3783 2890 3837 ἐστιν
2920 3784 3051 3854 ἐμὸν
3082 3785 3144 3837 τὸ
3177 3782 3332 3855 σῶμα
3352 3784 3414 3838 τὸ

1832 3867 1985 3935 ἐμὸν,
2020 3867 2154 3920 ἀλλὰ
2180 3866 2274 3919 τοῦ
2307 3866 2521 3937 ἀνδρός.
2544 3867 2610 3921 Εἰ
2637 3866 2696 3919 δὲ
2713 3866 2962 3937 σώματος
2982 3867 3082 3920 οὐκ
3109 3865 3412 3933 ἐξουσιάζει

1828 3950 1858 4001 6
1880 3950 2023 4021 ἀνὴρ
2045 3950 2076 4019 ἢ
2099 3952 2130 4019 ἡ
2155 3949 2313 4018 γυνὴ,
2344 3948 2524 4020 πολλῷ
2555 3948 2755 4018 μᾶλλον
2770 3949 3090 4019 χρημάτων.
3118 3949 3410 4002 Ἀκούσατε

1828 4032 1949 4085 ὅσαι
1977 4033 2175 4101 ἄνδρας
2206 4032 2379 4103 ἐχετε,
2415 4032 2511 4085 καί
2556 4032 2670 4084 ὅσοι
2710 4035 2996 4099 γυναῖκας.
3021 4033 3083 4085 Εἰ
3113 4032 3222 4102 γὰρ
3250 4031 3409 4103 σῶμα

1828 4116 1972 4185 ἐχειν
2002 4116 2131 4169 ίδιον
2161 4116 2221 4167 ού
2253 4115 2380 4185 χρὴ,
2419 4114 2599 4184 πολλῴ
2624 4114 2826 4184 μᾶλλον
2850 4116 2954 4185 χρή
2965 4134 3128 4184 ματα.
3148 4115 3407 4184 Ἀλλαχοῦ

1830 4198 1928 4267 μὲν
1957 4193 2049 4251 οὖν
2084 4197 2282 4267 πολλὴν
2302 4197 2485 4249 δίδωσι
2512 4196 2590 4266 τῷ
2618 4196 2773 4266 ἀνδρὶ
2801 4197 2900 4267 τὴν
2927 4197 3215 4269 προεδρίαν
3234 4198 3327 4252 καί
3350 4201 3408 4250 ἐν

1824 4287 1890 4354 τῇ
1916 4285 2088 4353 Καινῇ
2110 4284 2203 4337 καὶ
2231 4284 2289 4335 ἐν
2319 4286 2383 4353 τῇ
2408 4283 2621 4354 Παλαιᾷ
2648 4283 2841 4351 λέγων’
2872 4284 3026 4351 Πρὸς
3065 4286 3173 4337 τὸν
3218 4285 3407 4352 ἄνδρα

1824 4384 1942 4421 σου
1962 4367 2000 4433 ἡ
2024 4366 2377 4434 ἀποστροφή
2428 4381 2568 4432 σου,
2600 4366 2697 4419 καὶ
2728 4367 2910 4432 αὐτός
2933 4384 3048 4420 σου
3078 4368 3401 4434 κυριεύσειν

1822 4451 1852 4503 6
1876 4449 1932 4502 δὲ
1960 4449 2169 4510 Παῦλος
2217 4448 2439 4519 διαιρῶν
2471 4449 2611 4502 οὕτω
2638 4450 2732 4502 καὶ
2760 4450 3010 4518 γράφων·
3073 4452 3136 4502 Οἱ
3161 4448 3400 4517 ἄνδρες,

1822 4531 2086 4602 ἀγαπᾶτε
2111 4532 2217 4596 τὰς
2239 4530 2546 4599 γυναῖκας,
2571 4533 2609 4599 ἡ
2630 4531 2698 4584 δὲ
2719 4532 2872 4601 γυνὴ
2891 4533 2991 4585 ἵνα
3021 4531 3274 4600 φοϐῆται
3295 4535 3403 4586 τὸν

1822 4615 2028 4683 ἄνδρα
2055 4613 2285 4666 ἐνταῦθα
2321 4613 2378 4667 δέ
2414 4614 2598 4667 οὐκέτι
2624 4614 2684 4667 τὸ
2720 4614 2907 4684 μεῖζον
2956 4614 3052 4667 καὶ
3075 4614 3134 4667 τὸ
3163 4614 3401 4680 ἔλαττον,

1821 4699 1958 4752 ἀλλὰ
1984 4699 2079 4769 μία
2103 4701 2136 4769 ἡ
2185 4697 2335 4769 [160]
2364 4697 2601 4763 ἐξουσία.
2656 4698 2721 4751 Τί
2757 4698 2986 4767 δήποτε;
3032 4699 3250 4765 Ἐπειδὴ
3276 4700 3402 4769 περὶ

1823 4781 2174 4853 σωφροσύνης
2202 4782 2231 4834 6
2253 4780 2408 4848 λόγος
2432 4776 2501 4850 ἦν
2530 4780 2698 4852 αὐτῷ.
2717 4782 2804 4834 Ἐν
2833 4781 2931 4851 μὲν
2961 4780 3069 4851 γὰρ
3088 4784 3198 4845 τοῖς
3220 4782 3401 4844 ἄλλοις

1819 4868 2226 4930 πλεονεκτείτω,
2284 4866 2469 4935 φησὶν,
2510 4869 2538 4919 ὁ
2567 4868 2726 4937 ἀνήρ·
2759 4865 2887 4919 ἔνθα
2937 4866 2995 4919 δὲ
3043 4865 3398 4937 σωφροσύνης

1817 4951 1993 5019 λόγος,
2018 4950 2222 5003 οὐκέτι.
2239 4950 2300 5001 '0
2318 4949 2474 5016 ἀνὴρ
2496 4950 2600 5002 τοῦ
2631 4949 2783 5002 ἰδίου
2812 4949 3083 5017 σώματος
3105 4952 3213 5003 οὐκ
3233 4950 3399 5012 ἐξου-

1816 5034 2020 5094 σιάζει,
2054 5032 2195 5085 οὐδὲ
2228 5031 2263 5097 ὴ
2295 5031 2471 5099 γυνή.
2499 5031 2728 5103 Πολλὴὴ
2761 5030 3022 5101 ἰσοτιμία,
3056 5032 3150 5085 καὶ
3170 5031 3396 5102 οὐδεμία.

1826 5114 2127 5178 πλεονεξία.

1891 5198 1987 5265 Μὴ
2011 5195 2395 5264 ἀποστερεῖτε
2421 5195 2755 5264 ἀλλήλους,
2787 5198 2839 5249 εἰ
2859 5196 2943 5265 μή
2971 5212 3024 5249 τι
3056 5195 3132 5249 ἂν
3150 5197 3217 5250 ἐκ
3245 5214 3396 5267 συμ-

1820 5282 2041 5352 φώνου.
2062 5281 2125 5332 Τί
2154 5280 2217 5349 δὴ
2244 5278 2398 5332 τοῦτό
2432 5281 2577 5345 ἐστι;
2611 5279 2702 5349 Μὴ
2746 5280 3179 5349 ἐγκρατευέσθω.
3204 5283 3391 5352 φησὶν,

1816 5368 1849 5436 ή
1889 5363 2045 5433 γυνὴ,
2076 5362 2167 5415 τοῦ
2227 5362 2419 5432 ἀνδρὸς
2446 5362 2690 5424 ἄκοντος,
2737 5362 2873 5433 μήτε
2904 5363 2931 5414 6
2961 5360 3120 5433 ἀνὴρ,
3143 5363 3241 5432 τῆς
3294 5380 3395 5431 γυ-

1815 5448 1999 5509 ναικὸς
2037 5445 2110 5515 μὴ
2147 5444 2491 5515 βουλομένης.
2530 5443 2593 5497 Τί
2631 5444 2864 5515 δήποτε;
2916 5444 3038 5497 ’Ότι
3064 5444 3273 5514 μεγάλα
3323 5447 3392 5499 ἐκ

1807 5529 1908 5601 τῆς
1940 5528 2265 5599 ἐγκρατείας
2296 5527 2498 5598 ταύτης
2526 5526 2770 5580 τίκτεται
2803 5528 2970 5581 κακά’
2999 5529 3092 5581 καὶ
3131 5530 3238 5600 γὰρ
3292 5530 3391 5583 καὶ

1812 5616 2044 5682 μοιχεῖαι
2072 5612 2165 5664 καὶ
2196 5613 2440 5683 πορνεῖαι
2476 5610 2570 5663 καὶ
2590 5610 2777 5663 οἰκιῶν
2809 5610 3109 5681 ἀνατροπαὶ
3130 5611 3387 5673 πολλάκις

1807 5695 2056 5748 ἐντεῦθεν
2096 5696 2357 5762 ἐγένοντο.
2390 5696 2449 5748 Εἰ
2474 5693 2581 5764 γὰρ
2611 5693 2823 5764 ἔχοντες
2844 5693 2940 5757 τὰς
2962 5694 3169 5746 ἑαυτῶν
3198 5698 3385 5762 γυναῖο

1812 5793 1935 5841 κας,
1966 5777 2304 5848 πορνεύουσι,
2344 5777 2519 5849 πολλῷ
2549 5775 2772 5847 μᾶλλον,
2806 5776 2871 5831 ἂν
2916 5777 3111 5839 αὐτοὺς
3140 5778 3238 5847 τῆς
3271 5794 3380 5833 πασ-
