3838 6214
288 320 393 377 153

284 454 407 494 nam
435 444 493 493 et
514 434 798 503 adulteria,
822 444 877 490 et
903 432 1287 489 fornicationes
1311 440 1369 489 et
1389 430 1674 487 domorum
1702 442 1860 485 ever-

283 533 464 586 siones
485 544 629 601 sarpe
655 527 777 583 inde
806 535 1148 596 consequutze
1173 533 1316 580 sunt.
1348 525 1402 581 Si
1428 523 1571 579 enim
1588 538 1709 579 cum
1730 536 1867 577 uxo-

286 643 374 679 res
403 624 657 690 habeam,
689 622 1039 686 fornicantur,
1069 620 1238 675 multo
1265 619 1430 688 magis
1451 619 1496 673 si
1523 618 1643 673 illos
1668 618 1736 671 ab
1768 619 1866 673 hac

280 718 655 773 consolatione
699 714 1012 785 privaveris.
1044 717 1110 771 Et
1138 726 1286 771 recte
1331 717 1485 781 dixit,
1522 712 1699 767 Nolite
1721 713 1867 783 frau-

281 809 427 873 dare,
462 807 700 863 fraudem
728 806 817 863 hic
841 817 895 863 et
919 806 1159 862 debitum
1189 807 1436 876 superius
1462 805 1737 876 appellans
1760 844 1775 870 ,
1807 811 1866 858 ut

282 899 581 954 dominium
607 900 783 969 majus
815 900 1143 956 ostenderet.
1172 900 1307 957 Nam
1339 900 1505 955 invito
1533 901 1702 953 altero
1727 898 1863 952 alte-

282 1007 404 1045 rum
426 1005 485 1047 se
505 994 778 1047 continere
798 1033 813 1057 ,
837 993 968 1047 illud
984 1001 1067 1047 est
1081 991 1358 1058 fraudare;
1384 1002 1608 1062 utroque
1628 990 1862 1054 volente,

284 1099 392 1137 non
420 1082 568 1138 item.
600 1082 715 1138 Non
744 1084 910 1148 enim,
933 1085 978 1138 si
1006 1095 1286 1154 postquam
1336 1083 1467 1138 mihi
1511 1082 1860 1152 persuaseris,

281 1177 486 1247 aliquid
512 1192 582 1232 ex
602 1177 737 1232 meis
760 1179 1012 1247 accipias,
1046 1178 1279 1233 fraudari
1308 1193 1394 1232 me
1422 1177 1564 1231 dico.
1592 1175 1692 1240 Qui
1720 1176 1863 1228 cnim

279 1268 352 1322 ab
382 1268 546 1322 invito
569 1277 625 1323 et
652 1283 749 1337 per
768 1270 873 1323 vim
898 1280 1086 1324 coacto
1112 1271 1324 1338 accipit,
1352 1268 1439 1323 ille
1455 1267 1684 1322 fraudat.
1710 1264 1861 1333 Quod

280 1361 466 1415 multae
493 1361 744 1416 mulieres
774 1362 993 1425 faciunt,
1020 1378 1140 1433 qua:
1170 1370 1442 1433 peccatum
1466 1360 1753 1416 admittunt
1772 1360 1861 1430 ju-

279 1451 482 1505 stitiam
512 1466 868 1521 exsuperans,
919 1463 973 1508 et
1001 1453 1101 1508 hac
1150 1455 1355 1509 ratione
1382 1454 1614 1508 libidinis
1641 1454 1863 1506 marito-

278 1557 402 1597 rum
442 1544 495 1597 in
521 1544 674 1613 culpa
701 1552 869 1611 sunt,
901 1546 1186 1615 omniaque
1221 1546 1274 1599 in
1321 1546 1707 1601 dissensionem
1741 1560 1861 1598 ver-

279 1643 419 1689 tunt.
446 1634 666 1703 Oportet
681 1645 858 1690 autem
878 1638 1220 1693 concordiam
1240 1640 1488 1692 omnibus
1510 1646 1856 1707 anteponere,

276 1729 404 1795 quia
455 1728 556 1783 hoc
594 1729 844 1784 omnibus
866 1738 950 1783 est
978 1730 1388 1798 pra-ferendum.
1413 1730 1483 1785 Et
1507 1731 1550 1785 si
1586 1731 1775 1800 placet,
1807 1731 1857 1783 id

278 1819 334 1872 in
364 1818 525 1873 rebus
554 1819 685 1888 ipsis
732 1821 1117 1877 examinemus.
1146 1820 1265 1877 Sitit
1293 1837 1427 1875 uxor
1451 1830 1505 1876 et
1532 1822 1777 1885 maritus,
1804 1830 1860 1875 et

276 1926 337 1964 se
359 1912 627 1965 contineat
650 1924 792 1966 uxor
818 1913 1031 1967 nolente
1057 1914 1252 1968 marito
1282 1932 1296 1969 :
1325 1914 1452 1984 quid
1480 1929 1607 1984 ergo
1626 1956 1641 1980 ,
1693 1914 1737 1967 si
1769 1913 1858 1967 ille

276 1999 409 2055 hinc
432 2000 501 2055 ad
527 2000 901 2057 fornicandum
930 2003 1252 2069 inducatur;
1298 2015 1391 2058 aut
1418 2021 1522 2059 non
1550 2006 1859 2060 .fornicetur

274 2095 515 2164 quidem,
544 2095 638 2151 sed
667 2096 864 2159 doleat,
901 2098 1144 2152 turbetur
1163 2139 1178 2162 ,
1211 2099 1542 2163 incendatur,
1573 2107 1769 2167 pugnet
1795 2112 1858 2151 ac

274 2189 472 2258 litiget,
502 2196 557 2243 et
582 2189 857 2243 innumera
887 2191 1037 2244 uxori
1068 2194 1277 2259 negotia
1301 2191 1594 2245 exhibeat?
1619 2189 1744 2260 quid
1768 2191 1853 2243 lu-

274 2280 354 2333 cri
382 2293 446 2333 ex
469 2279 674 2348 jejunio
700 2290 754 2334 et
780 2281 1107 2335 continentia
1128 2323 1143 2347 ,
1172 2297 1293 2337 cum
1320 2284 1515 2337 caritas
1551 2282 1717 2336 fracta
1746 2283 1855 2365 sit?

272 2370 438 2424 Nihil.
475 2373 614 2437 Quot
654 2373 799 2426 enim
826 2373 950 2429 inde
975 2375 1236 2442 convicia,
1264 2385 1393 2446 quot
1421 2376 1651 2447 negotia,
1679 2392 1854 2446 quan-

272 2472 385 2518 tum
417 2464 612 2519 bellum
641 2465 945 2521 necessario
959 2465 1190 2521 oriatur!

345 2554 400 2608 2.
434 2554 568 2609 Cum
599 2555 743 2610 enim
797 2555 941 2610 domi
988 2557 1211 2612 maritus
1234 2565 1317 2612 *et
1365 2573 1502 2612 uxor
1549 2558 1849 2625 dissident,

270 2662 383 2701 non
432 2647 623 2701 melius
663 2662 722 2703 se
750 2646 969 2702 habebit
1011 2647 1222 2711 donius,
1274 2664 1432 2718 quam
1464 2650 1616 2704 navis
1656 2652 1849 2720 agitata

273 2745 612 2806 tempestate,
639 2738 996 2808 gubernatore
1018 2741 1105 2808 qui
1135 2740 1203 2793 ab
1226 2755 1291 2795 eo
1315 2756 1527 2810 proram
1559 2742 1696 2811 regit
1740 2743 1849 2796 dis-

270 2830 554 2885 sentiente.
609 2829 841 2898 Ideoque
868 2830 941 2883 ait
970 2848 985 2884 :
1015 2828 1190 2884 Nolite
1216 2834 1459 2900 fraudare
1481 2834 1712 2898 invicem,
1750 2834 1849 2887 nisi

271 2921 480 2987 [orteex
498 2936 742 2975 consensu
763 2920 830 2973 ad
843 2930 1037 2990 tempus
1063 2931 1117 2974 ut
1141 2923 1321 2975 vacetis
1324 2923 1524 2994 jejunio
1546 2934 1590 2976 et
1608 2925 1846 2990 orationi;

266 3012 342 3067 de
377 3012 618 3067 oratione
651 3025 771 3066 cum
800 3011 988 3082 majori
1028 3012 1205 3066 studio
1233 3011 1367 3067 facta
1388 3014 1473 3068 hic
1502 3014 1746 3083 loquens.
1788 3014 1844 3070 Si

263 3104 411 3158 enim
431 3117 585 3159 orare
604 3103 883 3173 prohibeat
897 3103 1086 3173 eosqui
1102 3103 1239 3159 inter
1253 3119 1314 3159 se
1328 3116 1540 3171 coeunt,
1562 3106 1847 3171 illud,Sine

262 3196 663 3250 intermissione
685 3208 861 3261 orare,
883 3195 1151 3265 quomodo
1179 3196 1350 3250 locum
1372 3204 1426 3251 et
1453 3207 1661 3265 tempus
1680 3198 1843 3253 habe-

261 3286 384 3340 bit?
412 3287 539 3341 licet
565 3299 694 3355 ergo
723 3295 778 3338 et
804 3300 926 3338 eum
960 3300 1126 3338 uxore
1150 3286 1591 3341 consuetudinem
1625 3288 1841 3354 habere,

261 3388 322 3431 et
352 3376 579 3429 orationi
622 3375 972 3433 incumbere:
1001 3376 1093 3429 sed
1127 3391 1222 3445 per
1248 3378 1629 3433 continentiam
1661 3395 1845 3447 preca-

263 3467 343 3519 tio
358 3465 656 3520 accuratior
682 3466 940 3522 redditur.
966 3465 1079 3521 Non
1100 3466 1242 3521 enim
1265 3467 1576 3535 simpliciter
1597 3469 1749 3535 dixit,
1773 3469 1846 3526 Ut

259 3557 467 3622 oretis;
520 3557 613 3611 sed
647 3556 714 3611 Ut
766 3559 967 3619 vacetis,
999 3567 1181 3624 utpote
1225 3573 1345 3612 cum
1394 3574 1482 3613 res
1511 3562 1842 3617 vocationem

260 3643 647 3718 prmbeaysed
677 3663 782 3701 non
816 3649 1228 3703 immunditiam.
1258 3649 1322 3703 Et
1342 3654 1519 3704 iterum
1546 3653 1596 3705 in
1622 3653 1843 3721 idipsum

257 3740 539 3804 convenite,
573 3754 635 3791 ne
661 3748 809 3792 tentet
847 3754 932 3792 vos
958 3750 1183 3795 satanas.
1213 3740 1291 3795 Ne
1339 3742 1610 3798 videretur
1659 3745 1800 3800 enim
1826 3785 1842 3811 ,

258 3844 379 3883 rem
408 3842 530 3883 esse
560 3828 675 3898 lege
713 3829 1059 3883 constitutam
1081 3870 1094 3891 ,
1125 3845 1340 3884 causam
1369 3831 1536 3886 addit.
1588 3832 1843 3901 Quaenam

261 3922 362 3976 illa
382 3922 489 3974 est?
513 3920 595 3974 Ne
615 3930 766 3977 tentet
795 3937 880 3975 vos
897 3931 1120 3976 satanas.
1147 3923 1213 3977 Et
1239 3932 1298 3977 ut
1323 3924 1497 3979 discas
1524 3942 1629 3980 non
1655 3927 1844 3983 diabo-

256 4014 375 4067 lum
402 4021 604 4067 tantum
631 4013 876 4067 adulterii
923 4028 1139 4067 causam
1181 4028 1320 4080 esse,
1349 4016 1625 4084 subjunxit
1659 4035 1673 4072 :
1706 4017 1842 4072 Pro-

258 4115 374 4173 pter
392 4106 803 4160 incontinentiam
829 4114 1063 4160 vestram.
1095 4108 1150 4159 6.
1192 4105 1303 4160 Hoc
1326 4117 1493 4162 autem
1529 4110 1640 4163 dico
1667 4128 1843 4164 secun-

254 4200 384 4252 dum
410 4200 814 4269 indulgentiam,
845 4216 948 4254 non
984 4200 1261 4254 secundum
1309 4202 1595 4271 imperium.
1626 4206 1677 4260 7.
1717 4205 1844 4260 Volo

256 4302 436 4345 autem
466 4309 634 4346 omnes
666 4293 892 4346 homines
917 4309 1024 4347 esse
1051 4294 1182 4346 sicut
1211 4294 1476 4362 meipsum,
1500 4296 1553 4349 in
1587 4298 1844 4352 continen-

256 4385 358 4438 tia.
395 4382 506 4436 lloc
543 4397 685 4451 suape
711 4382 865 4448 facit,
894 4383 1107 4452 quando
1138 4397 1225 4437 res
1253 4382 1498 4439 difciles
1526 4385 1757 4440 suadet:
1784 4402 1845 4442 se

256 4478 316 4532 in
349 4475 525 4530 medio
552 4476 698 4545 ponit
718 4483 772 4530 et
797 4475 889 4538 ait,
916 4473 1201 4528 Imitatores
1227 4477 1322 4528 mei
1353 4485 1522 4530 estote.
1549 4478 1654 4532 Sed
1684 4496 1842 4533 unus-

253 4570 474 4638 quisque
521 4569 780 4637 praprium
827 4566 1018 4619 donum
1065 4566 1211 4619 habet
1240 4583 1302 4619 ea:
1328 4564 1457 4632 Deo,
1486 4567 1617 4622 alius
1644 4570 1843 4631 quidem

252 4662 356 4722 sic,
385 4659 518 4712 alius
545 4675 657 4712 vero
678 4659 750 4710 sic
781 4659 826 4728 (l
844 4699 857 4711 .
875 4656 994 4712 Cor.
1016 4658 1070 4713 4.
1101 4656 1213 4727 16).
1236 4657 1367 4724 Quia
1389 4658 1531 4712 enim
1550 4659 1702 4713 valde
1726 4661 1845 4715 illos

252 4752 533 4807 accusavit
557 4751 759 4814 dicens,
786 4749 1001 4819 Propter
1025 4750 1440 4802 incontinentiam
1462 4760 1695 4814 vestram,
1720 4766 1843 4804 rur-

253 4860 357 4897 sus
387 4844 531 4911 ipsos
556 4842 862 4897 consolatus
880 4850 963 4896 est
979 4841 1325 4910 snbjungens,
1349 4840 1695 4913 Unusquisque
1721 4860 1842 4911 pro-

255 4937 435 5006 prium
463 4934 650 4987 donum
688 4933 833 4986 habet
857 4949 919 4985 ea:
941 4932 1044 4985 Deo
1062 4948 1085 4996 ,
1111 4948 1214 4985 non
1245 4935 1347 4986 hoc
1368 4932 1667 4999 declarans,
1701 4933 1844 5002 quod

254 5026 367 5081 hoc
396 5034 539 5080 recte
568 5025 760 5079 factum
790 5032 977 5077 nostro
1005 5023 1181 5078 studio
1210 5039 1315 5078 non
1364 5033 1548 5094 egeat;
1599 5025 1693 5079 sed
1720 5065 1734 5088 ,
1789 5035 1845 5080 ut

254 5121 414 5190 prius
441 5117 570 5185 dixi,
600 5116 886 5171 consolans
908 5116 1047 5169 illos.
1080 5115 1210 5168 Nam
1239 5117 1281 5169 si
1313 5115 1512 5169 donum
1543 5125 1647 5181 est,
1671 5124 1726 5171 et
1759 5117 1837 5170 ni-

251 5213 335 5266 hil
385 5211 549 5264 bomo
594 5208 661 5262 ad
712 5211 811 5261 hoc
850 5208 1025 5273 alfert,
1073 5207 1340 5276 quomodo
1392 5206 1564 5261 dicis?
1608 5206 1662 5261 8.
1718 5205 1844 5260 Dico

245 5313 430 5357 autem
455 5318 554 5355 non
579 5300 750 5371 nuptis
772 5309 817 5353 et
843 5300 1006 5353 viduis
1031 5315 1051 5355 :
1083 5302 1265 5354 bonum
1302 5309 1373 5354 est
1400 5299 1522 5364 illis,
1550 5299 1596 5351 si
1621 5299 1693 5352 sic
1733 5315 1847 5365 per-

247 5395 537 5451 manserint
565 5405 619 5446 ut
646 5409 756 5463 ego.
786 5395 837 5447 9.
872 5394 1021 5459 Quod
1047 5392 1093 5445 si
1117 5408 1170 5446 se
1199 5408 1297 5445 non
1320 5392 1597 5458 continent,
1629 5392 1841 5444 nubant.

249 5485 505 5539 Vidistin
543 5483 696 5537 Pauli
742 5483 1057 5552 sapientiam
1084 5525 1098 5550 ,
1143 5483 1414 5553 quomodo
1468 5494 1523 5537 et
1566 5482 1842 5537 meliorem

245 5578 506 5635 ostendat
531 5592 650 5632 esse
672 5577 1074 5639 continentiam,
1100 5587 1155 5630 et
1185 5592 1287 5631 non
1315 5584 1469 5644 cogat
1487 5590 1605 5628 eum
1626 5576 1712 5643 qni
1737 5590 1840 5628 non

246 5669 581 5742 assequitur,
615 5669 807 5724 timens
837 5685 904 5723 ne
930 5668 980 5722 in
1010 5666 1527 5737 lapsumincidatur?
1556 5663 1743 5719 Melius
1770 5674 1843 5721 est

247 5762 391 5820 enim
419 5761 623 5828 nubere,
655 5777 807 5831 quant
838 5763 935 5815 uri.
968 5761 1223 5817 lndicavit
1249 5769 1442 5831 quanta
1467 5759 1559 5816 .sit
1580 5758 1838 5829 concupi-

1329 312 1396 372 IN
1434 314 1647 371 EPIST.
1770 311 1863 367 AD
1901 308 2055 365 COR.
2098 310 2325 369 HOMlL.
2361 314 2505 374 XIX.

1976 433 2193 484 scentiie
2223 436 2480 501 tyrannis.
2512 436 2624 491 lloc
2650 448 2827 495 autem
2860 442 2968 497 vult
2992 445 3292 515 significare
3324 470 3335 504 :
3366 452 3421 507 Si
3444 454 3548 508 vim

1976 520 2199 576 multam
2248 534 2303 578 et
2343 537 2531 581 aestum
2586 532 2799 598 pateris,
2828 548 2859 587 a
2922 535 3194 593 laboribus
3242 550 3296 595 ct
3333 543 3547 600 sudori-

1970 612 2071 669 bus
2118 621 2172 669 te
2197 614 2387 681 libera,
2433 634 2502 674 ne
2527 619 2665 676 forte
2708 625 3055 683 subvertaris.
3113 631 3200 685 l0.
3254 634 3331 689 lis
3356 646 3546 696 autem.

1968 706 2054 773 qui
2104 708 2428 765 matrimonio
2461 713 2632 780 juncti
2672 726 2808 781 sunt,
2858 722 3119 789 principio,
3156 740 3257 778 non
3308 742 3420 797 ego,
3460 731 3551 783 sed

1972 795 2239 853 Dominus.
2269 800 2403 868 Quia
2438 803 2609 875 legem
2647 807 2863 866 disertis
2889 812 3068 868 verbis
3094 830 3124 867 a
3147 795 3365 873 Christo
3387 820 3549 877 latam

1968 899 2048 943 cst
2070 890 2324 959 lecturus,
2357 893 2424 949 de
2449 911 2612 952 uxore
2644 915 2748 954 non
2769 900 3081 959 dimittenda
3105 907 3208 962 nisi
3234 910 3303 963 sit
3324 910 3553 967 fornica-

1971 988 2043 1047 ta,
2078 991 2357 1051 propterea
2387 986 2545 1051 dicit,
2597 989 2721 1044 Non
2749 1009 2859 1063 ego.
2913 994 3044 1049 Nam
3074 1012 3192 1067 qua:
3222 1001 3367 1069 prius
3400 1003 3549 1059 dicta

1968 1087 2110 1141 sunt,
2137 1078 2345 1134 etiamsi
2376 1096 2481 1134 non
2526 1082 2738 1138 disertis
2777 1074 2973 1141 verbis
3000 1089 3137 1145 dicta
3167 1093 3275 1147 sint
3295 1135 3310 1158 ,
3345 1095 3442 1163 ipsi
3471 1109 3551 1151 ta-

1950 1185 2093 1224 men
2120 1184 2183 1227 ea
2228 1185 2349 1226 esse
2396 1173 2662 1228 videntur.
2716 1179 2782 1230 At
2810 1178 2912 1233 hoc
2938 1180 3153 1249 quidem
3198 1184 3289 1243 ille
3331 1185 3547 1243 disertis

1967 1262 2150 1318 verbis
2173 1264 2389 1320 tradidit
2420 1284 2436 1320 :
2468 1266 2645 1336 itaque
2675 1269 2827 1333 illud,
2858 1270 3002 1342 Ego,
3029 1284 3084 1329 et
3122 1274 3241 1331 Non
3266 1295 3380 1348 ego,
3411 1280 3550 1337 hanc

1956 1356 2169 1411 habent
2195 1356 2574 1415 dierentiam.
2604 1360 2683 1417 Ne
2702 1364 2846 1417 enim
2877 1381 2969 1421 sua
2999 1381 3120 1422 esse
3150 1368 3380 1426 humana
3404 1381 3549 1442 puta-

1966 1461 2075 1509 res,
2106 1446 2227 1502 ideo
2254 1448 2528 1517 subjunxit
2558 1469 2571 1505 :
2601 1450 2738 1506 Puto
2766 1455 2897 1509 enim
2921 1459 3057 1521 quod
3079 1470 3128 1512 et
3157 1477 3250 1532 ego
3294 1462 3547 1526 Spiritum

1966 1536 2064 1590 Dei
2092 1537 2323 1591 habeam.
2346 1540 2485 1605 Quid
2515 1552 2599 1597 est
2623 1558 2773 1612 ergo.
2802 1547 2943 1615 quod
2975 1548 3230 1605 Dominus
3248 1555 3546 1625 eonjugatis

1966 1631 2219 1699 praecepit
2239 1671 2253 1695 ,
2287 1630 2506 1686 Uxorem
2538 1651 2569 1687 a
2594 1637 2703 1690 viro
2746 1654 2849 1692 non
2874 1640 3129 1701 discedere
3151 1644 3177 1697 ?
3201 1645 3289 1699 ll.
3321 1648 3457 1713 quod
3502 1650 3547 1703 si

1963 1720 2264 1789 discesserit,
2299 1734 2494 1778 maneat
2524 1726 2756 1795 innupta,
2782 1740 2868 1782 aut
2910 1731 3015 1784 viro
3035 1750 3125 1786 suo
3153 1737 3537 1793 reconcilietur:

1963 1822 2008 1865 et
2034 1816 2108 1867 vir
2135 1829 2343 1869 uxorem
2370 1831 2472 1869 non
2498 1816 2736 1872 dimittat.
2762 1819 2896 1896 Quia
2927 1824 3069 1877 enim
3096 1833 3151 1879 et
3178 1838 3396 1896 propter
3415 1844 3548 1885 con-

1963 1907 2238 1961 tinentiam
2266 1916 2320 1962 et
2347 1918 2565 1977 propter
2584 1910 2719 1966 alios
2767 1890 3016 1968 obientus
3060 1925 3112 1969 et
3157 1890 3542 1987 dissensiones,

1961 1998 2254 2053 divisiones
2277 2001 2388 2054 licri
2414 2001 2790 2071 contingebat;
2824 2005 3012 2060 melius
3037 2008 3251 2076 quidem
3280 2025 3308 2062 a
3343 2013 3544 2081 princi-

1961 2089 2052 2157 pio
2091 2088 2297 2154 luisset,
2332 2107 2437 2145 non
2470 2092 2556 2145 illa
2584 2091 2697 2147 fieri
2723 2135 2739 2161 ,
2776 2094 2871 2149 sed
2898 2096 2942 2149 si
2973 2095 3109 2151 facta
3142 2108 3285 2163 sunt,
3327 2113 3544 2158 maneat

1962 2195 2098 2236 uxor
2134 2196 2256 2237 cum
2299 2183 2435 2246 viro,
2462 2185 2561 2238 etsi
2593 2202 2696 2240 non
2735 2187 2802 2241 ad
2847 2189 3213 2258 concubitum,
3264 2202 3441 2250 tamen
3487 2207 3543 2251 ut

1961 2274 2167 2328 nullum
2194 2274 2356 2328 alium
2387 2275 2604 2330 inducat
2626 2278 2820 2333 virum.
2864 2279 2951 2334 l2.
2982 2280 3190 2337 (laeteris
3240 2294 3407 2339 autem
3451 2305 3541 2359 ego

1957 2365 2094 2431 dico,
2117 2381 2221 2419 non
2250 2364 2495 2419 Dominus
2521 2384 2539 2422 :
2576 2367 2637 2422 Si
2665 2370 2776 2438 quis
2816 2373 2975 2439 frater
2997 2388 3206 2428 uxorem
3232 2376 3415 2431 habeat
3453 2380 3536 2433 in-

1960 2456 2181 2526 delem,
2209 2468 2259 2511 et
2282 2459 2387 2511 lucc
2407 2462 2651 2514 consentit
2679 2462 2905 2518 habitare
2930 2481 3043 2519 cum
3063 2467 3173 2534 illo,
3203 2485 3303 2524 non
3322 2472 3541 2527 dimittat

1956 2549 2121 2603 illam.
2156 2550 2242 2605 l5.
2269 2548 2335 2603 Et
2354 2551 2398 2605 si
2416 2567 2516 2617 qua
2545 2553 2725 2607 mulier
2752 2554 2933 2609 habeat
2962 2557 3123 2610 virum
3166 2559 3421 2626 indelem
3446 2605 3461 2628 ,
3493 2575 3541 2619 et

1958 2642 2041 2694 hic
2086 2643 2328 2696 consentit
2354 2643 2582 2698 habitare
2617 2661 2732 2698 cum
2774 2646 2888 2713 illa,
2941 2664 3042 2702 non
3079 2650 3299 2705 dimittat
3351 2654 3536 2710 virum.

1956 2733 2416 2800 Quemadmodum
2455 2736 2598 2790 enim
2622 2752 2742 2790 cum
2775 2737 3085 2807 loqueretur
3107 2741 3176 2795 de
3201 2745 3540 2812 separatione

1961 2840 1991 2878 a
2022 2825 2459 2893 fornicatoribus,
2487 2828 2826 2883 correctione
2869 2830 3094 2897 quadam
3124 2847 3237 2887 rem
3264 2832 3537 2891 difficilem

1958 2914 2191 2970 reddidit
2231 2916 2438 2983 dicens,
2483 2917 2550 2970 Et
2575 2934 2676 2973 non
2699 2920 2871 2990 utique
2908 2938 2940 2975 a
2968 2924 3357 2992 fornicatoribus
3384 2929 3539 2999 hujus

1962 3007 2140 3059 mundi
2168 3023 2187 3060 :
2212 3008 2290 3061 sic
2318 3017 2370 3061 et
2395 3008 2498 3062 hoc
2524 3008 2643 3063 loco
2673 3024 2916 3079 magnam
2945 3014 3174 3082 providit
3220 3031 3340 3071 esse
3370 3018 3537 3073 facill-

1952 3106 2120 3152 tatem
2152 3113 2166 3151 :
2189 3097 2245 3152 Si
2262 3097 2379 3167 quis
2395 3107 2485 3152 aut
2508 3114 2643 3153 uxor
2661 3100 2856 3165 virum,
2885 3112 2976 3157 aut
3003 3104 3084 3158 vir
3106 3121 3326 3162 uxorem
3346 3107 3540 3165 habeat

1957 3188 2250 3254 infidelem,
2280 3204 2347 3244 ne
2368 3189 2601 3245 dimittat
2626 3206 2766 3246 eam.
2791 3192 2928 3259 Quid
2949 3195 3123 3249 dicis?
3145 3198 3190 3251 si
3217 3199 3429 3268 quidem
3453 3202 3538 3255 in-

1953 3280 2125 3337 delis
2167 3282 2276 3346 sit,
2319 3292 2534 3338 maneat
2573 3297 2693 3338 cum
2732 3301 2929 3349 uxore;
2982 3290 3025 3342 si
3073 3270 3381 3359 fornicator,
3433 3310 3537 3349 non

1948 3371 2123 3425 item?
2165 3387 2484 3441 quamquam
2539 3375 2712 3427 minus
2755 3386 2837 3431 est
2890 3388 3167 3446 peccatum
3215 3383 3529 3451 fornicatio;

1949 3463 2044 3515 sed
2063 3463 2200 3517 Deus
2228 3464 2333 3517 tuis
2367 3463 2527 3517 rebus
2547 3465 2702 3520 valde
2730 3468 2918 3535 parcit.
2949 3469 3061 3524 Hoc
3086 3472 3246 3525 etiam
3273 3474 3323 3526 in
3370 3478 3539 3530 sacri-

1948 3550 2073 3607 ficio
2102 3551 2249 3620 facit,
2278 3553 2463 3609 dicens
2491 3570 2504 3607 :
2534 3553 2748 3611 Dimitte
2771 3559 3095 3627 sacricium,
3131 3573 3176 3615 et
3219 3568 3547 3621 reconciliare

1949 3647 2100 3714 fratri
2124 3656 2208 3701 tuo
2255 3646 2467 3715 (Matth.
2495 3648 2546 3703 5.
2572 3648 2687 3719 24).
2716 3650 2790 3704 Ita
2817 3652 2978 3706 etiam
3008 3654 3154 3707 illum
3184 3697 3198 3721 ,
3232 3659 3320 3726 qui
3350 3657 3537 3715 decem

1949 3738 2115 3792 millia
2167 3739 2360 3794 talenta
2406 3738 2635 3795 debebat
2684 3742 2823 3809 sibi,
2879 3759 2985 3799 non
3034 3747 3268 3816 punivit;
3318 3763 3539 3807 conser-

1948 3846 2074 3885 vum
2126 3840 2303 3886 autem
2368 3842 2581 3887 centum
2636 3833 2885 3890 denarios
2931 3836 3229 3907 exigentem
3270 3842 3535 3911 supplicio

1948 3922 2143 3977 atTecit.
2166 3920 2384 3986 Deinde,
2421 3938 2487 3978 ne
2513 3924 2966 3992 titneret'mulier,
2996 3943 3064 3983 ne
3084 3939 3305 4000 propter
3329 3933 3528 3989 coitum

1946 4023 2094 4069 esset
2132 4015 2439 4079 immunda,
2487 4015 2618 4069 dicit
2665 4033 2679 4070 :
2733 4018 2823 4072 H.
2875 4018 3239 4089 Sancticatus
3287 4035 3359 4078 est
3400 4028 3533 4080 enim

1944 4108 2025 4159 uir
2064 4104 2285 4173 indelis
2331 4121 2419 4174 per
2444 4106 2737 4170 mulierem,
2789 4117 2837 4162 et
2863 4112 3180 4180 sancticata
3233 4125 3305 4168 est
3353 4118 3535 4172 mulier

1948 4196 2168 4262 indelis
2218 4213 2305 4266 per
2334 4198 2515 4251 virum.
2547 4199 2705 4268 Atqui
2732 4200 2776 4252 si
2826 4201 2892 4266 is,
2939 4204 3026 4271 qui
3055 4206 3321 4261 meretrici
3350 4208 3534 4263 adhic-

1949 4300 2053 4351 ret,
2086 4303 2243 4342 unum
2274 4304 2470 4357 corpus
2515 4298 2632 4355 est,
2680 4291 2854 4361 palam
2900 4302 2983 4348 est
3030 4309 3169 4360 eam,
3217 4312 3335 4366 qua:
3363 4298 3534 4354 idolo-

1948 4379 2099 4432 latrae
2145 4378 2405 4443 adhaeret,
2465 4396 2627 4435 unum
2674 4397 2871 4451 corpus
2908 4400 3027 4439 esse
3061 4403 3074 4438 :
3104 4402 3265 4440 unum
3315 4390 3531 4458 quidem

1948 4483 2029 4527 est
2056 4486 2278 4541 corpus,
2326 4482 2379 4526 at
2422 4488 2527 4526 non
2560 4473 2620 4528 iit
2664 4473 2972 4543 immunda,
3024 4478 3119 4531 sed
3165 4480 3326 4534 vincit
3379 4497 3531 4535 mun-

1949 4562 2077 4617 ditia
2127 4562 2369 4616 mulieris
2419 4563 2515 4615 viri
2582 4564 2974 4620 immunditiam
3027 4582 3046 4622 :
3098 4568 3259 4623 vincit
3322 4586 3535 4642 quoque

1950 4654 2210 4708 munditia
2242 4654 2339 4708 viri
2372 4655 2543 4710 fidelis
2573 4642 2964 4713 immunditiam
2995 4660 3235 4715 mulieris
3278 4661 3529 4720 infidelis.

2022 4749 2073 4800 5.
2098 4748 2206 4801 Cur
2232 4762 2360 4816 ergo
2392 4747 2478 4801 hic
2512 4749 2649 4803 victa
2674 4750 3125 4817 estimmunditia,
3155 4752 3377 4824 ideoque
3400 4771 3534 4811 con-

1948 4841 2161 4895 cubitus
2193 4840 2554 4908 permittitur;
2602 4841 2656 4896 in
2704 4841 2931 4897 muliere
2955 4853 3131 4898 autem
3161 4844 3533 4905 adulterainon

1948 4934 2158 4988 crimini
2196 4932 2352 4988 datur
2385 4934 2534 4995 viro.
2575 4949 2697 4989 cum
2729 4934 2876 4990 illam
2904 4936 3084 5005 ejicit?
3111 4936 3358 5006 Quiabic
3411 4954 3537 5011 spes

1950 5035 2032 5081 cst
2058 5025 2173 5081 fore
2199 5033 2256 5078 ut
2283 5041 2377 5093 per
2402 5026 2799 5081 matrimonium
2828 5042 2951 5097 pars
2972 5028 3058 5082 illa
3079 5045 3196 5099 qua:
3213 5031 3420 5100 peribat
3444 5046 3539 5086 sa-

1952 5119 2116 5172 lutem
2148 5124 2513 5185 consequatur
2538 5135 2553 5180 ;
2582 5118 2690 5173 illic
2724 5134 2853 5174 vero
2889 5120 3288 5177 matrimonium
3314 5123 3424 5194 jam
3447 5139 3533 5178 so-

1950 5206 2122 5260 lutum
2161 5213 2245 5261 est
2275 5223 2287 5257 :
2312 5216 2365 5258 et
2395 5205 2500 5259 illic
2522 5206 2740 5276 quidem
2767 5208 2926 5263 ambo
2954 5224 3406 5282 corrumpuntur,
3428 5214 3534 5268 hic

1949 5311 2081 5351 vero
2104 5296 2326 5351 alterius
2350 5296 2551 5352 crimen
2589 5306 2688 5353 est.
2716 5298 2958 5370 Exempli
2983 5314 3142 5357 causa
3173 5320 3187 5356 :
3214 5319 3336 5374 quae
3362 5305 3532 5359 forni-

1936 5399 2067 5465 cata
2096 5388 2190 5442 luit
2212 5429 2229 5455 ,
2260 5388 2584 5443 exsecranda
2611 5398 2759 5445 certe
2782 5400 2883 5446 est.
2996 5407 3124 5463 ergo
3161 5397 3251 5463 qui
3294 5395 3533 5451 adbmret

1950 5479 2220 5534 meretrici
2244 5519 2261 5547 ,
2299 5494 2461 5533 unum
2492 5494 2687 5549 corpus
2708 5482 2800 5545 est
2818 5523 2833 5549 ,
2858 5492 2914 5537 et
2943 5484 3182 5550 impurus
3221 5487 3310 5540 ille
3338 5487 3399 5539 lit
3441 5488 3530 5553 qui

1932 5585 2072 5637 cum
2103 5571 2383 5625 meretrice
2408 5572 2699 5637 miscetur;
2741 5573 2862 5627 ideo
2914 5581 3060 5631 certe
3117 5583 3226 5631 tota
3268 5576 3528 5631 munditia

1951 5663 2147 5718 avolat.
2174 5662 2268 5717 Hic
2296 5672 2471 5739 autem
2501 5678 2603 5716 non
2631 5664 2708 5718 sic
2731 5681 2744 5729 ;
2774 5662 2870 5718 sed
2894 5664 3197 5733 quomodo?
3225 5666 3528 5719 lmmundus

1953 5766 2034 5812 cst
2064 5756 2337 5812 idololatra
2366 5798 2377 5822 ,
2413 5755 2505 5810 sed
2531 5755 2722 5811 mulier
2750 5772 2858 5813 non
2888 5770 2969 5815 est
2999 5758 3291 5835 innnuuda.
3324 5754 3458 5807 Nam
3487 5750 3530 5807 si
