3838 6214
389 299 488 358 156

383 431 605 472 consors
629 415 730 486 ipsi
751 423 895 472 esset
927 417 980 472 in
1010 415 1099 472 illa
1129 431 1188 472 re
1203 413 1498 472 secundum
1525 425 1684 483 quam
1726 408 1959 463 immun-

385 511 487 566 dus
513 518 618 577 est,
649 509 700 563 in
728 509 1021 578 impietate,
1045 508 1282 578 inquam,
1311 507 1426 576 ipsa
1456 518 1668 576 quoque
1690 500 1961 557 immunda

383 603 522 659 foret
550 620 564 657 :
594 617 737 657 nunc
761 611 938 656 autem
974 602 1080 656 alio
1110 600 1269 655 modo
1298 598 1603 654 immundus
1631 606 1713 654 est
1737 596 1963 652 idolola-

383 703 497 760 tra;
538 694 592 748 in
632 693 738 748 alia
763 702 941 748 autem
966 707 1027 747 re
1053 692 1151 762 ipsi
1191 691 1434 762 jungitur
1462 705 1629 757 uxor,
1662 690 1714 744 in
1741 704 1843 760 qua
1874 689 1965 744 ille

384 787 694 843 immundus
715 801 820 842 non
847 794 950 841 est.
983 785 1318 840 Connubium
1338 785 1481 840 enim
1498 792 1580 839 est
1601 792 1654 838 et
1678 797 1965 852 corporum

383 880 591 945 mixtio,
621 880 677 935 in
715 894 818 949 qua
857 886 942 935 est
985 878 1238 935 societas.
1283 878 1367 933 Ad
1406 877 1521 933 haec
1569 891 1697 932 vero
1735 889 1858 945 spes
1883 882 1964 930 est

383 972 535 1028 il.um
585 970 654 1026 ab
701 986 870 1026 uxore
917 979 1228 1026 revocatum
1276 969 1378 1036 iri,
1426 968 1513 1024 cui
1558 967 1815 1023 adhaeret.
1871 964 1964 1021 Ille

385 1072 565 1118 autem
611 1061 748 1118 alius
792 1077 898 1116 non
934 1045 1022 1114 'ita
1061 1059 1217 1117 facile
1258 1057 1628 1132 (curabitur).
1682 1057 1963 1126 Quomodo

384 1155 476 1210 illa
519 1171 676 1224 uxor,
728 1169 850 1226 quae
878 1154 1052 1224 ipsum
1095 1154 1247 1225 prius
1296 1152 1557 1208 dedecore
1583 1151 1778 1216 affecit,
1809 1159 1865 1206 et
1887 1150 1966 1205 al-

385 1247 489 1302 teri
518 1261 578 1302 se
615 1245 818 1302 dedidit
854 1245 1082 1316 juraque
1117 1243 1440 1299 matrimonii
1469 1242 1703 1298 abolevit
1722 1283 1738 1308 ,
1769 1242 1961 1312 injuria

385 1336 637 1393 aﬁ'ectum
681 1351 938 1393 revocare
984 1335 1213 1407 poterit;
1245 1350 1365 1390 cum
1414 1335 1647 1390 maxime
1675 1335 1767 1390 ille
1809 1335 1963 1405 quasi

385 1431 700 1503 peregrinus
725 1430 977 1486 maneat?
1007 1430 1274 1485 Praeterea
1297 1436 1474 1482 autem
1506 1436 1626 1496 post
1661 1426 1965 1483 fornicatio-

384 1539 509 1580 nem
535 1523 758 1578 maritus
777 1537 884 1578 non
900 1530 984 1578 est
1004 1523 1137 1576 ultra
1163 1519 1418 1576 maritus:
1441 1518 1528 1574 hic
1547 1527 1724 1575 autem
1746 1518 1960 1587 mulier,

381 1614 509 1669 licet
537 1613 674 1669 idola
701 1613 860 1677 colat,
886 1611 984 1666 viri
1010 1611 1097 1681 jus
1118 1627 1224 1666 non
1261 1611 1476 1666 amittit.
1505 1611 1616 1666 Nec
1642 1612 1761 1667 sine
1801 1626 1962 1668 causa

384 1721 507 1760 cum
537 1705 735 1760 infideli
764 1705 986 1767 habitat,
1011 1705 1105 1760 sed
1134 1705 1251 1774 ipso
1275 1705 1523 1760 volente:
1554 1706 1779 1776 ideoque
1799 1708 1956 1763 dixit:

379 1796 450 1850 Et
475 1798 583 1865 ipse
608 1797 850 1851 consentit
877 1797 1105 1850 habitare
1132 1813 1246 1850 cum
1269 1797 1381 1851 illa.
1409 1796 1545 1863 Quid
1569 1798 1735 1865 enim,
1756 1815 1958 1869 qumso,

380 1888 690 1944 detrimenti
715 1887 894 1954 fuerit,
915 1904 1037 1943 cum
1067 1903 1129 1943 ea
1152 1904 1270 1959 quas
1292 1889 1355 1942 ad
1386 1891 1696 1960 religionem
1717 1903 1962 1962 spectant

381 1980 588 2050 integra
617 1986 894 2046 maneant,
936 1987 991 2035 et
1038 1979 1105 2034 de
1130 1980 1327 2034 inﬁdeli
1364 1980 1500 2034 bona
1527 1997 1650 2052 spes
1674 1984 1762 2048 sit,
1787 1987 1829 2038 si
1850 1986 1959 2055 jam

379 2080 509 2126 sunt
545 2071 814 2142 conjugati
856 2081 1142 2137 maneant,
1171 2086 1273 2128 nec
1301 2072 1554 2142 superﬁui
1598 2074 1721 2130 belli
1752 2078 1961 2134 occasio

379 2163 702 2218 inducatur?
721 2179 892 2234 neque
911 2166 1055 2220 enim
1075 2165 1159 2220 hic
1175 2165 1408 2236 loquitur
1433 2166 1500 2221 de
1517 2166 1580 2220 iis
1606 2168 1693 2238 qui
1724 2171 1960 2226 nondum

265 2257 279 2268 '
375 2249 548 2317 juncti
599 2257 742 2314 sunt,
774 2249 870 2304 sed
919 2249 988 2304 de
1016 2251 1335 2320 conjugatis.
1382 2249 1498 2304 Non
1529 2253 1670 2306 enim
1696 2253 1830 2309 dixit
1859 2273 1873 2310 :
1903 2257 1959 2311 Si

377 2340 499 2408 quis
523 2340 649 2394 velit
671 2340 913 2408 accipere
934 2340 1201 2396 inﬁdelem
1226 2359 1241 2395 :
1271 2343 1387 2408 sed,
1407 2341 1468 2397 Si
1487 2343 1598 2410 quis
1613 2343 1758 2398 habet
1779 2346 1962 2414 inﬁde-

381 2431 478 2485 lem
497 2447 514 2492 ;
541 2430 591 2485 id
609 2439 713 2495 est,
741 2431 784 2484 si
807 2432 925 2501 quis
943 2441 1221 2502 postquam
1246 2434 1514 2490 connubio
1532 2435 1750 2503 junctus
1775 2436 1955 2507 fuerit,

381 2520 611 2590 accipiat
650 2521 875 2576 verbum
907 2523 1005 2592 pia:
1042 2524 1354 2595 religionis;
1408 2526 1602 2583 deinde
1627 2543 1750 2598 pars
1789 2531 1960 2586 altera

379 2613 638 2668 manserit
661 2614 714 2668 in
740 2613 1048 2671 inﬁdelitate
1071 2658 1086 2684 ,
1116 2617 1348 2688 velitque
1375 2629 1548 2674 tamen
1579 2634 1679 2676 una
1696 2620 1954 2690 habitare,

383 2718 454 2757 ne
483 2711 761 2772 separetur
793 2721 807 2757 :
842 2705 1207 2774 Sanctificatus
1235 2711 1369 2762 enim
1394 2719 1500 2776 est,
1532 2710 1724 2781 inquit,
1767 2713 1844 2767 vir
1873 2714 1958 2767 in-

381 2796 549 2864 ﬁdelis
579 2813 667 2865 per
707 2813 936 2852 uxorem.
981 2798 1149 2855 Tanta
1179 2812 1264 2857 est
1306 2803 1582 2872 munditia:
1639 2814 1742 2860 tua:
1782 2808 1955 2876 copia.

379 2888 517 2956 Quid
548 2904 694 2959 ergo,
726 2901 1014 2946 sanctusne
1039 2902 1120 2947 est
1149 2895 1407 2964 gentilis?
1432 2895 1774 2968 Nequaquam
1803 2917 1815 2952 :
1850 2915 1955 2954 non

376 2979 520 3034 enim
547 2979 698 3048 dixit,
721 2980 950 3038 Sanctus
973 2992 1084 3051 est;
1113 2985 1228 3051 sed,
1255 2986 1617 3057 Sanctificatus
1632 3000 1704 3053 est
1725 3007 1815 3060 per
1830 3007 1959 3045 uxo-

375 3088 502 3125 rem.
537 3072 648 3128 lloc
677 3088 837 3142 porro
860 3073 1013 3141 dixit,
1042 3092 1146 3131 non
1181 3086 1238 3132 ut
1261 3086 1503 3134 sanctum
1532 3080 1680 3135 illum
1709 3081 1954 3137 declara-

374 3172 478 3230 ret,
496 3165 590 3220 sed
611 3178 660 3220 ιιι
678 3165 803 3222 hinc
821 3171 987 3238 magis
1001 3172 1182 3224 uxoris
1197 3181 1396 3227 metum
1412 3173 1726 3243 depelleret,
1751 3176 1924 3246 ipsum
1939 3207 1958 3221 ο

375 3272 479 3326 que
501 3257 568 3312 ad
600 3259 838 3314 veritatis
879 3260 1202 3316 desiderium
1231 3262 1526 3320 induceret.
1556 3265 1673 3321 Non
1717 3267 1858 3322 enim
1905 3269 1957 3324 in

375 3348 690 3416 corporibus
718 3349 1016 3419 conjugatis
1041 3361 1124 3406 est
1154 3353 1484 3409 immunditia
1506 3396 1522 3421 ,
1572 3356 1667 3410 sed
1696 3357 1748 3411 in
1789 3359 1960 3415 libero

375 3438 600 3492 arbitrio
623 3449 678 3494 et
705 3441 1137 3511 cogitationibus.
1171 3445 1307 3500 Hinc
1328 3447 1568 3516 sequitur
1590 3448 1855 3516 probatio.
1899 3452 1959 3508 Si

378 3529 522 3583 enim
544 3529 813 3585 immunda
841 3547 1064 3587 manens
1083 3533 1290 3604 gignis;
1325 3536 1496 3591 infans
1523 3546 1699 3593 autem
1744 3555 1848 3594 non
1879 3551 1963 3597 est

378 3637 444 3676 ex
487 3632 537 3678 Ie
564 3623 710 3688 sola;
757 3623 1064 3680 immundus
1091 3642 1219 3696 ergo
1244 3638 1327 3682 est
1372 3629 1566 3695 infans,
1598 3640 1688 3686 aut
1711 3647 1774 3687 ex
1801 3633 1961 3689 dimi-

377 3715 466 3768 dia
498 3724 648 3784 parte
693 3718 924 3773 mundus
953 3736 965 3772 :
1000 3735 1138 3776 nunc
1165 3731 1342 3777 autem
1371 3739 1474 3778 non
1503 3733 1585 3780 est
1632 3725 1960 3786 immundus.

382 3806 616 3877 Ideoque
650 3808 954 3880 subjungit:
974 3811 1214 3881 Alioquin
1232 3813 1326 3882 filii
1343 3816 1491 3868 vestri
1511 3817 1756 3870 immundi
1774 3829 1956 3884 essent;

378 3914 514 3951 nunc
541 3909 709 3953 autent
735 3903 898 3954 sancti
922 3912 1075 3968 sunt;
1104 3903 1154 3957 id
1176 3912 1279 3969 est,
1299 3920 1406 3958 non
1423 3906 1698 3962 immundi.
1718 3907 1809 3965 Ille
1831 3925 1959 3966 vero

376 3999 595 4052 sanctos
611 3992 754 4061 ipsos
770 3994 1000 4061 vocavit,
1017 4003 1074 4048 ut
1089 3995 1136 4048 vi
1155 3997 1436 4051 verborum
1459 3993 1761 4068 hujusmodi
1780 4003 1959 4073 suspi-

379 4081 552 4136 cionis
575 4092 773 4138 metum
800 4085 1122 4142 eliminaret.
1154 4089 1241 4144 15.
1274 4089 1335 4143 Si
1359 4099 1524 4145 autem
1545 4093 1767 4160 inﬁdelis
1793 4094 1959 4149 disce-

383 4174 482 4240 dit,
513 4177 756 4230 discedat.
783 4177 881 4232 Hic
902 4179 1044 4233 enim
1075 4179 1214 4233 nulla
1242 4190 1326 4236 est
1352 4182 1651 4238 fornicatio.
1697 4185 1833 4253 Quid
1859 4187 1958 4242 sibi

389 4267 502 4321 vult
529 4276 705 4322 autem
752 4268 882 4323 illud
912 4286 926 4322 :
957 4269 1192 4339 Infidelis
1225 4273 1267 4326 si
1296 4272 1504 4326 discedit
1533 4284 1622 4328 aut
1655 4279 1960 4347 separatur?

388 4359 548 4414 Verbi
580 4361 747 4430 gratia
777 4361 824 4417 si
853 4372 903 4417 te
927 4362 1078 4432 jubet
1098 4364 1400 4420 sacrificare
1425 4375 1518 4420 aut
1542 4367 1741 4423 sociam
1772 4370 1962 4439 impie-

382 4453 509 4506 tatis
538 4467 660 4508 esse
687 4463 906 4524 propter
947 4457 1406 4525 connubium,"vel
1433 4460 1741 4526 discedere;
1770 4464 1962 4519 melius

381 4552 464 4598 est
503 4544 764 4614 disrumpi
811 4547 1160 4616 connubium,
1215 4565 1374 4620 quam
1430 4552 1570 4621 piam
1623 4553 1959 4624 religionem.

380 4633 713 4704 Quapropter
763 4637 947 4693 subdit
975 4657 988 4692 :
1024 4639 1148 4693 Non
1177 4642 1310 4695 enim
1339 4644 1566 4696 servituti
1595 4644 1846 4706 subiectus
1884 4658 1963 4702 est

384 4727 542 4794 frater
568 4736 655 4779 aut
680 4745 826 4782 soror
849 4730 901 4783 in
937 4731 1188 4802 ejusmodi
1215 4735 1382 4788 rebus.
1413 4733 1470 4789 Si
1498 4736 1735 4804 quotidie
1781 4753 1844 4793 ea
1896 4741 1964 4795 de

386 4831 548 4871 causa
577 4828 776 4887 pugnet
803 4829 857 4875 et
900 4822 1095 4877 bellum
1125 4834 1376 4891 moveat,
1406 4826 1596 4896 inquit,
1654 4831 1843 4885 melius
1883 4843 1965 4888 est

385 4909 646 4976 separari.
687 4911 798 4966 Hoc
825 4913 968 4968 enim
999 4916 1440 4973 subindicatcum
1484 4920 1648 4976 dicit:
1677 4922 1745 4977 In
1789 4942 1964 4994 pacem

383 5013 556 5054 autem
584 5004 774 5056 vocavit
812 5021 903 5059 nos
933 5006 1089 5064 Deus.
1141 5010 1236 5067 llle
1263 5013 1404 5068 enim
1445 5014 1555 5083 jam
1583 5031 1798 5072 causam
1826 5036 1964 5090 prac-

387 5089 524 5155 buit,
556 5101 613 5146 ut
639 5094 684 5147 is
707 5097 797 5164 qui
824 5096 1115 5156 fornicatus
1144 5112 1246 5158 est.
1273 5105 1358 5160 16.
1388 5107 1523 5172 Quid
1547 5103 1679 5163 enim
1699 5089 1962 5178 scis,imu-

387 5181 502 5273 tier,
542 5184 588 5238 si
625 5186 788 5240 virum
834 5189 1031 5243 salvum
1061 5194 1252 5262 facies?
1295 5197 1408 5252 Hoc
1455 5199 1687 5256 refertur
1714 5204 1780 5258 ad
1811 5205 1961 5273 illud,

391 5271 478 5328 Nc
505 5275 724 5331 dimittat
751 5278 938 5347 ipsum.
970 5280 1102 5336 Nam
1133 5283 1178 5338 si
1218 5287 1398 5343 turbas
1427 5306 1533 5347 non
1556 5303 1752 5362 movet,
1781 5271 1960 5365 mane,

386 5363 597 5435 inquit;
631 5368 753 5423 hinc
801 5373 942 5428 enim
969 5373 1175 5430 lucrum
1206 5379 1465 5448 refertur;
1514 5401 1685 5453 mane,
1723 5388 1961 5457 hortare,
2028 5385 2041 5410 ⁵

383 5459 668 5515 consilium
689 5461 814 5518 dato
828 5472 882 5520 et
900 5456 1187 5535 persuadei
1205 5472 1380 5529 nullus
1396 5475 1536 5531 enim
1557 5479 1744 5535 doctor
1762 5456 1962 5540 tantum

387 5554 604 5620 poterit,
632 5565 889 5626 quantum
913 5575 1066 5615 uxor.
1089 5562 1272 5634 Neque
1305 5567 1530 5639 imponit
1561 5572 1637 5627 illi
1669 5577 1962 5632 necessita-

387 5652 518 5709 tum,
546 5661 719 5717 neque
739 5665 853 5706 rem
883 5657 952 5708 ab
983 5654 1071 5710 illa
1088 5657 1272 5728 exigit,
1303 5675 1369 5715 ne
1398 5664 1610 5731 gravius
1631 5680 1766 5721 onus
1793 5668 1965 5739 impo-

384 5743 494 5802 nat,
519 5736 775 5814 jubetque
800 5759 867 5802 ne
904 5747 1150 5819 desperet
1173 5768 1186 5818 ;
1211 5753 1304 5809 sed
1337 5770 1449 5811 rem
1486 5756 1538 5812 in
1573 5755 1746 5837 futuro
1778 5736 1954 5819 inccr-

1127 300 1184 358 S.
1221 295 1497 357 JOANNIS
1533 285 2006 351 CllRYSOSTOMI
2044 287 2362 350 ARCBIEP.
2403 296 2934 362 CONSTANTINOP.

3537 304 3622 360 156

2076 412 2198 507 tam
2211 421 2266 468 et
2293 430 2608 488 suspensam
2638 429 2908 501 relinquit,
2939 433 3126 492 dicens
3153 454 3169 494 :
3200 438 3336 506 Quid
3363 440 3491 495 enim
3519 446 3620 507 scis,

2069 502 2273 607 mulier,
2321 510 2368 564 si
2395 513 2556 569 virum
2600 520 2795 574 salvum
2821 525 2979 593 facies
3005 527 3032 581 Ρ
3057 539 3146 583 aut
3171 502 3294 602 quid
3328 538 3443 601 scis,
3467 502 3621 607 vir,si

2069 596 2330 654 mulierem
2354 604 2547 660 salvam
2576 609 2771 677 facies?
2794 624 2849 670 et
2886 633 3097 674 rursum
3129 638 3143 674 :
3177 596 3263 677 17.
3296 625 3413 696 Nisi
3439 596 3620 685 unicui-

2067 701 2164 781 que
2205 690 2334 746 sicut
2361 695 2526 752 divisit
2560 700 2722 771 Deus,
2753 721 3150 781 unumquemque
3175 693 3512 776 sicut'vocavit
3533 721 3618 778 Do-

2068 779 2255 849 minus,
2277 785 2351 839 ita
2374 788 2483 858 ipse
2496 793 2734 851 ambulet.
2760 799 2847 855 18.
2869 779 3206 862 Circumcisus
3225 821 3427 868 vocatus
3445 826 3511 869 est
3533 819 3618 871 ali-

2068 875 2221 942 quis?
2258 896 2360 934 non
2411 884 2635 941 adducat
2689 896 3011 962 prteputium.
3062 899 3128 954 In
3170 906 3415 974 prwputio
3459 909 3619 978 aliqnis

2068 976 2274 1022 vocatus
2298 975 2406 1028 est?
2431 991 2532 1031 non
2573 981 2983 1044 circumcidatur.
3030 991 3117 1047 19.
3145 992 3470 1052 Circumcisio
3511 975 3620 1058 nihil

2068 1064 2162 1146 est,
2188 1067 2236 1112 et
2261 1065 2566 1132 praeputium
2588 1071 2719 1125 nihil
2737 1083 2847 1140 est;
2869 1078 2960 1131 sed
2995 1080 3272 1137 observatio
3293 1088 3618 1146 mandatorum

2069 1145 2184 1202 Dei.
2210 1149 2302 1206 20.
2346 1153 2704 1232 Unusquisque
2737 1166 2792 1220 in
2817 1183 2918 1238 qua
2944 1174 3201 1228 vocatione
3227 1189 3429 1234 vocatus
3452 1193 3537 1250 est,
3574 1188 3618 1239 in

2066 1254 2126 1332 ea
2152 1259 2460 1311 permaneat.
2488 1251 2577 1307 2L
2603 1253 2793 1312 Servus
2816 1273 3018 1318 vocatus
3057 1267 3146 1320 es?
3166 1283 3266 1323 non
3290 1271 3356 1324 sit
3377 1273 3462 1326 tibi
3482 1292 3617 1332 cura.

2068 1330 2194 1436 Haec
2221 1337 2288 1391 ad
2321 1338 2482 1396 ﬁdem
2506 1344 2636 1400 nihil
2658 1349 2975 1420 conferunt,
3008 1356 3180 1427 inquit
3216 1377 3231 1415 :
3273 1378 3341 1418 ne
3366 1381 3488 1436 ergo
3509 1330 3619 1425 con;

2069 1425 2256 1529 tentias
2284 1444 2454 1501 neque
2478 1437 2707 1494 turberis
2738 1459 2752 1495 :
2781 1442 2913 1500 ﬁdes
2941 1425 3226 1507 enim—haec
3259 1425 3615 1529 omniavejerit.

2071 1513 2424 1592 Unusquisque
2450 1525 2503 1580 in
2531 1544 2632 1597 qua
2658 1534 2914 1591 vocatione
2941 1548 3144 1596 vocatus
3164 1553 3257 1608 est,
3281 1547 3334 1599 in
3365 1565 3424 1602 ea
3447 1513 3619 1620 perma-

2066 1619 2200 1662 neat.
2263 1611 2496 1671 Uxorem
2541 1620 2743 1679 habens
2791 1627 3058 1686 inﬁdelem
3100 1646 3316 1692 vocatus
3346 1611 3458 1695 est"
3487 1658 3620 1700 mane

2066 1710 2187 1752 cum
2217 1701 2308 1757 illa
2338 1722 2353 1759 :
2380 1722 2449 1762 ne
2488 1720 2709 1781 prapter
2736 1714 2894 1773 ﬁdem
2920 1721 3102 1790 ejicias
3150 1741 3397 1783 uxorem.
3447 1731 3620 1791 Servus

2066 1801 2283 1892 vocatus
2308 1797 2407 1851 es?
2436 1815 2504 1855 ne
2531 1803 2604 1858 sit
2651 1805 2744 1861 tibi
2773 1822 2916 1866 cura:
2943 1828 2956 1866 :
2982 1827 3170 1871 servus
3198 1833 3377 1875 mane.
3425 1822 3620 1894 Praepa-

2068 1881 2197 1937 tium
2247 1885 2449 1945 habens
2501 1895 2810 1954 credidisti?
2855 1917 2977 1959 cum
3018 1908 3278 1978 praeputio
3313 1929 3489 1972 mane.
3517 1881 3619 1972 (Sir-

2065 1976 2334 2034 cumcisus
2349 1983 2619 2041 credidisti
2639 1988 2662 2041 ?
2679 2005 2835 2047 mane
2855 1976 3221 2055 circumcisus.
3245 2002 3358 2058 lloc
3383 2007 3518 2060 enim
3535 2010 3619 2064 sibi

2063 2066 2176 2121 vult
2193 2067 2321 2124 illud
2349 2087 2364 2124 :
2402 2073 2754 2148 Unusquisque
2771 2084 2900 2138 sicut
2916 2085 3084 2142 divisit
3105 2088 3263 2145 Deus.
3295 2093 3424 2150 Haec
3448 2098 3619 2168 quippe

2065 2175 2171 2215 non
2214 2173 2343 2219 sunt
2366 2166 2746 2238 impedimenta
2785 2176 2855 2231 ad
2891 2178 3161 2246 pietatem.
3195 2184 3274 2238 Tu
3306 2180 3432 2243 'cum
3458 2166 3622 2248 servus

2064 2263 2234 2317 esses,
2265 2266 2489 2314 vocatus
2521 2275 2582 2316 es
2612 2279 2627 2316 :
2669 2264 2809 2323 alius
2845 2281 3068 2326 uxorem
3096 2271 3301 2332 habens
3330 2278 3618 2350 infidelem,

2063 2343 2201 2398 alius
2237 2348 2604 2411 circumcisus.

2131 2443 2187 2497 4.
2218 2445 2374 2516 Papa:
2395 2447 2414 2500 ι
2435 2448 2645 2504 ubinam
2675 2453 2986 2510 servitutem
3014 2458 3228 2526 posuit?
3250 2460 3318 2518 Ut
3346 2461 3474 2517 nihil
3494 2464 3620 2535 juvat

2062 2535 2436 2607 circumcisio,
2483 2540 2720 2612 nihilque
2761 2555 2917 2601 nocet
2960 2551 3304 2618 praeputium,
3353 2555 3434 2610 sic
3474 2572 3621 2626 neque

2062 2627 2297 2683 servitus
2323 2644 2497 2700 neque
2524 2631 2761 2688 libertas.
2797 2634 2968 2705 thue
2994 2638 3122 2693 illud
3152 2641 3351 2698 clarius
3380 2659 3444 2699 ex
3469 2645 3619 2701 abun-

2061 2715 2240 2772 dantia
2283 2721 2559 2787 ostendat,
2589 2723 2707 2778 ait:
2738 2723 2845 2779 Sed
2874 2728 2920 2780 si
2959 2739 3100 2796 potes
3137 2733 3251 2799 ﬁeri
3288 2733 3443 2801 liber,
3484 2740 3621 2807 magis

2061 2819 2240 2876 utere;
2271 2810 2372 2867 hoc
2400 2821 2502 2878 est,
2534 2814 2700 2885 magis
2724 2818 2945 2872 servias.
2976 2818 3044 2872 Et
3066 2835 3162 2875 cur
3181 2837 3325 2888 eum,
3357 2827 3446 2894 qui
3477 2829 3620 2896 pos~it

2062 2901 2199 2958 liber
2225 2903 2364 2959 efﬁci
2389 2945 2404 2970 ,
2434 2905 2586 2975 jubet
2614 2922 2827 2963 servum
2869 2913 3132 2967 manere?
3163 2914 3226 2970 Ut
3254 2921 3502 2972 ostendat
3526 2933 3619 2973 ser-

2065 3003 2318 3058 virtutem
2344 3004 2481 3059 nihil
2500 3005 2712 3071 laedere,
2739 3005 2848 3060 imo
2871 3006 3147 3075 prodesse.
3173 3007 3281 3062 Nec
3307 3009 3499 3080 ignoro
3518 3012 3622 3080 qui-

2065 3093 2186 3150 dem
2218 3095 2482 3163 quosdam
2513 3111 2635 3152 esse
2660 3096 2754 3166 qui
2785 3096 2940 3160 illud,
2972 3095 3144 3163 Magis
3180 3107 3342 3162 utere,
3371 3099 3439 3154 de
3475 3101 3618 3156 liber-

2067 3193 2182 3240 tate
2208 3185 2413 3241 dictum
2443 3201 2568 3243 esse
2596 3195 2808 3257 putent,
2847 3187 3092 3240 dicentes
3119 3205 3133 3240 :
3169 3185 3227 3240 Si
3268 3199 3446 3257 potes,
3475 3192 3618 3246 liber-

2065 3283 2230 3332 tatem
2269 3277 2586 3347 adipiscere.
2619 3276 2723 3332 Sed
2754 3275 2906 3332 Pauli
2940 3291 3109 3346 scopo
3142 3278 3300 3334 valde
3323 3284 3614 3351 oppositum

2063 3377 2209 3424 esset
2243 3368 2347 3424 hoc
2369 3369 2595 3432 dictum,
2625 3369 2672 3424 si
2712 3367 2816 3424 hoc
2853 3368 3244 3426 subindicaret.
3276 3371 3465 3444 Neque
3488 3378 3612 3431 enirn

2063 3459 2174 3523 ille,
2215 3461 2343 3514 dum
2393 3475 2610 3516 servum
2657 3460 2972 3515 consolatur
3010 3460 3251 3533 dicitque
3283 3464 3462 3535 ipsum
3497 3469 3610 3522 nihil

2062 3549 2204 3616 hodi,
2232 3552 2445 3622 juberet
2471 3568 2593 3608 eum
2623 3552 2928 3609 libertatem
2961 3552 3214 3623 adipisci.
3251 3555 3466 3614 Diceret
3486 3561 3609 3614 enim

2062 3639 2294 3697 fortasse
2323 3643 2591 3714 quispiam
2625 3661 2638 3697 :
2673 3643 2814 3710 Quid
2846 3643 3034 3714 igitur,
3062 3645 3109 3701 si
3153 3663 3260 3702 non
3301 3652 3524 3720 possim,
3549 3669 3611 3705 an

2061 3729 2263 3800 injuria
2295 3733 2379 3788 vel
2403 3734 2602 3789 damno
2629 3735 2874 3790 afﬁcior?

2040 3862 2057 3892 η-
2133 3835 2160 3882 1
2169 3845 2201 3882 n
2224 3831 2305 3894 iis,
2327 3848 2439 3901 qua:
2458 3832 2527 3885 ad
2550 3831 2802 3887 Christum
2827 3842 3054 3903 spectant
3081 3851 3251 3888 servus
3277 3845 3320 3887 et
3353 3835 3477 3888 liber
3496 3852 3621 3902 pom

2063 3933 2202 3979 sunt.
2229 3953 2301 3963 —
2325 3924 2437 3978 Non
2466 3923 2570 3980 hoc
2596 3941 2724 3994 ergo
2751 3925 2916 3988 dicit;
2947 3927 3040 3980 sed
3071 3935 3128 3980 ut
3155 3941 3314 3996 supra
3346 3929 3615 3997 explicavi.

2065 4016 2350 4071 ostendere
2375 4017 2579 4082 volens,
2613 4017 2741 4071 nihil
2768 4017 2884 4089 plus
2910 4019 3185 4080 accedere.
3217 4019 3261 4074 si
3295 4019 3432 4075 liber
3448 4019 3625 4075 efﬁcia-

2067 4117 2176 4174 tur,
2205 4109 2278 4162 ait
2302 4125 2315 4162 :
2342 4107 2559 4162 Etiamsi
2588 4124 2752 4178 penes
2773 4118 2826 4165 te
2850 4120 3011 4176 esset,
3039 4119 3096 4165 ut
3118 4111 3419 4169 libertatem
3443 4113 3628 4178 accipe-

2067 4213 2176 4262 res,
2204 4213 2388 4254 servus
2417 4200 2591 4267 potius
2617 4208 2850 4256 maneto.
2876 4201 3078 4256 Deinde
3097 4216 3313 4257 causam
3336 4202 3619 4272 subjungit:

2061 4290 2157 4355 22.
2191 4292 2292 4359 Qui
2318 4292 2448 4345 enim
2477 4293 2529 4346 in
2557 4291 2777 4346 Domino
2806 4302 3009 4348 vocatus
3036 4303 3108 4347 est
3130 4311 3323 4360 servus,
3353 4296 3545 4348 libertus
3562 4301 3623 4344 est

2064 4384 2276 4455 Domini
2307 4403 2324 4438 :
2350 4387 2580 4440 similiter
2604 4387 2688 4456 qui
2721 4385 2846 4440 liber
2869 4397 3074 4441 vocatus
3098 4396 3189 4453 est,
3212 4404 3383 4442 servus
3403 4397 3473 4442 est
3492 4385 3617 4442 Chri-

2068 4481 2152 4534 sti.
2185 4479 2243 4534 ln
2275 4479 2338 4535 iis
2367 4480 2508 4535 enim
2528 4522 2543 4546 ,
2574 4496 2692 4551 quae
2732 4481 2796 4535 ad
2825 4480 3093 4536 Christum
3133 4493 3412 4551 spectant,
3443 4483 3621 4553 inquit,

2068 4573 2226 4628 ambo
2256 4580 2381 4626 sunt
2410 4586 2563 4642 pares
2593 4589 2606 4628 :
2637 4573 2884 4628 similiter
2911 4581 2965 4627 et
3001 4581 3057 4627 tu
3089 4572 3288 4628 Christi
3320 4588 3531 4639 servus,
3559 4571 3622 4626 si-

2070 4663 2178 4718 mili
2187 4671 2266 4717 ter
2286 4662 2448 4718 herus
2471 4671 2610 4718 tuus.
2631 4662 2910 4731 Quomodo
2937 4678 3065 4734 ergo
3081 4677 3264 4718 servus
3286 4673 3369 4719 est
3392 4662 3621 4719 libertus?

2073 4753 2204 4822 Quia
2241 4753 2487 4809 liberavit
2517 4763 2569 4808 te
2589 4795 2604 4818 ,
2637 4769 2740 4809 non
2785 4763 2987 4809 tantum
3017 4769 3046 4808 a
3076 4764 3294 4825 peccato
3317 4797 3332 4818 ,
3364 4755 3456 4810 sed
3486 4755 3620 4810 etiam

2069 4847 2138 4901 ab
2163 4856 2380 4902 externa
2412 4848 2690 4911 servitute.
2718 4845 2845 4902 dum
2871 4861 3057 4902 manes
3077 4863 3284 4904 servus.
3309 4848 3485 4918 Neque
3502 4846 3622 4902 enim

2071 4951 2285 4991 servum
2313 4936 2438 4991 sinit
2461 4949 2579 4992 esse
2603 4952 2837 5000 servum,
2863 4953 3034 5008 neque
3057 4939 3325 4994 hominem
3349 4948 3621 4995 manentem

2071 5027 2125 5082 in
2156 5029 2410 5084 servitute
2434 5046 2448 5083 :
2472 5028 2576 5086 hoc
2599 5031 2741 5085 enim
2768 5031 3012 5086 mirabile
3033 5041 3136 5087 est.
3165 5031 3230 5087 Et
3250 5033 3514 5103 quomodo
3530 5045 3623 5084 ser-

2071 5136 2170 5175 vus
2199 5121 2335 5176 liber
2358 5129 2456 5186 est,
2487 5137 2710 5177 manens
2740 5124 2962 5177 servus?
2983 5124 3204 5190 Quando
3227 5125 3296 5180 ab
3320 5125 3479 5180 animi
3504 5137 3624 5178 mor-

2072 5211 2154 5266 bis
2173 5221 2227 5268 et
2247 5212 2525 5268 affectibus
2551 5214 2838 5269 liberatur:
2859 5216 3072 5285 quando
3091 5217 3304 5272 divitias
3324 5217 3622 5272 contemnit:

2071 5302 2206 5357 iram
2235 5313 2562 5375 cacterosque
2586 5305 2750 5360 animi
2777 5313 2970 5361 motus.
3000 5307 3089 5364 23.
3124 5306 3297 5363 Pretio
3322 5310 3475 5380 empti
3491 5308 3621 5362 estis:

2073 5395 2228 5448 nolite
2252 5396 2365 5464 ﬁeri
2392 5397 2519 5450 servi
2545 5397 2821 5451 hominum.
2853 5398 2964 5453 Hoc
2989 5399 3187 5454 dictum
3217 5409 3318 5467 est,
3349 5414 3452 5455 non
3477 5397 3622 5452 servis

2022 5469 2054 5502 ’⁸
2071 5486 2252 5551 modo,
2284 5488 2380 5543 sed
2412 5491 2570 5544 etiam
2605 5491 2807 5546 liberis.
2853 5491 3035 5548 Potest
3060 5495 3200 5549 enim
3232 5497 3318 5564 qui
3348 5506 3524 5549 servus
3547 5490 3620 5548 sit,

2023 5572 2046 5652 ;⁵ἶ
2073 5596 2180 5636 non
2206 5596 2325 5636 esse
2355 5597 2545 5638 servus
2566 5625 2582 5651 ,
2615 5593 2670 5639 et
2702 5585 2793 5654 qui
2837 5585 3004 5654 liber,
3031 5602 3220 5644 58"“5
3249 5603 3384 5644 9558'
3419 5587 3482 5640 Et
3507 5599 3616 5654 q'w‘

2073 5673 2233 5728 modo
2254 5675 2342 5743 qui
2373 5690 2558 5730 servus
2586 5684 2687 5744 est,
2711 5691 2897 5732 servus
2927 5694 3032 5733 non
3060 5680 3167 5734 sit?
3189 5679 3410 5746 Quando
3434 5685 3621 5748 propter

2069 5767 2238 5823 Deum
2286 5783 2465 5824 omnia
2505 5769 2724 5838 fecerit,
2757 5772 2969 5842 quando
3012 5789 3118 5829 non
3157 5773 3400 5830 simulate
3435 5767 3618 5841 egerit.
