3838 6214
280 311 387 369 I55

276 428 337 481 δὲ
360 426 510 496 αὐτῷ
545 427 830 499 πράγματι
862 428 1109 481 κοινωνεῖ
1153 429 1186 497 ἡ
1216 429 1377 498 γυνὴ,
1403 429 1460 482 ἐν
1489 422 1536 496 ᾧ
1568 430 1669 482 οὐκ
1717 428 1864 482 ἐστιν

278 511 811 583 ἀκάθαρτος.Γάμος
832 513 940 581 γάρ
962 511 1078 562 ἐστι
1110 510 1206 563 καὶ
1239 511 1385 580 μίξις
1412 514 1702 581 σωμάτων,
1735 511 1869 564 καθδ

277 594 315 664 ἡ
362 594 635 647 κοινωνία.
702 593 873 647 Πάλιν
921 592 1109 646 τοῦτον
1136 594 1236 663 μὲν
1290 594 1448 658 ὲλπὶς
1498 594 1871 664 ἀνακληθῆναι

279 676 391 730 ὑπὸ
412 675 512 745 τῆς
534 678 814 744 γυναικὸς,
843 675 1118 746 ᾠκείωται
1137 674 1248 745 γάρ
1283 675 1445 746 αὕτη·
1474 676 1681 729 ἐκεῖνον
1709 677 1763 729 δὲ
1807 675 1870 728 οὐ

1312 317 1383 373 ΙΝ
1422 315 1638 374 EPIST.
1676 317 1697 372 Ι
1735 317 1825 372 AD
1851 316 2013 373 COR.
2068 318 2302 377 HOMIL.
2346 323 2485 379 XIX.

3463 327 3562 386 I56

1971 432 2340 503 ἀκροϐυστίᾳ
2361 453 2452 502 τις
2478 436 2705 505 ἐκλήθη
2719 452 2740 500 ;
2755 438 2841 506 μὴ
2864 437 3316 506 περιτεμνέσθω.
3334 439 3563 508 Ἠπερι-

1976 515 2128 583 τομὴ
2162 516 2345 570 οὐδέν
2359 518 2512 582 ἐστι,
2543 520 2643 573 καὶ
2674 522 2712 588 ἠ
2740 521 3109 587 ἀκροϐυστία
3154 521 3335 576 οὐδέν
3370 523 3561 582 ἐστιν.

1974 598 2138 651 ἀλλὰ
2168 597 2421 666 τήρησις
2437 602 2702 655 ἐντολῶν
2726 603 3210 670 Θεοῦ.Ἕκαστος
3226 604 3297 657 ἐν
3318 603 3391 673 τῇ
3418 604 3566 671 κλή-

1974 694 2071 733 σει
2091 673 2132 751 ᾗ
2152 680 2403 749 ἐκλήθη,
2428 683 2498 735 ἐν
2515 685 2704 753 ταύτῃ
2726 685 2971 754 μενέτω.
2999 686 3230 752 Δοῦλος
3254 687 3562 754 ἐκλήθης;

282 765 490 836 σφόδρα
504 763 747 819 εὔκολον.
781 763 1076 834 Πιῦςγάρὴ
1100 764 1191 817 τὸν
1208 764 1524 835 ἔμπροσθεν
1555 766 1873 836 ἀτιμάσασα
1969 760 2054 830 μή
2078 778 2178 816 σοι
2202 766 2452 831 μελέτω.
2471 765 2655 819 Ταῦτα
2682 770 2761 831 είς
2778 768 2875 840 τὴν
2903 768 3085 822 πίστιν
3114 768 3267 823 οὐδὲν
3296 770 3559 835 συντελεῖ,

277 849 493 919 χρόνον,
524 847 619 902 καλ⁸
645 846 909 918 γενομένη
951 848 1161 918 ἐτέρου,
1207 848 1303 900 καὶ
1334 848 1428 901 τοῦ
1479 850 1661 918 γάμου
1693 848 1762 902 τά
1796 848 1872 901 δί-

279 948 418 986 καια
446 930 779 1000 ἀφανίσασα,
844 929 1286 984 ἀνακαλέσασθαι
1318 930 1608 1002 δυνήσεται
1641 930 1733 985 τὸν
1758 932 1872 1004 ηδι-

278 1015 547 1086 κημένον,
590 1014 728 1085 πρὸς
756 1014 966 1077 τούτοις
1005 1016 1101 1067 καὶ
1154 1013 1244 1067 τὸν
1281 1014 1513 1084 μένοντα
1566 1018 1640 1081 ὠς
1675 1016 1822 1082 ξένον
1853 1035 1869 1085 ;

280 1099 455 1152 Πάλιν
488 1099 607 1150 ἐκεῖ
636 1098 735 1168 μὲν
769 1096 907 1167 μετὰ
933 1095 1033 1168 τὴν
1076 1096 1335 1167 πορνείαν
1360 1098 1388 1149 6
1428 1100 1570 1169 ἀνὴρ
1594 1100 1694 1153 οὐκ
1718 1100 1867 1153 ἐστιν

277 1184 441 1253 ἀνήρ·
469 1181 700 1234 ἐνταῦθα
724 1180 803 1245 δὲ,
854 1182 961 1234 κᾶν
988 1180 1366 1250 είδωλολάτρις
1400 1183 1433 1252 ἡ
1464 1181 1621 1253 γυνὴ,
1654 1184 1749 1235 τοῦ
1773 1183 1870 1235 ἀν-

276 1265 404 1337 δρὸς
436 1265 498 1318 τὸ
532 1264 741 1317 δίκαιον
764 1264 867 1317 οὐκ
902 1262 1222 1317 ἀπόλλυται.
1252 1264 1363 1333 Οὐχ
1389 1264 1577 1329 ἁπλῶς
1606 1265 1664 1318 δὲ
1688 1283 1867 1318 συνοι-

277 1348 423 1412 κίζει
459 1345 537 1417 τῷ
568 1346 805 1418 ἀπίστῳ,
836 1345 973 1401 ἀλλά
1004 1345 1081 1417 τῷ
1111 1345 1441 1418 βουλομένῳο
1474 1347 1556 1401 διὸ
1583 1344 1725 1401 εἷπε·
1757 1348 1867 1402 Καὶ

276 1431 463 1498 αὐτὸς
490 1429 859 1485 συνευδοκεῖ
891 1430 1081 1485 οικεῖν
1095 1430 1222 1500 μετ’
1276 1430 1489 1499 αὐτῆς.
1537 1431 1698 1484 Ποῖον
1737 1431 1864 1501 γὰρ,

278 1514 404 1567 είπέ
428 1531 540 1584 μοι,
575 1513 793 1584 βλάϐος,
810 1513 940 1567 ὅταν
969 1515 1064 1567 καὶ
1093 1512 1162 1566 τά
1192 1513 1293 1584 τῆς
1323 1513 1607 1576 εὐσεϐείας
1627 1513 1866 1584 ἀκέραια

276 1597 531 1670 διαμένῃ,
556 1598 650 1651 καὶ
674 1597 889 1661 ἐλπίδες
917 1590 1020 1650 ὦσι
1047 1598 1282 1671 χρησταὶ
1312 1597 1441 1665 περὶ
1493 1597 1587 1651 τοῦ
1610 1597 1863 1661 ἀπίστου,

280 1681 467 1751 μένειν
491 1680 617 1744 τοὺς
652 1680 753 1751 ἤδη
811 1680 1172 1749 ζευχθέντας,
1219 1680 1313 1733 καὶ
1350 1680 1423 1749 μὴ
1458 1678 1728 1750 περιττῶν
1763 1696 1863 1731 πο-

274 1762 462 1834 λέμων
491 1762 779 1826 ὑποθέσεις
816 1763 1096 1833 εἰσάγεινς
1153 1762 1275 1815 οὐδὲ
1310 1762 1420 1833 γὰρ
1456 1762 1582 1832 περὶ
1619 1762 1727 1814 τῶν
1764 1780 1861 1833 μη-

274 1846 427 1900 δέπω
461 1844 825 1899 συνελθόντων
877 1844 1183 1913 διαλέγεται
1224 1843 1343 1907 νῦν,
1408 1843 1543 1896 ἀλλά
1577 1844 1706 1914 περὶ
1756 1845 1865 1897 τῶν

275 1934 379 2002 ἤδη
410 1933 794 1987 συνελθόντων.
828 1934 901 1987 Ού
934 1933 1041 2003 γὰρ
1064 1930 1236 1998 εἶπεν,
1269 1931 1336 1986 Εἴ
1360 1949 1442 1995 τις
1470 1930 1722 2002 βούλεται
1769 1932 1865 1985 λα-

276 2017 394 2068 ϐεῖν
420 2017 668 2081 ἄπιστον,
696 2016 834 2081 ἀλλ’,
864 2016 936 2070 ΕΖ
970 2033 1061 2082 τις
1095 2015 1220 2084 ἔχει
1250 2013 1527 2067 ἄπιστον
1557 2008 1667 2067 οἷον
1707 2016 1759 2069 εί
1784 2032 1863 2077 τις

278 2098 422 2171 μετά
449 2099 509 2152 τὸ
531 2099 779 2170 γαμῆσαι
806 2100 838 2170 ἢ
868 2099 1186 2170 γαμηθῆναι
1218 2098 1435 2162 ἐδέξατο
1464 2097 1555 2150 τὸν
1575 2098 1732 2167 λόγον
1766 2100 1863 2166 τῆς

273 2182 580 2247 εὐσεϐείας,
602 2179 963 2253 εἷτιιθάτερον
993 2182 1157 2252 μέρος
1174 2182 1498 2249 ἐναπέμεινε
1522 2184 1587 2253 τῇ
1614 2181 1861 2253 ἀπιστίᾳ,

272 2266 373 2319 καὶ
396 2265 613 2336 στέργει
645 2264 708 2318 τὸ
742 2265 1032 2330 συνοικεῖν,
1080 2263 1159 2335 μὴ
1183 2262 1624 2335 διαρρηγνύσθω·
1668 2264 1867 2334 Ἡγία-

270 2364 416 2403 σται
445 2351 578 2419 γὰρ,
606 2349 792 2420 φησὶν,
821 2351 854 2402 ὁ
874 2347 1029 2416 ἀνὴρ
1063 2348 1095 2401 6
1119 2347 1375 2413 ἄπιστος
1410 2348 1479 2401 ἐν
1507 2346 1583 2416 τῇ
1603 2350 1861 2418 γυναικί.

270 2432 525 2504 Τοσαύτη
558 2431 912 2505 ⁴ιγπεριουσία
938 2432 1036 2501 τῆς
1067 2430 1167 2502 σῆς
1196 2430 1591 2511 καθαρότητος.
1623 2433 1688 2486 Τί
1727 2430 1819 2487 οὖν
1845 2451 1864 2499 ;

270 2515 427 2583 ἅγιός
459 2515 604 2568 ἐστιν
624 2515 652 2567 6
684 2515 921 2586 Ἔλλην;
950 2513 1241 2584 Οὐδαμῶςο
1275 2514 1336 2567 οὐ
1360 2514 1470 2587 γὰρ
1490 2512 1863 2585 εἶπεν,“Αγιός

269 2597 456 2658 ἐστιν,
487 2594 621 2662 ἀλλ’,
669 2594 960 2662 ἸΙγίασται
994 2595 1052 2646 ἐν
1091 2596 1157 2664 τῇ
1199 2594 1436 2662 γυναικί.
1478 2595 1651 2648 Τοῦτο
1688 2596 1745 2647 δὲ
1783 2594 1862 2649 εἶ·-

269 2694 397 2742 πεν,
439 2677 537 2747 ούχ
560 2678 647 2730 ἴνα
676 2676 826 2749 δείξῃ
856 2679 1065 2730 ἐκεῖνον
1088 2677 1265 2745 ἆγιον,
1294 2678 1410 2730 ἀλλ’
1436 2678 1521 2732 ἵνα
1540 2679 1605 2732 ὲκ
1638 2697 1862 2751 περιου-

270 2762 397 2825 σίας
437 2761 528 2814 τὸν
556 2760 721 2829 φόϐον
746 2761 908 2834 ἐξέλῃ
922 2762 1023 2831 τῆς
1046 2761 1327 2830 γυναικὸς,
1358 2763 1610 2815 κάκεῖνον
1640 2766 1719 2828 εἰς
1744 2766 1861 2818 ἐπι-

272 2846 476 2915 θυμίαν
507 2845 693 2915 ἀγάγῃ
725 2845 823 2915 τῆς
888 2843 1171 2915 ἀληθείας.
1199 2844 1352 2918 [165]
1380 2846 1454 2898 Οὐ
1496 2847 1601 2917 γάρ
1632 2847 1741 2901 τῶν
1764 2865 1862 2901 σω-

275 2930 464 2999 μάτων
518 2928 579 2982 τὸ
602 2928 933 3000 ἀκάθαρτον,
961 2923 1034 2981 ὧν
1060 2930 1207 2981 ἐστιν
1239 2930 1272 3000 ἡ
1308 2930 1584 2995 κοινωνία,
1604 2930 1740 2983 ἀλλὰ
1760 2932 1861 3001 τῆς

272 3017 648 3088 προαιρέσεως
670 3018 764 3071 καὶ
797 3016 906 3069 τῶν
935 3016 1233 3086 λογισμῶν.
1270 3011 1404 3069 Εἶτα
1428 3018 1521 3070 καὶ
1566 3019 1856 3085 ἀπόδειξις·

270 3102 325 3152 εἰ
356 3102 463 3170 γὰρ
482 3100 793 3171 ἀκάθαρτος
836 3100 1072 3169 μένουσα
1119 3101 1315 3169 γεννᾷς
1345 3109 1397 3163 ³,
1443 3101 1504 3153 τὸ
1553 3101 1610 3155 δέ
1652 3102 1862 3156 ¹παιδίον

269 3185 376 3236 οὐκ
420 3184 525 3237 ἀπὸ
559 3184 653 3236 σοῦ
698 3184 890 3253 μόνης,
932 3183 1246 3255 ἀκάθαρτον
1285 3184 1395 3253 ἄρα
1438 3185 1499 3238 τὸ
1550 3186 1858 3257 παιδίον,ἢ

270 3270 337 3333 ἐξ
372 3269 624 3340 ἡμισείας
660 3267 920 3338 καθαρόν·
962 3268 1081 3319 νυνὶ
1118 3268 1174 3320 δέ
1195 3268 1295 3321 οὐκ
1344 3268 1492 3321 ἔστιν
1525 3271 1857 3341 ἀκάθαρτον.

270 3351 368 3404 Διὸ
397 3353 490 3405 καὶ¹
526 3353 825 3420 ἐπήγαγεν,
863 3350 1022 3403 Ἐπεὶ
1044 3353 1117 3404 τὰ
1143 3350 1327 3405 τέκνα
1352 3352 1520 3421 ὑμῶν
1558 3354 1863 3423 ἀκάθαρτά

269 3438 426 3489 ἐστι’
461 3435 601 3488 νυνὶ
623 3432 692 3486 δὲ
729 3432 867 3504 ἄγιά
898 3433 1050 3487 ἐστι·
1088 3434 1386 3500 τουτέστιν,
1414 3437 1513 3488 οὐκ
1551 3438 1858 3508 ἀκάθαρτα.

269 3520 450 3581 Αὐτὸς
480 3518 537 3570 δὲ
561 3518 690 3585 ἆγια
724 3516 977 3581 ἐκάλεσε,
1045 3520 1112 3588 τῇ
1181 3518 1477 3590 περιουσίᾳ
1531 3520 1626 3589 τῆς
1664 3521 1862 3587 λέξεως

271 3602 440 3655 πάλιν
455 3600 729 3654 ἐκϐάλλων
757 3600 858 3669 τῆς
880 3600 1138 3667 τοιαύτης
1172 3601 1407 3671 ὑποψίας
1440 3603 1501 3655 τὸ
1535 3603 1669 3667 δέος.
1699 3609 1766 3659 Εἰ
1795 3606 1862 3659 δὲ

270 3691 308 3741 ό
334 3686 592 3749 ἄπιστος
620 3682 941 3754 χωρίζεται,
974 3683 1324 3753 χωριζέσθω.
1344 3685 1611 3741 Ἐνταῦθα
1639 3688 1747 3760 γὰρ
1767 3691 1858 3743 οὑ-

271 3770 396 3824 κέτι
418 3768 643 3839 πορνεία
675 3767 737 3819 τὸ
764 3768 998 3838 πρᾶγμά
1042 3768 1177 3822 ἐστι.
1210 3769 1276 3822 Τί
1317 3769 1375 3823 δέ
1400 3773 1565 3834 ἐστιν,
1598 3773 1665 3824 El
1710 3771 1777 3825 δὲ
1829 3776 1861 3826 ὀ

271 3856 537 3918 ἄπιστος
565 3846 864 3921 χωρίζεται
878 3866 898 3916 ;
934 3845 1057 3903 Οἶον
1103 3853 1151 3904 εἰ
1196 3852 1405 3905 κελεύει
1460 3870 1542 3906 σοι
1581 3853 1726 3907 θύειν
1767 3856 1860 3908 καὶ

271 3937 553 3990 κοινωνεῖν
605 3933 754 4003 αὐτῷ
792 3933 892 4004 τῆς
920 3932 1172 3997 ἀσεϐείας
1203 3934 1290 3988 διὰ
1328 3935 1419 3989 τὸν
1445 3936 1644 4005 γάμον,
1671 3936 1703 4006 ἢ
1732 3938 1860 3990 ἀνα-

270 4022 500 4092 χωρεῖν,
536 4018 742 4088 βέλτιον
780 4016 1182 4088 διασπασθῆναι
1210 4018 1301 4071 τὸν
1322 4020 1523 4089 γάμον,
1544 4021 1638 4073 καὶ
1668 4020 1741 4091 μὴ
1762 4021 1859 4092 τὴν

269 4103 577 4169 εὐσέϐειαν.
620 4100 712 4153 Διὸ
740 4101 1046 4171 ἐπήγαγεν*
1090 4103 1172 4155 Οὐ
1211 4100 1575 4156 δεδούλωται
1625 4107 1658 4157 ὀ
1686 4103 1860 4158 ἀδελ-

267 4186 415 4258 φὸς,
440 4185 479 4254 ἢ
502 4187 541 4253 ἡ
576 4184 812 4253 ἀδελφὴ
867 4183 939 4236 ἐν
966 4182 1091 4249 τοῖς
1121 4185 1434 4249 τοιούτοις.
1487 4187 1549 4239 Εἰ
1586 4187 1705 4240 καθ’
1730 4189 1859 4242 ἑκά-

268 4287 412 4339 στην
475 4268 689 4339 ἡμέραν
727 4265 988 4319 πυκτεύοι
1038 4266 1134 4318 καὶ
1194 4266 1465 4337 πολέμους
1510 4270 1738 4340 παρέχοι
1770 4272 1857 4325 διὰ

263 4353 454 4417 τοῦτο,
492 4354 643 4423 φησὶ,
661 4351 868 4421 βέλτιον
911 4350 1316 4420 ἀπαλλαγῆναι.
1347 4351 1519 4405 Τοῦτο
1548 4355 1657 4425 γὰρ
1688 4356 1857 4409 αινίτ-

262 4455 449 4501 τεται,
474 4436 667 4504 λέγων·
694 4435 792 4488 Ἐν
808 4434 877 4486 δὲ
900 4434 1111 4503 εἰρήνῃ
1136 4436 1439 4503 κέκληκεν
1461 4437 1618 4505 ἡμᾶς
1635 4441 1667 4492 d
1691 4441 1853 4504 Θεός.

280 4522 526 4583 Ἐκεῖνος
547 4519 654 4589 γὰρ
682 4518 869 4571 λοιπὸν
902 4517 999 4589 τὴν
1040 4519 1218 4572 αἰτίαν
1243 4518 1539 4591 παρέσχεν,
1561 4520 1747 4594 ὥσπερ
1764 4526 1856 4577 καὶ

259 4606 296 4658 6
334 4603 661 4676 πορνεύσας.
712 4601 778 4655 Τί
808 4600 920 4672 γὰρ
964 4597 1153 4668 οἶδας,
1195 4603 1394 4672 γύναι,
1442 4605 1492 4657 εὶ
1540 4606 1644 4658 τὸν
1667 4605 1857 4673 ἄνδρα

262 4688 523 4753 σώσεις;
565 4688 707 4754 Πρὸς
738 4686 818 4751 τὸ,
865 4685 964 4753 Μὴ
992 4685 1217 4754 ἀφιέτω.
1241 4678 1648 4752 αὑτὸνβτοῦτο
1673 4690 1852 4744 πάλιν.

263 4774 335 4826 Εί
368 4772 478 4842 γάρ
520 4770 595 4841 μὴ
615 4769 918 4833 στασιάζει,
948 4769 1096 4838 μένε,
1119 4769 1304 4839 φησίψ
1339 4769 1453 4841 ἔχει
1487 4771 1595 4842 γὰρ
1626 4774 1720 4826 καὶ
1737 4774 1855 4844 κέρ-

260 4856 378 4918 ὅσς’
426 4855 579 4926 μένε,
607 4854 703 4906 καὶ
731 4852 987 4923 παραίνει
1017 4852 1112 4906 καὶ
1145 4852 1485 4923 συμϐούλευε
1536 4856 1633 4909 καὶ
1677 4861 1851 4911 πεῖθε·

258 4939 444 5002 οὐδεὶς
480 4938 589 5008 γάρ
616 4937 759 4990 οὕτω
786 4936 1101 5000 διδάσκαλος
1137 4936 1352 5007 ἰσχῦσαι
1385 4938 1674 5011 δυνήσεται
1701 4941 1748 5003 b,
1780 4943 1854 5006 ὼς

260 5023 427 5092 γυνή.
452 5022 563 5074 Καὶ
591 5019 713 5075 οὔτε
747 5020 991 5088 ἀνάγκην
1019 5019 1323 5090 ἐπιτίθησιν
1351 5022 1487 5094 αὐτῇ
1523 5024 1616 5076 καὶ
1639 5024 1854 5089 πάντως

257 5106 490 5159 ἀπαιτεῖ
519 5106 649 5177 παρ’
682 5105 851 5175 αὐτῆς
881 5104 943 5158 τὸ
967 5106 1220 5178 πρᾶγμα,
1246 5105 1335 5158 ἴνα
1372 5106 1446 5177 μὴ
1477 5107 1640 5160 πάλιν
1666 5126 1853 5178 φορτι-

257 5186 509 5258 κώτερον
537 5187 862 5257 ἐργάσηται,
894 5187 1018 5242 οὔτε
1046 5186 1446 5255 ἀπογινώσκειν
1475 5189 1708 5257 κελεύει,
1738 5192 1851 5245 ἀλλ’

256 5270 494 5340 ἀφίησιν
524 5270 656 5323 αὐτὸ
685 5274 751 5341 τῇ
784 5270 881 5325 τοῦ
905 5271 1188 5341 μέλλοντος
1227 5270 1422 5343 ἀδηλίᾳ
1453 5273 1745 5345 μετέωρον,
1764 5275 1851 5328 λέ-

254 5369 405 5424 γων’
448 5355 511 5407 Τί
535 5354 646 5422 γὰρ
672 5350 861 5420 οἶδας,
887 5355 1087 5423 γύναι,
1140 5357 1193 5409 εί
1221 5355 1326 5409 τὸν
1347 5355 1539 5424 ἄνδρα
1588 5357 1806 5425 σώσεις
1833 5377 1851 5422 ;

254 5438 364 5493 καὶ
392 5439 450 5491 τί
474 5433 664 5505 οἶδας,
696 5438 859 5507 ἄνερ,
893 5441 946 5493 εί
992 5438 1106 5506 τὴν
1138 5439 1396 5508 γυναῖκα
1455 5440 1715 5509 σώσεις;
1761 5446 1851 5498 καὶ

255 5522 453 5577 πάλιν
474 5523 542 5575 El
567 5521 651 5590 μὴ
682 5521 915 5589 ἑκάστῳ
932 5523 1011 5587 ὡς
1035 5521 1312 5591 ἐμέρισεν
1340 5526 1371 5577 ό
1398 5524 1560 5591 Θεὸς,
1590 5526 1851 5581 ἕκαστον

252 5609 349 5672 ὠς
368 5605 721 5673 κέκληκενό
747 5607 984 5673 Κύριος,
1021 5606 1175 5661 οὕτω
1220 5610 1629 5674 περιπατείτω.
1681 5615 1848 5679 Περι-

251 5691 631 5759 τετμημένος
676 5707 767 5757 τις
803 5691 1072 5761 ἐκλήθη;
1138 5690 1226 5760 μὴ
1296 5690 1673 5748 ἐπισπάσθω.
1747 5696 1831 5747 ’λι

330 5809 534 5873 ἧκες..
575 5808 838 5871 ἀκάθαρτος
885 5812 1034 5869 μένων
1076 5816 1252 5872 γεννᾷς.
1322 5810 1348 5849 ιι
1376 5812 1519 5873 Reg,
1563 5815 1844 5872 διδάσκαλος

261 5871 432 5919 κεῖσαι
450 5872 719 5931 δυνήσεται,
750 5873 897 5921 bene.

1975 844 2128 916 φησί·
2155 845 2231 917 μὴ
2272 847 2449 899 τοίνυν
2484 848 2773 916 φιλονείκει
2805 852 2937 922 μηδέ
2966 851 3224 922 θορυϐοὖ’
3257 854 3290 922 ἡ
3333 853 3440 923 γὰρ
3468 853 3559 906 πί-

1975 945 2092 991 στις
2117 929 2294 981 πάντα
2320 928 2540 993 ἐξέϐαλε
2568 932 2760 987 ταῦτα.
2798 934 3096 1000 Ἕκαστος
3132 934 3203 987 ἐν
3230 934 3304 1003 τῇ
3341 935 3561 1003 κλήσει

1972 1004 2012 1083 ᾖ
2034 1010 2284 1079 ἐκλήθη,
2307 1012 2376 1065 ὲν
2394 1015 2582 1083 ταύτῃ
2616 1016 2863 1085 μενέτω.
2894 1017 3135 1071 Γυναῖκα
3163 1017 3302 1087 ἔχων
3331 1017 3562 1072 ἀπιστον

1973 1094 2239 1165 ἐκλήθης;
2272 1095 2398 1165 μένε
2424 1095 2582 1166 ἒχωνο
2606 1098 2680 1169 μὴ
2710 1098 2798 1153 διὰ
2834 1100 2933 1170 τὴν
2973 1101 3156 1153 πίστιν
3191 1101 3431 1173 ἐκϐάλῃς
3460 1100 3561 1172 τὴν

1972 1181 2229 1246 γυναῖκα.
2256 1178 2451 1241 Δοῦλος
2489 1180 2564 1234 ὢν
2597 1181 2864 1252 ἐκλήθηςς
2905 1184 2978 1253 μή
3026 1200 3109 1235 σοι
3163 1182 3389 1254 μελέτω*
3432 1185 3557 1253 μένε

1970 1259 2258 1315 δουλεύων.
2306 1261 2669 1330 Ἀκρόϐυστος
2707 1262 2782 1316 ὣν
2816 1264 3089 1336 ἐκλήθης;
3136 1265 3263 1335 μένε
3315 1266 3555 1336 ἀκρόϐυ-

1972 1360 2115 1407 στος.
2165 1344 2566 1416 Ἑμπερίτομος
2593 1346 2668 1400 ὢν
2686 1347 3045 1413 ἐπίστευσας;
3102 1350 3229 1419 μένε
3262 1350 3556 1419 ἐμπερίτο-

1974 1444 2095 1497 μος.
2114 1428 2285 1481 Τοῦτο
2308 1428 2417 1499 γάρ
2440 1431 2607 1493 ἐστιν,
2638 1429 2909 1496 Ἐκὰστῳ
2932 1432 3012 1498 ὡς
3034 1431 3312 1499 ἐμέρισεν
3337 1436 3369 1486 ό
3393 1434 3552 1497 Θεός.

1970 1509 2157 1564 Ταῦτα
2183 1512 2293 1582 γὰρ
2313 1513 2412 1565 οὐκ
2432 1513 2547 1565 ἔστι
2575 1510 2875 1582 κωλύματα
2897 1516 2975 1578 εἰς
3013 1515 3319 1570 εὐσέϐειαν.
3352 1518 3424 1568 Σὺ
3437 1516 3557 1569 δοῦ-

1968 1593 2058 1656 λος
2093 1593 2169 1645 ὢν
2190 1593 2449 1665 ἐκλήθης.
2482 1594 2642 1659 ἄλλος
2671 1598 2905 1665 γυναῖκα
2950 1597 3089 1668 ἔχων
3116 1597 3359 1664 Ιίιπιστον,
3399 1599 3555 1663 ἄλλος

1969 1692 2037 1728 πε
2045 1693 2273 1748 ριτετμη
2284 1677 2464 1747 μένος.

2036 1810 2101 1865 δ’.
2128 1811 2299 1865 Βαϐαί
2327 1812 2340 1865 ε
2378 1811 2482 1865 ποῦ
2512 1811 2609 1883 τὴν
2643 1812 2884 1867 δουλείαν
2920 1814 3144 1887 ἔθηκενί
3171 1816 3382 1886 Ὥσπερ
3401 1816 3554 1871 οὐδὲν

1965 1900 2223 1970 (ὕφελείή
2255 1901 2552 1973 περιτομὴ,
2577 1901 2701 1955 οὺδέ
2744 1902 3032 1973 βλάπτειὴ
3068 1904 3428 1973 ἀκροϐυστία,
3457 1906 3552 1958 οὒ-

1965 2001 2073 2047 τως
2101 1980 2253 2056 [ιδι]
2284 1984 2405 2037 οὐδὲ
2433 1987 2466 2054 ἡ
2496 1984 2711 2039 δουλεία
2752 1985 2875 2038 οὐδὲ
2907 1987 2943 2057 ὴ
2974 1985 3277 2056 ἐλευθερία.
3321 1988 3432 2041 Καὶ
3466 1990 3553 2042 ἵνα

1964 2066 2113 2138 δείξῃ
2137 2066 2296 2120 τοῦτο
2319 2067 2654 2138 σαφέστερον
2680 2071 2745 2122 ἐκ
2769 2068 3109 2139 περιουσίας,
3143 2070 3307 2141 φησίν
3328 2086 3343 2100 ⁸
3387 2072 3551 2125 Ἀλλ’

1964 2152 2017 2203 εί
2079 2150 2179 2203 καὶ
2232 2149 2493 2204 δύνασαι
2549 2152 2870 2219 ἐλεύθερος
2934 2151 3250 2221 γενέσθαι,
3307 2151 3553 2222 μᾶλλον

1965 2232 2221 2303 χρῆσαι·
2269 2234 2539 2296 τουτέστι,
2589 2235 2790 2305 μᾶλλον
2819 2234 3059 2290 δούλευε.
3094 2236 3205 2289 Καὶ
3251 2238 3303 2290 τί
3350 2239 3551 2310 δήποτε

1963 2317 2057 2370 τὸν
2103 2316 2401 2388 δυνάμενον
2446 2318 2884 2389 ἐλευθερωθῆναι
2928 2318 3142 2372 κελεύει
3201 2321 3384 2390 μένειν
3425 2321 3550 2374 δοῦ-

1963 2399 2294 2465 λον;,Θέλων
2325 2400 2517 2466 δεῖξαι,
2547 2402 2630 2455 ὅτι
2659 2401 2811 2455 ούδέν
2840 2402 3067 2473 βλάπτει
3094 2405 3127 2474 ἡ
3153 2402 3387 2469 δουλεία,
3416 2403 3551 2457 ἀλλά

1964 2484 2061 2538 καὶ
2109 2484 2331 2553 ὠφελεῖ.
2388 2484 2498 2538 Καὶ
2556 2485 2658 2539 οὐκ
2710 2484 2891 2554 ἀγνοῶ
2962 2486 3106 2556 μὲνυ
3158 2487 3241 2539 ὅτι
3273 2488 3416 2549 τινὲς
3466 2488 3549 2553 τὸ,

1963 2567 2218 2623 Μᾶλλον
2250 2567 2498 2639 χρῆσαι,
2529 2570 2661 2640 περὶ
2711 2569 3029 2640 ἐλευθερίας
3075 2570 3239 2638 φασὶν
3274 2571 3547 2641 εἰρῆσθαι,

1962 2653 2236 2721 λέγοντες,
2263 2655 2345 2706 ὅτι
2386 2653 2449 2707 Et
2488 2654 2716 2708 δύνασαι
2760 2653 3219 2725 ἐλευθερωθῆναι,
3251 2654 3551 2727 ἐλευθερώ-

1965 2736 2117 2807 θητι*
2155 2736 2289 2790 πολὺ
2331 2736 2390 2789 δὲ
2421 2737 2751 2800 ἀπεναντίας
2776 2738 2854 2808 τῷ
2881 2738 3070 2810 τρόπῳ
3098 2740 3193 2792 τοῦ
3245 2738 3461 2792 Παύλου
3490 2742 3551 2792 τὸ

1966 2821 2138 2891 ῥῆμα,
2181 2822 2232 2874 εί
2264 2819 2423 2874 τοῦτο
2460 2822 2774 2875 αίνίττοιτο.
2821 2823 2896 2875 Οὐ
2927 2821 3037 2892 γάρ
3077 2822 3143 2875 ἂν
3189 2826 3549 2892 παραμυθού-

1967 2922 2127 2975 μενος
2181 2904 2275 2957 τὸν
2332 2904 2538 2969 δοῦλον,
2589 2907 2687 2959 καὶ⁸
2733 2905 2949 2968 δεικνὺς
2996 2906 3150 2959 οὐδὲν
3196 2906 3547 2978 ἠδικημένον,

1965 2986 2219 3040 ἐκέλευσε
2244 2986 2499 3055 γενέσθαι
2530 2986 2835 3058 ἐλεύθερον.
2868 2984 3004 3041 Εἷπε
3040 2988 3147 3061 γὰρ
3174 2989 3241 3043 ἄν
3268 3007 3349 3053 τις
3382 2992 3535 3053 ἴσως·

1965 3072 2029 3123 Τί
2054 3066 2150 3125 οὖν
2174 3087 2189 3137 ;
2216 3060 2281 3124 ἄν
2313 3069 2388 3141 μὴ
2412 3069 2680 3141 δύνωμαι,
2709 3071 2975 3143 ἠδίκημαι
3005 3073 3099 3125 καὶ
3121 3060 3477 3144 ἡλάττωμαι;

2036 3196 2110 3249 Οὐ
2158 3197 2338 3250 τοίνυν
2386 3195 2546 3250 τοῦτό
2596 3215 2801 3270 φησιν,
2850 3198 2966 3253 ἀλλ’
3000 3200 3137 3271 ὅπερ
3187 3199 3341 3271 ἔφην,
3378 3200 3547 3255 θέλων

1964 3280 2131 3345 δεῖξαι
2152 3280 2232 3334 ὅτι
2257 3280 2409 3333 οὐδὲν
2432 3281 2594 3334 πλέον
2616 3282 2827 3350 γίνεται
2850 3282 2929 3352 τῷ
2955 3283 3225 3354 ἐλευθέρῳ
3246 3286 3546 3356 γενομένῳ,

1965 3362 2121 3432 φησί·
2156 3363 2275 3416 Κάν
2314 3363 2504 3433 κύριος
2541 3359 2611 3438 ᾖς
2637 3366 2732 3417 τοῦ
2759 3365 3219 3437 ἐλευθερωθῆναι,
3261 3369 3390 3437 μένε
3421 3368 3546 3422 δουο

1964 3445 2133 3499 λεύων
2165 3446 2383 3516 μᾶλλον.
2420 3445 2554 3500 Εἶτα
2585 3448 2680 3501 καὶ
2710 3448 2810 3519 τὴν
2850 3448 3032 3503 αἰτίαν
3064 3451 3260 3519 ἐπάγει
3282 3467 3295 3482 ·
3345 3451 3408 3505 '0
3438 3453 3547 3521 γὰρ

1963 3528 2032 3581 ἐν
2078 3530 2272 3597 Κυρίῳ
2319 3529 2568 3598 κληθείς
2605 3530 2851 3597 δοῦλος,
2893 3532 3295 3601 ἀπελεύθερος
3326 3535 3546 3603 Κυρίου

1963 3613 2163 3666 ἐστίν·
2210 3613 2426 3682 ὁμοίως
2466 3613 2564 3667 καὶ
2606 3617 2639 3669 ὁ
2679 3614 2996 3686 ἐλεύθερος
3035 3616 3298 3684 κληθεὶς,
3325 3617 3547 3683 δοῦλός

1962 3695 2094 3749 ἐστι
2138 3696 2244 3750 τοῦ
2300 3696 2583 3764 Χριστοῦ.
2646 3698 2736 3750 Ἐν
2791 3699 2900 3770 γὰρ
2928 3702 3043 3764 τοῖς
3094 3700 3237 3754 κατά
3287 3700 3541 3771 Χριστὸν,

1963 3780 2149 3850 φησὶν,
2178 3780 2479 3850 ἀμφότεροι
2515 3781 2651 3834 ίσοι·
2694 3764 2897 3853 ὁμοίως
2928 3783 3034 3856 γὰρ
3064 3785 3158 3837 καὶ
3189 3784 3254 3837 σὺ
3284 3764 3377 3836 τοῦ
3408 3764 3543 3854 Χρι-

1964 3863 2090 3917 στοῦ
2123 3864 2329 3931 δοῦλος,
2357 3865 2561 3934 ὁμοίως
2587 3865 2684 3920 καὶ
2725 3867 2754 3918 6
2795 3866 3062 3936 δεσπότης
3093 3869 3121 3921 6
3153 3867 3264 3930 σός.
3298 3865 3421 3932 Πῶς
3449 3863 3545 3921 οὖν

1961 3950 1990 4001 6
2031 3948 2215 4018 δοῦλος
2273 3948 2669 4020 ἀπελεύθερος;
2702 3950 2823 4004 ὀτι
2859 3951 3204 4020 ὴλευθέρωσέ
3249 3968 3309 4003 σε
3351 3952 3413 4003 ού
3442 3951 3543 4021 τῆς

1961 4033 2239 4104 ἁμαρτίας
2279 4032 2457 4103 μόνον,
2486 4033 2623 4087 ἀλλά
2662 4032 2755 4087 καὶ
2787 4033 2887 4105 τῆς
2931 4033 3129 4099 ἔξωθεν
3168 4033 3413 4097 δουλείας
3442 4035 3540 4104 μέ-

1961 4133 2118 4170 νοντα
2144 4114 2348 4169 δοῦλον.
2370 4116 2444 4167 Οὐ
2469 4116 2579 4186 γὰρ
2602 4116 2827 4186 ἀφίησιν
2851 4112 2990 4170 εἶναι
3009 4116 3197 4172 δοῦλον
3222 4117 3315 4170 τὸν
3332 4116 3538 4183 δοῦλον,

1960 4200 2081 4253 οὑδέ
2107 4198 2393 4270 ἄνθρωπον
2418 4200 2645 4269 μένοντα
2666 4201 2724 4252 ἐν
2745 4200 2960 4272 δουλείᾳ
2981 4217 2995 4229 ·
3013 4201 3175 4255 τοῦτο
3196 4202 3306 4271 γάρ
3335 4202 3454 4255 ἐστι
3480 4202 3540 4254 τὸ

1960 4282 2293 4351 θαυμαστόν.
2326 4282 2435 4335 Καὶ
2458 4281 2573 4343 πῶς
2590 4281 2872 4353 ἐλεύθερός
2904 4286 3052 4337 ἐστιν
3071 4287 3100 4337 ό
3129 4284 3333 4348 δοῦλος,
3363 4285 3539 4355 μένων

1946 4364 2183 4428 ηδοῦλοςς
2214 4365 2382 4417 Ὅταν
2413 4364 2603 4418 παθῶν
2634 4366 3052 4436 ἀπηλλαγμένος
3168 4369 3262 4421 καὶ
3291 4367 3399 4420 τῶν
3438 4367 3539 4435 τῆς

1957 4447 2137 4517 ψυχῆς
2193 4447 2536 4517 νοσημάτων,
2596 4448 2723 4501 ὅταν
2752 4449 3054 4518 χρημάτων
3087 4452 3403 4520 καταφρονῇ
3446 4452 3540 4501 καὶ

1958 4532 2127 4602 ὀργῆς
2168 4531 2263 4583 καὶ
2292 4528 2402 4582 τῶν
2433 4529 2609 4583 ἀλλων
2646 4531 2757 4584 τῶν
2792 4533 3048 4585 τοιούτων
3084 4532 3296 4587 παθῶν.
3358 4531 3539 4601 Τιμῆς

1956 4613 2355 4684 ἠγοράσθητε,
2377 4612 2463 4683 μὴ
2486 4615 2728 4684 γίνεσθε
2750 4614 2959 4669 δοῦλοι
2988 4612 3334 4682 ἀνθρώπων.
3369 4610 3537 4679 Οὗτος

1956 4703 1984 4753 ὀ
2015 4700 2172 4769 λόγος
2200 4699 2262 4754 οὐ
2293 4698 2428 4769 πρὸς
2453 4699 2671 4761 οἰκέτας
2701 4698 2884 4768 μόνον,
2913 4697 3055 4752 άλλά
3083 4699 3177 4751 καὶ
3206 4700 3345 4770 πρὸς
3381 4700 3536 4753 ἐλευ-

1958 4784 2152 4856 θέρους
2195 4784 2435 4854 εἴρηται.
2471 4783 2628 4835 Ἔστι
2660 4782 2771 4855 γὰρ
2802 4783 2895 4837 καὶ
2926 4781 3111 4839 δοῦλον
3134 4782 3263 4836 ὄντα
3294 4783 3370 4855 μὴ
3397 4779 3536 4838 εἶναι

1955 4875 2159 4941 δοῦλον,
2195 4877 2292 4929 καὶ
2317 4874 2600 4947 ἐλεύθερον
2634 4875 2764 4930 ὄντα
2796 4875 2981 4930 δοῦλον
3028 4870 3188 4930 εῖναι.
3217 4877 3329 4931 Καὶ
3362 4876 3481 4940 πῶς
3508 4879 3538 4931 6

1954 4959 2138 5023 δοῦλος
2157 4959 2253 5024 ὢν,
2278 4960 2378 5013 οὐκ
2402 4958 2518 5012 ἔστι
2541 4958 2726 5022 δοῦλος
2748 4976 2761 5026 ;
2792 4959 2967 5016 ’Όταν
2986 4960 3072 5015 διά
3093 4960 3183 5015 τὸν
3204 4960 3336 5014 Θεὸν
3358 4962 3538 5016 πάντα.

1957 5046 2106 5114 ποιῇ,
2147 5045 2275 5097 ὅταν
2322 5041 2398 5113 μὴ
2445 5042 2808 5115 ὑποκρίνηται
2851 5044 2986 5115 μηδὲ
3016 5045 3135 5099 κατ’
3164 5044 3534 5116 ὀφθαλμοδου-

1954 5128 2103 5182 λειαν
2152 5125 2458 5198 ἀνθρώπων
2503 5144 2565 5179 τι
2607 5127 2851 5201 πράττῃ’
2904 5129 3168 5194 τουτέστι,
3218 5130 3536 5186 δουλεύοντα

1955 5210 2261 5280 ἀνθρώποις
2288 5208 2572 5281 ἐλεύθερον
2608 5205 2771 5265 εἶναι.
2807 5212 2878 5264 Ἦ
2914 5212 3032 5276 πῶς
3059 5212 3222 5266 πάλιν
3250 5213 3536 5285 ἐλεύθερός

1953 5312 2037 5358 τις
2062 5294 2157 5359 ὢν,
2191 5292 2400 5359 γίνεται
2424 5292 2643 5360 δοῦλος;
2680 5295 2850 5349 Ὅταν
2876 5294 3191 5367 διακονῆται
3224 5295 3534 5366 ἀνθρώποις

1955 5378 2198 5450 πονηράν
2237 5394 2360 5431 τινα
2386 5378 2664 5433 διακονίαν
2694 5379 2728 5451 ἢ
2758 5379 2848 5433 διά
2875 5380 3339 5451 γαστριμαργίαν.
3374 5381 3407 5451 ἢ
3444 5380 3535 5433 διὰ

1952 5466 2253 5535 Χρημάτων
2303 5461 2622 5533 ἐπιθνμίαν.
2668 5463 2713 5533 ἦ
2757 5463 2845 5517 διὰ
2899 5464 3239 5517 δυναστείαν.
3310 5463 3368 5515 ὐ
3424 5464 3534 5533 γὰρ

1951 5548 2189 5611 τοιοῦτος
2221 5549 2440 5601 πάντων
2485 5547 2603 5600 ἐστὶ¹
2649 5546 3059 5618 δουλικώτερος,
3096 5548 3201 5602 κᾶν
3246 5546 3532 5617 ἐλεύθερος

1950 5632 2005 5705 ᾗ.
2038 5632 2237 5684 Σκόπει
2280 5631 2337 5683 δέ
2370 5630 2542 5683 ταῦτα
2572 5632 2859 5701 ἀμφότερα
2883 5648 2896 5661 ⁸
2923 5631 3117 5695 Δοῦλος
3141 5628 3208 5703 ἦν
3241 5633 3268 5684 6
3305 5631 3527 5701 Ἰωσὴφ,

1950 5716 2062 5771 ἀλλ’
2085 5715 2186 5769 οὐκ
2208 5712 2510 5784 ἀνθρώπων
2532 5713 2739 5778 δοῦλος·
2763 5713 2841 5769 διὸ
2864 5716 2957 5769 καὶ
2981 5716 3037 5768 ἐν
3065 5716 3128 5785 τῇ
3155 5712 3370 5785 δουλείᾳ
3397 5713 3532 5767 πάν-

2016 5883 2037 5906 ²³
2068 5875 2327 5941 Legcbalur
2352 5874 2615 5935 ἀγνοῶμεν.
