3838 6214
382 299 482 352 ibi

377 423 487 459 των
508 403 808 475 ἐλευθέρων
823 419 848 446 ι
875 406 1301 478 ἐλευθερώτερος
1316 403 1407 478 ἦν.
1430 405 1508 478 Τῇ
1535 408 1789 481 δεσποίνῃ
1809 408 1938 478 γοῦν

375 488 477 541 οὑκ
507 483 671 554 εἶξεν.
709 489 790 550 εἰς
830 488 976 558 άπερ
1016 490 1278 560 ἠθέλησεν
1306 492 1339 559 ή
1390 490 1726 561 κεκτημένη.
1771 492 1940 546 Πάλιν

375 569 638 641 ἐλευθέρα
658 567 725 641 ἦν
750 571 952 640 ἐκείνη,
979 571 1074 624 καὶ
1106 573 1324 624 πάντων
1344 567 1413 641 ἦν
1437 572 1821 643 δουλικωτέρα,
1851 575 1941 628 τὸν

376 653 680 724 θεράποντα
722 653 1089 707 κολακεύουσα
1124 655 1218 707 καὶ
1253 654 1665 724 παρακαλοῦσα·
1699 655 1812 708 ἀλλ’
1842 657 1942 711 οὑκ

375 734 559 788 ἔπεισε
588 734 679 788 τὸν
724 735 1024 805 ἐλεύθερον,
1057 735 1088 786 δ
1116 734 1191 804 μὴ
1217 735 1473 804 ἠθέλησε,
1524 737 1767 806 ποιῆσαι.
1827 739 1940 792 Οὑκ

373 817 481 888 ἀρα
507 816 716 870 δουλεία
732 817 793 869 τὸ
814 818 1044 886 πρᾶγμα
1059 812 1146 884 ἦν,
1171 816 1286 868 ἀλλ’
1308 817 1633 887 ἐλευθερίαή
1657 819 1936 874 ἀνωτάτω.

373 900 440 953 Τί
465 899 574 969 γὰρ
595 897 908 968 ἐνεποδίσθη
931 898 1069 968 πρὸς
1089 899 1291 969 ἀρετὴν
1315 899 1520 963 ἐκεῖνος
1549 901 1657 954 ἀπὸ
1687 901 1785 970 τῆς
1817 903 1939 954 δου-

371 978 552 1048 λείας;
602 981 969 1034 Ἀκουέτωσαν
997 980 1172 1034 δοῦλοι
1197 982 1292 1034 καὶ
1317 981 1587 1048 ἐλεύθεροι
1607 999 1622 1014 ο
1659 983 1753 1046 Τίς
1791 982 1938 1036 ἐδού-

255 1101 259 1104 -
370 1064 588 1126 λευσεν;
616 1063 1000 1133 όάξιούμενος,
1028 1063 1062 1134 ἢ
1107 1066 1141 1134 ἠ
1173 1064 1424 1131 ἀξιοῦσα;
1458 1067 1490 1135 ὴ
1524 1065 1935 1136 παρακαλοῦσα,

370 1145 520 1216 [I65]
549 1146 582 1214 ἦ
615 1148 645 1199 6
692 1145 1044 1217 καταφρονῶν
1084 1146 1464 1216 ἰκετευούσης;
1500 1147 1610 1199 Καὶ
1641 1147 1749 1218 γάρ
1797 1147 1935 1201 είσὶν

365 1230 482 1297 δροι
510 1229 712 1283 δούλων
743 1229 896 1300 παρά
925 1229 1018 1284 τοῦ
1045 1229 1180 1283 Θεοῦ
1209 1229 1450 1298 κείμενοι
1468 1245 1483 1260 ο
1510 1231 1604 1283 καὶ
1644 1231 1804 1302 μέχρι
1830 1229 1932 1284 ποῦ

365 1310 446 1364 δεῖ
472 1310 760 1380 φυλάττειν
791 1313 1006 1379 αὑτοὺς,
1049 1312 1145 1365 καὶ
1188 1309 1346 1364 τοῦτο
1371 1312 1810 1382 νενομοθέτηται,
1840 1314 1935 1366 καὶ

367 1394 714 1466 ὑπερϐαίνειν
770 1395 968 1458 αὑτοὺς
1029 1395 1088 1446 οὑ
1123 1396 1251 1464 χρή.
1315 1394 1484 1446 Ὅταν
1540 1394 1648 1465 γὰρ
1696 1396 1859 1465 μηδὲν
1906 1398 1936 1450 6

364 1479 629 1549 δεσπότης
661 1480 920 1550 ἐπιτάττῃ
949 1479 1058 1532 τῶν
1091 1479 1165 1549 μὴ
1195 1471 1491 1533 δοκούντων
1523 1479 1600 1550 τῷ
1631 1479 1772 1551 Θεῷ,
1802 1481 1933 1534 ἐπες

367 1559 492 1614 σθαι
523 1561 605 1614 δεῖ
631 1562 724 1614 καὶ
755 1560 1064 1614 πείθεσθαιο
1099 1560 1408 1632 περαιτέρω
1439 1561 1496 1613 δέ
1535 1561 1764 1630 μηκέτι·
1792 1561 1934 1615 οὕτω

364 1644 473 1713 γάρ
518 1645 546 1696 6
585 1642 767 1704 δοῦλος
809 1642 1090 1712 ἐλεύθερος
1130 1643 1358 1711 γίνεται.
1405 1645 1502 1695 Ἂν
1529 1643 1587 1696 δὲ
1627 1644 1933 1716 περαιτέρω

363 1725 579 1794 προῖῃς,
612 1723 712 1777 κᾶν
736 1723 1018 1794 ἐλεύθερος
1050 1719 1137 1795 ᾖς,
1169 1723 1356 1792 ἐγένου
1379 1724 1580 1788 δοῦλος.
1603 1725 1774 1778 Τοῦτο
1803 1726 1931 1794 γοῦν

360 1807 654 1860 αἰνίττεται
691 1806 894 1873 λέγων·
922 1806 1020 1873 Μὴ
1058 1806 1299 1875 γίνεσθε
1342 1806 1552 1860 δοῦλοι
1584 1807 1927 1874 ἀνθρώπων.

358 1889 422 1941 Εἰ
455 1888 512 1941 δέ
540 1888 613 1958 μὴ
639 1887 814 1948 τοῦτο,
847 1886 959 1940 ἀλλ’
987 1889 1240 1940 ἐκέλευσε
1277 1889 1704 1959 καταλιμπάνειν
1733 1889 1928 1943 δεσπό-

355 1989 474 2033 τας,
514 1971 610 2023 κα).
639 1970 955 2039 ἐλευθέρους
987 1970 1310 2039 φιλονεικεῖν
1351 1971 1615 2040 γίνεσθαι,
1645 1971 1764 2035 πῶς
1790 1989 1928 2043 παρ-

356 2056 474 2124 ῄνει
523 2053 733 2121 λέγων’
780 2054 1081 2119 Ἕκαστος
1127 2053 1199 2107 ἐν
1245 2054 1432 2119 τούτῳ
1472 2053 1718 2122 μενέτω,
1770 2055 1842 2106 ἐν
1880 2055 1928 2119 ᾦ

355 2137 618 2205 ἐκλήθη;
643 2137 740 2190 καὶ
767 2135 1022 2207 ἀλλαχοῦ,
1057 2138 1221 2190 Ὅσοι
1246 2136 1406 2189 εἰσιν
1442 2138 1560 2189 ὑπὸ
1582 2135 1758 2206 ξυνὸν
1784 2137 1922 2191 δοῦ-

355 2224 476 2285 λοι,
514 2219 657 2284 τοὺς
702 2218 890 2284 ιδίους
920 2219 1222 2284 δεσπότας
1264 2217 1467 2285 πάσης
1496 2217 1672 2288 τιμῆς
1712 2220 1924 2286 ἀξίους

353 2303 757 2372 ἡγείσθωσαν,
786 2302 884 2355 καί
901 2301 987 2371 μὴ
1009 2303 1573 2370 καταφρονείτωσαν
1591 2305 1645 2356 οἱ
1670 2303 1924 2370 πιστοὺς

355 2387 601 2456 ἔχοντες
627 2385 947 2450 δεσπότας,
975 2385 1063 2438 ὅτι
1083 2384 1335 2454 ἀδελφοί
1355 2387 1512 2439 εἰσιν
1539 2388 1592 2439 οἱ
1620 2385 1726 2456 τῆς
1757 2389 1920 2454 £689-

353 2469 565 2536 τεσίας
610 2468 1216 2535 ἀντιλαμϐανόμενοι;
1264 2467 1377 2520 Καὶ
1419 2468 1682 2536 Ἐφεσίοις
1723 2468 1781 2521 δὲ
1829 2471 1924 2522 καὶ

355 2550 763 2605 Κολασσαεῦσιν
795 2551 1142 2612 ἐπιστέλλων,
1177 2549 1247 2602 τὰ
1275 2549 1412 2602 αὑτά
1445 2550 1784 2604 διατάττεται
1831 2553 1923 2606 καὶ

355 2635 658 2706 νομοθετεῖ.
705 2634 872 2690 Ὅθεν
903 2633 1079 2703 δῆλον,
1107 2634 1190 2687 ὃτι
1231 2635 1291 2686 οὑ
1329 2633 1531 2703 ταύτην
1571 2636 1786 2706 ἀναιρεῖ
1822 2636 1922 2706 τὴν

353 2719 617 2784 δουλείαν,
649 2718 786 2772 ἀλλά
814 2719 912 2788 τὴν
945 2717 1051 2770 ἀπὸ
1086 2719 1186 2786 τῆς
1233 2717 1430 2779 κακίας
1482 2718 1576 2769 καὶ
1618 2717 1923 2789 ἐλευθέροις

353 2802 664 2872 γινομένην,
691 2801 837 2871 ἥπερ
863 2799 981 2852 ἐστὶ
1008 2789 1385 2869 χαλεπωτάτη,
1409 2798 1510 2852 κᾶν
1534 2799 1816 2870 ἐλεύθερός
1838 2818 1922 2865 τις

353 2885 430 2936 ὢν
481 2883 620 2953 αὐτῇ
661 2882 907 2953 δουλεύῃ.
957 2881 1024 2934 Τί
1061 2881 1170 2951 γάρ
1199 2882 1484 2934 ἀπώναντο
1507 2885 1554 2934 οί
1583 2882 1678 2936 τοῦ
1725 2883 1920 2954 Ἰωσὴφ

350 2965 570 3035 ἀδελφοὶ
597 2964 867 3035 ἐλεύθεροι
890 2964 1076 3026 ὅντεςς
1107 2964 1226 3034 οὐχὶ
1257 2963 1471 3017 πάντων
1499 2961 1639 3033 ἦσαν
1661 2965 1768 3019 τῶν
1794 2967 1916 3018 60'3-

351 3050 456 3102 λων
484 3047 882 3119 δουλικώτεροι,
923 3047 1018 3100 καὶ⁵
1058 3047 1194 3118 πρὸς
1216 3045 1308 3100 τὸν
1342 3046 1552 3116 πατέρα
1580 3048 1917 3119 ψευδόμενοι,

351 3132 445 3186 καί⁸
477 3131 614 3203 πρὸς
657 3131 782 3192 τοὺς
825 3129 1098 3200 ἐμπόρους
1143 3129 1212 3182 τά
1251 3129 1328 3200 μὴ
1361 3129 1488 3183 ὄντα
1519 3130 1786 3198 λέγοντες,
1825 3133 1920 3186 καὶ

351 3215 489 3285 πρὸς
528 3214 620 3266 τὸν
649 3213 912 3281 ἀδελφόν;
976 3211 1115 3264 Ἀλλ’
1146 3212 1247 3263 οὑκ
1277 3212 1306 3263 6
1343 3211 1624 3283 ἐλεύθερος
1656 3215 1918 3280 τοιοῦτος,

356 3296 492 3349 ἀλλά
525 3293 802 3364 πανταχοῦ
838 3294 933 3346 καὶ
976 3294 1034 3345 ἐν
1075 3295 1240 3346 πᾶσιν
1266 3292 1500 3364 ἀληθήςο
1535 3297 1628 3348 καὶ
1650 3296 1800 3350 οὐδὲν
1826 3298 1922 3349 αὑ-

349 3381 441 3432 τὸν
485 3377 854 3432 δουλώσασθαι
891 3375 1151 3446 ἠδυνήθη,
1183 3376 1244 3428 οὑ
1267 3375 1482 3447 δεσμὸς,
1517 3379 1578 3431 οὑ
1599 3379 1828 3444 δουλεία,
1858 3383 1918 3434 οὐ

351 3461 640 3530 δεσποίνης
670 3460 830 3530 ἔρως,
857 3459 919 3512 οὑ
951 3458 1013 3512 τὸ
1033 3460 1091 3511 ἐν
1119 3457 1374 3532 ἀλλοτρίᾳ
1395 3455 1559 3513 εἶναι·
1589 3462 1703 3515 ἀλλ’
1730 3463 1921 3533 ἔμενεν

352 3543 633 3613 ἐλεύθερος
660 3539 954 3612 πανταχοῦ.
984 3539 1152 3594 Τοῦτο
1181 3540 1290 3612 γὰρ
1334 3542 1569 3610 μάλιστά
1589 3545 1736 3598 ἐστιν
1770 3546 1920 3600 ἐλευ-

351 3627 529 3698 θερία,
555 3627 684 3679 ὃταν
712 3623 807 3677 καὶ
831 3627 890 3677 ἐν
917 3621 1130 3695 δουλείᾳ
1159 3622 1458 3696 διαλάμπῃ.

421 3778 484 3826 ε’.
501 3769 753 3824 Τοιοῦτον
770 3770 799 3823 6
823 3767 1267 3840 Χριστιανισμός·
1289 3768 1349 3821 ἐν
1376 3767 1584 3840 δουλείᾳ
1606 3768 1918 3841 ἐλευθερίαν

245 3846 250 3853 ’
350 3853 634 3926 χαρίζεται
657 3854 706 3906 δ.
735 3853 846 3905 Καὶ
888 3851 1139 3922 καθάπερ
1165 3851 1229 3905 τὸ
1275 3850 1434 3920 φύσει
1461 3853 1700 3924 ἄτρωτον
1734 3853 1914 3922 σῶμα,

349 3941 470 3989 τότε
499 3936 768 3990 δείκνυται
797 3931 1058 4006 ἄτρωτον,
1089 3934 1218 3987 ὅταν
1246 3933 1535 4003 δεξάμενον
1569 3935 1720 4003 βέλος
1749 3936 1916 4005 μηδὲν

351 4021 499 4092 πάθῃ
546 4019 751 4072 δεινόν·
791 4017 934 4071 οὕτω
975 4018 1068 4070 καὶ
1112 4016 1142 4068 6
1194 4017 1437 4088 ἀκριϐῶς
1483 4017 1764 4087 ἐλεύθερος
1794 4019 1914 4072 τότε

350 4103 624 4171 φαίνεται,
651 4103 780 4155 ὅταν
809 4101 903 4152 καὶ
926 4099 1191 4162 δεσπότας
1221 4097 1360 4168 ἔχων
1407 4099 1482 4169 μὴ
1509 4098 1772 4170 ὼυλωθῇ.
1816 4101 1916 4153 Διά

346 4185 510 4237 τοῦτο
552 4183 763 4238 κελεύει
793 4181 977 4236 δοῦλον
1005 4181 1208 4252 μένειν.
1237 4183 1299 4234 El
1327 4181 1370 4234 δ’
1395 4182 1456 4234 οὐ
1485 4181 1703 4234 δυνατὸν
1732 4181 1916 4236 δοῦλον

347 4271 476 4322 δντα
511 4263 652 4321 εῖναι
702 4267 1045 4337 Χριστιανὸν,
1099 4260 1211 4319 οἷον
1255 4264 1380 4336 χρὴ,
1437 4265 1640 4336 πολλὴν
1677 4265 1778 4336 τῆς
1825 4267 1915 4318 εὑ-

347 4352 563 4415 σεϐείας
604 4351 889 4406 ἀσθένειαν
935 4349 1330 4421 κατηγοροῦσιν
1377 4349 1669 4420 Ἕλληνεςο
1706 4349 1913 4418 ὥσπερ,

344 4439 412 4490 ἂν
438 4436 702 4507 μάθωσιν,
731 4437 812 4489 ὅτι
832 4436 931 4506 τὴν
953 4434 1236 4488 εὐσέϐειαν
1259 4433 1408 4486 οὐδὲν
1429 4432 1654 4502 βλάπτει
1679 4433 1910 4498 δουλεία,

342 4519 712 4591 θαυμάσονται
754 4519 816 4572 τὸ
867 4519 1150 4589 κήρυγμα.
1183 4519 1246 4570 Εἰ
1277 4517 1386 4588 γάρ
1416 4517 1641 4579 θάνατος
1671 4518 1816 4586 ἡμᾶς
1850 4517 1912 4569 ού

346 4603 566 4673 βλάπτει
599 4603 720 4655 οὑδὲ
769 4602 1030 4672 μάστιγες
1075 4600 1198 4654 οὑδέ
1239 4599 1435 4670 δεσμά,
1492 4598 1673 4666 πολλῴ
1710 4598 1912 4667 μᾶλλον

339 4686 570 4746 δουλεία,
612 4685 724 4756 πῦρ
764 4685 857 4736 καὶ
892 4685 1108 4754 σίδηρος
1141 4681 1236 4736 καὶ
1261 4681 1572 4752 τυραννίδες
1602 4681 1792 4750 μυρίαι
1817 4685 1912 4736 καὶ

342 4771 484 4822 νόσοι
505 4770 598 4823 καὶ
618 4769 798 4820 πενίαι
816 4768 910 4820 καὶ
928 4767 1111 4838 θηρία,
1136 4767 1232 4820 καὶ
1259 4765 1428 4834 μυρία
1443 4763 1646 4816 τούτων
1672 4763 1913 4833 χαλεπώο

341 4869 500 4922 τερα,
524 4853 623 4904 οὑκ
647 4850 886 4919 ἔϐλαψαν
909 4852 1035 4912 τοὺς
1063 4849 1308 4910 πιστοὺς,
1332 4847 1466 4900 ἀλλά
1493 4847 1586 4899 καὶ
1617 4847 1913 4901 δυνατωτέο

345 4953 471 5005 ρους
511 4933 791 5003 ἐποίησαν.
822 4934 930 4986 Καὶ
967 4933 1083 4996 πῶς
1113 4931 1328 4986 δουλεία
1357 4930 1558 5000 βλάψαι
1583 4930 1874 5000 δυνήσεται
1892 4974 1907 4996 ,

342 5018 541 5088 φησίνς
573 5017 685 5086 Οῦχ
711 5017 850 5084 αῦτη
881 5015 1155 5086 βλάπτειή
1181 5014 1415 5077 δουλεία,
1436 5013 1705 5082 ἀγαπητέ,
1731 5014 1846 5067 ἀλλ’
1875 5017 1908 5085 ἡ

342 5103 502 5168 φύσει
521 5099 735 5152 δουλεία
758 5101 792 5168 ἡ
819 5097 918 5164 τῆς
941 5099 1234 5170 ἁμαρτίας.
1264 5097 1379 5152 Κᾶν
1401 5096 1603 5165 ταύτην
1635 5096 1708 5166 μὴ
1725 5092 1789 5171 ᾖς
1815 5096 1911 5167 τὴν

340 5183 584 5238 δουλείαν
597 5181 803 5244 δοῦλος,
826 5180 1018 5252 θάρρει
1039 5181 1133 5234 καὶ
1151 5181 1442 5250 εὐφραίνου
1457 5197 1470 5210 ο
1491 5179 1666 5242 οὐδείς
1685 5196 1744 5232 σε
1761 5179 1911 5233 οὐδὲν

342 5265 599 5334 ἀδικῆσαι
641 5265 952 5334 δυνήσεται,
1009 5262 1304 5317 ἀδούλωτον
1335 5262 1524 5332 έχοντα
1556 5262 1618 5314 τὸ
1657 5258 1812 5332 ἦθοςο
1844 5263 1910 5316 ἂν

341 5350 397 5401 δέ
439 5347 644 5416 ταύτης
688 5345 755 5418 ᾖς
795 5345 1003 5408 δοῦλος,
1043 5345 1148 5399 κᾶν
1185 5347 1445 5414 μυριάκις
1498 5345 1780 5417 ἐλεύθερος
1819 5343 1906 5419 ᾗς,

341 5431 494 5484 οὑδέν
521 5430 709 5499 δφελός
739 5447 822 5483 σοι
846 5430 944 5498 τῆς
969 5425 1299 5497 ἐλευθερίας.
1322 5427 1387 5478 Τί
1415 5427 1523 5496 γάρ
1551 5427 1760 5495 ὄφελος,
1789 5429 1910 5482 εἰπέ

351 5531 464 5586 μοι,
505 5513 634 5567 ὃταν
677 5511 949 5583 ἀνθρώπῳ
995 5512 1094 5582 μὲν
1128 5511 1203 5580 μὴ
1241 5508 1518 5581 δουλεύῃς,
1567 5513 1677 5574 τοῖς
1715 5511 1771 5564 δέ
1805 5512 1908 5564 πά-

409 5736 436 5763 ι
468 5734 747 5798 Ἐλευθέρων
765 5735 968 5784 deeslin
983 5733 1126 5796 πρε..
1143 5740 1406 5796 possetque
1421 5734 1576 5782 illaso
1599 5746 1747 5783 sensu
1768 5733 1909 5782 omit-

354 5797 408 5844 ti.
487 5796 514 5836 1⁵
537 5796 796 5861 Logebalur
818 5798 1102 5862 χαρίζεσθαι,
1124 5804 1168 5848 et
1198 5810 1329 5856 mox,
1352 5797 1599 5858 εῦτρωτον.

1045 297 1101 350 S.
1136 297 1417 352 JO:\NNIS
1451 297 1933 355 CHRYSOSI’OMI
1971 299 2291 356 ARCHIEP.
2334 297 2884 355 CONSTANTINOP.

3515 304 3615 360 158

2045 407 2163 463 θεσι
2191 409 2414 462 σεαυτὸν
2457 407 2924 479 ὑποκατακλίνῃςς
2969 407 3034 462 οι
3075 408 3175 478 μὲν
3205 407 3316 478 γάρ
3343 407 3613 479 ἂνθρωποι

2045 491 2139 543 καὶ
2181 491 2472 560 φείσασθαι
2523 491 2842 544 ἐπίστανται
2877 490 3161 555 πολλάκις,
3209 493 3409 543 ἐκεῖνοι
3461 491 3517 544 δέ
3564 497 3610 546 οἰ

2043 569 2192 642 [166]
2235 573 2488 626 δεσπόται
2531 573 2788 626 οὐδέποτε
2835 573 3181 642 κορέννυνταί
3230 590 3324 626 σου
3369 573 3470 644 τῆς
3511 577 3620 628 ἀπο

2039 653 2252 717 ωλείας.
2286 655 2566 718 Δουλεύεις
2608 654 2914 726 ἀνθρώπῳ;
2957 655 3119 708 Ἀλλά
3161 655 3254 708 καὶ
3279 657 3310 708 6
3336 658 3611 727 Δεσπότης

2041 751 2121 786 σοι
2149 734 2391 789 δουλεύει
2410 777 2426 803 ,
2471 735 2840 806 διοικούμενός
2885 753 2968 790 σοι
3003 738 3074 790 τά
3102 738 3201 808 τῆς
3245 737 3474 808 τροφῆς,
3497 740 3612 791 ἐπι-

2041 815 2366 887 μελούμενός
2394 836 2488 870 σου
2523 819 2620 888 τῆς
2660 818 2870 886 ὑγιείας
2898 819 2991 872 καὶ
3023 819 3338 888 ἐνδυμάτων
3370 821 3466 874 καὶ
3485 822 3612 874 ὑπο-

2035 897 2313 968 δημάτων,
2365 901 2457 954 καὶ
2491 901 2600 955 τῶν
2632 899 2807 954 ἀλλων
2843 901 3100 956 ἁπάντων
3137 901 3462 973 φροντίζων.
3503 905 3610 957 Καὶ

2036 981 2131 1052 οὑχ
2155 982 2300 1036 οὕτω
2324 985 2387 1037 σὺ
2421 984 2685 1047 δέδοικας,
2718 983 2792 1055 μὴ
2821 985 3204 1057 προσκρούσῃς
3239 985 3318 1055 τῷ
3343 987 3607 1058 Δεσπότῃ,

2035 1061 2110 1125 ώς
2141 1065 2345 1127 ἐκεῖνος
2367 1065 2571 1118 δέδοικε
2595 1067 2670 1136 μή
2700 1066 2753 1118 τί
2777 1083 2860 1119 σοι
2887 1065 2995 1120 τῶν
3018 1066 3330 1133 ἀναγκαίων
3361 1067 3606 1139 ἐπιλίπῃ.

2048 1146 2188 1199 Ἀλλ’
2231 1147 2438 1210 ἐκεῖνος
2479 1149 2823 1212 κατάκειται,
2874 1149 2936 1202 σὺ
2975 1149 3033 1202 δέ
3079 1149 3340 1219 ἕστηκας.
3396 1151 3510 1202 Καὶ
3557 1151 3608 1204 τί

2033 1227 2218 1294 τοῦτο;
2262 1230 2382 1282 οὑδέ
2419 1231 2528 1300 γὰρ
2562 1231 2720 1284 τοῦτο
2760 1232 2891 1302 παρ’
2935 1230 3086 1301 αὑτῷ
3119 1232 3300 1300 μόνον,
3337 1231 3478 1284 άλλά
3514 1232 3607 1284 καὶ

2035 1310 2184 1380 παρὰ
2245 1312 2346 1365 σοί.
2405 1312 2672 1376 Πολλάκις
2737 1312 2868 1382 γοῦν
2916 1312 3012 1366 σοῦ
3055 1313 3456 1383 κατακειμένου
3516 1315 3608 1367 καὶ

2034 1391 2326 1457 ὑπνοῦντος
2367 1393 2566 1465 ἡδέως,
2615 1396 2819 1458 ἐκεῖνος
2851 1395 2947 1465 οὐχ
3003 1393 3201 1464 ἕστηκε
3255 1396 3439 1464 μόνον,
3472 1395 3605 1449 ἀλλά

2033 1476 2125 1527 καὶ
2183 1477 2384 1546 μυρίας
2438 1477 2696 1546 ὑπομένει
2753 1477 2874 1547 βίας
2927 1477 3020 1531 ἐπὶ
3067 1477 3170 1548 τῆς
3227 1478 3458 1547 ἀγορᾶς,
3513 1479 3604 1531 καὶ

2031 1557 2297 1628 ἀγρυπνεῖ
2321 1557 2415 1612 σοῦ
2441 1559 2839 1630 χαλεπώτερον.
2873 1559 2939 1613 Τί
2970 1560 3100 1628 γοῦν
3124 1578 3138 1626 ;
3166 1560 3410 1614 τοιοῦτον
3436 1562 3604 1614 ἔπαθε

2031 1640 2182 1709 παρὰ
2206 1641 2308 1710 τῆς
2339 1641 2623 1710 δεσποίνης
2649 1643 2678 1693 6
2704 1642 2927 1712 Ἰωσὴφ,
2953 1637 3066 1696 οἷον
3092 1642 3243 1712 παρὰ
3282 1644 3385 1712 τῆς
3417 1643 3600 1695 ἐπιθυο

2033 1725 2162 1792 μίας
2193 1726 2405 1794 ἐκείνη;
2439 1719 2604 1788 Οῦτος
2649 1724 2749 1794 μέν
2781 1725 2911 1794 γάρ,
2962 1723 2998 1778 ἀ
3030 1725 3284 1792 ἐπιτάξαι
3335 1727 3602 1796 ἠθέλησεν

2029 1806 2232 1874 ἐκείνη,
2252 1807 2350 1858 οὑκ
2375 1807 2648 1877 ἐποίησεν⁸
2667 1805 2848 1875 ἐκείνη
2867 1807 2942 1872 δὲ,
2967 1806 3004 1862 ἀ
3019 1807 3281 1874 ἐπέταξεν
3296 1809 3330 1878 ἠ
3347 1808 3604 1861 δέσποινα

2029 1888 2215 1956 αὐτῆς,
2249 1890 2282 1958 ή
2308 1889 2564 1956 ἀσέλγεια
2584 1888 2749 1956 λέγω,
2786 1888 2964 1942 πάντα
2985 1889 3187 1961 ἔπραξε
3209 1907 3223 1920 ·
3257 1891 3353 1943 καὶ
3385 1891 3450 1943 06
3474 1892 3606 1962 πρό-

2028 1988 2182 2041 τερον
2206 1972 2440 2040 ἀπέστη,
2462 1971 2566 2034 ἕως
2590 1971 2655 2024 ἂν
2676 1970 2845 2041 αὐτὴν
2870 1973 3225 2043 κατῄσχυνεν.
3250 1973 3411 2036 Ποῖος
3431 1975 3605 2027 ταῦτα

2027 2054 2302 2107 ἐπιτάττει
2331 2054 2631 2123 δεσπότης;
2674 2056 2822 2116 ποῖος
2852 2053 3114 2122 τύραννος
3143 2054 3322 2125 ώμός;
3364 2057 3603 2126 Δεήθητί

2029 2154 2120 2189 σου
2167 2136 2262 2189 τοῦ
2308 2137 2518 2200 δούλου,
2561 2136 2744 2207 φησὶν,
2781 2135 3054 2188 ἱκέτευσον
3090 2136 3180 2189 τὸν
3233 2138 3604 2207 αἰχμάλωτον,

2027 2218 2351 2273 κολάκευσον
2395 2219 2486 2272 τὸν
2530 2217 2918 2288 ἀργυρώνητον
2940 2234 2954 2248 ·
2986 2217 3089 2271 κᾶν
3111 2219 3405 2291 ἄαπτύσῃ.
3439 2220 3606 2273 πάλιν

2025 2300 2325 2370 ἐπίμεινον,
2370 2299 2473 2353 κάν
2524 2299 2785 2362 πολλάκις
2831 2299 2993 2370 είπῃς
3034 2301 3129 2352 καὶ
3157 2300 3233 2372 μὴ
3275 2302 3606 2371 ἀνάσχηται,

2026 2384 2357 2453 ἐπιτήρησον
2408 2382 2664 2453 ἐρημίαν,
2701 2381 2796 2434 καὶ
2827 2381 3009 2451 βίασαι
3034 2381 3130 2434 καὶ
3168 2383 3330 2451 γενοῦ
3360 2387 3604 2452 καταγέ-

2023 2466 2237 2527 λαστος.
2261 2466 2327 2518 Τί
2357 2466 2696 2535 ἀτιμότερον,
2721 2464 2776 2516 τί
2797 2465 2853 2518 δὲ
2877 2463 3082 2518 τούτων
3109 2466 3470 2538 αἰσχρότερον
3492 2470 3606 2522 τῶν

2026 2547 2322 2618 ρημάτων;
2379 2547 2477 2601 Ἂν
2521 2547 2578 2600 δέ
2628 2547 2792 2616 μηδὲν
2823 2546 2958 2616 μηδὲ
3008 2546 3182 2611 οὕτως
3234 2547 3463 2620 ἀνύσῃς,
3507 2553 3606 2604 καὶ

2024 2630 2424 2700 συκοφάντησον
2455 2629 2550 2682 καὶ
2592 2629 2876 2700 ἀπάτησον
2913 2628 3006 2681 τὸν
3036 2629 3415 2684 συνοικοῦντα.
3454 2632 3602 2702 Ὅρα

2023 2711 2140 2774 πῶς
2186 2710 2533 2781 ἀνελεύθερα,
2576 2709 2694 2773 πῶς
2725 2709 2926 2780 αἰσχρά
2954 2709 3024 2763 τά
3053 2711 3429 2781 ἐπιτάγματα,
3481 2715 3602 2776 πῶς

2022 2795 2202 2864 ἀπηνῆ
2225 2795 2318 2847 καὶ
2349 2794 2476 2864 ώμά
2515 2793 2608 2846 καὶ
2641 2793 2862 2863 μανικά.
2895 2791 2958 2844 Τί
3000 2793 3240 2846 τοιοῦτον
3265 2795 3545 2848 ἐπιτάττει
3573 2800 3602 2850 6

2020 2875 2304 2948 δεσπότης,
2333 2871 2422 2929 οἷα
2453 2873 2713 2939 ἐπέταξεν
2743 2875 2777 2943 ἡ
2803 2874 3064 2942 ἀσέλγεια
3089 2878 3154 2945 τῇ
3180 2875 3472 2950 βασιλίσσῃ
3498 2896 3602 2946 γυ-

2021 2961 2164 3011 ναικὶ
2189 2962 2308 3012 τότε
2335 2959 2515 3029 ἐκείνῃ
2537 2975 2551 3023 ;
2580 2957 2696 3012 ἀλλ’
2716 2959 2864 3028 ὅμως
2892 2957 2992 3010 οὑκ
3013 2958 3282 3029 ἐτόλμησε
3313 2964 3600 3032 παρακοῦ-

2022 3059 2132 3096 σαι.
2177 3041 2234 3095 ’0
2256 3041 2311 3095 δὲ
2354 3042 2549 3112 Ἰωσὴφ
2578 3041 2729 3093 οὐδὲν
2752 3038 2992 3093 τοιοῦτον
3019 3040 3333 3110 ὑπέμεινεν,
3362 3043 3500 3096 ἀλλά
3529 3046 3602 3096 τά

2020 3123 2233 3176 ἐναντία
2267 3124 2463 3187 πάντα,
2495 3122 2530 3176 ἃ
2559 3123 2717 3187 δόξαν
2745 3122 3032 3193 ἐφερεσκαὶ
3052 3123 3241 3192 τιμήν.
3269 3123 3457 3178 Βούλει
3501 3128 3602 3180 καὶ

2019 3205 2103 3256 ἓτε
2111 3222 2202 3276 ρον
2225 3206 2390 3276 ἀνδρα
2420 3205 2548 3258 ἰδεῖν
2569 3205 2674 3257 ὑπὸ
2695 3204 2984 3275 δεσποίνης
3005 3204 3247 3276 χαλεπῆς
3273 3207 3446 3261 πολλά
3476 3210 3601 3262 ἐπι-

2019 3285 2275 3354 ταγέντα,
2299 3287 2394 3340 καὶ
2427 3287 2578 3339 οὐδὲν
2607 3287 2953 3357 τολμήσαντα
2983 3287 3362 3357 παρακοῦσαις

2101 3377 2380 3449 Ἐννόησον
2405 3377 2495 3430 τὸν
2553 3377 2714 3444 xm,
2747 3379 2848 3430 ὅσα
2885 3378 2989 3430 ὑπὸ
3041 3378 3141 3447 τῆς
3172 3379 3468 3448 βασκανίας
3498 3383 3600 3436 ἐπε

2020 3462 2211 3530 ετάγη.
2273 3461 2567 3527 Ἑπέταξεν
2602 3463 2785 3532 ἐκείνη
2823 3462 3022 3530 σφάξαι
3053 3463 3144 3514 τὸν
3179 3463 3429 3530 ἀδελφὺν,
3462 3466 3598 3535 ψεύο

2020 3542 2319 3596 σασθαιτόν
2340 3543 2492 3606 Θεὸν,
2515 3543 2755 3613 λυπῆσαι
2772 3543 2864 3597 τὸν
2880 3541 3114 3615 πατέρα,
3139 3545 3595 3617 ἀναισχυντῆσαι,

2018 3628 2111 3679 καὶ
2145 3627 2323 3680 πάντα
2365 3625 2611 3696 ἐποίησε,
2663 3627 2756 3678 καὶ
2801 3625 2954 3678 οὑδέν
3004 3627 3343 3696 παρήκουσε.
3391 3631 3501 3682 Καὶ
3539 3632 3598 3681 τί

2018 3708 2338 3779 θαυμάζεις,
2369 3710 2417 3761 εἰ
2443 3709 2527 3777 ἐφ’
2579 3709 2696 3772 ἐνὸς
2731 3707 3000 3776 τοσαύτην
3036 3708 3152 3778 ἔχει
3188 3710 3341 3780 ἰσχὺν
3387 3712 3526 3782 αῦτη
3557 3716 3596 3782 ἡ

2017 3793 2301 3856 δέσποινα;
2369 3791 2726 3862 Ὀλοκλήρους
2759 3790 3020 3854 πολλάκις
3061 3790 3267 3861 δήμους
3316 3793 3592 3850 ἀπώλεσε.

2018 3877 2154 3938 Τοὺς
2194 3874 2326 3942 γοῦν
2380 3875 2667 3936 Ἰουδαίους
2701 3875 2756 3927 αί
2790 3876 3047 3942 γυναῖκες
3090 3873 3199 3926 τῶν
3238 3875 3595 3946 Μαδιηναίων

2016 3958 2328 4028 δεδεμένους
2345 3957 2529 4028 σχεδὸν
2551 3955 2928 4027 αἰχμαλώτους
2945 3955 3155 4013 ἔλαϐον.
3177 3960 3244 4028 τῇ
3265 3959 3365 4029 τῆς
3382 3960 3595 4025 οἰκείας

2018 4041 2319 4111 εὐμορφίας
2353 4039 2617 4111 ἐπιθυμίᾳ
2653 4038 2878 4103 τούτους
2906 4039 3313 4110 χειρωσάμεναι
3353 4042 3589 4107 πάντας.

2017 4123 2232 4194 Ταύτην
2283 4122 2462 4176 τοίνυν
2513 4122 2612 4192 τὴν
2663 4121 2908 4174 δουλείαν
2961 4121 3241 4175 ἐκϐάλλων
3277 4123 3307 4175 6
3355 4124 3590 4188 Παῦλος,

2017 4207 2198 4274 ἔλεγε⁹
2247 4205 2342 4271 Μὴ
2375 4205 2614 4275 γίνεσθε
2663 4203 2871 4258 δοῦλοι
2919 4202 3248 4272 ἀνθρώπων
3271 4221 3286 4236 '
3317 4207 3590 4269 τουτέστι,

2017 4288 2108 4358 Μὴ
2154 4287 2402 4341 πείθεσθε
2443 4285 2752 4357 ἀνθρώποις
2795 4285 2974 4339 ἄτοπα
3019 4288 3418 4352 ἐπιτάττουσιν,
3448 4291 3589 4343 ἀλλά

2019 4371 2154 4439 μηδέ
2201 4371 2434 4431 ἑαυτοῖς.
2480 4363 2612 4421 Εἶτα
2658 4367 2966 4436 ἀνενεγκὼν
3025 4368 3125 4439 τὴν
3178 4369 3437 4432 διάνοιαν,
3495 4376 3593 4426 καὶ

2015 4454 2248 4524 ποιήσας
2295 4451 2524 4524 ὑψηλὴν,
2588 4452 2758 4522 φησί’
2809 4451 2950 4522 Περί
2998 4450 3068 4504 δὲ
3113 4451 3235 4504 τῶν
3279 4453 3594 4521 παρθένων

2012 4535 2306 4605 ἐπιταγὴν
2349 4535 2570 4602 Κυρίου
2615 4537 2728 4589 οὐκ
2774 4533 2926 4603 ἔχω·
2965 4533 3206 4605 γνώμην
3237 4533 3309 4588 δὲ
3358 4536 3588 4605 δίδωμι,

2013 4621 2090 4686 ὠς
2145 4619 2481 4691 ἠλεημένος
2526 4618 2648 4673 ὑπὸ
2696 4618 2918 4686 Κυρίου
2966 4617 3186 4683 πιστὸς
3233 4618 3408 4675 εῖναι.
3452 4621 3589 4691 Ὀδῷ

2014 4705 2109 4756 καὶ
2142 4703 2291 4768 τάξει
2322 4689 2629 4772 προϐαίνων
2661 4701 2752 4753 καὶ
2781 4700 2878 4770 τῆς
2928 4699 3224 4771 παρθενίας
3255 4689 3587 4773 μνημονεύει

2012 4786 2218 4840 λοιπόν.
2278 4783 2495 4854 Ἐπειδὴ
2523 4783 2631 4854 γὰρ
2674 4785 2786 4845 τοῖς
2828 4784 2956 4852 περὶ
3019 4784 3346 4853 ἐγκρατείας
3391 4787 3587 4847 αὐτοὺς

2013 4869 2346 4938 ἐνεγύμνασέ
2393 4883 2453 4920 τε
2495 4867 2589 4919 καὶ
2622 4864 2920 4936 ἐρῤύθμισε
2970 4865 3169 4933 λόγοις,
3214 4866 3462 4921 ἐκϐαίνει
3492 4869 3586 4921 καὶ

2013 4951 2146 5020 πρὸς
2175 4951 2235 5003 τὸ
2268 4949 2471 5020 μεῖζον,
2519 4947 2844 5016 Ἐπιταγνὴν
2883 4948 2995 5000 οὐκ
3037 4947 3175 5016 ἔχω,
3212 4948 3410 5016 λέγων,
3449 4951 3582 5005 ἀλλά

2011 5035 2214 5105 νομίζω
2246 5035 2410 5088 καλὸν
2450 5030 2610 5086 εἶναι.
2636 5033 2735 5085 Διά
2775 5031 2866 5104 ’τίς
2906 5030 3007 5084 Διά
3033 5033 3136 5099 τὴν
3176 5032 3348 5104 αὐτὴν
3376 5036 3576 5101 αἰτίαν,

2011 5119 2078 5189 ἣν
2108 5118 2238 5189 περὶ
2268 5120 2368 5186 τῆς
2400 5115 2728 5187 ἐγκρατείας
2755 5113 2991 5168 τέθεικε.
3030 5113 3276 5169 Δέδεσαι
3311 5121 3551 5186 γυναικί
3561 5137 3581 5182 ;

2005 5202 2091 5273 μὴ
2118 5201 2271 5268 ζήτει
2292 5203 2496 5256 λύσιν.
2527 5199 2794 5255 Λέλυσαι
2824 5198 2945 5252 ἀπὸ
2969 5201 3286 5267 γυναικόςς
3308 5201 3399 5268 μὴ
3429 5202 3579 5270 ζήτει

2011 5285 2284 5356 γυναῖκα.
2319 5283 2505 5336 Ταῦτα
2547 5285 2649 5336 οὐκ
2691 5282 3104 5352 ἐναντιουμένου
3147 5283 3263 5334 ἐστὶ
3293 5286 3410 5347 τοῖς
3446 5305 3579 5356 προ.

2007 5370 2210 5442 τέροις,
2240 5367 2374 5422 ἀλλά
2411 5369 2505 5421 καὶ
2533 5366 2737 5438 σφόδρα
2772 5364 3108 5436 συνᾴδοντος.
3141 5363 3291 5436 [167]
3331 5367 3446 5420 Καὶ
3473 5371 3580 5437 γάρ

2008 5455 2103 5506 καὶ
2143 5453 2257 5504 ἐκεῖ
2297 5467 2482 5521 φησιν·
2518 5452 2587 5503 Εἰ
2623 5449 2708 5518 μή
2739 5465 2794 5502 τι
2833 5447 2910 5500 ἂν
2951 5447 3022 5501 ἐκ
3066 5461 3436 5514 συμφωνουο
3489 5454 3579 5504 καὶ

2008 5534 2244 5588 ἐνταῦθα
2281 5534 2466 5597 πάλιν,
2494 5531 2741 5586 Δέδεσαι
2770 5530 3012 5600 γυναικί
3030 5545 3050 5593 ;
3082 5527 3166 5597 μὴ
3185 5525 3345 5593 ζήτει
3371 5533 3572 5587 λύσιν.

2009 5617 2179 5671 Τοῦτο
2214 5617 2270 5670 δέ
2294 5617 2394 5670 οὐκ
2437 5616 2584 5670 ἐστιν
2621 5615 2862 5668 ἐναντίον
2882 5630 2895 5645 ·
2924 5613 2986 5666 τὺ
3011 5611 3120 5681 γὰρ
3154 5611 3306 5680 παρά
3327 5614 3572 5684 γνώμην,

1996 5701 2160 5762 ’λύσις
2203 5699 2382 5758 ἐστίν’
2427 5699 2562 5768 εἰ.δέ
2594 5697 2734 5750 κατά
2772 5696 2998 5768 γνώμην
3044 5693 3347 5764 ἀμφότεροι
3379 5697 3571 5768 ἐγιιρα⁴

2011 5784 2270 5849 τεύοιντο,
2310 5784 2408 5836 οὑκ
2445 5783 2558 5836 ἐστι
2584 5781 2757 5846 λύσις.
