3838 6214
131 313 225 369 ‘57

128 422 330 497 quando
359 436 468 477 non
493 419 560 476 ad
589 418 800 475 oculum
829 415 1073 489 servierit
1101 433 1112 467 :
1143 415 1245 468 hoc
1272 424 1355 468 est
1394 408 1696 465 hominibus

128 515 325 570 servire
347 556 362 577 ,
396 521 451 567 et
491 524 612 566 esse
648 510 894 564 liberum.
927 506 991 561 Et
1027 504 1295 575 quomodo
1323 516 1535 557 rursum
1564 498 1701 554 liber

127 621 243 661 cum
267 604 339 659 sit
365 603 649 673 quispiam,
679 614 869 654 servus
890 597 1161 671 efﬁcitur?
1191 595 1415 664 Quando
1440 591 1575 663 apud
1605 590 1704 644 ho-

128 697 295 750 mines
324 693 524 749 malum
555 692 667 745 obit
693 690 1048 744 ministerium
1067 729 1083 753 ,
1117 696 1209 740 aut
1244 695 1463 756 prapter
1485 683 1661 754 gulam
1683 722 1699 748 ,

126 795 211 841 aut
242 792 461 855 propter
484 780 828 852 pecuniarum
857 778 1222 848 cupiditatem,
1254 786 1345 830 aut
1370 784 1587 845 propter
1610 787 1702 842 po-

127 880 363 933 tentiam.
388 876 518 931 Nam
544 874 631 945 qui
661 873 777 927 talis
803 881 908 937 est,
937 871 1036 925 etsi
1068 870 1221 932 liber,
1256 869 1425 923 servis
1455 867 1706 921 omnibus

125 971 409 1026 demissior
432 977 533 1023 est.
566 967 692 1021 llam
716 966 873 1021 ambo
900 963 1180 1020 considera
1213 982 1225 1017 :
1254 977 1444 1017 servus
1469 970 1582 1015 erat
1609 959 1704 1014 Jo-

125 1063 278 1133 seph,
300 1061 394 1117 sed
425 1076 531 1115 non
560 1058 834 1113 hominum
860 1071 1048 1112 servus
1078 1074 1093 1109 :
1121 1054 1347 1123 ideoque
1372 1054 1424 1108 in
1451 1053 1708 1107 servitute

126 1156 417 1210 liberorum
444 1153 683 1208 omnium
717 1150 1019 1205 liberrimus
1042 1157 1178 1204 erat.
1210 1148 1365 1203 Herae
1393 1148 1570 1217 itaque
1599 1162 1707 1201 non

124 1246 309 1308 cessit,
338 1244 406 1298 ad
433 1243 735 1313 cupidinem
767 1257 914 1296 suam
944 1241 1200 1296 famulum
1227 1239 1541 1308 impellenti.
1569 1238 1709 1292 Rur-

125 1352 241 1390 sum
274 1336 362 1389 illa
392 1335 559 1390 libera
593 1344 745 1399 erat,
786 1334 880 1389 sed
920 1335 1092 1389 servis
1120 1332 1369 1387 omnibus
1404 1332 1705 1398 demissior,

124 1442 246 1496 quze
293 1428 490 1480 famqu
536 1426 847 1481 adulabatur
890 1427 1169 1497 ipsumque
1212 1424 1570 1495 provocabat;
1614 1423 1709 1478 sed

123 1518 295 1572 libero
334 1533 441 1572 non
482 1519 745 1588 persuasit
772 1526 827 1572 ut
866 1517 915 1572 id
952 1516 1150 1572 faceret
1184 1516 1329 1586 quod
1365 1516 1551 1570 nollet.
1593 1514 1707 1569 Non

124 1625 254 1679 ergo
294 1611 527 1666 servitus
566 1611 653 1663 illa
688 1619 837 1673 erat,
868 1609 963 1664 sed
999 1624 1248 1678 suprema
1291 1609 1511 1665 libertas
1542 1624 1557 1662 :
1586 1608 1710 1677 quid

123 1706 268 1757 enim
296 1703 376 1757 illi
406 1704 471 1757 ad
500 1704 748 1757 virtutem
778 1702 1160 1771 impedimento
1190 1701 1289 1755 fuit
1318 1700 1583 1756 servitus?
1605 1701 1712 1753 Au-

123 1797 279 1849 diant
316 1797 456 1851 servi
483 1805 538 1849 et
577 1794 729 1849 liberi
760 1810 775 1847 :
801 1794 920 1862 quis
951 1793 1204 1859 servivit,
1235 1793 1324 1861 qui
1360 1802 1578 1862 rogatus
1606 1798 1709 1855 εει,

122 1902 192 1939 an
223 1902 345 1957 qua:
376 1886 624 1957 rogavit?
648 1902 767 1956 qua:
796 1886 1148 1954 supplicavit,
1178 1901 1244 1939 an
1276 1885 1364 1954 qui
1407 1885 1712 1954 supplican-

124 1986 235 2032 tem
258 1978 537 2047 despexit?
556 1976 690 2032 Sunt
711 1977 852 2031 enim
876 1977 1088 2031 termini
1117 1977 1287 2031 servis
1315 1993 1345 2030 a
1377 1977 1486 2032 Deo
1512 1962 1709 2045 positi:

122 2081 179 2124 et
208 2086 488 2142 quousque
514 2085 607 2126 eos
645 2069 858 2125 modum
889 2085 1105 2125 servare
1133 2079 1415 2139 oporteat,
1456 2078 1712 2123 statutum

122 2171 211 2214 est
241 2162 294 2214 in
326 2161 553 2230 legibus,
580 2174 715 2230 quas
744 2160 1086 2230 pra'tergredi
1111 2176 1216 2215 non
1249 2161 1390 2215 licet.
1416 2159 1548 2216 Cum
1569 2160 1712 2215 enim

123 2250 297 2306 herus
324 2252 455 2306 nihil
487 2253 726 2323 praecipit
750 2252 891 2323 quod
927 2253 1035 2307 Deo
1058 2253 1370 2322 displiceat,
1405 2262 1531 2307 tunc
1554 2253 1713 2308 obse-

121 2344 219 2413 qui
251 2352 308 2398 et
336 2359 528 2413 parere
565 2342 644 2398 illi
682 2353 933 2414 Oportet;
969 2345 1192 2400 ulterius
1226 2355 1404 2400 autem
1448 2346 1667 2400 minime
1697 2362 1711 2397 :

120 2436 206 2488 sic
249 2434 391 2489 enim
438 2451 622 2493 servus
668 2435 802 2490 liber
844 2435 1088 2491 efﬁcitur.
1130 2437 1187 2492 Si
1239 2438 1372 2492 ultra
1419 2437 1711 2506 procedas,

121 2526 339 2583 etiamsi
368 2525 503 2581 liber
545 2526 644 2591 sis,
674 2539 862 2579 servus
887 2525 1105 2580 effectus
1133 2541 1212 2581 es.
1245 2527 1357 2581 Hoc
1384 2527 1561 2597 itaque
1587 2528 1717 2583 sub-

123 2620 335 2675 indicat
358 2633 480 2673 cum
510 2618 639 2672 dicit
670 2638 684 2671 :
719 2615 894 2670 Nolite
919 2617 1033 2685 ﬁeri
1061 2618 1190 2671 servi
1229 2618 1511 2672 hominum.
1540 2617 1594 2673 Si
1625 2634 1719 2672 au-

122 2720 235 2764 tem
269 2725 376 2764 non
408 2709 477 2761 ita
508 2708 609 2773 sit,
635 2714 688 2760 et
714 2707 757 2761 si
786 2705 948 2776 jussit
972 2706 1132 2762 heros
1164 2708 1500 2778 relinquere,
1534 2716 1588 2763 et
1620 2723 1718 2778 pro

120 2799 466 2871 assequeuda
500 2799 743 2853 libertate
781 2798 1129 2865 contendere,
1158 2799 1426 2868 quomodo
1465 2800 1715 2855 hortaba-

122 2902 214 2945 tur
242 2891 431 2945 diccns
454 2907 467 2943 :
497 2887 848 2959 Unusquisque
874 2889 926 2943 in
955 2890 1049 2943 hoc
1069 2899 1293 2957 maneat,
1315 2891 1368 2943 in
1390 2906 1489 2960 quo
1516 2900 1720 2944 uocatus

121 2994 197 3035 est
221 2983 249 3035 .’
279 2990 336 3036 et
363 2980 486 3034 alibi
521 2997 535 3033 :
571 2979 880 3050 Quicumque
913 2989 1027 3034 sunt
1052 2979 1143 3034 sub
1163 2982 1293 3052 jugo
1320 2982 1469 3046 servi,
1493 2982 1722 3035 dominos

120 3090 253 3127 suos
288 3073 426 3127 omni
448 3072 839 3143 honore'dignos
859 3084 1113 3141 censeant,
1138 3083 1186 3127 et
1214 3091 1314 3128 non
1336 3074 1613 3143 despiciant
1637 3076 1723 3145 qui

121 3166 315 3233 ﬁdeles
340 3166 519 3217 habent
550 3165 800 3228 dominos,
832 3147 948 3235 quia
974 3166 1156 3235 fratres
1184 3177 1299 3221 sunt
1323 3168 1408 3235 qui
1432 3167 1724 3235 bene/icium

121 3266 509 3325 consequuntur
532 3258 607 3329 (l.
638 3256 776 3311 Tim.
800 3258 855 3313 6.
884 3259 934 3313 1.
958 3258 1051 3328 2)?
1079 3260 1144 3313 Et
1170 3259 1418 3329 Ephesiis
1441 3269 1600 3330 atque
1625 3260 1726 3315 Co-

124 3350 475 3405 lossensibus
513 3350 755 3405 scribens
798 3350 983 3405 eadem
1029 3352 1139 3420 ipsa
1187 3353 1427 3421 prrccipit
1455 3363 1509 3407 et
1542 3353 1727 3406 statuit

126 3442 360 3511 (Ephes.
394 3442 447 3495 6.
475 3442 529 3496 5.
558 3458 729 3511 δειμιά
760 3442 870 3497 Col.
901 3443 952 3497 5.
981 3441 1097 3509 22).
1124 3442 1278 3499 Unde
1307 3443 1478 3513 palam
1513 3452 1595 3498 est
1614 3483 1629 3509 ,
1660 3444 1726 3497 il-

125 3535 246 3588 lum
297 3534 436 3587 hanc
475 3534 783 3588 servitutem
830 3549 935 3587 non
972 3534 1186 3600 tollere,
1215 3534 1308 3590 sed
1336 3550 1453 3588 eam
1481 3549 1601 3605 quae
1632 3550 1727 3603 per

130 3625 266 3678 vilia
291 3625 453 3679 etiam
486 3623 680 3678 liberos
709 3624 930 3687 invadit,
959 3640 1078 3692 quae
1099 3633 1180 3679 est
1203 3625 1539 3694 gravissima,
1567 3624 1727 3679 etiam

121 3717 174 3771 si
211 3716 341 3785 quis
368 3715 501 3769 liber
528 3714 625 3783 ipsi
650 3715 864 3769 serviat.
891 3714 1025 3782 Quid
1050 3717 1191 3771 enim
1222 3716 1406 3769 lurrali
1432 3725 1555 3769 sunt
1578 3715 1731 3770 Jose-

124 3807 231 3873 phi
267 3807 488 3869 fratres,
522 3805 673 3859 liberi
702 3820 821 3860 cum
853 3807 1071 3871 essent?
1100 3822 1275 3861 annon
1304 3815 1455 3861 erant
1484 3808 1731 3861 omnibus

121 3898 321 3953 servis
359 3897 693 3963 serviliores,
727 3898 814 3966 qui
854 3872 1009 3967 apud‘
1032 3906 1234 3967 patrem
1264 3900 1647 3966 mentirentur,
1676 3908 1731 3954 et

122 3988 539 4044 mercatoribus
565 3988 696 4044 falsa
716 3999 1018 4051 narrarent,
1047 3999 1103 4043 ut
1127 3990 1286 4045 etiam
1319 3990 1504 4045 fratri?
1531 3992 1601 4045 At
1624 4006 1731 4045 non

122 4084 266 4135 talis
295 4091 414 4135 erat
444 4080 577 4135 liber
603 4081 711 4144 ille,
740 4080 834 4135 sed
867 4082 1062 4151 ubique
1085 4091 1140 4137 et
1168 4082 1219 4136 iu
1251 4084 1500 4138 omnibus
1527 4098 1686 4139 verax
1715 4100 1729 4138 :

123 4175 391 4242 nihilque
412 4173 560 4226 illum
589 4173 641 4226 in
671 4174 979 4228 servitutem
1008 4174 1249 4244 redigere
1270 4176 1462 4245 potuit,
1490 4190 1594 4230 non
1619 4177 1736 4230 vin-

120 4264 291 4329 enla,
327 4278 436 4316 non
466 4263 577 4332 ipsa
607 4263 854 4325 servitus,
889 4279 993 4318 non
1016 4264 1161 4318 bene
1188 4278 1357 4330 amor,
1388 4280 1493 4321 non
1516 4266 1657 4336 quod
1681 4267 1736 4321 in

120 4357 324 4408 aliena
350 4362 488 4408 terra
519 4363 697 4409 esset:
721 4355 815 4409 sed
839 4354 1033 4425 ubique
1056 4355 1188 4409 liber
1213 4357 1425 4410 mansit.
1456 4357 1569 4412 lloc
1592 4358 1734 4413 enim

121 4448 390 4503 maxime
434 4445 654 4501 libertas
687 4455 805 4514 est,
834 4448 1048 4517 quando
1074 4462 1137 4504 ea
1166 4451 1217 4502 lu
1246 4449 1502 4504 SCI'VilULC
1526 4466 1739 4522 quoque

122 4542 347 4610 fulget.

209 4633 282 4688 5.
316 4630 465 4685 Talis
493 4644 579 4685 res
605 4638 688 4685 est
712 4628 1150 4686 Christianismus
1178 4648 1192 4686 :
1220 4632 1272 4687 in
1296 4633 1554 4689 servitute
1582 4635 1744 4691 liber-

122 4734 321 4778 tatem
353 4722 625 4792 elargitur.
652 4721 731 4776 Ac
763 4721 905 4775 sicut
932 4736 1129 4790 corpus
1162 4761 1179 4785 ,
1224 4728 1369 4797 quod
1421 4740 1487 4779 ex
1542 4732 1736 4780 natura

131 4818 226 4870 sit
269 4812 624 4877 vulnerabile,
672 4821 798 4865 tunc
839 4813 1227 4867 invulnerabile
1256 4814 1586 4880 ostenditur,
1620 4830 1740 4870 cum

112 4911 383 4967 c\cvpltt
408 4901 513 4953 telo
540 4901 842 4971 nihilgrave
870 4893 1071 4972 patitur
1101 4905 1211 4959 :sic
1232 4905 1321 4974 qui
1340 4921 1464 4961 vere
1493 4907 1740 4975 liberest,

118 5002 282 5044 tunc
318 4991 441 5043 talis
471 5000 725 5060 apparet,
756 4994 970 5062 quando
997 4996 1155 5049 etiam
1186 5011 1305 5050 cum
1347 4996 1506 5054 heros
1544 4999 1740 5066 habet,

112 5096 251 5135 non
291 5082 349 5131 in
379 5082 688 5136 servitutem
734 5084 1012 5153 redigitur.
1057 5086 1181 5140 Ideo
1206 5088 1358 5157 jubet
1386 5104 1596 5145 servum
1628 5107 1745 5147 ma-

111 5187 306 5228 nere.
340 5171 395 5227 Si
422 5184 598 5228 autem
628 5175 739 5229 ﬁeri
766 5192 869 5231 non
900 5187 1078 5246 potest
1098 5188 1174 5243 ut,
1204 5196 1324 5236 cum
1350 5184 1419 5237 sit
1444 5198 1649 5250 servus,
1676 5187 1747 5240 sit

1143 300 1205 356 IN
1245 297 1463 355 EPIST.
1505 294 1524 349 l
1590 294 1679 349 AD
1716 292 1874 349 COR.
1919 293 2144 352 llOMIL.
2187 297 2330 352 XIX.

3282 312 3390 368 153

1807 408 1888 460 his
1926 410 2167 476 graviora
2208 410 2392 469 ﬁdeles
2429 428 2533 468 non
2577 414 2867 484 laeserunt,
2912 420 3023 476 imo
3061 429 3390 489 potentiores

1807 499 2069 556 fecerunt.
2108 503 2176 557 Et
2204 507 2473 572 quomodo
2503 510 2732 563 servitus
2770 526 2963 567 nocere
3002 517 3233 581 poterit?
3272 518 3388 575 Non

1808 594 2209 662 ipsa.servitus
2264 608 2441 662 nocet,
2469 599 2681 667 dilecte,
2727 603 2820 658 sed
2874 608 3075 672 peccati
3126 613 3378 679 servitus,

1808 703 1927 757 qua:
1953 703 2080 743 vere
2104 688 2226 744 talis
2251 698 2353 744 est.
2401 690 2457 746 Si
2498 691 2635 749 hanc
2679 710 2784 749 non
2823 698 3017 753 subeas
3054 702 3387 771 servitutem,

1808 778 2020 834 conﬁde
2054 788 2107 834 et
2146 780 2368 845 laetare;
2410 782 2586 838 nullus
2618 785 2708 841 tibi
2740 801 2933 842 nocere
2964 791 3190 858 poterit,
3221 795 3393 863 utqui

1811 884 1989 923 mores
2014 870 2211 927 habeas
2234 872 2301 927 ab
2322 875 2465 927 omni
2497 877 2760 932 servitute
2786 878 2983 935 liberos
3008 899 3021 933 :
3044 882 3089 935 si
3114 898 3245 938 vero
3270 900 3394 952 pec-

1810 961 1913 1014 cati
1938 975 2125 1016 servus
2150 962 2258 1027 sis,
2290 964 2449 1041 etiam
2478 966 2521 1019 si
2548 967 2739 1021 millies
2766 969 2904 1024 liber
2930 971 3110 1039 fueris,
3139 974 3269 1027 nihil
3297 976 3392 1029 tibi

1812 1050 2031 1106 libertas
2075 1053 2163 1109 illa
2208 1054 2443 1123 prodest.
2487 1056 2617 1122 Qua:
2659 1060 2802 1115 enim
2834 1061 3065 1131 utilitas,
3099 1081 3317 1133 quaeso,
3348 1068 3393 1121 si

1813 1141 2017 1197 homini
2045 1143 2256 1213 quidem
2286 1161 2391 1200 non
2417 1148 2638 1211 servias,
2663 1150 2757 1206 sed
2784 1153 2947 1206 animi
2979 1155 3178 1209 morbis
3200 1166 3250 1210 te
3275 1157 3396 1212 sub-

1810 1231 2004 1300 jicias?
2026 1233 2278 1291 llomines
2304 1237 2499 1307 quippe
2524 1254 2666 1308 saepe
2695 1257 2912 1310 parcere
2938 1246 3133 1310 sciunt,
3164 1246 3239 1301 illi
3268 1263 3395 1303 vero

1809 1323 2013 1378 domini
2040 1341 2329 1397 numquam
2356 1339 2441 1384 tua
2470 1332 2703 1398 pernicle
2730 1334 3009 1389 satiantur.
3034 1336 3245 1391 Homini
3277 1352 3394 1393 ser-

1816 1416 1937 1468 vis?
1965 1416 2069 1471 Sed
2102 1417 2264 1472 berus
2289 1435 2502 1489 quoque
2524 1423 2617 1476 tibi
2644 1425 2827 1490 servit,
2849 1426 2940 1494 qui
2963 1427 3273 1482 alimentum
3302 1429 3395 1484 tibi

1806 1507 2103 1575 ministrat,
2138 1511 2492 1566 valetudinem
2525 1521 2665 1567 tuam
2693 1524 2868 1579 curat,
2889 1527 3085 1585 vestes,
3112 1520 3321 1574 calceos
3343 1530 3399 1574 et

1816 1599 1916 1653 alia
1945 1600 2123 1657 omnia
2163 1603 2485 1670 suppeditat.
2514 1604 2696 1674 Neque
2727 1607 2798 1662 ita
2826 1618 2881 1662 tu
2913 1609 3087 1676 times,
3118 1621 3173 1665 ut
3202 1627 3268 1667 ne
3293 1613 3393 1665 do-

1817 1692 2018 1745 minmn
2045 1692 2303 1759 oﬁendas,
2333 1705 2390 1748 ut
2419 1696 2508 1750 ille
2532 1708 2705 1761 curat,
2737 1715 2803 1755 ue
2827 1702 2951 1771 quid
2983 1703 3075 1757 tibi
3106 1719 3171 1758 ex
3203 1720 3395 1760 neces-

1816 1782 1975 1836 sariis
2016 1783 2173 1838 desit.
2215 1786 2285 1838 At
2325 1786 2415 1840 ille
2448 1790 2746 1853 accumbit,
2777 1802 2829 1845 tu
2861 1808 2988 1849 vero
3014 1803 3145 1850 stas.
3179 1797 3240 1849 Et
3269 1798 3396 1867 quid

1819 1873 1959 1928 hoc?
1990 1889 2161 1944 neque
2187 1877 2329 1930 enim
2369 1877 2420 1930 id
2452 1879 2591 1946 apud
2631 1880 2779 1935 illum
2822 1892 3025 1939 tantum
3060 1887 3395 1954 observatur,

1818 1964 1913 2020 sed
1953 1967 2112 2044 etiam
2143 1967 2283 2036 apud
2325 1978 2396 2023 te.
2439 1970 2593 2038 Saepe
2624 1986 2853 2042 namque
2889 1984 2940 2029 te
2972 1977 3319 2033 recumbente
3346 1988 3401 2033 et

1819 2059 2056 2113 suaviter
2098 2058 2397 2115 dormiente
2420 2101 2435 2126 ,
2479 2061 2567 2115 ille
2600 2077 2707 2118 non
2747 2064 2909 2118 modo
2934 2073 3074 2129 stat,
3109 2067 3203 2121 sed
3228 2069 3398 2123 etiam

1821 2149 1965 2204 mille
2004 2150 2177 2220 pinnis
2214 2150 2443 2206 afﬁcitur
2482 2152 2534 2207 in
2575 2154 2688 2211 foro
2712 2195 2726 2219 ,
2762 2164 2818 2211 et
2852 2157 3129 2212 molestius
3155 2175 3313 2229 quam
3347 2170 3401 2215 tu

1820 2243 2026 2312 vigilat.
2058 2243 2193 2310 Quid
2232 2260 2359 2315 ergo
2383 2287 2396 2308 ,
2430 2254 2706 2304 tantumne
2747 2264 2936 2319 passus
2976 2262 3059 2305 est
3097 2252 3295 2321 Joseph
3335 2255 3403 2308 ab

1820 2332 1983 2397 hera,
2018 2343 2272 2401 quantum
2315 2335 2405 2389 illa
2446 2350 2474 2388 a
2513 2338 2938 2406 concupiscentia
2968 2341 3102 2395 sua?
3135 2343 3231 2396 llic
3257 2343 3401 2397 enim

1823 2439 1942 2493 quae
1970 2423 2058 2477 illa
2078 2423 2267 2493 jubere
2295 2427 2478 2491 voluit,
2504 2443 2609 2481 non
2637 2427 2762 2484 fecit
2785 2446 2799 2483 :
2824 2430 2914 2484 illa
2936 2447 3063 2487 vero
3083 2448 3201 2503 qua:
3225 2436 3402 2490 domi-

1825 2532 1889 2568 na
1935 2516 2051 2584 ejus
2096 2516 2261 2571 libido
2304 2518 2615 2588 imperavit,
2645 2521 2822 2575 omnia
2860 2521 3024 2588 fecit;
3058 2539 3229 2594 neque
3258 2527 3405 2595 prius

1824 2607 2047 2673 destitit,
2075 2607 2245 2663 donec
2270 2624 2389 2663 eam
2416 2610 2679 2666 dedecore
2706 2612 2903 2669 affecit.
2930 2614 3111 2681 Qualis
3138 2618 3299 2672 herus
3327 2626 3406 2671 ta-

1825 2699 1893 2752 lia
1920 2699 2185 2768 imperat?
2212 2702 2388 2769 qualis
2417 2703 2663 2758 immanis
2689 2708 2988 2775 tyrannus?
3014 2708 3180 2779 Roga,
3212 2711 3401 2780 inquit,

1825 2804 2038 2844 servum
2077 2798 2225 2845 tuum
2252 2833 2267 2858 ,
2304 2792 2527 2848 adulare
2579 2796 2843 2863 emptitio,
2871 2798 3107 2867 supplies
3147 2803 3358 2869 captivo
3388 2820 3402 2857 :

1826 2882 2037 2951 etiamsi
2060 2885 2341 2952 respuerit,
2374 2900 2559 2940 rursus
2585 2887 2721 2941 insta
2746 2904 2761 2953 ;
2793 2890 2999 2946 etiamsi
3027 2893 3224 2961 saepius
3252 2894 3407 2950 dixe-

1829 2975 1901 3028 ris
1927 2984 1980 3028 et
2010 2976 2096 3027 ille
2123 2990 2225 3029 non
2255 2991 2508 3031 assensus
2540 2962 2734 3045 fuerit,
2763 2981 2986 3036 observa
3025 2985 3367 3041 solitudinem
3387 3029 3405 3055 ,

1828 3075 1883 3119 et
1914 3067 2017 3119 vim
2049 3065 2207 3120 facito
2236 3076 2290 3122 et
2319 3076 2370 3122 te
2399 3070 2507 3123 risu
2536 3069 2748 3140 dignam
2782 3073 2979 3140 prtebe.
3010 3074 3147 3142 Quid
3177 3076 3408 3145 ignomi-

1831 3155 2064 3221 niosius,
2093 3156 2218 3225 quid
2262 3158 2466 3227 turpius
2498 3158 2646 3214 hisce
2685 3160 2901 3216 verbis?
2940 3162 2997 3218 Si
3038 3176 3215 3221 autem
3244 3182 3310 3221 ne
3338 3169 3410 3222 ita

1831 3248 2044 3318 quidem
2071 3248 2269 3316 aliquid
2300 3249 2607 3318 perfeceris,
2632 3252 2777 3307 illum
2800 3255 3123 3311 calumniare
3146 3271 3200 3312 et
3224 3260 3412 3329 decipe

1831 3340 2130 3408 eonjugem.
2161 3339 2293 3395 Vide
2319 3356 2477 3412 quam
2503 3342 2802 3409 illiberalia,
2825 3360 2981 3415 quam
3011 3349 3180 3416 turpia
3207 3365 3410 3418 praece-

1833 3440 1921 3499 pta
1947 3431 2084 3497 sint,
2115 3448 2273 3501 quam
2309 3433 2532 3492 immitia
2556 3474 2573 3501 ,
2604 3451 2761 3506 quam
2790 3452 2935 3492 saeva
2959 3480 2975 3505 ,
3007 3457 3166 3509 quam
3193 3444 3409 3501 furiosa.

1833 3522 1968 3588 Quid
1997 3532 2198 3576 tantum
2227 3528 2541 3594 prmceperit
2569 3526 2732 3583 herus
2754 3530 2946 3598 quivis,
2971 3544 3225 3601 quantum
3252 3536 3413 3593 lasci-

1833 3619 1917 3668 via
1950 3623 2073 3668 tunc
2101 3617 2353 3684 praecepit
2389 3619 2549 3686 regia:
2582 3620 2834 3674 mulieri?
2861 3632 2913 3677 et
2946 3632 3120 3679 tamen
3150 3642 3255 3681 non
3287 3643 3416 3683 ausa

1835 3715 1918 3760 est
1960 3721 2065 3761 non
2105 3706 2345 3777 obsequi.
2376 3707 2573 3779 Joseph
2615 3726 2743 3766 vero
2776 3713 2904 3767 nihil
2934 3716 3037 3769 tale
3062 3731 3250 3785 passus
3273 3761 3288 3783 ,
3320 3722 3416 3776 sed

1835 3800 2100 3852 contraria
2128 3802 2327 3865 omnia,
2358 3817 2478 3871 quae
2516 3803 2737 3873 gloriam
2768 3814 2822 3861 et
2852 3806 3110 3876 honorem
3139 3811 3415 3868 afferrent.

1841 3890 1931 3945 Vis
1960 3892 2119 3947 alium
2148 3893 2332 3949 videre
2361 3896 2534 3951 virum
2558 3937 2573 3959 ,
2601 3898 2687 3952 cui
2716 3913 2854 3954 steva
2884 3900 3095 3958 domina
3122 3906 3289 3962 multa
3313 3909 3415 3967 int-

1839 3984 2060 4050 peravit,
2092 4000 2192 4040 nec
2215 4001 2381 4041 ausus
2407 3996 2491 4042 est
2520 3989 2608 4044 ille
2635 4006 2742 4044 non
2767 3992 3027 4063 obsequi?

1908 4074 2125 4130 Ιηυὶάὶω
2160 4079 2369 4131 malum.
2400 4110 2471 4119 —
2498 4079 2721 4135 Cainum
2749 4084 2919 4153 cogita
2944 4126 2960 4152 ,
2991 4097 3186 4157 quanta
3227 4106 3423 4161 nempe

1839 4167 1906 4219 ah
1933 4168 2125 4222 invidia
2164 4170 2311 4239 jussa
2352 4174 2639 4241 acceperit.
2671 4173 2741 4230 Ut
2768 4175 2986 4232 fratrem
3018 4180 3286 4238 occideret
3315 4183 3421 4237 im-

1844 4260 2046 4327 peravit
2065 4301 2079 4323 ,
2110 4271 2166 4314 ut
2196 4261 2304 4317 Deo
2333 4266 2672 4330 mentiretur,
2703 4277 2904 4336 patrem
2936 4269 3122 4327 dolore
3148 4273 3418 4344 afﬁceret,

1843 4350 2180 4419 impudenter
2199 4364 2382 4421 ageret
2407 4372 2419 4409 :
2449 4365 2501 4409 et
2527 4357 2705 4411 omnia
2728 4370 3054 4431 exsequutus
3077 4374 3179 4428 est,
3204 4379 3266 4419 ac
3293 4368 3423 4421 nihil

1845 4441 2205 4511 praetermisit.
2241 4445 2442 4515 Ecquid
2483 4448 2694 4502 miraris
2715 4490 2729 4512 ,
2757 4451 2801 4503 si
2835 4451 2948 4506 haec
2976 4451 3189 4507 domina
3223 4467 3423 4511 tantam

1845 4535 1951 4588 vim
1978 4534 2170 4589 habeat
2197 4536 2248 4589 in
2277 4551 2402 4602 uno,
2434 4553 2552 4607 qure
2577 4539 2814 4609 integros
2835 4556 2979 4610 saepe
3006 4545 3230 4613 populos
3252 4547 3427 4615 perdi-

1846 4626 1966 4681 dit?
1991 4626 2208 4683 Judazos
2237 4638 2383 4685 certe
2419 4630 2824 4687 Madianitarum
2866 4635 3117 4691 mulieres
3141 4638 3347 4694 vinctos
3373 4649 3428 4695 et

1848 4717 1960 4773 fere
1986 4720 2227 4789 captivos
2252 4722 2624 4787 abduxerunt,
2651 4740 2771 4780 cum
2811 4724 2999 4782 forma:
3032 4744 3142 4783 suae
3172 4734 3428 4802 concupi-

1846 4813 2053 4865 scentis
2088 4810 2207 4867 illos
2237 4828 2424 4868 omnes
2452 4816 2703 4871 allexere.
2738 4816 2885 4871 ilanc
2914 4818 3091 4889 itaque
3118 4824 3424 4879 servitutem

1846 4902 2067 4971 ejiciens
2098 4903 2292 4959 Paulus
2313 4946 2328 4971 ,
2360 4906 2573 4961 dicebat
2603 4926 2616 4960 :
2652 4906 2733 4961 Ne
2758 4910 2867 4963 sitis
2895 4912 3024 4963 servi
3050 4913 3350 4979 hominum;
3376 4915 3430 4971 id

1848 5003 1965 5062 est,
2003 5011 2070 5051 ne
2107 4996 2473 5067 obsequamini
2518 4999 2822 5056 hominibus
2858 5003 3084 5057 absurda
3118 5005 3429 5075 imperanti-

1848 5091 1979 5157 bus;
2008 5093 2115 5148 imo
2143 5109 2209 5148 ne
2235 5095 2388 5149 vobis
2412 5096 2624 5166 quidem
2651 5098 2800 5167 ipsis.
2829 5099 3029 5153 Deinde
3053 5114 3175 5153 cum
3197 5111 3429 5155 mentem

1850 5186 2132 5251 erexisset,
2162 5186 2552 5258 sublimemque
2581 5188 2814 5256 fecisset,
2845 5191 2921 5245 ait
2952 5209 2965 5243 :
2997 5192 3086 5246 25.
3118 5192 3197 5246 De
3220 5186 3433 5262 virgini-

108 5264 498 5320 (jliristianus
519 5266 728 5334 qualem
749 5282 869 5331 esse
889 5278 1123 5338 oportet,
1148 5287 1351 5342 magnae
1370 5273 1747 5332 imbecillitatis

105 5358 298 5428 piam
339 5354 653 5424 religionem
684 5358 1015 5431 accusabunt
1054 5359 1262 5428 Graeci;
1300 5365 1438 5432 quod
1469 5367 1513 5420 si
1542 5366 1748 5422 discant

104 5452 298 5505 illam
332 5446 465 5500 nihil
495 5462 527 5502 a
557 5450 811 5505 servitute
842 5451 984 5517 laidi,
1014 5453 1444 5522 prtedicationem
1473 5459 1747 5514 mirabuno

107 5551 250 5593 tur.
292 5534 436 5590 Nam
467 5539 510 5591 si
541 5554 713 5609 neque
749 5557 895 5597 mors
936 5544 1089 5598 nobis
1132 5557 1289 5602 nocet
1333 5564 1504 5620 neque
1541 5552 1748 5622 ﬂagella

102 5643 338 5699 neque
374 5630 610 5700 vincula,
644 5633 813 5689 multo
842 5635 1019 5691 minus
1053 5640 1306 5708 servitus,
1338 5642 1491 5711 ignis,
1525 5642 1744 5709 ferrum,

108 5723 304 5779 millc
340 5723 672 5794 tyrannides,
698 5726 890 5797 morbi,
918 5741 1221 5800 paupertas,
1250 5732 1393 5800 ferae,
1418 5744 1471 5791 et
1494 5745 1745 5792 sexcenta

1852 5278 1942 5331 bus
1980 5286 2147 5331 autem
2196 5289 2504 5347 prwceptum
2548 5280 2752 5334 Domini
2790 5299 2891 5336 non
2931 5282 3086 5336 habeo
3121 5299 3140 5337 :
3167 5284 3434 5337 Consilium

1850 5379 2018 5422 autem
2046 5368 2114 5422 do
2132 5410 2147 5434 ,
2179 5379 2435 5438 tamquam
2464 5364 2865 5429 misericordiam
2899 5384 3232 5444 consequutus
3259 5392 3291 5427 a
3320 5375 3433 5429 Do-

1852 5461 2013 5526 mino,
2039 5468 2095 5513 ut
2120 5460 2219 5514 sim
2242 5461 2427 5529 ﬁdelis.
2456 5462 2623 5517 Recto
2647 5464 2834 5519 ordine
2863 5465 3157 5535 procedens
3181 5465 3249 5520 de
3272 5465 3434 5535 virgi-

1852 5554 2019 5609 nitate
2041 5553 2293 5624 deinceps
2322 5556 2648 5612 mentionem
2677 5555 2823 5613 facit.
2857 5559 3141 5628 Postquam
3169 5559 3311 5612 enim
3340 5573 3435 5613 eos

1855 5644 1923 5699 de
1948 5646 2277 5701 continentia
2303 5647 2554 5717 loquutus
2578 5649 2821 5705 exercuit
2845 5657 2909 5704 et
2931 5650 3257 5719 composuit,
3284 5649 3350 5703 ad
3381 5650 3433 5705 id

1856 5740 1997 5815 quod
2037 5741 2209 5813 majus
2252 5752 2332 5798 est
2371 5742 2670 5813 egreditur,
2714 5742 3061 5816 Prteceptum,
3104 5743 3302 5813 inquit,
3336 5761 3436 5801 non
