3838 6214
443 321 547 380 Ιετὲὶ

451 436 652 501 habeo;
676 433 773 491 sed
797 433 993 490 bonam
1021 446 1135 487 rem
1160 446 1282 485 esse
1310 440 1458 501 puto.
1487 428 1707 497 Quare?
1735 427 1936 483 Eadem
1962 426 2031 481 de

449 540 611 582 causa
635 565 648 588 ,
674 540 833 596 quam
869 524 938 579 de
973 522 1297 579 continentia
1339 520 1536 591 posuit.
1567 519 1659 573 27.
1701 518 1954 588 Alligatus
1979 534 2031 571 es

448 618 601 672 uxori
618 617 645 671 2
669 614 778 669 noli
801 630 1028 682 quwrere
1059 614 1381 667 solutionem.
1425 610 1639 665 Solutus
1667 626 1717 663 es
1747 610 1809 662 ab
1836 609 2035 663 umore?

446 708 557 761 noli
583 722 807 777 quaerere
834 721 1063 759 uxorem.
1092 704 1216 757 llaec
1246 716 1350 756 non
1377 710 1503 756 sunt
1526 700 1868 770 repugnantis
1894 698 2037 769 prio-

447 799 633 865 ribus;
657 799 764 853 imo
785 798 936 851 valde
957 798 1021 851 iis
1041 795 1403 851 assentientis.
1420 794 1553 849 Nam
1576 804 1630 847 et
1652 794 1761 848 illic
1780 794 1855 848 ait
1878 811 1892 848 :
1917 791 2037 846 Nisi

448 894 583 961 forte
607 905 672 944 ea:
692 903 980 952 consensit;
1007 886 1095 942 hic
1121 901 1251 942 vero
1272 885 1403 941 dicit
1430 902 1445 941 :
1474 885 1725 955 Alligatus
1762 901 1814 940 es
1849 886 1995 939 uxori
2011 886 2037 939 2

449 982 559 1036 noli
585 996 808 1052 querere
845 980 1170 1036 solutionem.
1216 978 1332 1033 Hoc
1368 991 1531 1047 porro
1571 977 1899 1032 contrarium
1926 992 2035 1032 non

447 1082 530 1127 est
554 1089 568 1126 :
593 1088 715 1128 nam
743 1071 885 1143 quod
914 1080 1107 1141 praeter
1131 1077 1366 1126 mentem
1390 1078 1473 1125 est
1498 1077 1553 1126 et
1575 1069 1925 1133 voluntatem,
1953 1076 2038 1122 est

447 1164 683 1230 solutio;
715 1164 760 1219 si
798 1172 979 1220 autem
1007 1162 1375 1219 eontiuuerint
1400 1175 1465 1217 ex
1497 1160 1773 1231 utriusque
1802 1173 2033 1216 consen-

449 1273 537 1323 su,
567 1272 674 1313 non
699 1266 782 1313 est
808 1256 1028 1313 solutio.

517 1347 573 1402 6.
606 1346 842 1413 Deinde,
884 1362 953 1402 ne
991 1346 1096 1404 hoc
1124 1345 1368 1401 videatur
1396 1344 1481 1399 lex
1510 1358 1659 1407 esse,
1706 1342 2025 1412 subiunxit:

448 1436 538 1492 98.
570 1437 631 1492 Si
657 1448 825 1491 autem
850 1438 1099 1505 acceperis
1129 1452 1357 1501 uxorem,
1387 1450 1487 1488 non
1518 1433 1753 1503 peccasti.
1782 1433 1893 1487 Sub
1922 1433 2035 1487 haec

451 1530 797 1598 praesentium
825 1542 1037 1583 causam
1068 1526 1255 1590 aii‘ert,
1286 1527 1574 1579 instantem
1620 1523 1994 1577 necessitatem
2015 1564 2030 1590 ,

450 1631 661 1691 tempus
696 1629 1027 1677 contractum
1054 1628 1110 1674 et
1150 1618 1569 1673 tribulationem.
1615 1616 1777 1670 Multa
1808 1631 2034 1685 namque

447 1711 773 1767 connubium
798 1726 981 1766 secum
1010 1711 1193 1775 trahit,
1225 1724 1345 1778 quae
1374 1717 1430 1763 et
1459 1708 1545 1761 hic
1572 1706 1946 1769 snbindicavit,
1978 1715 2033 1762 et

448 1806 502 1860 in
530 1819 780 1860 sermone
806 1804 874 1859 de
892 1802 1222 1859 continentia
1248 1820 1262 1855 :
1294 1802 1404 1855 illic
1428 1800 1639 1871 quidem
1662 1799 1847 1854 dicens
1867 1842 1881 1864 ,
1909 1815 2029 1853 mu-

444 1898 629 1952 lierem
654 1912 760 1951 non
784 1897 863 1950 sui
887 1903 1201 1965 potestatem
1221 1893 1450 1957 habere;
1479 1892 1564 1946 hic
1590 1902 1789 1958 autem,
1821 1891 2032 1947 Solutus

445 2006 522 2044 es.
555 1989 617 2044 Si
654 1998 823 2042 autem
848 2003 1059 2042 uxorem
1084 1987 1370 2055 acceperis,
1403 2001 1503 2039 non
1547 1984 1797 2053 peccasti;
1827 1999 1932 2037 non
1964 1983 2032 2038 de

443 2096 511 2137 ea
540 2082 765 2151 loquens
808 2096 929 2150 qme
972 2080 1328 2150 virginitatem
1365 2079 1558 2147 elegit;
1593 2078 1705 2148 ipsa
1736 2078 1879 2132 enim
1920 2077 2029 2147 jam

446 2174 706 2243 peccavit.
736 2172 870 2227 Nam
896 2172 939 2225 si
967 2171 1140 2225 vidua:
1170 2171 1223 2223 in
1251 2170 1452 2224 crimen
1486 2176 1763 2234 vocantur,
1793 2184 1913 2223 eum
1940 2184 2030 2224 se-

449 2264 655 2319 cundas
693 2264 908 2333 nuptias
932 2261 1334 2327 contraxerint,
1379 2261 1424 2314 si
1452 2260 1621 2315 semel
1659 2260 1920 2329 elegerint
1949 2260 2029 2314 vi-

448 2356 741 2419 duitatem;
770 2354 937 2408 multo
964 2353 1133 2423 magis
1154 2352 1402 2421 virgines.
1436 2350 1835 2404 Tribulationem
1864 2360 2033 2404 tamen

448 2447 616 2502 carnis
640 2446 891 2501 habebunt
916 2444 1227 2514 hujusmodi.
1259 2443 1419 2513 Atqui
1461 2444 1620 2497 etiam
1660 2443 1990 2512 voluptatem
2014 2484 2029 2510 ,

450 2539 678 2608 inquies.
705 2538 811 2594 Sed
852 2537 972 2591 vide
997 2536 1268 2607 quomodo
1309 2536 1454 2590 illam
1483 2536 1736 2604 temporis
1774 2536 2033 2591 brevitate

451 2630 797 2695 contraxerit,
824 2629 1039 2684 dicens:
1068 2627 1159 2682 29.
1181 2625 1403 2697 Tempus
1431 2629 1572 2680 breve
1598 2636 1690 2680 est.
1718 2625 1773 2679 id
1801 2635 1881 2679 cst
1900 2667 1913 2689 ,
1942 2626 2031 2695 ju-

450 2720 641 2777 bemnr
661 2721 986 2791 peregrinari
1006 2727 1061 2774 et
1087 2718 1348 2773 excedere
1375 2717 1590 2771 demum
1616 2734 1630 2782 ;
1662 2727 1716 2771 tu
1743 2733 1871 2772 vero
1900 2718 2033 2771 inte-

450 2816 565 2870 rius
606 2814 797 2869 curris.
844 2813 1005 2881 Atqui
1051 2811 1261 2866 etiamsi
1307 2809 1440 2864 nihil
1484 2810 1766 2863 molestum
1814 2810 2033 2863 haberet

452 2904 879 2964 matrimonium,
910 2903 975 2956 ad
1017 2902 1192 2956 futura
1234 2910 1409 2956 tamen
1442 2900 1692 2955 festinare
1721 2910 2028 2970 Oporteret;

447 3012 569 3052 cum
597 3006 773 3051 autem
815 2994 1111 3049 molestiam
1152 3008 1335 3047 secum
1376 2993 1582 3058 trahat,
1613 2992 1740 3062 quid
1778 3008 1913 3061 Opus
1951 3003 2033 3046 est

445 3106 584 3145 Onus
604 3088 912 3143 attrahere?
932 3102 1030 3142 cur
1057 3094 1255 3140 tantam
1278 3085 1554 3151 suscipere
1577 3085 1796 3147 molem,
1820 3083 2034 3153 quando

449 3193 728 3253 postquam
770 3180 1109 3249 susceperis,
1153 3178 1224 3231 ita
1252 3178 1328 3231 uti
1377 3177 1465 3230 illa
1492 3184 1707 3245 oportet
1748 3191 1812 3230 ac
1852 3176 1897 3230 si
1926 3192 2030 3230 nou

449 3275 708 3330 haberes?
748 3274 949 3329 etenim
987 3273 1061 3326 ait
1094 3292 1107 3327 :
1154 3270 1255 3337 Qui
1295 3270 1477 3323 habent
1521 3285 1737 3332 uxores,
1780 3277 2033 3339 tamquam

448 3384 551 3421 non
579 3367 814 3418 habentes
835 3365 955 3419 sint.
985 3361 1190 3416 Deinde
1209 3402 1225 3426 ,
1254 3376 1376 3415 cum
1401 3359 1467 3413 de
1492 3358 1683 3413 futuris
1710 3358 1835 3427 quid
1866 3359 2035 3411 inter-

451 3458 750 3528 posuisset,
792 3468 977 3509 rursus
1016 3452 1083 3507 ad
1111 3466 1351 3522 praesens
1378 3461 1588 3519 tempus
1615 3464 1919 3504 sermonem
1950 3466 2035 3505 re-

451 3549 619 3604 ducit.
652 3548 861 3602 Etenim
900 3546 1005 3599 alia
1031 3554 1155 3599 sunt
1183 3543 1478 3613 Spiritualia
1505 3557 1521 3594 :
1571 3541 1659 3595 illa
1688 3541 1883 3609 quippe
1914 3557 2033 3610 quae

452 3641 554 3695 viri
597 3647 753 3699 sunt,
787 3638 902 3691 haec
928 3645 1104 3690 autem
1134 3650 1254 3704 quae
1281 3642 1405 3687 sunt
1438 3632 1528 3686 Dei
1558 3642 1746 3695 curat;
1775 3632 1875 3683 alia
1906 3647 2034 3685 vero

452 3740 579 3788 sunt
606 3729 886 3800 praesentis
908 3727 1063 3797 vitae;
1094 3725 1220 3780 illud
1246 3738 1453 3793 nempe,
1483 3722 1571 3777 52.
1609 3720 1733 3776 Volo
1758 3732 1923 3775 autem
1949 3738 2035 3775 vos

452 3828 564 3882 sine
587 3823 923 3879 sollicitudine
947 3837 1071 3875 esse.
1104 3823 1351 3874 Attamen
1380 3818 1509 3872 illud
1534 3833 1744 3887 quoque
1772 3820 1821 3870 in
1845 3832 2032 3872 eorum

406 3980 417 3993 ο
454 3925 773 3990 potestatein
818 3914 1059 3969 remittit.
1088 3911 1219 3965 Nam
1249 3910 1337 3980 qui
1381 3918 1661 3979 postquam
1701 3908 1936 3962 ostendit
1980 3907 2033 3961 id

1117 315 1176 373 8.
1213 315 1491 373 JOANNIS
1519 314 1989 372 CHRYSOSTOMI
2030 313 2344 372 ARCHIEP.
2383 316 2912 374 CONSTANTINOP.
3641 325 3731 380 1wa

2134 427 2274 495 quod
2301 436 2383 483 est
2421 428 2727 499 eligendum
2747 472 2764 497 ,
2804 445 2995 487 rursus
3030 432 3209 503 cogit,
3242 432 3463 489 videtur
3488 450 3597 489 non
3630 452 3730 491 sui.

2137 520 2303 575 ﬁdere
2330 520 2526 575 verbis.
2556 522 2896 592 Quapropter
2914 526 3264 581 concessione
3284 527 3458 596 magis
3481 527 3631 597 ipsos
3660 530 3728 584 in.

2136 610 2287 664 duxit
2321 620 2375 666 et
2414 611 2666 679 retinuit,
2711 613 2897 669 dicens
2927 631 2942 668 :
2972 615 3062 670 35.
3111 614 3280 671 Porro
3308 619 3407 671 hoc
3434 618 3506 671 ad
3530 620 3729 673 utiliu-

2138 713 2236 757 tcm
2262 715 2477 759 vestram
2504 706 2616 760 dico
2634 748 2648 772 ,
2694 724 2797 763 non
2820 719 2877 762 ut
2903 708 3140 780 laqueum
3178 711 3316 766 nobis
3340 712 3575 784 injicians
3596 756 3614 779 ,
3648 728 3734 767 seu

2137 796 2207 848 ad
2232 796 2287 849 id
2308 797 2444 866 quod
2470 797 2735 853 honestum
2760 809 2836 854 est
2856 842 2871 866 ,
2912 811 2959 855 et
2985 801 3121 869 quod
3158 804 3457 871 facultatem
3486 806 3723 870 prebeat.

2140 885 2373 941 Audiant
2396 888 2658 958 virgines,
2688 889 2831 959 quod
2860 890 3139 961 virginitas
3168 892 3222 947 in
3261 891 3367 947 hoc
3392 908 3503 947 non
3540 895 3727 949 termi-

2140 984 2332 1030 netur:
2367 991 2488 1030 nam
2528 993 2649 1048 quae
2686 993 2773 1034 res
2810 980 2994 1038 mundi
3023 989 3208 1046 curat,
3251 997 3357 1038 nec
3379 982 3535 1053 virgo
3576 984 3729 1038 luerit

2139 1080 2238 1121 nec
2266 1064 2511 1122 honesta.
2540 1067 2675 1122 Cum
2702 1068 2929 1126 dixisset
2953 1070 3128 1139 enim,
3158 1069 3338 1127 Divisa
3366 1083 3441 1128 est
3470 1075 3661 1128 mlier
3685 1087 3729 1128 et

2138 1159 2299 1229 virgo,
2328 1158 2469 1214 hanc
2494 1159 2851 1217 dilferentiam
2882 1164 3094 1233 posuit,
3123 1174 3179 1221 et
3215 1180 3318 1235 qua
3348 1164 3402 1219 in
3431 1181 3497 1221 re
3525 1166 3728 1222 discre-

2138 1259 2267 1319 pent
2291 1249 2448 1305 dixit.
2472 1252 2551 1307 Ac
2575 1266 2697 1307 cum
2724 1253 3092 1310 deﬁnitionem
3120 1254 3270 1312 dedit
3294 1256 3523 1327 virginis
3547 1267 3605 1313 et
3630 1272 3728 1312 non

2138 1344 2392 1413 virginis,
2434 1359 2540 1400 non
2570 1346 2817 1415 nuptias,
2860 1362 2967 1403 non
3001 1348 3388 1404 continentiam
3421 1350 3594 1414 dixit,
3638 1352 3729 1405 sed

2137 1436 2516 1493 sollicitudinis
2543 1441 2865 1495 vacuitatem
2907 1452 2962 1497 et
2987 1458 3235 1513 magnam
3280 1444 3726 1499 sollicitudinem.

2136 1526 2251 1581 Non
2283 1529 2425 1583 enim
2460 1531 2634 1585 coitus
2663 1532 2835 1586 malus
2877 1543 2996 1599 est,
3038 1534 3133 1589 sed
3174 1533 3627 1604 impedimentum
3666 1538 3725 1591 ad

2136 1616 2526 1688 philosophiam
2556 1621 2777 1675 malum.
2809 1622 2897 1678 36.
2929 1622 2991 1677 Si
3014 1624 3126 1692 quis
3154 1635 3324 1680 auum
3350 1635 3561 1695 turpem
3584 1645 3639 1681 se
3661 1629 3727 1680 ti—

2140 1710 2249 1763 deri
2293 1710 2546 1765 existimat
2574 1729 2728 1782 super
2755 1715 2949 1785 virgine
2980 1732 3094 1769 sua.
3136 1717 3234 1772 ilic
3272 1718 3496 1773 videtur
3520 1720 3726 1787 quidem

2139 1801 2207 1856 de
2246 1803 2587 1858 matrimonio
2613 1804 2793 1873 loqui;
2833 1812 3003 1859 totum
3027 1814 3205 1861 autem
3248 1807 3383 1862 dicit
3407 1808 3481 1863 de
3515 1810 3727 1878 virgini-

2141 1901 2248 1948 tate
2276 1911 2289 1948 :
2322 1910 2445 1949 nam
2473 1905 2527 1950 et
2560 1895 2852 1951 secundum
2877 1898 3123 1952 concedit
3145 1900 3564 1954 matrimonium
3584 1942 3599 1965 ,
3628 1910 3729 1955 tan-

2141 1992 2251 2039 tum
2289 1983 2357 2039 In
2390 1986 2631 2041 Domino.
2674 1987 2810 2055 Quid
2837 1996 2919 2043 est
2957 1988 3124 2056 illud,
3170 1989 3237 2043 In
3281 1989 3565 2045 Domino?
3607 1992 3727 2047 Cum

2139 2078 2418 2144 castitate,
2442 2094 2562 2133 cum
2592 2079 2891 2135 honestate.
2921 2081 3033 2136 Hac
3060 2083 3205 2137 enim
3232 2083 3438 2154 ubique
3465 2094 3560 2140 est
3587 2101 3724 2154 opus.

2140 2171 2417 2241 ipsamque
2443 2172 2649 2242 insequi
2690 2183 2903 2243 oportet
2933 2191 2948 2229 :
2979 2174 3215 2246 alioquin
3244 2192 3313 2231 ne
3338 2178 3474 2233 licet
3517 2179 3727 2247 quidem

2141 2260 2310 2316 Deum
2331 2262 2536 2319 videre.
2561 2264 2620 2320 Si
2640 2274 2818 2321 autem
2841 2266 3230 2337 praeterivimus
3246 2283 3331 2333 ea,
3357 2285 3485 2339 qua:
3509 2270 3728 2325 dicenda

2139 2362 2294 2409 erant
2309 2353 2376 2410 de
2391 2355 2715 2425 virginitate,
2734 2372 2892 2413 nemo
2914 2373 3011 2414 nos
3025 2358 3362 2430 negligentiae
3383 2360 3709 2415 condemnet

2140 2446 2360 2501 Librum
2389 2446 2532 2502 enim
2566 2448 2831 2518 integrum
2864 2450 2917 2504 in
2959 2465 3077 2506 eam
3107 2466 3221 2506 rem
3250 2451 3531 2508 edidimus
3564 2454 3661 2521 (α),
3689 2470 3721 2508 e2

2140 2554 2259 2593 cum
2291 2539 2364 2593 ibi
2390 2549 2640 2595 accurate
2660 2551 2916 2610 quantum
2940 2543 3209 2613 potuimus
3233 2544 3379 2599 illam
3398 2561 3521 2601 rem
3548 2557 3723 2599 tracta

2140 2631 2409 2696 verimus,
2438 2646 2895 2701 supervacaneum
2937 2648 3058 2689 esse
3097 2634 3347 2691 duximus
3391 2636 3595 2691 eadem
3631 2638 3717 2705 ips:

2141 2722 2227 2777 hic
2276 2732 2539 2792 repetere.
2591 2724 2950 2792 Quamobrem
3000 2728 3092 2782 illo
3136 2730 3471 2785 remittentes
3519 2731 3728 2783 audito-

2141 2829 2254 2867 rem
2277 2854 2292 2879 ,
2332 2814 2420 2869 hic
2451 2815 2579 2869 illud
2609 2816 2848 2871 dit-emus
2868 2858 2882 2882 ,
2916 2818 3300 2873 continentiam
3342 2836 3465 2877 esse
3516 2832 3729 2875 sectan-

2140 2904 2261 2958 dum
2293 2922 2305 2958 :
2339 2921 2461 2959 nam
2489 2907 2564 2959 ait
2595 2906 2681 2961 ille
2708 2926 2722 2962 :
2756 2906 2943 2961 Pacem
2975 2912 3329 2981 persequimini
3356 2922 3403 2964 et
3431 2916 3730 2983 sancti/icu-

2140 2997 2355 3061 tionem,
2383 2998 2492 3052 sine
2517 3015 2615 3068 qua
2651 3016 2794 3053 nemo
2820 3001 3003 3054 videbit
3035 3000 3326 3056 Dominum.
3356 3003 3424 3059 Ut
3449 3020 3731 3075 ergoeum

2142 3088 2325 3144 videre
2352 3089 2663 3159 dignemur;
2697 3093 2810 3146 sive
2849 3092 2900 3146 in
2946 3094 3251 3161 virginitate
3289 3093 3557 3165 degamus
3579 3140 3593 3161 ,
3628 3098 3733 3153 sive

2140 3184 2192 3236 in
2217 3183 2401 3252 primis
2420 3184 2531 3239 sive
2552 3186 2603 3239 in
2629 3185 2879 3241 secundis
2898 3188 3113 3257 nuptiis,
3143 3190 3280 3244 hanc
3300 3204 3724 3260 persequamur,

2142 3284 2199 3327 ut
2228 3289 2448 3343 regnum
2478 3275 2730 3330 caelorum
2774 3276 3156 3347 adipiscamur,
3188 3281 3355 3349 gratia
3386 3289 3442 3335 et
3477 3282 3729 3353 benigni-

2144 3375 2250 3421 tate
2280 3368 2487 3421 Domini
2518 3370 2689 3423 nostri
2717 3369 2845 3424 Jesu
2883 3369 3113 3436 Christi,
3156 3374 3371 3442 quicum
3410 3373 3561 3429 Patri
3610 3393 3733 3430 una.

2140 3476 2245 3529 que
2272 3460 2489 3529 Spiritui
2513 3472 2699 3517 sancto
2727 3463 2919 3533 gloria,
2952 3466 3254 3533 imperium,
3285 3466 3476 3535 honor,
3512 3482 3733 3524 nuncet

2140 3566 2373 3622 semper,
2409 3562 2465 3607 et
2494 3553 2546 3607 in
2573 3554 2770 3608 smeula
2801 3555 3142 3609 saeculorum.
3178 3560 3370 3611 Amen.

2204 3731 2277 3791 (α)
2298 3729 2392 3779 Hic
2414 3730 2591 3797 librum
2611 3745 2753 3797 suum
2777 3731 2841 3797 de
2862 3731 3158 3794 Virginitate
3181 3738 3440 3797 memorat,
3460 3748 3624 3797 quem
3644 3739 3736 3786 erli-

2141 3806 2250 3841 mus
2264 3801 2408 3857 'I_'omo
2430 3794 2476 3851 l,
2493 3794 2584 3842 col.
2607 3794 2832 3843 581-582.
2848 3802 2977 3855 Lege
3003 3797 3223 3843 MOIlllllm
3239 3796 3380 3856 Operi
3404 3794 3732 3857 praemissum,

2142 3857 2221 3902 ubi
2251 3855 2379 3902 clare
2407 3858 2632 3915 probatur
2656 3857 2785 3903 idem
2817 3856 2978 3915 psum
3001 3869 3123 3915 Opus
3168 3864 3220 3904 et
3265 3855 3360 3904 non
3399 3855 3535 3907 aliud
3565 3864 3617 3908 in
3648 3861 3733 3909 ﬁui‘

2142 3916 2513 3977 lilijllSHOlllllltl:
2538 3917 2587 3964 in
2614 3917 2764 3978 Epist.
2792 3916 2849 3965 ad
2873 3916 3085 3967 Corinth.
3112 3918 3391 3966 memorari.

476 4024 3736 4051 M

1875 4116 2220 4177 HOMILIA
2262 4116 2411 4178 XX.

450 4273 581 4330 CAP.
614 4274 667 4329 8.
700 4289 751 4326 v.
788 4274 839 4326 i.
876 4270 953 4325 De
994 4272 1055 4325 iis
1100 4280 1287 4334 autem,
1336 4282 1450 4337 qua:
1492 4266 1643 4320 idolis
1677 4266 2028 4331 immolantur,

525 4369 711 4421 scimus
734 4365 866 4430 quod
905 4380 1077 4417 omnes
1102 4362 1364 4415 scientiam
1393 4358 1650 4413 habemus.
1697 4357 1927 4412 Scientia
1955 4358 2034 4410 in-

522 4459 645 4528 flat,
672 4456 858 4511 caritas
883 4470 997 4509 vero
1027 4454 1266 4517 aediﬁcat.

524 4554 575 4605 ί.
605 4549 837 4605 Necesse
875 4557 959 4603 est
986 4548 1158 4617 primo
1182 4546 1363 4601 dicere
1387 4544 1515 4615 quid
1544 4543 1647 4599 sibi
1679 4542 1809 4597 velit
1836 4542 1923 4597 hic
1951 4542 2036 4597 lo-

449 4657 549 4699 cus
578 4660 592 4696 :
623 4646 702 4698 sic
736 4656 965 4711 namque
996 4640 1152 4694 facile
1181 4638 1510 4708 intelligetur
1540 4634 1683 4705 quod
1718 4634 1911 4688 dicturi
1940 4648 2034 4688 su—

453 4750 592 4791 mus.
634 4734 735 4802 Qui
774 4734 918 4790 enim
955 4733 1185 4803 aliquem
1226 4729 1463 4785 accusari
1504 4727 1688 4790 videt,
1741 4726 1842 4779 nisi
1889 4726 2037 4794 prius

452 4824 659 4894 peccati
682 4834 924 4878 naturam
956 4834 1162 4887 noscat,
1191 4837 1311 4891 quae
1336 4820 1587 4874 dicentur
1616 4832 1719 4871 non
1751 4816 2033 4886 intelliget.

452 4916 567 4984 Qua
594 4931 721 4985 ergo
748 4914 816 4970 de
858 4930 918 4970 re
964 4924 1089 4969 tunc
1124 4912 1432 4969 Corinthios
1462 4908 1783 4965 accusabat?
1819 4908 2033 4962 Crimen

449 5017 569 5065 erat
602 5024 887 5079 magnum,
917 5023 978 5063 ac
1006 5008 1300 5063 multorum
1340 5019 1503 5060 causa
1540 5002 1824 5057 malorum.
1868 5000 2036 5068 Quale

451 5101 619 5157 illud?
645 5101 792 5156 Multi
819 5116 883 5155 ex
914 5100 1021 5155 illis
1044 5116 1165 5155 cum
1191 5099 1526 5163 didicissent,
1558 5111 1663 5150 non
1694 5110 1813 5165 quae
1834 5094 2036 5147 intrant

450 5190 733 5261 inquinare
762 5189 1054 5255 hominem,
1076 5189 1171 5244 sed
1190 5204 1309 5259 qua:
1329 5196 1526 5244 exeunt
1548 5203 1561 5239 :
1585 5196 1637 5240 et
1659 5183 1821 5249 idola,
1842 5198 2035 5253 nempe

448 5282 628 5351 ligna,
672 5280 878 5351 lapides
924 5289 981 5335 et
1020 5279 1437 5341 dmmonesmec
1474 5293 1673 5333 nocere
1716 5292 1817 5332 nec
1838 5275 2034 5346 juvare

453 5385 645 5441 posse,
686 5371 802 5427 sine
846 5370 1010 5426 modo
1050 5370 1161 5425 ullo
1204 5369 1305 5425 hac
1345 5368 1582 5438 perlecta
1612 5370 1692 5424 rei
1728 5368 2035 5440 cognitione

452 5462 760 5527 utebantur,
789 5472 845 5518 et
884 5466 939 5517 in
978 5477 1136 5517 suum
1175 5470 1230 5516 et
1268 5461 1321 5515 in
1365 5461 1592 5516 aliorum
1631 5460 2032 5521 detrimentum.

448 5554 586 5613 Nam
623 5554 692 5611 ad
728 5555 872 5611 idola
906 5554 1363 5628 ingrediebantur,
1410 5562 1467 5609 et
1502 5568 1804 5609 mensarum
1835 5553 2032 5608 ibidem

451 5651 739 5720 participes
762 5658 921 5706 erant
939 5691 956 5715 ,
987 5650 1221 5720 hincque
1247 5662 1493 5719 magnam
1521 5646 1820 5704 inferebant
1844 5646 2031 5718 perni-

450 5742 611 5799 ciem.
646 5743 777 5800 Nam
818 5744 909 5817 qui
935 5743 1110 5800 adhuc
1137 5743 1277 5800 idola
1320 5742 1612 5808 timebant,
1652 5756 1751 5798 nec
1793 5751 2033 5798 contem-

2140 4268 2313 4322 nenda
2343 4267 2428 4322 illa
2461 4282 2582 4322 esse
2608 4268 2936 4334 didicerant,
2964 4285 3236 4326 cenarum
3264 4274 3574 4342 iiujusmodi
3611 4290 3728 4341 par-

2144 4359 2329 4428 ticipes
2355 4368 2507 4413 erant
2526 4400 2542 4425 ,
2573 4374 2693 4414 cum
2739 4360 3087 4428 perfectiores
3116 4362 3362 4417 viderent
3391 4366 3625 4434 idipsum
3659 4367 3729 4419 la-

2140 4452 2377 4516 cientes,
2426 4460 2481 4506 et
2519 4452 2642 4507 hinc
2687 4453 2924 4507 maxime
2968 4453 3300 4508 lmdebantur
3332 4454 3550 4525 (neque
3586 4460 3729 4510 cutim

2141 4544 2327 4599 eadem
2357 4559 2457 4614 qua
2492 4545 2569 4598 illi
2602 4552 2781 4599 mente
2814 4546 3054 4615 apposita
3074 4586 3090 4612 ,
3121 4546 3215 4601 sed
3245 4548 3401 4616 quasi
3442 4548 3601 4601 idolis
3632 4550 3728 4601 im-

2141 4635 2335 4688 molata
2362 4636 2663 4690 habebant:
2694 4645 2748 4690 et
2769 4651 2831 4691 ea
2853 4651 2940 4691 res
2962 4637 3041 4691 via
3065 4645 3181 4691 erat
3198 4636 3265 4691 ad
3295 4637 3681 4707 idololatriam)
3704 4657 3718 4691 :

2139 4736 2196 4781 et
2224 4727 2298 4781 illi
2324 4742 2535 4797 quoque
2565 4729 2653 4796 qui
2684 4727 3031 4797 perfectiores
3060 4737 3233 4793 erant,
3262 4744 3371 4782 non
3399 4729 3498 4783 levi
3522 4730 3724 4782 damno

2139 4818 2530 4885 alliciebantur,
2563 4820 2689 4874 dum
2721 4820 2922 4875 mensis
2949 4820 3257 4875 dmmonicis
3295 4821 3620 4876 fruerentur.
3656 4820 3724 4874 Et

2143 4913 2243 4968 hoc
2272 4913 2489 4983 quidem
2529 4914 2730 4968 crimen
2760 4922 2892 4968 erat.
2927 4913 3120 4969 Beatus
3150 4922 3327 4967 autem
3356 4913 3458 4975 vir,
3493 4924 3549 4966 ut
3593 4912 3720 4966 illud

2142 5008 2482 5071 emendaret,
2515 5021 2620 5060 non
2664 5007 2843 5060 statim
2876 5005 3178 5061 vehementi
3224 5004 3393 5059 utitur
3433 5004 3718 5058 oratione:

2141 5114 2262 5152 nam
2294 5114 2358 5151 ex
2402 5097 2704 5165 insipientia
2738 5098 2905 5167 magis
2925 5139 2939 5159 ,
2970 5111 3127 5166 quam
3158 5110 3222 5150 ex
3255 5094 3455 5148 malitia
3494 5096 3544 5147 id
3576 5092 3719 5147 desi-

2136 5188 2419 5259 gnabatur.
2448 5186 2624 5254 Quare
2655 5187 2805 5240 initio
2831 5185 3205 5240 adhortatione
3224 5184 3397 5253 magis
3421 5198 3557 5252 opus
3581 5192 3717 5245 erat,

2137 5296 2295 5351 quam
2342 5280 2643 5335 vehementi
2688 5280 3046 5347 increpatione
3086 5287 3141 5333 et
3166 5275 3548 5346 indignatione.
3592 5276 3720 5329 Ani-

2141 5373 2413 5428 madverte
2441 5373 2598 5441 igitur
2634 5372 2750 5438 ejus
2806 5371 3173 5440 prudentiam,
3219 5369 3491 5437 quomodo
3541 5368 3719 5421 statim

2136 5464 2555 5518 admonitionem
2587 5462 2803 5530 incipiat
2828 5478 2842 5515 :
2876 5461 2951 5514 De
2977 5462 3037 5513 iis
3067 5470 3234 5512 autent
3254 5501 3270 5525 ,
3301 5475 3415 5527 quin
3441 5459 3595 5511 idolis
3624 5460 3717 5509 ius-

2137 5555 2412 5619 molantur,
2439 5556 2624 5608 scimus
2651 5554 2785 5623 quod
2810 5569 2980 5606 omnes
3003 5552 3264 5605 scientiam
3286 5549 3544 5603 habemus.
3576 5548 3721 5601 Inﬁr-

2137 5648 2397 5702 mioribus
2446 5645 2686 5711 relictis,
2742 5644 2886 5715 quod
2930 5658 3147 5714 semper
3194 5643 3353 5710 facit,
3400 5641 3722 5695 valentiores

2134 5741 2368 5811 primum
2401 5737 2726 5809 aggreditur.
2773 5736 2886 5792 lloc
2927 5737 3075 5792 enim
3102 5735 3264 5792 etiam
3312 5736 3366 5791 in
3403 5733 3628 5804 epistola
3660 5732 3723 5785 ad
