3856 6304
154 330 253 391 £59

216 454 291 512 ς’.
307 442 436 500 Εἶτα
455 445 545 498 ἵνα
571 443 645 514 μὴ
673 440 799 512 δόξῃ
821 437 1111 510 νομοθεσία
1137 433 1277 490 εἶναι
1294 437 1472 501 τοῦτο,
1506 438 1716 507 ἐπήγα-

153 544 273 596 γεν·
317 523 455 579 Ἐὰν
490 522 562 576 δὲ
603 522 703 574 καὶ
751 519 969 589 γήμῃς,
1014 519 1126 585 οὐχ
1163 517 1443 585 ἥμαρτες.
1482 514 1612 570 Εἶτα
1652 517 1719 567 τὰ

155 609 387 679 παρόντα
422 607 687 665 αἰτιᾶται.
732 604 835 671 τὴν
871 600 1174 653 ἐνεστῶσαν
1214 600 1459 669 ἀνάγκην
1506 602 1598 653 καὶ
1627 600 1720 651 τὸν

155 678 571 755 συνεσταλμένον
608 684 800 752 καιρὸν
828 681 921 733 καὶ
968 678 1065 748 τὴν
1098 679 1305 745 ,θλῖψιν.
1347 679 1521 732 Πολλά
1559 678 1666 748 γάρ
1693 680 1721 731 ό

153 773 318 839 γάμος
351 767 689 837 ἐπισύρεται,
731 764 874 832 ἅπερ
899 761 1115 831 ᾐνίξατο
1145 761 1240 813 καὶ
1263 761 1513 839 ἐνταῦθα,
1542 762 1635 814 καὶ
1660 761 1719 839 ἐν

152 837 232 916 τῷ
250 848 377 916 περὶ
411 843 738 914 ἐγκρατείας
777 840 950 909 λόγῳ,
982 840 1098 890 ἐκεῖ
1143 839 1243 907 μὲν
1276 838 1463 901 εἰπὼν,
1495 838 1574 916 δτι
1608 837 1721 916 Οὐκ

154 914 258 996 ἔχει
282 914 530 988 ἐξουσίαν
570 921 771 988 ἑαυτῆς
801 920 834 988 ἡ
864 916 1021 987 γυνὴ,
1052 916 1281 969 ἐνταῦθα
1310 916 1366 967 δὲ
1403 915 1588 968 εἰπών·
1621 914 1722 996 Δέτ-

153 994 336 1063 δεσαι.
382 1006 519 1058 Ἐὰν
545 1004 614 1056 δὲ
643 1002 741 1055 καί
777 999 992 1070 γήμῃς,
1019 1001 1131 1066 οὐχ
1165 998 1421 1065 ἥμαρτες
1441 1012 1456 1026 ·
1500 996 1561 1049 ού
1592 994 1722 1065 περὶ

152 1094 244 1161 τῆς
268 1088 566 1160 παρθενίαν
589 1084 850 1154 ἑλομένης
869 1099 884 1113 ο
915 1082 1016 1161 ήδη
1050 1081 1158 1161 γὰρ
1196 1080 1331 1149 αῦτη
1365 1081 1627 1161 ἦμρτεν.
1660 1078 1722 1161 Εἰ

154 1156 253 1240 γάρ
280 1156 551 1237 αί’χῆραι
587 1168 761 1234 κρῖμα
788 1163 967 1231 έχουσι
999 1160 1269 1229 δευτέροις
1306 1156 1583 1240 ὁμιλοῦσαι
1621 1156 1722 1224 γά-

327 1249 425 1302 ἐάν
474 1244 624 1310 ἅπαξ
656 1245 884 1297 ἕλωνται
922 1241 1165 1313 χηρείαν,
1209 1241 1385 1310 πολλῷ
1428 1238 1623 1322 μᾶλλον
1665 1240 1722 1291 αί

154 1321 424 1404 παρθένοι.
453 1331 676 1397 Θλῖψιν
700 1327 771 1381 δὲ
794 1325 867 1394 τῇ
898 1325 1078 1393 σαρκὶ
1099 1325 1355 1404 ἕξουσιν,
1374 1327 1427 1377 οὶ
1447 1321 1720 1404 τοιοῦτοι.

166 1399 313 1465 Ἀλλὰ
338 1411 437 1465 καὶ
473 1409 689 1478 ἡδονὴν,
714 1407 899 1476 φησίν.
943 1404 1104 1457 Ἀλλά
1137 1404 1232 1456 καὶ
1259 1402 1463 1472 ταύτην
1489 1402 1589 1470 ὅρα
1609 1399 1725 1461 πῶς

154 1496 415 1551 ἀνέστειλε
448 1497 515 1563 τῇ
552 1490 849 1562 βραχύτητι
880 1489 973 1542 τοῦ
1004 1488 1219 1559 καιροῦ,
1277 1486 1463 1540 εἰπών·
1512 1486 1573 1539 '0
1605 1503 1726 1538 και-

152 1576 245 1644 ρὸς
276 1568 780 1636 συνεσταλμένος
813 1567 947 1619 ἐστι
989 1584 1003 1597 ·
1057 1565 1353 1629 τουτέστιν,
1403 1563 1726 1632 Ἀποδημείν

154 1654 484 1724 κελευόμεθα
532 1653 627 1705 καὶ
665 1649 861 1711 ἐξιέναι
898 1648 1101 1711 λοιπὸν,
1134 1649 1197 1700 σὺ
1231 1647 1285 1699 δὲ
1312 1647 1569 1716 ἐνδοτέρω
1599 1645 1727 1716 τρέ-

154 1758 275 1811 χεις.
325 1736 525 1791 Καίτοι
566 1737 615 1787 εί
660 1735 754 1787 καὶ
806 1732 972 1803 μηδὲν
1006 1727 1149 1801 εἶχεν
1196 1730 1431 1799 ἐπαχθὲς
1462 1732 1489 1782 ὁ
1527 1729 1722 1798 γάμος,

154 1824 235 1875 καὶ
260 1821 439 1883 οὕτως
487 1815 804 1885 ἐπείγεσθαι
836 1814 972 1885 πρὸς
1014 1814 1083 1866 τά
1123 1812 1381 1883 μέλλοντα
1424 1812 1565 1865 ἔδει·
1598 1812 1725 1864 ὃταν

152 1902 535 1970 samem/1v
566 1901 686 1969 ἔχῃ,
736 1898 788 1949 τί
834 1899 915 1950 δεῖ
963 1895 1176 1964 φορτίον
1223 1894 1614 1964 ἐπισύρεσθαι;
1672 1893 1725 1945 τί

151 1987 247 2057 χρὴ
278 1986 473 2038 λαϐεῖν
500 1982 754 2036 τοσοῦτον
782 1979 967 2047 δγκον,
998 1979 1123 2030 ὅταν
1155 1978 1249 2030 καὶ
1282 1978 1419 2047 μετά
1452 1978 1512 2027 τὸ
1542 1974 1725 2028 λαϐεῖν

153 2072 281 2122 οὕτω
302 2070 415 2121 δέοι
437 2066 699 2137 χρῆσθαι,
716 2064 789 2127 ώς
824 2063 896 2132 μὴ
917 2062 1105 2131 ἔχοντα
1133 2079 1147 2127 ;
1178 2062 1272 2113 καὶ
1300 2060 1426 2131 γὰρ,
1462 2062 1527 2113 Ol
1557 2061 1727 2129 έχον-

155 2171 241 2220 τες
294 2152 618 2222 γυναῖκας,
682 2147 871 2217 φησὶν,
912 2146 1013 2199 ἵνα
1049 2145 1128 2210 ὠς
1158 2143 1245 2213 μὴ
1279 2144 1525 2211 ἔχοντες
1552 2138 1722 2195 ὦσιν.

157 2236 273 2289 Εἶτα
311 2235 497 2297 ἐνθείς
547 2250 601 2285 τι
644 2231 739 2284 καὶ
787 2229 895 2283 τῶν
929 2227 1249 2298 μελλόντων,
1292 2225 1452 2279 πάλιν
1491 2226 1625 2294 πρὸς
1666 2225 1727 2277 τὺ

158 2320 314 2390 παρὸν
360 2320 548 2389 ἤγαγε
591 2316 684 2368 τὸν
733 2314 911 2381 λόγον.
967 2312 1048 2365 Τά
1098 2311 1198 2382 μὲν
1235 2309 1343 2380 γὰρ
1387 2310 1728 2379 πνευματικά

156 2406 287 2455 ἐστιν
318 2419 332 2432 ο
378 2402 470 2453 ὅτι
502 2401 535 2470 ἠ
575 2399 673 2467 μὲν
706 2396 776 2449 τά
810 2396 905 2448 τοῦ
950 2394 1160 2465 ἀνδρὸς,
1208 2395 1240 2463 ἡ
1280 2393 1334 2444 δὲ
1372 2392 1438 2444 τὰ
1469 2392 1562 2444 τοῦ
1593 2392 1726 2444 Θεοῦ

159 2485 388 2554 μεριμνᾷ
424 2498 439 2512 ·
480 2481 550 2535 τὰ
577 2481 632 2533 δὲ
665 2478 758 2533 τοῦ
794 2478 1058 2549 παρόντος
1090 2477 1228 2546 βίου,
1274 2476 1351 2539 τὸ,
1385 2474 1545 2529 Θέλω
1575 2474 1729 2544 ὑμᾶς

156 2568 515 2635 ἀμερίμνους
570 2559 742 2615 εἶναι.
788 2561 926 2613 Ἀλλ’
977 2561 1125 2630 ὅμως
1168 2560 1260 2611 καὶ
1312 2558 1483 2621 οὕτως
1537 2558 1729 2625 ἀφίησι

159 2651 384 2720 κυρίους.
444 2648 505 2700 Ὀ
535 2646 643 2715 γὰρ
683 2645 820 2715 μετά
844 2645 904 2696 τὸ
930 2642 1207 2708 ἀποδεῖξαι
1232 2641 1293 2694 τὸ
1327 2643 1541 2713 αἱρετὸν
1569 2642 1729 2695 πάλιν

159 2733 500 2801 ἀναγκάζων,
548 2731 696 2782 δοκεῖ
735 2729 809 2797 μὴ
866 2727 1084 2797 θαρρεῖν
1128 2728 1241 2787 τοῖς
1284 2725 1473 2777 ἑαυτοῦ
1530 2726 1727 2793 λόγοις.

157 2821 307 2870 Ὥστε
352 2821 425 2887 τῆ
450 2820 453 2821 ⁷
480 2815 828 2883 συγχωρήσει
882 2811 1081 2880 μᾶλλον
1120 2809 1430 2877 ἐπηγάγετο
1472 2810 1565 2861 καὶ
1597 2827 1730 2861 κατ-

159 2902 302 2969 έσχεν
331 2897 510 2951 εἰπών
533 2912 549 2927 '
589 2896 770 2949 Τοῦτο
796 2894 863 2945 δέ
891 2894 1039 2959 πρὸς
1064 2892 1129 2944 τὸ
1164 2890 1331 2958 ὑμῶν
1353 2890 1552 2943 αὐτῶν
1579 2906 1731 2959 συμ-

160 2983 532 3053 ρέρονλέτω,
566 2982 678 3047 οὐχ
709 2978 806 3029 ἵνα
830 2977 1063 3043 βρόχον
1090 2975 1229 3041 ὑμῖν
1255 2975 1535 3035 ἐπιϐάλω,
1566 2973 1726 3027 ἀλλὰ

160 3068 296 3135 πρὸς
316 3066 384 3119 τὸ
410 3065 733 3132 εὔσχημον
762 3061 857 3113 καὶ
892 3057 1319 3126 εὐπρόσεδρον.
1358 3058 1725 3109 Ἀκουέτωσαν

1164 321 1232 377 ΙΝ
1306 319 1519 376 EPIST.
1559 321 1579 375 1
1614 319 1705 374 AD
1741 318 1900 376 COR.
1936 317 2171 374 HOMIL.
2207 319 2324 375 XX.

3286 331 3387 387 £60

1821 436 1877 488 αί
1912 434 2187 505 παρθένοι,
2219 435 2299 488 ὅτι
2331 433 2431 488 ούκ
2466 434 2524 489 ἐν
2552 434 2723 506 τούτῳ
2758 432 2989 506 ὥρισται
3020 438 3053 510 ἡ
3081 440 3348 511 παρθενία
3372 460 3386 474 ·

1822 518 1855 588 ἡ
1881 517 1989 588 γὰρ
2022 517 2337 587 μεριμνῶσα
2360 517 2430 570 τά
2448 516 2539 569 τοῦ
2572 517 2801 587 κόσμου,
2831 519 2940 571 οὐδ’
2974 521 3041 573 ἂν
3064 523 3149 592 εἴη
3180 525 3387 596 παρθέ-

1822 616 1909 660 νος
1936 599 2056 651 οὐδὲ
2097 600 2408 669 εὐσχήμων.
2441 599 2625 652 Ἐίπὼν
2653 601 2783 670 γάρ,
2812 601 3172 670 Μεμέρισται
3218 608 3314 660 καὶ
3350 610 3389 677 ἡ

1821 683 1975 751 γυνὴ
2004 681 2102 734 καί
2144 683 2181 749 ἡ
2229 682 2546 749 παρθένος,
2585 682 2745 735 τοῦτο
2785 682 2996 737 τέθεικε
3022 685 3083 737 τὸ
3113 686 3387 758 διάφορον,

1822 766 1915 816 καὶ
1963 758 2007 831 ᾧ
2057 765 2403 833 διεστήκασιν
2441 765 2705 834 ἀλλήλων.
2756 767 2866 818 Καὶ
2919 767 3044 836 ὅρον
3091 767 3265 832 διδοὺς
3294 770 3393 840 τῆς

1821 848 2088 917 παρθένου
2127 850 2219 903 καὶ
2246 849 2341 919 τῆς
2369 851 2429 901 ού
2471 848 2761 918 παρθένου,
2794 850 2853 902 οὐ
2885 851 3062 921 γάμον
3091 847 3244 905 εἶπεν
3273 852 3393 905 οὐδὲ

1822 932 2164 1002 ἐγκράτειαν,
2216 930 2353 983 ἀλλὰ
2392 932 2822 1003 ἀπραγμοσύνην
2861 935 2956 987 καί⁵
3005 933 3393 1005 πολυπραγμο-

1825 1014 2011 1084 σύνην.
2054 1014 2127 1066 Οὐ
2156 1013 2262 1083 γὰρ
2293 1016 2326 1084 ἠ
2362 1014 2507 1083 μίξις
2539 1015 2792 1083 πονηρὸν,
2834 1016 2969 1069 ἀλλά
2998 1017 3060 1069 τὸ
3105 1017 3393 1087 ἐμποδίζε-

1824 1095 1948 1148 σθαι
1996 1095 2131 1166 πρὸς
2180 1096 2515 1165 φιλοσοφίαν.
2556 1099 2626 1149 El
2662 1095 2730 1149 δέ
2773 1114 2864 1162 τις
2895 1099 3269 1168 ἀσχημονεῖν
3292 1100 3394 1153 ἐπί

1825 1176 1943 1244 τὴν
1971 1177 2271 1245 παρθένον
2314 1178 2498 1231 αὐτοῦ
2542 1179 2780 1248 νομίζει.
2822 1181 3083 1235 Ἐνταῦθα
3119 1182 3264 1236 δοκεῖ
3294 1184 3394 1253 μιν

1824 1261 1962 1331 ὑπὲρ
1983 1262 2160 1328 γάμου
2200 1260 2572 1329 διαλέγεσθαι’
2618 1262 2679 1314 τὸ
2712 1262 2769 1314 δὲ
2799 1264 2907 1317 πᾶν
2936 1264 3066 1333 περὶ
3101 1264 3394 1335 παρθενίας

1824 1343 2019 1414 φησίν·
2073 1344 2197 1396 ἐπεὶ
2251 1344 2346 1397 καὶ
2395 1343 2645 1414 δεύτερον
2697 1349 2967 1417 συγχωρεῖ
3013 1346 3162 1419 [168]
3195 1348 3392 1419 γάμον,

1828 1426 1987 1495 μόνον
2026 1428 2120 1478 Ἐν
2158 1427 2353 1495 Κυρίῳ
2395 1426 2586 1493 λέγων.
2632 1428 2697 1479 Τί
2728 1429 2785 1481 δέ
2819 1431 2987 1493 ἐστιν,
3030 1431 3125 1481 Ἐν
3164 1430 3393 1497 ΚυρΙῳ;

1824 1509 1978 1561 Μετά
2022 1500 2393 1578 σωφροσύνης,
2442 1509 2579 1579 μετά
2622 1510 2995 1581 κοσμιότητος.
3044 1510 3255 1583 Ταύτης
3288 1512 3395 1583 γὰρ

1828 1590 2101 1658 πανταχοῦ
2130 1591 2306 1659 χρεία,
2334 1594 2427 1643 καὶ
2455 1591 2535 1642 δεῖ
2560 1591 2763 1661 ταύτην
2794 1592 3040 1645 διώκειν·
3076 1594 3249 1656 ἄλλως
3286 1594 3395 1664 γάρ

1827 1672 1926 1725 οὐκ
1977 1673 2119 1723 ἔστιν
2160 1672 2284 1723 ἰδεῖν
2329 1673 2421 1724 τὸν
2459 1671 2611 1726 Θεόν.
2657 1674 2717 1725 Εἰ
2750 1674 2807 1726 δὲ
2852 1676 3277 1745 παρεδράμομεν
3324 1677 3395 1727 τά

1829 1754 1954 1822 περὶ
1988 1753 2086 1821 τῆς
2120 1752 2413 1823 παρθενίας
2434 1795 2448 1816 ,
2489 1754 2675 1823 μηδεὶς
2714 1755 2870 1825 ἡμῶν
2909 1756 3063 1809 δκνον
3093 1773 3395 1824 καταγινω-

1830 1836 2023 1887 σκέτω.
2064 1836 2173 1887 Καὶ
2216 1836 2323 1906 γὰρ
2366 1836 2653 1905 ὁλόκληρον
2697 1838 2829 1907 ἡμῖν
2875 1838 3077 1909 βιϐλίον
3123 1841 3202 1903 είς
3240 1839 3396 1892 τοῦτο

1829 1917 2112 1984 σύγκειται
2150 1917 2209 1969 τὸ
2236 1918 2452 1988 χωρίον,
2489 1921 2583 1971 καὶ
2624 1920 2762 1987 μετά
2803 1921 3087 1990 ἀκριϐείας
3124 1922 3223 1989 τῆς
3263 1923 3395 1991 ἡμῖν

1828 1999 2175 2069 ἐγχωρούσης
2212 2000 2328 2053 ἐκεῖ
2367 2002 2532 2052 πᾶσιν
2562 2000 2958 2065 ἐπεξελθόντες,
2987 2004 3395 2073 περιττολογίαν

1828 2076 1967 2133 εἶναι
2007 2082 2335 2150 ἐνομίσαμεν
2368 2083 2460 2133 καὶ
2507 2082 2741 2135 ἐνταῦθα
2766 2083 2929 2135 πάλιν
2962 2084 3101 2137 αὐτὰ
3142 2086 3392 2138 ἐνθεῖναι.

1828 2164 2025 2231 Διόπερ
2052 2164 2166 2215 ἐκεῖ
2191 2163 2655 2233 παραπέμψαντες
2685 2165 2823 2234 ὑπὲρ
2848 2165 3053 2218 τούτων
3076 2166 3168 2219 τὸν
3197 2169 3396 2237 ἀκροα-

1827 2246 1947 2315 τὴν,
1978 2245 2210 2298 ἐνταῦθα
2241 2248 2414 2298 ἐκεῖνο
2443 2245 2696 2315 ἐροῦμεν,
2728 2247 2811 2299 ὅτι
2848 2248 2947 2317 τὴν
2976 2248 3295 2319 ἐγκράτειαν
3319 2249 3398 2301 δεῖ

1828 2326 2061 2379 διώκειν.
2088 2326 2350 2399 Εἰρήνην
2368 2326 2495 2397 γὰρ,
2516 2328 2667 2397 φησὶ,
2698 2327 2954 2389 διώκετε,
2978 2330 3075 2383 καί
3099 2331 3205 2383 τὸν
3230 2332 3396 2398 ἁγια-

1828 2408 2006 2478 σμόν,
2073 2406 2146 2465 οὗ
2202 2410 2377 2478 χωρὶς
2448 2410 2645 2476 οὐδεὶς
2723 2412 2930 2480 ὄψεται
2991 2414 3099 2465 τὸν
3155 2415 3393 2479 Κύριον.

1831 2494 1927 2546 ”Ιν⁹
1954 2489 2046 2546 οῦν
2084 2494 2209 2545 ίδεῖν
2238 2492 2398 2544 αὑτὸν
2436 2491 2882 2563 καταξιωθῶμεν,
2912 2493 3013 2547 κᾶν
3041 2496 3097 2546 ἐν
3133 2494 3398 2564 παρθενίᾳ

1829 2570 1996 2646 ὦμεν,
2025 2576 2128 2628 κᾶν
2150 2578 2207 2627 ἐν
2235 2574 2435 2645 πρώτῳ
2470 2575 2653 2644 γάμῳ,
2697 2576 2797 2628 κᾶν
2834 2578 2889 2629 ἐν
2917 2576 3170 2647 δευτέρῳ,
3195 2576 3397 2645 ταύτην

1834 2656 2273 2727 μεταδιώκωμεν,
2317 2656 2402 2708 ἴνα
2438 2657 2689 2726 τύχωμεν
2721 2660 2817 2728 τῆς
2849 2658 3127 2727 βασιλείας
3164 2658 3270 2711 τῶν
3301 2660 3395 2710 ού-

1834 2738 2027 2811 ρανῶν,
2078 2741 2259 2808 χάριτι
2312 2738 2405 2790 καὶ
2442 2738 2820 2809 φιλανθρωπίᾳ
2862 2739 2956 2791 τοῦ
3003 2740 3207 2809 Κυρίου
3242 2740 3399 2810 ἡμῶν

1844 2821 2017 2891 Ἰησοῦ
2062 2814 2318 2889 Χριστοῦ,
2358 2820 2475 2888 μεθ’
2524 2814 2583 2873 οῦ
2627 2821 2704 2891 τῷ
2765 2824 2933 2892 Πατρὶ
2979 2822 3094 2892 ἅμα
3146 2822 3222 2892 τῷ
3260 2823 3401 2891 ἀγίῳ

1833 2904 2111 2973 Πνεύματι
2143 2901 2292 2968 δόξα,
2328 2902 2546 2973 κράτος,
2588 2904 2742 2972 τιμὴ,
2784 2904 2877 2956 νῦν
2920 2906 3015 2957 καὶ
3057 2906 3165 2970 ἀεὶ,
3198 2905 3291 2957 καὶ
3318 2906 3399 2968 είς

1835 2989 1960 3050 τοὺς
1992 2986 2189 3048 αἰῶνας
2227 2986 2336 3038 τῶν
2362 2985 2593 3039 αἰώνων.
2636 2987 2829 3057 ’Δμήν.

1678 3586 1919 3638 ΟΜΙΑΙΑ
1960 3587 2043 3639 Κ¹.

168 3760 405 3831 Περίίδὲ
461 3757 584 3831 τῶν
625 3750 1031 3831 είδω.Ξοούτςυιο
1080 3748 1327 3828 οἴδαμεν
1381 3745 1738 3831 ᾇτμπίὶνιτες

229 3817 459 3899 ξυνῶσιν
490 3828 730 3899 ἔχομεν.
777 3822 834 3876 Ἠ
863 3819 1082 3899 γνῶσις
1105 3818 1332 3886 φυσιοῖ,
1370 3821 1406 3885 ἡ
1436 3817 1501 3869 δὲ
1539 3817 1736 3885 ἀγάπη

228 3886 559 3966 οἰκοδομεῖ
594 3886 611 3894 ⁷
870 3886 881 3890 ⁷
978 3886 1028 3923 ’⁸

230 4020 294 4073 α’.
311 4015 644 4082 Ἀναγκαῖον
662 4008 877 4080 πρῶτον
900 4008 1071 4059 εἰπεῖν
1086 4006 1137 4058 τί
1164 4005 1410 4075 βούλεται
1432 4003 1739 4074 αὐτῷτουτί.

170 4103 221 4156 τὸ
254 4100 456 4171 χωρίον
477 4112 492 4124 ·
527 4094 671 4147 οὕτω
706 4091 816 4160 γὰρ
856 4090 1121 4158 εῦληπτος
1150 4088 1370 4171 ἔσταινό
1401 4087 1552 4171 λόγος
1586 4089 1735 4171 ἡμῖν.

178 4187 230 4238 '0
254 4170 357 4252 γὰρ
390 4174 802 4247 ἐγκαλούμενόν
839 4189 959 4224 τινα
979 4171 1139 4240 ὁρῶν,
1172 4171 1237 4223 ἂν
1270 4170 1343 4241 μὴ
1370 4170 1632 4239 πρότερον
1658 4170 1739 4240 ἴδη

170 4268 253 4321 τοῦ
281 4263 692 4335 ἁμαρτήματος
730 4256 829 4325 τὴν
873 4255 1057 4335 φύσιν,
1086 4255 1186 4306 οὐκ
1228 4254 1435 4305 εἴσεται
1473 4254 1595 4305 τίνα
1624 4254 1740 4305 ἐστὶ

171 4352 231 4402 τὰ
254 4333 555 4416 λεγόμενα.
596 4341 662 4392 Τί
708 4337 825 4391 ποτ’
849 4333 943 4416 οὖν
968 4336 1308 4416 ἐστινὸπερ
1329 4336 1570 4416 ἐνεκάλει
1619 4337 1739 4388 τότε

174 4413 508 4498 Κορινθίοις
543 4417 837 4487 Ἐγκλημα
873 4415 1012 4485 μέγα
1056 4414 1160 4498 καὶ»
1198 4413 1405 4466 πολλῶν
1451 4416 1620 4467 αἴτιον
1645 4433 1742 4468 κα-

176 4494 292 4565 κῶν.
329 4512 496 4562 Ποῖον
529 4504 594 4574 δὴ
627 4502 813 4565 τοῦτο;
843 4499 1034 4552 Πολλοὶ
1071 4494 1200 4569 παρ’
1229 4499 1411 4561 αὐτοῖς
1458 4498 1738 4568 μαθόντες,

174 4591 246 4641 ὅτι
279 4588 337 4640 ού
367 4586 442 4637 τὰ
468 4581 829 4652 εἰσερχόμενα
862 4580 1029 4631 κοινοῖ
1056 4577 1144 4629 τὸν
1176 4576 1481 4646 ἄνθρωπον,
1511 4578 1646 4631 ἀλλά
1673 4582 1740 4631 τά

176 4670 601 4742 ἐκπορευόμενα,
627 4665 720 4742 καὶ
746 4664 829 4742 δτι
856 4662 924 4713 τὰ
950 4660 1164 4742 είδωλα,
1206 4660 1337 4742 ξύλα
1359 4661 1609 4742 καὶ-λίθοι
1650 4663 1742 4714 καὶ

174 4738 439 4818 δαίμονες,
492 4743 619 4796 οὕτε
676 4740 876 4810 βλάψαι
936 4738 1059 4792 οῦτε
1116 4739 1392 4818 ὠφελῆσαι
1447 4740 1738 4810 δυνάμενα,

176 4817 418 4897 ἀμέτρως
464 4826 533 4893 τῇ
574 4821 872 4886 τελειότητι
908 4819 1007 4888 τῆς
1078 4817 1329 4885 γνώσεως
1379 4818 1581 4888 ταύτης
1622 4820 1744 4875 ἐκέ-

177 4921 385 4975 χρηντο,
424 4904 522 4955 καὶ
555 4902 636 4963 εἰς
665 4900 763 4968 τὴν
784 4898 986 4967 ἐτέρων
1019 4898 1111 4949 καὶ
1148 4897 1227 4958 είς
1255 4897 1353 4966 τὴν
1383 4899 1588 4950 ἑαυτῶν
1617 4900 1744 4968 βλά-

178 4989 291 5059 ϐην.
335 4986 451 5040 Καὶ
492 4986 603 5054 γὰρ
642 4983 723 5044 είς
748 4980 941 5033 εἴδωλα
981 4980 1253 5049 είσῄεσαν,
1293 4980 1515 5033 καὶτῶν
1556 4982 1741 5035 αὐτόοι

184 5073 421 5140 μετεῖχον
447 5064 764 5139 τραπεζῶν,
793 5062 887 5114 καὶ
917 5061 1089 5140 μέγαν
1128 5059 1375 5140 ἐντεῦθεν
1407 5062 1496 5115 τὸν
1524 5063 1743 5134 ὄλεθρον

182 5138 396 5201 ἔτικτον.
447 5138 513 5200 Οἵ
536 5162 595 5198 τε
627 5142 732 5211 γάρ
764 5140 842 5192 ἔτι
884 5139 973 5191 τὸν
1002 5139 1109 5192 τῶν
1144 5138 1377 5192 εἰδώλων
1411 5140 1620 5210 ἔχοντες
1652 5142 1746 5211 φό-

182 5226 282 5289 δον,
328 5226 425 5278 καὶ
466 5224 570 5276 οὐκ
618 5220 817 5283 εἰδότες
850 5217 1028 5272 αὐτῶν
1075 5223 1451 5290 καταφρονεῖν,
1503 5225 1746 5292 μετεῖχον

182 5311 277 5360 τῶν
308 5310 542 5360 δείπνων
578 5303 821 5365 ἐκείνων,
852 5300 1037 5371 ἐπειδὴ
1073 5303 1200 5363 τοὺς
1239 5302 1603 5373 τελειοτέρους
1647 5304 1747 5356 ἐώ-

186 5403 283 5456 ρων
302 5386 462 5438 τοῦτο
489 5382 801 5443 ποιοῦντας,
834 5380 928 5431 καὶ
955 5378 1023 5432 τά
1057 5380 1289 5449 μέγιστα
1318 5382 1562 5436 ἐντεῦθεν
1588 5384 1746 5437 ἐϐλά-

184 5486 369 5521 πτοντο
404 5468 545 5537 (οὐδὲ
572 5466 685 5535 γάρ
727 5462 862 5533 μετὰ
892 5462 996 5530 τῆς
1040 5462 1211 5529 αὐτῆς
1256 5464 1483 5527 ἐκείνοις
1524 5466 1749 5537 γνώμης

184 5550 282 5603 τῶν
304 5550 683 5620 προκειμένων
722 5547 978 5615 ἥπτοντο,
1001 5544 1118 5598 ἀλλ’
1147 5545 1223 5608 ὡς
1249 5547 1333 5598 ἐπ’
1362 5548 1747 5613 εἰδωλοθύτων,

186 5630 272 5681 καὶ
310 5630 430 5691 ὁδὸς
468 5631 560 5682 ἐπὶ
604 5623 1046 5692 εἰδωλολατρείαν
1104 5623 1167 5675 τὸ
1214 5626 1444 5694 πρᾶγμα
1487 5628 1745 5697 ὲγίνετο)·

188 5707 326 5759 αὐτοί
373 5726 437 5761 τε
482 5704 627 5760 οὗτοι
664 5704 828 5756 πάλιν
868 5704 917 5755 οί
960 5702 1117 5772 δῆθεν
1159 5703 1501 5776 τελειότεροι,
1529 5708 1629 5775 οὐχ
1675 5708 1750 5771 ώς

190 5787 366 5859 ἔτυχεν
381 5789 681 5860 ἠδικοῦντο,
702 5783 1030 5856 δαιμονικῶν
1056 5784 1415 5854 ἀπολαύοντες
1440 5789 1746 5858 τραπεζῶν.

1841 3755 1911 3806 Τὸ
1940 3755 2036 3824 μὲν
2067 3750 2158 3807 οὖν
2190 3755 2441 3826 ἔγκλημα
2464 3757 2620 3810 τοῦτο
2643 3754 2709 3829 ἦν
2752 3773 2762 3785 ·
2791 3760 2818 3810 ὁ
2846 3759 2901 3809 δέ
2943 3760 3211 3829 μακάριος
3251 3756 3408 3827 οὗτος

1843 3838 2047 3906 μέλλων
2078 3838 2206 3889 αὐτὸ
2232 3838 2493 3909 διορθοῦν,
2513 3842 2610 3892 οὐκ
2642 3839 2842 3901 εὐθέως
2867 3845 3278 3913 καταφορικῶς⁸
3311 3847 3406 3897 κέ-

1840 3939 1870 3989 χ
1877 3938 2035 3990 ρηται
2064 3920 2140 3990 τῷ
2169 3922 2308 3992 λόγῳ
2327 3937 2339 3950 ·
2366 3923 2457 3974 καὶ
2484 3924 2591 3992 γὰρ
2623 3924 2807 3984 ἀνοίας
2836 3924 3031 3992 μᾶλλον
3060 3926 3091 3995 ἢ
3122 3928 3318 3989 κακίας
3340 3924 3408 3997 ἦν

1840 4007 1899 4057 τὸ
1928 4005 2230 4074 γινόμενον.
2262 4006 2351 4058 Διὸ
2398 4008 2491 4059 καὶ
2536 4008 2907 4076 παραινέσεως
2937 4009 2994 4059 ὲν
3034 4012 3172 4079 ἀρχῇ
3211 4011 3410 4080 μᾶλλον

1841 4086 2010 4138 ἐδεῖτο
2067 4085 2238 4156 [1691.
2298 4084 2331 4155 ἢ
2389 4087 2731 4155 ἐπιπλήξεως
2785 4089 3018 4158 σφοδρᾶς
3075 4094 3166 4143 καὶ
3219 4094 3403 4163 ὀργῆς.

1841 4165 2039 4216 Σκόπει
2069 4164 2247 4217 τοίνυν
2274 4164 2437 4216 αὑτοῦ
2471 4167 2569 4234 τὴν
2612 4165 2847 4229 σύνεσιν,
2881 4167 2995 4229 πῶς
3023 4168 3221 4231 εὐθέως
3248 4172 3410 4241 ἄρχεο

1839 4264 1929 4298 ται
1963 4246 2062 4316 τῆς
2092 4247 2389 4310 νουθεσίας.
2434 4252 2572 4312 Περὶ
2616 4248 2683 4299 δὲ
2722 4248 2838 4301 τῶν
2873 4250 3294 4313 είδωλοθύτων,
3327 4256 3411 4307 οἵ·

1840 4326 2027 4393 δαμεν
2072 4325 2160 4377 ὅτι
2190 4324 2410 4392 πάντες
2455 4326 2680 4395 γνῶσιν
2711 4327 2949 4395 ἔχομεν.
2985 4329 3121 4391 Τοὺς
3167 4332 3410 4395 ἀσθενεῖς

1841 4410 2022 4477 ἀφεὶς,
2049 4410 2185 4477 ὅπερ
2208 4410 2293 4461 ἀεὶ
2322 4412 2485 4470 ποιεῖ,
2519 4412 2627 4473 τοῖς
2657 4409 2897 4477 ἰσχύουσι
2935 4410 3234 4479 διαλέγεται
3263 4415 3412 4484 πρώ-
3456 4410 3459 4413 λ

1840 4510 1973 4553 τοις.
2000 4490 2166 4544 Τοῦτο
2204 4492 2313 4561 γὰρ
2346 4490 2440 4543 καὶ
2470 4490 2527 4542 ὲν
2554 4492 2617 4561 τῇ
2651 4494 2785 4561 πρὸς
2824 4493 3129 4561 Ῥωμαίους
3157 4496 3413 4563 ἐποίησεν

1842 4573 2009 4626 εἰπών
2030 4591 2043 4603 ·
2076 4572 2158 4626 Σὺ
2187 4571 2254 4624 δὲ
2298 4573 2355 4624 τι
2396 4572 2617 4639 κρίνεις
2655 4572 2761 4623 τὸν
2789 4572 3056 4641 ἀδελφόν
3084 4590 3232 4641 σου;
3258 4570 3413 4639 οὗτος

1840 4657 1951 4727 γάρ
1984 4660 2129 4709 ἐστιν
2157 4659 2183 4708 ὁ
2212 4656 2304 4708 καὶ
2342 4656 2659 4724 ἐπιτίμησιν
2703 4654 2940 4719 εὐκόλως
2970 4656 3227 4722 δέξασθαι
3253 4659 3412 4713 δυνά-

1847 4757 2024 4810 μενος.
2060 4741 2123 4791 Ὃ
2161 4739 2222 4809 δὴ
2250 4740 2344 4793 καὶ
2375 4740 2401 4777 b
2431 4736 2662 4791 ἐνταῦθα
2698 4741 2883 4790 ποιεῖ’
2913 4740 3005 4791 καὶ
3034 4742 3182 4791 κενοῖ
3204 4741 3296 4793 τὸν
3323 4741 3416 4795 τῦ-

1844 4842 1942 4893 φον
1968 4824 2145 4878 αὐτῶν
2171 4825 2404 4895 πρῶτον,
2451 4824 2586 4889 ὅπερ
2612 4822 2859 4891 ἐνόμιζον
2899 4822 3077 4875 αὐτῶν
3101 4819 3243 4878 εἶναι
3271 4825 3415 4891 ἐξαίει

1849 4923 2001 4977 ρετον
2036 4908 2097 4957 τὸ
2119 4908 2321 4974 γνῶσιν
2362 4906 2504 4975 ἔχειν
2542 4904 2773 4967 τελείαν,
2804 4904 2958 4957 τοῦτο
2990 4907 3166 4960 κοινὸν
3203 4909 3417 4980 ἀποφή-

1844 5005 1941 5050 νας
1966 5006 1979 5019 ο
2016 4988 2270 5055 Οἴδαμεν
2290 4987 2418 5056 γὰρ,
2447 4986 2630 5057 φησὶν,
2665 4986 2753 5038 ὅτι
2776 4986 2998 5054 πάντες
3026 4988 3251 5058 γνῶσιν
3279 4991 3417 5060 ﬁxo-

1843 5086 1975 5139 μεν.
2015 5072 2123 5122 Καὶ
2158 5071 2265 5138 γάρ
2295 5070 2343 5120 εἰ
2381 5070 2537 5136 ἀφεὶς
2567 5069 2762 5131 αὐτοὺς
2810 5070 2955 5139 μέγα
2986 5074 3222 5139 φρονεῖν,
3262 5075 3416 5143 πρῶ-

1846 5169 1937 5204 τον
1970 5151 2165 5216 ἔδειξεν
2185 5150 2475 5213 ἐπιϐλαϐἐς
2501 5150 2557 5203 ὃν
2580 5150 2640 5203 τὸ
2665 5152 2896 5223 πρᾶγμα
2929 5152 3156 5222 ἑτέροις,
3182 5155 3333 5208 οὐδὲν
3350 5154 3417 5209 ἂν

1848 5234 2101 5288 τοσοῦτον
2128 5233 2428 5303 ὠφέλησεν,
2461 5234 2585 5287 ὅσον
2613 5232 2862 5303 ἔϐλαψεν.
2908 5236 2971 5289 Ἠ
2997 5237 3105 5307 γὰρ
3141 5237 3419 5308 φιλότιμος

1849 5319 2017 5388 ψυχὴ,
2049 5318 2175 5371 ὅταν
2206 5320 2296 5370 ἐπι
2325 5318 2428 5370 τινί
2457 5316 2886 5388 καλλωπίζηται,
2916 5322 3019 5373 κᾶν
3050 5321 3267 5391 ἐτέρους
3291 5322 3417 5392 βλά-

1852 5419 1959 5470 πτῃ
1998 5399 2173 5465 τοῦτο,
2209 5401 2413 5472 σφόδρα
2454 5402 2616 5455 αὐτοῦ
2654 5402 2834 5471 ἔχεται
2873 5402 2960 5457 διά
2990 5404 3089 5473 τὴν
3125 5404 3225 5475 τῆς
3265 5421 3416 5458 κενου

1851 5485 2029 5549 δοξίας
2079 5486 2389 5557 τυραννίδα.
2432 5484 2532 5539 Διὰ
2578 5484 2738 5538 τοῦτο
2777 5485 2988 5550 Παῦλος
3034 5487 3248 5558 πρῶτον
3286 5486 3421 5540 αὐτὸ

1918 5680 1944 5708 ⁸
1974 5679 2168 5739 More..,
2192 5681 2539 5744 καταφρονικῷ,
2564 5680 2709 5744 male,
2731 5679 2902 5737 Savil.,
2926 5680 3243 5744 καταφορικιῖξ.
3274 5678 3420 5744 ῌοεη

1854 5737 2199 5817 ναταφορικῶς.
2266 5746 2296 5785 b
2318 5737 2393 5793 lia
2416 5737 2560 5804 Reg,
2585 5741 2763 5791 melius
2776 5754 2920 5803 quam
2944 5737 3085 5801 editi,
3107 5737 3191 5801 qui
3218 5737 3418 5797 habuit;

1855 5818 1882 5851 0
1904 5816 1954 5851 ΟΕ
1974 5819 2075 5856 και,
