3838 6214
447 424 575 481 καθ’
615 417 865 481 ἐαυτὸτὸ
911 412 1145 483 πρᾶγμα
1191 406 1456 474 ἐξετάζει,
1487 407 1624 474 ὅπερ
1668 403 1765 457 καὶ
1795 399 1890 456 ἐπὶ
1925 397 2027 466 τῆς

447 515 644 584 σοφίας
663 512 761 580 τῆς
789 505 984 573 ἔξωθεν
1007 505 1064 556 ἐν
1088 504 1200 564 τοῖς
1231 497 1539 570 ἔμπροσθεν
1562 495 1807 562 ἐποίησε,
1827 489 2024 584 καθαι-

591 602 760 670 αὐτὴν
790 598 907 670 μεθ’
937 592 1264 666 ὑπερϐολῆς.
1311 589 1455 642 Ἀλλ’
1488 589 1604 640 ἐκεῖ
1637 586 1737 679 μὲν
1757 581 1917 679 τοῦτο
1945 580 2026 679 εξ-

447 667 625 758 κότως
653 667 856 746 ἐποίειο
893 689 1013 742 ὅλον
1038 684 1146 755 7&9
1192 681 1369 736 διόλου
1409 677 1740 748 κατηγορίας
1775 672 1925 737 ἀξιον
1959 667 2028 741 ἦν

447 787 545 844 καὶ⁵
592 784 762 851 πολλὴ
808 783 842 852 ἠ
895 776 1147 832 εὐκολία⁶
1199 774 1388 842 διόπερ
1421 768 1552 835 λούδέ
1599 765 1853 860 περιττὸν
1897 760 2030 815 αὐτὸ

446 879 687 932 δείκνυσι
737 873 898 944 μόνον
923 910 938 934 ,
978 866 1115 921 ἀλλά
1154 864 1253 918 καὶ⁸
1292 861 1536 916 ἐναντίον
1574 853 1651 928 τῷ
1683 853 2024 944 κηρύγματι.

461 969 726 1028 Ἐνταῦθα
741 942 808 1021 -δέ
831 966 930 1020 οὐκ
956 963 1083 1032 ἐνῆν
1121 959 1278 1014 τοῦτο
1307 957 1528 1026 ποιῆσαι
1548 970 1562 984 ο
1598 949 1799 1020 γνῶσις
1829 948 1937 1016 γὰρ
1960 942 2027 1017 ἧν

444 1061 509 1114 τὸ
545 1059 884 1128 τελούμενον,
919 1053 1018 1130 καὶ
1053 1050 1256 1121 γνῶσις
1303 1045 1504 1100 τελεία.
1541 1040 1682 1095 Οῦτε
1726 1035 1820 1092 οῦν
1855 1037 2026 1130 αὐτὴν

359 1183 368 1192 ·
444 1150 770 1207 καταϐαλεῖν
815 1145 1056 1216 ἀσφαλὲς
1093 1139 1184 1214 ἦν,
1232 1139 1444 1194 καὶτὸν
1491 1134 1659 1204 τῦφον
1703 1132 1880 1192 ἄλλως
1925 1129 2025 1180 οὐκ

442 1243 574 1314 ἐνῆν
615 1239 868 1294 ἐκϐαλεῖν
903 1238 993 1291 τὸν
1021 1236 1115 1288 ἐπὶ
1146 1231 1337 1303 ταύτῃ.
1368 1230 1435 1282 Τί
1462 1222 1556 1282 οὖν
1589 1226 1769 1288 ποιεῖς
1798 1220 2023 1314 Πρῶτον

441 1335 522 1406 τῷ
573 1334 746 1398 δεῖξαι
794 1330 982 1402 κοινὴν
1013 1329 1188 1397 αὐτὴν
1220 1321 1405 1388 οὖσαν,
1445 1317 1800 1375 καταστέλλει
1831 1315 1893 1368 τὸ
1918 1313 2023 1384 φύ-

445 1442 599 1498 σημα
623 1426 685 1479 τὸ
711 1424 956 1478 ἐκείνων.
985 1422 1047 1474 Οἱ
1069 1418 1177 1489 γὰρ
1209 1415 1424 1486 ἔχοντές
1453 1430 1508 1466 τι
1540 1412 1685 1482 μέγα
1715 1409 1810 1464 καὶ
1833 1407 2019 1471 καλὸν,

442 1521 572 1574 ὃταν
611 1519 763 1588 μόνοι
803 1516 988 1587 ἔχωσι,
1035 1511 1237 1582 μᾶλλον
1282 1507 1602 1578 ἐπαίρονται
1626 1521 1641 1534 '
1679 1503 1746 1558 ἂν
1785 1503 1842 1556 δὲ
1887 1500 2022 1573 μετά

445 1616 621 1669 ἀλλων
647 1610 886 1681 φανῶσιν
902 1606 1032 1660 αὐτὸ
1060 1620 1228 1673 κεκτη
1239 1601 1410 1673 μένοι,
1442 1598 1627 1651 ούκέτι
1647 1596 1848 1666 ὁμοίως
1868 1593 2023 1646 τοῦτο

443 1708 735 1775 πάσχουσι.
786 1697 1007 1770 Πρῶτον
1040 1696 1140 1766 μὲν
1183 1689 1276 1746 οὖν
1322 1690 1455 1744 αύτὸ
1490 1689 1805 1754 κοινοποιεῖ,
1834 1685 2022 1755 ἐπειδὴ

441 1798 640 1851 ἐκεῖνοι
665 1791 841 1846 αὐτῶν
861 1788 994 1842 αὐτὸ
1009 1783 1148 1839 εἶναι
1169 1781 1416 1853 ἐνόμιζον
1437 1779 1610 1851 μόνων
1630 1777 1853 1831 ’ἔπειτα
1874 1777 2024 1845 ποιή-

440 1905 542 1950 σας
572 1883 771 1947 κοινὸν,
804 1881 864 1934 06
892 1878 1106 1949 τίθησιν
1136 1875 1329 1928 ἐαυτὸν
1357 1875 1412 1925 ἐν
1438 1874 1505 1943 τῇ
1545 1870 1802 1940 κοινωνίᾳ
1836 1868 2016 1938 μόνον,

437 1980 564 2035 ἐπεὶ
591 1979 688 2032 καὶ
705 1975 879 2037 οὕτως
898 1973 964 2027 ἂν
983 1969 1182 2041 μᾶλλον
1210 1967 1406 2028 αὐτοὺς
1428 1963 1653 2034 ἐπῆρεν.
1679 1961 1892 2029 ’Ὠσπερ
1912 1957 2020 2027 γάρ

439 2071 503 2125 τὸ
536 2071 695 2140 μόνον
733 2065 875 2136 ἔχειν
910 2061 1150 2132 ἐπαίρει,
1191 2058 1334 2112 οὕτω
1371 2055 1626 2122 κοινωνὸν
1656 2053 1754 2106 ἕνα
1789 2069 1890 2104 που
1926 2050 2020 2102 καὶ

325 2219 328 2222 ,
439 2161 692 2232 δεύτερον
725 2158 866 2228 ἔχειν
890 2154 997 2208 τῶν
1025 2151 1423 2223 ὑπερεχόντων,
1459 2148 1560 2200 οὐκ
1601 2146 1823 2198 ἔλαττον
1859 2142 2020 2196 τοῦτο

441 2255 604 2306 ποιεῖ.
649 2251 745 2306 Διά
777 2247 936 2302 τοῦτο
978 2247 1076 2315 οὐχ
1109 2242 1299 2297 ἑαυτὸν
1334 2241 1571 2311 τίθησιν,
1604 2239 1756 2292 ἀλλὰ¹
1786 2237 2014 2301 πάντας.

441 2345 516 2399 U6
547 2344 655 2414 7&9
679 2337 852 2406 εἶπεν,
877 2339 960 2392 ὅτι
989 2335 1100 2390 Καὶ
1135 2334 1244 2404 ἐγὼ
1277 2332 1386 2403 ἔχω
1422 2331 1646 2401 γνῶσιν,
1673 2328 1810 2392 ἀλλ’,
1843 2326 2016 2381 Οἶδα-

433 2453 551 2508 μεν
587 2436 677 2490 ὅτι
705 2432 926 2498 πάντες
959 2429 1186 2501 γνῶσιν
1229 2426 1469 2496 ἔχομεν.
1508 2423 1623 2477 Ἑνὶ
1653 2416 1867 2493 μὲνοῦν
1895 2418 2018 2472 106-

437 2546 519 2599 τῳ
551 2525 752 2598 πρώτῳ
781 2522 1076 2577 κατέϐαλεν
1098 2519 1274 2575 αὐτῶν
1301 2519 1364 2572 τὸ
1397 2518 1671 2589 φρόνημα,
1695 2509 2016 2582 δευτέρῳδέ

442 2617 833 2688 σφοδροτέρως.
861 2614 1006 2685 Ποίφ
1024 2614 1089 2683 δὴ
1105 2611 1278 2681 τούτῳ
1297 2628 1312 2676 ;
1333 2609 1422 2680 Τῷ
1443 2609 1615 2674 δεῖξαι
1636 2607 1718 2666 ὅτι
1741 2605 1861 2659 οὐδὲ
1886 2603 2017 2658 αὐτὸ

437 2709 501 2761 τὸ
545 2709 778 2779 πρᾶγμα
826 2703 1234 2776 ἀπηρτισμένον
1278 2701 1448 2764 ἐστὶν,
1485 2699 1621 2753 ἀλλά
1669 2698 1765 2750 καὶ
1813 2695 2017 2765 σφόδρα

439 2799 657 2862 ἀτελές·
697 2797 792 2852 καὶ
827 2798 887 2850 06
918 2796 1076 2866 μόνον
1101 2793 1309 2857 ἀτελὲς,
1337 2791 1472 2845 ἀλλά
1494 2790 1587 2844 καὶ
1612 2787 1894 2859 βλαϐερὸν,
1923 2788 2016 2839 ἐὰν

442 2893 517 2964 μὴ
628 2870 1056 2959 συνεζευγμένον
1099 2888 1284 2958 ἔτερον
1317 2883 1486 2954 αὐτῷ.
1512 2881 1696 2936 Εἰπὼν
1729 2880 1861 2949 γὰρ,
1887 2880 2017 2932 Ὅτι

359 2999 364 3003 ·
437 2977 662 3042 πάντες
688 2975 911 3046 γνῶσιν
933 2974 1172 3044 ἔχομεν,
1208 2973 1489 3044 ἐπήγαγεν
1512 2986 1526 3000 ’
1565 2971 1634 3024 Ἠ
1658 2968 1880 3040 γνῶσις
1904 2985 2016 3037 59v-

435 3067 579 3131 σιοῖ,
605 3070 643 3137 ή
675 3067 744 3120 δὲ
767 3067 968 3136 ἀγάπη
996 3064 1309 3134 οἰκοδομεῖ.
1340 3064 1502 3116 Ὥστε
1530 3063 1659 3116 ὅταν
1680 3062 1850 3132 χωρὶς
1879 3061 2016 3128 ἀγά-

437 3174 545 3226 πης
577 3152 634 3228 ᾗ,
662 3157 758 3210 καὶ
787 3156 866 3219 είς
910 3154 1166 3208 ἀπόνοιαν
1199 3152 1365 3223 αίρει.
1420 3152 1558 3205 Ἀλλ’
1582 3151 1702 3204 ούδέ
1731 3153 1764 3221 ἡ
1803 3153 2013 3221 ἀγάπη,

438 3249 594 3318 φησὶ,
633 3247 800 3316 χωρὶς
836 3245 1088 3314 γνώσεως
1125 3244 1314 3314 κέρδος
1343 3243 1457 3314 ἔχει
1482 3261 1557 3298 τι.
1603 3243 1743 3296 Ἀλλ’
1770 3243 1870 3296 06x
1894 3241 2014 3296 εἷπε

435 3340 597 3394 τοῦτο
627 3353 641 3369 ·
684 3338 802 3392 ἀλλ’
838 3338 910 3401 ὼς
955 3336 1373 3406 ὡμολογημένον
1407 3336 1566 3403 ἀφεὶς
1593 3376 1608 3399 ,
1637 3335 1904 3389 δείκνυσιν
1933 3338 2014 3390 ὅτι

440 3431 649 3500 σφόδρα
692 3429 864 3482 δεῖται
909 3429 1120 3481 ἐκείνου
1168 3427 1351 3480 τοῦτο.
1394 3427 1454 3479 ὐ
1484 3428 1582 3495 μὲν
1606 3428 1714 3497 7&9
1763 3427 2011 3495 ἀγαπῶν,

441 3521 536 3574 ἆτε
559 3518 776 3589 ἐντολὴν
803 3517 1026 3589 πληρῶν
1051 3517 1148 3587 τὴν
1181 3517 1366 3570 πασῶν
1407 3517 1771 3588 κυριωτέραν,
1809 3518 1912 3571 κᾶν
1940 3518 2016 3570 ἐλο

439 3611 696 3666 λείποντά
738 3628 858 3663 τινα
897 3608 1015 3682 ἔχῃ,
1051 3609 1261 3679 ταχέως
1309 3607 1460 3680 1170]
1504 3609 1872 3662 ἀπολαύσεται
1915 3612 2015 3678 τῆς

439 3702 694 3771 γνώσεως
719 3701 806 3756 διὰ
851 3701 950 3771 τὴν
986 3701 1225 3769 ἀγάπην,
1274 3699 1464 3771 ὥσπερ
1499 3701 1528 3752 ό
1576 3701 1873 3771 Κορνήλιος
1922 3701 2014 3754 καὶ

437 3796 615 3866 ἕτεροι
646 3793 864 3846 πολλοί·
893 3794 921 3845 ὁ
949 3792 1006 3845 δὲ
1032 3790 1232 3860 γνῶσιν
1263 3789 1362 3860 μὲν
1411 3790 1572 3860 ἔχων,
1605 3791 1825 3860 ἀγάπην
1859 3791 1914 3844 δὲ
1939 3791 2014 3862 μὴ

439 3888 600 3956 ἔχων,
635 3887 696 3939 06
732 3886 890 3955 μόνον
925 3883 1078 3938 οὐδὲν
1119 3881 1512 3954 προσλήψεται,
1547 3882 1683 3935 ἀλλά
1721 3883 1817 3936 καὶ
1845 3883 2014 3953 αὐτῆς

441 3979 755 4030 ἐκπεσεῖται
781 3970 849 4045 ἧς
873 3974 1006 4044 ἔχει,
1048 3973 1306 4037 πολλάκις
1333 3975 1410 4036 είς
1445 3973 1703 4026 ἀπόνοιαν
1735 3971 2011 4043 ἐμπεσών.

443 4068 607 4118 Ὥστε
633 4067 664 4136 ή
693 4065 791 4136 μὲν
818 4066 1018 4133 γνῶσις
1050 4063 1272 4133 ἀγάπης
1293 4063 1393 4116 ούκ
1421 4061 1536 4114 ἔστι
1569 4063 1849 4131 ποιητικὴ,
1878 4060 2016 4113 ἀλλά

438 4155 536 4209 καὶ
560 4154 866 4208 τούναντίον
883 4153 1168 4225 ἀποσχίζει
1193 4155 1284 4206 τὸν
1312 4153 1386 4223 μὴ
1411 4154 1768 4225 προσέχοντα,
1791 4154 2015 4222 φυσῶσα

439 4247 536 4300 καὶ
558 4246 878 4317 ἐπαίρουσά.
909 4246 1018 4298 Καὶ
1041 4245 1148 4317 γὰρ
1172 4245 1401 4316 διαιρεῖν
1421 4245 1608 4298 εἴωθεν
1633 4248 1665 4316 ἡ
1692 4246 1978 4310 ἀλαζονεία
1995 4261 2010 4276 ⁸

435 4340 471 4409 ἡ
501 4337 558 4392 δέ
598 4338 787 4406 ἀγάπη
836 4337 931 4390 καὶ
980 4337 1231 4405 συνάγειν
1281 4336 1377 4390 καὶ
1421 4336 1556 4407 πρὸς
1600 4337 1798 4406 γνῶσιν
1835 4338 2009 4404 ἄγειν.

435 4427 611 4502 Ὅπερ
636 4425 730 4483 οὖν
768 4429 861 4482 καὶ
890 4427 1064 4499 δηλῶν
1087 4427 1276 4497 ἔλεγεν
1297 4443 1311 4458 ·
1345 4429 1415 4480 El
1447 4425 1514 4479 δέ
1548 4444 1638 4493 τις
1667 4425 1868 4497 ἀγαπᾷ
1910 4427 2015 4479 τὸν

435 4524 606 4587 Θεὸν,
638 4517 818 4588 οὗτος
849 4521 1143 4591 ἔγνωσται
1186 4521 1284 4574 ὐπ’
1324 4523 1534 4576 αὐτοῦ.
1565 4521 1728 4573 Ὥστε
1765 4522 1826 4574 o6
1857 4520 2014 4575 10610

432 4615 652 4678 κωλύω,
682 4614 837 4684 φησὶ,
869 4613 930 4666 τὸ
961 4612 1171 4667 τελείαν
1205 4611 1407 4680 γνῶσιν
1439 4612 1604 4683 ἔχειν,
1631 4612 1774 4665 ἀλλά
1791 4612 1850 4665 τὸ
1878 4615 2014 4681 μετά

432 4709 653 4775 ἀγάπης
681 4707 884 4776 ταύτην
905 4705 1071 4776 ἔχειν,
1102 4705 1260 4758 τοῦτο
1288 4705 1526 4758 κελεύω’
1561 4706 1682 4757 ἐπεὶ
1714 4707 1900 4775 κέρδος
1927 4708 2013 4759 06-

432 4789 542 4852 δὲν,
569 4789 705 4843 ἀλλά
729 4789 824 4843 καὶ
858 4790 1073 4860 βλάϐος.

513 4969 580 5040 β’.
595 4969 759 5040 Ὁρᾷς
786 4969 931 5032 ὅπως
951 4969 1052 5040 ἤδη
1068 4965 1541 5039 προανακρούεται
1555 4965 1643 5018 τὸν
1658 4984 1724 5018 πε
1732 4966 1785 5037 ρὶ
1796 4967 2014 5038 ἀγάπης

433 5061 624 5130 ).όγον;
663 5059 878 5130 Ἐπειδὴ
914 5059 1021 5129 γὰρ
1067 5059 1240 5112 ταῦτα
1287 5058 1465 5111 πάντα
1506 5057 1614 5110 ἀπὸ
1646 5056 1832 5110 τούτου
1888 5075 2013 5111 συν-

435 5154 617 5207 έϐαινε
648 5154 716 5207 τά
750 5151 916 5216 κακά,
953 5151 1048 5204 καὶ
1071 5152 1171 5203 οὐκ
1205 5133 1311 5204 ἀπὸ
1346 5151 1560 5214 τελείας
1595 5149 1865 5220 γνώσεως,
1895 5153 2010 5206 ἀλλ’

435 5247 543 5300 ἀπὸ
573 5245 667 5299 τοῦ
704 5246 781 5317 μὴ
822 5245 1026 5315 σφόδρα
1060 5244 1229 5312 φιλεῖν
1265 5246 1396 5316 μηδὲ
1429 5244 1702 5314 φείδεσθαι
1742 5244 1846 5298 τῶν
1875 5245 2011 5316 πλη-

437 5339 572 5404 σίον,
595 5338 716 5392 ὅθεν
748 5337 842 5392 καὶ
871 5337 935 5391 τὸ
957 5336 1355 5406 διασπασθῆναι
1382 5339 1577 5400 αὐτοὺς
1604 5338 1792 5407 γέγονε
1827 5339 1921 5391 καὶ
1950 5338 2010 5390 τὸ

433 5427 782 5500 ἐπαίρεσθαι,
827 5431 922 5484 καὶ
948 5428 1018 5483 τά
1047 5429 1182 5484 ἄλλα
1223 5430 1400 5484 πάντα
1435 5431 1577 5502 άπερ
1601 5432 1782 5496 αὐτοῖς
1817 5431 2008 5485 ἐνεκά-

432 5520 579 5586 λεσε,
613 5523 708 5575 καὶ
733 5521 839 5593 πρὸ
866 5523 1056 5576 τούτου
1075 5524 1169 5576 καὶ
1195 5522 1334 5593 μετά
1357 5523 1548 5588 ταῦτα,
1582 5525 1819 5595 συνεχῶς
1839 5525 2006 5596 αὐτῆς

431 5605 931 5689 ἐπιμελεῖται,’τὴν
970 5618 1153 5690 πηγὴν
1198 5619 1305 5674 τῶν
1351 5617 1571 5688 ἀγαθῶν
1604 5617 2004 5688 διορθούμενος.

434 5707 499 5760 Τί
520 5708 698 5762 τοίνυν
723 5708 1060 5780 πεφύσησθε,
1092 5711 1278 5782 φησὶν,
1300 5711 1392 5764 ἐπὶ
1420 5713 1484 5782 τῇ
1509 5711 1708 5780 γνώσει
1733 5730 1748 5778 ;
1775 5713 1872 5764 “Av
1899 5712 2008 5784 7&9

435 5799 530 5868 τὴν
564 5798 782 5873 ἀγάπην
819 5802 892 5874 μὴ
925 5802 1101 5875 ἔχητε,
1145 5805 1238 5859 καὶ
1273 5802 1608 5876 βλαϐήσεσθε
1643 5802 1922 5858 ἐντεῦθεν·
1954 5802 2006 5856 τί

1151 292 1212 350 S.
1249 287 1534 348 JOANNIS
1568 283 1923 343 CHRYSOS'I
1937 284 2055 337 υιιι
2108 282 2429 340 ΑιιυωΕΡ.
2467 285 3022 348 CONSTANTINOP.

2135 396 2243 468 7&9
2274 397 2600 464 ἀλαζονείας
2630 405 2839 474 χεῖρον;
2863 403 2931 460 ἂν
2959 405 3016 458 δέ
3049 405 3226 462 ἐκεῖνο
3251 413 3454 483 προσῇ,
3484 413 3590 466 καὶ
3609 417 3726 470 106-

2131 507 2193 544 10
2222 489 2376 545 ἔσται
2424 493 2483 545 ἐν
2508 492 2802 566 ἀσφαλείᾳ.
2854 495 2976 549 Κᾶν
3008 497 3114 568 γάρ
3152 517 3206 552 τι
3238 499 3405 556 πλέον
3435 503 3592 575 εἰδῇς
3633 509 3723 561 103

2127 581 2378 652 πλησίον,
2422 582 2596 651 φιλῶν
2632 585 2796 639 αὑτὸν
2829 586 2931 640 ούκ
2966 588 3191 659 ἐπαίρῃ,
3235 591 3375 646 ἀλλά
3424 595 3591 662 ἄγεις
3633 601 3724 651 καὶ

2129 674 2293 728 αὑτὸν
2321 676 2416 729 ἐπὶ
2442 675 2624 733 τοῦτο.
2653 678 2747 731 Διὸ
2775 677 2871 733 καὶ
2900 678 3090 744 εἰπὼν,
3133 681 3205 736 Ἦ
3229 682 3459 752 γνῶσις
3490 689 3724 756 φυσιοῖ,

2129 765 2434 836 ἐπήγαγεν,
2475 767 2538 821 Ἡ
2568 767 2637 820 δὲ
2665 768 2867 837 ἀγάπη
2902 771 3217 840 οἰκοδομεῖ.
3264 774 3380 827 οὐκ
3429 771 3583 842 εἷπε,
3613 779 3722 831 Με-

2127 857 2362 926 τριάζει,
2403 857 2542 912 ἀλλά
2585 858 2646 912 τὸ
2680 858 2861 930 πολλῷ
2901 861 3063 914 πλέον
3117 863 3212 916 καὶ
3255 867 3719 940 κερδαλεώτερον

2125 947 2247 1000 οὐδὲ
2279 948 2388 1018 7&9
2439 950 2619 1018 ἐφύσα
2657 951 2816 1021 μόνον
2856 953 2890 1023 ἡ
2935 952 3154 1023 γνῶσις,
3198 956 3336 1010 ἀλλά
3369 959 3469 1012 καὶ
3501 960 3718 1016 διέσπα.

2125 1036 2226 1090 Διά
2261 1036 2420 1090 τοῦτο
2456 1039 2652 1110 ἐκείνῳ
2674 1039 2833 1092 τοῦτο
2873 1041 3192 1113 ἀντέθηκεν.
3231 1041 3370 1100 Εἶτα
3408 1049 3514 1101 καὶ
3541 1051 3724 1118 τρίτοι

2125 1126 2307 1198 τίθησι
2342 1128 2641 1200 δυνάμενον
2688 1130 2887 1194 αὐτοὺς
2935 1132 3205 1188 καθελεῖν.
3237 1136 3401 1190 Ποῖον
3433 1136 3506 1206 δὴ
3535 1137 3718 1200 10610;

2128 1221 2252 1274 Ὀτι
2281 1220 2387 1275 κᾶν
2418 1223 2821 1295 συνεζευγμένη
2935 1227 2969 1296 ἡ
3002 1226 3216 1298 ἀγάπη,
3254 1229 3376 1282 οὐδὲ
3403 1228 3592 1292 οὕτως
3621 1231 3720 1283 ἁπ-

2121 1315 2425 1386 ηρτισμένη
2473 1315 2622 1369 ἐστὶν
2654 1315 2795 1388 αῦτη
2836 1319 2870 1388 ἡ
2909 1317 3140 1385 γνῶσιςο
3179 1318 3260 1372 διὸ
3285 1321 3385 1374 καὶ
3410 1322 3718 1390 ἐπήγαγεν

2124 1402 2195 1453 Εἰ
2219 1400 2287 1454 δέ
2319 1418 2411 1466 τις
2437 1400 2607 1456 δοκεῖ
2625 1402 2846 1457 εἰδέναι
2875 1421 2952 1468 τι,
2980 1404 3212 1460 οὐδέπω
3247 1408 3437 1462 οὐδὲν
3474 1410 3716 1477 ἔγνωκε,

2123 1491 2316 1557 καθὼς
2354 1491 2451 1545 δεῖ
2477 1491 2716 1562 γνῶναι.
2747 1493 2898 1565 Αὕτη
2934 1497 3124 1566 καιρία
3152 1499 3186 1568 ἡ
3226 1497 3438 1568 πληγή.
3471 1500 3554 1550 O6
3584 1501 3720 1566 λέγω

2121 1584 2252 1653 γὰρ,
2288 1584 2473 1654 φησιν,
2506 1585 2590 1638 ὅτι
2615 1587 2770 1657 κοινὴ
2807 1588 2842 1658 ἡ
2868 1587 3070 1656 γνῶσις
3101 1589 3343 1643 πάντωνο
3369 1590 3433 1642 06
3471 1589 3623 1656 λέγω
3645 1593 3718 1643 ὅτι

2125 1675 2298 1746 μισῶν
2347 1676 2438 1729 τὸν
2471 1675 2698 1747 πλησίον
2750 1678 2845 1730 καὶ
2877 1680 3295 1750 ἀπονοούμενος,
3351 1680 3426 1733 τά
3486 1681 3717 1750 μέγιστα

2125 1765 2351 1820 σεαυτὸν
2375 1767 2799 1831 καταϐλάπτεις.
2831 1768 2948 1822 Κᾶν
2976 1771 3085 1841 7&9
3117 1771 3275 1841 μόνος
3298 1770 3462 1842 ἔχῃς,
3500 1772 3608 1824 κᾶν
3631 1791 3716 1841 με-

2121 1857 2372 1928 τριάζῃς,
2399 1857 2500 1911 κᾶν
2534 1859 2694 1928 φιλῇς
2725 1859 2815 1912 τὸν
2839 1860 3090 1929 ἀδελφὸν,
3121 1863 3213 1914 καὶ
3235 1860 3416 1924 οὕτως
3449 1861 3656 1931 ἀτελὴς
3675 1858 3720 1914 εἴ

2123 1949 2264 2003 κατά
2293 1950 2392 2020 τὴν
2425 1951 2648 2019 γνῶσιν·
2672 1951 2884 2005 οὐδέπω
2911 1951 3020 2022 γὰρ
3047 1953 3198 2006 οὐδὲν
3223 1948 3405 2016 οἶδας,
3430 1953 3518 2016 ὡς
3545 1953 3626 2005 δεῖ
3646 1957 3714 2004 εί·

2119 2042 2289 2096 δέναι.
2324 2044 2386 2095 Εί
2413 2043 2471 2095 δὲ
2496 2043 2709 2107 οὐδενὸς
2729 2043 2940 2096 ούδέπω
2971 2045 3172 2115 ἀκριϐῆ
3213 2045 3314 2116 τὴν
3349 2045 3576 2113 γνῶσιν
3606 2046 3714 2112 ἑχο-

2125 2151 2244 2204 μεν,
2269 2133 2386 2197 πῶς
2409 2151 2555 2197 τινες
2578 2136 2658 2198 είς
2679 2135 2932 2188 τοσοῦτον
2957 2136 3151 2204 μανίας
3175 2137 3410 2208 ἤλασαν,
3435 2136 3522 2199 ὡς
3549 2136 3714 2203 λέγειν

2118 2223 2211 2276 τὸν
2236 2223 2368 2276 Θεὸν
2401 2225 2598 2278 εἰδέναι
2635 2225 2775 2296 μετὰ
2801 2226 3088 2296 ἀκριϐείας
3118 2227 3335 2298 ἀπάσης
3356 2244 3372 2293 ;
3396 2228 3548 2280 ὅπου
3579 2244 3642 2294 γε
3672 2230 3715 2280 ει

2118 2315 2212 2368 καὶ
2257 2315 2472 2369 πάντων
2515 2316 2736 2387 εἴχομεν
2771 2318 2970 2389 ἀκριϐῆ
3005 2318 3204 2385 γνῶσιν
3237 2319 3338 2390 τὴν
3369 2319 3493 2372 τῶν
3527 2319 3710 2376 ἄλλως.

2118 2409 2238 2462 ούδέ
2269 2407 2413 2462 οὕτω
2434 2409 2656 2462 δυνατὸν
2677 2405 2744 2481 ἧν
2774 2409 2918 2480 ἔχειν
2945 2411 3150 2481 ταύτην
3180 2410 3377 2476 οὕτως.
3404 2412 3590 2465 Ὅσον
3623 2417 3711 2478 γὰρ

2117 2500 2284 2555 αὑτοῦ
2323 2501 2460 2574 πρὸς
2511 2501 2724 2556 ἅπαντα
2755 2502 2817 2555 τὸ
2853 2503 3037 2574 μέσον,
3072 2504 3193 2557 ούδέ
3235 2506 3419 2556 εἰπεῖν
3468 2503 3580 2556 ἔνι.
3621 2505 3710 2555 Καὶ

2117 2594 2218 2664 ὅρα
2252 2592 2370 2656 πῶς
2402 2593 2582 2647 αὐτῶν
2629 2595 2943 2647 κατέσπασε
2983 2595 3046 2648 τὸ
3075 2593 3322 2665 φύσημα.
3359 2595 3440 2647 06
3496 2596 3612 2665 γὰρ
3649 2595 3710 2644 εἰσ

2118 2701 2239 2748 πεν,
2271 2684 2352 2738 ὅτι
2382 2685 2519 2756 Περὶ
2549 2683 2660 2739 τῶν
2690 2686 3070 2756 προκειμένων
3101 2687 3200 2740 οὑκ
3226 2689 3380 2758 ἔχετε
3411 2689 3525 2758 τὴν
3556 2703 3708 2756 προσ-

2117 2777 2250 2847 ήκου
2258 2793 2356 2830 σαν
2367 2777 2591 2845 γνῶσιν,
2605 2776 2740 2830 ἀλλά
2755 2779 2883 2847 περὶ
2900 2778 3098 2842 παντὸς
3114 2780 3464 2850 πράγματος.
3484 2781 3610 2833 Καὶ
3619 2783 3708 2834 06:

2116 2866 2290 2934 εἶπεν,
2318 2871 2400 2924 ὅτι
2429 2870 2638 2941 Ὑμεῖς,
2672 2871 2810 2936 ἀλλ’,
2841 2872 2922 2924 ὅτι
2949 2871 3070 2925 Οὐδ’
3088 2872 3356 2935 ὁστισοῦν,
3375 2873 3484 2925 κᾶν
3508 2874 3714 2942 Πέτρος

2116 2951 2172 3030 ᾗ,
2204 2957 2308 3010 κᾶν
2345 2956 2577 3024 Παῦλος,
2613 2958 2718 3012 κᾶν
2747 2959 3015 3013 ὁστισοῦν.
3048 2957 3197 3031 [171]
3228 2961 3418 3031 Τούτῳ
3459 2962 3586 3032 γὰρ
3625 2963 3712 3013 καὶ

2118 3049 2569 3119 παρεμυθήσατο,
2617 3051 2713 3103 καὶ
2752 3051 3090 3105 συνέστειλεν
3123 3051 3317 3115 αὐτοὺς
3365 3052 3516 3121 μετά
3553 3055 3714 3123 a191-

2118 3140 2289 3204 ϐείας.
2326 3144 2394 3195 El
2419 3140 2486 3195 δέ
2517 3158 2606 3208 τις
2640 3143 2843 3211 ἀγαπᾴ
2872 3143 2981 3195 τὸν
3006 3141 3173 3205 Θεὸν,
3199 3137 3377 3204 οὗτος
3405 3143 3714 3212 ἔγνωσται

2116 3234 2218 3286 ὑπ’
2244 3233 2430 3287 αὐτοῦ
2451 3243 2494 3288 ⁸.
2528 3235 2642 3288 Οὐκ
2680 3229 2854 3300 εἶπεν,
2889 3235 3069 3302 Ἔγνω
3097 3234 3278 3301 αὑτὸν,
3320 3235 3435 3289 ἀλλ’
3481 3236 3714 3305 Ἔγνω-

2115 3341 2253 3378 σται
2284 3326 2385 3380 ὑπ’
2415 3325 2622 3379 αὐτοῦ.
2658 3326 2731 3378 Οὐ
2759 3325 2867 3396 7&9
2905 3327 3068 3396 ἡμεῖς
3099 3326 3262 3380 αὐτὸν
3288 3325 3572 3396 ἔγνωμεν,
3601 3328 3713 3379 ἀλλ’

2115 3417 2277 3481 αὐτὸς
2326 3419 2476 3487 ἡμᾶς
2525 3417 2686 3486 ἔγνω.
2727 3418 2818 3472 Διὸ
2855 3419 2948 3472 καὶ
2990 3419 3020 3472 ὁ
3054 3421 3288 3491 Χριστὸς
3329 3419 3550 3487 ἔλεγεν,
3590 3424 3712 3486 Οὐχ

2115 3507 2283 3576 ὑμεῖς
2301 3525 2378 3576 με
2402 3506 2784 3572 ἐξελέξασθε,
2805 3508 2943 3561 ἀλλ’
2974 3507 3089 3577 ἐγὼ
3120 3507 3276 3578 ὑμᾶς
3295 3508 3712 3578 ἐξελεξάμην

2117 3601 2209 3652 καὶ
2241 3599 2452 3662 Παῦλος
2484 3598 2740 3668 ἀλλαχοῦ,
2779 3598 2921 3654 Τότε
2953 3600 3021 3652 δὲ
3043 3600 3465 3671 ἐπιγνώσομαι,
3503 3602 3714 3668 καθὼς

2115 3691 2213 3744 καί
2242 3691 2652 3760 ἐπεγνώσθην.
2685 3690 2884 3745 Σκόπει
2907 3692 3087 3745 τοίνυν
3111 3693 3177 3746 δι’
3197 3694 3334 3746 ὅσων
3355 3694 3713 3764 κατήνεγκεν

2115 3781 2293 3832 αὐτῶν
2339 3781 2402 3833 τὸ
2443 3782 2720 3851 φρόνημα.
2777 3780 3001 3850 Πρῶτον
3038 3779 3260 3847 ἔδειξεν,
3307 3782 3390 3834 ὅτι
3429 3784 3498 3835 οὐ
3555 3785 3716 3854 μόνοι

2115 3872 2455 3936 ἐπίστανται,
2487 3872 2629 3944 ἅπερ
2659 3872 2830 3925 ίσασι⁶
2854 3871 3084 3937 Πάντες
3111 3874 3244 3946 γάρ,
3281 3873 3434 3943 φησὶ,
3464 3875 3715 3943 γνῶσιν

2115 3967 2369 4035 ἔχομεν’
2421 3966 2631 4030 ἔπειτα,
2669 3966 2752 4018 ὅτι
2804 3964 3064 4036 βλαϐερὸν
3115 3965 3178 4018 τὸ
3227 3967 3476 4038 πρᾶγμα,
3533 3971 3715 4038 χωρὶς

2115 4062 2336 4132 ἀγάπης
2375 4059 2454 4114 δνο
2498 4061 2555 4116 Ἠ
2587 4060 2697 4132 γὰρ
2728 4060 2973 4129 γνῶσις,
2999 4061 3154 4131 φησι,
3181 4058 3405 4129 φυσιοῖ·
3437 4054 3599 4124 εἶτα,
3634 4065 3718 4115 ὅτι

2116 4154 2210 4206 καὶ
2255 4152 2391 4223 μετά
2440 4153 2662 4223 ἀγάπης
2691 4152 2771 4214 ὃν,
2794 4152 2896 4204 οὐκ
2940 4151 3345 4221 ἀπηρτισμένον
3378 4151 3539 4204 ἐστὶν
3585 4155 3714 4206 οὐδὲ

2117 4244 2340 4297 τέλειον·
2364 4247 2432 4298 El
2465 4245 2571 4316 γάρ
2592 4261 2682 4309 τις
2708 4244 2875 4298 δοκεῖ
2906 4243 3126 4299 ειδέναι
3154 4261 3230 4305 τι,
3251 4242 3482 4298 οὐδέπω
3513 4248 3716 4298 οὐδὲν

2115 4335 2357 4405 ἔγνωκε,
2387 4337 2539 4408 φησι,
2568 4335 2763 4400 καθὼς
2791 4334 2887 4388 δεῖ
2913 4335 3154 4406 γνῶναι.
3190 4335 3332 4406 Πρὸς
3351 4335 3602 4400 τούτοις,
3631 4341 3714 4390 ὅτι

2115 4429 2235 4482 οὐδὲ
2266 4429 2396 4482 αὐτὸ
2431 4428 2589 4480 τοῦτο
2621 4427 2831 4482 οἴκοθεν
2862 4426 3098 4496 ἔχουσιν,
3127 4426 3264 4480 ἀλλά
3295 4425 3383 4479 τοῦ
3421 4425 3572 4479 Θεοῦ
3607 4429 3713 4480 6m-

2119 4522 2448 4592 ρησαμένου·
2501 4521 2562 4574 o6
2609 4521 2716 4591 γὰρ
2775 4515 2959 4584 εἶπεν,
2994 4520 3175 4586 Ἔγνω
3220 4517 3313 4571 τὸν
3352 4517 3524 4583 Θεὸν,
3591 4521 3714 4572 ab?

2119 4615 2452 4682 "Errwatac
2479 4614 2581 4669 ὐπ’
2611 4612 2798 4666 αὐτοῦ
2825 4628 2839 4644 ο
2887 4609 3026 4677 εἶτα,
3056 4613 3136 4665 ὅτι
3162 4612 3269 4664 ἀπὸ
3300 4610 3526 4680 ἀγάπης
3557 4613 3710 4678 γίνε-

2114 4722 2203 4759 ται
2245 4704 2404 4757 τοῦτο
2441 4704 2592 4768 αὐτὸ,
2622 4705 2689 4775 ἢν
2713 4705 2814 4756 οὐκ
2843 4702 3056 4773 ἔχουσιν
3089 4702 3164 4765 ὡς
3191 4703 3318 4772 χρήο
3353 4704 3423 4755 EI
3443 4703 3560 4772 γάρ
3593 4723 3706 4769 τις,

2115 4801 2297 4868 φησὶν,
2332 4795 2533 4863 ἀγαπᾷ
2567 4795 2674 4848 τὸν
2701 4794 2871 4858 Θεὸν,
2911 4790 3090 4858 οὗτος
3126 4793 3416 4861 ἔγνωσται
3449 4794 3559 4848 ὑπ’
3600 4799 3708 4848 at}-

2111 4889 2239 4943 τοῦ.
2285 4890 2384 4942 Διά
2433 4887 2702 4941 τοσούτων
2752 4887 2930 4939 τοίνυν
2972 4885 3313 4947 καταλεάνας
3359 4883 3546 4937 αὐτῶν
3603 4887 3704 4953 τὴν

2113 4981 2440 5051 φλεγμονὴν,
2475 4979 2699 5051 ἄρχεται
2732 4976 3098 5047 δογματίζειν,
3130 4975 3274 5029 οὕτω
3309 4975 3514 5042 λέγων’
3555 4979 3698 5045 Περὶ

2111 5072 2220 5140 τῆς
2253 5072 2538 5142 ,ϐρώσεως
2566 5067 2680 5126 οὖν
2708 5067 2828 5122 τῶν
2858 5066 3284 5130 εἰδωλοθύτων,
3322 5065 3576 5134 οιδαμεν
3610 5067 3701 5119 ὅτι

2111 5166 2292 5221 οὐδὲν
2319 5165 2572 5218 εἴδωλον
2600 5163 2672 5216 ἐν
2695 5162 2920 5230 κόσμῳ,
2942 5157 3040 5212 καί
3065 5157 3152 5211 ὅτι
3174 5157 3375 5223 οὐδεὶς
3403 5156 3553 5222 Θεὸς
3575 5159 3698 5210 Ets-

2100 5276 2236 5326 ρος,
2265 5259 2318 5310 εί
2348 5257 2435 5327 μὴ
2474 5250 2580 5322 εἷς.
2617 5253 2726 5308 Θέα
2751 5254 2834 5316 εἰς
2862 5253 2995 5321 ὅσην
3026 5247 3390 5319 στενοχωρίαν
3440 5247 3691 5300 ἐνέπεσε.

2109 5354 2220 5406 Καὶ
2263 5351 2372 5422 7&9
2416 5349 2704 5420 ἀμφότερα
2754 5345 3001 5416 βούλεται
3035 5341 3470 5402 κατασκευάσαι,
3504 5341 3591 5392 ὅτι
3635 5355 3694 5391 τε

2108 5441 2410 5511 ἀπέχεσθαι
2439 5439 2522 5492 δεῖ
2547 5440 2647 5508 τῆς
2667 5436 2927 5507 τοιαύτης
2958 5433 3255 5506 τραπέζης,
3286 5432 3383 5485 καὶ
3417 5431 3504 5483 ὅτι
3534 5430 3692 5497 ἰσχὺν

2107 5535 2208 5587 ούκ
2242 5532 2354 5603 ἔχει
2386 5531 2522 5603 πρὸς
2560 5527 2622 5582 τὸ
2662 5527 2862 5599 βλάψαι
2889 5528 3016 5588 τοὺς
3049 5525 3392 5594 μετέχοντας·
3430 5520 3580 5588 ἅπερ
3627 5519 3685 5570 οὐ

2109 5627 2314 5702 σφόδρα
2353 5624 2602 5695 ἀλλήλοις
2646 5619 3011 5691 συμϐαίνοντα
3041 5612 3128 5688 ἦν.
3160 5614 3435 5676 Μαθόντες
3463 5609 3574 5679 γὰρ
3597 5610 3689 5695 Δὅτι

2171 5811 2195 5840 ⁸
2222 5808 2432 5858 ΡσιΤαηι
2457 5803 2598 5856 verba
2625 5803 2855 5864 ἔγνωσται
2889 5798 2968 5846 611’
2992 5793 3156 5843 αὐτοῦ.
