3838 6214
128 280 203 342 181
1144 265 1211 321 lN
1249 262 1464 322 EPIST.
1503 264 1547 321 1.
1587 263 1675 320 AD

1787 261 1872 317 lR.
1914 261 2146 319 HOMIL.
2184 262 2307 319 XX.

38 426 39 453 1
121 398 363 453 ltutnanos
385 384 537 451 fecit,
570 382 755 440 dicens
783 398 799 436 :
831 381 913 437 Tu
942 396 1058 435 vero
1086 380 1208 451 quid
1228 381 1438 450 judicas
1463 381 1673 450 fratrem

38 502 41 537 ;
120 500 241 541 tuum
266 480 436 549 (Rom.
470 478 557 534 11.
581 475 706 545 l0)?
733 474 822 530 hic
845 472 991 530 enim
1020 481 1124 537 est,
1155 472 1246 542 qui
1278 471 1484 527 facilius
1510 471 1676 539 pes-sit

118 568 512 642 increpationem
552 567 817 634 accipere.
848 563 1003 630 Quod
1043 562 1131 618 hic
1169 578 1382 633 quoque
1420 560 1548 616 facit
1578 579 1591 615 :
1620 569 1676 616 et

110 665 268 736 primo
297 659 493 715 fastum
532 673 718 713 eorum
758 662 1016 717 evacuat,
1048 654 1174 709 dtun
1208 654 1352 724 quod
1382 653 1459 708 illi
1488 652 1675 721 pra-ci-

117 768 259 826 puum
278 750 535 821 putabant
555 757 605 804 et
628 748 920 818 perfectam
946 746 1244 809 scientiam,
1270 745 1371 799 hoc
1389 757 1676 800 commune

114 861 220 902 esse
245 841 604 914 pronuntiavit
629 859 642 894 :
675 841 880 913 Scimus
908 839 1072 903 enim,
1108 838 1307 908 inquit,
1336 836 1471 906 quod
1502 851 1675 889 omnes

113 937 355 995 scientiam
378 935 638 989 habemus.
666 932 802 988 Nam
828 933 871 988 si
900 932 1020 987 illos
1044 932 1210 985 altum
1236 944 1426 1000 sapere
1460 928 1671 992 sinens,

115 1033 269 1102 primo
297 1027 621 1083 ostendisset
644 1041 759 1081 rem
780 1040 902 1079 esse
920 1025 1041 1079 aliis
1067 1024 1304 1089 noxiam,
1336 1036 1441 1076 non
1468 1030 1673 1075 tantum

112 1120 374 1186 utilitatis,
431 1128 693 1190 quantum
753 1118 934 1173 damni
989 1117 1279 1171 attulisset.
1343 1113 1675 1169 Ambitiosus

110 1214 288 1284 quippe
310 1211 542 1274 animus,
561 1224 683 1265 eum
706 1209 885 1278 aliqua
910 1224 969 1262 re
988 1223 1047 1263 se
1067 1208 1245 1262 ornari
1267 1214 1434 1277 putat,
1462 1204 1675 1260 etiamsi

109 1306 216 1359 aliis
235 1304 305 1356 sit
329 1303 508 1368 noxia,
529 1317 648 1357 eam
673 1302 976 1356 accuratius
1001 1300 1193 1355 retinet
1222 1299 1291 1354 ob
1318 1313 1469 1353 vanae
1488 1297 1674 1365 gloria:

110 1395 452 1470 tyrannidem.
497 1395 628 1449 ldeo
668 1394 867 1450 Paulus
913 1394 1087 1464 primo
1133 1407 1246 1447 rem
1291 1399 1353 1446 ut
1397 1390 1451 1445 in
1492 1404 1552 1443 se
1593 1397 1677 1444 est

110 1489 393 1553 examinat,
425 1496 484 1542 ut
510 1488 652 1542 circa
681 1494 956 1541 externam
985 1486 1295 1554 sapientiam
1326 1482 1571 1552 superius
1597 1483 1675 1535 fe-

106 1582 203 1644 cit,
234 1580 376 1633 illam
404 1579 622 1633 omnino
651 1577 933 1648 dejiciens.
971 1576 1075 1633 Sed
1104 1576 1211 1630 illic
1236 1575 1451 1645 quidem
1483 1573 1532 1627 id
1553 1572 1675 1641 jure

106 1671 353 1735 faciebat;
388 1679 555 1724 totum
588 1670 731 1723 enim
757 1667 1178 1738 reprehensione
1202 1666 1422 1737 dignum
1448 1674 1593 1731 erat,
1621 1672 1676 1719 et

103 1763 261 1817 facilis
286 1777 375 1815 res
401 1769 518 1815 erat
540 1777 553 1813 :
581 1769 909 1830 quapropter
936 1757 989 1812 id
1016 1773 1122 1813 non
1164 1756 1324 1812 modo
1348 1769 1673 1825 supervaca-

104 1869 280 1919 neum,
314 1851 409 1907 sed
432 1852 593 1906 etiam
621 1850 983 1921 pmdicationi
1011 1849 1340 1904 contrarium
1366 1861 1486 1902 esse
1517 1846 1672 1900 dixit.

102 1946 191 2000 llic
215 1953 391 1997 autem
422 1959 528 1997 non
566 1943 723 1997 liceat
752 1942 823 1995 ita
848 1940 1025 1995 facere
1050 1957 1064 1992 :
1098 1954 1220 1994 nam
1251 1938 1302 1992 id
1324 1938 1393 1993 de
1417 1951 1523 2008 quo
1553 1951 1677 2006 age-

102 2038 246 2090 batur
271 2034 494 2090 scientia
524 2041 641 2087 erat
661 2073 678 2099 ,
712 2040 767 2087 et
793 2031 1017 2086 scientia
1047 2030 1302 2098 perfecta.
1334 2028 1516 2098 Neque
1544 2042 1675 2097 ergo

99 2143 207 2182 eam
242 2127 479 2196 dejicere
508 2132 678 2179 tutum
719 2131 868 2189 erat,
900 2138 1000 2178 nec
1046 2123 1202 2177 aliter
1245 2121 1439 2176 licebat
1481 2120 1673 2175 fastum

99 2237 155 2275 ex
184 2220 271 2274 illa
301 2227 620 2288 conceptum
660 2216 915 2286 dejicere.
951 2214 1090 2283 Quid
1127 2230 1255 2285 ergo
1303 2213 1461 2269 facit?
1489 2214 1673 2268 Primo

98 2314 235 2366 illam
265 2310 561 2366 ostendens
584 2308 705 2364 esSe
724 2320 1088 2371 communem,
1120 2306 1334 2360 illorum
1357 2306 1550 2360 fastum
1576 2306 1673 2359 de-

98 2405 287 2473 primit.
318 2403 420 2470 Qui
449 2403 591 2458 enim
613 2414 865 2471 magnum
888 2400 1161 2469 quidpiam
1188 2408 1243 2454 et
1271 2399 1549 2470 pulchrum
1581 2398 1676 2451 ha-

96 2497 251 2560 bent,
281 2495 328 2549 si
359 2494 458 2549 soli
491 2492 750 2557 habeant,
779 2494 950 2562 magis
974 2490 1299 2554 efferuntur;
1327 2490 1373 2544 si
1398 2503 1525 2544 vero
1552 2504 1674 2543 cum

93 2588 206 2642 aliis
228 2587 277 2641 id
298 2585 575 2657 possidere
595 2582 1088 2653 deprehendantur,
1111 2598 1218 2638 non
1239 2583 1352 2653 pari
1375 2591 1501 2637 tunc
1515 2582 1676 2636 modo

92 2678 261 2733 affecti
305 2687 450 2732 sunt.
498 2676 734 2731 Primum
766 2676 926 2746 igitur
963 2676 1066 2730 hoc
1093 2689 1379 2730 commune
1404 2676 1672 2742 ostendit,

92 2772 343 2840 quoniam
391 2769 491 2838 ipsi
537 2769 793 2838 putabant
832 2768 885 2823 id
928 2767 1031 2823 sibi
1073 2777 1277 2823 tantum
1318 2774 1625 2838 competere
1659 2785 1673 2823 :

91 2862 283 2916 deinde
310 2870 595 2931 postquam
627 2859 757 2914 illud
786 2873 1073 2915 commune
1102 2859 1250 2926 fecit,
1281 2874 1387 2914 non
1416 2874 1475 2914 se
1502 2860 1675 2915 solum

92 2953 407 3022 participem
433 2951 563 3007 dicit
592 2970 605 3006 :
634 2952 713 3006 sic
740 2952 882 3007 enim
912 2951 1029 3005 illos
1054 2952 1226 3022 magis
1261 2951 1560 3007 extulisset.
1608 2952 1679 3007 Ut

90 3044 134 3098 si
160 3058 296 3098 unus
342 3051 549 3097 tantum
575 3041 784 3104 habeat,
807 3042 1089 3097 seextollit
1118 3058 1132 3095 :
1167 3043 1239 3096 ita
1273 3042 1319 3097 si
1358 3058 1522 3097 unum
1563 3051 1680 3096 tan-

92 3144 200 3190 tum
225 3136 314 3190 vel
340 3135 567 3189 alterum
599 3149 664 3190 ex
691 3134 971 3203 praecipuis
995 3142 1299 3188 consortem
1324 3132 1536 3197 habeat,
1570 3150 1677 3189 non

94 3228 317 3285 minoris
340 3241 455 3281 rem
486 3225 630 3281 facit.
657 3225 782 3281 ldeo
806 3241 910 3279 non
942 3240 1002 3281 se
1026 3225 1200 3280 solum
1228 3226 1409 3296 ponit,
1436 3225 1531 3281 sed
1557 3242 1677 3281 om-

93 3336 223 3375 nes:
255 3336 370 3375 non
396 3321 540 3374 enim
564 3319 719 3381 dixit,
748 3319 860 3389 Ego
884 3318 1162 3373 scientiam
1192 3319 1393 3385 habeo;
1421 3320 1536 3385 sed,
1558 3320 1682 3375 Sci-

92 3430 203 3467 mus
230 3413 375 3485 quod
390 3428 559 3467 omnes
588 3412 853 3465 scientiam
881 3409 1139 3464 habemus.
1171 3410 1287 3467 Hoc
1314 3412 1476 3482 igitur
1503 3413 1679 3482 priore

91 3504 232 3558 dicto
268 3518 462 3558 eorum
506 3500 699 3556 fastum
739 3500 961 3570 dejecit;
1004 3501 1243 3557 secundo
1288 3510 1470 3557 autem
1512 3503 1680 3579 vehe-

92 3597 350 3649 mentius.
379 3593 655 3662 Quodnam
682 3592 812 3647 illud
829 3593 951 3647 est?
981 3592 1134 3660 Quod
1159 3594 1407 3649 ostendat
1436 3609 1547 3649 rem
1573 3609 1679 3649 non

88 3687 393 3756 perfectam
413 3727 427 3746 .
460 3685 567 3739 imo
589 3682 875 3739 admodum
913 3683 1282 3754 imperfectam
1307 3699 1469 3750 esse;
1505 3701 1680 3757 neque

89 3779 250 3831 modo
283 3776 654 3846 imperfectam
674 3816 692 3842 ,
719 3775 816 3832 sed
844 3784 901 3832 et
927 3778 1161 3842 noxiam,
1189 3778 1293 3832 nisi
1322 3778 1392 3832 sit
1414 3777 1557 3833 aliud
1578 3779 1679 3832 ad-

82 3870 362 3939 junctum.
391 3870 521 3933 Cum
549 3868 775 3923 dixisset
808 3868 983 3934 enim,
1020 3869 1300 3923 Seientiam
1329 3886 1499 3924 omnes
1530 3871 1685 3925 liabe-

89 3978 228 4026 mus,
260 3960 544 4029 subjunxit
570 3976 586 4019 ;
630 3959 854 4016 Scientia
881 3961 1063 4030 inat,
1094 3962 1281 4015 caritas
1309 3972 1477 4016 autem
1512 3964 1679 4031 cedi/5.

85 4064 185 4107 cat.
219 4053 414 4123 Itaque
453 4068 575 4128 cum
614 4061 699 4110 est
747 4054 865 4108 sine
911 4053 1168 4116 caritate,
1215 4054 1282 4108 ad
1322 4056 1682 4126 arrogantiam

85 4145 326 4201 extollit.
363 4149 431 4199 At
459 4160 634 4216 neque
674 4146 907 4214 caritas,
937 4145 1181 4216 inquies,
1213 4146 1417 4217 absque
1459 4149 1680 4204 scientia

84 4237 291 4307 aliquid
320 4237 458 4292 lucri
478 4237 660 4292 habet.
683 4236 878 4292 Verum
904 4252 1011 4291 non
1038 4236 1141 4292 hoc
1160 4238 1314 4303 dixit,
1344 4238 1438 4294 sed
1463 4240 1603 4309 quod
1627 4239 1683 4294 in

84 4331 348 4386 confesso
372 4340 455 4385 est
474 4329 802 4400 relinquens,
827 4332 1063 4386 ostendit
1083 4330 1185 4386 hoc
1206 4332 1299 4386 illo
1317 4332 1475 4388 valde
1502 4349 1680 4403 egere.

81 4421 217 4477 Nam
247 4423 353 4493 qui
379 4422 583 4493 diligit,
615 4432 798 4493 utpote
834 4424 926 4494 qui
972 4433 1294 4493 praeceptum
1324 4424 1543 4494 impleat
1568 4441 1685 4480 om-

84 4515 235 4566 nium
274 4514 820 4583 praestantissimum,
863 4515 1073 4570 etiamsi
1115 4515 1242 4585 quid
1284 4515 1388 4586 ipsi
1430 4517 1681 4583 deficiat,

81 4604 192 4658 cito
224 4620 332 4675 per
380 4606 657 4660 caritatem
690 4606 912 4661 scientia
956 4606 1183 4673 fruetur,
1225 4614 1286 4661 ut
1326 4606 1602 4663 Cornelius
1630 4618 1687 4671 et

82 4696 175 4749 alii
209 4695 420 4750 multi:
450 4696 538 4765 qui
570 4705 751 4752 autem
786 4698 1064 4754 scientiam
1103 4697 1320 4767 quidem
1365 4699 1557 4765 habet,
1589 4700 1685 4753 sed

80 4804 191 4842 non
222 4789 520 4842 caritatem
541 4830 558 4853 ,
589 4804 697 4842 non
727 4789 889 4844 modo
918 4789 1049 4845 nihil
1075 4799 1347 4856 assumet,
1379 4791 1473 4847 sed
1504 4792 1572 4847 ab
1598 4792 1687 4847 illa

80 4895 249 4946 quam
278 4878 452 4933 habet
471 4879 701 4945 excidet,
730 4894 873 4950 saepe
894 4882 945 4935 in
972 4884 1329 4952 arrogantiam
1359 4883 1562 4938 labens.
1586 4883 1691 4937 lla-

79 4985 189 5039 que
221 4970 467 5026 scientia
511 4972 788 5026 caritatem
821 4988 924 5026 non
966 4974 1132 5042 parit,
1164 4974 1272 5028 imo
1301 4983 1490 5028 contra
1530 4974 1597 5028 ab
1626 4988 1687 5028 ea

82 5064 378 5121 abscindit
402 5079 524 5118 eum
557 5064 645 5133 qni
678 5080 782 5118 non
815 5065 1070 5132 attendit,
1099 5065 1226 5120 dum
1266 5066 1419 5120 illum
1450 5066 1599 5121 inflat
1638 5075 1693 5121 et

79 5156 332 5209 extollit.
389 5154 600 5210 Etenim
646 5157 949 5226 arrogantia
992 5157 1232 5213 dividere
1278 5158 1449 5224 solet;
1495 5159 1692 5214 caritas

82 5262 218 5301 vero
244 5246 543 5317 c0njungit
566 5255 622 5302 et
641 5248 709 5302 ad
737 5249 1014 5304 scientiam
1041 5250 1275 5305 adducit.
1305 5250 1457 5318 Quod
1484 5252 1693 5322 signifi-

80 5352 218 5395 cans
249 5340 358 5394 ille
384 5340 631 5395 dicebat:
662 5341 724 5397 Si
748 5343 862 5413 quis
884 5354 1049 5397 autem
1075 5343 1241 5415 diligit
1268 5342 1466 5410 Deum,
1496 5345 1577 5399 hic
1605 5362 1693 5401 ca-

80 5431 263 5498 qm'tus
299 5440 386 5485 est
419 5430 481 5484 ab
506 5432 619 5501 ipso
648 5434 727 5503 (1.
756 5432 874 5487 Cor.
905 5433 957 5490 8.
981 5434 1060 5506 3).
1093 5433 1274 5505 Itaque
1302 5450 1410 5491 non
1439 5435 1692 5507 impedio,

82 5518 311 5591 inquit,
363 5525 650 5592 quominus
677 5526 909 5595 perfecta
936 5526 1156 5583 scientia
1188 5528 1479 5597 habeatur;
1518 5529 1612 5585 sed
1641 5538 1700 5585 ut

82 5625 213 5666 cum
258 5613 503 5670 caritate
550 5616 835 5683 habeatur,
877 5616 978 5673 hoc
1023 5620 1280 5693 praecipio
1309 5636 1325 5676 :
1356 5620 1592 5693 alioquin
1618 5620 1699 5677 lu-

82 5716 248 5757 crum
279 5710 518 5774 nullout,
540 5707 636 5763 sed
657 5699 1064 5765 detrimentum:

3271 272 3389 328 {62

1851 375 1905 429 2.
1950 375 2137 431 Viden
2161 377 2431 447 quomodo
2449 377 2557 447 jam
2586 380 2724 435 viam
2758 391 2910 450 parat
2934 383 3002 438 ad
3030 400 3358 453 sermonem,

1781 480 1942 534 quem
1967 465 2035 521 de
2077 469 2301 523 caritate
2331 478 2416 524 est
2443 469 2722 527 habiturus
2739 473 2764 525 ?
2789 472 2921 528 Nam
2947 478 3069 545 quia
3105 479 3217 534 haec
3239 496 3359 535 om-

1782 557 1869 609 nia
1900 558 2039 611 mala
2070 557 2197 625 hinc
2233 560 2588 627 accidebant,
2638 577 2743 618 non
2791 575 2970 621 autem
3018 583 3084 623 ex
3128 572 3361 639 perfecta

1781 648 2028 715 scientia,
2056 650 2153 705 sed
2180 652 2323 721 quod
2355 666 2462 707 non
2485 651 2773 710 admodum
2803 655 3110 729 diligerent,
3145 677 3243 715 nec
3273 679 3361 717 re-

1782 739 1878 795 bus
1907 742 2135 811 proximi
2169 756 2471 814 parcerent;
2505 744 2647 802 unde
2676 750 3023 819 contingebat
3047 740 3168 805 illos
3197 752 3363 807 dissi-

1780 831 1909 888 dere
1931 875 1946 898 ,
1968 834 2185 900 efferri,
2226 845 2526 908 caeteraque
2569 843 2747 895 omnia
2776 843 2993 899 evenire
3016 885 3032 911 ,
3077 844 3145 899 de
3170 846 3363 915 quibus

1781 922 1870 979 ille
1896 933 1951 978 et
1976 934 2099 980 ante
2124 935 2179 980 et
2206 938 2325 997 post
2363 927 2480 983 haec
2507 930 2820 1001 redarguit:
2847 934 3152 1003 frequenter
3180 935 3246 990 de
3274 953 3367 990 ca-

1780 1016 1939 1071 ritate
1983 1026 2201 1084 tractat,
2251 1019 2452 1074 fontem
2493 1023 2733 1077 omnium
2777 1023 3039 1079 bonorum
3091 1027 3362 1096 puriorem

1779 1105 2032 1163 reddens.
2062 1108 2197 1176 Quid
2221 1125 2349 1180 ergo
2377 1112 2542 1166 inflati
2570 1114 2700 1167 esus
2720 1155 2735 1180 ,
2768 1114 2973 1184 inquit,
3004 1116 3072 1171 de
3098 1119 3363 1173 scientia?

1779 1195 1835 1250 Si
1855 1198 1996 1252 enim
2025 1198 2304 1254 caritatem
2329 1218 2434 1256 non
2480 1201 2802 1271 habueritis,
2834 1205 2960 1261 hinc
2985 1207 3237 1262 damnum
3265 1225 3358 1265 ac-

1780 1288 2029 1356 cipietis:
2059 1290 2184 1359 quid
2230 1294 2371 1346 enim
2413 1298 2716 1365 arrogantia
2764 1298 2959 1367 pejus?
2993 1300 3037 1352 si
3069 1314 3201 1355 vero
3230 1301 3362 1357 illud

1780 1378 1954 1444 adsit,
1992 1383 2156 1436 etiam
2184 1383 2284 1438 hoc
2315 1386 2368 1439 in
2415 1395 2529 1441 tuto
2552 1389 2675 1442 erit.
2708 1389 2935 1444 Etiamsi
2979 1392 3121 1446 enim
3159 1393 3360 1464 aliquid

1780 1474 2010 1543 amplius
2036 1478 2179 1532 scias
2201 1518 2214 1540 ,
2246 1493 2404 1547 quam
2434 1481 2741 1549 proximus;
2774 1483 2819 1537 si
2858 1498 3007 1539 ames
3035 1485 3218 1552 illum,
3253 1503 3359 1541 non

1781 1566 2077 1631 extolleris,
2106 1568 2199 1622 sed
2231 1569 2403 1638 ipsum
2426 1586 2642 1641 quoque
2666 1572 2733 1627 ad
2756 1572 2860 1629 hoc
2880 1574 3134 1631 deduces.
3160 1576 3361 1643 Quam-

1781 1655 1965 1710 obrem
1994 1673 2113 1712 eum
2145 1660 2405 1725 dixisset,
2438 1664 2668 1719 Scientia
2707 1667 2874 1737 inat,
2908 1668 3130 1735 addidit,
3161 1669 3361 1726 Caritas

1779 1759 1949 1803 autem
1975 1752 2215 1821 wdicat.
2246 1753 2361 1809 Non
2387 1754 2521 1810 dixit
2546 1798 2560 1822 ,
2589 1757 2827 1815 Modeste
2850 1776 2909 1816 se
2930 1764 3108 1832 gerit,
3132 1764 3225 1819 sed
3255 1765 3359 1820 ali-

1779 1839 1904 1909 quid
1938 1841 2095 1911 longe
2122 1845 2292 1912 majus
2319 1854 2373 1900 et
2401 1847 2620 1902 utilius:
2652 1851 2875 1905 scientia
2902 1855 3048 1907 enim
3066 1870 3169 1909 non
3201 1858 3360 1913 modo

1780 1930 2015 1998 inflabat,
2047 1933 2139 1988 sed
2168 1936 2329 1990 etiam
2357 1937 2709 2009 disjungcbat.
2743 1942 2972 2012 Ideoque
3019 1948 3119 2001 hoc
3147 1947 3219 2002 illi
3265 1964 3362 2017 op-

1780 2028 1979 2094 posuit.
2010 2028 2210 2084 Deinde
2233 2033 2447 2086 tertium
2478 2048 2691 2104 quoque
2723 2038 2891 2105 ponit,
2917 2038 3059 2107 quod
3090 2040 3208 2093 illos
3234 2057 3360 2113 pos-

1781 2118 1847 2171 sit
1873 2117 2125 2188 dejicere.
2155 2120 2435 2188 Quodnam
2469 2123 2598 2179 illud
2646 2126 2766 2179 est?
2803 2126 2956 2193 Quod
2988 2130 3197 2185 etiamsi
3226 2147 3359 2186 con-

1775 2208 1955 2278 juncta
1980 2212 2047 2266 sit
2068 2216 2282 2279 caritas,
2314 2231 2379 2269 ne
2399 2217 2478 2270 sic
2498 2217 2713 2286 quidem
2745 2218 2980 2289 perfeCta
3009 2221 3078 2275 sit
3096 2225 3315 2278 scientia
3339 2243 3353 2279 :

1780 2300 2005 2371 ideoque
2032 2304 2308 2372 subjunxit
2332 2324 2345 2359 :
2377 2305 2433 2360 2.
2465 2308 2527 2362 Si
2545 2309 2658 2378 quis
2684 2321 2849 2365 autem
2878 2313 3128 2368 existimat
3157 2333 3209 2370 se
3236 2320 3363 2372 scire

1779 2391 1973 2459 aliquid
1989 2434 2005 2458 ,
2028 2393 2253 2447 nondum
2277 2398 2801 2467 cognovit-quomodo
2824 2412 3050 2471 aporteat
3077 2421 3190 2459 eum
3212 2409 3361 2462 scire.

1782 2481 1906 2537 lltec
1932 2484 2169 2538 maxima
2202 2486 2355 2557 plaga
2389 2488 2662 2559 infligitur.
2690 2491 2804 2546 Non
2834 2493 2954 2549 dico
2975 2497 3138 2563 enim,
3171 2498 3363 2569 inquit,

1780 2573 2059 2628 scientiam
2101 2590 2441 2632 communem
2487 2595 2608 2636 esse
2651 2584 2934 2638 omnibus:
2962 2602 3073 2642 non
3111 2587 3231 2642 dico
3274 2600 3363 2659 te,

1780 2666 1871 2733 qui
1901 2666 2026 2720 odio
2059 2667 2225 2723 habes
2268 2672 2568 2739 proximum
2613 2681 2667 2728 et
2709 2690 2966 2747 arrogans
3008 2694 3101 2748 es,
3134 2680 3225 2734 tibi
3260 2682 3362 2752 ipsi

1781 2759 2012 2814 maxime
2037 2775 2252 2816 nocere.
2282 2763 2502 2819 Etiamsi
2528 2766 2670 2820 enim
2702 2767 2847 2821 solus
2876 2768 3122 2837 haberes,
3150 2773 3363 2828 etiamsi

1781 2852 2021 2907 modeste
2048 2869 2237 2922 ageres
2260 2898 2275 2921 ,
2305 2858 2515 2913 etiamsi
2556 2859 2776 2914 fratrem
2805 2861 3060 2933 diligeres
3085 2907 3100 2932 ,
3129 2867 3208 2921 sic
3232 2883 3365 2937 quo-

1781 2957 1886 3012 que
1914 2944 2255 3013 imperfecms
2285 2962 2434 3001 esses
2456 2950 2749 3004 secundum
2779 2954 3057 3009 scientiam
3084 2973 3097 3008 :
3126 2958 3361 3013 nondum

1783 3033 1923 3086 enim
1954 3034 2061 3089 scis
2084 3037 2377 3106 quidpiam,
2408 3048 2464 3092 ut
2490 3041 2629 3094 scire
2659 3052 2888 3111 oportet.
2917 3044 3053 3112 Quid
3078 3047 3121 3101 si
3162 3049 3363 3103 nullam

1782 3122 1956 3178 adhuc
1977 3136 2277 3180 accuratam
2300 3129 2577 3183 scientiam
2601 3129 2928 3198 habeamus;
2956 3136 3223 3204 quomodo
3246 3139 3365 3208 qui-

1782 3214 1905 3269 dam
1934 3214 1985 3267 in
2014 3223 2214 3270 tantam
2243 3218 2500 3273 insaniam
2532 3234 2930 3291 processerunt,
2959 3234 3015 3280 ut
3043 3225 3283 3284 dicerent
3303 3244 3364 3285 se

1784 3306 1948 3361 Deum
1967 3323 2087 3362 eum
2114 3310 2260 3365 omni
2282 3314 2622 3368 accurationc
2643 3329 2969 3385 cognoscere
3022 3335 3145 3375 nam
3174 3327 3365 3376 etiam-

1783 3402 1828 3456 si
1881 3405 2119 3457 omnium
2180 3404 2403 3459 aliarum
2459 3421 2642 3463 rerum
2715 3420 3020 3466 accuratam
3084 3414 3363 3469 scientiam

1785 3494 2137 3562 haberemus,
2171 3512 2344 3567 neque
2396 3498 2474 3552 sic
2504 3498 2619 3554 fleri
2658 3511 2866 3569 posset,
2914 3511 2970 3557 ut
3021 3503 3157 3559 hanc
3206 3507 3366 3561 etiam

1785 3583 2123 3642 haberemus.
2159 3586 2423 3652 Quantum
2446 3589 2587 3643 enim
2614 3590 2684 3644 sit
2705 3592 2931 3662 spatium
2961 3593 3099 3648 inter
3127 3595 3290 3650 Deum
3313 3606 3368 3652 et

1784 3678 1887 3731 alia
1913 3680 2091 3733 omnia
2115 3720 2129 3745 ,
2159 3696 2225 3735 ne
2254 3680 2359 3735 dici
2384 3682 2598 3750 quidem
2629 3694 2821 3753 potest:
2852 3684 2921 3739 Et
2949 3686 3069 3741 vide
3094 3688 3365 3758 quomodo

1786 3772 1997 3827 illorum
2032 3772 2224 3827 fastum
2267 3774 2502 3844 dejiciat.
2546 3775 2659 3830 Non
2692 3778 2834 3832 enim
2866 3778 3043 3848 dixit,
3089 3781 3165 3836 De
3205 3782 3365 3837 rebus

1784 3866 2075 3937 propositis
2099 3877 2481 3938 congruentem
2527 3870 2805 3925 scientiam
2846 3887 2953 3927 non
2987 3873 3227 3939 habetis,
3271 3877 3368 3931 sed

1780 3960 1854 4015 De
1881 3972 1939 4013 re
1965 3959 2225 4027 qualibet.
2253 3959 2438 4031 Neque
2460 3961 2633 4029 dixit,
2665 3961 2775 4017 Vos
2817 3972 3021 4018 tantum
3045 4008 3059 4031 ,
3092 3966 3183 4021 sed
3207 3964 3369 4033 ,Qni-
3414 4024 3421 4037 ,

1787 4064 2015 4119 cumque
2043 4051 2148 4105 sit:
2175 4052 2389 4107 etiamsi
2433 4053 2623 4109 Petrus
2654 4053 2852 4122 fuerit,
2884 4057 3095 4111 etiamsi
3140 4059 3367 4126 Paulus,

1788 4143 1996 4197 etiamsi
2022 4143 2195 4215 quivis
2225 4145 2380 4200 alius.
2415 4144 2529 4200 lloc
2552 4148 2693 4201 enim
2721 4147 2867 4201 dicto
2901 4150 3016 4203 illos
3048 4161 3295 4206 accurate
3316 4162 3371 4207 et

1788 4235 2092 4290 consolatus
2123 4245 2205 4290 est
2247 4245 2303 4290 et
2346 4238 2623 4306 repressit.
2674 4238 2727 4292 5.
2764 4237 2826 4292 Si
2853 4239 2963 4307 quis
2991 4252 3158 4292 autem
3205 4241 3371 4311 diligit

1788 4326 1976 4394 Deum,
2011 4327 2092 4382 hic
2118 4331 2348 4400 cognitus
2374 4340 2445 4383 est
2468 4330 2529 4383 ab
2574 4347 2652 4384 eo.
2684 4331 2801 4385 Non
2829 4332 2962 4386 dixit
2982 4374 2994 4392 .
3026 4332 3183 4386 Novit
3210 4351 3330 4388 eum
3352 4375 3369 4402 ,

1789 4421 1907 4487 sed,
1938 4420 2179 4492 Cognitus
2218 4430 2288 4475 est
2317 4425 2379 4474 ab
2409 4438 2486 4475 eo.
2534 4421 2650 4476 Non
2698 4423 2839 4477 enim
2871 4439 2968 4477 nos
3015 4424 3187 4493 ipsum
3220 4431 3370 4479 novi-

1791 4527 1931 4579 mus,
1964 4511 2057 4568 sed
2086 4514 2200 4581 ipse
2229 4527 2326 4566 nos
2355 4513 2504 4567 novit
2537 4512 2636 4583 (a).
2670 4513 2795 4568 ideo
2842 4514 3054 4568 dicebat
3084 4515 3328 4570 Christus
3356 4534 3368 4568 :

1792 4598 1914 4661 Non
1944 4622 2030 4661 vos
2057 4623 2135 4659 me
2164 4605 2403 4677 elegistis,
2434 4606 2524 4659 sed
2548 4623 2638 4675 ego
2668 4607 2793 4678 elegi
2819 4622 2904 4659 vos
2931 4605 3109 4676 (Joan.
3138 4609 3221 4662 15.
3258 4606 3370 4681 lli);

1792 4709 1845 4755 et
1873 4699 2071 4754 Paulus
2100 4699 2225 4753 alibi
2259 4716 2271 4752 :
2302 4695 2446 4751 Tum:
2475 4709 2641 4751 autem
2679 4715 2978 4769 cognoscam
3022 4701 3150 4752 sicut
3192 4710 3239 4754 et
3283 4719 3373 4755 co-

1794 4792 1962 4862 gnitus
2007 4807 2118 4843 sum
2165 4790 2258 4859 (1.
2292 4790 2410 4845 Cor.
2442 4791 2530 4845 15.
2576 4790 2701 4862 12).
2738 4790 3016 4861 Perpende
3062 4792 3218 4862 igitur
3248 4804 3372 4867 quot

1794 4882 1950 4938 dictis
1981 4882 2191 4936 illorum
2226 4882 2417 4936 fastum
2451 4882 2734 4952 deprimat.
2783 4883 2965 4938 Primo
2992 4887 3227 4940 ostendit
3259 4888 3374 4943 illos

1795 4989 1902 5029 non
1931 4975 2078 5028 solos
2103 4974 2243 5027 scire
2275 4990 2336 5027 ea
2363 4989 2481 5042 qua:
2504 4974 2712 5039 sciunt;
2750 4974 2938 5029 Omnes
2966 4979 3105 5030 enim
3128 5017 3142 5040 ,
3174 4979 3377 5047 inquit,
3438 4976 3441 4983 '

1796 5064 2055 5117 scientiam
2102 5063 2339 5116 habemus
2359 5080 2377 5117 :
2419 5064 2611 5118 deinde
2656 5080 2767 5119 rem
2801 5080 2922 5120 esse
2954 5068 3171 5122 noxiam
3195 5111 3210 5135 ,
3240 5070 3282 5122 si
3312 5071 3379 5125 sit

1800 5158 1916 5212 sine
1943 5158 2204 5221 caritate;
2252 5172 2374 5209 nam
2425 5155 2652 5211 Scientia
2694 5159 2841 5228 inat
2865 5200 2880 5226 ,
2914 5159 3083 5230 inquit
3114 5180 3128 5216 :
3160 5174 3340 5231 postea
3363 5205 3382 5230 ,

1801 5248 1943 5319 quod
1971 5248 2179 5302 etiamsi
2223 5248 2291 5301 sit
2320 5262 2437 5302 cum
2482 5249 2702 5304 caritate
2721 5292 2736 5315 ,
2769 5250 2822 5306 id
2852 5268 2956 5305 non
2985 5253 3286 5310 absolutum
3315 5258 3385 5315 sit

1803 5356 1977 5409 neque
2004 5339 2296 5409 perfectum
2327 5355 2342 5395 :
2369 5339 2430 5394 Si
2454 5340 2595 5394 enim
2625 5342 2734 5411 quis
2763 5351 2907 5412 putat
2936 5359 2990 5399 se
3013 5346 3141 5399 scire
3168 5346 3383 5418 aliquid,

1804 5432 2028 5486 nandum
2058 5432 2151 5485 scit
2232 5434 2659 5503 quemadmodum
2713 5445 2913 5507 oportet
2953 5437 3102 5493 scire.
3144 5439 3226 5495 Ad
3273 5439 3388 5496 tunc

1805 5540 1935 5580 vero
1960 5565 1976 5592 ,
2004 5524 2144 5594 quod
2175 5540 2278 5579 non
2309 5525 2413 5581 hoc
2438 5542 2507 5582 ex
2537 5542 2596 5583 se
2622 5526 2900 5595 habeant,
2932 5529 3025 5584 sed
3054 5530 3163 5585 Deo
3193 5530 3386 5597 dante;

1872 5662 1950 5731 (a)_
1969 5662 2025 5711 In
2049 5664 2377 5731 sequentibus
2400 5665 2600 5727 Regium
2618 5665 2843 5719 Codieem
2863 5628 3137 5731 sequimur.
3161 5668 3217 5717 In
3240 5667 3392 5717 Editis

1806 5725 2029 5786 qucedam
2049 5728 2327 5775 necessaria
2348 5725 2574 5777 deerant.
