3856 6384
332 326 461 385 ³³163

341 450 461 490 non
488 433 627 491 enim
646 430 811 496 dixit,
838 425 997 483 Novit
1023 424 1212 488 Deum,
1239 420 1355 485 sed,
1378 418 1620 489 Cognitus
1643 424 1717 471 est
1742 415 1803 468 ab
1824 429 1882 469 eo
1908 428 1925 468 :

354 525 549 583 deinde
570 564 587 588 ,
615 520 757 593 quod
784 520 885 574 hoc
907 533 937 572 a
962 515 1183 571 caritate
1230 511 1324 565 ﬁat
1346 552 1361 576 ,
1390 523 1549 580 quam
1578 521 1685 561 non
1730 504 1931 559 habent

356 628 417 673 ut
444 621 739 685 oporteret.
768 609 901 664 Nam
928 608 987 662 Si
1013 605 1123 675 quis
1148 643 1164 667 ,
1196 602 1304 668 ait,
1334 600 1499 671 diligit
1524 596 1719 663 Deum,
1741 594 1822 648 hic
1846 608 1930 647 co-

356 708 525 778 gnitus
553 713 625 765 est
653 703 713 757 ab
739 717 818 756 eo.
864 698 999 755 Cum
1048 709 1140 765 per
1180 692 1295 747 haec
1323 690 1564 746 leniisset
1592 687 1807 742 illorum
1840 691 1931 778 tn-

357 771 588 861 inorem,
610 792 794 862 incipit
814 789 1109 844 doctrinam
1130 784 1410 839 instituere
1437 780 1521 834 his
1539 777 1716 833 verbis
1742 792 1756 828 :
1780 774 1835 829 4.
1858 771 1937 826 De

359 904 470 942 esea
490 886 646 956 igitur
664 897 777 953 qua:
796 881 895 933 diis
918 877 1214 931 immolatur
1233 913 1248 938 ,
1279 872 1465 927 scimus
1490 867 1622 938 quod
1650 865 1848 919 nullum
1872 862 1937 917 sit

361 980 555 1033 idolum
583 977 635 1029 in
664 974 852 1028 mundo
873 1013 887 1036 ,
916 980 961 1024 et
987 969 1118 1039 quod
1142 965 1316 1020 nullus
1342 962 1479 1016 Deus
1504 962 1636 1014 alius
1665 958 1764 1012 nisi
1784 972 1935 1010 unus.

366 1068 499 1122 Vide
547 1068 600 1120 in
642 1072 894 1135 quantam
952 1058 1251 1128 angustiam
1297 1052 1567 1109 inciderit.
1617 1048 1744 1103 Vult
1794 1047 1940 1102 enim

367 1172 652 1228 utrumque
670 1155 919 1226 probare,
939 1149 1081 1221 quod
1105 1165 1134 1202 a
1158 1147 1250 1203 tali
1276 1159 1461 1200 mensa
1482 1142 1751 1197 abstinere
1778 1152 1942 1228 oporf

370 1260 502 1314 teat,
534 1224 758 1317 etquod
793 1245 899 1299 vim
942 1257 1048 1296 non
1087 1239 1280 1294 habeat
1323 1234 1391 1290 ad
1419 1230 1688 1288 laedendos
1729 1242 1823 1283 eos
1850 1224 1943 1297 qui

367 1351 493 1397 sunt
520 1339 636 1409 ejus
661 1334 985 1407 participes:
1015 1346 1135 1401 quae
1159 1327 1373 1399 quidem
1401 1340 1506 1379 non
1545 1320 1832 1377 admodum
1861 1318 1943 1409 in-

368 1442 450 1488 ter
474 1446 534 1486 se
555 1408 969 1484 conveniebant.
1000 1422 1132 1477 Nam
1155 1435 1275 1475 cum
1301 1418 1615 1474 didicissent
1643 1428 1706 1469 ea
1735 1427 1842 1467 non
1869 1408 1950 1465 af—

368 1524 510 1579 ferre
557 1521 855 1585 damnum,
909 1531 972 1571 ea
1025 1524 1291 1583 tamquam
1347 1507 1701 1565 inditl'erentia
1753 1502 1949 1557 adituri

372 1621 528 1668 erant
568 1627 581 1664 :
626 1625 746 1665 cum
785 1622 916 1663 vero
959 1604 1344 1675 impedirentur
1387 1615 1453 1654 ne
1497 1599 1585 1653 illa
1630 1603 1947 1664 tangerent,

372 1718 558 1760 rursus
591 1699 1030 1770 suspicabantur,
1072 1694 1213 1765 quod
1266 1691 1517 1762 prohibiti
1569 1694 1753 1742 essent
1798 1683 1951 1753 quasi

375 1795 467 1849 illa
497 1795 605 1848 vim
649 1792 911 1845 haberent
935 1786 1190 1843 laedendi.
1222 1783 1347 1839 Ideo
1397 1797 1514 1837 cum
1546 1779 1808 1834 idolorum
1832 1776 1954 1843 opi-

374 1887 589 1940 nionem
616 1882 945 1945 sustulisset,
970 1876 1274 1932 abstinendi
1299 1874 1523 1944 primam
1552 1883 1768 1924 causam
1799 1865 1954 1922 aﬂ‘ert

375 1978 600 2031 fratrum
628 1971 980 2035 offendicula,
1008 1968 1086 2022 sic
1126 1966 1349 2021 dicens:
1375 1964 1453 2018 De
1478 1978 1591 2017 esea
1618 1960 1774 2030 igitur
1798 1997 1814 2022 ,
1845 1971 1959 2025 quae

376 2067 475 2120 diis
500 2064 810 2125 immolatur,
835 2062 1020 2114 scimus
1040 2056 1174 2127 quod
1202 2054 1401 2109 nullum
1426 2054 1490 2107 sit
1514 2050 1708 2104 idolum
1735 2049 1788 2102 in
1808 2063 1959 2100 mun-

378 2159 465 2211 do.
498 2157 702 2211 Rursus
730 2154 903 2223 ipsum
931 2164 1213 2205 commune
1262 2147 1420 2212 facit,
1454 2158 1554 2198 nec
1579 2139 1830 2198 concedit
1857 2138 1962 2194 hoc

380 2249 595 2304 illorum
634 2261 755 2302 esse
795 2245 997 2310 solum,
1044 2240 1139 2296 sed
1180 2238 1419 2296 extendit
1456 2235 1819 2306 cognitionem
1869 2245 1963 2299 per

386 2349 557 2397 totum
582 2339 769 2395 orbem
795 2346 973 2393 teme.
1015 2334 1198 2402 Neque
1238 2332 1379 2387 enim
1420 2328 1557 2399 apud
1586 2342 1680 2381 vos
1721 2334 1924 2380 tantum
1945 2362 1961 2389 ,

385 2435 581 2506 inquit,
613 2432 709 2488 sed
738 2432 930 2501 ubique
961 2438 1220 2482 terrarum
1253 2425 1354 2479 hoc
1378 2423 1571 2491 dogma
1603 2421 1708 2473 vim
1737 2418 1961 2471 obtinet.

389 2526 668 2594 Quodnam
700 2523 825 2576 illud
846 2522 871 2574 τ
919 2520 1067 2584 Quod
1112 2518 1307 2570 nullam
1335 2516 1399 2569 sit
1443 2512 1633 2565 idolum
1663 2511 1715 2562 in
1743 2507 1964 2573 mundo,

389 2626 437 2670 et
466 2616 598 2684 quod
637 2631 738 2667 non
765 2612 827 2666 sit
872 2610 1011 2663 Deus
1040 2609 1172 2661 alius
1216 2606 1311 2659 nisi
1350 2620 1500 2657 unus.
1546 2601 1662 2655 Non
1693 2607 1816 2652 sunt
1840 2611 1968 2666 ergo

393 2707 573 2763 idola?
595 2721 700 2762 non
722 2712 844 2758 sunt
871 2700 1093 2756 statuae?
1108 2699 1242 2755 Sunt
1262 2697 1498 2767 quidem,
1524 2694 1618 2748 sed
1647 2688 1841 2747 nullam
1865 2691 1968 2743 vim

402 2799 623 2862 habent;
655 2811 826 2867 neque
852 2794 926 2848 dii
956 2801 1100 2857 sunt,
1129 2791 1225 2844 sed
1253 2787 1458 2856 lapides
1486 2793 1540 2840 et
1568 2784 1859 2838 daemones.
1889 2778 1971 2834 Ad

395 2900 650 2960 utrosque
669 2889 811 2943 enim
839 2901 979 2941 nunc
1002 2885 1298 2939 orationem
1328 2879 1503 2949 dirigit
1529 2919 1546 2945 ,
1570 2886 1623 2933 et
1647 2876 1714 2931 ad
1740 2873 1973 2930 crassio-

396 2998 482 3038 res
508 2990 563 3037 et
589 2980 654 3034 ad
680 2995 775 3035 eos
818 2978 910 3048 qui
948 2973 1315 3047 philosophari
1342 2971 1608 3025 videntur.
1654 2968 1789 3034 Quia
1829 2965 1972 3021 enim

398 3074 487 3128 alii
520 3072 650 3125 nihil
681 3071 800 3141 plus
845 3069 1023 3123 sciunt
1065 3081 1221 3135 quam
1259 3062 1493 3134 lapides,
1527 3061 1614 3114 alii
1641 3073 1769 3113 vero
1794 3057 1977 3111 dicunt

402 3168 625 3219 virtutes
641 3160 895 3233 quasdam
919 3160 971 3214 in
1001 3158 1105 3212 illis
1121 3154 1382 3219 habitare,
1402 3167 1533 3223 quas
1558 3152 1715 3206 etiam
1736 3148 1867 3204 deos
1887 3161 1981 3201 vo-

401 3263 554 3321 cant;
580 3254 684 3308 illis
705 3251 919 3323 quidem
941 3249 1070 3304 dicit
1091 3247 1293 3302 nullum
1319 3258 1439 3300 esse
1465 3242 1664 3298 idolum
1689 3242 1739 3294 in
1757 3239 1976 3306 mundo,

402 3346 522 3400 aliis
566 3357 735 3408 vero,
767 3356 873 3396 non
903 3355 1023 3395 esse
1052 3339 1224 3394 Deum
1268 3337 1324 3390 in
1365 3333 1564 3389 mundo
1608 3332 1707 3386 nisi
1729 3344 1917 3385 unum.

476 3437 531 3492 5.
566 3434 750 3489 Viden’
776 3431 1045 3503 quomodo
1072 3444 1178 3484 non
1205 3428 1399 3482 frustra
1427 3426 1619 3495 dogma
1646 3424 1983 3479 constituens

407 3527 524 3582 h:cc
553 3525 790 3590 scribat,
830 3522 926 3578 sed
953 3522 1019 3576 ad
1045 3518 1398 3575 differentiam
1444 3516 1828 3571 externorum?
1859 3528 1982 3569 nam

407 3616 534 3673 illud
562 3616 758 3685 ubique
783 3611 1173 3669 observandum
1196 3652 1211 3675 ,
1242 3610 1357 3664 sive
1397 3607 1642 3663 absolute
1656 3608 1784 3679 quid
1796 3606 1940 3661 dicat
1959 3644 1977 3672 ,

409 3709 523 3764 sive
561 3707 682 3762 aliis
708 3705 994 3760 obsistens.
1045 3702 1230 3772 Neque
1273 3702 1417 3757 enim
1457 3699 1561 3754 hoc
1597 3712 1784 3768 parum
1828 3697 1984 3753 nobis

417 3798 630 3853 confert
658 3797 723 3852 ad
753 3797 1060 3865 dogmatum
1102 3793 1496 3849 aceurationem
1518 3801 1573 3846 et
1612 3790 1680 3845 ad
1721 3790 1984 3846 dictorum

414 3889 841 3956 intelligentiam.
877 3886 930 3941 5.
967 3884 1106 3938 Nam
1132 3885 1226 3939 etsi
1251 3892 1364 3937 sunt
1389 3885 1475 3952 qui
1504 3883 1741 3934 dicuntur
1769 3880 1859 3945 dii,
1885 3880 1987 3935 sive

416 3980 471 4033 in
486 3977 747 4044 cwlo,sive
769 3976 820 4030 in
843 3986 1007 4040 terra;
1037 3984 1091 4028 ut
1110 3982 1225 4028 sunt
1251 3974 1322 4026 dii
1349 3972 1498 4026 multi
1516 3980 1563 4024 et
1589 3971 1781 4024 domini
1805 3970 1984 4025 multi:

417 4068 472 4125 6.
505 4066 645 4122 nobis
670 4077 834 4120 tamen
856 4082 984 4119 unus
1014 4063 1147 4118 Deus
1179 4064 1365 4130 Pater,
1392 4078 1455 4116 ea:
1478 4078 1573 4133 quo
1598 4062 1767 4115 omnia
1788 4101 1803 4126 ,
1831 4070 1876 4114 et
1898 4076 1989 4115 nos

420 4159 474 4212 in
488 4159 619 4228 ipso;
636 4165 682 4211 et
700 4173 829 4209 unus
852 4155 1097 4209 Dominus
1113 4153 1262 4209 Jesus
1278 4152 1524 4219 Christus,
1545 4169 1630 4222 per
1639 4170 1785 4224 quem
1797 4153 1986 4219 omnia,

422 4261 469 4304 et
498 4232 588 4303 nos
632 4266 719 4318 per
745 4249 929 4318 ipsum.
962 4247 1094 4314 Quia
1122 4246 1285 4313 dixit,
1319 4245 1522 4300 nullum
1562 4259 1681 4299 esse
1712 4245 1908 4299 idolum
1935 4252 1991 4299 et

421 4340 625 4394 nullum
658 4339 824 4394 Deum
855 4338 1050 4403 alium;
1082 4348 1338 4407 erantque
1365 4347 1540 4391 tamen
1571 4335 1730 4400 idola,
1761 4344 1816 4392 et
1840 4345 1992 4392 erant

420 4434 510 4504 qui
537 4433 609 4488 dii
641 4433 1002 4487 vocabantur:
1034 4446 1102 4487 ne
1140 4431 1384 4486 videatur
1407 4440 1595 4485 contra
1622 4443 1734 4484 rem
1770 4429 1993 4484 manife-

419 4536 559 4581 stam
602 4540 852 4596 pugnare,
884 4523 1153 4595 subjungit
1196 4522 1285 4597 (si
1336 4531 1461 4579 sunt
1500 4522 1569 4576 ita
1605 4521 1850 4591 appellati
1891 4520 1985 4588 dii,

422 4626 481 4672 ut
528 4632 716 4673 revera
764 4624 911 4682 sunt,
940 4631 1046 4671 non
1100 4630 1225 4670 vere
1257 4624 1400 4678 sunt,
1444 4614 1539 4669 sed
1588 4614 1662 4667 ita
1710 4613 1991 4678 dicuntur;

422 4725 532 4765 non
587 4709 640 4764 in
689 4725 783 4773 re.
826 4707 919 4764 sed
962 4708 1018 4763 in
1043 4708 1210 4763 verbo
1252 4705 1352 4760 hoc
1400 4702 1703 4776 habentes)
1735 4722 1749 4758 :
1779 4704 1896 4760 Sive
1942 4704 1996 4758 in

423 4801 546 4854 ewlo
570 4841 585 4865 ,
616 4800 718 4854 sive
746 4800 799 4853 in
827 4809 997 4865 terra;
1022 4798 1076 4853 in
1124 4798 1256 4852 crclo
1301 4796 1486 4851 dicens
1528 4795 1694 4849 solem
1722 4804 1775 4850 et
1818 4795 1995 4851 lunam

426 4902 481 4946 et
519 4892 779 4961 reliquum
808 4902 1072 4945 astrorum
1100 4890 1358 4953 chorum;
1391 4903 1513 4943 nam
1546 4887 1659 4943 hmc
1685 4889 1843 4943 etiam
1871 4889 1998 4945 ado-

428 4982 619 5038 rabant
644 4982 902 5050 gentiles;
937 4983 989 5036 in
1022 4992 1183 5048 terra,
1216 4980 1509 5044 daemonas,
1536 4988 1588 5034 et
1609 4994 1703 5035 eos
1733 4994 1798 5034 ex
1821 4977 1997 5034 homi-

428 5073 585 5127 nibus
611 5073 700 5141 qui
740 5072 792 5125 in
822 5071 952 5128 deos
978 5072 1131 5128 relati
1176 5080 1322 5128 sunt.
1371 5070 1479 5126 Sed
1506 5069 1645 5123 nobis
1682 5086 1815 5123 unus
1860 5068 1999 5125 Deus

434 5162 605 5216 Pater.
641 5162 774 5217 Cum
802 5165 948 5234 prius
987 5165 1254 5233 posuisset
1290 5165 1491 5233 absque
1538 5162 1629 5217 illa
1656 5176 1786 5215 voce
1808 5161 1997 5230 Pater,

430 5262 485 5307 et
511 5253 750 5318 dixisset,
780 5252 834 5306 Ν
841 5252 978 5307 ullus
1008 5263 1082 5309 est
1106 5256 1236 5310 alius
1268 5254 1402 5309 Deus
1426 5256 1521 5308 nisi
1549 5271 1709 5320 unus;
1736 5269 1877 5309 nunc
1899 5254 2001 5310 hoc

432 5344 612 5409 addit,
642 5354 920 5415 postquam
951 5345 1070 5400 illos
1098 5346 1317 5400 omnino
1342 5345 1595 5414 ejecerat.
1632 5345 1832 5400 Deinde
1860 5344 2000 5415 quod

433 5447 517 5492 est
537 5438 825 5493 maximum
857 5439 1146 5494 divinitatis
1169 5439 1428 5509 judicium
1457 5439 1603 5492 addit
1628 5457 1641 5492 :
1673 5439 1755 5493 Ex
1777 5456 1875 5509 quo
1896 5456 2005 5493 om-

435 5530 540 5586 uia.
572 5529 681 5586 Hoc
701 5532 842 5587 enim
865 5531 1100 5587 ostendit
1130 5530 1252 5586 illos
1284 5546 1387 5586 non
1410 5545 1529 5585 esse
1549 5530 1697 5586 deos.
1728 5530 1806 5585 Dii
1834 5531 2000 5598 enim,

435 5621 626 5690 inquit,
656 5625 745 5695 qui
774 5626 964 5681 cazlum
993 5635 1048 5681 et
1076 5635 1270 5681 terram
1307 5640 1411 5678 non
1454 5624 1729 5690 fecerunt,
1759 5634 2000 5695 pereant.

438 5713 660 5782 Deinde,
691 5719 833 5790 quod
865 5734 969 5775 non
1000 5719 1176 5774 minus
1205 5727 1307 5786 est,
1338 5716 1519 5787 adjicit
1546 5734 1558 5770 :
1589 5715 1656 5769 Et
1677 5734 1768 5771 nos
1798 5718 1848 5769 in
1870 5718 1998 5787 ipso.

1093 307 1151 366 S.
1189 303 1464 365 JOANNIS
1506 296 1977 359 CHRYSOSTOMI
2015 293 2333 351 ARCHIEP.
2371 290 2901 349 CONSTANTINOP.

3510 292 3618 351 164

2037 410 2261 479 Quando
2279 409 2421 465 enim
2438 408 2592 475 dixit,
2611 408 2696 462 Ea:
2710 424 2807 478 qua
2834 407 3005 461 omnia
3026 449 3041 475 ,
3055 408 3380 465 creationem
3408 426 3618 466 mento.

2037 508 2123 556 rat
2142 508 2197 555 et
2212 498 2617 570 productionem
2633 512 2699 553 ex
2716 497 2885 552 nihilo
2905 496 2971 552 ad
2992 499 3327 556 existentiam
3348 517 3363 566 ;
3387 515 3510 555 cum
3528 517 3619 556 au-

2039 600 2147 648 tem
2166 591 2316 655 dicit,
2335 590 2403 644 Et
2422 607 2514 645 nos
2537 591 2590 643 in
2606 591 2738 659 ipso,
2769 590 2890 646 ﬁdei
2911 598 2965 646 et
2979 591 3370 661 conjunctionis
3390 594 3617 649 verbum

2038 680 2243 752 profert
2265 697 2278 734 :
2302 681 2445 752 quod
2466 691 2620 735 antea
2642 695 2852 751 quoque
2875 681 3088 736 dicebat
3109 698 3123 735 :
3148 681 3231 735 Ex
3250 683 3359 752 ipso
3380 692 3553 737 autem
3573 691 3621 738 et

2041 790 2128 827 vos
2154 777 2271 829 estis
2302 774 2355 826 in
2370 773 2568 828 Christo
2579 773 2705 827 Jesu
2723 773 2773 843 (1
2786 812 2799 826 .
2816 771 2934 827 Cor.
2951 774 2977 827 1
2990 813 3004 827 .
3023 772 3137 844 50).
3158 774 3362 844 Duplici
3380 774 3525 829 enim
3544 789 3625 829 ra-

2042 864 2187 918 tione
2201 880 2267 918 ex
2290 864 2406 932 ipso
2423 879 2626 929 sumus,
2647 863 2854 932 etquod
2870 878 2991 918 cum
3010 879 3115 917 non
3134 878 3395 931 essemus,
3413 864 3542 920 facti
3558 864 3627 919 si-

2044 968 2181 1019 mus,
2206 954 2419 1023 etquod
2458 954 2638 1008 fideles
2669 954 2789 1007 facti
2820 955 3159 1008 simuszuam
3191 954 3292 1009 hoc
3306 969 3523 1027 quoque
3541 963 3628 1010 est

2046 1046 2250 1101 creatio
2270 1063 2282 1099 :
2303 1047 2442 1114 quod
2459 1048 2619 1101 etiam
2637 1047 2761 1100 alibi
2778 1046 2936 1101 dicit:
2958 1043 3025 1100 Ut
3042 1047 3170 1100 duos
3185 1059 3373 1101 crearet
3389 1053 3442 1101 in
3459 1048 3628 1111 seipse

2047 1139 2100 1192 in
2117 1155 2269 1192 unum
2291 1154 2472 1191 novum
2492 1138 2741 1191 hominem
2759 1136 2971 1209 (Ephes.
2994 1138 3049 1190 2.
3071 1138 3181 1209 16).
3204 1138 3271 1191 Et
3291 1156 3421 1194 unus
3440 1139 3631 1193 Domi-

2048 1245 2144 1284 nus
2166 1228 2319 1283 Iesus
2349 1229 2599 1295 Christus,
2647 1226 2735 1298 per
2757 1246 2902 1299 quem
2938 1231 3106 1284 omnia
3125 1240 3172 1284 et
3200 1248 3291 1285 nos
3325 1248 3416 1299 per
3433 1233 3627 1303 ipsum.

2051 1322 2118 1376 Et
2158 1322 2319 1376 etiam
2350 1320 2419 1375 de
2447 1319 2660 1375 Christo
2701 1320 2946 1375 similiter
2993 1321 3094 1376 hoc
3132 1323 3489 1392 cogitandum.
3522 1326 3630 1381 Per

2051 1414 2225 1484 ipsum
2251 1414 2394 1468 enim
2421 1429 2486 1467 ex
2514 1412 2683 1467 nihilo
2712 1413 3022 1483 productum
3052 1424 3134 1469 est
3162 1429 3329 1484 genus
3351 1416 3631 1471 hominum

2052 1508 2119 1561 ad
2158 1506 2495 1561 existentiam
2517 1544 2532 1571 ,
2561 1517 2615 1560 et
2641 1521 2704 1560 ex
2735 1521 2921 1561 errore
2954 1506 3019 1560 ad
3052 1508 3325 1561 veritatem
3372 1508 3631 1564 reductus

2054 1607 2155 1655 est.
2187 1598 2373 1668 itaque
2402 1598 2530 1652 illud
2550 1639 2565 1663 ,
2595 1598 2678 1653 Ea:
2706 1615 2825 1667 quo,
2854 1614 2960 1653 non
2989 1608 3105 1665 est,
3132 1600 3250 1655 sine
3288 1600 3504 1656 Christo
3528 1621 3542 1656 :
3564 1617 3635 1657 ex

2056 1689 2174 1759 ipso
2198 1690 2342 1744 enim
2373 1704 2470 1759 per
2495 1688 2767 1743 Christum
2815 1691 2981 1743 creati
3027 1705 3233 1745 sumus.
3276 1691 3460 1759 Neque
3503 1706 3636 1761 ergo

2059 1780 2276 1835 nomina
2309 1789 2579 1849 tamquam
2605 1788 2749 1834 sorte
2790 1779 3074 1835 distributa
3112 1780 3326 1848 divisit,
3358 1782 3496 1838 Filio
3518 1785 3639 1853 qni-

2058 1870 2181 1925 dem
2214 1870 2489 1937 Dominus,
2519 1870 2662 1923 Patri
2693 1884 2820 1924 vero
2847 1870 3020 1936 Deus,
3050 1872 3365 1927 attribuens.
3407 1872 3541 1927 Nam
3572 1889 3637 1929 ea

2060 1977 2275 2031 quoque
2305 1962 2444 2016 solet
2472 1976 2616 2030 saepe
2645 1971 2853 2015 mutare
2881 1960 3153 2031 Scriptura
3177 2003 3191 2027 ,
3223 1972 3278 2018 ut
3305 1979 3424 2018 cum
3456 1964 3591 2019 dicit
3615 2007 3631 2029 ,

2061 2054 2204 2108 Dixit
2250 2054 2499 2107 Dominus
2549 2052 2770 2107 Domino
2799 2069 2943 2117 meo;
2991 2063 3045 2109 et
3091 2069 3314 2119 rursus,
3356 2055 3641 2127 Propterea

2063 2149 2211 2200 unxit
2237 2156 2283 2199 te
2328 2145 2463 2199 Deus
2482 2186 2496 2210 ,
2522 2145 2659 2199 Deus
2687 2155 2802 2199 tuus
2824 2145 3139 2214 (Psal.109.
3160 2146 3271 2201 Let
3312 2149 3399 2202 44.
3428 2150 3517 2218 8);
3549 2160 3601 2203 et
3622 2191 3639 2213 ,

2070 2237 2153 2292 Ea:
2198 2237 2374 2303 quibus
2402 2237 2631 2291 Christus
2668 2238 2944 2291 secundum
2988 2254 3220 2302 carnem,
3248 2239 3335 2305 qui
3380 2248 3453 2293 est
3490 2258 3647 2309 super

2067 2330 2236 2382 omnia
2264 2328 2400 2383 Deus
2442 2328 2619 2400 (Rom.
2651 2328 2707 2383 9.
2735 2327 2813 2399 5).
2846 2328 2911 2381 Et
2958 2342 3102 2397 stepe
3130 2328 3329 2383 videris
3372 2328 3489 2384 haec
3528 2347 3650 2384 mu-

2069 2428 2173 2473 tata
2200 2420 2436 2474 nomina.
2480 2421 2536 2475 Si
2562 2429 2741 2474 autent
2784 2430 2967 2475 essent
3005 2422 3156 2489 quasi
3196 2431 3341 2476 sorte
3370 2424 3652 2493 assignata

2073 2510 2362 2581 unicuique
2413 2520 2654 2575 naturze,
2689 2527 2861 2580 neque
2908 2511 3047 2566 Deus
3070 2520 3214 2567 esset
3240 2511 3438 2580 Filius,
3470 2529 3656 2584 neque

2076 2602 2216 2657 Deus
2243 2612 2301 2656 ut
2331 2602 2518 2667 Pater,
2550 2617 2772 2657 manens
2799 2602 2996 2669 Filius;
3024 2617 3146 2657 cum
3176 2604 3338 2669 dixit,
3366 2604 3473 2660 Sed
3505 2608 3658 2660 nobis

2073 2712 2205 2750 unus
2234 2694 2403 2762 Deus,
2434 2694 2705 2765 superﬂue
2732 2695 3022 2751 addidisset
3052 2696 3177 2750 illud
3201 2737 3214 2760 ,
3238 2696 3426 2763 Pater,
3459 2698 3659 2753 volens

2074 2787 2377 2857 significare
2404 2789 2699 2857 ingenitum
2730 2805 2745 2841 :
2776 2790 2905 2843 satis
2931 2790 3073 2844 enim
3101 2788 3285 2845 fuisset
3306 2790 3454 2853 illud,
3483 2790 3656 2858 Deus,

2076 2882 2118 2931 si
2148 2878 2262 2949 ejus
2302 2879 2469 2934 solius
2497 2879 2774 2935 exhiberet
2809 2880 3171 2949 cognitionem
3193 2920 3208 2945 ,
3238 2881 3305 2935 ad
3350 2880 3405 2935 id
3449 2881 3664 2952 signiti-

2074 2968 2326 3025 caudam.
2360 2969 2475 3026 Non
2527 2970 2628 3025 hoc
2673 2980 2850 3024 autem
2893 2970 3064 3025 solum
3086 3011 3101 3037 ,
3132 2970 3227 3025 sed
3269 2970 3413 3025 aliud
3440 2986 3664 3042 quoque

2079 3060 2182 3115 dici
2217 3069 2413 3131 potest.
2466 3060 2521 3116 Si
2546 3061 2691 3117 enim
2722 3061 2922 3117 dixeris
2946 3101 2962 3127 ,
2992 3061 3113 3131 quia
3144 3063 3280 3117 Deus
3309 3078 3444 3117 unus
3480 3063 3665 3121 dictus

2080 3162 2162 3209 est
2180 3194 2195 3219 ,
2228 3152 2355 3208 illud
2380 3194 2396 3221 ,
2444 3153 2583 3209 Deus
2605 3193 2623 3221 ,
2661 3169 2767 3209 non
2796 3156 3044 3209 convenit
3071 3155 3234 3220 Filio;
3261 3156 3487 3211 observa
3513 3160 3663 3226 quod

2083 3247 2185 3304 hoc
2213 3248 2375 3302 etiam
2420 3246 2488 3303 de
2520 3248 2656 3302 Filio
2681 3247 2788 3302 dici
2828 3248 3012 3317 possit.
3048 3248 3255 3302 Etenim
3286 3248 3452 3302 Filius
3472 3290 3489 3314 ,
3518 3265 3665 3305 uitus

2084 3338 2346 3394 Dominus
2378 3338 2555 3397 dictus
2583 3348 2700 3404 est;
2727 3353 2902 3409 neque
2930 3348 3104 3394 tamen
3134 3340 3257 3395 ideo
3285 3342 3412 3395 illud
3431 3383 3447 3409 ,
3474 3340 3664 3398 Domi-

2084 3445 2179 3483 nus
2198 3429 2344 3499 ,ipsi
2374 3430 2476 3485 soli
2518 3439 2829 3499 competere
2862 3429 3107 3485 dicimus.
3135 3430 3472 3502 Quapropter
3495 3450 3665 3503 quam

2088 3525 2199 3578 vim
2228 3523 2388 3579 habet
2414 3523 2543 3578 illud
2564 3563 2579 3588 ,
2614 3521 2760 3578 Unus
2779 3564 2795 3591 ,
2822 3538 2945 3593 erga
2969 3523 3159 3578 Filium
3180 3565 3195 3589 ,
3224 3525 3465 3581 eamdem
3498 3528 3668 3585 habet

2086 3631 2213 3687 erga
2261 3616 2472 3671 Patrem
2503 3633 2519 3672 :
2547 3631 2611 3672 ac
2649 3614 3096 3686 quemadmodum
3146 3617 3236 3673 ille
3281 3632 3388 3673 non
3438 3619 3668 3691 impedit

2086 3707 2373 3778 quominus
2400 3707 2558 3762 Pater
2583 3707 2845 3761 Dominus
2866 3706 2956 3774 sit,
2985 3721 3051 3763 eo
3074 3706 3234 3763 modo
3262 3723 3367 3779 quo
3386 3709 3553 3765 Filius
3576 3721 3671 3767 est

2090 3799 2365 3866 Dominus,
2394 3814 2460 3855 eo
2487 3798 2632 3869 quod
2658 3797 2826 3854 Filius
2847 3812 2986 3853 unus
3029 3800 3286 3855 Dominus
3312 3799 3556 3856 dicatur:
3584 3803 3667 3858 ita

2089 3905 2262 3960 neque
2288 3890 2481 3945 Filium
2527 3889 2752 3960 impedit
2787 3889 3073 3959 quominus
3109 3891 3176 3945 sit
3206 3891 3345 3946 Deus
3364 3932 3380 3958 ,
3410 3907 3475 3947 eo
3503 3893 3673 3949 modo

2089 3995 2195 4051 quo
2220 3981 2379 4037 Pater
2407 3990 2491 4035 est
2532 3980 2704 4045 Deus,
2736 3979 2877 4049 quod
2905 3980 3061 4035 Pater
3089 3980 3295 4036 dicatur
3320 3997 3455 4037 unus
3498 3983 3667 4039 Deus.

2090 4070 2241 4138 Quod
2268 4072 2313 4125 si
2343 4071 2559 4140 quidam
2592 4070 2864 4138 dixerint,
2891 4086 2987 4126 cur
3023 4071 3277 4141 Spiritum
3323 4088 3428 4127 non
3458 4088 3668 4130 memo-

2091 4160 2259 4217 ravit?
2288 4161 2419 4216 illud
2446 4162 2770 4228 dixerimus,
2792 4162 2963 4231 ipsum
2986 4178 3178 4233 nempe
3206 4163 3510 4218 idololatras
3533 4165 3677 4220 allo-

2092 4256 2181 4325 qui
2202 4297 2217 4321 ,
2237 4254 2383 4310 etde
2410 4254 2512 4309 diis
2538 4254 2723 4309 multis
2743 4254 2916 4324 deque
2940 4253 3172 4309 dominis
3198 4255 3377 4309 multis
3400 4269 3520 4309 esse
3546 4270 3675 4310 cer-

2094 4354 2293 4401 tamen.
2327 4344 2451 4400 ldeo
2477 4360 2599 4400 cum
2638 4345 2851 4400 Patrem
2877 4345 3043 4399 Deum
3071 4344 3313 4411 dixisset,
3338 4346 3528 4401 Filium
3560 4346 3677 4401 Do-

2094 4437 2299 4493 minum
2346 4436 2654 4507 appellavit.
2696 4436 2751 4491 Si
2793 4450 2922 4507 ergo
2966 4436 3174 4491 Patrem
3222 4452 3329 4491 non
3376 4451 3538 4492 ausus
3584 4448 3676 4493 est

2102 4542 2241 4582 nunc
2270 4527 2539 4597 appellare
2569 4527 2850 4582 Dominum
2873 4540 2994 4581 cum
3023 4525 3179 4593 Filio,
3208 4542 3277 4582 ne
3303 4527 3358 4581 in
3396 4529 3674 4596 suspicio-

2098 4634 2219 4673 nem
2250 4619 2458 4673 veniret
2482 4616 2623 4688 quod
2652 4616 2788 4673 duos
2813 4616 3016 4672 diceret
3044 4617 3327 4683 Domitios,
3379 4633 3551 4688 neque
3576 4618 3676 4674 Fi-

2099 4709 2231 4765 lium
2279 4710 2446 4765 Deum
2489 4724 2610 4764 cum
2654 4709 2842 4773 Patre,
2889 4723 2956 4763 ne
2991 4716 3267 4778 putaretur
3309 4708 3443 4763 duos
3485 4709 3675 4764 dicere

2101 4799 2239 4854 Deos
2259 4837 2272 4864 ,
2291 4800 2417 4868 quid
2435 4800 2663 4865 miraris,
2684 4800 2730 4854 si
2746 4799 2998 4868 Spiritum
3020 4814 3123 4853 non
3143 4800 3552 4855 memoraverit?
3577 4801 3678 4854 ad-

2100 4905 2288 4945 versus
2316 4892 2437 4947 illos
2461 4892 2604 4945 enim
2632 4900 2742 4945 tum
2768 4890 3129 4955 concertabat,
3158 4899 3213 4945 ut
3232 4891 3539 4946 ostenderet
3563 4907 3673 4948 non

2101 4997 2221 5038 esse
2248 4982 2388 5053 apud
2428 4997 2525 5037 nos
2571 4982 3011 5050 multiplicitatem
3054 4980 3297 5035 deorum.
3338 4981 3460 5037 Ideo
3502 4983 3669 5048 illud,

2108 5072 2271 5140 Unus,
2300 5074 2517 5129 assidue
2547 5074 2742 5129 retinet
2772 5073 2976 5139 dicens,
3010 5072 3131 5127 Non
3159 5084 3230 5127 est
3254 5073 3390 5128 Deus
3418 5074 3551 5130 alias
3575 5078 3682 5131 nisi

2103 5182 2263 5231 unus;
2288 5175 2360 5231 et,
2394 5164 2558 5219 Nobis
2586 5182 2714 5221 unus
2742 5174 2813 5220 est
2840 5165 2978 5220 Deus
2998 5175 3046 5220 et
3071 5182 3200 5219 unus
3225 5166 3490 5220 Dominus.
3522 5168 3677 5223 Unde

2106 5258 2447 5313 manifestum
2474 5265 2557 5311 est
2590 5257 2735 5312 illum
2756 5298 2772 5322 ,
2803 5257 3100 5311 auditorum
3128 5257 3415 5311 infirmitati
3448 5274 3678 5327 parcen-

2106 5358 2235 5416 tem,
2269 5349 2371 5405 hoc
2395 5348 2649 5419 arguendi
2678 5348 2837 5403 modo
2865 5363 3015 5403 usum
3043 5363 3164 5403 esse
3184 5390 3198 5413 ,
3248 5348 3471 5418 ideoque
3500 5349 3677 5418 Spiri-

2106 5450 2216 5495 tum
2246 5457 2351 5496 non
2381 5442 2782 5497 memoravisse.
2830 5440 2963 5495 Nam
3013 5441 3057 5494 si
3103 5440 3208 5496 hoc
3251 5456 3356 5495 non
3385 5450 3546 5505 esset,
3577 5456 3679 5496 nec

2107 5532 2230 5586 alibi
2258 5533 2583 5604 Oportuisset
2627 5532 2883 5601 Spiritum
2934 5546 3267 5596 memorare,
3310 5531 3676 5601 nequeillum

2108 5640 2228 5679 cum
2262 5625 2422 5679 Patre
2462 5634 2517 5679 et
2560 5623 2699 5679 Filio
2724 5624 3067 5693 conjungere.
3114 5623 3246 5678 Nam
3292 5624 3335 5676 si
3379 5637 3409 5675 a
3442 5623 3598 5676 Patre
3624 5632 3679 5677 et

2114 5715 2248 5771 Filio
2275 5727 2417 5773 esset
2442 5717 2690 5772 exclusus
2712 5758 2727 5783 ,
2759 5717 2925 5772 inulto
2950 5716 3116 5786 magis
3159 5716 3303 5771 illum
3332 5716 3384 5770 in
3416 5716 3680 5785 baptismo
