3838 6214
108 238 196 295 ιω
1135 227 1204 284 IN
1242 226 1462 285 EPIST.
1503 226 1646 283 lAD
1681 224 1843 285 con.
1882 227 2123 289 HOMIL.
2190 232 2311 289 xx.

101 354 187 407 οὐκ
213 352 323 421 ἔχει
356 347 587 421 βλάϐην,
623 345 700 412 ὡς
731 344 1047 417 ἀδιαφόροις
1072 341 1300 415 ἔμελλον
1333 344 1665 417 ἐπιτρέχειν·

102 440 418 504 κωλυθέντες
443 441 501 493 δὲ
528 437 710 493 αὐτῶν
730 436 1020 504 ἅπτεσθαι,
1039 437 1202 492 πάλιν
1233 437 1556 492 ὑπώπτευον
1583 439 1666 493 ὅτι

98 535 164 596 ὠς
186 532 332 602 ἰσχὺν
352 532 586 602 ἐχόντων
608 530 685 592 είς
708 528 768 582 τὸ
796 529 1054 599 βλάπτειν
1081 529 1455 600 ἐκωλύθησαν.
1478 530 1579 584 Διά
1601 530 1666 601 δὴ

99 623 240 679 τοῦτο
285 620 529 676 καθελὼν
571 621 672 692 τὴν
718 620 828 675 τῶν
869 621 1105 676 εἰδώλων
1152 621 1431 685 ὑπόνοιαν,
1485 622 1667 676 αἰτίαν

99 716 306 786 πρώτην
368 714 552 783 τίθησι
598 714 692 766 τοῦ
738 713 1061 784 ἀπέχεσθαι,
1112 712 1183 767 τά
1233 714 1505 768 σκάνδαλα
1557 714 1668 768 τῶν

98 807 347 877 ἀδελφῶν,
379 805 524 860 οὕτω
551 806 748 875 λέγων·
778 806 922 875 Περί
940 805 1049 875 τῆς
1081 805 1365 874 βρώσεως
1403 803 1518 862 οὖν
1550 806 1670 861 τῶν

97 900 513 963 εὶδωλοθύτων,
543 899 791 969 οἴδαμεν
824 898 913 953 ὅτι
945 897 1129 953 οὐδὲν
1177 898 1432 952 εἴδωλον
1464 898 1534 951 ἐν
1565 899 1669 952 κό-

96 1008 236 1061 σμῳ.
267 991 436 1045 Πάλιν
467 991 643 1044 κοινὸν
666 991 798 1044 αὐτὸ
831 992 995 1055 ποιεῖ,
1036 990 1132 1044 καὶ
1170 989 1231 1044 ού
1266 992 1543 1060 συγχωρεῖ
1570 988 1670 1059 μό-

97 1101 193 1136 νων
221 1083 443 1136 ἐκείνων
473 1082 728 1151 γενέσθαι
752 1083 931 1148 τοῦτο,
956 1083 1069 1136 ἀλλ’
1094 1082 1323 1136 ἐκτείνει
1343 1081 1442 1153 τὴν
1467 1081 1669 1150 γνῶσιν

94 1170 361 1243 πανταχοῦ
385 1174 483 1242 τῆς
509 1171 855 1242 οἰκουμένης.
881 1172 1016 1226 Οὐδὲ
1042 1171 1151 1243 γὰρ
1173 1174 1304 1244 παρ’
1330 1174 1458 1243 ὑμῖν
1485 1172 1665 1242 μόνον,

93 1264 272 1333 φησιν,
296 1263 432 1317 ἀλλά
454 1263 730 1333 πανταχοῦ
755 1263 857 1332 τῆς
874 1264 980 1334 γῆς
999 1263 1158 1317 τοῦτο
1181 1267 1374 1335 κρατεῖ
1390 1263 1449 1317 τὸ
1467 1264 1665 1333 δόγμα·

92 1358 243 1410 Ποῖον
269 1355 335 1426 δὴ
366 1356 541 1422 τοῦτο,
579 1358 702 1409 Ὅτι
724 1354 905 1410 οὐδὲν
930 1357 1183 1411 εἴδωλον
1211 1357 1281 1411 ἐν
1306 1358 1533 1427 κόσμῳ,
1566 1359 1667 1412 καὶ
1710 1356 1715 1361 ’

90 1448 172 1500 ὅτι
206 1448 405 1514 οὐδεὶς
432 1448 575 1515 Θεὸς
624 1448 845 1517 ἕτερος,
888 1451 941 1503 εί
969 1448 1053 1519 μὴ
1084 1445 1206 1518 εἶς;
1252 1451 1366 1504 Οὐκ
1399 1450 1546 1505 ἐστιν
1574 1448 1668 1507 οὖν

87 1536 313 1604 amula;
353 1539 453 1591 οὐκ
484 1539 599 1592 ἔστι
636 1537 828 1606 ξόανα;
854 1540 1012 1593 Ἔστι
1074 1539 1196 1613 μὲν,
1257 1542 1373 1596 ἀλλ’
1405 1543 1505 1596 οὐκ
1554 1544 1668 1616 ἔχει

86 1627 200 1683 τινά
243 1630 417 1699 ίσχὺν,
442 1631 562 1684 οὐδὲ
593 1630 705 1685 θεοί
731 1632 889 1697 εἰσιν,
920 1631 1056 1686 ἀλλά
1081 1632 1218 1687 λίθοι
1262 1636 1355 1688 καὶ
1390 1635 1663 1706 δαίμονες.

85 1720 224 1790 Πρὸς
256 1722 365 1793 γὰρ
397 1722 740 1794 ἀμφοτέρους
769 1722 1111 1778 ἀποτείνεται
1146 1723 1264 1790 νῦν,
1288 1727 1384 1780 καὶ
1409 1729 1534 1792 τοὺς
1562 1746 1669 1781 πα-

84 1810 345 1882 χυτέρους
403 1812 581 1867 αὐτῶν
658 1815 753 1867 καὶ
798 1814 926 1878 τοὺς
978 1814 1271 1880 δοκοῦντας
1332 1818 1664 1888 φιλοσοφεῖν.

96 1903 316 1975 Ἐπειδὴ
355 1902 461 1975 γὰρ
486 1906 535 1957 οί
564 1904 664 1976 μὲν
694 1907 844 1961 οὐδὲν
876 1908 1038 1963 πλέον
1063 1910 1173 1963 τῶν
1200 1910 1363 1966 λίθων
1396 1912 1594 1977 ἴσασιν,
1619 1917 1687 1969 οί·

80 1994 135 2045 δὲ
164 1993 391 2062 λέγουσι
422 1997 516 2050 καὶ
552 1997 813 2069 δυνάμεις
855 2000 1006 2063 τινὰς
1046 2001 1214 2054 οἰκεῖν
1260 2002 1318 2053 ἐν
1358 2002 1562 2068 αὐτοῖς,
1601 2004 1669 2069 ἃς

84 2085 174 2137 καὶ
223 2085 383 2150 θεοὺς
420 2086 668 2152 καλοῦσι,
708 2087 847 2158 πρὸς
899 2089 999 2159 μὲν
1048 2086 1143 2143 οὖν
1196 2090 1436 2153 ἐκείνους
1480 2094 1665 2161 φησὶν,

78 2179 158 2231 ὅτι
214 2179 388 2234 Οὐδὲν
427 2180 643 2235 εἴδωλον
685 2182 744 2235 ἐν
784 2182 1006 2254 κόσμῳ·
1040 2183 1176 2255 πρὸς
1210 2184 1269 2237 δὲ
1306 2184 1549 2249 τούτους,
1585 2186 1667 2240 ὄτι

79 2270 275 2335 Οὐδεὶς
300 2271 432 2336 Θεὸς
458 2272 663 2344 ἕτερος,
681 2274 729 2327 εί
754 2275 829 2345 μὴ
856 2271 958 2339 εἷς.

146 2398 219 2459 γ’.
248 2389 398 2463 [172]
440 2390 601 2461 Ὁρᾷς
624 2390 741 2455 πῶς
770 2391 867 2463 ούχ
906 2392 1091 2457 ἀπλῶς
1108 2393 1448 2465 δογματίζων
1466 2396 1667 2467 γράφει

68 2485 273 2547 ταῦτα,
297 2484 434 2538 ἀλλά
460 2484 594 2554 πρὸς
617 2483 1020 2556 ἀντιδιαστολὴν
1049 2485 1157 2539 τῶν
1183 2484 1412 2553 έξωθεν;
1438 2490 1530 2541 καὶ
1559 2491 1667 2559 γὰρ

66 2578 165 2630 καὶ
205 2575 374 2629 τοῦτο
410 2575 684 2646 πανταχοῦ
725 2575 829 2648 χρὴ
868 2580 1228 2648 παρατηρεῖν,
1255 2581 1364 2633 εἴτε
1405 2582 1669 2633 ἀπολελυ-

64 2669 263 2737 μένως
292 2667 438 2735 λέγει
462 2686 535 2733 τι,
567 2668 676 2721 εἴτε
708 2669 842 2739 πρός
871 2686 1019 2732 τινας
1044 2670 1349 2740 ἱστάμενος.
1392 2673 1525 2725 Ούδὲ
1560 2674 1667 2744 γὰρ

64 2760 127 2812 τὸ
150 2759 323 2830 τυχὸν
346 2762 424 2822 εἰς
443 2757 540 2829 τὴν
564 2758 669 2811 τῶν
695 2758 978 2828 δογμάτων
1002 2762 1130 2831 ἡμῖν
1156 2773 1181 2801 α
1205 2762 1488 2834 ἀκρίϐειαν
1511 2764 1667 2817 τοῦτο

68 2856 349 2920 συντελεῖ,
380 2854 472 2906 καὶ
502 2855 582 2916 εἰς
609 2853 779 2925 αὐτὴν
805 2853 913 2907 τῶν
942 2852 1249 2925 λεγομένων
1278 2856 1376 2927 τὴν
1403 2859 1666 2928 κατανόη-

66 2965 175 3001 σιν.
222 2946 337 3001 Kal
385 2945 493 3016 γὰρ
533 2945 700 3014 εἴπερ
738 2945 856 2999 εἰσὶ
900 2948 1213 3016 λεγόμενοι
1262 2949 1404 3013 θεοὶ,
1441 2951 1561 3004 εἴτε
1598 2953 1668 3004 ἐν

65 3038 318 3107 οίιρανῷ
341 3040 461 3092 εἴτε
486 3038 586 3092 ἐπὶ
610 3037 741 3108 γῆς,
766 3038 969 3109 ὥσπερ
997 3036 1111 3095 οὖν
1128 3040 1245 3094 εἰσὶ
1274 3042 1396 3096 0εοί
1425 3045 1664 3109 πολλοὶ,

60 3136 167 3187 καί
220 3133 418 3201 κύριοι
448 3132 687 3186 πολλοί·
722 3134 860 3187 ἀλλ’
892 3132 1038 3202 ἡμῖν
1082 3131 1171 3200 εἷς
1208 3134 1352 3201 Θεὸς
1379 3138 1413 3189 ό
1441 3136 1666 3205 Πατὴρ,

60 3226 133 3291 ἐξ
166 3220 249 3281 οὗ
284 3226 354 3278 τὰ
377 3224 592 3287 πάντα,
620 3224 717 3277 καὶ
746 3224 917 3293 ἡμεῖς
959 3226 1046 3289 εἰς
1073 3226 1279 3279 αὐτόν·
1317 3227 1416 3281 καί
1439 3224 1526 3295 εἷς
1553 3232 1669 3284 Κύ-

51 3336 197 3384 ριος
246 3315 483 3382 Ἰησοῦς
506 3314 783 3384 Χριστὸς,
811 3314 885 3369 δι’
911 3312 983 3372 οὗ
1012 3314 1086 3370 τὰ
1116 3317 1333 3385 πάντα,
1360 3322 1459 3374 καὶ
1494 3322 1668 3391 ἡμεῖς

60 3410 139 3462 δι’
165 3407 393 3463 αὑτοῦ.
441 3407 658 3478 Ἐπειδὴ
695 3402 847 3461 εἶπεν
896 3409 977 3463 ὅτι
1009 3409 1160 3463 οὐδὲν
1198 3409 1419 3468 εἴδωλον
1453 3414 1668 3469 καὶοῦ-

53 3501 179 3564 δεὶς
203 3500 348 3563 Θεὸς
376 3499 585 3569 ἕτερος,
620 3494 688 3570 ἦν
716 3499 769 3553 δὲ
807 3499 903 3554 καὶ
941 3500 1151 3567 είδωλα,
1186 3498 1326 3573 ἦσαν
1352 3503 1409 3557 δὲ
1440 3508 1532 3560 καὶ
1555 3505 1667 3561 θεοὶ

57 3593 390 3663 λεγόμενοι·
425 3591 511 3644 ἵνα
545 3591 620 3661 μὴ
650 3591 774 3663 δόξῃ
813 3594 926 3655 τοῖς
968 3596 1221 3665 φανεροῖς
1247 3596 1533 3667 μάχεσθαι,
1566 3601 1666 3653 ἐπ·-

57 3683 195 3752 ἀγει
243 3682 420 3751 λέγων
450 3684 565 3752 (καὶ
600 3682 708 3754 γάρ
746 3684 904 3754 εἴπερ
943 3686 1048 3738 εἰσί
1079 3685 1360 3757 λεγόμενοι
1401 3688 1533 3753 θεοὶ,
1561 3689 1670 3745 ὥσ-

58 3792 177 3845 περ
199 3773 308 3827 οὖν
337 3774 429 3827 καὶ
457 3774 613 3839 εἰσὶν,
646 3775 742 3845 οὐχ
775 3775 962 3839 ἁπλῶς
987 3777 1153 3843 εἰσιν,
1185 3778 1323 3832 ἀλλά
1363 3780 1665 3852 λεγόμενοι,

50 3867 166 3918 οὑκ
194 3867 265 3918 ὲν
296 3865 601 3935 πράγματι,
619 3865 734 3919 ἀλλ’
757 3868 814 3919 ἐν
837 3867 1042 3937 ῥήματι
1068 3867 1225 3923 τοῦτο
1253 3870 1509 3942 ἐχοντες)·
1529 3875 1669 3928 Εἴτε

53 3958 131 4009 ὲν
153 3955 431 4024 οὐρανῷ,
450 3957 571 4011 εἴτε
589 3956 687 4010 ἐπὶ
718 3956 850 4027 γῆς·
882 3959 940 4009 ἐν
968 3959 1182 4030 οὐρανῷ
1200 3961 1292 4014 τὸν
1317 3963 1467 4033 ἥλιον
1494 3964 1667 4035 λέγων

48 4052 158 4103 καὶ
201 4050 317 4121 τὴν
344 4050 575 4120 σελήνην
606 4050 701 4103 καὶ
742 4050 833 4102 τὸν
860 4050 1046 4104 λοιπὸν
1077 4052 1187 4105 τῶν
1223 4053 1439 4124 ἄστρων
1481 4059 1664 4129 χορόν·

48 4143 155 4196 καὶ
191 4142 319 4213 γὰρ
350 4142 447 4195 καὶ
486 4142 657 4195 ταῦτα
682 4145 1097 4213 προσεκύνησαν
1127 4144 1406 4217 Ἕλληνες·
1444 4151 1536 4203 ἐπὶ
1561 4151 1667 4221 γῆς

41 4236 105 4288 δὲ
138 4235 454 4304 δαίμονας,
500 4234 594 4288 καὶ
628 4236 755 4298 τοὺς
797 4235 856 4299 ἐξ
895 4236 1197 4307 ἀνθρώπων
1250 4238 1667 4313 θεοποιηθέντας

42 4334 353 4393 ἃπαντας.
399 4332 562 4386 Ἀλλ’
586 4330 730 4401 ἡμῖν
758 4326 845 4397 εἷς
881 4331 1024 4399 Θεὸς
1067 4334 1099 4386 ό
1140 4333 1361 4401 Πατήρ.
1396 4337 1666 4411 Πρότερον

40 4424 181 4487 θεὶς
234 4424 419 4494 χωρὶς
456 4421 550 4475 τοῦ
584 4421 795 4494 Πατρὸς
821 4421 873 4487 δ,
902 4422 995 4475 καὶ
1032 4421 1220 4488 εἰπὼν,
1266 4424 1474 4493 Οὐδεὶς
1522 4429 1667 4496 Θεὸς

35 4516 307 4583 ἔτερος,
353 4515 405 4566 εί
442 4513 530 4582 μὴ
569 4509 676 4579 εἷς,
718 4512 812 4566 νῦν
843 4512 937 4567 καὶ¹
971 4512 1127 4566 τοῦτο
1167 4516 1545 4589 προστίθησιν,
1575 4520 1666 4574 ὅτε

34 4605 361 4669 παντελῶς
389 4604 627 4668 ἐκείνους
654 4604 926 4672 ἐξέϐαλεν.
958 4600 1093 4660 Εἶτα
1131 4607 1225 4661 καὶ
1251 4608 1385 4679 ὅπερ
1410 4606 1541 4663 ἐστί
1561 4612 1666 4665 δεῖ·

30 4713 171 4765 γμα
205 4696 483 4766 μέγιστον
502 4693 780 4764 θεότητος,
810 4694 903 4748 καὶ
928 4694 1085 4748 τοῦτο
1110 4697 1326 4767 ἐπάγει·
1368 4699 1469 4765 Ἐξ
1496 4697 1568 4758 οὗ
1594 4702 1666 4758 τὰ

29 4788 299 4842 πάντα.
362 4785 533 4839 Τοῦτο
572 4785 680 4859 γὰρ
732 4785 972 4841 δείκνυσι
1023 4787 1306 4855 κάκείνους
1357 4792 1456 4846 οὐκ
1505 4793 1664 4859 ὄντας

29 4880 246 4942 θεούς.
286 4877 414 4931 Θεοί
444 4878 575 4949 γὰρ,
605 4878 791 4947 φησὶν,
827 4878 877 4931 οῖ
914 4878 1004 4931 τὸν
1036 4880 1265 4951 οὐρανὸν
1303 4884 1396 4937 καί
1434 4883 1532 4957 τὴν
1559 4887 1664 4957 γῆν

29 4970 142 5024 οὐκ
174 4970 489 5039 ἐποίησαν,
525 4966 928 5023 ἀπολέσθωσαν.
962 4968 1096 5024 Εἶτα
1114 4972 1209 5025 καὶ
1244 4974 1306 5027 τὸ
1333 4974 1524 5030 τούτου
1562 4979 1663 5031 οὐκ

29 5062 296 5114 ἔλαττον
340 5058 688 5130 προστίθησι·
727 5059 839 5113 Kal
882 5060 1055 5130 ἡμεῖς
1103 5065 1191 5130 εὶς
1244 5068 1449 5124 αὐτόν.
1493 5069 1661 5125 Ὅταν

30 5153 140 5205 ιιὲν
197 5149 333 5222 γὰρ
376 5150 527 5221 εἴπῃ,
573 5149 673 5214 Ἐξ
703 5146 774 5206 οὗ
816 5150 890 5205 τὰ
919 5151 1135 5218 πάντα,
1165 5154 1264 5227 τὴν
1300 5157 1661 5230 δημιουργίαν

30 5247 224 5313 τέγει,
267 5242 371 5295 καὶ
409 5241 506 5313 τὴν
536 5244 601 5296 ἐκ
622 5241 717 5296 τοῦ
751 5243 825 5313 μὴ
864 5242 1016 5306 ὄντος
1045 5247 1124 5309 εἰς
1149 5247 1211 5300 τὸ
1230 5244 1372 5303 εἶναι
1399 5269 1660 5323 παραγω-

29 5338 162 5409 τήν·
202 5335 356 5387 ὅταν
388 5332 447 5386 δὲ
485 5333 639 5406 εἴπῃ,
687 5335 799 5388 Kal
828 5334 997 5405 ἡμεῖς
1046 5339 1132 5401 είς
1169 5339 1377 5409 αὐτὸν,
1415 5342 1507 5396 τὸν
1556 5344 1660 5415 τῆς

78 5540 109 5567 ιι
154 5533 338 5595 εΗμῖν
360 5533 508 5583 deest
549 5536 598 5583 in
631 5535 755 5598 Reg.
824 5535 851 5572 δ
898 5535 980 5586 Sic
1015 5536 1162 5586 habet
1188 5538 1402 5590 Savilius
1426 5542 1476 5591 in
1523 5557 1652 5593 mar-

30 5603 172 5667 ine,
208 5605 283 5667 _el
311 5599 382 5644 sic
405 5599 528 5657 legit
552 5604 695 5645 vetus
740 5600 990 5667 yltcrpres
1013 5599 1231 5667 Latinus2
1256 5603 1435 5667 absque
1474 5607 1648 5667 Patre,

38 5665 115 5731 bi_
162 5660 441 5709 observes
487 5671 533 5705 In
553 5672 693 5731 “mssa
740 5659 845 5731 fere
866 5659 1067 5721 Semper
1088 5663 1264 5731 πατρὸς
1282 5659 1527 5731 gic'scribj
1548 5659 1646 5731 πρς,

37 5723 163 5793 nd_e
199 5731 370 5787 ergor
388 5728 526 5793 quus
551 5719 717 5785 fuerit,
758 5730 813 5773 ul.
834 5734 894 5773 ex
936 5719 1260 5784 séquentibus
1283 5727 1459 5788 liquet.
1493 5719 1646 5791 Ειίἰιί,

30 5788 175 5847 ωρίς
205 5788 445 5842 τουπρος
468 5799 530 5831 τι.

3260 240 3365 298 ισι

1778 345 2019 411 πίστεως
2047 347 2146 401 καὶ
2172 348 2271 419 τῆς
2293 345 2621 412 οἰκειώσεως
2650 347 2807 419 λόγον
2842 349 3013 421 λέγει·
3043 351 3075 407 δ
3126 353 3223 409 καὶ
3267 355 3369 427 ἐμ·

1776 439 2012 509 προσθεν
2042 439 2248 509 ἔλεγεν·
2285 440 2389 505 Ἐξ
2434 440 2621 496 αὐτοῦ
2666 441 2735 495 δὲ
2768 444 2867 497 καί
2908 444 3081 514 ὑμεῖς
3126 445 3268 502 ἐστε
3295 449 3369 503 ἐν

1775 529 2011 598 Χριστῷ
2048 531 2271 599 Ἰησοῦ.
2309 531 2481 603 Διπλῇ
2516 532 2624 605 γάρ
2654 532 2823 605 ἐσμεν
2848 534 2908 599 ἐξ
2946 535 3136 602 αὐτοῦ,
3166 541 3261 594 καὶ
3287 539 3368 609 τῷ

1780 621 1855 691 μὴ
1894 620 2047 685 ὄντες
2078 622 2354 690 γενέσθαι,
2384 625 2479 677 καὶ
2509 622 2588 694 τῷ
2615 624 2799 677 πιστοί
2820 625 3095 695 γενέσθαι·
3135 629 3366 700 καὶγὰρ

1776 714 1872 768 καὶ
1908 715 2066 768 τοῦτο
2096 714 2293 779 κτίσις·
2347 716 2376 769 ὃ
2418 717 2511 770 καὶ
2543 715 2778 788 ἀλλαχοῦ
2820 735 3004 790 φησιν·
3042 720 3178 775 Ἵνα
3223 721 3367 789 τοὺς

1777 807 1885 861 δύο
1908 809 2088 878 κτίσῃ
2121 810 2191 864 ἐν
2221 809 2414 875 ἐαυτῷ
2457 812 2546 875 είς
2598 810 2709 865 ἕνα
2758 812 2974 867 καινὸν
3026 814 3362 883 ἄνθρωπον.

1776 899 1888 954 Kal
1915 896 2004 965 εἷς
2028 902 2243 969 Κύριος
2275 900 2517 969 Ἰησοῦς
2536 901 2808 970 Χριστὸς,
2836 901 2911 955 δι’
2939 898 3012 958 οὗ
3041 902 3115 958 τὰ
3142 904 3362 970 πάντα,

1777 990 1877 1044 καί
1914 990 2085 1060 ἡμεῖς
2124 990 2199 1044 δι’
2236 992 2443 1046 αὑτοῦ.
2485 991 2598 1045 Καὶ
2636 993 2730 1044 ἐπὶ
2772 992 2868 1046 τοῦ
2908 994 3146 1065 Χριστοῦ
3197 996 3364 1049 πάλιν

1776 1079 1976 1151 ὁμοίως
2015 1079 2173 1132 τοῦτο
2214 1081 2454 1151 νοητέον.
2486 1081 2566 1134 Δι’
2597 1080 2759 1135 αὐτοῦ
2794 1082 2904 1153 γὰρ
2935 1084 3029 1137 καὶ
3060 1085 3125 1137 ἐκ
3162 1084 3254 1138 τοῦ
3288 1084 3365 1157 μὴ

1777 1171 1928 1235 ὄντος
1966 1170 2221 1242 παρήχθη
2250 1172 2309 1225 τὸ
2337 1172 2447 1225 τῶν
2468 1170 2772 1244 ἀνθρώπων
2805 1174 2963 1242 γένος
3000 1176 3080 1239 εἰς
3106 1176 3167 1228 τὸ
3197 1172 3363 1245 εἶναι,

1779 1263 1875 1316 καὶ
1921 1264 2029 1317 ἀπὸ
2066 1264 2276 1335 πλάνης
2314 1266 2393 1328 εἰς
2424 1264 2684 1334 ἀλήθειαν
2714 1263 3036 1335 ἐπανῆλθεν.
3071 1267 3233 1321 Ὥστε
3277 1268 3362 1332 τὸ,

1791 1357 1893 1422 Ἐξ
1910 1354 2003 1421 οὗ,
2024 1356 2183 1410 τοῦτο
2202 1357 2301 1410 οὑκ
2327 1356 2464 1420 ἐστι,
2495 1358 2680 1429 Χωρὶς
2704 1358 2798 1411 τοῦ
2821 1358 3080 1431 Χριστοῦ·
3112 1358 3173 1424 ἐξ
3196 1360 3362 1413 αὑτοῦ

1776 1448 1885 1520 γὰρ
1937 1448 2025 1501 διὰ
2066 1448 2159 1501 τοῦ
2210 1447 2448 1520 Χριστοῦ
2495 1449 3033 1522 ἐδημιουργήθημεν.
3078 1451 3153 1504 Οὑ
3183 1452 3364 1505 τοίνυν

1776 1540 1897 1593 οὐδὲ
1926 1539 1994 1593 τά
2026 1540 2267 1610 ὀνόματα
2299 1540 2374 1603 ὡς
2399 1541 2907 1612 ἀποκεκληρωμένα
2929 1542 3115 1608 διεῖλε,
3152 1542 3231 1613 τῷ
3262 1543 3363 1612 μὲν

1777 1630 1891 1702 Υίῷ
1932 1631 2013 1696 τὸ,
2048 1631 2273 1702 Κύριος,
2306 1630 2384 1701 τῷ
2412 1630 2470 1683 δέ
2515 1633 2690 1704 Πατρὶ
2720 1632 2801 1696 τὸ,
2833 1633 2986 1699 Θεὸς,
3016 1633 3361 1705 προσνέμων.

1778 1718 1901 1777 Οἶδε
1926 1723 2038 1795 γὰρ
2067 1724 2207 1777 αύτά
2259 1724 2354 1777 καὶ
2389 1723 2734 1778 ἐναλλάττειν
2770 1726 2804 1796 ὴ
2835 1725 3029 1796 Γραφὴ
3072 1726 3360 1793 πολλάκις,

1775 1814 1850 1878 ὼς
1874 1816 2002 1868 ὅταν
2032 1815 2185 1886 λέγῃ·
2230 1812 2415 1869 Εἶπεν
2442 1818 2474 1868 ό
2508 1817 2726 1885 Κύριος
2753 1814 2834 1881 τῷ
2871 1818 3068 1885 Κυρίῳ
3098 1836 3237 1887 μου·
3267 1820 3361 1875 καὶ

1777 1905 1961 1970 πάλιν,
2002 1905 2108 1959 Διὰ
2149 1906 2323 1960 τοῦτο
2351 1905 2561 1975 ἕχρισέ
2600 1920 2674 1959 σε
2709 1909 2742 1960 d
2782 1908 2946 1973 Θεὸς,
2977 1910 3010 1961 ό
3050 1912 3196 1974 Θεός
3221 1927 3341 1965 σου

1776 2000 1894 2065 καί,
1933 2000 2036 2065 Ἐξ
2067 1994 2154 2053 ὧν
2180 2004 2212 2054 ό
2236 1998 2491 2068 Χριστὸς
2518 1998 2585 2052 τὸ
2619 1998 2768 2052 κατὰ
2793 1999 3010 2066 σάρκα,
3062 2003 3096 2054 ὀ
3137 2001 3222 2054 ὢν
3261 2003 3363 2065 ἐπι

1776 2095 2019 2147 πάντων
2049 2094 2211 2159 Θεός.
2256 2092 2367 2146 Καὶ
2407 2089 2673 2160 πολλαχοῦ
2716 2090 2782 2144 ἂν
2826 2091 2957 2155 ίδοις
2988 2090 3161 2145 ταῦτα
3196 2111 3337 2162 μετα

1777 2187 2033 2241 ὅαίνοντα
2056 2187 2121 2240 τά
2142 2187 2397 2257 ὀνόματα.
2430 2187 2491 2239 El
2518 2185 2575 2238 δὲ
2598 2184 3105 2257 ἀποκεκληρωμένα
3138 2183 3205 2258 ἦν
3228 2189 3333 2242 ἑκά

1779 2276 2093 2347 στῃιφύσει,
2130 2277 2225 2329 καὶ
2263 2276 2382 2345 οὐχὶ
2418 2275 2549 2333 Θεὸς
2578 2270 2646 2345 ἦν
2684 2277 2712 2328 ό
2756 2275 2902 2340 Υἱὸς,
2934 2277 3029 2330 καί
3056 2277 3189 2342 Θεὸς
3227 2278 3302 2342 ὡς
3335 2281 3363 2333 ό

1776 2366 1987 2437 Πατὴρ,
2029 2367 2203 2436 μένων
2253 2366 2400 2430 Υἱός·
2433 2365 2624 2431 εἰπὼν,
2678 2367 2832 2423 Ἀλλ’
2875 2366 3022 2435 ἡμῖν
3055 2363 3144 2434 εἵς
3197 2370 3363 2436 Θεὸς,

1779 2459 2047 2530 περιττῶς
2072 2457 2383 2528 προσετίθει
2412 2457 2472 2510 τὸ
2503 2457 2726 2526 Πατὴρ,
2755 2458 3076 2529 βουλόμενος
3099 2462 3365 2532 γνωρίσαι

1775 2550 1865 2602 τὴν
1902 2549 2216 2619 ἀγέννητον·
2249 2550 2410 2621 ἤρκει
2437 2548 2547 2620 γὰρ
2570 2549 2631 2602 τὸ
2657 2548 2820 2616 Θεὸς,
2847 2550 2899 2603 εῐ
2920 2567 2983 2619 γε
3010 2550 3175 2605 αὑτοῦ
3204 2553 3313 2621 μόν
3335 2569 3365 2593 ἐ

1775 2636 1844 2712 ἦν
1888 2641 2271 2714 γνωριστικὸν,
2298 2642 2455 2695 τοῦτο
2498 2642 2757 2713 δηλῶσαι.
2794 2644 2869 2695 Ού
2897 2642 3057 2696 τοῦτο
3087 2644 3145 2698 δέ
3177 2646 3361 2716 μόνον,

1776 2736 1911 2789 ἀλλὰ
1955 2737 2049 2788 καὶ
2078 2735 2264 2805 ἕτερον
2296 2735 2441 2788 ἐστιν
2484 2736 2678 2788 εἰπεῖν.
2714 2733 2864 2807 [175]
2903 2736 2966 2789 Εἰ
3001 2734 3110 2807 γὰρ
3158 2736 3361 2806 λέγοις,

1775 2828 1856 2880 ὅτι
1884 2828 2069 2899 ἐπειδὴ
2095 2822 2173 2891 εἷς
2189 2827 2321 2890 Θεὸς
2343 2828 2577 2902 είρηται,
2605 2828 2704 2898 οὐχ
2727 2828 2958 2899 ἁρμόζει
2987 2841 3015 2870 ι
3038 2830 3115 2900 τῷ
3142 2831 3256 2902 Υίῷ
3279 2833 3364 2900 τὸ,

1780 2921 1948 2986 Θεὸς,
1988 2922 2091 2990 ὅρα
2128 2923 2223 2973 καὶ
2259 2899 2494 2973 ἐπί’τοῦ
2523 2920 2654 2973 Υίοῦ
2692 2920 2753 2973 τὸ
2787 2920 2919 2974 αὐτὸ
2945 2899 3365 2993 κείμενονίΚαί

1776 3012 1884 3081 γὰρ
1915 3013 1943 3064 ὁ
1973 3012 2101 3075 Υἰὸς
2123 3007 2204 3074 εἷς
2233 3011 2438 3083 Κύριος
2464 3012 2697 3082 εἴρηται,
2723 3011 2815 3064 καὶ
2841 3011 2902 3064 οὐ
2926 3011 3013 3065 διά
3034 3012 3191 3065 τοῦτο
3216 3014 3365 3085 αὐτῷ

1781 3102 1928 3173 μόνῳ
1980 3102 2060 3167 τὸ,
2100 3105 2337 3171 Κύριος,
2372 3104 2664 3175 ἁρμόττειν
2714 3103 2913 3174 φαμέν.
2951 3103 3111 3171 Ὥστε
3154 3104 3220 3175 ἦν
3251 3104 3364 3175 ἔχει

1780 3196 1933 3266 ἰσχὺν
1954 3194 2036 3260 τὸ,
2063 3189 2188 3260 Εἷς,
2217 3195 2309 3247 ἐπὶ
2333 3194 2426 3249 τοῦ
2459 3194 2614 3257 Υίοῦ,
2642 3193 2844 3266 ταύτην
2875 3194 2969 3247 καὶ
2999 3194 3091 3248 ἐπὶ
3118 3194 3213 3249 τοῦ
3249 3197 3364 3249 Πα-

1776 3286 1924 3358 τρός·
1969 3286 2065 3340 καὶ
2110 3285 2362 3357 καθάπερ
2402 3284 2502 3339 οὐκ
2529 3283 2722 3349 ἐξωθεῖ
2748 3285 2839 3340 τὸν
2874 3284 3095 3357 Πατέρα
3127 3286 3223 3341 τοῦ
3256 3287 3367 3341 Κύ-

1777 3395 1895 3449 ριον
1925 3375 2087 3443 εἶναι,
2119 3372 2229 3441 οἷος
2250 3380 2278 3431 ό
2306 3377 2433 3440 Υίός
2459 3378 2576 3430 ἐστι
2604 3376 2829 3449 Κύριος,
2864 3376 2954 3432 διὰ
2985 3378 3047 3433 τὸ
3077 3379 3172 3433 ἕνα
3200 3380 3365 3436 αὑτὸν

1775 3470 2031 3539 λέγεσθαι
2069 3470 2274 3541 Κύριον
2302 3471 2392 3524 τὸν
2431 3470 2579 3524 Υἰόν·
2611 3468 2786 3534 οὕτως
2821 3471 2941 3524 οὐδὲ
2971 3471 3062 3527 τὸν
3095 3472 3226 3526 Υίὸν
3266 3476 3363 3528 ἐκ-

1777 3560 1963 3616 ϐάλλει
1983 3559 2078 3615 τοῦ
2106 3558 2245 3615 εἶναι
2266 3560 2421 3627 Θεὸν,
2461 3556 2571 3625 οἷός
2600 3562 2718 3613 ἐστι
2741 3560 2873 3626 Θεὸς
2897 3564 2925 3616 ὁ
2954 3562 3165 3635 Πατὴρ,
3192 3564 3280 3619 διὰ
3300 3565 3364 3620 τὸ

1776 3652 1873 3705 ἕνα
1906 3652 2039 3705 Θεὸν
2076 3651 2331 3721 λέγεσθαι
2366 3650 2460 3706 τὸν
2494 3651 2735 3723 Πατέρα.
2776 3653 2841 3707 Εἰ
2865 3652 2923 3706 δέ
2958 3671 3104 3719 τινες
3128 3655 3359 3724 λέγοιεν·

1776 3745 1933 3806 Τίνος
1951 3743 2137 3797 ἕνεκεν
2156 3743 2296 3797 Πνεύ
2305 3760 2474 3813 ματος
2492 3743 2593 3797 οὐκ
2618 3745 3023 3815 ἐμνημόνευσεν
3043 3763 3059 3812 ;
3088 3747 3265 3801 ἐκεῖνο
3294 3747 3364 3803 ἂν

1776 3839 2047 3909 εἴποιμεν,
2092 3838 2176 3890 ὅτι
2220 3837 2356 3908 πρὸς
2398 3837 2790 3909 εἰδωλολάτρας
2833 3835 2902 3910 ἦν
2940 3841 2968 3892 ὁ
3005 3840 3161 3909 λόγος
3188 3841 3359 3913 αὐτῷ,

1776 3931 1872 3984 καὶ
1910 3931 2036 4000 περὶ
2059 3929 2198 3983 θεῶν
2226 3928 2437 3982 πολλῶν
2460 3932 2489 3983 ό
2515 3930 2686 3998 ἁγὼν,
2712 3932 2809 3985 καὶ
2840 3931 2969 4003 περὶ
2997 3932 3202 4003 κυρίων
3231 3934 3361 3988 πολ-

1775 4023 1904 4077 λῶν.
1937 4022 2031 4076 Διὸ
2060 4022 2157 4076 καὶ
2184 4022 2315 4076 Θεὸν
2343 4022 2434 4076 τὸν
2466 4022 2685 4093 Πατέρα
2715 4023 2907 4091 εἰπὼν,
2946 4024 3039 4079 τὸν
3066 4025 3195 4080 Υἰὸν
3226 4027 3361 4082 ἐκά-

1774 4115 1899 4168 λεσε
1921 4114 2147 4185 Κύριον.
2176 4114 2241 4167 Εἰ
2277 4112 2454 4168 τοίνυν
2482 4113 2573 4167 τὸν
2605 4114 2825 4184 Πατέρα
2849 4114 2950 4168 οὐκ
2975 4114 3239 4185 ἐτόλμησε
3261 4133 3363 4169 κα-

1775 4202 1933 4257 λέσαι
1977 4202 2181 4274 Κύριον
2224 4203 2318 4255 νῦν
2350 4203 2487 4273 μετά
2525 4202 2621 4258 τοῦ
2663 4203 2816 4269 Υίοῦ,
2856 4203 2942 4258 ἵνα
2989 4204 3065 4276 μὴ
3097 4205 3192 4258 δύο
3227 4208 3361 4278 παρ’

1776 4295 2007 4356 ἐκείνοις
2044 4293 2417 4364 ὑποπτεύηται
2446 4292 2626 4361 λέγειν
2654 4294 2913 4365 Κυρίους,
2950 4294 3073 4348 ούδέ
3110 4294 3201 4349 τὸν
3232 4297 3361 4349 Υίὸν

1774 4383 1907 4437 Θεὸν
1934 4382 2074 4453 μετά
2099 4381 2193 4437 τοῦ
2220 4383 2455 4453 Πατρὸς,
2484 4383 2573 4436 ἵνα
2616 4382 2691 4453 μὴ
2721 4382 2815 4436 δύο
2848 4382 3137 4455 νομίζηται
3177 4383 3360 4454 λέγειν

1775 4473 1932 4539 θεούς
1952 4490 1965 4504 ·
1992 4473 2046 4527 τί
2076 4473 2399 4543 θαυμάζεις,
2424 4473 2473 4525 εί
2501 4472 2599 4527 τοῦ
2642 4473 2960 4544 Πνεύματος
2983 4474 3083 4527 οὐκ
3113 4476 3358 4545 ἐμνημό-

1774 4582 1966 4632 νευσε;
1995 4565 2131 4637 πρὸς
2162 4565 2273 4636 γὰρ
2298 4564 2539 4628 ἐκείνους
2565 4563 2717 4635 αὐτῷ
2743 4564 2885 4627 τέως
2914 4561 2983 4636 ἦν
3007 4567 3037 4618 ὸ
3061 4565 3234 4634 ἀγὼν,
3261 4572 3357 4622 καὶ

1771 4657 1834 4711 τὸ
1864 4658 2056 4724 δεῖξαι,
2099 4658 2183 4713 ὅτι
2228 4658 2329 4711 οὐκ
2366 4655 2482 4710 ἐστι
2523 4656 2783 4711 πολυθεῒα
2821 4658 2953 4729 παρ’
2983 4658 3134 4729 ἡμῖν.
3175 4658 3267 4711 Διὸ
3294 4660 3355 4713 τὸ

1772 4744 1881 4817 Εἷς
1930 4749 2093 4803 τοῦτο
2142 4746 2384 4819 συνεχῶς
2434 4747 2655 4819 κατέχει
2705 4747 2899 4818 λέγων·
2960 4749 3171 4816 Οὐδείς
3209 4751 3355 4817 Θεὸς

1770 4841 1990 4912 ἔτερος,
2047 4845 2101 4897 εί
2138 4841 2224 4912 μὴ
2264 4836 2371 4906 εἷς·
2423 4842 2539 4907 καὶ,
2589 4840 2762 4910 Ἡμῖν
2801 4836 2891 4908 εἷς
2929 4843 3076 4907 Θεὸς
3124 4841 3223 4895 καί
3262 4836 3353 4907 εἷς

1769 4937 2008 5006 Κύριος.
2053 4935 2216 4989 Ὅθεν
2257 4934 2418 5005 δῆλον
2468 4934 2549 4987 ὅτι
2580 4934 2892 5005 φειδόμενος
2935 4933 3037 5004 τῆς
3065 4934 3351 4998 ἀσθενείας

1768 5030 1875 5084 τῶν
1900 5028 2226 5093 ἀκουόντων,
2251 5027 2428 5098 ταύτῃ
2448 5028 2719 5098 ἐχρήσατο
2738 5028 2804 5098 τῇ
2834 5026 3119 5097 διασκευῇ,
3145 5029 3237 5080 καὶ
3260 5028 3350 5081 διὰ

1765 5123 1925 5175 τοῦτο
1956 5120 2077 5175 οὐδὲ
2110 5119 2203 5173 τοῦ
2233 5117 2550 5187 Πνεύματος
2572 5118 2999 5188 ἐμνημόνευσεν·
3040 5117 3164 5170 ἐπεὶ
3192 5120 3240 5171 εἰ
3269 5119 3345 5190 μὴ

1766 5211 1925 5266 τοῦτό
1952 5213 2118 5277 ἐστιν,
2149 5208 2268 5263 οὐδέ
2295 5207 2532 5278 ἀλλαχοῦ
2572 5208 2875 5280 μνησθῆναι
2908 5206 3015 5262 ἔδει
3052 5207 3147 5262 τοῦ
3186 5209 3348 5263 Πνεύ-

1771 5322 1963 5377 ματος,
2000 5302 2119 5357 ούδὲ
2156 5301 2543 5357 συντάττεσθαι
2576 5302 2727 5371 αὐτῷ
2754 5301 2934 5374 Πατρί
2976 5302 3070 5356 καὶ
3097 5302 3233 5373 Υἰῷ.
3282 5303 3347 5356 El

1765 5396 1876 5468 γὰρ
1916 5394 2258 5466 ἀπέρριπται
2318 5393 2534 5465 Πατρὸς
2579 5393 2678 5447 καί⁹
2710 5392 2863 5458 Υἰοῦ,
2912 5392 3095 5465 πολλῷ
3144 5393 3343 5465 μᾶλλον

1766 5485 1859 5541 ἐπὶ⁹
1885 5483 1980 5539 τοῦ
2016 5483 2393 5555 βαπτίσματος
2444 5481 2576 5536 αὐτὸ
2625 5483 3018 5539 συντάττεσθαι
3067 5484 3168 5540 οὐκ
3210 5484 3340 5550 ἔδει,

1826 5795 1853 5825 ⁸
1876 5794 2025 5857 Βεεη
2045 5793 2089 5842 εἰ
2114 5793 2166 5844 δὲ
2186 5794 2414 5856 λέγοις...
2449 5790 2537 5854 οὐχ
2560 5788 2776 5852 ἁρμόσει.
