3838 6214
441 378 570 430 ἔνθα
597 369 837 441 ’μάλιστα
859 363 1114 434 φαίνεται
1133 358 1196 411 τὸ
1217 355 1437 424 ἀξίωμα
1467 352 1566 441 τῆς
1593 347 1873 441 θεότητος,
1922 338 2019 395 καὶ

440 434 640 530 δωρεαὶ
661 455 893 509 δίδονται
918 447 1040 518 Θεῷ
1075 446 1450 516 προσήκουσαι
1485 439 1631 509 μόνῳ
1661 434 1944 504 παρέχειν.

517 573 584 630 δ’.
607 573 750 646 Ἐγὼ
763 570 860 644 μὲν
876 565 1264 640 οὖντὴναίτίαν
1283 558 1455 626 εἷπον,
1477 559 1544 613 δι’
1571 558 1640 630 ἢν
1663 555 1899 610 ἐνταῦθα
1934 571 2020 608 σε-

442 641 692 732 σίγηταιί
724 641 788 711 σύ
815 656 910 734 δὲ,
939 656 987 707 εἰ
1020 652 1096 724 μὴ
1126 651 1282 704 τοῦτό
1309 651 1478 714 ἐστιν,
1505 647 1625 701 εἰπὲ
1659 645 1750 700 διὰ
1775 646 1828 698 τί
1858 646 1915 696 ἐν
1941 641 2020 712 τῷ

445 750 786 819 βαπτίσματι
816 733 1212 798 συντάττεται.
1247 736 1389 789 Ἀλλ’
1418 735 1519 789 οὐκ
1543 735 1618 819 γᾶν
1649 734 1794 804 ἔχοις
1827 733 2020 819 ἑτέραν

446 817 627 891 αἰτίαν
660 817 870 893 εἰπεῖν,
898 829 932 900 ἦ
957 828 1037 891 τὸ,
1067 826 1328 898 ὁμότιμον
1359 823 1492 877 αὐτὸ
1513 818 1670 876 εῖναι.
1696 823 1864 874 Ὅταν
1890 817 2021 887 γοῦν

451 923 718 996 μηδεμίαν
749 919 846 990 ἔχῃ
879 915 1137 984 τοιαύτην
1166 911 1434 980 ἀνάγκην,
1467 910 1568 978 ὅρα
1601 907 1718 968 πῶς
1747 905 1884 996 αὐτὺ-
1906 921 2022 996 συν.

443 991 630 1066 τάττει
683 1007 827 1060 οὕτω
875 1003 1074 1072 λέγων·
1123 1001 1184 1056 Ἡ
1239 999 1411 1068 χάρις
1444 997 1552 1050 τοῦ
1601 996 1824 1062 Κυρίου
1852 991 2023 1061 ἡμῶν

456 1095 662 1165 Ἰησοῦ
691 1091 972 1161 Χριστοῦ,
1021 1087 1118 1142 καί
1153 1089 1192 1154 ἠ
1223 1085 1423 1156 ἀγάπη
1456 1083 1562 1137 τοῦ
1595 1082 1742 1135 Θεοῦ
1776 1080 1874 1136 καὶ
1906 1083 2024 1132 Πα-

445 1185 606 1255 τρὸς,
641 1183 738 1236 καί
771 1182 810 1248 ἠ
841 1177 1122 1232 κοινωνία
1155 1174 1262 1228 τοῦ
1295 1174 1469 1242 ἀγίου
1500 1171 1846 1237 Πνεύματος
1870 1167 2023 1255 μετά

443 1251 691 1327 ⁴πάντων
713 1267 902 1338 ὑμῶν·
939 1267 1034 1319 καὶ
1064 1263 1248 1326 πάλιν,
1281 1260 1603 1328 Διαιρέσεις
1631 1255 1700 1308 δὲ
1731 1251 2023 1324 χαρισμάο

447 1379 568 1418 των
603 1361 742 1425 εἰσί,
795 1358 865 1412 τὸ
920 1355 990 1410 δὲ
1039 1353 1185 1408 αὐτὸ
1223 1351 1501 1418 Πνεῦμαο
1556 1348 1656 1402 καί
1703 1344 2025 1410 διαιρέσεις

447 1447 766 1504 διακονιῶν
791 1449 976 1506 εἰσιν,
1017 1445 1050 1496 ὀ
1089 1439 1158 1492 δὲ
1187 1437 1370 1502 αὐτὸς
1401 1437 1636 1503 Κύριοςο
1678 1434 1774 1486 καὶ
1806 1430 2026 1498 διαιρέ·

448 1555 582 1605 σεις
610 1532 1022 1604 ἐνεργημάτων
1049 1527 1228 1593 εἰσιν,
1259 1527 1292 1578 ό
1329 1523 1399 1577 δὲ
1436 1522 1619 1605 αὐτὸς
1669 1521 1834 1585 Θεός,
1882 1517 2023 1571 Ἀλλ’

448 1604 638 1693 ἐπειδὴ
663 1621 758 1674 νῦν
795 1618 933 1690 πρὸς
952 1615 1218 1684 Ἕλληνας
1262 1614 1293 1665 δ
1333 1610 1491 1673 λόγος
1515 1604 1582 1679 ἦν
1607 1606 1757 1677 αὐτῷ
1779 1605 2027 1693 καὶτοὺς

449 1711 510 1777 ἐξ
549 1692 817 1778 Ἐλλήνων
865 1701 1315 1771 ἀσθενεστέρους,
1371 1698 1460 1751 διὰ
1497 1695 1656 1748 τοῦτο
1703 1692 2026 1763 ταμιεύεται

445 1798 620 1861 τέως·
673 1798 811 1866 ὅπερ
844 1788 936 1846 οὖν
983 1791 1076 1844 καὶ
1114 1791 1164 1842 οἰ
1203 1786 1481 1859 προφῆται
1532 1782 1780 1836 ποιοῦσιν
1811 1781 1903 1833 ἐπὶ
1931 1779 2026 1831 τοῦ

446 1887 602 1951 Υίοῦ,
654 1881 892 1953 οὐδαμού
948 1877 1139 1946 σαφῶς
1192 1873 1360 1929 αὐτοῦ
1413 1872 1752 1944 μεμνημένοι
1789 1869 1878 1922 διὰ
1929 1867 2027 1938 τὴν

447 1974 736 2030 ἀσθένειαν
764 1970 876 2022 τῶν
908 1966 1238 2020 ἀκουόντων.
1276 1962 1428 2016 Ἀλλ’
1480 1962 1589 2014 οὐκ
1642 1959 1714 2011 ἐν
1765 1956 1956 2010 πᾶσιν
1987 1954 2026 2021 ἠ

447 2061 696 2134 γνῶσις,
726 2057 880 2128 φησί.
931 2055 1068 2108 Ποία
1091 2051 1267 2122 αὐτη;
1305 2051 1339 2121 ἡ
1385 2050 1515 2116 περὶ
1567 2046 1662 2100 τού
1707 2043 1866 2107 Θεοῦ,
1902 2044 1936 2113 ἢ
1994 2044 2028 2113 ἡ

451 2152 584 2224 περὶ
612 2151 719 2203 τῶν
739 2145 1136 2209 εἰδωλοθύτων;
1175 2142 1246 2196 Ἢ
1281 2141 1390 2211 γὰρ
1423 2139 1573 2212 [174]
1609 2139 1728 2201 τούς
1761 2136 2030 2224 Ἕλληνας

450 2223 749 2295 αἰνίττεται
800 2233 1058 2298 ἐνταῦθα,
1115 2231 1242 2294 τούς
1302 2229 1530 2290 πολλοὺς
1577 2226 1834 2294 λέγοντας
1873 2223 2030 2286 θεοὺς

393 2338 399 2344 ’
450 2328 548 2382 καί
574 2325 817 2397 κυρίους.
842 2323 938 2377 καί
966 2321 1067 2374 οὐκ
1104 2319 1312 2380 εἰδότας
1339 2317 1431 2370 τὸν
1459 2315 1589 2368 ὅντα
1627 2314 1759 2366 Θεόν
1788 2331 1800 2342 ·
1835 2311 1867 2382 ἢ
1903 2311 2031 2397 τούς

451 2417 513 2480 ἐξ
546 2395 814 2484 Ἑλλήνων
839 2407 1260 2478 ἀσθενεστέρους
1294 2403 1398 2470 ἔτι,
1430 2405 1555 2465 τοὺς
1599 2399 1812 2454 οὐδέπω
1844 2395 2030 2466 σαφῶς

453 2503 684 2567 εἰδότας,
717 2501 799 2554 ὅτι
857 2497 918 2550 οὐ
970 2495 1078 2567 χρὴ
1114 2491 1411 2549 δεδοικέναι
1449 2489 1519 2543 τὰ
1562 2487 1780 2548 εἴδωλα.
1816 2485 1912 2538 καί
1947 2486 2030 2567 ὅτι

450 2589 605 2644 οὐδὲν
655 2585 871 2641 εῖδωλον
916 2585 974 2636 ἐν
1019 2582 1231 2651 κόσμῳ.
1287 2577 1460 2630 Τοῦτο
1511 2575 1567 2628 δέ
1620 2573 1813 2635 εἰπὼν,
1849 2572 2033 2643 ἠρέμα

453 2673 884 2748 παρεμυθήσατο
933 2670 1025 2724 καὶ
1075 2669 1249 2738 ἐπῆρε
1280 2665 1523 2726 τούτους.
1558 2662 1693 2716 Οὐδὲ
1715 2663 1824 2731 γὰρ
1853 2660 2032 2748 πάντα

453 2747 832 2818 καθάπτεσθαι
863 2759 987 2822 ἔδει,
1016 2758 1110 2810 καί
1143 2756 1380 2827 μάλιστα
1411 2751 1676 2823 μέλλοντα
1705 2749 1866 2804 πάλιν
1898 2747 2033 2802 καθ-

455 2849 724 2904 ικνεῖσθαι
759 2847 941 2900 αὐτῶν
979 2844 1364 2914 σφοδρότερον.

532 2971 696 3036 Τινὲς
727 2968 795 3022 δὲ
826 2966 901 3036 τῇ
939 2963 1294 3030 συνειδήσει
1327 2961 1436 3016 τοῦ
1483 2961 1736 3016 εἰδώλου
1769 2959 1881 3026 ἕως
1907 2957 2036 3027 ἄρτι

454 3061 534 3125 ὡς
561 3058 971 3112 εἰδωλοθύτων
1008 3052 1302 3117 ἐσθίουσι,
1336 3049 1435 3104 καὶ
1467 3049 1504 3116 ἡ
1537 3046 1900 3116 συνείδησις
1932 3047 2037 3100 αὺ-

454 3146 572 3201 τῶν
629 3135 1107 3210 ἀσθενὴςό-ὗσα
1160 3139 1508 3208 μολύνεται.
1567 3135 1692 3190 Ἔτι
1749 3133 2036 3204 τρέμουσι,

455 3236 611 3306 φησί,
643 3233 711 3287 τὰ
742 3231 956 3285 εἴδωλα.
1011 3230 1103 3300 Μὴ
1148 3231 1258 3298 γάρ
1294 3244 1384 3296 μοι
1423 3227 1522 3297 τὴν
1555 3224 1842 3295 παροῦσαν
1877 3225 2038 3297 εῖπῃς

451 3324 816 3390 κατάστασιν,
867 3319 959 3373 καί
1013 3318 1096 3370 ὅτι
1155 3316 1220 3369 ὲκ
1273 3314 1558 3386 προγόνων
1607 3312 1705 3382 τὴν
1758 3311 2041 3364 εὐσέϐειαν

461 3409 648 3473 ἐδέξω·
682 3407 820 3462 ἀλλά
865 3402 1237 3476 παράπεμψον
1287 3403 1385 3469 τὴν
1421 3400 1662 3452 διάνοιαν
1687 3401 1766 3463 εἰς
1799 3399 2042 3463 ἐκείνους

460 3498 589 3559 τούς
631 3495 878 3566 χρόνους,
911 3492 1009 3545 καὶ
1063 3490 1338 3560 ἐννόησον,
1385 3488 1511 3559 ἄρτι
1538 3487 1631 3539 τοῦ
1686 3488 2042 3559 κηρύγματος

462 3582 887 3652 καθισταμένου,
915 3580 1012 3632 καί
1043 3577 1144 3647 τῆς
1180 3576 1436 3641 ἀσεϐείας
1474 3576 1554 3630 ἐτι
1584 3576 1913 3647 κρατούσης,
1949 3575 2044 3630 καὶ

467 3669 669 3744 βωμῶν
704 3669 1008 3740 καιομένων
1037 3670 1130 3721 καὶ
1155 3667 1359 3720 θυσιῶν
1385 3666 1480 3718 καὶ
1509 3665 1751 3719 σπονδῶν
1779 3665 2042 3734 τελουμέ-

467 3779 596 3826 νων,
651 3758 747 3813 καί
805 3757 912 3811 τῶν
969 3757 1234 3810 πλειόνων
1273 3756 1542 3827 Ἑλλήνων
1591 3756 1780 3817 ὄντων,
1815 3757 1941 3818 τοὺς
1980 3757 2047 3809 ἐκ

470 3847 753 3920 προγόνων
811 3844 1230 3915 διαδεξαμένους
1267 3844 1368 3914 τὴν
1401 3843 1685 3908 ἀσέϐειαν,
1740 3844 1835 3896 καί
1879 3843 2047 3895 πατέ-

471 3953 582 4008 ρων
625 3935 720 3988 καὶ
762 3934 1004 3987 πάππων
1054 3933 1151 3985 καὶ
1203 3930 1542 3984 ὲπιπάππων
1591 3929 1854 3984 τοιούτων
1884 3930 2047 3995 ὄντας

471 4021 748 4091 ἐκγόνους,
790 4022 885 4076 καὶ
919 4019 1092 4073 πολλά
1124 4018 1274 4091 παρὰ
1320 4015 1429 4071 τῶν
1458 4017 1732 4088 δαιμόνων
1774 4015 2048 4081 παθόντας

471 4110 640 4171 κακὰ,
661 4109 856 4180 ἀθρόον
887 4107 1282 4178 μεταστάντας,
1310 4106 1426 4169 πῶς
1459 4105 1603 4168 εἰκὸς
1625 4100 1694 4175 ἦν
1717 4100 2054 4158 διακεῖσθαι·’

473 4199 592 4262 πῶς
623 4198 681 4251 δὲ
727 4197 1027 4254 δεδοικέναι
1056 4196 1152 4250 καὶ
1202 4197 1428 4267 τρέμειν
1459 4194 1561 4258 τὰς
1611 4194 1722 4248 τῶν
1774 4195 2050 4265 δαιμόνων

472 4286 787 4349 ἐπιϐουλάς’
822 4285 891 4338 δι’
921 4284 1014 4349 οὐς
1045 4287 1144 4338 καὶ
1166 4285 1540 4353 αἰνιττόμενος
1571 4283 1747 4352 ἐλεγε’
1789 4283 1953 4350 Τινὲς
1980 4282 2051 4336 δὲ

473 4373 551 4444 τῇ
589 4373 941 4440 συνειδήσει
975 4372 1082 4426 τοῦ
1118 4373 1538 4429 είδωλοθύτου.
1571 4371 1710 4426 οὐτε
1739 4374 1850 4444 γὰρ
1877 4374 2052 4426 ἐκκα-

474 4461 666 4516 λύπτει
691 4461 889 4525 αὐτοὺς
916 4460 1124 4528 σαφῶς,
1153 4460 1242 4512 ἴνα
1273 4461 1348 4530 μὴ
1381 4459 1585 4533 πλήξῃ,
1621 4460 1745 4514 οὒτε
1774 4459 2054 4530 παρατρέ-

473 4567 560 4621 χει
591 4549 844 4614 καθόλου,
869 4548 983 4602 ἀλλ’
1021 4547 1287 4618 ἀορίστως
1314 4546 1493 4601 αὐτῶν
1523 4548 1820 4618 μέμνηται,
1853 4547 2048 4615 λέγων’

480 4637 646 4705 Τινὲς
670 4638 738 4692 δὲ
766 4637 839 4706 τῇ
869 4636 1224 4702 συνειδήσει
1245 4635 1348 4690 τοῦ
1374 4637 1768 4692 εωωλοθύτου
1789 4635 1899 4701 ἕως
1922 4635 2054 4703 ἄρτι

475 4726 557 4790 ὡς
587 4725 982 4778 εἰδωλόθυτον
1013 4724 1310 4777 ἐσθίουσι·
1355 4723 1622 4788 τουτέστι,
1653 4723 1794 4793 μετά
1829 4724 1927 4793 τῆς
1952 4723 2054 4777 αὐ-

478 4812 578 4882 τῆς
606 4811 864 4876 διανοίας,
908 4812 1026 4880 μεθ’
1049 4797 1138 4884 ’ἧς
1173 4810 1460 4880 πρότερον
1502 4809 1597 4864 καί
1626 4811 1665 4877 ἡ
1699 4809 2052 4877 συνείδησις

480 4896 680 4952 αὐτῶν
713 4899 980 4965 ἀσθενὴς
1033 4893 1193 4952 οὖσα
1239 4896 1591 4968 μολύνεταιο
1643 4897 1858 4951 οὐδέπω
1891 4897 2054 4952 δυνα-

486 4986 624 5056 μένη
658 4985 1068 5055 καταφρονῆσαι
1107 4985 1228 5039 οὐδὲ
1258 4985 1516 5051 καθάπαξ
1549 4985 1729 5040 αὐτῶν
1756 4984 2057 5055 καταγελά-

485 5090 599 5136 σαι,
632 5072 746 5125 ἀλλ⁹
778 5072 858 5124 ἔτι
891 5073 1296 5145 διακρινομένη.
1322 5075 1532 5146 Ὠσπερ
1565 5074 1630 5128 ἂν
1664 5074 1718 5126 εῖ
1746 5091 1830 5138 τις
1861 5075 1938 5146 τῷ
1967 5091 2056 5129 νε-

486 5158 622 5230 κροῦ
679 5160 945 5214 ἅπτεσθαι
995 5161 1200 5230 νομίζοι
1233 5163 1478 5234 μολύνειν
1517 5163 1708 5217 ἑαυτὸν
1746 5163 1885 5218 κατὰ
1926 5165 2058 5217 Ἰου-

486 5247 676 5319 δαῖκὴν
730 5248 1041 5319 συνήθειαν,
1104 5245 1221 5302 εἶτα
1283 5252 1501 5322 ἐτέρους
1548 5252 1688 5324 ὁρῶν
1721 5254 2059 5324 ἁπτομένους

491 5336 632 5407 μετὰ
665 5335 906 5408 καθαροῦ
959 5336 1278 5402 συνειδότος,
1318 5340 1391 5410 μὴ
1427 5340 1732 5410 ἁπτόμενος
1773 5341 1912 5411 μετά
1958 5343 2058 5412 τῆς

489 5423 659 5495 αὐτῆς
682 5424 930 5497 γνώμης,
965 5423 1247 5495 μολύνοιτο
1269 5440 1282 5452 ·
1316 5425 1458 5478 οὕτω
1488 5427 1727 5481 κάκεῖνοι
1763 5428 1883 5481 τότε
1926 5428 2061 5481 ἔπα-

491 5527 639 5581 σχον.
666 5512 824 5578 Τινὲς
857 5515 986 5582 γὰρ,
1017 5513 1170 5582 φησί,
1197 5511 1272 5581 τῇ
1305 5513 1653 5583 συνειδήσει
1683 5516 1789 5570 τοῦ
1809 5514 2058 5571 εἰδώλου

491 5599 603 5666 ἕως
628 5599 778 5668 ἀρτι.
823 5602 934 5672 Οὐχ
964 5600 1155 5664 ἁπλῶς
1191 5600 1272 5665 τὸ,
1292 5601 1439 5668 Ἕως
1469 5601 1619 5670 ἄρτι,
1644 5603 1911 5669 τέθεικεν,
1944 5603 2058 5658 ἀλλ’

491 5687 578 5741 ῖνα
621 5687 770 5760 δείξῃ
801 5689 882 5743 ὅτι
932 5689 1083 5745 οὐδὲν
1133 5689 1338 5760 ἧνυσαν
1386 5691 1461 5762 μὴ
1510 5691 2054 5760 συγκαταϐαίνοντες.

1112 247 1170 302 S.
1210 239 1493 300 JOANNIS
1526 218 2012 291 CHRYSOSTUMI
2051 223 2373 280 ARCIIIEP.
2408 221 2960 282 CONSTANTINOP.
3589 226 3670 281 Ιθδ

2126 338 2260 391 υύδέ
2288 337 2397 409 γὰρ
2427 337 2601 402 οὕτως
2631 338 2828 402 αὐτοὺς
2856 337 3071 406 ἐνάγειν
3114 338 3298 408 ἐχρῆν,
3328 336 3452 392 ἀλλ’
3493 337 3673 407 ἑτέρως

2124 442 2242 490 πως
2271 425 2418 496 λόγῳ
2443 425 2734 489 πείθοντας
2764 425 2859 479 καὶ
2895 419 3236 494 διδασκαλία.
3282 424 3393 478 Καὶ
3425 424 3468 489 ἡ
3499 426 3674 476 συνεί-

2124 513 2305 580 δησις
2331 513 2533 568 αὐτῶν
2561 512 2832 580 ἀσθενὴς
2861 507 3022 567 οὖσα
3063 512 3414 584 μολύνεται.
3448 511 3675 580 Οὐδαμώ

2124 603 2265 666 τέως
2291 620 2356 655 πε
2365 603 2419 672 ρί
2446 602 2544 674 τὴν
2576 602 2738 671 φύσιν
2765 600 2860 654 τοῦ
2891 601 3216 670 πράγματος
3242 599 3332 652 τὸν
3356 598 3522 664 λόγον
3549 599 3677 668 ἵστη-

2129 707 2232 755 σιν,
2260 689 2378 744 ἀλλ’
2407 689 2521 744 ἀνω
2557 689 2655 744 καὶ
2686 690 2838 745 κάτω
2873 689 3001 760 περὶ
3030 687 3100 740 τὸ
3128 686 3366 750 συνειδὸς
3402 689 3504 738 τοῦ
3534 703 3677 755 μεταο

2125 777 2494 848 λαμϐάνοντος
2525 776 2837 846 στρέφεται.
2878 775 3096 829 Δέδοικε
3125 775 3236 846 γὰρ
3268 777 3338 844 μή
3389 789 3513 834 πως
3534 771 3678 826 θέλων

2125 864 2416 936 διορθῶσαι
2435 864 2526 917 τὸν
2552 863 2777 933 ἀσθενῆ,
2802 862 2982 935 πλήξῃ
2999 862 3090 916 τὸν
3118 861 3357 931 ἰσχυρὸν,
3385 860 3485 914 καὶ
3506 859 3679 928 ἀσθενῆ

2127 955 2222 1008 καί
2254 953 2443 1006 τοῦτον
2466 953 2792 1022 ἐργάσηται.
2822 951 3023 1022 Διόπερ
3053 950 3154 1020 οὐχ
3181 943 3343 1019 ἦττον
3367 947 3564 1000 τούτου
3587 948 3682 1015 φεί-

2126 1041 2296 1104 δεται,
2329 1041 2362 1110 ἢ
2406 1041 2639 1094 ἐκείνου.
2681 1040 2792 1092 Καὶ
2817 1039 2918 1091 οὐκ
2949 1037 3178 1107 ἀφίησιν
3211 1035 3344 1089 αὐτὸ
3374 1033 3684 1102 νομισθῆναί

2126 1146 2201 1191 τι,
2235 1127 2370 1180 ἀλλὰ
2421 1128 2588 1181 πολὺν
2641 1125 3046 1187 κατασκευάζει
3082 1123 3173 1177 τὸν
3223 1122 3405 1190 λόγον,
3443 1120 3583 1174 ὥστε
3623 1123 3684 1192 μὴ

2127 1216 2286 1269 τοῦτο
2340 1217 2765 1285 ὐποπτευθῆναι.
2833 1211 3042 1281 Βρῶμα
3085 1210 3155 1264 δὲ
3211 1208 3371 1279 ἡμᾶς
3423 1211 3499 1263 οὐ
3559 1225 3681 1276 sap-

2129 1305 2340 1371 ίστησι
2393 1301 2473 1368 τῷ
2513 1301 2653 1366 Θεῷ.
2691 1302 2840 1376 Οὔτε
2895 1299 3005 1369 γὰρ
3039 1299 3149 1352 ἐὰν
3174 1298 3477 1368 φάγωμεν,
3506 1312 3685 1365 aspar-

2130 1391 2408 1458 σεύομεν·
2467 1391 2606 1443 οὔτε
2668 1388 2776 1441 ἐὰν
2817 1385 2905 1456 μὴ
2953 1386 3252 1455 φάγωμεν,
3312 1383 3685 1450 ὑστεροῦμεν.

2144 1478 2305 1546 Ὀρᾷς
2336 1476 2454 1539 πῶς
2480 1475 2643 1530 πάλιν
2672 1474 2852 1546 αὐτῶν
2878 1473 3094 1528 καθεῖλε
3114 1471 3174 1525 τὸ
3204 1472 3498 1542 φρόνημα;
3532 1469 3686 1522 Εἰπὼν

2131 1565 2241 1635 γὰρ
2276 1566 2357 1616 ὅτι
2391 1565 2454 1616 οὐ
2499 1563 2659 1634 μόνον
2688 1565 2906 1624 ἐκεῖνοι,
2940 1561 3076 1615 ἀλλά
3102 1560 3301 1622 πάντες
3331 1558 3490 1630 [175}
3517 1557 3686 1625 γνῶσιν

2132 1652 2346 1722 ἔχομεν,
2373 1651 2482 1714 καί,
2506 1652 2588 1704 ὅτι
2609 1651 2783 1713 οὐδεὶς
2806 1650 2955 1703 οὐδὲν
2971 1649 3176 1717 ἔγνωκε
3197 1646 3380 1708 καθὼς
3391 1646 3478 1699 δεῖ
3491 1645 3686 1713 γνιῖιναι,

2133 1745 2256 1805 καὶ,
2295 1742 2377 1794 ὅτι
2424 1743 2456 1810 ἡ
2501 1741 2702 1809 γνῶσις
2743 1742 2956 1810 φυσιοῖ’
3002 1734 3123 1792 εἷτα
3170 1736 3686 1808 παραμυθησάμενος

2132 1830 2348 1892 αὐτοὺς.
2368 1830 2462 1881 καὶ
2478 1827 2667 1893 εἰπὼν,
2686 1829 2766 1881 ὅτι
2791 1827 2891 1880 οὐκ
2915 1828 2972 1880 ἐν
3001 1828 3165 1879 πᾶσιν
3189 1828 3222 1894 ὴ
3248 1824 3479 1892 γνῶσις.
3512 1823 3601 1875 καὶ
3623 1825 3688 1874 ὅτι

2131 1917 2198 1970 δι’
2223 1916 2505 1970 ἀσθένειαν
2542 1909 2687 1970 οὗτοι
2719 1915 3054 1986 μολύνονται·
3093 1915 3180 1968 ἵνα
3209 1913 3284 1984 μὴ
3303 1912 3542 1981 λέγωσιν
3571 1914 3689 1964 έκεῖ-

2133 2020 2234 2066 νοι,
2265 2005 2373 2056 Καὶ
2397 2003 2449 2054 τί
2480 2003 2614 2074 πρὸς
2640 2004 2807 2072 ἡμᾶς,
2839 2005 2886 2055 εἰ
2916 2001 2990 2074 μὴ
3017 2004 3073 2054 ὲν
3111 2004 3275 2055 πᾶσιν
3301 2003 3335 2072 ἡ
3369 1999 3599 2068 γνῶσιςς
3620 2000 3689 2051 διὰ

2133 2091 2186 2145 τί
2219 2091 2326 2162 γὰρ
2365 2092 2440 2161 μὴ
2465 2091 2580 2161 ,ἔχει
2607 2091 2807 2159 γνῶσιν
2836 2092 2864 2143 ό
2892 2090 3070 2155 δεῖνα;
3105 2090 3193 2143 διὰ
3236 2088 3290 2142 τί
3314 2086 3594 2159 ἀσθενήςς
3622 2090 3688 2139 ἵνα

2139 2179 2230 2248 μὴ.
2255 2177 2432 2232 ταῦτα
2459 2177 2934 2249 ἀνθυποφέρωσιν,
2965 2178 3065 2230 οὐκ
3107 2176 3310 2238 εὐθέως
3337 2171 3510 2246 ἦλθεν
3538 2175 3619 2227 ἐπὶ
3644 2173 3690 2226 τι,

2133 2267 2303 2333 δεῖξαι
2335 2266 2544 2334 σαφῶς,
2576 2266 2660 2319 ὅτι
2687 2266 2777 2318 διὰ
2803 2266 2902 2336 τὴν
2931 2265 3144 2319 ἐκείνου
3177 2264 3383 2334 βλάϐην
3412 2263 3690 2334 ἀπέχεσθαι

2135 2353 2215 2406 δεῖ
2237 2368 2250 2385 ο
2284 2353 2420 2406 ἀλλὰ
2448 2352 3057 2425 προακροϐολισάμενος
3090 2353 3252 2407 αὐτὸν
3281 2353 3447 2424 μόνον
3479 2353 3689 2422 πρῶτον,

2136 2443 2196 2495 τὸ
2226 2440 2418 2495 τούτου
2468 2441 2634 2495 πλέον
2675 2441 2937 2495 δείκνυσι.
2974 2443 3133 2495 Ποῖον
3175 2442 3239 2514 δὴ
3271 2443 3470 2507 τούτος
3513 2443 3692 2495 Ὀτιεί

2137 2529 2233 2582 καί
2286 2528 2476 2600 μηδεὶς
2524 2527 2845 2592 ἐϐλάπτετο,
2889 2529 3024 2599 μηδέ
3051 2532 3085 2600 ἡ
3114 2529 3208 2582 τοῦ
3241 2531 3475 2600 πλησίον
3509 2529 3693 2600 προσῆν

2136 2617 2458 2689 διαστροφὴ,
2493 2616 2616 2670 οὐδὲ
2649 2615 2790 2672 οὕτω
2831 2617 2912 2669 δεῖ
2947 2615 3106 2669 τοῦτο
3153 2619 3327 2669 ποιεῖν
3352 2634 3366 2647 ·
3422 2635 3694 2687 ματαιοπο-

2138 2709 2249 2761 νεῖν
2280 2706 2388 2776 γὰρ
2414 2703 2573 2758 τούτό
2601 2706 2776 2758 ἐστιν.
2815 2703 2873 2757 '0
2906 2705 3016 2776 γὰρ
3043 2704 3280 2768 ἀκούσας
3307 2706 3393 2758 ὃτι
3423 2705 3694 2776 βλάπτεται

2143 2795 2242 2865 μὲν
2268 2793 2476 2863 ἕτερος,
2509 2791 2671 2854 αὐτὸς
2698 2791 2753 2843 δὲ
2798 2790 2910 2860 ἔχει
2940 2790 3000 2844 τὸ
3040 2791 3250 2860 κέρδος,
3273 2792 3334 2846 οὐ
3371 2795 3580 2864 σφόδρα
3611 2796 3696 2860 ἁφ-

2145 2882 2381 2944 ίσταται,
2413 2878 2550 2933 ἀλλὰ
2578 2879 2696 2932 τότε
2734 2879 2956 2948 μᾶλλον,
2984 2879 3112 2933 ὅταν
3149 2880 3296 2954 μάθῃ
3319 2882 3408 2933 ὅτι
3439 2882 3590 2934 οὐδὲν
3617 2884 3697 2934 af.-

2141 2971 2234 3032 τὸς
2262 2970 2550 3039 ὠφελεῖται
2575 2966 2683 3021 ἀπὸ
2709 2966 2803 3020 τοῦ
2831 2967 3176 3038 πράγματος.
3205 2969 3304 3021 Διά.
3326 2969 3490 3022 τοῦτο
3514 2971 3698 3040 πρῶτον

2142 3058 2302 3112 τοῦτο
2324 3056 2504 3126 τίθησι
2529 3056 2726 3124 λέγων’
2755 3055 2967 3124 Βρῶμα
2998 3054 3067 3108 δὲ
3104 3056 3260 3125 ἡμᾶς
3289 3059 3363 3110 οὐ
3394 3061 3699 3125 παρίστησι

2145 3145 2224 3212 τῷ
2269 3145 2409 3210 Θεῷ.
2441 3139 2594 3208 Εἶδες
2628 3144 2746 3206 πῶς
2793 3145 2926 3196 αὐτὸ
2960 3143 3301 3211 ἐξευτελίξει,
3335 3145 3364 3198 δ
3405 3147 3578 3199 ἐδόκει
3612 3146 3695 3198 ἄιε-ξ

2145 3235 2357 3296 τελείας
2409 3232 2665 3302 γνώσεως
2708 3232 2992 3301 γίνεσθαι;
3033 3234 3180 3286 οὔτε
3231 3237 3338 3304 γὰρ
3389 3234 3503 3287 ἐὰν
3542 3233 3699 3304 φάτω-

2141 3340 2278 3391 μεν,
2313 3320 2770 3390 περισσεύομεν·
2807 3319 3108 3382 τουτέστιν,
3140 3319 3540 3390 εὐδοκιμούμεν
3578 3323 3702 3390 παρὰ

2147 3396 2224 3478 τῷ
2249 3408 2389 3478 Θεῷ,
2421 3407 2496 3470 ὼς
2539 3407 2744 3475 ἀγαθόν
2774 3424 2830 3459 τι
2871 3408 3196 3476 ποιήσαντες
3235 3407 3329 3460 καί
3376 3410 3554 3478 μέγα’
3591 3411 3703 3460 οὔτε

2147 3497 2256 3550 ἐὰν
2273 3495 2359 3566 μὴ
2382 3494 2680 3565 φάγωμεν,
2705 3493 3096 3564 ὑστεροῦμεν⁸
3119 3494 3421 3560 τουτέστιν,
3449 3497 3551 3549 οὐκ
3578 3497 3704 3549 Elat-

2147 3585 2241 3638 τόν
2262 3603 2312 3638 τι
2345 3584 2562 3654 ἔχομεν.

2221 3763 2371 3826 Τέως
2412 3761 2512 3832 μὲν
2544 3757 2638 3816 οὖν
2674 3761 2806 3816 αὐτὸ
2857 3761 3022 3829 ἔδειξε
3070 3763 3322 3836 περιττὸν
3366 3764 3465 3816 καὶ
3500 3764 3642 3834 οὐδέν
3684 3763 3708 3814 ὅ

2151 3854 2260 3923 γάρ
2293 3854 2431 3923 μήτε
2458 3851 2742 3921 γινόμενον
2771 3851 2988 3919 ὠφελεῖ,
3018 3853 3155 3922 μήτε
3185 3852 3260 3921 μὴ
3292 3853 3578 3920 γινόμενον
3600 3851 3706 3920 βλᾶ-

2153 3957 2300 4004 πτει,
2329 3939 2581 4012 περιττὸν
2608 3939 2675 3993 ἂν
2703 3939 2810 4008 εῐηο
2844 3937 3050 4009 προῖὼν
3075 3939 3130 3992 δέ
3163 3941 3258 3992 καὶ
3283 3939 3382 4010 τὴν
3408 3939 3612 4009 βλάϐην
3632 3940 3708 3990 ὲκ-

2153 4026 2416 4082 καλύπτει
2436 4027 2618 4080 πᾶσαν
2648 4024 2743 4078 τοῦ
2781 4025 3124 4094 πράγματος.
3162 4024 3279 4077 Νῦν
3314 4026 3502 4094 μέντοι
3529 4026 3622 4097 τὴν
3646 4028 3710 4084 εἰς

2152 4117 2280 4178 τούς
2304 4114 2565 4182 ἀδελφοὺς
2585 4113 2876 4183 γινομένην
2897 4112 3065 4181 λέγει·
3108 4113 3374 4167 Βλέπετε
3414 4114 3548 4183 τὰρ,
3579 4115 3707 4182 φησὶ,

2149 4201 2234 4272 μή
2269 4217 2395 4268 πως
2424 4201 2462 4269 ἡ
2491 4199 2744 4265 ἐξουσία
2788 4197 2955 4269 ὑμῶν
2993 4199 3144 4266 αὕτη
3177 4201 3540 4269 πρόσκομμα
3568 4200 3713 4267 γένη-

2155 4308 2249 4344 ται
2286 4289 2411 4355 τοῖς
2450 4287 2779 4342 ἀσθενοῦσι
2823 4286 2942 4339 τῶν
2967 4285 3264 4356 ἀδελφῶν.
3289 4288 3404 4341 Οὐκ
3451 4283 3620 4350 εἶπεν,
3646 4288 3713 4338 ὅτι

2167 4378 2233 4431 Ἦ
2263 4376 2479 4444 ἐξουσία
2501 4375 2652 4445 ὐμῶν
2688 4373 3019 4444 πρόσκομμα
3049 4374 3278 4442 γίνεται,
3305 4375 3428 4428 οὐδὲ
3458 4377 3715 4444 ἀπεφήνα-

2155 4483 2238 4528 το,
2288 4464 2375 4516 ῖνα
2435 4462 2512 4533 μὴ
2559 4461 3068 4531 ἀναισχυντοτέρους
3119 4462 3352 4534 ποιήσῃ·
3391 4461 3529 4515 ἀλλὰ
3585 4463 3711 4525 πῶςς

2158 4551 2438 4606 Βλέπετε·
2477 4548 2658 4617 φοϐῶν
2691 4547 2887 4610 αὐτοὺς
2919 4547 3016 4600 καὶ
3043 4547 3343 4618 ἐντρέπων,
3393 4551 3494 4602 καὶ
3524 4550 3609 4601 ὲπί
3636 4552 3715 4618 ἀρ-

2158 4655 2312 4709 νησιν
2343 4639 2491 4706 ἀγων
2523 4635 2616 4689 τοῦ
2647 4635 2722 4707 μὴ
2756 4637 2950 4690 ποιεῖν.
2973 4635 3081 4687 Καὶ
3110 4635 3209 4687 οὐκ
3239 4629 3416 4700 εἶπεν,
3455 4637 3517 4689 Ἠ
3545 4637 3714 4703 γνῶσις

2161 4725 2314 4796 ὐμῶν
2342 4723 2502 4796 αὐτη,
2542 4723 2679 4792 ὅπερ
2716 4718 2784 4793 ἦν
2809 4719 3084 4792 ἐγκωμίου
3113 4721 3334 4791 μᾶλλονο
3368 4723 3512 4787 οὐδὲ,
3558 4723 3616 4774 Ἦ
3643 4739 3714 4773 τε·

2160 4813 2370 4884 λειότης
2406 4811 2562 4883 ὐμῶν
2588 4811 2761 4882 αὐτηκ
2786 4807 2920 4876 ἀλλ’,
2953 4808 3014 4864 Ἡ
3043 4807 3312 4872 ἐξουσία⁰
3355 4811 3498 4880 ὅπερ
3541 4827 3714 4880 προπε-

2159 4903 2310 4966 τείας
2342 4901 2542 4973 μᾶλλον
2593 4899 2686 4954 καὶ
2736 4897 3022 4958 αὐθαδείας
3079 4897 3172 4948 καὶ
3230 4895 3550 4960 ἀλαζονείας
3601 4893 3715 4950 εἶναι

2162 4990 2361 5045 ἐδόκει.
2417 4989 2528 5043 Καὶ
2575 4988 2675 5040 οὐκ
2728 4981 2871 5049 εἰπε,
2923 4982 3049 5046 Τοῖς
3095 4983 3363 5052 ἀδελφοῖς,
3411 4985 3568 5044 ἀλλὰ.
3611 4984 3714 5048 Τοῖς

2163 5076 2493 5132 ἀσθενοῦσι
2539 5072 2660 5127 τῶν
2691 5071 2986 5141 ἀδελφῶνο
3033 5069 3214 5134 αὔξων
3244 5071 3344 5141 τὴν
3381 5073 3713 5145 κατηγορίαν,

2163 5167 2248 5220 ὅτι
2279 5164 2399 5218 οὐδέ
2436 5155 2805 5217 ἀσθενούντὼν
2835 5159 3122 5228 φείδονται,
3154 5163 3245 5212 καὶ
3271 5161 3447 5214 ταῦτα
3476 5160 3711 5229 ἀδελφῶν.

2169 5255 2350 5306 Ἐστω
2375 5251 2505 5321 γὰρ,
2537 5251 2597 5303 οὐ
2626 5249 2854 5319 διορθοῖς
2890 5247 3010 5300 οὐδέ
3043 5248 3296 5316 ἐγείρεις·
3324 5248 3377 5300 τί
3400 5250 3494 5301 καί
3521 5251 3716 5301 67:031.;-

2165 5339 2336 5403 λίζεις
2373 5339 2470 5391 καὶ
2516 5335 2878 5408 προσπταίειν
2915 5337 3107 5399 ποιεῖς,
3142 5334 3260 5388 δέον
3303 5340 3462 5405 χεῖρα
3495 5336 3712 5406 όρέγεινς

2179 5428 2318 5483 mw
2347 5426 2408 5480 οὐ
2451 5424 2628 5496 βούλει
2663 5423 2840 5478 τοῦτο’
2884 5421 3078 5476 οὐκοῦν
3121 5423 3254 5492 μηδὲ
3293 5424 3619 5494 καταϐάλῃς.
3666 5423 3713 5474 Ε⁹

2172 5519 2270 5588 μὲν
2298 5516 2408 5586 γὰρ
2441 5512 2676 5583 πονηρὸς
2701 5507 2790 5582 ἦν,
2815 5510 3090 5574 κολάσεως
3111 5511 3298 5564 ἐδεῖτο·
3332 5513 3382 5563 εἰ
3405 5511 3462 5564 δὲ
3493 5510 3714 5578 ἀσθενὴς,

2172 5603 2431 5674 ἰατρείας.
2464 5600 2580 5654 Νῦν
2603 5600 2659 5653 δὲ
2689 5599 2788 5652 οὐκ
2813 5596 3045 5669 ἀσθενὴς
3089 5598 3268 5669 μόνον,
3308 5599 3446 5652 ἀλλά
3476 5601 3564 5654 καὶ
3583 5597 3714 5652 ἀδελ-

2171 5691 2290 5761 φός.
2323 5690 2509 5743 Ὅταν
2544 5686 2655 5756 γάρ
2683 5703 2772 5752 τις
2801 5685 2899 5755 ιδῃ
2929 5701 3002 5740 σε
3040 5685 3146 5740 τὸν
3175 5685 3396 5755 ἔχοντα
3424 5686 3640 5750 γνῶσιν
3659 5686 3716 5735 ἐν
