3838 6214
179 236 264 299 ηδ
1213 236 1279 293 ΙΝ
1316 236 1531 293 EPIST.
1572 236 1595 293 l
1654 236 1751 293 AD
1788 234 1943 293 COB.
1986 238 2217 295 HOMIL.
2259 242 2381 298 XX.

174 370 277 415 cum
302 352 437 423 ipsis
455 349 779 421 conjungere
820 363 925 403 non
968 349 1330 420 oportuisset,
1363 351 1452 405 ubi
1496 350 1728 405 maxime

172 444 441 504 divinitatis
467 441 699 513 dignitas
725 449 982 512 apparet,
1010 450 1064 497 et
1086 442 1225 497 dona
1256 442 1451 496 dantur
1474 457 1594 512 qua:
1621 443 1730 496 Deo

167 536 253 593 ’soli
279 534 407 588 dare
434 532 713 601 competit.
1122 564 1151 589 .

225 627 275 681 ι.
306 625 414 693 Ego
437 624 595 694 igitur
615 636 830 677 causam
868 620 999 687 dixi,
1028 635 1125 677 cur
1147 621 1235 676 hic
1264 622 1480 677 silentio
1501 630 1727 691 praeter-

165 719 343 776 missus
371 717 441 770 sit
470 733 483 769 :
519 724 573 770 tu
601 730 751 780 vero,
786 718 829 768 si
857 730 945 769 res
972 729 1077 771 non
1111 716 1181 769 ita
1212 729 1272 770 se
1301 715 1485 782 habet,
1516 716 1603 771 dic
1629 726 1730 771 cur

165 812 210 866 in
231 808 490 876 baptismo
510 806 873 875 conjungitur.
902 805 1007 861 Sed
1053 821 1158 860 non
1198 807 1355 860 aliam
1400 807 1573 876 possis
1600 821 1727 861 cau-

164 917 261 958 sam
295 900 492 963 dicere,
541 913 699 968 quam
742 898 884 967 quod
914 899 983 952 sit
1025 897 1229 953 honore
1268 914 1382 967 par.
1422 900 1552 953 Cum
1598 913 1727 967 ergo

162 993 344 1049 nullam
394 990 552 1045 talem
605 989 766 1043 habet
820 989 1229 1056 necessitatem,
1291 990 1411 1044 vide
1458 990 1726 1059 quomodo

162 1086 318 1154 ipsum
358 1080 649 1149 conjungit,
702 1079 773 1133 ita
813 1079 997 1134 dicens
1040 1097 1054 1135 :
1097 1078 1276 1134 Gratia
1319 1080 1524 1135 Domini
1568 1082 1725 1136 nostri

158 1178 269 1231 Jesu
293 1174 500 1236 Christi,
531 1182 577 1225 et
611 1172 798 1226 caritas
827 1171 923 1224 Dei
954 1183 1003 1225 et
1041 1171 1232 1233 Patris,
1262 1181 1307 1225 et
1333 1172 1724 1226 communicatio

161 1268 372 1336 Spiritus
399 1266 559 1319 sancti
584 1264 650 1317 sit
670 1276 784 1316 cum
810 1265 1039 1317 omnibus
1063 1264 1200 1318 vobis
1228 1264 1303 1333 (2.
1337 1262 1455 1317 L‘or.
1488 1265 1574 1320 15.
1599 1266 1720 1335 15);

157 1370 203 1414 ct
244 1372 472 1422 rursum,
518 1355 805 1410 Divisiones
851 1358 1130 1425 gratiarum
1181 1365 1317 1421 sunt,
1376 1357 1510 1409 idem
1554 1366 1723 1410 autem

160 1452 409 1521 Spiritus;
438 1461 484 1502 et
514 1449 787 1502 divisiones
816 1449 1243 1502 ministrationum
1282 1459 1417 1511 sunt,
1466 1448 1597 1501 idem
1625 1465 1719 1501 au-

155 1556 242 1598 tem
269 1540 554 1604 Dominus;
594 1548 639 1593 et
677 1540 945 1593 divisiones
992 1541 1348 1609 operationnnt
1398 1548 1536 1605 sunt,
1588 1540 1720 1593 idem

154 1643 306 1687 autem
342 1630 481 1684 Deus
510 1640 528 1701 ί
558 1632 610 1685 1.
649 1629 765 1684 Cor.
800 1629 888 1683 12.
914 1631 1015 1685 4-6
1042 1630 1084 1701 ).
1136 1630 1240 1685 Sed
1266 1632 1383 1699 quia
1442 1646 1581 1685 nime
1630 1630 1723 1684 ad-

151 1742 323 1783 versus
349 1726 566 1781 Graecos
598 1739 778 1780 sermo
807 1732 942 1789 erat,
984 1732 1039 1779 et
1066 1736 1161 1777 eos
1190 1724 1278 1792 qui
1312 1721 1513 1777 Graecis
1550 1722 1718 1777 imbe-

149 1820 373 1875 cilliores
416 1824 591 1881 erant,
633 1824 916 1885 propterea
964 1814 1015 1868 id
1062 1814 1276 1869 interim
1326 1822 1631 1867 reservatur
1667 1823 1721 1867 et

147 1919 365 1963 tacetur.
399 1906 456 1960 ld
496 1905 638 1976 quod
679 1906 838 1959 etiam
878 1904 1157 1973 prophetae
1202 1902 1399 1957 faciunt
1440 1902 1508 1956 de
1563 1903 1713 1970 Filio,

148 2016 294 2071 quem
326 2015 585 2066 nusquam
615 2006 799 2068 aperte
829 1997 1107 2052 nominant
1133 1996 1203 2049 ob
1229 1995 1529 2049 auditorum
1560 1995 1720 2048 imbe-

143 2093 429 2148 cillitatem.
462 2091 514 2145 7.
550 2090 654 2144 Sed
683 2105 784 2143 non
811 2089 862 2142 in
892 2089 1124 2142 munibus
1149 2098 1221 2141 est
1250 2088 1483 2153 scientia,
1525 2089 1715 2155 inquit.

141 2186 391 2250 Quaenam
420 2182 548 2235 illa?
575 2195 642 2233 an
673 2195 758 2246 ea,
792 2195 910 2249 quae
935 2189 1017 2234 est
1044 2180 1110 2235 de
1144 2180 1273 2242 Deo,
1306 2193 1373 2232 an
1401 2194 1482 2241 ea,
1510 2195 1627 2248 qua:
1652 2178 1719 2233 de

140 2279 202 2332 iis
230 2291 348 2345 qua:
377 2274 646 2329 immolata
697 2282 821 2328 sunt
849 2273 1049 2327 idolis?
1075 2277 1180 2326 Aut
1205 2282 1353 2327 certe
1377 2271 1593 2327 Graecos
1634 2270 1718 2324 hic

139 2367 456 2430 subindieat,
481 2365 569 2434 qui
596 2363 844 2419 dicebant
865 2366 1062 2418 multos
1082 2378 1202 2419 esse
1218 2364 1349 2418 deos
1370 2371 1426 2417 et
1446 2362 1711 2425 dominos,

138 2474 232 2514 nec
256 2458 498 2513 sciebant
536 2456 698 2510 Deum
732 2456 822 2525 qui
867 2470 993 2510 vere
1033 2464 1114 2509 est
1144 2469 1160 2512 ξ
1190 2464 1283 2509 aut
1336 2469 1431 2509 eos
1457 2455 1545 2524 qui
1579 2456 1716 2509 inter

133 2551 359 2620 gentiles
385 2547 764 2603 imbecilliores
795 2556 969 2613 erant,
993 2546 1084 2616 qui
1103 2545 1337 2600 nondum
1354 2546 1497 2599 clare
1518 2544 1716 2599 scirent

134 2643 268 2697 idola
301 2655 409 2695 non
455 2654 575 2694 esse
619 2638 876 2702 timenda,
912 2650 967 2693 et
1011 2638 1212 2713 nullum
1256 2652 1377 2693 esse
1413 2636 1613 2691 idolum
1659 2636 1712 2691 in

133 2732 349 2786 mundo.
387 2733 521 2786 Cum
551 2730 650 2784 hoc
676 2739 855 2783 autem
882 2730 1129 2792 dixisset,
1161 2730 1413 2799 paulatim
1442 2729 1560 2784 illos
1584 2742 1713 2783 con-

132 2824 330 2877 solatus
367 2832 449 2876 est
493 2831 548 2877 et
593 2821 782 2876 erexit.
818 2819 1002 2889 Neque
1049 2826 1191 2875 enim
1233 2820 1410 2874 omnia
1465 2820 1710 2875 insectari

130 2917 432 2986 oportebat,
462 2929 582 2970 cum
634 2914 867 2968 maxime
916 2914 1033 2968 illos
1082 2929 1291 2967 rursum
1346 2912 1712 2967 vehementius

128 3015 270 3061 esset
300 3006 664 3074 impetiturus.

196 3095 273 3149 De
325 3094 971 3165 idolothytis.—Quidam
1025 3106 1194 3149 autem
1245 3108 1358 3148 cum
1405 3095 1710 3149 conscientia

122 3186 246 3239 idoli
275 3203 440 3256 usque
467 3203 603 3239 nunc
624 3187 768 3255 quasi
787 3186 1126 3255 idolot/Iytum
1150 3185 1457 3238 manducata
1480 3200 1499 3239 :
1517 3195 1563 3239 et
1587 3201 1710 3239 con-

118 3279 332 3332 scientia
362 3294 538 3332 eorum
568 3294 679 3331 cum
711 3279 774 3330 sit
812 3279 1037 3346 inﬁrma,
1071 3278 1336 3345 polluitur.
1376 3278 1568 3333 Adhuc
1597 3287 1710 3333 tre-

119 3379 289 3436 munt,
317 3370 511 3439 inquit,
544 3377 597 3424 et
629 3377 872 3423 metuunt
905 3368 1065 3422 idola.
1105 3367 1181 3423 Ne
1218 3368 1347 3422 mihi
1384 3369 1527 3422 enim
1567 3383 1707 3438 prte-

116 3472 323 3519 sentem
356 3478 538 3518 rerum
570 3471 765 3516 statum
795 3462 1014 3526 dixeris,
1044 3472 1098 3516 et
1141 3461 1281 3531 quod
1322 3461 1462 3531 piam
1491 3461 1707 3531 religio-

118 3570 236 3610 nem
289 3570 321 3610 a
381 3555 673 3624 majoribus
736 3555 1057 3622 acceperis;
1125 3554 1219 3608 sed
1276 3563 1511 3609 mentem
1563 3564 1706 3609 tuam

114 3646 351 3702 transfer
380 3646 434 3700 in
461 3646 547 3699 illa
577 3655 839 3713 tempora,
869 3654 922 3698 et
948 3646 1145 3713 cogita,
1175 3658 1294 3699 cum
1323 3645 1484 3699 modo
1510 3647 1711 3700 consti-

112 3750 222 3795 tuta
248 3750 401 3796 esset
426 3740 754 3810 praedicatio,
783 3748 837 3794 et
868 3739 1113 3809 impietas
1139 3738 1313 3793 adhuc
1348 3749 1596 3809 regnaret
1620 3754 1708 3793 ar-

108 3832 420 3903 derentque
459 3848 566 3885 arae
594 3841 645 3886 et
685 3832 966 3895 sacrificia,
1006 3830 1256 3885 libamina
1298 3837 1705 3900 peragerentur.

108 3936 161 3980 et
185 3926 377 3995 plures
413 3934 588 3980 essent
610 3924 857 3994 gentiles,
886 3924 974 3993 qui
1003 3939 1030 3975 a
1056 3922 1349 3991 majoribus
1378 3922 1706 3992 impietatem

105 4026 463 4086 acceperant,
505 4031 534 4069 a
577 4016 833 4083 patribus,
881 4016 995 4068 avis
1037 4023 1091 4070 et
1128 4015 1302 4069 atavis
1344 4015 1539 4070 talibus
1579 4016 1705 4079 orti,

105 4118 268 4177 atque
290 4122 322 4159 a
355 4106 695 4160 daemonibus
736 4106 873 4158 mala
922 4104 1084 4159 multa
1126 4104 1267 4173 passi
1300 4114 1483 4158 essent
1514 4124 1527 4158 :
1563 4105 1703 4169 illos,

105 4198 355 4266 inquam,
399 4205 621 4265 repente
665 4204 916 4260 nmtatos,
963 4193 1234 4263 quomodo
1272 4193 1564 4248 verisimile
1590 4204 1707 4248 erat

101 4287 243 4343 allici
277 4308 292 4342 :
325 4287 606 4356 quomodo
635 4286 883 4341 timendae
912 4284 1311 4353 tremettqune
1335 4294 1486 4338 erant
1507 4285 1708 4339 daemo-

103 4397 229 4435 num
276 4381 501 4436 insidire
530 4397 542 4431 :
575 4389 791 4449 propter
844 4393 977 4447 quos
1014 4378 1176 4433 etiam
1220 4376 1270 4430 id
1318 4375 1706 4430 subindicando

99 4474 342 4535 dicebat,
398 4471 619 4537 Quidam
662 4480 832 4523 autem
880 4486 998 4521 cum
1048 4468 1358 4521 conscientia
1410 4467 1699 4537 idolotltyti.

98 4564 289 4636 Neque
320 4564 477 4619 enim
510 4572 693 4632 aperte
728 4562 966 4617 declarat
1003 4560 1144 4624 illos,
1187 4574 1256 4613 ne
1298 4558 1574 4627 percellat,
1605 4574 1703 4613 nc-

95 4672 202 4725 que
230 4656 473 4711 omnino
506 4652 889 4722 prmtercurrit,
920 4650 1015 4705 sed
1060 4648 1339 4704 indeﬁnite
1364 4662 1550 4702 eorum
1594 4664 1708 4702 me-

97 4747 279 4809 minit,
310 4745 513 4799 dicens
545 4760 557 4795 :
591 4742 812 4806 Quidam
840 4752 1010 4794 autem
1038 4757 1154 4792 cum
1195 4740 1501 4793 conscientia
1538 4740 1704 4793 idolo-

94 4839 227 4908 thyti
252 4851 432 4904 usque
456 4850 587 4886 nunc
612 4833 759 4902 quasi
782 4831 1120 4899 idolothytum
1149 4832 1497 4894 manducant;
1526 4831 1576 4884 id
1599 4840 1700 4893 est,

93 4943 221 4981 cum
261 4926 472 4981 eadem
517 4933 695 4977 mente
734 4939 835 4993 qua
873 4924 1053 4992 prius;
1096 4932 1141 4975 et
1187 4923 1492 4976 conscientia
1529 4938 1705 4976 eorum

88 5034 207 5071 cum
248 5019 322 5071 sit
373 5016 602 5084 inﬁrma,
647 5014 894 5085 polluitur
926 5029 945 5066 :
974 5028 1094 5067 enm
1127 5012 1360 5066 nondum
1398 5014 1566 5082 possit
1606 5014 1702 5068 de-

89 5112 343 5178 spicere,
406 5123 579 5177 neque
609 5108 828 5161 omnino
878 5107 967 5161 illa
1016 5106 1260 5171 irridere,
1293 5106 1387 5160 sed
1432 5106 1609 5161 adhuc
1652 5108 1702 5161 in

84 5202 263 5255 dubio
295 5209 578 5255 versetur.
607 5201 683 5253 Ac
716 5199 762 5253 si
788 5199 927 5267 quis,
952 5199 995 5252 si
1028 5206 1206 5266 tangat
1238 5208 1528 5264 mortuum,
1556 5208 1704 5268 putet

88 5296 347 5363 seipsum
391 5292 653 5360 polluere,
698 5291 991 5346 secundum
1037 5289 1311 5343 Judaicant
1360 5289 1706 5345 consuetudi-

84 5400 259 5444 nem;
311 5382 629 5451 deindeque
671 5382 805 5434 alios
844 5380 1031 5435 videns
1087 5389 1365 5451 tangentes
1402 5395 1522 5434 cum
1572 5396 1704 5452 pura

89 5474 473 5538 conscientia,
514 5489 618 5527 non
660 5490 781 5527 cum
809 5474 994 5528 eadem
1028 5483 1203 5527 mente
1231 5483 1472 5541 tangens,
1502 5476 1707 5545 pollue-

84 5577 243 5623 retur
279 5584 297 5634 ;
334 5566 433 5622 sic
456 5575 511 5619 et
538 5566 613 5619 illi
642 5575 765 5619 tunc
787 5576 936 5619 erant
963 5565 1159 5620 allecti.
1190 5565 1411 5632 Quidam
1437 5568 1589 5630 enim,
1622 5567 1703 5621 in-

82 5661 227 5730 quit,
253 5675 392 5715 cum
420 5659 723 5712 conscientia
746 5660 870 5712 idoli
896 5675 1051 5727 usque
1072 5674 1224 5712 nunc.
1253 5657 1366 5713 Non
1398 5659 1513 5715 sine
1542 5675 1701 5716 causa

430 5745 699 5808 PATROL.
744 5748 859 5807 Gn.
912 5748 1072 5808 LXI.

3320 255 3423 312 168

1841 350 1994 415 illud,
2031 351 2202 423 Usque
2227 372 2380 421 nunc,
2408 359 2604 426 posuit,
2634 361 2727 415 sed
2755 372 2814 415 ιιι
2838 364 3107 433 ostendat,
3139 367 3260 424 illos
3290 372 3421 427 nihil

1836 442 2130 511 proiecisse
2156 460 2263 499 non
2284 460 2407 503 sese
2430 452 2921 508 accennnodantcs.
2954 454 3136 527 Neque
3164 461 3308 514 enim
3343 463 3423 517 sic

1837 531 1959 587 illos
2006 533 2260 591 inducere
2302 540 2608 606 oportebat,
2661 544 2756 597 sed
2800 543 2909 599 alio
2951 547 3132 615 modo,
3175 551 3341 606 verbo
3368 563 3423 608 et

1834 622 2079 678 doctrina
2130 641 2437 695 persuasus.
2481 629 2551 685 Et
2601 635 2906 688 conscientia
2953 637 3161 693 illorum
3198 658 3311 695 cum
3355 646 3423 698 sit

1832 715 2061 782 inﬁrma,
2084 717 2349 785 polluitur.
2384 718 2652 793 Nusquam
2681 725 2854 781 adhuc
2884 729 3027 784 circa
3064 731 3139 785 rei
3178 743 3418 788 naturam

1834 806 1994 859 verba
2024 806 2170 874 facit,
2199 811 2292 864 sed
2323 826 2540 883 semper
2567 823 2623 869 et
2650 816 2845 886 ubique
2866 820 3007 873 circa
3030 822 3416 880 conscientiam

1832 897 2143 965 accipientis
2172 911 2437 956 versatur.
2463 903 2640 960 Timet
2660 908 2804 961 enim
2836 925 2929 976 ne,
2959 911 3085 966 dum
3121 914 3234 967 vult
3274 916 3421 970 inlir-

1833 1002 1980 1042 mum
2021 991 2310 1061 corrigere,
2357 993 2546 1049 fortem
2577 1001 2939 1071 perstringat,
2988 1004 3246 1076 illumque
3271 1007 3417 1062 inﬁr-

1830 1096 1975 1134 mum
2024 1084 2232 1138 reddat.
2280 1087 2618 1159 Quapropter
2669 1108 2773 1146 non
2823 1096 3000 1150 minus
3054 1097 3177 1154 huic
3222 1103 3413 1170 parcit.

1829 1186 1987 1242 quam
2038 1176 2132 1230 illi.
2182 1177 2367 1247 Neque
2406 1181 2533 1235 sinit
2580 1184 2705 1253 quid
2746 1186 2921 1243 simile
2968 1190 3285 1257 existimari,
3319 1197 3412 1249 sed

1829 1278 2078 1321 sermone
2105 1270 2276 1324 utitur
2301 1273 2528 1340 prolixo,
2570 1286 2627 1330 ut
2655 1293 2723 1332 ne
2754 1279 2861 1334 tale
2888 1276 3013 1350 quid
3057 1284 3108 1337 in
3147 1288 3412 1356 suspicio-

1824 1368 1951 1413 nem
1982 1359 2180 1413 veniat.
2207 1360 2262 1415 8.
2302 1362 2431 1415 Esca
2463 1375 2627 1420 autem
2669 1384 2761 1422 nos
2801 1385 2901 1424 non
2929 1376 3246 1430 commendat
3280 1378 3409 1433 Deo.

1829 1443 2010 1516 Neque
2028 1450 2162 1503 enim
2188 1452 2232 1503 si
2253 1453 2741 1524 manducaverimus,
2771 1460 3125 1528 abundamus;
3169 1483 3328 1537 neque
3367 1475 3411 1523 si

1828 1553 1928 1591 non
1955 1543 2444 1611 manducaverim‘us,
2468 1547 2750 1617 deﬁcimus.
2782 1552 2968 1608 Viden‘
2995 1559 3263 1625 quomodo
3294 1577 3413 1615 rur-

1825 1642 1918 1683 sus
1946 1643 2130 1685 eorum
2162 1633 2355 1690 fastum
2385 1637 2690 1708 deprimat?
2717 1641 2849 1697 Nam
2881 1660 3002 1700 cum
3031 1648 3274 1715 dixisset,
3303 1668 3408 1708 non

1823 1721 1986 1775 modo
2029 1723 2168 1789 illos,
2208 1727 2304 1780 sed
2335 1728 2495 1783 etiam
2534 1744 2724 1787 omnes
2763 1736 3042 1792 scientiam
3093 1739 3323 1809 habere;
3356 1755 3412 1799 et

1824 1813 2094 1867 neminem
2119 1816 2259 1872 scire
2278 1820 2733 1888 quemadmodum
2764 1828 2902 1882 scire
2929 1812 3169 1899 oportet;
3194 1842 3245 1887 et
3267 1837 3408 1903 quod

1822 1904 2042 1958 scicntia
2082 1906 2260 1973 inﬂet;
2294 1909 2489 1967 deinde
2521 1927 2641 1967 cum
2671 1915 2792 1970 illos
2819 1930 2965 1973 esset
2994 1923 3317 1987 consolatus,
3347 1941 3409 1980 ac

1823 1995 2064 2061 dixisset,
2097 2013 2201 2052 non
2231 2000 2283 2053 in
2315 2002 2565 2059 omnibus
2593 2018 2716 2062 esse
2741 2009 3042 2078 scientiam,
3085 2022 3139 2067 et
3169 2013 3267 2069 hos
3290 2018 3405 2085 pol-

1823 2086 1894 2140 lm
1926 2097 2144 2157 propter
2169 2090 2625 2161 imbecillitatem;
2658 2113 2725 2152 ne
2751 2098 2995 2156 dicerent
3023 2103 3096 2157 illi
3131 2121 3145 2160 :
3179 2105 3246 2160 Et
3281 2108 3405 2175 quid

1820 2178 1883 2230 ad
1915 2192 2037 2241 nos,
2096 2181 2140 2234 si
2178 2196 2283 2235 non
2324 2193 2409 2238 est
2452 2186 2503 2239 in
2541 2189 2792 2243 omnibus
2832 2192 3096 2247 scientia?
3123 2210 3219 2250 cur
3263 2199 3404 2252 enim

1822 2267 1908 2320 ille
1940 2269 2059 2323 talis
2088 2286 2191 2324 non
2230 2271 2392 2327 habet
2434 2277 2755 2332 scientiam?
2781 2296 2877 2335 cur
2903 2291 2986 2336 est
3031 2284 3315 2342 inﬁrmus?
3341 2307 3425 2345 ne.

1820 2355 1936 2411 haec
1963 2359 2277 2429 ohjicerent,
2308 2379 2414 2418 non
2444 2368 2621 2421 statim
2652 2370 2715 2423 ad
2743 2372 2940 2427 claram
2977 2375 3407 2436 demonstratio-

1819 2463 1943 2504 nem
1972 2452 2141 2517 vcuit,
2171 2455 2312 2524 quod
2340 2472 2409 2511 ne
2432 2458 2659 2515 lardatur
2687 2463 2796 2529 ille,
2827 2465 3100 2523 abstinere
3120 2482 3402 2541 oporteat;

1816 2542 1911 2598 sed
1932 2543 2164 2611 primum
2193 2547 2421 2616 quadam
2447 2552 2761 2610 velitationc
2789 2557 3046 2613 adversus
3080 2561 3227 2618 illum
3257 2579 3401 2628 usus.

1816 2636 2053 2690 ostendit
2091 2637 2161 2703 id,
2187 2640 2327 2708 quod
2356 2652 2440 2696 est
2466 2644 2555 2696 illo
2592 2646 2782 2711 majus.
2834 2647 3112 2713 Quodnam
3150 2664 3233 2709 est
3261 2656 3405 2713 hoc!

1815 2724 1967 2792 Quod
1998 2729 2207 2783 etiamsi
2244 2744 2402 2785 nemo
2447 2732 2754 2801 larderctur,
2786 2748 2959 2809 neque
3008 2746 3233 2811 proximi
3284 2763 3405 2816 per-

1815 2818 1993 2872 versio
2022 2820 2307 2876 metuenda
2338 2834 2501 2885 esset,
2532 2841 2599 2879 ne
2632 2827 2709 2881 sic
2738 2830 2955 2898 quidem
2998 2834 3097 2889 hoc
3138 2840 3401 2906 agendum

1813 2918 1957 2963 esset
1987 2926 2001 2963 :
2031 2926 2200 2964 vanus
2243 2913 2439 2983 quippe
2472 2915 2625 2971 labor
2656 2918 2745 2973 ille
2775 2908 2937 2976 (isset.
2973 2924 3103 2980 Nam
3135 2929 3223 2997 qui
3251 2931 3404 2986 audi-

1813 3000 2069 3055 vitalium
2094 3001 2343 3067 lmdi,sed
2372 3004 2470 3058 sibi
2494 3006 2699 3061 lucrum
2723 3024 2862 3074 esse,
2895 3028 2999 3068 non
3027 3018 3247 3072 multum
3273 3021 3400 3076 abs-

1814 3092 1979 3157 tinet;
2003 3091 2098 3147 sed
2126 3101 2251 3147 tunc
2276 3096 2441 3164 magis
2467 3111 2587 3150 cum
2620 3098 2884 3168 didicerit,
2916 3104 3045 3159 nihil
3073 3120 3134 3161 se
3160 3108 3226 3164 ab
3252 3124 3313 3165 ea
3342 3128 3400 3167 re

1807 3182 2001 3253 juvari.
2042 3183 2165 3238 ideo
2210 3184 2309 3238 hoc
2350 3187 2576 3253 primum
2616 3190 2761 3257 ponit
2798 3192 3021 3250 dicens:
3066 3196 3197 3251 Esca
3232 3211 3401 3255 autem

1811 3292 1904 3329 nos
1934 3292 2035 3329 non
2061 3278 2381 3330 commendat
2422 3278 2548 3335 Deo.
2585 3281 2770 3336 Vidcn’
2799 3296 3056 3353 quantum
3089 3288 3138 3343 id
3178 3292 3400 3362 viltpen-

1810 3367 1921 3430 dat,
1955 3367 2092 3436 quod
2122 3367 2404 3422 videbatur
2431 3385 2460 3421 a
2493 3370 2723 3439 perfecta
2752 3376 2969 3431 scientia
3000 3377 3137 3433 eﬂlci
3162 3382 3184 3434 7
3219 3381 3403 3456 Neque

1811 3460 1944 3512 enim
1983 3460 2028 3511 si
2068 3461 2559 3528 ntanducaverimus,
2609 3465 2959 3532 abundamus;
3010 3468 3062 3523 id
3108 3480 3211 3540 est,
3258 3477 3395 3543 apud

1812 3550 1979 3604 Deum
2018 3550 2221 3618 probati
2270 3565 2477 3616 sumus,
2515 3555 2726 3621 utquid
2772 3556 2968 3611 bonum
3014 3562 3095 3616 vel
3145 3579 3396 3635 magnum

1810 3640 2048 3710 operati;
2082 3658 2242 3709 neque
2264 3643 2307 3695 si
2335 3659 2434 3697 non
2480 3645 2968 3714 manducaverimus,
3018 3652 3313 3722 deﬁcimus;
3342 3659 3397 3715 id

1808 3742 1912 3799 est,
1944 3735 2120 3788 minus
2144 3734 2269 3803 quid
2302 3736 2580 3792 habemus.
2622 3737 2837 3795 interim
2870 3743 3028 3812 igitur
3051 3747 3178 3802 illud
3211 3761 3395 3807 osten-

1809 3826 1888 3880 dit
1914 3825 2242 3896 superﬂuum
2272 3837 2326 3882 et
2354 3828 2484 3882 nihil
2534 3844 2654 3885 esse
2687 3849 2699 3885 :
2734 3848 2855 3887 nam
2890 3834 2976 3901 id,
3029 3839 3169 3907 quod
3222 3857 3395 3913 neque

1812 3920 1855 3973 si
1902 3918 1996 3973 ﬂat
2037 3919 2274 3987 prodest,
2308 3934 2483 3990 neque
2507 3921 2551 3975 si
2582 3937 2685 3977 non
2719 3923 2809 3977 liat
2839 3935 3016 3993 nocet,
3064 3931 3389 3999 superﬂuum
3475 3952 3483 3961 ’

1809 4019 1958 4063 certe
1998 4009 2175 4063 fuerit.

1880 4100 1935 4155 ὅ.
1957 4100 2274 4170 Progressus
2289 4109 2465 4157 autem
2485 4110 2652 4157 totum
2673 4106 2747 4159 rei
2766 4106 3016 4163 damnum
3036 4114 3221 4180 aperit.
3244 4116 3395 4175 Nunc

1809 4200 1988 4244 autem
2005 4190 2152 4251 dicit,
2174 4191 2225 4245 id
2252 4193 2393 4262 quod
2423 4191 2926 4251 fratribusaccidit:
2960 4201 3011 4255 9.
3053 4202 3390 4276 Videteenim,

1811 4282 2000 4350 inquit,
2020 4299 2080 4334 ne
2095 4282 2225 4350 forte
2242 4284 2346 4337 lucc
2359 4286 2559 4337 licentia
2579 4296 2742 4339 vestra
2761 4287 3123 4354 oﬁendiculum
3138 4296 3231 4364 ﬁat
3252 4299 3391 4368 inﬁr.

1808 4374 1904 4427 mis
1921 4372 2180 4440 fratribus.
2209 4372 2324 4427 Non
2339 4375 2491 4438 dixit,
2523 4375 2672 4442 Quod
2702 4376 2911 4431 licentia
2936 4391 3109 4436 vestra
3140 4386 3395 4444 sitoﬂen—

1808 4463 2064 4525 diculum,
2114 4478 2286 4532 neque
2307 4462 2357 4516 id
2390 4465 2771 4532 pronuntiavit,
2797 4476 2851 4520 ιιι
2880 4484 2947 4522 ne
2973 4471 3392 4539 impttdentiores

1810 4556 1931 4609 illos
1948 4554 2235 4619 redderet;
2268 4554 2362 4610 sed
2380 4554 2692 4625 quomodo?
2732 4556 2925 4623 Videte,
2958 4568 3161 4617 terrens
3183 4565 3302 4622 illos
3330 4585 3394 4625 ac

1808 4647 2012 4716 pudore
2037 4648 2278 4701 alliciens
2318 4659 2374 4701 et
2402 4645 2467 4700 ad
2494 4646 2721 4701 faciendi
2750 4650 3082 4718 negationem
3114 4654 3389 4717 inducens.

1808 4738 1993 4808 Neque
2021 4738 2175 4803 dixit,
2210 4737 2335 4792 Haec
2376 4746 2549 4791 vestra
2593 4738 2835 4803 scientia,
2877 4741 3018 4810 quod
3049 4747 3214 4815 magis
3244 4749 3387 4805 laudi

1808 4838 1991 4892 esset;
2035 4845 2229 4899 neque,
2271 4829 2397 4884 llam
2429 4839 2605 4884 vestra
2642 4829 2932 4900 perfectio;
2981 4835 3074 4888 sed
3114 4834 3341 4895 Licentia
3369 4861 3390 4898 :

1808 4922 1951 4992 quod
1980 4922 2147 4992 magis
2173 4921 2507 4986 temeritatis,
2533 4922 2836 4989 petulantiae
2856 4935 2909 4976 et
2933 4912 3251 4996 arrogantia?
3271 4948 3392 4989 es.~e

1812 5016 2107 5070 videbatur.
2139 5013 2248 5068 Nec
2289 5014 2442 5077 dixit,
2484 5014 2794 5079 Fratribus;
2839 5016 2931 5071 sed
2962 5016 3194 5087 lnﬁrmis
3222 5025 3393 5092 [ratri-

1807 5106 1918 5171 bus,
1950 5106 2152 5185 crimen
2194 5120 2413 5176 augens,
2447 5105 2586 5174 quod
2629 5121 2698 5161 ne
2740 5106 2961 5163 infirmis
3012 5112 3225 5178 quidem
3268 5132 3390 5186 par-

1810 5209 1952 5263 eant,
1986 5200 2091 5253 imo
2134 5197 2405 5253 fratribus.
2456 5199 2586 5252 Esto
2633 5202 2795 5264 enim,
2830 5217 2931 5254 non
2960 5204 3184 5275 corrigis
3217 5224 3390 5282 neque

1810 5291 2052 5352 excitas;
2091 5305 2187 5344 cur
2231 5290 2541 5359 Supplanuts
2588 5301 2640 5345 et
2687 5290 2895 5359 dejicis,
2948 5308 3068 5348 cum
3117 5309 3390 5366 oporteret

1810 5396 2027 5436 manum
2070 5382 2342 5451 porrigere
2368 5381 2389 5434 ?
2414 5381 2517 5437 Sed
2570 5382 2671 5436 hoc
2707 5399 2810 5436 non
2845 5384 2923 5459 vis
2952 5403 2967 5439 :
2997 5401 3126 5456 ergo
3160 5404 3225 5443 ne
3256 5394 3391 5461 deji-

1809 5475 1939 5528 cias.
1970 5472 2101 5526 Nam
2126 5472 2172 5526 si
2202 5473 2371 5527 malus
2397 5484 2556 5539 esset,
2598 5476 2930 5530 correctione
2966 5491 3100 5546 Opus
3135 5478 3386 5548 haberet;

1811 5567 1853 5620 si
1884 5575 2060 5619 autem
2092 5564 2349 5629 infirmus,
2382 5567 2663 5621 medicina.
2704 5566 2855 5622 Nunc
2879 5579 3056 5624 autem
3092 5586 3194 5625 non
3234 5578 3392 5629 modo

1816 5659 2057 5715 inlirmus
2094 5668 2195 5725 est,
2236 5661 2329 5715 sed
2363 5661 2519 5716 etiam
2553 5661 2734 5717 frater.
2770 5664 2852 5718 l0.
2885 5663 3009 5717 Cum
3050 5666 3161 5736 quis
3188 5670 3318 5721 enim
3345 5678 3395 5722 te

2954 5759 3019 5819 11
