3856 6382
413 284 513 340 ιω

416 398 593 455 viderit
614 396 877 452 scientiam
900 394 1164 450 habentem
1183 395 1237 449 in
1255 394 1415 449 idolio
1434 393 1818 450 recumbentem.
1836 408 2003 445 nonne

412 492 723 548 conscientia
753 491 882 560 ejus,
911 506 1025 544 cum
1045 490 1109 543 sit
1128 489 1383 558 inﬁrmus,
1412 487 1748 557 wdi/icabitur
1776 485 1845 539 ad
1870 502 2006 539 man-

412 583 705 640 ducandum
733 582 1018 652 idolothyta
1034 581 1060 634 .9
1082 580 1214 636 Cum
1240 581 1482 645 dixisset,
1521 578 1697 633 Videte
1718 595 1781 632 ne
1801 578 2003 632 licentia

409 686 575 732 vestra
602 675 668 729 sit
688 672 1069 740 olfendiculum,
1103 671 1231 726 dicit
1250 670 1518 741 quomodo
1543 669 1645 725 hoc
1672 669 1783 734 ﬁat,
1812 676 1866 723 et
1889 668 2005 722 ubi-

408 784 513 837 que
544 765 908 821 inﬁrmitatem
947 763 1115 833 ponit,
1150 777 1218 817 ne
1255 760 1501 816 videatur
1524 759 1777 815 damnum
1807 772 1873 813 ex
1902 773 2001 811 na-

408 867 527 914 tura
573 857 652 913 rei
697 870 836 921 esse,
864 864 918 911 ct
956 853 1224 910 terribiles
1252 866 1372 908 esse
1401 850 1683 906 videantur
1706 850 1999 904 darmones.

408 951 560 1006 Nunc
587 950 729 1007 enim
768 963 934 1019 prope
972 957 1076 1014 est,
1110 946 1303 1017 inquit,
1345 953 1406 999 ut
1430 946 1648 999 omnino
1681 943 1896 998 deﬁciat
1933 942 2001 996 ab

412 1041 569 1097 idolis
600 1057 618 1094 :
647 1048 703 1095 te
728 1046 907 1094 autem
933 1037 1123 1093 videns
1152 1051 1272 1091 cum
1302 1035 1406 1090 illis
1431 1035 1659 1090 libenter
1673 1040 1995 1095 versantem,

410 1147 523 1186 rem
573 1129 768 1200 accipit
796 1143 894 1199 pro
932 1126 1318 1192 admonitione,
1358 1134 1411 1179 et
1447 1123 1501 1178 iu
1542 1123 1628 1177 illa
1658 1137 1718 1178 re
1754 1131 2000 1177 versatur

407 1227 569 1280 etiam
598 1226 735 1294 ipse.
768 1222 951 1292 Itaque
981 1236 1087 1275 non
1119 1219 1293 1274 solum
1323 1233 1386 1272 ex
1426 1217 1569 1271 illius
1608 1214 1995 1275 imbecillitate,

408 1316 504 1372 sed
533 1331 598 1372 ex
634 1314 1014 1382 intempestivo
1054 1319 1146 1366 tuo
1172 1324 1335 1379 opere
1377 1307 1583 1362 insidiae
1621 1306 1909 1360 oriuntur:
1942 1313 1996 1357 tu

408 1410 551 1467 enim
580 1408 728 1462 illum
756 1403 1107 1460 inﬁrmiorem
1131 1400 1331 1456 reddis.
1359 1400 1443 1453 ll.
1470 1396 1537 1450 Et
1561 1396 1741 1467 peribit
1764 1396 1998 1464 inﬁrmus

408 1506 574 1572 frater
600 1499 653 1553 in
684 1513 797 1552 esca
824 1504 928 1557 tua,
959 1502 1165 1563 propter
1193 1506 1339 1559 quem
1371 1488 1602 1544 Christus
1636 1494 1863 1540 mortuus
1900 1495 1993 1539 est.

408 1592 528 1646 Duo
557 1601 788 1657 namque
816 1596 959 1649 sunt,
984 1599 1101 1653 qua:
1132 1590 1183 1637 te
1208 1580 1364 1635 venia
1393 1579 1611 1650 privant
1635 1576 1705 1632 ob
1740 1575 1844 1631 hoc
1870 1575 1993 1629 illa-

408 1690 518 1735 t-um
544 1679 820 1739 damnum,
853 1683 908 1730 et
943 1672 1085 1741 quod
1123 1671 1389 1735 infirmus,
1422 1677 1475 1724 et
1507 1667 1653 1739 quod
1685 1666 1850 1722 frater
1885 1667 1990 1730 sit;

406 1776 517 1829 imo
545 1771 761 1826 tertium
792 1772 1004 1837 quoque
1042 1763 1275 1827 additur,
1320 1760 1461 1829 quod
1511 1759 1749 1812 omnium
1787 1756 1997 1811 terribi-

406 1866 670 1920 lissimum
692 1868 794 1917 est.
832 1857 1116 1925 Quodnam
1149 1852 1277 1907 illud
1305 1851 1426 1907 est?
1450 1849 1603 1917 Quod
1625 1848 1872 1902 Christus
1898 1862 1995 1917 pro

404 1958 497 2010 illo
527 1954 662 2009 mori
693 1967 798 2006 non
827 1946 1189 2008 recusaverit;
1223 1954 1279 1998 tu
1309 1957 1437 1997 vero
1464 1956 1530 1996 ne
1551 1939 1763 2011 quidem
1790 1939 1855 1992 ad
1878 1937 1995 2007 ejus

406 2045 826 2104 imbecillitatem
853 2048 907 2095 te
935 2047 1276 2107 attemperas.
1308 2035 1409 2089 Per
1447 2033 1562 2087 hrcc
1599 2041 1775 2087 autem
1812 2029 1990 2101 perfe-

404 2147 551 2194 ctum
593 2134 863 2197 admonet,
895 2129 1064 2200 qualis
1097 2128 1211 2196 ipse
1240 2126 1387 2196 prius
1424 2133 1584 2187 esset,
1617 2132 1673 2179 et
1712 2122 1855 2192 quod
1897 2135 1993 2190 pro

404 2232 498 2289 illo
516 2230 676 2286 etiam
706 2233 947 2281 mortuus
973 2223 1062 2277 sit.
1109 2221 1175 2275 Et
1206 2234 1311 2274 non
1354 2217 1488 2273 dixit
1518 2235 1531 2271 :
1565 2216 1669 2271 Pro
1694 2229 1801 2285 quo
1831 2214 1990 2268 etiam

406 2323 544 2379 mori
570 2331 623 2377 te
649 2315 957 2390 oportebat;
986 2313 1081 2368 sed
1109 2310 1250 2381 quod
1284 2310 1452 2365 multo
1489 2308 1660 2377 majus
1685 2313 1822 2373 erat,
1849 2303 1990 2374 quod

403 2421 562 2478 etiam
590 2416 836 2474 Christus
861 2419 1084 2484 propter
1103 2409 1276 2479 ipsum
1301 2415 1384 2461 est
1404 2411 1664 2460 mortuus.
1693 2400 1782 2457 Sic
1810 2399 1991 2455 Domi-

403 2528 505 2568 nus
533 2509 748 2582 quidem
773 2518 893 2561 tuus
915 2518 1013 2574 pro
1041 2502 1137 2556 illo
1158 2499 1294 2555 mori
1318 2513 1421 2552 non
1443 2494 1745 2559 recusavit;
1777 2501 1832 2547 tu
1860 2506 1990 2547 vero

402 2605 519 2675 ejus
546 2601 747 2658 nullam
772 2598 1033 2654 rationem
1065 2593 1251 2657 habes,
1284 2601 1341 2645 ut
1373 2604 1472 2643 nec
1506 2594 1723 2657 propter
1761 2584 1933 2654 ipsum
1959 2598 1988 2638 a

402 2697 633 2753 scelesta
654 2706 837 2748 mensa
858 2688 1163 2751 abstineas;
1191 2683 1285 2739 sed
1315 2682 1445 2736 sinis
1473 2681 1645 2749 ipsum
1667 2677 1845 2747 perire
1872 2682 1991 2745 post

404 2790 633 2845 salutem
662 2786 733 2839 ita
766 2788 1003 2853 partam;
1046 2775 1294 2846 quodque
1330 2770 1705 2844 gravissimum
1745 2775 1847 2831 est,
1895 2780 1990 2835 per

402 2873 834 2943 escam‘lNeque
870 2869 1011 2924 enim
1057 2865 1210 2930 dixit,
1253 2863 1478 2931 Propter
1517 2870 1658 2914 tuam
1700 2855 1988 2927 perfectio-

404 2984 549 3032 nem,
590 2966 672 3021 vel
705 2970 923 3034 propter
957 2952 1100 3013 tuam
1131 2954 1433 3018 scientiam,
1459 2950 1553 3006 sed
1592 2950 1812 3020 Propter
1846 2956 1988 3001 tuam

399 3079 585 3121 escam.
610 3059 749 3117 Sunt
769 3058 946 3127 itaque
971 3060 1201 3125 quatuor
1219 3048 1466 3114 crimina,
1498 3045 1693 3115 illaque
1716 3042 1944 3098 maxima
1970 3056 1983 3093 :

399 3154 541 3227 quod
571 3160 625 3208 et
651 3152 813 3206 frater
841 3147 931 3213 sit,
956 3153 1011 3200 et
1036 3142 1301 3203 inﬁrmus,
1334 3148 1390 3194 et
1416 3137 1572 3206 cujus
1601 3133 1845 3190 Christus
1872 3141 1989 3227 tan:

401 3220 510 3302 tam
537 3242 721 3299 habuit
749 3239 1033 3301 rationem,
1065 3242 1123 3288 ut
1150 3247 1246 3303 pro
1277 3231 1370 3285 illo
1409 3236 1736 3289 moreretur;
1763 3233 1815 3278 et
1845 3220 1988 3293 quod

401 3347 522 3408 post
565 3334 681 3389 haec
724 3330 904 3386 omnia
956 3333 1180 3395 propter
1208 3336 1385 3378 escam
1416 3325 1620 3389 pereat.
1651 3315 1737 3371 l2.
1771 3315 1861 3408 Sic
1895 3329 1989 3408 au-

402 3407 500 3481 tem
529 3432 791 3496 peccantes
828 3420 883 3474 in
927 3419 1129 3488 fratres,
1173 3422 1221 3467 et
1262 3412 1591 3482 percutientes
1630 3407 1988 3461 conscientiam

400 3534 578 3574 eorum
606 3517 885 3585 infirmam,
917 3512 971 3565 in
1015 3507 1272 3563 Christum
1316 3503 1554 3573 peccatis.
1600 3500 1787 3555 Viden’
1827 3514 1985 3569 quam

401 3613 602 3670 sensim
623 3620 677 3666 et
707 3607 958 3679 paulatim
988 3612 1265 3675 peccatum
1296 3599 1427 3655 illud
1452 3597 1517 3652 ad
1544 3597 1756 3652 culmen
1793 3595 1988 3664 iniqui-

401 3706 527 3761 tatis
552 3699 879 3761 deduxerit?
910 3697 1220 3764 Rursusque
1258 3689 1585 3747 inﬁrmitatis
1624 3687 1833 3741 illorum
1873 3699 1988 3740 me-

401 3798 578 3855 minit.
609 3794 743 3850 Nam
782 3789 926 3862 quod
955 3787 1054 3858 ipsi
1086 3800 1184 3857 pro
1210 3798 1270 3840 se
1294 3796 1415 3838 esse
1454 3776 1850 3843 existimabant,
1882 3775 1987 3829 hoc

403 3890 602 3959 ubique
629 3887 681 3941 in
713 3884 927 3940 illorum
946 3886 1107 3949 caput
1131 3874 1414 3932 convertit.
1437 3871 1621 3941 Neque
1645 3869 1800 3936 dixit,
1821 3867 1987 3924 Scan-

404 3982 723 4043 dalizantes,
754 3975 849 4031 sed
877 3971 1245 4034 Percutientes,
1276 3977 1336 4022 ut
1362 3981 1459 4036 per
1485 3963 1732 4019 dictionis
1761 3960 1986 4029 empha-

402 4075 487 4130 sin
517 4069 887 4129 crudelitatem
914 4062 1244 4120 ostenderet.
1267 4057 1405 4125 Quid
1431 4057 1572 4112 cnim
1598 4054 1792 4111 suavius
1826 4051 1989 4107 fuerit

403 4164 642 4229 homine,
675 4160 763 4231 qui
794 4171 995 4229 aegrum
1034 4150 1335 4224 percutiat?
1379 4142 1592 4204 Eténim
1635 4145 1824 4216 quovis
1864 4144 1987 4198 vul-

403 4272 539 4315 nere
571 4254 790 4326 gravius
813 4257 898 4306 est
934 4245 1317 4305 soandalizare,
1348 4257 1442 4297 seu
1477 4238 1856 4294 oil’endiculum
1887 4252 1985 4307 po-

403 4366 576 4409 nere:
605 4361 750 4417 saepe
790 4355 1018 4412 namque
1048 4340 1151 4394 hoc
1197 4343 1423 4391 mortem
1466 4332 1691 4387 induxit.
1746 4330 1812 4386 Et
1853 4345 1989 4401 quo-

400 4442 565 4500 modo
590 4440 645 4495 in
675 4436 947 4494 Christum
979 4427 1244 4502 peccant?
1267 4425 1386 4483 Uno
1412 4424 1625 4495 quidem
1653 4422 1835 4489 modo,
1864 4421 1987 4491 quia

400 4552 521 4606 qua:
561 4539 684 4587 sunt
728 4526 1047 4583 famulorum
1089 4529 1148 4576 ut
1195 4518 1408 4590 propria
1438 4516 1539 4570 sibi
1578 4514 1856 4577 attribuit;
1892 4527 1989 4606 se-

400 4601 597 4691 cundo,
638 4621 780 4694 quod
823 4616 913 4689 qui
944 4614 1322 4673 verberantur,
1351 4608 1419 4661 ad
1448 4621 1642 4677 corpus
1668 4614 1722 4660 et
1747 4601 1988 4659 membra

400 4719 570 4790 ipsius
594 4715 929 4786 pertineant;
954 4707 1137 4771 tertio,
1162 4702 1304 4775 quod
1334 4716 1470 4771 opus
1491 4713 1643 4754 suum
1672 4715 1687 4751 :
1714 4711 1811 4790 per
1836 4711 1989 4751 suam

404 4789 607 4866 cuidem
645 4804 914 4875 propriam
959 4798 1314 4858 aediﬁcatum,
1361 4793 1458 4862 ipsi
1502 4806 1596 4860 per
1641 4789 1989 4843 ambitionem

402 4919 552 4959 suam
606 4900 840 4954 diruant.
887 4896 978 4951 l5.
1036 4891 1378 4959 Quapropter,
1427 4884 1469 4937 si
1514 4899 1627 4937 esca
1674 4880 1990 4935 scandalizat

403 4998 614 5066 fratrem
643 5002 843 5051 meum,
883 5001 983 5038 non
1016 4978 1334 5036 manducnbo
1383 4990 1584 5030 carnem
1622 4974 1677 5027 in
1722 4982 1983 5027 teter-num.

403 5087 519 5141 lloc
565 5094 833 5150 tamquam
883 5076 1118 5146 Optimus
1164 5071 1441 5141 magister,
1485 5066 1639 5137 cujus
1680 5074 1763 5120 est
1798 5080 1893 5133 per
1929 5078 1989 5120 se

376 5178 599 5230 'docere
630 5187 747 5242 quae
773 5169 922 5224 dicit.
941 5166 1125 5236 Neque
1145 5164 1297 5228 dixit,
1316 5162 1439 5217 Sive
1460 5160 1603 5230 juste
1622 5158 1737 5212 sive
1758 5157 1984 5226 injuste;

407 5266 502 5322 sed
533 5261 1052 5335 quomodocumque.
1080 5255 1189 5310 Nec
1217 5254 1363 5318 dico,
1393 5250 1586 5322 inquit,
1608 5249 1761 5311 ,idolo
1792 5248 1987 5303 immo-

407 5360 593 5424 latum,
626 5352 767 5425 quod
797 5352 955 5408 etiam
996 5355 1215 5418 propter
1243 5345 1401 5398 aliam
1441 5356 1656 5397 causam
1695 5348 1780 5396 est
1811 5338 1990 5410 probi-

406 5452 613 5514 bitum;
639 5445 731 5501 sed
757 5445 802 5500 si
833 5440 961 5513 quid
989 5440 1150 5493 etiam
1174 5450 1385 5499 eorum,
1410 5449 1531 5504 quae
1555 5433 1609 5487 in
1639 5439 1903 5502 potestate
1936 5439 1992 5486 et

411 5554 670 5601 concessa
717 5544 845 5593 sunt
890 5530 1144 5596 offendat,
1187 5528 1255 5583 ab
1291 5526 1399 5581 illis
1435 5540 1647 5595 quoque
1687 5523 1987 5588 abstinebo,

408 5652 515 5694 non
543 5648 649 5689 uno
676 5630 760 5687 vel
786 5629 957 5685 altero
982 5625 1091 5691 die,
1124 5620 1219 5678 sed
1251 5629 1364 5675 toto
1390 5620 1514 5673 vitae
1544 5632 1677 5673 mea:
1699 5625 1944 5686 tempore
1974 5630 1987 5667 :

418 5725 537 5783 Αόη
564 5721 876 5780 manuucabo
907 5718 1070 5785 enim,
1100 5713 1292 5787 inquit,
1321 5726 1499 5765 carnes
1519 5709 1573 5763 in
1598 5718 1858 5764 wternnm.
1883 5705 1992 5762 Nec

1152 281 1209 337 S.
1251 280 1527 339 JOANNIS
1561 277 2036 337 CHRYSOS'I‘OMI
2072 278 2390 337 ARCHIEP.
2430 280 2962 343 CONSTANTINOP.

3602 296 3705 355 £68

2113 390 2267 480 dixit,
2292 392 2371 448 Ne
2392 394 2611 463 perdam
2641 396 2882 464 fratrem,
2925 398 3023 456 sed
3060 402 3399 473 simpliciter,
3435 406 3524 464 Ne
3550 409 3708 480 fratri

2110 479 2422 547 o/fendiculo
2447 486 2563 539 sim.
2592 486 2806 543 Etenim
2836 499 3093 547 extrema:
3120 493 3409 553 dementia:
3441 498 3612 555 fuerit
3639 517 3703 557 ea

2110 588 2229 642 quae
2264 573 2479 630 Christo
2518 578 2589 632 ita
2625 578 2776 643 cordi
2818 579 2988 648 fuere,
3026 591 3081 638 et
3105 584 3233 639 talia
3279 596 3337 642 ut
3377 598 3600 659 propter
3638 607 3703 647 ea

2109 672 2336 719 mortem
2360 666 2604 737 elegerit,
2643 684 2741 725 nos
2773 670 2843 725 ita
2879 674 3027 741 parvi
3059 674 3256 741 facere,
3290 686 3442 734 utne
3468 691 3703 751 propter

2108 751 2199 806 illa
2226 753 2444 824 quidem
2488 756 2555 812 ab
2597 760 2734 813 escis
2779 760 2884 815 illis
2928 762 3316 821 abstineamus.
3361 768 3492 824 Htec
3533 786 3702 839 porro

2106 862 2214 901 non
2240 848 2344 903 illis
2381 850 2577 918 solum,
2600 852 2694 906 sed
2718 853 2880 908 etiam
2913 856 3067 912 nobis
3086 869 3388 928 opportune
3422 860 3697 929 dicantur,

2106 940 2197 1009 qui
2220 941 2447 1009 proximi
2469 943 2695 998 salutem
2719 944 3063 1014 despicimus,
3088 957 3143 1003 et
3162 951 3397 1006 satanica
3420 952 3506 1008 illa
3528 955 3699 1011 verba

2107 1032 2451 1102 proferimus.
2485 1034 2616 1090 Nam
2645 1037 2849 1105 dicere,
2880 1038 3016 1106 Quid
3052 1042 3181 1096 mihi
3223 1058 3367 1100 cura:
3398 1054 3503 1111 est,
3530 1049 3574 1102 si
3604 1050 3701 1104 ille

2104 1123 2406 1181 offendatur
2439 1135 2494 1183 et
2538 1130 2629 1184 ille
2672 1133 2901 1200 pereat?
2940 1135 3194 1190 satanicas
3236 1147 3322 1193 est
3356 1140 3700 1198 crudelitatis

2102 1225 2157 1269 et
2200 1215 2621 1274 inhumanitatis.
2655 1222 2816 1291 Atqui
2851 1232 2979 1279 tunc
3005 1225 3221 1293 quidem
3262 1228 3476 1286 illorum
3518 1232 3701 1290 imbe—
3774 1294 3782 1309 ,

2102 1305 2339 1363 cillitalis
2364 1318 2501 1373 erat,
2546 1312 2738 1381 quibus
2781 1313 2897 1368 haec
2940 1313 3266 1372 oﬁendiculo
3311 1330 3499 1387 erant;
3548 1326 3697 1393 apud

2102 1412 2201 1452 nos
2226 1414 2354 1454 vero
2380 1414 2486 1455 non
2512 1402 2660 1457 item.
2684 1403 2815 1457 Nam
2845 1404 2930 1458 illa
2955 1416 3168 1474 peccata
3195 1408 3545 1480 admittimus,
3571 1430 3700 1484 quae

2102 1487 2328 1546 fortibus
2367 1492 2528 1546 etiam
2575 1492 2900 1552 oﬁ‘endiculo
2930 1497 3057 1553 sint.
3099 1498 3233 1554 Cum
3277 1501 3419 1556 enim
3456 1507 3701 1572 percuti-

2101 1595 2241 1647 mus,
2273 1583 2508 1652 rapimus
2541 1593 2595 1639 et
2634 1588 2872 1641 avaritiae
2901 1588 3201 1656 studemus,
3240 1592 3533 1664 liberisque
3555 1606 3699 1651 tam-

2099 1688 2258 1743 quam
2290 1676 2572 1745 mancipiis
2601 1678 2890 1745 abutimur,
2918 1682 3128 1736 cuinam
3161 1684 3273 1740 haec
3310 1701 3416 1741 non
3452 1688 3692 1744 offendi-

2100 1765 2221 1820 culo
2247 1766 2482 1822 fuerint?
2518 1768 2649 1824 Nam
2668 1786 2750 1825 ne
2775 1772 2999 1840 dixeris,
3030 1774 3126 1830 llle
3151 1787 3325 1842 sutor,
3362 1779 3463 1835 iste
3492 1782 3701 1837 tinctor

2099 1867 2216 1925 est;
2251 1874 2424 1928 neque
2458 1860 2679 1929 dixeris,
2708 1863 2952 1919 IErarius
2978 1864 3128 1921 faber
3151 1868 3288 1923 alius
3313 1879 3395 1924 est
3425 1888 3438 1924 :
3471 1872 3568 1927 sed
3601 1889 3701 1929 co-

2097 1947 2202 2017 gita
2230 1948 2379 2003 illum
2406 1964 2526 2005 esse
2549 1951 2760 2006 fidelem
2786 1962 2840 2008 et
2861 1953 3103 2010 fratrem.
3127 1955 3340 2012 Illorum
3361 1961 3501 2015 enim
3528 1961 3700 2018 disci-

2096 2041 2207 2112 puli
2253 2058 2458 2111 sumus,
2491 2044 2837 2113 piscatorum,
2890 2047 3320 2116 publicanorum.
3361 2052 3698 2109 tabernacu-

2098 2132 2272 2189 lorum
2325 2137 2578 2207 opilicum
2613 2154 2626 2190 :
2657 2137 2798 2192 illius
2824 2140 2913 2208 qui
2946 2140 2997 2194 in
3046 2142 3206 2197 domo
3259 2144 3393 2200 fabri
3446 2148 3695 2205 nutritus

2097 2224 2216 2293 fuit,
2248 2227 2338 2297 qui
2378 2242 2632 2297 sponsam
2659 2228 2775 2298 ejus
2806 2239 3032 2285 matrem
3064 2232 3264 2288 habere
3293 2234 3542 2305 dignatus
3576 2250 3693 2303 est,

2096 2316 2185 2387 qui
2218 2317 2407 2387 pannis
2448 2317 2717 2374 involutus
2760 2318 2814 2373 in
2860 2321 3085 2391 przesepi
3135 2323 3400 2392 recubuit,
3438 2327 3530 2396 qui
3574 2344 3695 2385 non

2096 2407 2329 2463 habebat
2354 2408 2445 2463 ubi
2476 2419 2636 2479 caput
2679 2410 2989 2476 reclinaret,
3020 2412 3109 2482 qui
3138 2422 3280 2468 tanta
3322 2419 3557 2486 suscepit
3601 2420 3697 2475 iti-

2094 2514 2243 2566 nera,
2269 2508 2328 2554 ut
2350 2516 2415 2556 ex
2446 2500 2528 2555 via
2559 2500 2733 2557 fessus
2759 2512 2920 2569 esset,
2952 2504 3041 2573 qui
3071 2503 3141 2559 ah
3165 2506 3286 2560 aliis
3320 2508 3691 2567 nutriebatur.

2166 2593 2218 2647 6.
2261 2591 2451 2647 Fastus
2476 2593 2727 2649 humanus
2752 2595 2881 2649 nihil
2909 2596 3237 2654 est—Haec
3268 2602 3463 2670 cogita,
3495 2613 3550 2658 et
3580 2604 3692 2660 hu-

2093 2697 2311 2737 manum
2333 2682 2527 2739 fastum
2557 2684 2687 2739 nihil
2719 2700 2840 2742 esse
2866 2696 3021 2755 putes
3048 2704 3063 2754 ;
3093 2689 3185 2744 sed
3218 2699 3271 2744 et
3303 2691 3693 2751 tabernaculo-

2092 2788 2213 2827 rum
2254 2773 2525 2843 Opiﬁcem,
2571 2782 2627 2829 et
2655 2791 2777 2831 eum
2818 2778 2907 2847 qui
2948 2792 3111 2834 curru
3154 2780 3387 2847 vehitur,
3434 2794 3492 2838 et
3523 2787 3690 2842 mille

2092 2865 2325 2921 famulos
2353 2867 2533 2934 habet,
2556 2876 2610 2923 et
2632 2867 2752 2923 foro
2777 2869 2967 2925 obvios
2986 2880 3155 2939 arcet,
3178 2872 3398 2929 fratrem
3423 2890 3545 2931 esse
3564 2880 3696 2933 exi-

2092 2957 2246 3012 stima
2273 2973 2287 3023 ;
2321 2958 2429 3013 imo
2458 2959 2608 3018 illum
2639 2960 2809 3031 magis
2834 2977 2994 3031 quam
3020 2963 3181 3019 hunc.
3210 2964 3341 3020 Nam
3373 2968 3460 3023 ille
3484 2984 3693 3039 Oppor-

2092 3050 2273 3105 tuuius
2302 3049 2468 3105 frater
2487 3050 2716 3112 dicatur.
2749 3054 2840 3123 qui
2868 3056 3037 3125 magis
3060 3058 3251 3113 similis
3270 3068 3373 3115 est.
3398 3062 3532 3126 Quis
3550 3079 3691 3133 ergo

2090 3141 2284 3196 similis
2307 3150 2391 3197 est
2417 3143 2812 3211 piscatoribus?
2839 3146 2928 3216 qui
2958 3148 3271 3216 quotidiana
3298 3151 3459 3205 alitur
3487 3168 3688 3221 opere,

2103 3246 2214 3287 non
2240 3231 2446 3287 habens
2471 3230 2732 3286 famulum
2766 3248 2941 3303 neque
2962 3235 3323 3303 domicilium;
3348 3238 3442 3293 sed
3474 3241 3529 3294 in
3553 3256 3687 3296 om-

2106 3325 2268 3381 nibus
2283 3324 2608 3382 cruciﬁxus:
2631 3338 2697 3378 an
2713 3324 2821 3383 ille.
2840 3326 2931 3393 qui
2946 3334 3097 3382 tanto
3114 3327 3258 3385 fastu
3276 3330 3683 3399 circumdatur,

2103 3424 2158 3472 et
2173 3412 2673 3484 contrarialegibus
2694 3414 2892 3471 divinis
2917 3416 3208 3485 operatur?
3227 3416 3305 3473 Ne
3332 3434 3460 3489 ergo
3488 3421 3687 3492 despi-

2101 3509 2214 3563 cias
2238 3504 2414 3572 illum,
2438 3504 2533 3575 qui
2559 3505 2734 3575 magis
2756 3503 2921 3561 frater
2948 3514 3074 3563 tuus
3097 3513 3182 3563 est
3206 3522 3220 3559 :
3246 3523 3368 3563 nam
3389 3509 3477 3566 ille
3499 3514 3687 3582 magis

2091 3596 2281 3651 similis
2310 3607 2393 3651 est
2419 3599 2727 3668 apostolicae
2756 3600 2992 3670 imagini.
3033 3602 3101 3655 At
3147 3616 3252 3657 nou
3294 3603 3541 3665 libenter,
3586 3608 3691 3661 sed

2092 3687 2311 3749 invitus,
2342 3688 2551 3758 inquies
2581 3706 2595 3742 :
2624 3704 2733 3744 non
2777 3691 2919 3745 enim
2965 3707 3029 3746 ex
3073 3692 3236 3745 animi
3281 3696 3545 3748 sententia
3579 3695 3696 3753 hoc

2092 3775 2237 3831 facit.
2273 3776 2551 3833 Undenam
2585 3778 2720 3833 hoc?
2743 3794 2845 3834 non
2872 3779 3114 3846 audistis,
3141 3780 3318 3835 Nolite
3334 3782 3601 3852 judicare,
3634 3798 3696 3841 ut

2091 3885 2191 3923 non
2210 3869 2510 3938 judicemini
2540 3869 2753 3940 (Matth.
2787 3872 2840 3925 7.
2884 3871 2935 3943 l)
2959 3873 2982 3926 ?
3009 3872 3077 3929 Ut
3104 3883 3282 3928 autem
3312 3875 3487 3931 discas
3527 3876 3691 3934 illum

2092 3975 2199 4014 non
2231 3961 2454 4015 invitum
2478 3963 2720 4030 operari.
2754 3963 2949 4018 accede
2988 3974 3042 4019 et
3087 3964 3153 4019 da
3204 3966 3279 4020 illi
3321 3965 3504 4023 decies
3529 3970 3696 4026 mille

2092 4053 2209 4106 auri
2238 4052 2461 4121 talenta,
2495 4062 2549 4107 et
2592 4054 2800 4110 videbis
2832 4055 2980 4110 illum
3025 4056 3140 4113 haec
3174 4072 3443 4114 recusare.
3495 4059 3696 4131 Itaque

2094 4143 2303 4199 etiamsi
2348 4160 2379 4199 a
2420 4145 2712 4215 majoribus
2751 4147 2964 4202 divitias
3004 4165 3107 4204 non
3149 4151 3432 4220 acceperit,
3479 4153 3578 4207 sed
3632 4161 3697 4211 ‘et

2092 4248 2213 4287 cum
2241 4234 2485 4304 accipere
2516 4235 2720 4300 liceret,
2751 4251 2858 4291 non
2889 4240 3177 4308 acceperit,
3206 4255 3305 4295 nec
3329 4241 3439 4296 suis
3457 4242 3697 4301 addide-

2093 4325 2184 4390 rit,
2217 4340 2466 4396 magnum
2493 4326 2647 4381 affert
2673 4328 2926 4384 indicium
2957 4330 3099 4400 quod
3122 4332 3374 4401 pecunias
3394 4331 3692 4403 despiciat.

2093 4417 2225 4472 Nam
2256 4427 2311 4473 et
2340 4419 2578 4474 Joannes
2606 4419 2849 4476 Zebedazi
2897 4422 3182 4477 admodum
3238 4425 3488 4493 pauperis
3534 4425 3695 4483 ﬁlius

2093 4520 2245 4576 erat;
2275 4510 2368 4566 sed
2392 4528 2496 4565 non
2525 4520 2805 4581 propterea
2825 4522 3064 4568 coactam
3089 4514 3251 4569 fuisse
3272 4515 3511 4569 dicemus
3538 4516 3695 4574 illius

2096 4611 2485 4671 paupertatem.
2534 4603 2666 4658 Cum
2716 4619 2845 4674 ergo
2908 4605 3112 4661 videris
3163 4607 3303 4678 ligna
3347 4605 3689 4675 cadentem,

2095 4694 2291 4748 malleo
2336 4695 2669 4761 tundentem,
2703 4696 2920 4767 fuligine
2969 4698 3216 4767 tinctum,
3270 4714 3338 4755 ne
3381 4699 3502 4755 ideo
3545 4715 3692 4755 con-

2094 4793 2323 4851 temnas,
2355 4785 2447 4840 sed
2494 4785 2615 4841 ideo
2645 4788 2875 4842 mireris.
2916 4788 3047 4843 Nam
3079 4800 3133 4845 et
3160 4791 3349 4845 Petrus
3375 4792 3695 4848 succinctus

2094 4884 2231 4942 erat,
2257 4890 2510 4946 sagenam
2541 4877 2806 4931 tractabat
2843 4885 2897 4933 et
2939 4880 3245 4948 piscabatur
3281 4890 3401 4950 post
3429 4896 3693 4938 resurre-

2094 4968 2326 5022 ctionem
2360 4966 2592 5021 Domini.
2624 4967 2825 5038 Ecquid
2868 4968 2988 5024 dico
3031 4970 3293 5025 Petrum?
3326 4971 3525 5025 Paulus
3567 4972 3694 5040 ipse

2094 5066 2217 5128 post
2247 5072 2466 5113 emensa
2513 5066 2658 5112 tanta
2692 5068 2952 5113 terrarum
2995 5060 3186 5129 spatia,
3233 5068 3356 5131 post
3410 5069 3490 5114 tot
3537 5062 3693 5115 edita

2095 5135 2374 5211 miracula,
2413 5148 2465 5202 in
2505 5151 2854 5204 tentoriorum
2886 5150 3099 5206 ofﬁcina
3141 5161 3310 5218 stans,
3348 5151 3516 5222 pelles
3554 5168 3699 5207 eon-

2095 5242 2303 5306 suebat,
2336 5248 2388 5294 et
2417 5241 2804 5296 reverebantur
2827 5257 2948 5297 eum
2978 5244 3150 5314 angeli
3173 5252 3228 5298 et
3250 5252 3544 5298 trementes
3570 5245 3695 5297 dac~

2096 5346 2285 5388 mones
2308 5330 2668 5387 formidabant
2701 5351 2715 5385 :
2746 5348 2846 5388 nec
2875 5333 3107 5403 pudebat
3128 5334 3307 5390 dicere
3338 5352 3350 5387 :
3388 5332 3440 5386 Ν
3448 5335 3696 5387 ecessita-

2096 5427 2225 5480 tibus
2270 5441 2412 5490 meis,
2461 5434 2509 5477 et
2552 5425 2615 5478 iis
2654 5426 2741 5495 qui
2790 5442 2985 5480 mecum
3036 5435 3212 5491 erant,
3270 5428 3696 5481 ministrauerunt

2098 5536 2275 5576 manus
2302 5522 2412 5575 ista:
2446 5519 2580 5589 (Act.
2610 5520 2698 5574 20.
2742 5521 2855 5590 54).
2898 5521 3102 5591 Ecquid
3134 5522 3275 5588 dico,
3313 5537 3418 5576 non
3448 5520 3697 5590 pudebat

2096 5615 2260 5669 eum?
2291 5615 2347 5669 In
2390 5613 2493 5668 hoc
2522 5623 2671 5669 certe
2708 5614 2801 5668 ille
2830 5614 3068 5685 gloriaba
3100 5633 3178 5669 ur.
3222 5616 3415 5685 Ecquis
3454 5622 3557 5669 est.
3602 5614 3696 5665 in-

2099 5707 2273 5777 quies,
2306 5719 2449 5761 nunc
2491 5704 2653 5760 Paulo
2683 5705 2876 5761 virtute
2927 5706 3060 5777 par?
3085 5707 3210 5763 Scio
3248 5716 3302 5761 et
3339 5720 3437 5777 ego
3475 5703 3695 5758 nullum
