3838 6214
386 247 490 304 169

383 360 462 419 δὲ.
498 356 707 422 δεκαιος
741 355 809 410 ἀν
839 355 924 426 εῐη
957 352 1243 425 τιμᾶσθαι.
1274 355 1386 407 Καὶ
1417 352 1528 423 γὰρ
1563 352 1612 404 εἰ
1649 351 1959 422 στρατηγοῦ

385 446 478 496 καί
525 439 860 513 στρατιώτου
912 437 1072 509 ψιλοῦ
1114 434 1578 509 παραγενομένων
1615 435 1962 506 ἀμφοτέρων,

389 525 599 594 βασιλεῖ
614 524 783 593 φίλων
794 523 986 584 όντων,
1003 522 1066 574 σὺ
1085 521 1182 591 τὴν
1194 519 1372 572 οἰκίαν
1395 519 1676 590 ἑκατέροις
1697 519 1962 588 ἀνέῳξας,

385 610 475 663 διὰ
513 609 656 671 τίνος
700 607 899 678 μᾶλλον
933 604 1117 669 ἔδοξας
1141 603 1207 658 ἂν
1231 603 1326 656 τὸν
1362 599 1586 672 βασιλέα
1622 603 1822 672 τιμᾷν;
1861 601 1967 656 Εὑ-

387 693 546 764 δηλον
575 690 762 745 ὅτιδιά
797 689 889 744 τοῦ
915 685 1270 759 στρατιώτου.
1305 686 1366 739 '0
1403 684 1503 756 μὲν
1525 683 1635 755 γὰρ
1661 686 1967 756 στρατηγὸς

389 771 525 846 εἶχε,
540 775 758 845 καὶτῆς
781 773 875 827 τοῦ
903 770 1168 843 βασιλέως
1190 770 1374 840 φιλίας
1397 769 1587 841 χωρίς,
1617 768 1787 822 πολλὰ
1809 770 1968 823 ἰκανά

391 861 578 911 πεῖσαι
601 856 804 926 ταύτην
827 856 1130 926 παρασχεῖν
1153 852 1300 923 αὑτῷ
1326 851 1424 924 τὴν
1451 853 1618 922 τιμήν
1637 868 1650 882 ·
1673 853 1700 905 ό
1716 851 1772 904 δὲ
1800 869 1966 923 στρα-

391 939 592 1010 τιώτης
614 939 766 993 οὑδέν
795 939 1002 1010 ἕτερον,
1034 938 1067 1008 ἢ
1095 938 1194 1007 τὴν
1219 935 1312 990 τοῦ
1345 934 1609 1006 βασιλέως
1635 933 1838 1004 φιλίαν.
1870 935 1969 987 Διά

391 1023 550 1076 τοῦτο
576 1023 671 1075 καὶ
697 1021 904 1092 χωλοὺς
932 1021 1028 1074 καὶ
1058 1020 1377 1089 ἀναπήρους
1407 1017 1502 1070 καὶ
1527 1018 1656 1080 τοὺς
1684 1017 1784 1069 οὑκ
1818 1016 1969 1086 ἔχον-

391 1123 492 1170 τας
512 1105 837 1170 ἀντιδοῦναι,
867 1101 1153 1157 καλεῖσθαι
1181 1103 1273 1154 ἐπὶ
1299 1101 1367 1155 τὰ
1393 1100 1584 1154 δεῖπνα
1609 1099 1703 1153 καὶ
1732 1099 1798 1153 τὰ
1829 1117 1892 1152 συ
1903 1117 1969 1167 μ·-

395 1191 558 1245 πόσια
581 1188 741 1261 ἡμῶν
761 1187 1049 1242 ἐκέλευσεν
1073 1187 1103 1238 ό
1130 1184 1284 1248 Θεὸς,
1308 1184 1389 1237 δτι
1415 1177 1576 1238 αὑται
1605 1182 1839 1253 μάλιστα
1868 1200 1970 1244 xu-

397 1274 529 1348 ρίως
569 1273 710 1328 εἰσὶν
745 1272 803 1325 αἰ
833 1271 924 1325 διά
955 1270 1050 1324 τὸν
1081 1269 1214 1322 Θεὸν
1247 1267 1532 1348 γινόμεναι
1568 1266 1831 1320 εύποιίαι.
1872 1268 1972 1321 “Av

390 1345 452 1412 δέ
478 1357 650 1427 μέγαν
672 1353 794 1408 τινὰ
814 1353 910 1407 καὶ
931 1351 1292 1423 περίϐλεπτον
1313 1345 1550 1419 ξενίσῃς,
1575 1349 1673 1419 οὑχ
1701 1349 1844 1402 οὑτω
1872 1367 1971 1402 κα-

397 1439 540 1508 θαρά
578 1435 918 1508 ἐλεημοσύνη
963 1434 1025 1486 τὸ
1064 1432 1369 1502 γινόμενον’
1410 1429 1547 1484 ἀλλὰ
1592 1430 1877 1502 μερίζεται
1916 1447 1972 1508 τι

399 1507 538 1588 πρὸς
582 1520 642 1571 σέ
675 1507 769 1572 καὶ
797 1514 1070 1579 κενοδοξία
1113 1513 1404 1576 πολλάκις,
1451 1513 1548 1565 καὶ
1591 1513 1652 1565 τὸ
1681 1512 1875 1565 παθεῖν
1909 1507 1970 1566 εὖ

397 1601 492 1654 καὶ
521 1600 920 1670 ἐπισημότερον
946 1596 1159 1659 πολλοῖς
1187 1597 1254 1648 δι’
1286 1596 1496 1648 ἐκεῖνον
1526 1594 1795 1662 γίνεσθαι.
1835 1594 1973 1647 Πολ-

396 1682 522 1747 λοὺς
549 1681 679 1750 γοῦν
709 1681 885 1751 ἔχοιμι
911 1680 975 1733 ἂν
1002 1678 1267 1743 ἐπιδεῖξαι
1291 1677 1385 1730 καὶ
1407 1676 1494 1728 διὰ
1517 1674 1674 1728 τοῦτο
1698 1675 1825 1738 τοὺς
1851 1677 1974 1728 ἐπι⁴

397 1767 733 1836 σημοτέρους
758 1764 868 1817 τῶν
904 1763 1074 1828 ἁγίων
1113 1759 1540 1832 θεραπεύοντας,
1574 1759 1661 1811 ἵνα
1692 1759 1788 1811 καὶ
1821 1757 1975 1829 παρά

394 1851 620 1920 ἄρχουσι
641 1848 886 1910 πλείονος
904 1847 971 1898 δι’
1002 1845 1227 1897 ἐκείνων
1253 1843 1609 1896 ἀπολαύσωσι
1635 1843 1971 1913 παρρησίας,

395 1934 488 1986 καὶ
516 1934 630 1995 τοῖς
670 1930 850 1984 αὑτῶν
885 1929 1175 1999 πράγμασι
1217 1927 1313 1980 καὶ
1343 1928 1465 1988 ταῖς
1495 1925 1695 1988 οἰκίαις
1725 1923 1974 1978 ἐντεῦθεν

397 2014 804 2086 χρησιμώτεροι
843 2012 1124 2082 γίνωνται·
1169 2009 1265 2062 καὶ
1311 2007 1511 2071 πολλὰς
1561 2007 1819 2072 τοιαύτας
1850 2009 1978 2071 τοὺς

398 2097 588 2166 ἁγίους
615 2096 859 2158 ἐκείνους
887 2092 1180 2148 ἀπαιτοῦσι
1212 2091 1462 2162 χάριτας
1493 2091 1630 2162 ὅπερ
1665 2091 1849 2152 αὐτοῖς
1879 2089 1975 2143 λυ-

395 2180 653 2252 μαίνεται
679 2179 778 2248 τῆς
821 2175 1127 2247 φιλοξενίας
1161 2173 1257 2242 τὴν
1304 2173 1571 2226 ἀντίδοσιν
1593 2212 1609 2236 ,
1635 2174 1762 2226 ὅταν
1807 2171 1978 2243 αὑτὴν

1061 237 1120 294 s.
1155 233 1444 294 JOANNIS
1480 230 1967 290 cnmrsos'rom
2007 230 2331 288 ARCHIEP.
2372 190 2962 290 consnumov.‘

3536 239 3638 296 170

2065 350 2260 422 γνώμῃ
2283 349 2509 424 τοιαύτῃ
2541 348 2790 420 μετίωσι.
2816 347 2931 404 Καὶ
2954 348 3008 403 τί
3031 347 3139 421 χρὴ
3165 347 3352 417 λέγειν
3381 353 3512 422 περὶ
3543 353 3649 408 τῶν

2064 433 2238 501 ἀγίων
2277 431 2476 497 τοῦτο;
2521 433 2582 484 '0
2622 431 2734 503 γάρ
2766 431 2919 503 παρὰ
2951 431 3045 485 τοῦ
3097 431 3236 484 Θεοῦ
3279 432 3382 490 τὰς
3415 435 3649 503 ἀμοιϐἀς

2067 516 2178 569 τῶν
2207 515 2385 569 πόνων
2416 514 2654 568 ἐνταῦθα
2683 514 2884 584 ζητῶν,
2914 515 3012 567 καὶ
3036 515 3127 568 διὰ
3154 514 3224 568 τά
3253 514 3500 586 παρόντα
3529 534 3652 586 μετ-

2070 597 2164 652 ιὼν
2191 597 2415 670 ἀρετὴν,
2449 597 2766 667 ἠλάττωσεν
2796 596 2962 651 αὑτοῦ
2998 597 3090 650 τὸν
3133 597 3327 668 μισθόν
3349 615 3363 626 ·
3391 600 3422 650 ὁ
3444 599 3502 652 δέ
3543 600 3654 652 ὁλο-

2067 681 2303 752 κλήρους
2328 680 2578 734 ἀπαιτῶν
2624 682 2744 734 ἐκεῖ
2789 679 2917 743 τοὺς
2952 682 3289 749 στεφάνους,
3339 681 3479 735 πολὺ
3529 682 3655 736 θαυ-

2071 765 2408 836 μαστότερος
2444 764 2718 834 φαίνεται,
2752 764 2894 819 κατά
2921 763 3016 818 τὸν
3045 764 3298 836 Λάζαρον
3324 766 3540 818 ἐκεῖνον
3566 765 3654 819 τὸν

2069 847 2252 902 πάντα
2310 847 2427 901 ἐκεῖ
2476 847 2941 918 ἀπολαμϐάνοντα
2982 846 3052 900 τὰ
3089 848 3305 914 ἀγαθὰ,
3354 849 3498 903 κατά
3532 850 3654 913 τοὺς

2070 931 2266 994 παῖδας
2290 932 2418 994 τοὺς
2448 933 2620 1002 τρεῖς,
2662 930 2711 984 οῖ
2750 931 3038 1000 μέλλοντες
3063 931 3142 994 εἰς
3177 932 3276 1001 τὴν
3300 933 3533 1001 κάμινον
3558 933 3651 1000 ἐμο

2071 1015 2314 1078 πίπτειν,
2346 1013 2556 1083 ἔλεγον,
2579 1015 2661 1068 ὅτι
2691 1013 2867 1068 Ἐστι
2892 1013 3036 1080 Θεὸς
3057 1013 3126 1067 ἐν
3147 1014 3429 1082 οὐρανοῖς
3455 1016 3655 1082 ἱκανὸς

2069 1097 2387 1162 ἐξελέσθαι
2416 1095 2594 1166 ἡμᾶς’
2629 1097 2727 1150 καί
2755 1097 2866 1150 ἐὰν
2891 1095 2978 1172 μὴ
2999 1137 3014 1161 ,
3043 1097 3319 1165 γνωστὸν
3346 1097 3505 1150 ἔστω
3537 1113 3651 1159 σοι.

2066 1179 2356 1244 βασιλεῦ,
2387 1177 2474 1232 ὅτι
2508 1177 2634 1244 τοῖς
2665 1178 2824 1244 θεοῖς
2869 1193 2988 1232 σου
3033 1180 3107 1232 οὐ
3134 1180 3533 1247 λατρεύομεγ,
3563 1179 3655 1232 καὶ

2071 1260 2148 1332 τῇ
2169 1265 2359 1317 εἰκόνι
2379 1261 2454 1330 τῇ
2477 1260 2680 1331 χρυσῇ
2705 1256 2744 1332 ᾖ
2760 1261 3050 1327 ἕστησας.
3076 1263 3148 1315 οὐ
3169 1262 3652 1330 προσκυνοῦμεν

2072 1346 2214 1400 κατά
2255 1345 2347 1398 τὸν
2398 1345 2679 1414 Ἀϐραὰμ,
2723 1344 2784 1407 ὃς
2826 1346 2922 1398 καὶ
2969 1346 3215 1414 ἀνήγαγε
3267 1344 3362 1398 τὸν
3406 1345 3526 1397 υἰδν
3567 1346 3656 1400 καὶ

2074 1427 2311 1496 ἔσφαξε,
2346 1428 2442 1482 καὶ
2479 1426 2652 1480 ταῦτα
2683 1428 2784 1480 οὑκ
2830 1428 2925 1482 ἐπὶ
2977 1427 3154 1497 μισθῷ
3201 1444 3311 1480 τινι
3366 1427 3653 1498 ἔπραττεν,

2072 1510 2212 1564 ἀλλά
2237 1509 2365 1579 μίαν
2392 1508 2696 1579 ἡγούμενος
2716 1509 2979 1579 μεγίστην
3003 1508 3262 1579 ἀμοιϐὴν,
3285 1509 3348 1563 τὸ
3366 1510 3657 1564 ὑπακούειν

2071 1592 2152 1662 τῷ
2188 1591 2454 1662 Δεσπότῃ.
2504 1590 2743 1654 Τούτους
2785 1590 2880 1644 καὶ
2919 1592 3082 1668 ῂμεῖς
3137 1590 3460 1661 μιμώμεθα.
3507 1592 3657 1645 Οῦτω

2071 1675 2180 1746 γὰρ
2206 1675 2300 1727 καὶ
2333 1673 2562 1743 δαψιλὴς
2591 1676 2626 1745 ἡ
2661 1672 2938 1736 ἀντίδοσις
2967 1676 3102 1743 ἡμῖν
3129 1674 3249 1745 ἥξει
3277 1674 3387 1727 τῶν
3411 1674 3654 1743 ἀγαθῶν,

2073 1756 2155 1809 δτι
2191 1755 2329 1824 μετὰ
2357 1754 2613 1825 τοιαύτης
2659 1757 2875 1809 ἅπαντα
2917 1756 3233 1827 πράττομεν
3275 1756 3542 1827 γνώμης,
3575 1758 3659 1810 καὶ

2073 1839 2477 1908 λαμπροτέρων
2525 1837 2928 1907 ἐπιτευξόμεθα
2980 1841 3293 1908 στεφάνων⁹
3335 1833 3413 1894 ὧν
3455 1841 3659 1907 γένοιτο

2075 1920 2288 1982 πάντας
2316 1922 2463 1991 ἡμᾶς
2484 1923 2788 1990 ἐπιτυχεῖν,
2813 1921 2999 1991 χάριτι
3028 1925 3125 1976 καὶ
3155 1922 3546 1994 φιλανθρωπίᾳ
3572 1920 3658 1976 τοῦ

2072 2003 2285 2073 Κυρίου
2319 2003 2478 2072 ἡμῶν
2545 2004 2722 2074 Ἰησοῦ
2757 2004 3034 2075 Χριστοῦ,
3093 2007 3211 2076 μεθ’
3254 1998 3316 2060 οῦ
3365 2005 3446 2076 τῷ
3493 2007 3662 2074 Πατρὶ

2081 2087 2200 2156 ἅμα
2229 2085 2309 2155 τῷ
2342 2087 2483 2157 ἁγίῳ
2514 2085 2796 2156 Πνεύματι
2819 2086 2967 2153 δόξα,
2998 2089 3220 2158 κράτος,
3251 2089 3418 2158 τιμὴ,
3454 2088 3555 2142 νῦν
3578 2090 3662 2141 καὶ

2082 2169 2191 2232 ἀεὶ,
2229 2169 2322 2222 καὶ
2349 2171 2432 2232 εἰς
2455 2169 2583 2233 τοὺς
2611 2168 2814 2232 αἰῶνας
2844 2170 2952 2223 τῶν
2981 2170 3214 2227 αἰώνων.
3251 2172 3448 2242 ’Δμήν.

1735 2366 1738 2368 ⁷
1808 2375 1960 2450 [179]
1996 2380 2240 2435 OMIAIA
2283 2383 2418 2438 KA'.

401 2479 528 2534 Οὐκ
569 2477 685 2547 εἰμί
726 2475 1104 2547 ἀπόστολος
1144 2475 1262 2547 οὐκ,
1303 2473 1417 2542 εἰμί
1441 2473 1810 2547 -ὲέεύρεροα
1843 2473 1979 2547 οὺχί

484 2542 728 2614 Ἰησοῦν
754 2544 1017 2612 Χριστὸν
1039 2544 1149 2614 τὸν
1184 2545 1400 2612 Κύριον
1420 2542 1588 2611 ἡμῶν
1612 2543 1842 2610 ἑώρακα
1857 2559 1876 2607 ;
1907 2546 1980 2597 οὺ

347 2673 362 2679 ,
477 2612 752 2686 τὸέργον
775 2633 895 2685 μου
931 2612 1100 2683 ὑμεῖς
1126 2612 1266 2667 ἐστε
1289 2616 1358 2666 ἐν
1381 2615 1613 2681 Κιγιίῳ;

481 2735 552 2782 α’.
571 2724 789 2796 Ἐπειδὴ
814 2719 986 2788 εἶπεν,
1001 2723 1084 2776 ὅτι
1113 2722 1249 2775 Ἐὰν
1267 2722 1478 2791 ,βρῶμα
1493 2722 1858 2791 σκανδαλίζῃ
1877 2725 1984 2778 τὸν

401 2809 673 2879 ἀδελφόν
709 2826 851 2878 μου,
883 2808 956 2861 οὑ
983 2806 1072 2876 μὴ
1103 2805 1270 2874 φάγω
1312 2803 1454 2872 κρέα
1485 2807 1573 2871 εἰς
1621 2805 1729 2860 τὸν
1773 2804 1978 2870 αἰῶνα,

402 2897 541 2966 ὅπερ
559 2907 583 2934 ι
602 2891 701 2946 οὑκ
729 2887 796 2960 ἦν
827 2890 926 2961 μὲν
960 2887 1301 2958 πεποιηκὼς,
1320 2887 1590 2958 ὑπέσχετο
1619 2888 1676 2940 δὲ
1707 2889 1980 2960 ποιήσειν,

404 2979 454 3031 εἰ
488 2975 645 3048 χρεία
677 2972 967 3038 ἀπαιτοίη·
1001 2972 1090 3024 ἵνα
1124 2971 1197 3041 μή
1229 2987 1312 3034 τις
1344 2969 1500 3042 λέγῃ,
1531 2970 1614 3023 δτι
1662 2971 1985 3040 Κομπάζεις

403 3061 549 3131 εἰκῆ,
587 3060 679 3114 καί
717 3056 1031 3128 φιλοσοφεῖς
1057 3055 1115 3106 ἐν
1143 3054 1351 3122 λόγοις,
1380 3054 1475 3106 καὶ
1502 3054 1736 3125 ὑπισχνῇ
1773 3055 1862 3108 διὰ
1887 3057 1988 3126 ρη-

407 3145 615 3216 μάτων,
641 3142 670 3194 ὃ
695 3141 788 3196 καὶ
819 3141 944 3210 ἐμοὶ
973 3139 1068 3192 καὶ
1095 3137 1174 3208 τῷ
1209 3137 1343 3190 δεῖνι
1384 3135 1604 3190 εὔκολον
1628 3151 1642 3164 ⁸
1669 3139 1719 3190 εἰ
1744 3138 1852 3210 γὰρ
1878 3139 1986 3192 ἀπὸ

403 3228 583 3298 ψυχῆς
637 3223 809 3279 ταῦτα
855 3223 1059 3291 λέγεις,
1106 3219 1276 3284 δεῖξον
1318 3219 1408 3272 διὰ
1457 3219 1565 3272 τῶν
1612 3219 1792 3290 ἔργων
1842 3221 1986 3286 τίνος

406 3309 820 3380 κατεφρόνησας
850 3305 995 3375 ὑπὲρ
1015 3303 1111 3356 τοῦ
1141 3303 1216 3372 μὴ
1248 3303 1598 3356 σκανδαλίσαι
1623 3303 1713 3356 τὸν
1736 3304 1982 3374 ἀδελφόν·

407 3393 495 3446 διὰ
524 3390 680 3444 τοῦτο
712 3387 1082 3456 ἀναγκάζεται
1107 3384 1294 3436 λοιπὸν
1316 3387 1395 3447 εἰς
1423 3386 1520 3454 τὴν
1550 3385 1825 3451 ἀπόδειξιν
1866 3387 1988 3441 τού-

409 3492 517 3528 των
539 3473 807 3536 καθεῖναι,
832 3471 927 3523 κα“ι
952 3469 1123 3533 δεῖξαι
1156 3467 1271 3530 πῶς
1299 3468 1394 3522 καὶ
1427 3469 1537 3520 τῶν
1559 3471 1989 3542 συγκεχωρημέ-

411 3575 518 3610 νων
557 3554 815 3624 ἀπείχετο
853 3553 995 3622 ὑπὲρ
1039 3550 1134 3603 τοῦ
1162 3550 1238 3620 μὴ
1273 3550 1656 3618 σκανδαλίσαι,
1707 3555 1883 3608 καίτοι
1923 3572 1988 3623 γε

411 3638 624 3703 οὐδενὸς
656 3637 818 3690 αὑτὸν
847 3635 1005 3689 τοῦτο
1031 3633 1542 3703 καταναγκάζοντος
1572 3636 1758 3707 νόμου.
1788 3639 1897 3692 Καὶ
1927 3640 1987 3692 οὑ

410 3721 570 3777 τοῦτό
591 3738 677 3774 πω
708 3718 1044 3789 θαυμαστὸν,
1072 3717 1276 3787 καίπερ
1301 3717 1360 3770 δν
1389 3717 1702 3789 θαυμαστὸν
1721 3759 1738 3784 ,
1765 3721 1847 3774 ὅτι
1878 3721 1988 3777 τῶν

415 3802 923 3874 συγκεχωρημένων
971 3801 1250 3869 ἀπείχετο,
1296 3800 1356 3853 οὑ
1393 3800 1553 3870 μόνον
1595 3802 1736 3874 ὑπὲρ
1773 3801 1868 3856 τοῦ
1912 3804 1988 3875 μὴ

415 3886 787 3948 σκανδαλίσαι,
817 3884 931 3938 ἀλλ’
953 3884 1037 3937 δτι
1061 3886 1156 3936 καὶ
1184 3881 1323 3954 μετά
1353 3883 1548 3938 πολλοῦ
1576 3885 1668 3940 τοῦ
1704 3886 1868 3940 πόνου
1893 3888 1989 3941 καλ⁸

413 3967 509 4024 τοῦ
541 3969 787 4022 κινδύνου
815 3965 975 4020 τοῦτο
1003 3965 1202 4019 ἐποίει.
1238 3966 1304 4020 Τί
1331 3965 1484 4039 γάρδ
1519 3969 1624 4038 χρὴ
1653 3969 1832 4038 λέγειν
1862 3971 1991 4042 περίΙ

412 4053 526 4108 τῶν
548 4049 916 4106 εἰδωλοθύτων
940 4065 955 4112 ;
986 4048 1139 4118 φησί’
1165 4047 1273 4102 Τοῦ
1299 4048 1408 4122 γὰρ
1432 4050 1668 4121 Χριστοῦ
1698 4054 1991 4121 ὲπιτάξαν-

416 4153 508 4199 τος
543 4136 670 4198 τοὺς
706 4134 764 4188 τὺ
794 4131 1130 4200 Εὐαγγέλιον
1165 4131 1530 4202 κηρύττοντας
1574 4135 1639 4189 ἐκ
1665 4135 1774 4189 τῶν
1815 4137 1992 4209 μαθη-

415 4218 722 4290 τευομένων
744 4217 864 4287 ζῇν,
889 4214 1000 4284 ἐγὼ
1024 4214 1182 4268 τοῦτο
1205 4217 1306 4269 οὑκ
1332 4218 1585 4287 ἐποίησα·
1611 4217 1726 4271 ἀλλ’
1745 4219 1988 4291 εἱλόμην,

415 4302 466 4356 εἰ
486 4301 615 4366 δέοι,
650 4301 742 4354 καὶ
770 4298 913 4370 λιμῷ
942 4297 1245 4352 καταλῦσαι
1277 4298 1370 4352 τὸν
1405 4299 1540 4370 βίον,
1577 4301 1669 4354 καί
1701 4301 1792 4356 τὸν
1827 4303 1990 4374 χαλε-

415 4383 666 4442 πώτατον
701 4382 931 4437 θάνατον
970 4380 1284 4447 ἀποθανεῖν,
1327 4381 1468 4435 ὥστε
1509 4382 1584 4454 μὴ
1617 4382 1801 4439 λαϐεῖν
1843 4384 1994 4457 παρά

413 4468 524 4522 τῶν
544 4464 992 4537 κατηχουμένων·
1021 4463 1122 4518 οὑκ
1145 4464 1333 4534 ἐπειδὴ
1361 4465 1808 4532 σκανδαλίζεσθαι
1834 4467 1995 4539 ἔμελ-

412 4550 528 4612 λον,
561 4551 610 4603 εἰ
645 4549 722 4620 μὴ
754 4545 930 4613 λάϐοι,
955 4547 1071 4600 ἀλλ’
1093 4547 1284 4618 ἐπειδὴ
1303 4548 1724 4619 οἰκοδομεῖσθαι,
1755 4550 1785 4603 ὃ
1812 4549 1994 4622 πολλῷ

416 4633 580 4687 πλέον
627 4627 716 4702 ἦν.
752 4630 866 4686 Καὶ
904 4627 1100 4684 τούτου
1145 4630 1428 4703 μάρτυρας
1470 4632 1668 4696 αὐτοὺς
1704 4634 1784 4696 εἰς
1830 4634 1994 4704 μέσον

417 4715 683 4787 παράγει,
735 4712 868 4786 παρ’
913 4707 994 4777 οἷς
1038 4713 1133 4766 καί
1181 4713 1551 4784 ἐργαζόμενος
1587 4716 1681 4768 καὶ
1710 4714 1996 4787 λιμώττων

418 4795 540 4867 ἔζη,
576 4798 667 4852 καί
699 4798 828 4868 παρ’
858 4797 1062 4868 ἐτέρων
1102 4795 1456 4866 τρεφόμενος,
1493 4797 1589 4850 καὶ
1633 4801 1998 4872 στενοχωρού-

423 4896 608 4952 μενος,
644 4879 784 4932 ὥστε
813 4879 888 4950 μὴ
924 4877 1287 4956 σκανδαλίσαι,
1311 4877 1528 4942 αὐτούς’
1562 4881 1742 4934 καίτοι
1769 4898 1833 4950 γε
1872 4884 1995 4956 εἱκῆ

421 4961 884 5027 ἐσκανδαλίζοντοο
910 4961 1073 5031 νόμον
1095 4961 1206 5034 γὰρ
1232 4955 1385 5025 οὗτος
1412 4961 1649 5034 ἐπλήρου
1668 4980 1682 4994 ο
1709 4964 1825 5018 ἀλλ’
1848 4955 1996 5038 ὅμως

420 5049 488 5101 ἐκ
516 5045 831 5116 περιουσίας
862 5044 1039 5097 αὑτῶν
1071 5044 1332 5113 ἐφείδετο.
1361 5046 1425 5099 Εἰ
1459 5044 1515 5098 δὲ
1543 5046 1684 5117 ὑπὲρ
1713 5047 1804 5101 τὸν
1835 5049 1998 5120 νόμον

423 5129 683 5199 ἐποίησεν
711 5127 894 5190 αὐτὸς,
922 5127 1010 5180 ἵνα
1038 5126 1112 5197 μὴ
1143 5126 1593 5196 σκανδαλισθῶσι,
1621 5130 1716 5184 καὶ
1740 5130 1848 5186 τῶν
1878 5133 2001 5185 ἐπι-

393 5211 820 5287 ξτετραμμένων
855 5209 1116 5287 ἀπείχετο
1145 5213 1223 5274 εἰς
1255 5212 1546 5283 οἰκοδομὴν
1579 5213 1816 5287 ἐτέρων,
1855 5217 2002 5282 τίνος

392 5284 492 5389 ἱᾶν
521 5289 632 5347 εἰεν
663 5293 800 5388 ἄξιοι
824 5283 974 5388 οὗτοι
1081 5292 1190 5344 τῶν
1218 5293 1579 5387 εἰδωλοθύτων
1613 5283 1688 5368 μή
1723 5299 2001 5370 ἀπεχόμε-

425 5395 527 5439 νοι,
565 5379 659 5431 καὶ
687 5377 858 5432 ταῦτα
889 5376 1100 5430 πολλῶν
1127 5376 1376 5430 ἐντεῦθεν
1407 5380 1813 5452 ἀπολλυμένων,
1845 5385 1874 5437 δ
1907 5385 2004 5438 καὶ

424 5461 593 5532 χωρίς
621 5459 714 5514 τοῦ
756 5460 1056 5514 σκανδάλου
1091 5462 1282 5530 φυγεῖν
1315 5460 1422 5514 ἔδει
1450 5461 1537 5516 διὰ
1579 5465 1641 5518 τὸ
1672 5466 1779 5520 τῶν
1814 5467 2005 5538 δαιμό-

489 5593 514 5621 ι
542 5593 612 5664 ιφ
640 5593 758 5664 Βςε.
785 5593 930 5664 be_ne_.
960 5595 1010 5644 In
1037 5594 1192 5664 [Ediljs
1221 5595 1335 5664 ὅπερ
1354 5596 1514 5664 (ἰοῦσι.
1562 5597 1700 5664 -ξιγίγιςι
1726 5599 1846 5664 Reg.
1871 5602 2002 5654 Edili

421 5666 562 5730 ven),
578 5656 810 5730 ῥπείχετο
830 5659 947 5720 ὑπὲρ
977 5657 1064 5730 τοῦ
1091 5659 1156 5730 μή
1186 5656 1532 5730 σξᾳνδαλῇαιχ
1555 5662 1658 5709 ἀλλ’
1685 5664 1757 5711 ὅτι
1784 5656 1862 5714 [ai
1884 5668 2002 5727 μετὰ

425 5717 605 5768 πολλοῦ
638 5717 728 5768 τοῦ
746 5720 890 5768 πόνου
912 5717 993 5768 καὶ
1033 5717 1119 5769 τοῦ
1141 5721 1367 5770 κινδύνου.
1396 5721 1452 5770 Τί
1477 5722 1579 5785 γάρ.

2081 2493 2188 2530 νων
2209 2472 2349 2530 εἶναι
2376 2478 2475 2550 τὴν
2502 2477 2784 2547 τράπεζαν
2806 2493 2821 2544 ;
2849 2478 2923 2532 Τὸ
2953 2479 3052 2548 μὲν
3076 2475 3169 2534 οῦν
3197 2480 3496 2548 κεφάλαιον
3525 2483 3661 2536 ἀπαν

2079 2559 2240 2612 τοῦτό
2271 2561 2441 2625 ἐστιν,
2471 2561 2500 2613 ὃ
2527 2559 2618 2614 διὰ
2648 2561 2859 2616 πολλῶν
2893 2563 3188 2633 ἐργάζεται
3233 2565 3450 2634 στίχων.
3489 2568 3585 2617 Δεῖ
3607 2567 3658 2619 δὲ

2081 2641 2290 2696 ἀνωθεν
2322 2641 2634 2707 ἐπεξελθεῖν
2667 2646 2782 2709 τοῖς
2813 2646 3217 2716 προκειμένοις.
3252 2648 3389 2700 υὺδέ
3421 2648 3537 2717 γὰρ
3572 2665 3660 2700 σα-

2083 2724 2200 2793 φῶς
2228 2725 2362 2778 αὑτὸ
2385 2725 2579 2791 οῦτως,
2604 2726 2795 2798 ὥσπερ
2829 2721 3001 2793 εἶπον,
3023 2729 3290 2795 τέθεικεν,
3314 2729 3432 2782 οὑδὲ
3457 2729 3661 2792 εὐθέως

2083 2805 2232 2878 αὑτῷ
2251 2807 2516 2879 ἐπιπηδᾷ,
2547 2808 2663 2862 ἀλλ’
2693 2809 2961 2882 ἐτέρωθεν
2983 2809 3273 2882 ἀρχεταιε,
3303 2811 3446 2864 οὑτω
3465 2813 3660 2880 λέγων’

2088 2891 2210 2944 Οὐκ
2238 2889 2354 2958 εἰμί
2379 2891 2764 2958 άπόστολοςς
2791 2891 2948 2947 Μετά
2971 2893 3081 2964 γάρ
3109 2893 3219 2946 τῶν
3245 2893 3560 2964 εἰρημένων
3581 2895 3665 2948 καὶ

2085 2970 2225 3043 αῦτη
2271 2973 2332 3027 οὑ
2372 2973 2549 3045 μικρά
2578 2974 2845 3046 διαφορὰ,
2875 2975 2938 3028 τὸ
2981 2976 3077 3030 καὶ
3127 2975 3340 3030 Παῦλον
3387 2971 3540 3030 εἶναι
3583 2977 3665 3029 τὸν

2085 3054 2258 3108 ταῦτα
2291 3056 2568 3112 ποιοῦντα.
2593 3057 2712 3110 ἰνα
2744 3056 2854 3130 γάρ
2886 3057 2961 3129 μὴ
2989 3057 3224 3127 λέγωσιν
3245 3099 3261 3124 ,
3288 3059 3368 3112 δτι
3415 3059 3665 3124 Ἔξεστιν

2087 3137 2459 3206 ἀπογεύεσθαι
2488 3137 2866 3210 σφραγίζοντι,
2889 3139 3026 3204 τέως
3047 3141 3147 3208 μὲν
3169 3131 3268 3210 οὑχ
3294 3140 3518 3194 ἵσταται
3543 3142 3667 3210 πρὸς

2086 3219 2265 3285 τοῦτο,
2297 3221 2434 3276 ἀλλὰ
2463 3221 2636 3290 λέγει,
2673 3224 2756 3276 δτι
2794 3223 2859 3276 Εἰ
2892 3223 2988 3279 καὶ
3008 3224 3156 3294 ἐξῆν,
3193 3224 3294 3277 οὑκ
3322 3225 3428 3278 ἔδει
3457 3224 3556 3277 διὰ
3581 3227 3668 3295 τὴν

2091 3303 2299 3375 βλάϐην
2325 3304 2434 3357 τῶν
2465 3304 2711 3375 ἀδελφῶν
2734 3303 2892 3360 τοῦτο
2919 3309 3112 3358 ποιεῖν’
3138 3305 3359 3378 ὕστερον
3383 3307 3443 3359 δέ
3465 3307 3669 3361 δείκνυ-

2091 3404 2175 3440 σιν
2221 3387 2303 3440 ὅτι
2336 3387 2460 3441 οὑδέ
2507 3387 2708 3452 ἔξεστι.
2745 3388 2860 3441 Νῦν
2895 3389 3081 3461 μέντοι
3114 3389 3176 3443 τὸ
3205 3390 3467 3461 πρότερον
3506 3407 3669 3443 καταο

2091 3470 2344 3535 σκευάζει
2367 3471 2476 3525 ἀπὸ
2503 3471 2611 3524 τῶν
2632 3471 2758 3526 καθ’
2781 3471 2994 3526 ἐαυτόνο
3014 3471 3108 3526 καὶ
3132 3471 3338 3544 μέλλων
3359 3473 3490 3541 λέγε
3501 3491 3572 3537 ιν,
3597 3475 3668 3526 δτι

2089 3553 2240 3607 οὑδέν
2290 3555 2420 3625 παρ’
2460 3553 2641 3608 αὐτῶν
2693 3553 2842 3628 [180]
2884 3554 3098 3622 ἔλαϐεν,
3147 3556 3250 3609 οὑκ
3291 3555 3498 3618 εὐθέως
3552 3556 3671 3608 αὐτὸ

2089 3637 2324 3709 τίθησιν,
2357 3637 2496 3690 ἀλλὰ
2517 3637 2585 3691 τὸ
2627 3637 2847 3708 ἀξίωμα
2883 3637 3050 3692 αὑτοῦ
3085 3637 3302 3710 πρῶτον
3330 3637 3484 3706 λέγει
3506 3654 3526 3668 ο
3562 3641 3671 3693 Οὐκ

2095 3719 2208 3790 είμί
2239 3721 2620 3787 ἀπόστολοω
2643 3723 2756 3774 οὐκ
2783 3720 2900 3789 είμί
2922 3721 3276 3788 ἐλεύθερος-ς
3309 3720 3429 3774 Ἰνα
3461 3721 3579 3791 γὰρ
3606 3722 3671 3791 μὴ

2095 3801 2361 3871 λέγωσιν,
2394 3802 2477 3857 ὄτι
2514 3804 2580 3856 Εἰ
2624 3803 2720 3858 καὶ
2760 3805 2833 3874 μὴ
2867 3803 3082 3868 ἔλαϐες,
3112 3803 3300 3874 ἐπειδὴ
3326 3802 3448 3866 ἐξὸν
3484 3803 3566 3875 μὴ
3592 3799 3670 3875 ἦν,

2095 3886 2197 3940 οὑκ
2224 3885 2438 3950 ἔλαϐες,
2471 3885 2560 3940 διὰ
2583 3885 2744 3938 τοῦτο
2770 3885 2985 3956 πρῶτον
3013 3885 3196 3956 τίθησι
3233 3885 3330 3949 τὰς
3362 3885 3556 3950 αἰτίας
3577 3927 3592 3950 ,
3613 3887 3671 3939 δι’

2097 3968 2162 4034 ἃς
2191 3968 2428 4036 εὐλόγως
2451 3967 2517 4022 ἂν
2549 3968 2762 4033 ἔλαϐεν,
2791 3967 2950 4040 εἴπερ
2985 3969 3237 4022 ἐϐούλετο
3259 3968 3467 4022 λαϐεῖν.

2168 4048 2303 4106 Εἶτα
2320 4052 2407 4106 ἵνα
2429 4051 2504 4123 μὴ
2523 4050 2651 4122 δόξῃ
2669 4051 2795 4116 τοὺς
2816 4068 2882 4104 πε
2891 4051 2945 4123 ρί
2966 4052 3174 4123 Πέτρον
3188 4051 3499 4105 διαϐάλλων
3515 4049 3672 4105 ταῦτα

2097 4135 2277 4204 λέγειν
2302 4134 2436 4205 (καὶ
2460 4134 2570 4206 γάρ
2592 4133 2900 4206 ἐλάμϐανον
2923 4134 3168 4205 ἐκεῖνοι),
3187 4133 3453 4206 πρότερον
3474 4134 3672 4187 δείκνυ-

2101 4235 2205 4283 σιν,
2233 4218 2285 4271 τί
2307 4217 2435 4288 ἐξῆν
2460 4219 2692 4281 ἐκείνοις
2717 4215 3038 4288 λαμϐάνεινο
3064 4211 3181 4270 εἶτα
3207 4217 3295 4270 ῖνα
3322 4217 3394 4287 μή
3418 4233 3508 4280 τις
3531 4218 3670 4287 εῖπῃ,

2098 4301 2180 4354 ὅτι
2213 4299 2406 4370 Πέτρῳ
2437 4299 2534 4371 μὲν
2560 4299 2687 4370 ἐξῆν
2711 4299 3033 4371 λαμϐάνειν,
3059 4299 3142 4352 σοὶ
3168 4299 3225 4372 δέ
3243 4300 3343 4352 οὑκ
3367 4298 3522 4369 ἐξῆν,
3548 4315 3673 4367 προ-

2101 4382 2512 4453 καταλαμϐάνει
2535 4382 2626 4436 τὸν
2646 4382 2924 4455 ἀκροατὴν
2945 4387 3058 4446 τοῖς
3086 4383 3379 4454 ἐγκωμίοις
3409 4385 3533 4446 τοῖς
3556 4382 3672 4454 περὶ

2101 4467 2315 4522 ἑαυτοῦ.
2347 4467 2459 4521 Καὶ
2476 4465 2618 4538 δρῶν
2644 4467 2892 4538 ἀνάγκην
2918 4463 3086 4521 οὖσαν
3111 4467 3304 4521 ἐαυτὸν
3329 4469 3672 4536 ἐγκωμιάσαι

2103 4549 2285 4619 (οὑτω
2328 4549 2437 4621 γὰρ
2473 4549 2754 4620 Κορίνθιοι
2784 4548 3170 4622 διωρθοῦντο),
3208 4549 3304 4604 καὶ
3345 4549 3521 4620 μηδὲν
3558 4548 3670 4619 βου-

2101 4632 2326 4704 λόμενος
2367 4633 2510 4703 μέγα
2537 4633 2666 4703 περὶ
2691 4632 2887 4688 ἑαυτοῦ
2916 4634 3124 4696 εἰπεῖν,
3160 4633 3261 4704 δρα
3293 4631 3406 4696 πῶς
3437 4631 3670 4702 ἀμφοτέ-

2105 4732 2220 4786 ροις
2261 4716 2344 4779 εἰς
2376 4714 2494 4769 δέον
2525 4715 2812 4787 κέχρηται,
2864 4714 3118 4770 τοσοῦτον
3166 4715 3360 4769 ἐαυτὸν
3412 4713 3668 4776 ἐπαινῶν,

2102 4801 2201 4871 οὐχ
2228 4799 2352 4853 ὅσον
2382 4797 2558 4868 ἐαυτῷ
2598 4797 2838 4868 συνῄδει,
2869 4799 2985 4853 ἀλλ’
3025 4799 3150 4853 ὅσον
3186 4797 3386 4870 ἀπῄτει
3421 4799 3529 4870 τῆς
3553 4815 3670 4868 προ-

2105 4882 2365 4954 κειμένης
2391 4881 2700 4944 ὑποθέσεως
2729 4883 2762 4951 ή
2794 4881 2973 4953 χρεία.
3010 4881 3317 4950 Δυνάμενος
3346 4879 3459 4950 γὰρ
3490 4882 3668 4942 εἰπεῖν,

2103 4965 2185 5020 δτι
2216 4963 2348 5037 Ἑμέ
2378 4963 2615 5035 μάλιστα
2631 4965 2850 5017 πάντων
2875 4963 3045 5035 ἐχρῆν
3075 4963 3394 5036 λαμϐάνειν·
3426 4963 3524 5014 καὶ
3548 4961 3670 5031 μὶλο

2095 5047 2185 5101 λον
2232 5047 2265 5120 ἢ
2313 5047 2591 5110 ἐκείνους,
2625 5048 2708 5100 δτι
2749 5047 3137 5119 περισσότερον
3171 5045 3351 5099 αὑτῶν
3387 5045 3667 5103 ἐκοπίασα,

2097 5130 2254 5184 τοῦτο
2289 5130 2388 5200 μὲν
2419 5131 2479 5183 οὑ
2506 5129 2677 5199 λέγει,
2708 5130 2846 5201 ὅπερ
2878 5127 3028 5200 εἶχεν
3067 5131 3365 5201 ὑπεροχήνο
3399 5129 3497 5198 ἀφ’
3518 5123 3590 5181 ὧν
3618 5127 3667 5179 δὲ

2097 5211 2238 5286 ἦσαν
2259 5215 2458 5267 ἐκεῖνοι
2485 5213 2738 5285 μεγάλοι,
2775 5213 2870 5267 καί
2894 5215 2986 5283 ἀφ’
3017 5207 3092 5267 ὧν
3115 5214 3336 5276 δικαίως
3358 5213 3666 5283 ἐλάμϐανον,

2100 5297 2273 5353 ταῦτα
2302 5296 2486 5368 τίθησι
2518 5298 2676 5368 μόνα,
2705 5297 2881 5365 λέγων
2901 5295 3097 5362 οὑτως·
3129 5299 3251 5351 Οὐκ
3278 5297 3397 5366 εἰμί
3425 5298 3670 5352 ἀπόστο-

2106 5383 2252 5446 λοςε
2280 5381 2390 5434 οὐκ
2414 5380 2531 5448 είμί
2566 5379 2883 5448 ἐλεύθερος
2898 5397 2916 5444 ;
2951 5379 3242 5433 Τουτέστιν
3261 5420 3278 5445 ,
3309 5380 3411 5432 οὑκ
3439 5377 3667 5443 ἐξουσίαν

2109 5463 2216 5533 ἔχω
2252 5462 2492 5534 ἐμαυτοῦ
2515 5481 2530 5526 ς
2561 5463 2636 5534 μὴ
2665 5463 2769 5516 ὑπό
2796 5464 2917 5518 τινά
2945 5464 3061 5533 εἰμι
3090 5462 3180 5516 τὸν
3208 5461 3583 5530 ἀναγκάζοντά
3607 5473 3664 5528 με

2109 5545 2204 5601 καί
2235 5547 2512 5600 κωλύοντα
2542 5545 2761 5612 λαϐεῖν;
2802 5545 2940 5599 Ἀλλ’
2970 5545 3154 5617 ἔχουσί
3185 5563 3235 5599 τι
3266 5544 3430 5598 πλέον
3463 5545 3663 5603 ἐκεῖνοι,

2173 5733 2196 5762 ⁸
2221 5730 2368 5789 Κεφ,
2393 5731 2606 5793 ἄρχεται,
2631 5745 2739 5793 qua:
2763 5732 2913 5782 lectio
2934 5745 3049 5780 vera
3092 5735 3186 5779 est.
3215 5728 3342 5778 Edili
3389 5728 3584 5792 ἔρχεται.
