3838 6214
231 317 320 377 Ιϋθ

224 445 358 494 esse;
384 426 476 482 sed
500 440 608 482 non
637 424 759 481 ideo
783 421 1157 480 contemnendi
1189 421 1276 492 qui
1309 436 1448 476 nunc
1475 429 1619 477 sunt.
1646 420 1780 476 Nam

221 527 259 579 si
306 526 515 589 propter
564 517 841 573 Christum
906 515 1142 569 honores
1206 513 1291 569 vel
1348 512 1635 574 ultimum,
1693 512 1787 566 scd

224 614 435 676 ﬁdelem,
486 610 679 681 dignus
718 624 850 664 sane
893 617 976 662 est
1005 608 1093 677 qui
1137 606 1454 660 honoretur.
1507 604 1715 658 Etenim
1744 604 1789 658 si

221 702 582 759 accedentibus
609 701 732 755 duci
761 699 991 769 cuipiam
1009 710 1061 752 et
1084 697 1259 761 militi,
1293 697 1635 765 Imperatoris
1657 695 1790 747 ami-

219 797 311 862 cis,
356 793 615 849 ambobus
659 792 878 846 domum
904 788 1223 859 aperueris;
1272 801 1370 857 per
1410 799 1570 856 quem
1620 781 1791 854 magis

220 887 585 957 hnperatorem
625 886 890 937 honorare
924 878 1198 935 videaris?
1229 877 1390 933 Plane
1421 891 1514 946 per
1541 875 1787 930 militem.

218 979 339 1035 Nam
367 976 471 1030 dux
499 984 691 1045 praeter
720 972 1066 1044 Imperatoris
1101 970 1390 1025 amicitiam
1430 969 1657 1038 plurima
1696 967 1791 1021 ha-

217 1072 462 1138 bet,‘qu:e
493 1066 589 1121 tibi
624 1066 854 1120 suadere
887 1073 1129 1133 possunt,
1157 1071 1214 1115 ut
1240 1062 1401 1117 talem
1441 1060 1519 1114 illi
1544 1058 1791 1114 conferas

216 1162 505 1221 honorem;
537 1156 694 1211 miles
722 1170 852 1210 vero
891 1154 1023 1209 nihil
1066 1153 1211 1207 aliud
1249 1166 1407 1223 quam
1448 1150 1791 1219 Imperatoris

214 1251 511 1310 amicitiam.
569 1249 694 1304 Ideo
746 1247 988 1311 claudos,
1031 1246 1268 1310 mutilos,
1311 1254 1367 1299 et
1402 1258 1496 1298 eos
1543 1242 1635 1312 qui
1682 1256 1791 1296 non

212 1342 409 1415 possint
434 1340 659 1411 gratiam
693 1338 915 1402 referre,
946 1336 1011 1390 ad
1041 1350 1223 1391 ctenas
1250 1344 1303 1389 et
1332 1333 1577 1387 convivia
1605 1341 1788 1385 nostra

210 1447 393 1490 vocare
425 1431 585 1502 jussit
626 1430 787 1491 Deus,
816 1429 938 1499 quia
983 1428 1096 1482 lucc
1135 1426 1302 1496 magis
1330 1424 1545 1495 proprie
1572 1431 1791 1494 propter

210 1527 369 1582 Deum
426 1524 664 1594 praestita
731 1530 857 1577 sunt
910 1520 1189 1576 beneﬁcia.
1247 1517 1302 1574 Si
1354 1532 1485 1573 vero
1536 1531 1789 1587 magnum

208 1613 505 1687 quempiam
532 1622 587 1669 et
628 1613 917 1671 illustrem.
936 1610 1237 1679 exceperis,
1272 1610 1389 1662 hznc
1425 1621 1531 1662 non
1557 1605 1629 1661 ita
1661 1621 1788 1674 pura

206 1715 285 1763 est
310 1707 653 1776 eleemosyna
682 1720 699 1771 ;
744 1702 839 1758 sed
885 1711 1090 1772 partem
1121 1700 1353 1770 aliquam
1398 1698 1538 1768 apud
1565 1706 1619 1753 te
1644 1711 1791 1766 saepe

205 1798 305 1852 sibi
332 1797 569 1851 vindicat
594 1796 769 1849 inanis
790 1794 978 1865 gloria,
1013 1804 1066 1847 et
1096 1790 1240 1862 quod
1268 1790 1531 1846 beneﬁcio
1556 1789 1630 1844 sis
1654 1787 1790 1844 aﬁ‘e-

202 1896 337 1952 ctus,
380 1894 439 1941 et
483 1894 703 1955 propter
728 1885 877 1939 illum
905 1882 1047 1953 apud
1090 1883 1286 1937 multos
1313 1881 1573 1950 insignior
1598 1881 1673 1934 sis
1714 1878 1792 1935 ef-

203 1980 393 2035 fectus.
427 1977 623 2032 Multos
644 1984 792 2031 certe
821 1974 1108 2030 ostendere
1130 1973 1354 2043 possim,
1386 1972 1477 2042 qui
1506 1979 1790 2041 propterea

202 2073 581 2142 insignioribus
607 2077 915 2124 sanctorum
936 2067 1278 2131 famulantur,
1303 2076 1360 2120 ut
1386 2080 1482 2134 per
1502 2064 1623 2118 illos
1647 2061 1790 2132 apud

203 2163 473 2233 principes
515 2160 708 2230 majori
755 2160 1000 2214 fruantur
1044 2156 1261 2221 ﬁducia,
1306 2170 1370 2209 ac
1405 2155 1567 2210 rebus
1595 2153 1708 2208 suis
1736 2161 1793 2207 et

198 2255 402 2309 aedibus
432 2252 675 2307 utiliores
704 2250 833 2304 ﬁant
860 2267 873 2304 :
906 2259 959 2303 et
988 2263 1017 2302 a
1044 2247 1246 2302 sanctis
1273 2245 1379 2301 illis
1407 2245 1574 2299 multa
1604 2243 1789 2313 hujus-

200 2373 2356 2404 Μ

1253 308 1317 364 ΙΝ
1358 307 1571 365 EPIST.
1614 308 1632 362 1
1699 311 1790 366 ΑΙ)
1829 310 1986 368 COR.
2030 308 2260 365 llOMlL.
2303 307 2443 362 XXI.

3384 314 3485 372 170

1896 421 2039 477 modi
2073 422 2289 490 exigunt
2324 419 2613 486 beneﬁcia;
2648 437 2754 491 quo
2785 422 2843 476 ﬁt
2868 433 2924 477 ut
2955 424 3059 479 illis
3088 432 3272 494 pereat
3301 429 3489 499 hospi-

1898 512 2117 567 talitatis
2149 527 2376 576 merces,
2401 512 2615 581 quando
2643 512 2733 566 tali
2765 523 2941 568 mente
2962 516 3242 571 accedunt:
3266 516 3332 572 Et
3353 521 3486 587 quid

1895 618 2028 672 Opus
2060 603 2273 658 esthoc
2308 604 2376 657 de
2413 606 2613 657 sanctis
2661 603 2883 659 dicere?
2922 604 3133 659 Etenim
3172 608 3261 677 qui
3295 623 3328 663 a
3366 613 3485 668 Deo

1894 695 2137 750 laborum
2186 680 2407 765 prmmia
2455 696 2540 751 hic
2585 697 2799 766 quairit,
2831 706 2884 751 et
2933 706 3150 767 propter
3196 700 3482 767 praesentia

1893 787 2145 840 virtutem
2188 785 2319 851 adit,
2361 785 2670 841 mercedem
2716 800 2867 841 suam
2907 787 3135 841 minuit:
3167 787 3259 858 qui
3300 798 3480 844 autem

1895 877 2127 947 integras
2159 878 2267 932 illic
2304 877 2505 946 expetit
2540 892 2790 945 coronas,
2832 878 2989 949 longe
3028 879 3328 936 mirabilior
3354 897 3484 936 cva-

1893 966 1973 1021 dit
1999 984 2014 1032 ;
2046 967 2183 1022 sicut
2208 966 2443 1023 Lazarus
2466 968 2575 1033 ille,
2607 970 2696 1039 qui
2719 969 2857 1024 bona
2882 970 3061 1024 omnia
3086 972 3326 1041 accepit;
3349 974 3488 1029 sicut

1895 1067 2005 1113 tres
2038 1057 2209 1127 pueri,
2239 1060 2327 1127 qui
2360 1059 2411 1111 in
2438 1057 2709 1113 fornacem
2734 1074 2861 1113 mox
2891 1060 3163 1130 injiciendi
3192 1062 3443 1117 dicebant
3469 1083 3482 1118 :

1894 1147 1988 1201 Est
2017 1147 2154 1202 Deus
2196 1150 2249 1202 in
2293 1149 2451 1214 caelis,
2489 1150 2575 1219 qui
2601 1150 2758 1218 possit
2799 1152 2993 1220 eripere
3016 1168 3108 1206 nos
3133 1169 3152 1218 ;
3176 1154 3265 1229 sin,
3294 1156 3482 1220 minus,

1876 1222 2067 1290 lnotum
2097 1239 2160 1291 sit
2205 1238 2464 1305 tibi,re:r,
2511 1240 2649 1310 quod
2690 1241 2811 1294 deos
2842 1249 2954 1294 tuos
2986 1257 3088 1295 non
3128 1225 3363 1308 colimus,
3394 1262 3485 1299 nec

1893 1336 2113 1380 statuam
2140 1344 2351 1382 auream
2377 1344 2530 1395 quam
2568 1330 2771 1384 erexisti
2812 1331 3085 1387 adoramus
3115 1331 3275 1404 (Dan.
3307 1335 3361 1391 5.
3393 1337 3489 1392 17.

1894 1415 1999 1486 18)
2025 1433 2039 1481 ;
2072 1418 2215 1472 sicut
2240 1417 2533 1484 Abraham,
2562 1420 2657 1489 qui
2680 1418 2844 1475 ﬁlium
2865 1437 3021 1476 suum
3050 1423 3271 1480 adduxit
3294 1435 3349 1481 et
3373 1440 3487 1482 ma-

1891 1506 2075 1570 ctavit,
2120 1517 2177 1562 et
2220 1507 2337 1563 lucc
2368 1524 2471 1563 non
2505 1525 2603 1579 pro
2633 1512 2884 1569 mercede
2927 1512 3087 1581 fecit,
3104 1515 3199 1571 sed
3231 1532 3493 1588 magnam

1890 1599 2210 1653 existimans
2244 1606 2759 1670 remunerationem,
2791 1606 2935 1674 quod
2964 1608 3191 1664 Domino
3218 1610 3483 1668 obediret.

1895 1688 2004 1745 llos
2030 1699 2083 1745 et
2120 1705 2219 1745 nos
2243 1707 2453 1763 quoque
2480 1694 2774 1752 imitemur.
2805 1696 2895 1753 Sic
2921 1699 3065 1754 enim
3091 1702 3305 1773 copiosa
3331 1704 3501 1761 nobis.

1891 1782 2157 1837 bonorum
2194 1784 2478 1840 retributio
2520 1789 2719 1855 veniet,
2771 1791 2912 1859 quod
2961 1793 3049 1848 tali
3092 1795 3275 1850 animo
3304 1798 3487 1853 omnia

1892 1872 2172 1942 faciamus,
2197 1884 2253 1930 et
2279 1876 2674 1946 splendidiores
2701 1893 3052 1951 assequemur
3073 1899 3329 1950 coronas;
3353 1903 3486 1958 quas

1894 1965 2096 2020 utinam
2125 1980 2222 2022 nos
2250 1982 2441 2024 omnes
2483 1970 2846 2040 adipiscamur
2870 1975 3041 2042 gratia
3068 1986 3123 2030 et
3156 1977 3497 2048 benignitate

1898 2057 2109 2115 Domini
2163 2062 2333 2116 nostri
2380 2060 2508 2118 Jesu
2557 2063 2779 2132 Christi,
2825 2067 3041 2135 quicum
3076 2068 3221 2123 Patri
3269 2085 3491 2142 unaque

1891 2150 2113 2219 Spiritui
2136 2163 2322 2209 sancto
2346 2156 2534 2225 gloria,
2561 2157 2871 2227 imperium,
2892 2160 3084 2229 honor,
3108 2178 3254 2220 nunc
3274 2176 3328 2221 et
3349 2182 3483 2223 sem-

1896 2257 2012 2310 per,
2041 2252 2095 2298 et
2125 2243 2178 2299 in
2208 2247 2406 2300 saecula
2428 2248 2771 2304 saeculorum.
2800 2251 2994 2305 Amen.

3325 2392 3437 2403 -η

1596 2452 1942 2514 HOMILIA
1972 2453 2151 2519 XXI.

193 2613 325 2674 Car.
356 2610 410 2668 9.
444 2626 497 2664 υ.
528 2612 580 2665 1.
614 2608 736 2663 Non
760 2625 872 2663 sum
895 2608 1198 2678 apostolus?
1221 2622 1322 2661 non
1341 2622 1451 2661 sum
1472 2605 1635 2659 liber?
1660 2622 1786 2659 non-

266 2721 332 2759 ne
360 2702 626 2758 Christum
663 2699 841 2756 Iesum
875 2698 1155 2754 Dominum
1178 2707 1407 2753 nostrum
1440 2697 1585 2751 vidi?
1624 2713 1789 2751 nonne

273 2812 404 2867 opus
442 2810 615 2848 meum
645 2808 732 2847 vos
761 2793 878 2846 estis
900 2793 954 2846 in
978 2790 1243 2846 Domino?

260 2890 316 2943 1.
347 2887 493 2954 Quia
519 2900 644 2940 cum
682 2885 942 2951 dixisset,
988 2883 1051 2940 Si
1094 2900 1208 2939 esca
1233 2883 1547 2939 scandalizat
1581 2886 1790 2954 fratrem

189 2993 496 3045 meum,nor:
504 2975 763 3030 comedam
779 2990 955 3028 carnes
970 2975 1023 3028 in
1038 2973 1453 3041 steculummuod
1470 2988 1575 3028 non
1593 2972 1792 3027 fecerat

185 3068 406 3141 quidem
425 3108 441 3133 ,
478 3065 576 3122 sed
605 3079 664 3121 se
688 3066 953 3120 facturum
982 3065 1333 3135 promiserat,
1365 3065 1409 3118 si
1438 3078 1573 3134 opus
1602 3072 1784 3118 esset:

185 3177 255 3218 ne
284 3160 409 3231 quis
440 3159 696 3224 diceret,
740 3156 961 3212 Frustra
990 3156 1236 3227 gloriaris
1262 3164 1313 3211 et
1335 3157 1515 3212 verbis
1550 3156 1791 3225 philoso-

182 3252 370 3323 pharis
397 3265 611 3320 oreqne
640 3248 909 3321 promittis
929 3290 944 3313 ,
978 3248 1119 3319 quod
1152 3258 1205 3304 et
1231 3247 1362 3303 mihi
1393 3257 1447 3303 et
1491 3248 1661 3304 cuivis
1707 3247 1790 3303 fa-

180 3347 289 3401 cile
314 3354 404 3401 est
430 3362 445 3399 :
486 3359 609 3398 nam
633 3342 677 3398 si
696 3357 760 3397 ex
793 3342 972 3397 animo
991 3342 1105 3396 haec
1132 3340 1287 3407 dicis,
1312 3357 1371 3396 re
1390 3341 1502 3411 ipsa
1528 3341 1751 3397 ostende
1768 3382 1785 3409 ,

178 3436 306 3501 quid
337 3433 712 3504 dexpexeris,
740 3441 798 3488 ut
825 3448 892 3488 ne
916 3432 1066 3487 fratri
1099 3432 1422 3488 oﬁ‘endiculo
1441 3447 1591 3488 esses
1617 3449 1630 3485 :
1666 3433 1785 3488 ideo

176 3530 395 3599 cogitur
414 3528 682 3596 deinceps
709 3527 762 3580 in
790 3526 982 3580 horum
1011 3525 1529 3581 demonstrationem
1555 3526 1785 3581 descen-

177 3619 349 3684 dere,
406 3618 853 3688 ostendereque,
903 3617 1173 3687 quomodo
1228 3632 1258 3671 a
1307 3617 1468 3672 rebus
1516 3618 1787 3673 concessis

172 3710 551 3775 abstinuerit,
586 3708 726 3762 nulla
759 3708 877 3777 lege
912 3707 1087 3776 ipsum
1116 3717 1365 3777 cogente.
1400 3707 1584 3776 Neque
1612 3706 1787 3763 adhuc

169 3803 373 3856 mirum
407 3801 525 3855 hoc
550 3808 666 3866 est,
695 3799 903 3854 etiamsi
931 3800 1002 3852 sit
1046 3798 1343 3853 mirandum
1363 3839 1379 3863 ,
1421 3800 1563 3869 quod
1594 3814 1624 3854 a
1651 3814 1787 3855 con-

168 3894 345 3949 cessis
374 3890 741 3956 abstinuerit,
771 3905 883 3944 non
915 3888 1077 3944 modo
1108 3897 1164 3943 ut
1200 3905 1306 3944 non
1337 3888 1661 3946 oﬁ'endiculo
1688 3906 1780 3947 es-

163 3992 272 4051 set,
304 3983 413 4039 sed
443 3982 615 4038 etiam
642 3979 783 4051 quod
805 3995 926 4035 cum
943 3980 1108 4034 multo
1132 3979 1316 4035 labore
1336 3989 1389 4036 et
1414 3981 1653 4051 periculo
1684 3981 1786 4038 hoc

162 4077 403 4131 faceret.
434 4074 583 4143 Quid
612 4074 754 4129 enim
782 4073 963 4128 dicere
991 4081 1218 4142 Oportet,
1251 4073 1444 4142 inquit,
1476 4073 1543 4129 de
1570 4074 1635 4128 iis
1665 4090 1785 4144 quae

160 4169 462 4224 immolata
496 4176 627 4221 sunt
656 4164 847 4221 idolis?
866 4164 1001 4219 Nam
1021 4179 1141 4219 cum
1170 4163 1414 4218 Christus
1436 4165 1700 4232 statuerit,
1726 4175 1785 4220 ut

158 4264 195 4318 ii
217 4304 234 4330 ,
267 4263 366 4334 qui
400 4260 757 4330 evangelium
802 4257 1133 4339 praedicant,
1164 4271 1231 4312 ex
1257 4257 1513 4313 doctrina:
1541 4258 1784 4314 ministe-

162 4355 251 4410 rio
282 4354 493 4408 vivant
513 4393 528 4417 ,
562 4351 663 4405 hoc
687 4364 788 4420 ego
815 4365 921 4405 non
952 4348 1086 4415 feci;
1118 4347 1213 4403 sed
1240 4349 1434 4414 statui,
1464 4349 1506 4403 si
1537 4365 1671 4420 opus
1692 4364 1782 4405 es-

152 4457 274 4512 set,
309 4447 497 4501 etiam
534 4442 674 4497 fame
701 4442 866 4496 vitam
897 4440 1054 4495 ﬁnire
1083 4448 1138 4495 et
1174 4450 1399 4495 mortem
1429 4442 1610 4496 subire
1632 4456 1783 4496 acer-

151 4537 487 4600 bissimam,
518 4550 584 4589 ne
600 4532 726 4603 quid
744 4533 1041 4601 acciperem
1060 4532 1127 4587 ab
1146 4532 1209 4586 iis
1223 4532 1311 4601 qui
1331 4531 1745 4587 instituebantur
1765 4552 1777 4588 :

150 4646 264 4685 non
294 4628 462 4699 quod
502 4626 558 4681 id
585 4626 688 4680 illis
717 4623 1040 4679 oﬂ'endiculo
1066 4623 1242 4690 foret,
1271 4624 1314 4676 si
1343 4638 1447 4677 non
1478 4625 1775 4693 acciperet,

158 4721 261 4776 sed
305 4721 448 4790 quia
511 4714 809 4771 aediﬁcandi
841 4722 1029 4779 erant;
1069 4714 1211 4783 quod
1257 4713 1415 4783 longe
1443 4714 1615 4782 majus
1641 4722 1778 4768 erat.

147 4813 220 4867 Et
249 4813 431 4880 hujus
485 4806 571 4863 rei
602 4815 768 4861 testes
798 4806 941 4875 ipsos
972 4804 1024 4859 in
1074 4804 1311 4859 medium
1339 4803 1591 4869 adducit,
1638 4804 1779 4875 apud

144 4920 295 4977 quos
318 4915 583 4972 Operans
605 4908 657 4953 et
677 4899 922 4954 esuriens
946 4898 1106 4951 vixit:
1132 4904 1185 4951 et
1205 4895 1344 4964 apud
1366 4896 1501 4950 alios
1521 4898 1775 4963 nutritus,

141 5002 197 5053 in
252 4993 544 5066 angustia
587 4991 759 5053 vixit,
820 4997 878 5043 ut
930 5002 998 5042 ne
1065 4987 1170 5041 illis
1221 4983 1547 5041 olfendiculo
1599 4984 1775 5042 foret:

114 5088 382 5154 ,etiamsi
406 5085 622 5140 frustra
662 5080 851 5136 oﬁ‘ensi
897 5079 1161 5145 fuissent;
1192 5079 1307 5147 ipse
1334 5094 1566 5151 namque
1603 5079 1776 5150 legem

109 5182 455 5253 fimplebat,
497 5183 738 5229 attamen
771 5188 835 5228 ex
866 5170 1158 5226 abundanti
1192 5171 1298 5225 illis
1323 5172 1597 5241 parcebat.
1621 5171 1774 5241 Quod

136 5278 181 5329 si
215 5287 404 5343 supra
440 5271 626 5339 legem
659 5267 764 5321 hoc
791 5266 1016 5320 faciebat
1042 5265 1150 5332 ille,
1174 5273 1233 5318 ut
1257 5264 1578 5349 oﬁ'endiculo
1605 5274 1769 5331 esset,

137 5379 187 5422 et
214 5368 293 5422 ab
319 5366 396 5419 iis
422 5375 563 5432 qua:
584 5359 845 5430 permissa
874 5357 976 5411 sibi
1001 5365 1155 5412 erant
1179 5356 1437 5411 abstinuit
1456 5356 1521 5411 ad
1543 5356 1769 5411 aliorum

132 5455 602 5513 aedificationem
621 5467 636 5516 ;
670 5449 802 5519 quid
822 5454 1101 5503 merentur
1118 5444 1230 5513 isti,
1246 5444 1341 5514 qui
1360 5447 1433 5503 ab
1460 5446 1773 5518 idolothytis

124 5566 240 5604 non
279 5542 639 5602 abstinent?
680 5539 842 5609 idque
882 5553 1005 5593 cum
1033 5536 1187 5591 multi
1214 5550 1281 5592 ex
1310 5550 1373 5592 ea
1416 5552 1475 5592 re
1504 5544 1765 5607 pereant,

122 5638 281 5710 quod
300 5645 484 5693 certe
509 5632 673 5687 etiam
695 5631 897 5699 absque
915 5626 1241 5685 oﬁ‘endiculo
1258 5624 1444 5698 fugere
1469 5633 1766 5697 dporteret,

126 5748 188 5791 eo
232 5729 395 5803 quod
432 5729 526 5785 sit
566 5724 864 5783 daemonum
915 5737 1125 5779 mensa.
1172 5719 1346 5792 Caput
1388 5720 1549 5792 igitur
1596 5731 1765 5777 totum

1901 2610 2005 2666 hoc
2032 2621 2150 2679 est,
2180 2615 2323 2684 quod
2353 2617 2534 2671 multis
2562 2626 2753 2674 tractat
2772 2620 3038 2677 versibus.
3063 2621 3289 2693 Oportet
3304 2634 3482 2686 autem

1899 2718 2017 2757 rem
2066 2707 2394 2775 pr0positam
2448 2708 2609 2763 altius
2654 2720 2915 2780 repetere.
2965 2712 3150 2784 Neque
3188 2717 3331 2771 enim
3380 2718 3483 2774 hoc

1896 2793 2041 2849 clare
2067 2797 2342 2865 exposuit,
2376 2806 2435 2852 ut
2456 2798 2566 2868 jam
2597 2801 2738 2865 dixi;
2772 2815 2944 2871 neque
2980 2805 3045 2858 ad
3076 2804 3128 2860 id
3171 2808 3353 2862 statim
3395 2824 3482 2864 re-

1897 2885 2040 2952 silit,
2072 2888 2167 2942 sed
2200 2888 2415 2945 aliunde
2442 2891 2628 2962 incipit
2673 2893 2758 2948 his
2783 2895 3003 2950 verbis:
3038 2895 3163 2951 Non
3201 2914 3317 2952 sum
3355 2916 3482 2970 apo-

1896 2976 2095 3032 stolus?
2114 2978 2245 3034 Nam
2270 2995 2393 3035 cum
2417 2982 2501 3047 iis,
2529 2999 2649 3053 quae
2674 2984 2815 3039 dicta
2842 2996 2967 3042 sunt
2991 2988 3237 3054 ,multum
3259 3005 3473 3061 quoque

1897 3067 2224 3125 discriminis
2265 3072 2523 3139 interest,
2555 3075 2699 3145 quod
2725 3075 2923 3132 Paulus
2952 3078 3020 3133 sit
3049 3079 3140 3149 qui
3184 3079 3299 3136 haec
3322 3080 3475 3139 facit.

1896 3158 1973 3214 Ne
1996 3160 2237 3217 dicerent
2262 3163 2429 3231 enim,
2460 3163 2612 3221 Licet
2638 3182 2698 3223 se
2727 3168 2957 3238 signanti
2986 3180 3226 3240 gustare,
3257 3171 3474 3227 interim

1895 3251 2108 3321 quidem
2132 3252 2256 3307 huic
2280 3253 2359 3309 rei
2390 3269 2500 3309 non
2532 3255 2759 3321 insistit;
2790 3257 2886 3313 sed
2913 3258 3062 3327 dicit,
3093 3259 3318 3317 Etiamsi
3346 3262 3479 3318 lice-

1895 3354 1978 3397 ret
2003 3383 2020 3408 ,
2055 3343 2127 3398 ob
2151 3343 2374 3399 fratrum
2400 3344 2656 3401 damnum
2692 3360 2799 3403 non
2829 3358 3104 3418 oporteret
3133 3350 3235 3406 hoc
3264 3352 3440 3409 facere
3458 3395 3485 3421 ,λ

1895 3431 2223 3505 demumque
2244 3436 2481 3491 ostendit
2507 3451 2614 3491 non
2643 3437 2827 3494 licere.
2855 3438 3010 3494 Nunc
3035 3452 3214 3497 autem
3243 3444 3476 3514 primum

1894 3524 2023 3578 illud
2054 3526 2243 3595 prohat
2268 3526 2424 3583 exiis
2449 3544 2567 3598 qua:
2593 3529 2659 3583 ad
2688 3543 2748 3586 se
2775 3540 3048 3602 spectant;
3079 3544 3136 3589 et
3154 3533 3394 3593 dicturus
3416 3553 3478 3594 se

1886 3614 2030 3669 nihil
2057 3616 2126 3671 ab
2151 3616 2256 3673 illis
2299 3619 2572 3689 accepisse
2592 3660 2606 3685 ,
2649 3634 2757 3675 non
2785 3622 2964 3677 statim
2993 3623 3124 3679 illud
3154 3628 3341 3695 ponit,
3373 3630 3470 3684 sed

1893 3703 2203 3774 dignitatem
2249 3722 2399 3763 suam
2430 3709 2606 3779 primo
2636 3708 2804 3765 dicit:
2846 3711 2971 3767 Non
3016 3728 3129 3768 sum
3174 3719 3478 3787 apostolus?

1892 3812 1994 3849 non
2017 3813 2130 3851 sum
2161 3796 2284 3853 liber
2300 3798 2328 3852 7
2351 3799 2429 3855 Ne
2458 3800 2699 3856 dicereut
2726 3801 2870 3857 enim
2896 3819 2911 3858 :
2939 3804 3161 3862 Etiamsi
3185 3822 3292 3862 non
3315 3822 3474 3865 acccc

1893 3890 2068 3958 peris,
2098 3890 2239 3958 quod
2289 3905 2395 3945 non
2444 3891 2634 3947 liceret
2662 3906 2769 3947 non
2797 3896 3093 3965 accepisti;
3127 3896 3251 3954 ideo
3297 3901 3473 3971 primo

1891 3981 2041 4051 ponit
2064 3995 2275 4047 causas,
2306 3991 2526 4054 prOpter
2552 3998 2686 4054 quas
2709 3984 2835 4055 jure
2857 3989 3173 4059 accepisset,
3201 3991 3247 4046 si
3273 3993 3478 4050 voluis-

1890 4079 1972 4124 set
1997 4071 2265 4141 accipere.

1963 4158 2162 4215 Paulus
2200 4177 2293 4216 cur
2317 4163 2540 4233 seipsum
2563 4163 2765 4219 laudet.
2782 4192 2858 4207 -
2886 4166 3088 4223 Deinde
3108 4183 3176 4224 ne
3195 4169 3476 4229 videretur

1892 4249 2006 4306 haec
2022 4250 2206 4306 dicens
2228 4253 2444 4308 Petrum
2458 4263 2513 4310 et
2529 4269 2655 4309 suos
2668 4256 2937 4311 criminari
2958 4258 3103 4328 (nam
3126 4259 3202 4315 illi
3231 4262 3464 4332 accipie—

1895 4341 2051 4415 bant)
2074 4360 2088 4398 :
2105 4344 2276 4414 primo
2294 4346 2529 4401 ostendit
2548 4346 2650 4401 illis
2663 4348 2906 4420 accipere
2925 4350 3167 4406 licuisse:
3185 4351 3381 4409 deinde
3397 4369 3469 4410 ne

1887 4433 2009 4504 quis
2033 4434 2236 4490 diceret
2260 4452 2273 4488 :
2303 4435 2464 4489 Petro
2485 4435 2700 4506 quidem
2726 4438 2974 4506 accipere
3003 4439 3188 4509 licuit,
3220 4441 3315 4496 tibi
3341 4457 3471 4499 vero

1888 4541 1995 4581 non
2039 4527 2224 4594 licuit;
2266 4528 2566 4583 auditorem
2610 4530 2888 4599 praevertit
2922 4530 3171 4588 laudibus
3200 4535 3352 4589 suis:
3386 4537 3470 4591 vi-

1886 4621 2127 4692 deusque
2166 4623 2528 4677 necessarium
2552 4637 2675 4678 esse
2735 4632 2797 4677 ut
2824 4638 2885 4679 se
2914 4623 3156 4680 laudaret
3190 4625 3301 4697 (sic
3322 4629 3467 4683 enim

1885 4714 2150 4769 Corinthii
2170 4714 2656 4786 .corrigebantur);
2698 4714 2941 4785 nihilque
2974 4725 3152 4773 tamen
3188 4719 3373 4779 volens
3400 4720 3469 4777 de

1885 4820 1944 4861 se
1967 4821 2213 4876 magnum
2235 4806 2445 4871 dicere,
2480 4806 2576 4862 sed
2598 4816 2855 4876 quantutu
2887 4808 3139 4878 exigebat
3167 4825 3295 4865 usus
3324 4828 3466 4881 prae-

1885 4896 2054 4951 sentis
2082 4897 2335 4966 propositi
2360 4914 2373 4949 :
2415 4896 2533 4951 vide
2560 4895 2831 4966 quomodo
2861 4899 3103 4969 utrisque
3135 4908 3191 4955 ut
3225 4916 3257 4956 e
3280 4917 3337 4957 re
3364 4902 3466 4959 fuit

1887 5002 2015 5042 usus
2041 4997 2122 5042 est
2139 5028 2154 5053 ,
2181 4995 2390 5042 tantum
2409 5000 2468 5042 se
2498 4987 2720 5042 laudans
2739 5028 2757 5054 ,
2795 5003 2901 5043 non
2928 4998 3189 5059 quantum
3217 4992 3334 5061 ipse
3360 4994 3466 5051 sibi

1882 5077 2129 5133 conscius
2149 5085 2268 5132 erat
2286 5118 2301 5144 ,
2330 5076 2427 5132 sed
2452 5087 2707 5147 quantum
2734 5078 2978 5149 exigebat
3002 5096 3242 5151 praesens
3267 5099 3461 5139 neces-

1882 5168 2030 5222 sitas.
2059 5165 2191 5222 Cum
2220 5175 2400 5237 posset
2425 5168 2567 5221 enim
2597 5166 2799 5234 dicere,
2822 5168 2905 5225 ille
2931 5170 3051 5239 plus
3090 5187 3247 5242 quam
3274 5188 3465 5232 omnes

1880 5269 1931 5314 et
1960 5275 2118 5329 quam
2148 5259 2268 5314 illos
2291 5258 2572 5330 oportebat
2595 5261 2873 5329 accipere,
2902 5263 3024 5332 quia
3048 5262 3165 5333 plus
3195 5280 3356 5335 quam
3385 5267 3461 5322 illi

1880 5352 2147 5416 laboravi;
2177 5353 2279 5408 hoc
2306 5353 2519 5423 quidem
2542 5367 2648 5408 non
2670 5352 2820 5423 dicit,
2845 5354 2990 5425 quod
3018 5356 3301 5414 sublimius
3324 5359 3459 5415 fuis-

1879 5453 1992 5511 set;
2033 5445 2127 5499 sed
2154 5460 2215 5499 ea
2256 5444 2366 5499 sola
2396 5445 2548 5515 ponit
2566 5485 2583 5513 ,
2612 5460 2684 5501 ex
2708 5446 2903 5516 quibus
2932 5446 3009 5501 illi
3054 5449 3237 5519 magni
3258 5463 3414 5505 erant
3433 5491 3450 5517 ,

1877 5547 1931 5591 et
1957 5537 2096 5592 unde
2116 5537 2236 5608 jure
2256 5537 2624 5608 accipiebant,
2651 5539 2731 5594 sic
2756 5537 2983 5609 loquens
3008 5557 3023 5595 :
3052 5537 3177 5595 Non
3200 5556 3316 5595 sum
3335 5558 3461 5611 apo-

1876 5628 2072 5683 status?
2097 5646 2198 5684 non
2224 5647 2338 5685 sunt
2363 5630 2525 5686 liber?
2548 5630 2613 5691 Id.
2646 5638 2767 5687 est:
2798 5645 2978 5685 annon
3009 5631 3117 5687 mei
3161 5632 3331 5702 ipsius
3357 5647 3457 5704 po-

1874 5727 2123 5778 testatem
2151 5721 2363 5779 habeo?
2391 5736 2460 5779 an
2498 5722 2730 5793 cuipiam
2773 5721 3021 5778 subditus
3062 5736 3217 5794 sum,
3247 5722 3340 5796 qui
3370 5738 3457 5781 me
3542 5786 3549 5793 ,
