  <div class='ocr_page' id='page_1' title='image "/cluster/home/n/w/nwhite01/storage/ocr_20150623/61/hvd.32044019190461/177.png"; bbox 0 0 3856 6368; ppageno 0'>
   <div class='ocr_carea' id='block_1_1' title="bbox 340 354 438 413">
    <p class='ocr_par' dir='ltr' id='par_1_1' title="bbox 340 354 438 413">
     <span class='ocr_line' id='line_1_1' title="bbox 340 354 438 413; baseline 0.01 -1"><span class='ocrx_word' id='word_1_1' title='bbox 340 354 438 413; x_wconf 72' lang='grc' dir='ltr'><strong>ΓΗ</strong></span> 
     </span>
    </p>
   </div>
   <div class='ocr_carea' id='block_1_2' title="bbox 346 465 1924 540">
    <p class='ocr_par' dir='ltr' id='par_1_2' title="bbox 346 465 1924 540">
     <span class='ocr_line' id='line_1_2' title="bbox 346 465 1924 540; baseline -0.003 -15"><span class='ocrx_word' id='word_1_2' title='bbox 346 475 502 540; x_wconf 85' lang='lat' dir='ltr'><strong>cogat</strong></span> <span class='ocrx_word' id='word_1_3' title='bbox 526 475 582 523; x_wconf 91' lang='lat' dir='ltr'><strong>et</strong></span> <span class='ocrx_word' id='word_1_4' title='bbox 607 473 753 522; x_wconf 87' lang='lat' dir='ltr'><strong>vetet</strong></span> <span class='ocrx_word' id='word_1_5' title='bbox 793 465 1078 536; x_wconf 85' lang='lat' dir='ltr'><strong>accipere?</strong></span> <span class='ocrx_word' id='word_1_6' title='bbox 1105 467 1173 520; x_wconf 84' lang='lat' dir='ltr'><strong>At</strong></span> <span class='ocrx_word' id='word_1_7' title='bbox 1208 465 1280 519; x_wconf 85' lang='lat' dir='ltr'><strong>illi</strong></span> <span class='ocrx_word' id='word_1_8' title='bbox 1305 465 1505 535; x_wconf 90' lang='lat' dir='ltr'><strong>aliquid</strong></span> <span class='ocrx_word' id='word_1_9' title='bbox 1539 466 1659 535; x_wconf 84' lang='lat' dir='ltr'><strong>plus</strong></span> <span class='ocrx_word' id='word_1_10' title='bbox 1689 466 1924 534; x_wconf 88' lang='lat' dir='ltr'><strong>habent,</strong></span> 
     </span>
    </p>
   </div>
   <div class='ocr_carea' id='block_1_3' title="bbox 345 555 1933 630">
    <p class='ocr_par' dir='ltr' id='par_1_3' title="bbox 345 555 1933 630">
     <span class='ocr_line' id='line_1_3' title="bbox 345 555 1933 630; baseline -0.001 -18"><span class='ocrx_word' id='word_1_11' title='bbox 345 559 487 630; x_wconf 86' lang='lat' dir='ltr'><strong>quod</strong></span> <span class='ocrx_word' id='word_1_12' title='bbox 521 558 719 614; x_wconf 88' lang='lat' dir='ltr'><strong>fuerint</strong></span> <span class='ocrx_word' id='word_1_13' title='bbox 747 571 868 612; x_wconf 90' lang='lat' dir='ltr'><strong>cum</strong></span> <span class='ocrx_word' id='word_1_14' title='bbox 897 555 1131 612; x_wconf 79' lang='lat' dir='ltr'><strong>Christo.</strong></span> <span class='ocrx_word' id='word_1_15' title='bbox 1153 555 1351 610; x_wconf 86' lang='lat' dir='ltr'><strong>Verum</strong></span> <span class='ocrx_word' id='word_1_16' title='bbox 1379 571 1447 610; x_wconf 91' lang='lat' dir='ltr'><strong>ne</strong></span> <span class='ocrx_word' id='word_1_17' title='bbox 1470 556 1562 610; x_wconf 90' lang='lat' dir='ltr'><strong>illo</strong></span> <span class='ocrx_word' id='word_1_18' title='bbox 1591 556 1806 626; x_wconf 84' lang='lat' dir='ltr'><strong>quidem</strong></span> <span class='ocrx_word' id='word_1_19' title='bbox 1833 571 1933 612; x_wconf 73' lang='grc' dir='ltr'><strong>ει·</strong></span> 
     </span>
    </p>
   </div>
   <div class='ocr_carea' id='block_1_4' title="bbox 341 646 1934 722">
    <p class='ocr_par' dir='ltr' id='par_1_4' title="bbox 341 646 1934 722">
     <span class='ocr_line' id='line_1_4' title="bbox 341 646 1934 722; baseline -0.004 -15"><span class='ocrx_word' id='word_1_20' title='bbox 341 667 467 722; x_wconf 84' lang='lat' dir='ltr'><strong>pers</strong></span> <span class='ocrx_word' id='word_1_21' title='bbox 494 651 564 706; x_wconf 83' lang='lat' dir='ltr'><strong>iui</strong></span> <span class='ocrx_word' id='word_1_22' title='bbox 591 669 605 705; x_wconf 87' lang='lat'><strong>:</strong></span> <span class='ocrx_word' id='word_1_23' title='bbox 639 649 760 704; x_wconf 89' lang='lat' dir='ltr'><strong>ideo</strong></span> <span class='ocrx_word' id='word_1_24' title='bbox 787 648 916 703; x_wconf 92' lang='lat' dir='ltr'><strong>dicit</strong></span> <span class='ocrx_word' id='word_1_25' title='bbox 941 665 953 701; x_wconf 94' lang='lat'>:</span> <span class='ocrx_word' id='word_1_26' title='bbox 987 646 1173 702; x_wconf 83' lang='lat' dir='ltr'><strong>Nonne</strong></span> <span class='ocrx_word' id='word_1_27' title='bbox 1197 647 1475 701; x_wconf 88' lang='lat' dir='ltr'><strong>Dominum</strong></span> <span class='ocrx_word' id='word_1_28' title='bbox 1501 656 1726 702; x_wconf 90' lang='lat' dir='ltr'><strong>nostrum</strong></span> <span class='ocrx_word' id='word_1_29' title='bbox 1753 647 1934 701; x_wconf 73' lang='lat' dir='ltr'><strong>Iesum</strong></span> 
     </span>
    </p>
   </div>
   <div class='ocr_carea' id='block_1_5' title="bbox 339 739 1929 810">
    <p class='ocr_par' dir='ltr' id='par_1_5' title="bbox 339 739 1929 810">
     <span class='ocr_line' id='line_1_5' title="bbox 339 739 1929 810; baseline -0.004 -11"><span class='ocrx_word' id='word_1_30' title='bbox 339 745 600 799; x_wconf 74' lang='lat' dir='ltr'><strong>Christum</strong></span> <span class='ocrx_word' id='word_1_31' title='bbox 638 743 787 797; x_wconf 82' lang='lat' dir='ltr'><strong>vidi?</strong></span> <span class='ocrx_word' id='word_1_32' title='bbox 834 739 1123 795; x_wconf 86' lang='lat' dir='ltr'><strong>Novissime</strong></span> <span class='ocrx_word' id='word_1_33' title='bbox 1166 742 1352 810; x_wconf 88' lang='lat' dir='ltr'><strong>quippe</strong></span> <span class='ocrx_word' id='word_1_34' title='bbox 1398 741 1664 808; x_wconf 88' lang='lat' dir='ltr'><strong>omnium,</strong></span> <span class='ocrx_word' id='word_1_35' title='bbox 1720 739 1929 810; x_wconf 77' lang='lat' dir='ltr'><strong>inquit,</strong></span> 
     </span>
    </p>
   </div>
   <div class='ocr_carea' id='block_1_6' title="bbox 339 829 1930 905">
    <p class='ocr_par' dir='ltr' id='par_1_6' title="bbox 339 829 1930 905">
     <span class='ocr_line' id='line_1_6' title="bbox 339 829 1930 905; baseline -0.006 -15"><span class='ocrx_word' id='word_1_36' title='bbox 339 845 597 905; x_wconf 80' lang='lat' dir='ltr'><strong>tamquam</strong></span> <span class='ocrx_word' id='word_1_37' title='bbox 640 833 866 887; x_wconf 74' lang='lat' dir='ltr'><strong>abortivo</strong></span> <span class='ocrx_word' id='word_1_38' title='bbox 901 833 1036 886; x_wconf 89' lang='lat' dir='ltr'><strong>visus</strong></span> <span class='ocrx_word' id='word_1_39' title='bbox 1078 840 1150 885; x_wconf 87' lang='lat' dir='ltr'><strong>est</strong></span> <span class='ocrx_word' id='word_1_40' title='bbox 1201 840 1247 884; x_wconf 89' lang='lat' dir='ltr'><strong>et</strong></span> <span class='ocrx_word' id='word_1_41' title='bbox 1287 830 1453 902; x_wconf 88' lang='lat' dir='ltr'><strong>mihi(</strong></span> <span class='ocrx_word' id='word_1_42' title='bbox 1485 832 1539 887; x_wconf 80' lang='grc'><strong>1.</strong></span> <span class='ocrx_word' id='word_1_43' title='bbox 1566 830 1686 884; x_wconf 90' lang='lat' dir='ltr'><strong>Cor.</strong></span> <span class='ocrx_word' id='word_1_44' title='bbox 1720 831 1808 885; x_wconf 79' lang='grc'><strong>15.</strong></span> <span class='ocrx_word' id='word_1_45' title='bbox 1836 829 1930 900; x_wconf 91' lang='grc'><strong>8).</strong></span> 
     </span>
    </p>
   </div>
   <div class='ocr_carea' id='block_1_7' title="bbox 337 920 1934 995">
    <p class='ocr_par' dir='ltr' id='par_1_7' title="bbox 337 920 1934 995">
     <span class='ocr_line' id='line_1_7' title="bbox 337 920 1934 995; baseline -0.005 -13"><span class='ocrx_word' id='word_1_46' title='bbox 337 926 456 982; x_wconf 85' lang='grc' dir='ltr'><strong>Νοη</strong></span> <span class='ocrx_word' id='word_1_47' title='bbox 485 941 647 995; x_wconf 86' lang='lat' dir='ltr'><strong>parva</strong></span> <span class='ocrx_word' id='word_1_48' title='bbox 677 932 858 978; x_wconf 90' lang='lat' dir='ltr'><strong>autem</strong></span> <span class='ocrx_word' id='word_1_49' title='bbox 890 923 1004 978; x_wconf 76' lang='lat' dir='ltr'><strong>lucc</strong></span> <span class='ocrx_word' id='word_1_50' title='bbox 1031 931 1148 978; x_wconf 90' lang='lat' dir='ltr'><strong>erat</strong></span> <span class='ocrx_word' id='word_1_51' title='bbox 1173 922 1426 991; x_wconf 75' lang='lat' dir='ltr'><strong>dignitas.</strong></span> <span class='ocrx_word' id='word_1_52' title='bbox 1458 920 1612 974; x_wconf 79' lang='lat' dir='ltr'><strong>Multi</strong></span> <span class='ocrx_word' id='word_1_53' title='bbox 1633 922 1776 976; x_wconf 90' lang='lat' dir='ltr'><strong>enim</strong></span> <span class='ocrx_word' id='word_1_54' title='bbox 1808 936 1934 990; x_wconf 83' lang='lat' dir='ltr'><strong>pro-</strong></span> 
     </span>
    </p>
   </div>
   <div class='ocr_carea' id='block_1_8' title="bbox 341 1013 1931 1088">
    <p class='ocr_par' dir='ltr' id='par_1_8' title="bbox 341 1013 1931 1088">
     <span class='ocr_line' id='line_1_8' title="bbox 341 1013 1931 1088; baseline -0.004 -18"><span class='ocrx_word' id='word_1_55' title='bbox 341 1020 508 1088; x_wconf 77' lang='lat' dir='ltr'><strong>pheta:</strong></span> <span class='ocrx_word' id='word_1_56' title='bbox 528 1028 574 1072; x_wconf 83' lang='lat' dir='ltr'><strong>et</strong></span> <span class='ocrx_word' id='word_1_57' title='bbox 595 1017 746 1086; x_wconf 90' lang='lat' dir='ltr'><strong>justi,</strong></span> <span class='ocrx_word' id='word_1_58' title='bbox 775 1017 964 1085; x_wconf 84' lang='lat' dir='ltr'><strong>inquit,</strong></span> <span class='ocrx_word' id='word_1_59' title='bbox 999 1016 1261 1069; x_wconf 88' lang='lat' dir='ltr'><strong>voluerunt</strong></span> <span class='ocrx_word' id='word_1_60' title='bbox 1286 1015 1454 1068; x_wconf 87' lang='lat' dir='ltr'><strong>videre</strong></span> <span class='ocrx_word' id='word_1_61' title='bbox 1477 1029 1592 1083; x_wconf 71' lang='lat' dir='ltr'><strong>qua:</strong></span> <span class='ocrx_word' id='word_1_62' title='bbox 1620 1030 1706 1067; x_wconf 85' lang='lat' dir='ltr'><strong>vos</strong></span> <span class='ocrx_word' id='word_1_63' title='bbox 1729 1013 1931 1076; x_wconf 85' lang='lat' dir='ltr'><strong>videtis,</strong></span> 
     </span>
    </p>
   </div>
   <div class='ocr_carea' id='block_1_9' title="bbox 341 1103 1934 1175">
    <p class='ocr_par' dir='ltr' id='par_1_9' title="bbox 341 1103 1934 1175">
     <span class='ocr_line' id='line_1_9' title="bbox 341 1103 1934 1175; baseline -0.004 -12"><span class='ocrx_word' id='word_1_64' title='bbox 341 1120 390 1163; x_wconf 87' lang='lat' dir='ltr'><strong>et</strong></span> <span class='ocrx_word' id='word_1_65' title='bbox 441 1125 543 1163; x_wconf 90' lang='lat' dir='ltr'><strong>non</strong></span> <span class='ocrx_word' id='word_1_66' title='bbox 597 1108 834 1161; x_wconf 89' lang='lat' dir='ltr'><strong>viderunt</strong></span> <span class='ocrx_word' id='word_1_67' title='bbox 883 1105 1115 1175; x_wconf 80' lang='lat' dir='ltr'><strong>(Matth.</strong></span> <span class='ocrx_word' id='word_1_68' title='bbox 1152 1107 1236 1159; x_wconf 80' lang='grc'><strong>15.</strong></span> <span class='ocrx_word' id='word_1_69' title='bbox 1281 1104 1419 1173; x_wconf 83' lang='grc'><strong>17);</strong></span> <span class='ocrx_word' id='word_1_70' title='bbox 1451 1113 1540 1168; x_wconf 90' lang='lat' dir='ltr'><strong>et,</strong></span> <span class='ocrx_word' id='word_1_71' title='bbox 1586 1103 1789 1156; x_wconf 88' lang='lat' dir='ltr'><strong>Venient</strong></span> <span class='ocrx_word' id='word_1_72' title='bbox 1827 1103 1934 1156; x_wconf 91' lang='lat' dir='ltr'><strong>dies</strong></span> 
     </span>
    </p>
   </div>
   <div class='ocr_carea' id='block_1_10' title="bbox 340 1192 1930 1268">
    <p class='ocr_par' dir='ltr' id='par_1_10' title="bbox 340 1192 1930 1268">
     <span class='ocr_line' id='line_1_10' title="bbox 340 1192 1930 1268; baseline -0.006 -14"><span class='ocrx_word' id='word_1_73' title='bbox 340 1199 545 1268; x_wconf 83' lang='lat' dir='ltr'><strong>quando</strong></span> <span class='ocrx_word' id='word_1_74' title='bbox 571 1198 750 1252; x_wconf 89' lang='lat' dir='ltr'><strong>voletis</strong></span> <span class='ocrx_word' id='word_1_75' title='bbox 769 1197 942 1251; x_wconf 89' lang='lat' dir='ltr'><strong>videre</strong></span> <span class='ocrx_word' id='word_1_76' title='bbox 962 1213 1120 1250; x_wconf 88' lang='lat' dir='ltr'><strong>unum</strong></span> <span class='ocrx_word' id='word_1_77' title='bbox 1138 1211 1200 1249; x_wconf 72' lang='lat' dir='ltr'><strong>ex</strong></span> <span class='ocrx_word' id='word_1_78' title='bbox 1229 1195 1306 1248; x_wconf 90' lang='lat' dir='ltr'><strong>his</strong></span> <span class='ocrx_word' id='word_1_79' title='bbox 1327 1195 1501 1248; x_wconf 87' lang='lat' dir='ltr'><strong>diebus</strong></span> <span class='ocrx_word' id='word_1_80' title='bbox 1530 1193 1683 1264; x_wconf 87' lang='lat' dir='ltr'><strong>(Luc.</strong></span> <span class='ocrx_word' id='word_1_81' title='bbox 1704 1193 1793 1247; x_wconf 83' lang='grc' dir='ltr'><strong>Π.</strong></span> <span class='ocrx_word' id='word_1_82' title='bbox 1816 1192 1930 1262; x_wconf 69' lang='grc'><strong>22).</strong></span> 
     </span>
    </p>
   </div>
   <div class='ocr_carea' id='block_1_11' title="bbox 341 1284 1932 1358">
    <p class='ocr_par' dir='ltr' id='par_1_11' title="bbox 341 1284 1932 1358">
     <span class='ocr_line' id='line_1_11' title="bbox 341 1284 1932 1358; baseline -0.006 -11"><span class='ocrx_word' id='word_1_83' title='bbox 341 1291 481 1358; x_wconf 89' lang='lat' dir='ltr'><strong>Quid</strong></span> <span class='ocrx_word' id='word_1_84' title='bbox 510 1300 645 1355; x_wconf 90' lang='lat' dir='ltr'><strong>tum,</strong></span> <span class='ocrx_word' id='word_1_85' title='bbox 670 1289 882 1345; x_wconf 90' lang='lat' dir='ltr'><strong>etiamsi</strong></span> <span class='ocrx_word' id='word_1_86' title='bbox 909 1289 983 1341; x_wconf 88' lang='lat' dir='ltr'><strong>sis</strong></span> <span class='ocrx_word' id='word_1_87' title='bbox 1009 1287 1288 1356; x_wconf 83' lang='lat' dir='ltr'><strong>apostolus</strong></span> <span class='ocrx_word' id='word_1_88' title='bbox 1313 1297 1367 1340; x_wconf 91' lang='lat' dir='ltr'><strong>et</strong></span> <span class='ocrx_word' id='word_1_89' title='bbox 1396 1286 1550 1351; x_wconf 90' lang='lat' dir='ltr'><strong>liber,</strong></span> <span class='ocrx_word' id='word_1_90' title='bbox 1578 1294 1633 1340; x_wconf 90' lang='lat' dir='ltr'><strong>et</strong></span> <span class='ocrx_word' id='word_1_91' title='bbox 1661 1284 1932 1341; x_wconf 87' lang='lat' dir='ltr'><strong>Christum</strong></span> 
     </span>
    </p>
   </div>
   <div class='ocr_carea' id='block_1_12' title="bbox 341 1376 1935 1448">
    <p class='ocr_par' dir='ltr' id='par_1_12' title="bbox 341 1376 1935 1448">
     <span class='ocr_line' id='line_1_12' title="bbox 341 1376 1935 1448; baseline -0.006 -10"><span class='ocrx_word' id='word_1_92' title='bbox 341 1382 543 1438; x_wconf 80' lang='lat' dir='ltr'><strong>videris</strong></span> <span class='ocrx_word' id='word_1_93' title='bbox 567 1400 582 1448; x_wconf 91' lang='lat'><strong>;</strong></span> <span class='ocrx_word' id='word_1_94' title='bbox 613 1381 662 1436; x_wconf 89' lang='lat' dir='ltr'><strong>si</strong></span> <span class='ocrx_word' id='word_1_95' title='bbox 691 1381 896 1434; x_wconf 90' lang='lat' dir='ltr'><strong>nullum</strong></span> <span class='ocrx_word' id='word_1_96' title='bbox 921 1377 1230 1433; x_wconf 82' lang='lat' dir='ltr'><strong>exhibueris</strong></span> <span class='ocrx_word' id='word_1_97' title='bbox 1257 1376 1484 1446; x_wconf 83' lang='lat' dir='ltr'><strong>apostoli</strong></span> <span class='ocrx_word' id='word_1_98' title='bbox 1509 1391 1644 1444; x_wconf 90' lang='lat' dir='ltr'><strong>opus</strong></span> <span class='ocrx_word' id='word_1_99' title='bbox 1668 1416 1682 1439; x_wconf 92' lang='lat'><strong>,</strong></span> <span class='ocrx_word' id='word_1_100' title='bbox 1709 1389 1935 1446; x_wconf 89' lang='lat' dir='ltr'><strong>quomo-</strong></span> 
     </span>
    </p>
   </div>
   <div class='ocr_carea' id='block_1_13' title="bbox 343 1466 1936 1540">
    <p class='ocr_par' dir='ltr' id='par_1_13' title="bbox 343 1466 1936 1540">
     <span class='ocr_line' id='line_1_13' title="bbox 343 1466 1936 1540; baseline -0.006 -10"><span class='ocrx_word' id='word_1_101' title='bbox 343 1475 416 1530; x_wconf 91' lang='lat' dir='ltr'><strong>do</strong></span> <span class='ocrx_word' id='word_1_102' title='bbox 445 1473 613 1529; x_wconf 85' lang='lat' dir='ltr'><strong>debes</strong></span> <span class='ocrx_word' id='word_1_103' title='bbox 657 1471 946 1540; x_wconf 87' lang='lat' dir='ltr'><strong>accipere?</strong></span> <span class='ocrx_word' id='word_1_104' title='bbox 996 1470 1118 1524; x_wconf 85' lang='lat' dir='ltr'><strong>Ideo</strong></span> <span class='ocrx_word' id='word_1_105' title='bbox 1171 1478 1358 1539; x_wconf 89' lang='lat' dir='ltr'><strong>postea</strong></span> <span class='ocrx_word' id='word_1_106' title='bbox 1405 1467 1715 1538; x_wconf 84' lang='lat' dir='ltr'><strong>subjunxit:</strong></span> <span class='ocrx_word' id='word_1_107' title='bbox 1748 1466 1936 1521; x_wconf 81' lang='lat' dir='ltr'><strong>Nonne</strong></span> 
     </span>
    </p>
   </div>
   <div class='ocr_carea' id='block_1_14' title="bbox 274 1559 1932 1636">
    <p class='ocr_par' dir='ltr' id='par_1_14' title="bbox 274 1559 1932 1636">
     <span class='ocr_line' id='line_1_14' title="bbox 274 1559 1932 1636; baseline -0.004 -17"><span class='ocrx_word' id='word_1_108' title='bbox 274 1616 276 1619; x_wconf 77' lang='grc'>,</span> <span class='ocrx_word' id='word_1_109' title='bbox 342 1581 472 1636; x_wconf 88' lang='lat' dir='ltr'><strong>opus</strong></span> <span class='ocrx_word' id='word_1_110' title='bbox 494 1579 660 1617; x_wconf 83' lang='lat' dir='ltr'><strong>meum</strong></span> <span class='ocrx_word' id='word_1_111' title='bbox 689 1578 777 1616; x_wconf 90' lang='lat' dir='ltr'><strong>vos</strong></span> <span class='ocrx_word' id='word_1_112' title='bbox 797 1562 913 1616; x_wconf 89' lang='lat' dir='ltr'><strong>estis</strong></span> <span class='ocrx_word' id='word_1_113' title='bbox 938 1562 990 1613; x_wconf 88' lang='lat' dir='ltr'><strong>in</strong></span> <span class='ocrx_word' id='word_1_114' title='bbox 1021 1559 1222 1614; x_wconf 77' lang='lat' dir='ltr'><strong>Christo</strong></span> <span class='ocrx_word' id='word_1_115' title='bbox 1247 1560 1272 1614; x_wconf 81' lang='lat'><strong><em>?</em></strong></span> <span class='ocrx_word' id='word_1_116' title='bbox 1313 1559 1427 1614; x_wconf 90' lang='lat' dir='ltr'><strong>lloc</strong></span> <span class='ocrx_word' id='word_1_117' title='bbox 1453 1560 1652 1628; x_wconf 89' lang='lat' dir='ltr'><strong>quippe</strong></span> <span class='ocrx_word' id='word_1_118' title='bbox 1677 1573 1932 1628; x_wconf 84' lang='lat' dir='ltr'><strong>magnum</strong></span> 
     </span>
    </p>
   </div>
   <div class='ocr_carea' id='block_1_15' title="bbox 344 1648 1935 1722">
    <p class='ocr_par' dir='ltr' id='par_1_15' title="bbox 344 1648 1935 1722">
     <span class='ocr_line' id='line_1_15' title="bbox 344 1648 1935 1722; baseline -0.006 -8"><span class='ocrx_word' id='word_1_119' title='bbox 344 1667 427 1714; x_wconf 81' lang='lat' dir='ltr'><strong>est</strong></span> <span class='ocrx_word' id='word_1_120' title='bbox 452 1675 466 1710; x_wconf 90' lang='lat'><strong>:</strong></span> <span class='ocrx_word' id='word_1_121' title='bbox 497 1671 620 1710; x_wconf 90' lang='lat' dir='ltr'><strong>nam</strong></span> <span class='ocrx_word' id='word_1_122' title='bbox 649 1655 737 1708; x_wconf 85' lang='lat' dir='ltr'><strong>illa</strong></span> <span class='ocrx_word' id='word_1_123' title='bbox 768 1652 970 1722; x_wconf 80' lang='lat' dir='ltr'><strong>absque</strong></span> <span class='ocrx_word' id='word_1_124' title='bbox 999 1653 1101 1706; x_wconf 89' lang='lat' dir='ltr'><strong>hoc</strong></span> <span class='ocrx_word' id='word_1_125' title='bbox 1131 1650 1264 1706; x_wconf 84' lang='lat' dir='ltr'><strong>nihil</strong></span> <span class='ocrx_word' id='word_1_126' title='bbox 1299 1650 1504 1719; x_wconf 78' lang='lat' dir='ltr'><strong>juvant.</strong></span> <span class='ocrx_word' id='word_1_127' title='bbox 1535 1650 1742 1703; x_wconf 86' lang='lat' dir='ltr'><strong>Etenim</strong></span> <span class='ocrx_word' id='word_1_128' title='bbox 1770 1648 1935 1705; x_wconf 83' lang='lat' dir='ltr'><strong>Judas</strong></span> 
     </span>
    </p>
   </div>
   <div class='ocr_carea' id='block_1_16' title="bbox 343 1740 1934 1818">
    <p class='ocr_par' dir='ltr' id='par_1_16' title="bbox 343 1740 1934 1818">
     <span class='ocr_line' id='line_1_16' title="bbox 343 1740 1934 1818; baseline -0.004 -16"><span class='ocrx_word' id='word_1_129' title='bbox 343 1747 622 1818; x_wconf 87' lang='lat' dir='ltr'><strong>apostolus</strong></span> <span class='ocrx_word' id='word_1_130' title='bbox 645 1753 839 1802; x_wconf 91' lang='lat' dir='ltr'><strong>eratet</strong></span> <span class='ocrx_word' id='word_1_131' title='bbox 871 1744 1040 1810; x_wconf 89' lang='lat' dir='ltr'><strong>liber,</strong></span> <span class='ocrx_word' id='word_1_132' title='bbox 1074 1751 1236 1812; x_wconf 87' lang='lat' dir='ltr'><strong>atque</strong></span> <span class='ocrx_word' id='word_1_133' title='bbox 1263 1741 1537 1795; x_wconf 80' lang='lat' dir='ltr'><strong>Christum</strong></span> <span class='ocrx_word' id='word_1_134' title='bbox 1565 1741 1803 1805; x_wconf 81' lang='lat' dir='ltr'><strong>viderat;</strong></span> <span class='ocrx_word' id='word_1_135' title='bbox 1835 1740 1934 1796; x_wconf 92' lang='lat' dir='ltr'><strong>sed</strong></span> 
     </span>
    </p>
   </div>
   <div class='ocr_carea' id='block_1_17' title="bbox 341 1832 1934 1912">
    <p class='ocr_par' dir='ltr' id='par_1_17' title="bbox 341 1832 1934 1912">
     <span class='ocr_line' id='line_1_17' title="bbox 341 1832 1934 1912; baseline -0.006 -16"><span class='ocrx_word' id='word_1_136' title='bbox 341 1841 468 1912; x_wconf 89' lang='lat' dir='ltr'><strong>quia</strong></span> <span class='ocrx_word' id='word_1_137' title='bbox 507 1839 736 1910; x_wconf 84' lang='lat' dir='ltr'><strong>apostoli</strong></span> <span class='ocrx_word' id='word_1_138' title='bbox 766 1853 901 1907; x_wconf 92' lang='lat' dir='ltr'><strong>opus</strong></span> <span class='ocrx_word' id='word_1_139' title='bbox 943 1851 1052 1891; x_wconf 90' lang='lat' dir='ltr'><strong>non</strong></span> <span class='ocrx_word' id='word_1_140' title='bbox 1083 1834 1299 1899; x_wconf 89' lang='lat' dir='ltr'><strong>habuit,</strong></span> <span class='ocrx_word' id='word_1_141' title='bbox 1346 1833 1478 1886; x_wconf 84' lang='lat' dir='ltr'><strong>nihil</strong></span> <span class='ocrx_word' id='word_1_142' title='bbox 1512 1832 1627 1888; x_wconf 66' lang='lat' dir='ltr'><strong>haec</strong></span> <span class='ocrx_word' id='word_1_143' title='bbox 1675 1833 1774 1902; x_wconf 86' lang='lat' dir='ltr'><strong>ipsi</strong></span> <span class='ocrx_word' id='word_1_144' title='bbox 1805 1846 1934 1901; x_wconf 89' lang='lat' dir='ltr'><strong>pro-</strong></span> 
     </span>
    </p>
   </div>
   <div class='ocr_carea' id='block_1_18' title="bbox 344 1924 1931 2000">
    <p class='ocr_par' dir='ltr' id='par_1_18' title="bbox 344 1924 1931 2000">
     <span class='ocr_line' id='line_1_18' title="bbox 344 1924 1931 2000; baseline -0.005 -14"><span class='ocrx_word' id='word_1_145' title='bbox 344 1935 580 1988; x_wconf 87' lang='lat' dir='ltr'><strong>fuerunt.</strong></span> <span class='ocrx_word' id='word_1_146' title='bbox 624 1931 917 2000; x_wconf 82' lang='lat' dir='ltr'><strong>Propterea</strong></span> <span class='ocrx_word' id='word_1_147' title='bbox 959 1935 1017 1983; x_wconf 87' lang='lat' dir='ltr'><strong>et</strong></span> <span class='ocrx_word' id='word_1_148' title='bbox 1058 1925 1163 1980; x_wconf 86' lang='lat' dir='ltr'><strong>hoc</strong></span> <span class='ocrx_word' id='word_1_149' title='bbox 1205 1924 1421 1995; x_wconf 81' lang='lat' dir='ltr'><strong>adjicit,</strong></span> <span class='ocrx_word' id='word_1_150' title='bbox 1467 1925 1719 1994; x_wconf 89' lang='lat' dir='ltr'><strong>ipsosque</strong></span> <span class='ocrx_word' id='word_1_151' title='bbox 1766 1933 1931 1979; x_wconf 87' lang='lat' dir='ltr'><strong>testes</strong></span> 
     </span>
    </p>
   </div>
   <div class='ocr_carea' id='block_1_19' title="bbox 343 2017 1934 2097">
    <p class='ocr_par' dir='ltr' id='par_1_19' title="bbox 343 2017 1934 2097">
     <span class='ocr_line' id='line_1_19' title="bbox 343 2017 1934 2097; baseline -0.005 -17"><span class='ocrx_word' id='word_1_152' title='bbox 343 2030 522 2086; x_wconf 81' lang='lat' dir='ltr'><strong>vocat.</strong></span> <span class='ocrx_word' id='word_1_153' title='bbox 552 2030 619 2083; x_wconf 89' lang='lat' dir='ltr'><strong>Et</strong></span> <span class='ocrx_word' id='word_1_154' title='bbox 642 2027 765 2097; x_wconf 87' lang='lat' dir='ltr'><strong>quia</strong></span> <span class='ocrx_word' id='word_1_155' title='bbox 793 2038 1045 2094; x_wconf 84' lang='lat' dir='ltr'><strong>magnum</strong></span> <span class='ocrx_word' id='word_1_156' title='bbox 1070 2023 1320 2091; x_wconf 89' lang='lat' dir='ltr'><strong>loquutus</strong></span> <span class='ocrx_word' id='word_1_157' title='bbox 1347 2028 1482 2086; x_wconf 89' lang='lat' dir='ltr'><strong>erat,</strong></span> <span class='ocrx_word' id='word_1_158' title='bbox 1514 2019 1637 2074; x_wconf 88' lang='lat' dir='ltr'><strong>vide</strong></span> <span class='ocrx_word' id='word_1_159' title='bbox 1662 2017 1934 2088; x_wconf 90' lang='lat' dir='ltr'><strong>quomodo</strong></span> 
     </span>
    </p>
   </div>
   <div class='ocr_carea' id='block_1_20' title="bbox 346 2111 1935 2190">
    <p class='ocr_par' dir='ltr' id='par_1_20' title="bbox 346 2111 1935 2190">
     <span class='ocr_line' id='line_1_20' title="bbox 346 2111 1935 2190; baseline -0.007 -13"><span class='ocrx_word' id='word_1_160' title='bbox 346 2122 477 2178; x_wconf 90' lang='lat' dir='ltr'><strong>illud</strong></span> <span class='ocrx_word' id='word_1_161' title='bbox 521 2121 750 2190; x_wconf 75' lang='lat' dir='ltr'><strong>castiget</strong></span> <span class='ocrx_word' id='word_1_162' title='bbox 778 2117 998 2180; x_wconf 88' lang='lat' dir='ltr'><strong>dicens,</strong></span> <span class='ocrx_word' id='word_1_163' title='bbox 1032 2112 1099 2168; x_wconf 85' lang='lat' dir='ltr'><strong>In</strong></span> <span class='ocrx_word' id='word_1_164' title='bbox 1145 2113 1362 2168; x_wconf 89' lang='lat' dir='ltr'><strong>Domino</strong></span> <span class='ocrx_word' id='word_1_165' title='bbox 1390 2128 1410 2167; x_wconf 88' lang='lat'><strong><em>:</em></strong></span> <span class='ocrx_word' id='word_1_166' title='bbox 1446 2111 1498 2167; x_wconf 93' lang='lat' dir='ltr'><strong>id</strong></span> <span class='ocrx_word' id='word_1_167' title='bbox 1526 2120 1647 2176; x_wconf 90' lang='lat' dir='ltr'><strong>est,</strong></span> <span class='ocrx_word' id='word_1_168' title='bbox 1679 2111 1772 2165; x_wconf 91' lang='lat' dir='ltr'><strong>Dei</strong></span> <span class='ocrx_word' id='word_1_169' title='bbox 1800 2127 1935 2181; x_wconf 89' lang='lat' dir='ltr'><strong>opus</strong></span> 
     </span>
    </p>
   </div>
   <div class='ocr_carea' id='block_1_21' title="bbox 345 2202 1934 2280">
    <p class='ocr_par' dir='ltr' id='par_1_21' title="bbox 345 2202 1934 2280">
     <span class='ocr_line' id='line_1_21' title="bbox 345 2202 1934 2280; baseline -0.009 -10"><span class='ocrx_word' id='word_1_170' title='bbox 345 2224 430 2270; x_wconf 88' lang='lat' dir='ltr'><strong>est</strong></span> <span class='ocrx_word' id='word_1_171' title='bbox 451 2253 469 2280; x_wconf 90' lang='lat'><strong>,</strong></span> <span class='ocrx_word' id='word_1_172' title='bbox 501 2226 610 2266; x_wconf 91' lang='lat' dir='ltr'><strong>non</strong></span> <span class='ocrx_word' id='word_1_173' title='bbox 639 2223 837 2264; x_wconf 90' lang='lat' dir='ltr'><strong>meum.</strong></span> <span class='ocrx_word' id='word_1_174' title='bbox 867 2207 922 2260; x_wconf 76' lang='grc'><strong>2.</strong></span> <span class='ocrx_word' id='word_1_175' title='bbox 957 2205 1020 2261; x_wconf 90' lang='lat' dir='ltr'><strong>Si</strong></span> <span class='ocrx_word' id='word_1_176' title='bbox 1062 2205 1178 2260; x_wconf 86' lang='lat' dir='ltr'><strong>aliis</strong></span> <span class='ocrx_word' id='word_1_177' title='bbox 1219 2220 1325 2258; x_wconf 88' lang='lat' dir='ltr'><strong>non</strong></span> <span class='ocrx_word' id='word_1_178' title='bbox 1361 2219 1476 2258; x_wconf 89' lang='lat' dir='ltr'><strong>sum</strong></span> <span class='ocrx_word' id='word_1_179' title='bbox 1501 2203 1764 2272; x_wconf 75' lang='lat' dir='ltr'><strong>apostolus</strong></span> <span class='ocrx_word' id='word_1_180' title='bbox 1784 2242 1799 2268; x_wconf 91' lang='lat'><strong>,</strong></span> <span class='ocrx_word' id='word_1_181' title='bbox 1845 2202 1934 2256; x_wconf 85' lang='lat' dir='ltr'><strong>sed</strong></span> 
     </span>
    </p>
   </div>
   <div class='ocr_carea' id='block_1_22' title="bbox 351 2301 872 2359">
    <p class='ocr_par' dir='ltr' id='par_1_22' title="bbox 351 2301 872 2359">
     <span class='ocr_line' id='line_1_22' title="bbox 351 2301 872 2359; baseline -0.013 -1"><span class='ocrx_word' id='word_1_182' title='bbox 351 2314 522 2359; x_wconf 87' lang='lat' dir='ltr'><strong>tamen</strong></span> <span class='ocrx_word' id='word_1_183' title='bbox 561 2301 699 2356; x_wconf 84' lang='lat' dir='ltr'><strong>vobis</strong></span> <span class='ocrx_word' id='word_1_184' title='bbox 737 2314 872 2354; x_wconf 90' lang='lat' dir='ltr'><strong>sum.</strong></span> 
     </span>
    </p>
   </div>
   <div class='ocr_carea' id='block_1_23' title="bbox 415 2385 1935 2462">
    <p class='ocr_par' dir='ltr' id='par_1_23' title="bbox 415 2385 1935 2462">
     <span class='ocr_line' id='line_1_23' title="bbox 415 2385 1935 2462; baseline -0.007 -14"><span class='ocrx_word' id='word_1_185' title='bbox 415 2394 475 2450; x_wconf 77' lang='lat'><strong>2.</strong></span> <span class='ocrx_word' id='word_1_186' title='bbox 502 2392 663 2449; x_wconf 83' lang='lat' dir='ltr'><strong>Vides</strong></span> <span class='ocrx_word' id='word_1_187' title='bbox 689 2389 960 2462; x_wconf 87' lang='lat' dir='ltr'><strong>quomodo</strong></span> <span class='ocrx_word' id='word_1_188' title='bbox 1001 2401 1110 2443; x_wconf 91' lang='lat' dir='ltr'><strong>non</strong></span> <span class='ocrx_word' id='word_1_189' title='bbox 1149 2400 1582 2457; x_wconf 86' lang='lat' dir='ltr'><strong>supervacaneus</strong></span> <span class='ocrx_word' id='word_1_190' title='bbox 1626 2385 1732 2439; x_wconf 85' lang='lat' dir='ltr'><strong>sit?</strong></span> <span class='ocrx_word' id='word_1_191' title='bbox 1774 2385 1935 2455; x_wconf 88' lang='lat' dir='ltr'><strong>Atqui</strong></span> 
     </span>
    </p>
   </div>
   <div class='ocr_carea' id='block_1_24' title="bbox 345 2475 1937 2558">
    <p class='ocr_par' dir='ltr' id='par_1_24' title="bbox 345 2475 1937 2558">
     <span class='ocr_line' id='line_1_24' title="bbox 345 2475 1937 2558; baseline -0.008 -18"><span class='ocrx_word' id='word_1_192' title='bbox 345 2494 558 2558; x_wconf 85' lang='lat' dir='ltr'><strong>poterat</strong></span> <span class='ocrx_word' id='word_1_193' title='bbox 599 2483 780 2538; x_wconf 90' lang='lat' dir='ltr'><strong>dicere</strong></span> <span class='ocrx_word' id='word_1_194' title='bbox 824 2480 1010 2537; x_wconf 90' lang='lat' dir='ltr'><strong>orbem</strong></span> <span class='ocrx_word' id='word_1_195' title='bbox 1061 2489 1219 2534; x_wconf 72' lang='lat' dir='ltr'><strong>terra:</strong></span> <span class='ocrx_word' id='word_1_196' title='bbox 1263 2487 1320 2533; x_wconf 90' lang='lat' dir='ltr'><strong>et</strong></span> <span class='ocrx_word' id='word_1_197' title='bbox 1362 2485 1550 2548; x_wconf 87' lang='lat' dir='ltr'><strong>gentes</strong></span> <span class='ocrx_word' id='word_1_198' title='bbox 1590 2475 1844 2530; x_wconf 89' lang='lat' dir='ltr'><strong>barbaras</strong></span> <span class='ocrx_word' id='word_1_199' title='bbox 1882 2483 1937 2530; x_wconf 91' lang='lat' dir='ltr'><strong>et</strong></span> 
     </span>
    </p>
   </div>
   <div class='ocr_carea' id='block_1_25' title="bbox 348 2567 1936 2641">
    <p class='ocr_par' dir='ltr' id='par_1_25' title="bbox 348 2567 1936 2641">
     <span class='ocr_line' id='line_1_25' title="bbox 348 2567 1936 2641; baseline -0.009 -7"><span class='ocrx_word' id='word_1_200' title='bbox 348 2591 546 2634; x_wconf 89' lang='lat' dir='ltr'><strong>terram</strong></span> <span class='ocrx_word' id='word_1_201' title='bbox 573 2584 630 2632; x_wconf 90' lang='lat' dir='ltr'><strong>et</strong></span> <span class='ocrx_word' id='word_1_202' title='bbox 655 2589 836 2641; x_wconf 88' lang='lat' dir='ltr'><strong>mare;</strong></span> <span class='ocrx_word' id='word_1_203' title='bbox 864 2573 961 2630; x_wconf 92' lang='lat' dir='ltr'><strong>sed</strong></span> <span class='ocrx_word' id='word_1_204' title='bbox 983 2572 1114 2627; x_wconf 91' lang='lat' dir='ltr'><strong>nihil</strong></span> <span class='ocrx_word' id='word_1_205' title='bbox 1147 2571 1335 2626; x_wconf 89' lang='lat' dir='ltr'><strong>horum</strong></span> <span class='ocrx_word' id='word_1_206' title='bbox 1366 2569 1497 2624; x_wconf 88' lang='lat' dir='ltr'><strong>dicit</strong></span> <span class='ocrx_word' id='word_1_207' title='bbox 1523 2608 1540 2632; x_wconf 92' lang='lat'><strong>,</strong></span> <span class='ocrx_word' id='word_1_208' title='bbox 1584 2567 1678 2622; x_wconf 90' lang='lat' dir='ltr'><strong>sed</strong></span> <span class='ocrx_word' id='word_1_209' title='bbox 1719 2583 1786 2622; x_wconf 81' lang='lat' dir='ltr'><strong>ex</strong></span> <span class='ocrx_word' id='word_1_210' title='bbox 1807 2582 1936 2622; x_wconf 83' lang='lat' dir='ltr'><strong>eon-</strong></span> 
     </span>
    </p>
   </div>
   <div class='ocr_carea' id='block_1_26' title="bbox 347 2660 1934 2731">
    <p class='ocr_par' dir='ltr' id='par_1_26' title="bbox 347 2660 1934 2731">
     <span class='ocr_line' id='line_1_26' title="bbox 347 2660 1934 2731; baseline -0.008 -6"><span class='ocrx_word' id='word_1_211' title='bbox 347 2669 596 2731; x_wconf 87' lang='lat' dir='ltr'><strong>eessione</strong></span> <span class='ocrx_word' id='word_1_212' title='bbox 621 2675 675 2723; x_wconf 92' lang='lat' dir='ltr'><strong>et</strong></span> <span class='ocrx_word' id='word_1_213' title='bbox 704 2681 770 2722; x_wconf 85' lang='lat' dir='ltr'><strong>ex</strong></span> <span class='ocrx_word' id='word_1_214' title='bbox 796 2663 1121 2719; x_wconf 86' lang='lat' dir='ltr'><strong>abundantia</strong></span> <span class='ocrx_word' id='word_1_215' title='bbox 1147 2661 1332 2716; x_wconf 90' lang='lat' dir='ltr'><strong>vineit.</strong></span> <span class='ocrx_word' id='word_1_216' title='bbox 1363 2661 1501 2727; x_wconf 83' lang='lat' dir='ltr'><strong>Quid</strong></span> <span class='ocrx_word' id='word_1_217' title='bbox 1528 2661 1671 2716; x_wconf 88' lang='lat' dir='ltr'><strong>enim</strong></span> <span class='ocrx_word' id='word_1_218' title='bbox 1693 2701 1708 2724; x_wconf 94' lang='lat'><strong>,</strong></span> <span class='ocrx_word' id='word_1_219' title='bbox 1735 2660 1934 2729; x_wconf 87' lang='lat' dir='ltr'><strong>inquit,</strong></span> 
     </span>
    </p>
   </div>
   <div class='ocr_carea' id='block_1_27' title="bbox 347 2750 1936 2829">
    <p class='ocr_par' dir='ltr' id='par_1_27' title="bbox 347 2750 1936 2829">
     <span class='ocr_line' id='line_1_27' title="bbox 347 2750 1936 2829; baseline -0.009 -12"><span class='ocrx_word' id='word_1_220' title='bbox 347 2760 484 2817; x_wconf 84' lang='lat' dir='ltr'><strong>mihi</strong></span> <span class='ocrx_word' id='word_1_221' title='bbox 509 2773 645 2829; x_wconf 92' lang='lat' dir='ltr'><strong>opus</strong></span> <span class='ocrx_word' id='word_1_222' title='bbox 669 2766 753 2813; x_wconf 91' lang='lat' dir='ltr'><strong>est</strong></span> <span class='ocrx_word' id='word_1_223' title='bbox 783 2755 1200 2825; x_wconf 84' lang='lat' dir='ltr'><strong>supervacaneis</strong></span> <span class='ocrx_word' id='word_1_224' title='bbox 1219 2795 1235 2819; x_wconf 93' lang='lat'><strong>,</strong></span> <span class='ocrx_word' id='word_1_225' title='bbox 1267 2768 1387 2808; x_wconf 92' lang='lat' dir='ltr'><strong>cum</strong></span> <span class='ocrx_word' id='word_1_226' title='bbox 1419 2753 1534 2806; x_wconf 64' lang='lat' dir='ltr'><strong>hinc</strong></span> <span class='ocrx_word' id='word_1_227' title='bbox 1563 2751 1831 2806; x_wconf 83' lang='lat' dir='ltr'><strong>sufﬁciant</strong></span> <span class='ocrx_word' id='word_1_228' title='bbox 1870 2750 1936 2804; x_wconf 89' lang='lat' dir='ltr'><strong>ad</strong></span> 
     </span>
    </p>
   </div>
   <div class='ocr_carea' id='block_1_28' title="bbox 349 2843 1935 2922">
    <p class='ocr_par' dir='ltr' id='par_1_28' title="bbox 349 2843 1935 2922">
     <span class='ocr_line' id='line_1_28' title="bbox 349 2843 1935 2922; baseline -0.006 -15"><span class='ocrx_word' id='word_1_229' title='bbox 349 2865 590 2922; x_wconf 57' lang='lat' dir='ltr'><strong>praesens</strong></span> <span class='ocrx_word' id='word_1_230' title='bbox 618 2847 1033 2919; x_wconf 80' lang='lat' dir='ltr'><strong>argumentum?</strong></span> <span class='ocrx_word' id='word_1_231' title='bbox 1062 2844 1178 2901; x_wconf 83' lang='grc' dir='ltr'><strong>Νοη</strong></span> <span class='ocrx_word' id='word_1_232' title='bbox 1206 2845 1325 2901; x_wconf 90' lang='lat' dir='ltr'><strong>dico</strong></span> <span class='ocrx_word' id='word_1_233' title='bbox 1351 2845 1510 2914; x_wconf 78' lang='lat' dir='ltr'><strong>igitur</strong></span> <span class='ocrx_word' id='word_1_234' title='bbox 1535 2845 1624 2898; x_wconf 92' lang='lat' dir='ltr'><strong>illa</strong></span> <span class='ocrx_word' id='word_1_235' title='bbox 1652 2843 1935 2915; x_wconf 57' lang='lat' dir='ltr'><strong>praeclara,</strong></span> 
     </span>
    </p>
   </div>
   <div class='ocr_carea' id='block_1_29' title="bbox 349 2936 1938 3013">
    <p class='ocr_par' dir='ltr' id='par_1_29' title="bbox 349 2936 1938 3013">
     <span class='ocr_line' id='line_1_29' title="bbox 349 2936 1938 3013; baseline -0.004 -15"><span class='ocrx_word' id='word_1_236' title='bbox 349 2959 472 3013; x_wconf 72' lang='lat' dir='ltr'><strong>qua:</strong></span> <span class='ocrx_word' id='word_1_237' title='bbox 496 2941 636 3011; x_wconf 88' lang='lat' dir='ltr'><strong>apttd</strong></span> <span class='ocrx_word' id='word_1_238' title='bbox 663 2941 801 2997; x_wconf 89' lang='lat' dir='ltr'><strong>alios</strong></span> <span class='ocrx_word' id='word_1_239' title='bbox 820 2954 851 2994; x_wconf 92' lang='lat' dir='ltr'><strong>a</strong></span> <span class='ocrx_word' id='word_1_240' title='bbox 875 2954 961 2993; x_wconf 86' lang='lat' dir='ltr'><strong>tne</strong></span> <span class='ocrx_word' id='word_1_241' title='bbox 983 2937 1121 2994; x_wconf 81' lang='lat' dir='ltr'><strong>facta</strong></span> <span class='ocrx_word' id='word_1_242' title='bbox 1142 2945 1287 3002; x_wconf 90' lang='lat' dir='ltr'><strong>sunt,</strong></span> <span class='ocrx_word' id='word_1_243' title='bbox 1327 2936 1422 2993; x_wconf 89' lang='lat' dir='ltr'><strong>sed</strong></span> <span class='ocrx_word' id='word_1_244' title='bbox 1461 2952 1524 2993; x_wconf 88' lang='lat' dir='ltr'><strong>ea</strong></span> <span class='ocrx_word' id='word_1_245' title='bbox 1568 2952 1796 3006; x_wconf 89' lang='lat' dir='ltr'><strong>quorum</strong></span> <span class='ocrx_word' id='word_1_246' title='bbox 1842 2952 1938 2992; x_wconf 78' lang='lat' dir='ltr'><strong>vos</strong></span> 
     </span>
    </p>
   </div>
   <div class='ocr_carea' id='block_1_30' title="bbox 349 3027 1939 3100">
    <p class='ocr_par' dir='ltr' id='par_1_30' title="bbox 349 3027 1939 3100">
     <span class='ocr_line' id='line_1_30' title="bbox 349 3027 1939 3100; baseline -0.004 -12"><span class='ocrx_word' id='word_1_247' title='bbox 349 3043 517 3089; x_wconf 89' lang='lat' dir='ltr'><strong>testes</strong></span> <span class='ocrx_word' id='word_1_248' title='bbox 544 3031 698 3088; x_wconf 80' lang='lat' dir='ltr'><strong>estis.</strong></span> <span class='ocrx_word' id='word_1_249' title='bbox 730 3029 1068 3100; x_wconf 83' lang='lat' dir='ltr'><strong>Quapropter</strong></span> <span class='ocrx_word' id='word_1_250' title='bbox 1097 3027 1311 3085; x_wconf 89' lang='lat' dir='ltr'><strong>etiamsi</strong></span> <span class='ocrx_word' id='word_1_251' title='bbox 1335 3042 1442 3083; x_wconf 88' lang='lat' dir='ltr'><strong>non</strong></span> <span class='ocrx_word' id='word_1_252' title='bbox 1472 3027 1707 3095; x_wconf 87' lang='lat' dir='ltr'><strong>aliunde,</strong></span> <span class='ocrx_word' id='word_1_253' title='bbox 1728 3043 1758 3082; x_wconf 91' lang='lat' dir='ltr'><strong>a</strong></span> <span class='ocrx_word' id='word_1_254' title='bbox 1785 3027 1939 3083; x_wconf 89' lang='lat' dir='ltr'><strong>vobis</strong></span> 
     </span>
    </p>
   </div>
   <div class='ocr_carea' id='block_1_31' title="bbox 334 3119 1937 3193">
    <p class='ocr_par' dir='ltr' id='par_1_31' title="bbox 334 3119 1937 3193">
     <span class='ocr_line' id='line_1_31' title="bbox 334 3119 1937 3193; baseline -0.004 -13"><span class='ocrx_word' id='word_1_255' title='bbox 334 3125 590 3191; x_wconf 81' lang='lat' dir='ltr'><strong>maxime</strong></span> <span class='ocrx_word' id='word_1_256' title='bbox 615 3123 934 3193; x_wconf 90' lang='lat' dir='ltr'><strong>oportebat,</strong></span> <span class='ocrx_word' id='word_1_257' title='bbox 963 3136 1049 3176; x_wconf 91' lang='lat' dir='ltr'><strong>me</strong></span> <span class='ocrx_word' id='word_1_258' title='bbox 1079 3121 1324 3191; x_wconf 88' lang='lat' dir='ltr'><strong>accipere</strong></span> <span class='ocrx_word' id='word_1_259' title='bbox 1351 3136 1367 3172; x_wconf 87' lang='lat'><strong>:</strong></span> <span class='ocrx_word' id='word_1_260' title='bbox 1398 3126 1633 3174; x_wconf 88' lang='lat' dir='ltr'><strong>attamen</strong></span> <span class='ocrx_word' id='word_1_261' title='bbox 1665 3133 1694 3172; x_wconf 91' lang='lat' dir='ltr'><strong>a</strong></span> <span class='ocrx_word' id='word_1_262' title='bbox 1745 3119 1937 3189; x_wconf 89' lang='lat' dir='ltr'><strong>quibus</strong></span> 
     </span>
    </p>
   </div>
   <div class='ocr_carea' id='block_1_32' title="bbox 347 3209 1944 3284">
    <p class='ocr_par' dir='ltr' id='par_1_32' title="bbox 347 3209 1944 3284">
     <span class='ocr_line' id='line_1_32' title="bbox 347 3209 1944 3284; baseline -0.007 -12"><span class='ocrx_word' id='word_1_263' title='bbox 347 3233 438 3272; x_wconf 89' lang='lat' dir='ltr'><strong>me</strong></span> <span class='ocrx_word' id='word_1_264' title='bbox 463 3216 694 3271; x_wconf 84' lang='lat' dir='ltr'><strong>maxime</strong></span> <span class='ocrx_word' id='word_1_265' title='bbox 720 3213 1002 3284; x_wconf 89' lang='lat' dir='ltr'><strong>oportebat</strong></span> <span class='ocrx_word' id='word_1_266' title='bbox 1031 3213 1277 3282; x_wconf 88' lang='lat' dir='ltr'><strong>accipere</strong></span> <span class='ocrx_word' id='word_1_267' title='bbox 1305 3209 1535 3280; x_wconf 91' lang='lat' dir='ltr'><strong>(doctor</strong></span> <span class='ocrx_word' id='word_1_268' title='bbox 1571 3209 1715 3264; x_wconf 90' lang='lat' dir='ltr'><strong>enim</strong></span> <span class='ocrx_word' id='word_1_269' title='bbox 1761 3216 1944 3264; x_wconf 88' lang='lat' dir='ltr'><strong>vester</strong></span> 
     </span>
    </p>
   </div>
   <div class='ocr_carea' id='block_1_33' title="bbox 351 3298 1938 3379">
    <p class='ocr_par' dir='ltr' id='par_1_33' title="bbox 351 3298 1938 3379">
     <span class='ocr_line' id='line_1_33' title="bbox 351 3298 1938 3379; baseline -0.005 -17"><span class='ocrx_word' id='word_1_270' title='bbox 351 3306 464 3379; x_wconf 84' lang='lat' dir='ltr'><strong>fui)</strong></span> <span class='ocrx_word' id='word_1_271' title='bbox 490 3348 505 3373; x_wconf 94' lang='lat'><strong>,</strong></span> <span class='ocrx_word' id='word_1_272' title='bbox 533 3306 602 3360; x_wconf 88' lang='lat' dir='ltr'><strong>ab</strong></span> <span class='ocrx_word' id='word_1_273' title='bbox 629 3305 693 3359; x_wconf 88' lang='lat' dir='ltr'><strong>iis</strong></span> <span class='ocrx_word' id='word_1_274' title='bbox 722 3319 828 3358; x_wconf 90' lang='lat' dir='ltr'><strong>non</strong></span> <span class='ocrx_word' id='word_1_275' title='bbox 855 3302 1058 3372; x_wconf 89' lang='lat' dir='ltr'><strong>accepi.</strong></span> <span class='ocrx_word' id='word_1_276' title='bbox 1091 3301 1154 3356; x_wconf 90' lang='lat' dir='ltr'><strong>Si</strong></span> <span class='ocrx_word' id='word_1_277' title='bbox 1187 3301 1305 3355; x_wconf 90' lang='lat' dir='ltr'><strong>aliis</strong></span> <span class='ocrx_word' id='word_1_278' title='bbox 1347 3316 1448 3354; x_wconf 89' lang='lat' dir='ltr'><strong>non</strong></span> <span class='ocrx_word' id='word_1_279' title='bbox 1484 3315 1599 3354; x_wconf 86' lang='lat' dir='ltr'><strong>sunt</strong></span> <span class='ocrx_word' id='word_1_280' title='bbox 1639 3298 1938 3369; x_wconf 74' lang='lat' dir='ltr'><strong>apostolus,</strong></span> 
     </span>
    </p>
   </div>
   <div class='ocr_carea' id='block_1_34' title="bbox 349 3391 1937 3460">
    <p class='ocr_par' dir='ltr' id='par_1_34' title="bbox 349 3391 1937 3460">
     <span class='ocr_line' id='line_1_34' title="bbox 349 3391 1937 3460; baseline -0.004 -8"><span class='ocrx_word' id='word_1_281' title='bbox 349 3399 439 3452; x_wconf 86' lang='lat' dir='ltr'><strong>sed</strong></span> <span class='ocrx_word' id='word_1_282' title='bbox 486 3396 624 3451; x_wconf 87' lang='lat' dir='ltr'><strong>vobis</strong></span> <span class='ocrx_word' id='word_1_283' title='bbox 676 3410 812 3449; x_wconf 89' lang='lat' dir='ltr'><strong>sum.</strong></span> <span class='ocrx_word' id='word_1_284' title='bbox 860 3392 1068 3448; x_wconf 81' lang='lat' dir='ltr'><strong>Rursus</strong></span> <span class='ocrx_word' id='word_1_285' title='bbox 1109 3407 1172 3446; x_wconf 83' lang='lat' dir='ltr'><strong>ex</strong></span> <span class='ocrx_word' id='word_1_286' title='bbox 1205 3391 1477 3446; x_wconf 89' lang='lat' dir='ltr'><strong>concessis</strong></span> <span class='ocrx_word' id='word_1_287' title='bbox 1508 3391 1741 3460; x_wconf 89' lang='lat' dir='ltr'><strong>loquitur</strong></span> <span class='ocrx_word' id='word_1_288' title='bbox 1770 3407 1784 3443; x_wconf 90' lang='lat'><strong>:</strong></span> <span class='ocrx_word' id='word_1_289' title='bbox 1814 3406 1937 3446; x_wconf 90' lang='lat' dir='ltr'><strong>nam</strong></span> 
     </span>
    </p>
   </div>
   <div class='ocr_carea' id='block_1_35' title="bbox 347 3482 1934 3557">
    <p class='ocr_par' dir='ltr' id='par_1_35' title="bbox 347 3482 1934 3557">
     <span class='ocr_line' id='line_1_35' title="bbox 347 3482 1934 3557; baseline -0.005 -11"><span class='ocrx_word' id='word_1_290' title='bbox 347 3489 500 3546; x_wconf 88' lang='lat' dir='ltr'><strong>orbis</strong></span> <span class='ocrx_word' id='word_1_291' title='bbox 525 3487 801 3557; x_wconf 86' lang='lat' dir='ltr'><strong>apostolus</strong></span> <span class='ocrx_word' id='word_1_292' title='bbox 830 3493 967 3541; x_wconf 90' lang='lat' dir='ltr'><strong>erat.</strong></span> <span class='ocrx_word' id='word_1_293' title='bbox 996 3486 1244 3539; x_wconf 86' lang='lat' dir='ltr'><strong>Attamen</strong></span> <span class='ocrx_word' id='word_1_294' title='bbox 1279 3483 1383 3539; x_wconf 89' lang='lat' dir='ltr'><strong>hoc</strong></span> <span class='ocrx_word' id='word_1_295' title='bbox 1409 3498 1514 3538; x_wconf 90' lang='lat' dir='ltr'><strong>non</strong></span> <span class='ocrx_word' id='word_1_296' title='bbox 1545 3483 1667 3540; x_wconf 90' lang='lat' dir='ltr'><strong>dico</strong></span> <span class='ocrx_word' id='word_1_297' title='bbox 1685 3523 1700 3550; x_wconf 93' lang='lat'><strong>,</strong></span> <span class='ocrx_word' id='word_1_298' title='bbox 1732 3482 1934 3554; x_wconf 88' lang='lat' dir='ltr'><strong>inquit,</strong></span> 
     </span>
    </p>
   </div>
   <div class='ocr_carea' id='block_1_36' title="bbox 352 3573 1938 3650">
    <p class='ocr_par' dir='ltr' id='par_1_36' title="bbox 352 3573 1938 3650">
     <span class='ocr_line' id='line_1_36' title="bbox 352 3573 1938 3650; baseline -0.003 -16"><span class='ocrx_word' id='word_1_299' title='bbox 352 3594 526 3650; x_wconf 88' lang='lat' dir='ltr'><strong>neque</strong></span> <span class='ocrx_word' id='word_1_300' title='bbox 552 3593 731 3648; x_wconf 84' lang='lat' dir='ltr'><strong>pugno</strong></span> <span class='ocrx_word' id='word_1_301' title='bbox 777 3585 834 3632; x_wconf 87' lang='lat' dir='ltr'><strong>et</strong></span> <span class='ocrx_word' id='word_1_302' title='bbox 873 3574 1182 3639; x_wconf 89' lang='lat' dir='ltr'><strong>contendo,</strong></span> <span class='ocrx_word' id='word_1_303' title='bbox 1234 3573 1333 3629; x_wconf 88' lang='lat' dir='ltr'><strong>sed</strong></span> <span class='ocrx_word' id='word_1_304' title='bbox 1379 3573 1522 3644; x_wconf 91' lang='lat' dir='ltr'><strong>quod</strong></span> <span class='ocrx_word' id='word_1_305' title='bbox 1567 3583 1805 3629; x_wconf 89' lang='lat' dir='ltr'><strong>vestrum</strong></span> <span class='ocrx_word' id='word_1_306' title='bbox 1856 3585 1938 3630; x_wconf 92' lang='lat' dir='ltr'><strong>est</strong></span> 
     </span>
    </p>
   </div>
   <div class='ocr_carea' id='block_1_37' title="bbox 352 3666 1932 3744">
    <p class='ocr_par' dir='ltr' id='par_1_37' title="bbox 352 3666 1932 3744">
     <span class='ocr_line' id='line_1_37' title="bbox 352 3666 1932 3744; baseline -0.006 -15"><span class='ocrx_word' id='word_1_307' title='bbox 352 3688 513 3744; x_wconf 89' lang='lat' dir='ltr'><strong>pono.</strong></span> <span class='ocrx_word' id='word_1_308' title='bbox 546 3670 684 3726; x_wconf 83' lang='lat' dir='ltr'><strong>Nam</strong></span> <span class='ocrx_word' id='word_1_309' title='bbox 709 3668 1027 3742; x_wconf 77' lang='lat' dir='ltr'><strong>signaculum</strong></span> <span class='ocrx_word' id='word_1_310' title='bbox 1065 3667 1380 3737; x_wconf 84' lang='lat' dir='ltr'><strong>apostolatus</strong></span> <span class='ocrx_word' id='word_1_311' title='bbox 1423 3668 1521 3720; x_wconf 92' lang='lat' dir='ltr'><strong>mei</strong></span> <span class='ocrx_word' id='word_1_312' title='bbox 1562 3683 1649 3721; x_wconf 86' lang='lat' dir='ltr'><strong>vos</strong></span> <span class='ocrx_word' id='word_1_313' title='bbox 1691 3667 1809 3721; x_wconf 84' lang='lat' dir='ltr'><strong>estis</strong></span> <span class='ocrx_word' id='word_1_314' title='bbox 1844 3666 1932 3738; x_wconf 71' lang='lat'><strong>(2.</strong></span> 
     </span>
    </p>
   </div>
   <div class='ocr_carea' id='block_1_38' title="bbox 351 3759 1938 3833">
    <p class='ocr_par' dir='ltr' id='par_1_38' title="bbox 351 3759 1938 3833">
     <span class='ocr_line' id='line_1_38' title="bbox 351 3759 1938 3833; baseline -0.004 -11"><span class='ocrx_word' id='word_1_315' title='bbox 351 3766 472 3822; x_wconf 87' lang='lat' dir='ltr'><strong>Cor.</strong></span> <span class='ocrx_word' id='word_1_316' title='bbox 503 3764 593 3820; x_wconf 77' lang='grc'><strong>19..</strong></span> <span class='ocrx_word' id='word_1_317' title='bbox 623 3763 732 3833; x_wconf 73' lang='grc'><strong>12)</strong></span> <span class='ocrx_word' id='word_1_318' title='bbox 761 3778 777 3818; x_wconf 88' lang='lat'><strong>:</strong></span> <span class='ocrx_word' id='word_1_319' title='bbox 809 3761 862 3817; x_wconf 93' lang='lat' dir='ltr'><strong>id</strong></span> <span class='ocrx_word' id='word_1_320' title='bbox 893 3771 994 3827; x_wconf 92' lang='lat' dir='ltr'><strong>est,</strong></span> <span class='ocrx_word' id='word_1_321' title='bbox 1023 3759 1432 3816; x_wconf 88' lang='lat' dir='ltr'><strong>demonstratio.</strong></span> <span class='ocrx_word' id='word_1_322' title='bbox 1463 3760 1529 3812; x_wconf 87' lang='lat' dir='ltr'><strong>Et</strong></span> <span class='ocrx_word' id='word_1_323' title='bbox 1566 3759 1612 3813; x_wconf 90' lang='lat' dir='ltr'><strong>si</strong></span> <span class='ocrx_word' id='word_1_324' title='bbox 1641 3761 1761 3829; x_wconf 92' lang='lat' dir='ltr'><strong>quis</strong></span> <span class='ocrx_word' id='word_1_325' title='bbox 1801 3761 1938 3815; x_wconf 89' lang='lat' dir='ltr'><strong>scire</strong></span> 
     </span>
    </p>
   </div>
   <div class='ocr_carea' id='block_1_39' title="bbox 349 3850 1936 3926">
    <p class='ocr_par' dir='ltr' id='par_1_39' title="bbox 349 3850 1936 3926">
     <span class='ocr_line' id='line_1_39' title="bbox 349 3850 1936 3926; baseline -0.006 -12"><span class='ocrx_word' id='word_1_326' title='bbox 349 3859 481 3914; x_wconf 90' lang='lat' dir='ltr'><strong>velit</strong></span> <span class='ocrx_word' id='word_1_327' title='bbox 530 3855 672 3913; x_wconf 90' lang='lat' dir='ltr'><strong>unde</strong></span> <span class='ocrx_word' id='word_1_328' title='bbox 721 3856 822 3910; x_wconf 90' lang='lat' dir='ltr'><strong>sim</strong></span> <span class='ocrx_word' id='word_1_329' title='bbox 870 3852 1190 3926; x_wconf 86' lang='lat' dir='ltr'><strong>apostolus,</strong></span> <span class='ocrx_word' id='word_1_330' title='bbox 1260 3865 1360 3907; x_wconf 87' lang='lat' dir='ltr'><strong>vos</strong></span> <span class='ocrx_word' id='word_1_331' title='bbox 1411 3850 1630 3920; x_wconf 84' lang='lat' dir='ltr'><strong>profero</strong></span> <span class='ocrx_word' id='word_1_332' title='bbox 1689 3867 1704 3904; x_wconf 88' lang='lat'><strong>:</strong></span> <span class='ocrx_word' id='word_1_333' title='bbox 1756 3852 1936 3905; x_wconf 89' lang='lat' dir='ltr'><strong>omnia</strong></span> 
     </span>
    </p>
   </div>
   <div class='ocr_carea' id='block_1_40' title="bbox 350 3941 1937 4018">
    <p class='ocr_par' dir='ltr' id='par_1_40' title="bbox 350 3941 1937 4018">
     <span class='ocr_line' id='line_1_40' title="bbox 350 3941 1937 4018; baseline -0.008 -12"><span class='ocrx_word' id='word_1_334' title='bbox 350 3951 494 4007; x_wconf 90' lang='lat' dir='ltr'><strong>enim</strong></span> <span class='ocrx_word' id='word_1_335' title='bbox 540 3965 661 4018; x_wconf 79' lang='lat' dir='ltr'><strong>qua:</strong></span> <span class='ocrx_word' id='word_1_336' title='bbox 700 3954 828 4002; x_wconf 93' lang='lat' dir='ltr'><strong>sunt</strong></span> <span class='ocrx_word' id='word_1_337' title='bbox 869 3944 1133 4016; x_wconf 87' lang='lat' dir='ltr'><strong>apostoli,</strong></span> <span class='ocrx_word' id='word_1_338' title='bbox 1187 3944 1240 3998; x_wconf 90' lang='lat' dir='ltr'><strong>in</strong></span> <span class='ocrx_word' id='word_1_339' title='bbox 1281 3943 1432 3998; x_wconf 89' lang='lat' dir='ltr'><strong>vobis</strong></span> <span class='ocrx_word' id='word_1_340' title='bbox 1476 3941 1688 3999; x_wconf 90' lang='lat' dir='ltr'><strong>ostendi</strong></span> <span class='ocrx_word' id='word_1_341' title='bbox 1720 3951 1776 3998; x_wconf 92' lang='lat' dir='ltr'><strong>et</strong></span> <span class='ocrx_word' id='word_1_342' title='bbox 1804 3941 1937 3996; x_wconf 89' lang='lat' dir='ltr'><strong>nihil</strong></span> 
     </span>
    </p>
   </div>
   <div class='ocr_carea' id='block_1_41' title="bbox 349 4033 1933 4112">
    <p class='ocr_par' dir='ltr' id='par_1_41' title="bbox 349 4033 1933 4112">
     <span class='ocr_line' id='line_1_41' title="bbox 349 4033 1933 4112; baseline -0.005 -16"><span class='ocrx_word' id='word_1_343' title='bbox 349 4039 699 4112; x_wconf 67' lang='lat' dir='ltr'><strong>praetermisi;</strong></span> <span class='ocrx_word' id='word_1_344' title='bbox 745 4047 804 4094; x_wconf 90' lang='lat' dir='ltr'><strong>ut</strong></span> <span class='ocrx_word' id='word_1_345' title='bbox 850 4037 904 4091; x_wconf 90' lang='lat' dir='ltr'><strong>in</strong></span> <span class='ocrx_word' id='word_1_346' title='bbox 951 4034 1187 4091; x_wconf 88' lang='lat' dir='ltr'><strong>secunda</strong></span> <span class='ocrx_word' id='word_1_347' title='bbox 1253 4049 1468 4106; x_wconf 88' lang='lat' dir='ltr'><strong>quoque</strong></span> <span class='ocrx_word' id='word_1_348' title='bbox 1515 4034 1743 4105; x_wconf 87' lang='lat' dir='ltr'><strong>epistola</strong></span> <span class='ocrx_word' id='word_1_349' title='bbox 1783 4033 1933 4101; x_wconf 89' lang='lat' dir='ltr'><strong>dicit,</strong></span> 
     </span>
    </p>
   </div>
   <div class='ocr_carea' id='block_1_42' title="bbox 349 4129 1937 4206">
    <p class='ocr_par' dir='ltr' id='par_1_42' title="bbox 349 4129 1937 4206">
     <span class='ocr_line' id='line_1_42' title="bbox 349 4129 1937 4206; baseline -0.005 -16"><span class='ocrx_word' id='word_1_350' title='bbox 349 4134 566 4191; x_wconf 84' lang='lat' dir='ltr'><strong>Etiamsi</strong></span> <span class='ocrx_word' id='word_1_351' title='bbox 626 4130 756 4186; x_wconf 86' lang='lat' dir='ltr'><strong>nihil</strong></span> <span class='ocrx_word' id='word_1_352' title='bbox 807 4147 981 4206; x_wconf 49' lang='lat' dir='ltr'><strong>sum,</strong></span> <span class='ocrx_word' id='word_1_353' title='bbox 1029 4129 1311 4198; x_wconf 88' lang='lat' dir='ltr'><strong>inquiens,</strong></span> <span class='ocrx_word' id='word_1_354' title='bbox 1364 4129 1511 4198; x_wconf 83' lang='lat' dir='ltr'><strong>signa</strong></span> <span class='ocrx_word' id='word_1_355' title='bbox 1577 4137 1745 4182; x_wconf 89' lang='lat' dir='ltr'><strong>tamen</strong></span> <span class='ocrx_word' id='word_1_356' title='bbox 1810 4145 1937 4199; x_wconf 91' lang='lat' dir='ltr'><strong>apo-</strong></span> 
     </span>
    </p>
   </div>
   <div class='ocr_carea' id='block_1_43' title="bbox 349 4220 1936 4292">
    <p class='ocr_par' dir='ltr' id='par_1_43' title="bbox 349 4220 1936 4292">
     <span class='ocr_line' id='line_1_43' title="bbox 349 4220 1936 4292; baseline -0.004 -12"><span class='ocrx_word' id='word_1_357' title='bbox 349 4225 468 4281; x_wconf 90' lang='lat' dir='ltr'><strong>stoli</strong></span> <span class='ocrx_word' id='word_1_358' title='bbox 505 4225 559 4278; x_wconf 88' lang='lat' dir='ltr'><strong>in</strong></span> <span class='ocrx_word' id='word_1_359' title='bbox 597 4222 734 4278; x_wconf 83' lang='lat' dir='ltr'><strong>vobis</strong></span> <span class='ocrx_word' id='word_1_360' title='bbox 787 4222 922 4292; x_wconf 87' lang='lat' dir='ltr'><strong>facta</strong></span> <span class='ocrx_word' id='word_1_361' title='bbox 963 4220 1158 4274; x_wconf 86' lang='lat' dir='ltr'><strong>suntin</strong></span> <span class='ocrx_word' id='word_1_362' title='bbox 1183 4220 1321 4274; x_wconf 90' lang='lat' dir='ltr'><strong>omni</strong></span> <span class='ocrx_word' id='word_1_363' title='bbox 1372 4220 1628 4288; x_wconf 88' lang='lat' dir='ltr'><strong>potentia,</strong></span> <span class='ocrx_word' id='word_1_364' title='bbox 1674 4220 1726 4272; x_wconf 91' lang='lat' dir='ltr'><strong>in</strong></span> <span class='ocrx_word' id='word_1_365' title='bbox 1778 4221 1936 4291; x_wconf 86' lang='lat' dir='ltr'><strong>signis</strong></span> 
     </span>
    </p>
   </div>
   <div class='ocr_carea' id='block_1_44' title="bbox 349 4309 1934 4387">
    <p class='ocr_par' dir='ltr' id='par_1_44' title="bbox 349 4309 1934 4387">
     <span class='ocr_line' id='line_1_44' title="bbox 349 4309 1934 4387; baseline -0.004 -15"><span class='ocrx_word' id='word_1_366' title='bbox 349 4327 398 4372; x_wconf 90' lang='lat' dir='ltr'><strong>et</strong></span> <span class='ocrx_word' id='word_1_367' title='bbox 427 4315 673 4387; x_wconf 88' lang='lat' dir='ltr'><strong>prodigiis</strong></span> <span class='ocrx_word' id='word_1_368' title='bbox 717 4322 765 4368; x_wconf 90' lang='lat' dir='ltr'><strong>et</strong></span> <span class='ocrx_word' id='word_1_369' title='bbox 805 4312 1064 4366; x_wconf 82' lang='lat' dir='ltr'><strong>virtutibus</strong></span> <span class='ocrx_word' id='word_1_370' title='bbox 1097 4309 1275 4382; x_wconf 84' lang='lat' dir='ltr'><strong>(Ibid.</strong></span> <span class='ocrx_word' id='word_1_371' title='bbox 1303 4326 1360 4366; x_wconf 87' lang='lat' dir='ltr'><strong>v.</strong></span> <span class='ocrx_word' id='word_1_372' title='bbox 1413 4310 1500 4364; x_wconf 77' lang='lat' dir='ltr'><strong>ii.</strong></span> <span class='ocrx_word' id='word_1_373' title='bbox 1547 4319 1603 4364; x_wconf 90' lang='lat' dir='ltr'><strong>et</strong></span> <span class='ocrx_word' id='word_1_374' title='bbox 1648 4309 1772 4381; x_wconf 66' lang='grc'><strong>12).</strong></span> <span class='ocrx_word' id='word_1_375' title='bbox 1797 4311 1934 4376; x_wconf 85' lang='lat' dir='ltr'><strong>Quid</strong></span> 
     </span>
    </p>
   </div>
   <div class='ocr_carea' id='block_1_45' title="bbox 353 4400 1934 4475">
    <p class='ocr_par' dir='ltr' id='par_1_45' title="bbox 353 4400 1934 4475">
     <span class='ocr_line' id='line_1_45' title="bbox 353 4400 1934 4475; baseline -0.006 -11"><span class='ocrx_word' id='word_1_376' title='bbox 353 4419 438 4464; x_wconf 89' lang='lat' dir='ltr'><strong>est</strong></span> <span class='ocrx_word' id='word_1_377' title='bbox 479 4407 659 4470; x_wconf 90' lang='lat' dir='ltr'><strong>enim,</strong></span> <span class='ocrx_word' id='word_1_378' title='bbox 712 4404 854 4475; x_wconf 90' lang='lat' dir='ltr'><strong>quod</strong></span> <span class='ocrx_word' id='word_1_379' title='bbox 898 4403 1074 4458; x_wconf 89' lang='lat' dir='ltr'><strong>minus</strong></span> <span class='ocrx_word' id='word_1_380' title='bbox 1113 4400 1372 4455; x_wconf 88' lang='lat' dir='ltr'><strong>habuistis</strong></span> <span class='ocrx_word' id='word_1_381' title='bbox 1417 4416 1526 4470; x_wconf 73' lang='lat' dir='ltr'><strong>pra:</strong></span> <span class='ocrx_word' id='word_1_382' title='bbox 1570 4401 1778 4456; x_wconf 57' lang='lat' dir='ltr'><strong>exteris</strong></span> <span class='ocrx_word' id='word_1_383' title='bbox 1828 4400 1934 4456; x_wconf 90' lang='lat' dir='ltr'><strong>Ee-</strong></span> 
     </span>
    </p>
   </div>
   <div class='ocr_carea' id='block_1_46' title="bbox 349 4491 1935 4565">
    <p class='ocr_par' dir='ltr' id='par_1_46' title="bbox 349 4491 1935 4565">
     <span class='ocr_line' id='line_1_46' title="bbox 349 4491 1935 4565; baseline -0.007 -9"><span class='ocrx_word' id='word_1_384' title='bbox 349 4498 569 4556; x_wconf 85' lang='lat' dir='ltr'><strong>clcsiis?</strong></span> <span class='ocrx_word' id='word_1_385' title='bbox 613 4497 738 4552; x_wconf 87' lang='lat' dir='ltr'><strong>Ideo</strong></span> <span class='ocrx_word' id='word_1_386' title='bbox 780 4495 856 4550; x_wconf 86' lang='lat' dir='ltr'><strong>ait</strong></span> <span class='ocrx_word' id='word_1_387' title='bbox 910 4509 922 4544; x_wconf 89' lang='lat'><strong>:</strong></span> <span class='ocrx_word' id='word_1_388' title='bbox 977 4493 1311 4565; x_wconf 81' lang='lat' dir='ltr'><strong>Signaculum</strong></span> <span class='ocrx_word' id='word_1_389' title='bbox 1352 4491 1667 4564; x_wconf 85' lang='lat' dir='ltr'><strong>apostolatus</strong></span> <span class='ocrx_word' id='word_1_390' title='bbox 1709 4492 1806 4545; x_wconf 90' lang='lat' dir='ltr'><strong>mei</strong></span> <span class='ocrx_word' id='word_1_391' title='bbox 1850 4508 1935 4546; x_wconf 93' lang='lat' dir='ltr'><strong>vos</strong></span> 
     </span>
    </p>
   </div>
   <div class='ocr_carea' id='block_1_47' title="bbox 358 4584 1934 4661">
    <p class='ocr_par' dir='ltr' id='par_1_47' title="bbox 358 4584 1934 4661">
     <span class='ocr_line' id='line_1_47' title="bbox 358 4584 1934 4661; baseline -0.008 -11"><span class='ocrx_word' id='word_1_392' title='bbox 358 4596 494 4650; x_wconf 87' lang='lat' dir='ltr'><strong>estis.</strong></span> <span class='ocrx_word' id='word_1_393' title='bbox 525 4593 660 4649; x_wconf 86' lang='lat' dir='ltr'><strong>Nam</strong></span> <span class='ocrx_word' id='word_1_394' title='bbox 684 4601 739 4648; x_wconf 90' lang='lat' dir='ltr'><strong>et</strong></span> <span class='ocrx_word' id='word_1_395' title='bbox 765 4591 914 4661; x_wconf 90' lang='lat' dir='ltr'><strong>signa</strong></span> <span class='ocrx_word' id='word_1_396' title='bbox 941 4588 1176 4655; x_wconf 86' lang='lat' dir='ltr'><strong>ostendi,</strong></span> <span class='ocrx_word' id='word_1_397' title='bbox 1204 4595 1258 4641; x_wconf 91' lang='lat' dir='ltr'><strong>et</strong></span> <span class='ocrx_word' id='word_1_398' title='bbox 1290 4585 1459 4641; x_wconf 90' lang='lat' dir='ltr'><strong>verbo</strong></span> <span class='ocrx_word' id='word_1_399' title='bbox 1479 4585 1666 4649; x_wconf 91' lang='lat' dir='ltr'><strong>docui,</strong></span> <span class='ocrx_word' id='word_1_400' title='bbox 1693 4595 1748 4640; x_wconf 89' lang='lat' dir='ltr'><strong>et</strong></span> <span class='ocrx_word' id='word_1_401' title='bbox 1790 4584 1934 4654; x_wconf 86' lang='lat' dir='ltr'><strong>peri-</strong></span> 
     </span>
    </p>
   </div>
   <div class='ocr_carea' id='block_1_48' title="bbox 357 4678 1933 4752">
    <p class='ocr_par' dir='ltr' id='par_1_48' title="bbox 357 4678 1933 4752">
     <span class='ocr_line' id='line_1_48' title="bbox 357 4678 1933 4752; baseline -0.006 -10"><span class='ocrx_word' id='word_1_402' title='bbox 357 4688 476 4742; x_wconf 86' lang='lat' dir='ltr'><strong>cula</strong></span> <span class='ocrx_word' id='word_1_403' title='bbox 506 4687 662 4752; x_wconf 83' lang='lat' dir='ltr'><strong>subii,</strong></span> <span class='ocrx_word' id='word_1_404' title='bbox 691 4695 746 4740; x_wconf 88' lang='lat' dir='ltr'><strong>et</strong></span> <span class='ocrx_word' id='word_1_405' title='bbox 771 4685 931 4739; x_wconf 89' lang='lat' dir='ltr'><strong>vitam</strong></span> <span class='ocrx_word' id='word_1_406' title='bbox 963 4681 1284 4750; x_wconf 81' lang='lat' dir='ltr'><strong>inculpatum</strong></span> <span class='ocrx_word' id='word_1_407' title='bbox 1312 4678 1466 4732; x_wconf 90' lang='lat' dir='ltr'><strong>duxi.</strong></span> <span class='ocrx_word' id='word_1_408' title='bbox 1498 4678 1567 4732; x_wconf 86' lang='lat' dir='ltr'><strong>Et</strong></span> <span class='ocrx_word' id='word_1_409' title='bbox 1599 4678 1713 4732; x_wconf 68' lang='lat' dir='ltr'><strong>haec</strong></span> <span class='ocrx_word' id='word_1_410' title='bbox 1755 4678 1933 4732; x_wconf 87' lang='lat' dir='ltr'><strong>omnia</strong></span> 
     </span>
    </p>
   </div>
   <div class='ocr_carea' id='block_1_49' title="bbox 355 4771 1934 4847">
    <p class='ocr_par' dir='ltr' id='par_1_49' title="bbox 355 4771 1934 4847">
     <span class='ocr_line' id='line_1_49' title="bbox 355 4771 1934 4847; baseline -0.009 -6"><span class='ocrx_word' id='word_1_411' title='bbox 355 4785 542 4841; x_wconf 81' lang='lat' dir='ltr'><strong>videre</strong></span> <span class='ocrx_word' id='word_1_412' title='bbox 569 4781 692 4834; x_wconf 86' lang='lat' dir='ltr'><strong>licet</strong></span> <span class='ocrx_word' id='word_1_413' title='bbox 714 4793 811 4847; x_wconf 89' lang='lat' dir='ltr'><strong>per</strong></span> <span class='ocrx_word' id='word_1_414' title='bbox 837 4777 997 4831; x_wconf 88' lang='lat' dir='ltr'><strong>hasce</strong></span> <span class='ocrx_word' id='word_1_415' title='bbox 1021 4773 1154 4828; x_wconf 91' lang='lat' dir='ltr'><strong>duas</strong></span> <span class='ocrx_word' id='word_1_416' title='bbox 1183 4771 1470 4841; x_wconf 81' lang='lat' dir='ltr'><strong>epistolas,</strong></span> <span class='ocrx_word' id='word_1_417' title='bbox 1498 4785 1655 4839; x_wconf 90' lang='lat' dir='ltr'><strong>quam</strong></span> <span class='ocrx_word' id='word_1_418' title='bbox 1685 4779 1934 4826; x_wconf 83' lang='lat' dir='ltr'><strong>accurate</strong></span> 
     </span>
    </p>
   </div>
   <div class='ocr_carea' id='block_1_50' title="bbox 359 4860 1930 4944">
    <p class='ocr_par' dir='ltr' id='par_1_50' title="bbox 359 4860 1930 4944">
     <span class='ocr_line' id='line_1_50' title="bbox 359 4860 1930 4944; baseline -0.014 -10"><span class='ocrx_word' id='word_1_419' title='bbox 359 4889 554 4944; x_wconf 88' lang='lat' dir='ltr'><strong>nempe</strong></span> <span class='ocrx_word' id='word_1_420' title='bbox 575 4871 690 4925; x_wconf 84' lang='lat' dir='ltr'><strong>haec</strong></span> <span class='ocrx_word' id='word_1_421' title='bbox 705 4867 908 4938; x_wconf 89' lang='lat' dir='ltr'><strong>singula</strong></span> <span class='ocrx_word' id='word_1_422' title='bbox 936 4867 1288 4920; x_wconf 87' lang='lat' dir='ltr'><strong>demonstret.</strong></span> <span class='ocrx_word' id='word_1_423' title='bbox 1320 4863 1372 4916; x_wconf 79' lang='grc'><strong>5.</strong></span> <span class='ocrx_word' id='word_1_424' title='bbox 1413 4861 1534 4915; x_wconf 82' lang='lat' dir='ltr'><strong>Mea</strong></span> <span class='ocrx_word' id='word_1_425' title='bbox 1577 4861 1800 4928; x_wconf 78' lang='lat' dir='ltr'><strong>defensio</strong></span> <span class='ocrx_word' id='word_1_426' title='bbox 1834 4860 1930 4926; x_wconf 90' lang='lat' dir='ltr'><strong>iis,</strong></span> 
     </span>
    </p>
   </div>
   <div class='ocr_carea' id='block_1_51' title="bbox 355 4951 1934 5040">
    <p class='ocr_par' dir='ltr' id='par_1_51' title="bbox 355 4951 1934 5040">
     <span class='ocr_line' id='line_1_51' title="bbox 355 4951 1934 5040; baseline -0.011 -18"><span class='ocrx_word' id='word_1_427' title='bbox 355 4970 443 5040; x_wconf 89' lang='lat' dir='ltr'><strong>qui</strong></span> <span class='ocrx_word' id='word_1_428' title='bbox 471 4981 547 5020; x_wconf 89' lang='lat' dir='ltr'><strong>me</strong></span> <span class='ocrx_word' id='word_1_429' title='bbox 575 4965 884 5028; x_wconf 85' lang='lat' dir='ltr'><strong>interrogant</strong></span> <span class='ocrx_word' id='word_1_430' title='bbox 909 4998 924 5022; x_wconf 91' lang='lat'><strong>,</strong></span> <span class='ocrx_word' id='word_1_431' title='bbox 955 4957 1060 5011; x_wconf 46' lang='lat' dir='ltr'><strong>hare</strong></span> <span class='ocrx_word' id='word_1_432' title='bbox 1081 4963 1174 5008; x_wconf 90' lang='lat' dir='ltr'><strong>est.</strong></span> <span class='ocrx_word' id='word_1_433' title='bbox 1207 4951 1342 5019; x_wconf 86' lang='lat' dir='ltr'><strong>Quid</strong></span> <span class='ocrx_word' id='word_1_434' title='bbox 1380 4961 1495 5013; x_wconf 86' lang='lat' dir='ltr'><strong>est,</strong></span> <span class='ocrx_word' id='word_1_435' title='bbox 1547 4951 1664 5004; x_wconf 82' lang='lat' dir='ltr'><strong>Mea</strong></span> <span class='ocrx_word' id='word_1_436' title='bbox 1709 4951 1934 5022; x_wconf 78' lang='lat' dir='ltr'><strong>defensio</strong></span> 
     </span>
    </p>
   </div>
   <div class='ocr_carea' id='block_1_52' title="bbox 354 5041 1934 5126">
    <p class='ocr_par' dir='ltr' id='par_1_52' title="bbox 354 5041 1934 5126">
     <span class='ocr_line' id='line_1_52' title="bbox 354 5041 1934 5126; baseline -0.016 -13"><span class='ocrx_word' id='word_1_437' title='bbox 354 5061 420 5113; x_wconf 87' lang='lat' dir='ltr'><strong>iis</strong></span> <span class='ocrx_word' id='word_1_438' title='bbox 445 5099 458 5120; x_wconf 88' lang='lat'><strong>,</strong></span> <span class='ocrx_word' id='word_1_439' title='bbox 489 5055 574 5126; x_wconf 87' lang='lat' dir='ltr'><strong>qui</strong></span> <span class='ocrx_word' id='word_1_440' title='bbox 598 5067 677 5105; x_wconf 89' lang='lat' dir='ltr'><strong>me</strong></span> <span class='ocrx_word' id='word_1_441' title='bbox 704 5051 1050 5116; x_wconf 84' lang='lat' dir='ltr'><strong>interrogant,</strong></span> <span class='ocrx_word' id='word_1_442' title='bbox 1083 5046 1189 5099; x_wconf 62' lang='lat' dir='ltr'><strong>haec</strong></span> <span class='ocrx_word' id='word_1_443' title='bbox 1210 5044 1326 5097; x_wconf 86' lang='lat' dir='ltr'><strong>est?</strong></span> <span class='ocrx_word' id='word_1_444' title='bbox 1356 5042 1423 5096; x_wconf 90' lang='lat' dir='ltr'><strong>lis</strong></span> <span class='ocrx_word' id='word_1_445' title='bbox 1452 5042 1539 5112; x_wconf 85' lang='lat' dir='ltr'><strong>qui</strong></span> <span class='ocrx_word' id='word_1_446' title='bbox 1588 5041 1796 5095; x_wconf 84' lang='lat' dir='ltr'><strong>discere</strong></span> <span class='ocrx_word' id='word_1_447' title='bbox 1839 5057 1934 5096; x_wconf 78' lang='lat' dir='ltr'><strong>vo.</strong></span> 
     </span>
    </p>
   </div>
   <div class='ocr_carea' id='block_1_53' title="bbox 354 5134 1932 5206">
    <p class='ocr_par' dir='ltr' id='par_1_53' title="bbox 354 5134 1932 5206">
     <span class='ocr_line' id='line_1_53' title="bbox 354 5134 1932 5206; baseline -0.01 -2"><span class='ocrx_word' id='word_1_448' title='bbox 354 5151 474 5205; x_wconf 84' lang='lat' dir='ltr'><strong>lunt</strong></span> <span class='ocrx_word' id='word_1_449' title='bbox 505 5144 770 5200; x_wconf 87' lang='lat' dir='ltr'><strong>undenam</strong></span> <span class='ocrx_word' id='word_1_450' title='bbox 791 5138 891 5192; x_wconf 89' lang='lat' dir='ltr'><strong>sim</strong></span> <span class='ocrx_word' id='word_1_451' title='bbox 912 5137 1218 5206; x_wconf 87' lang='lat' dir='ltr'><strong>apostolus,</strong></span> <span class='ocrx_word' id='word_1_452' title='bbox 1248 5145 1337 5190; x_wconf 92' lang='lat' dir='ltr'><strong>aut</strong></span> <span class='ocrx_word' id='word_1_453' title='bbox 1366 5135 1431 5190; x_wconf 91' lang='lat' dir='ltr'><strong>iis</strong></span> <span class='ocrx_word' id='word_1_454' title='bbox 1474 5135 1565 5205; x_wconf 92' lang='lat' dir='ltr'><strong>qui</strong></span> <span class='ocrx_word' id='word_1_455' title='bbox 1615 5149 1704 5189; x_wconf 90' lang='lat' dir='ltr'><strong>me</strong></span> <span class='ocrx_word' id='word_1_456' title='bbox 1749 5134 1932 5188; x_wconf 83' lang='lat' dir='ltr'><strong>crimi-</strong></span> 
     </span>
    </p>
   </div>
   <div class='ocr_carea' id='block_1_54' title="bbox 350 5226 1927 5304">
    <p class='ocr_par' dir='ltr' id='par_1_54' title="bbox 350 5226 1927 5304">
     <span class='ocr_line' id='line_1_54' title="bbox 350 5226 1927 5304; baseline -0.01 -8"><span class='ocrx_word' id='word_1_457' title='bbox 350 5249 544 5297; x_wconf 81' lang='lat' dir='ltr'><strong>nuntur</strong></span> <span class='ocrx_word' id='word_1_458' title='bbox 575 5245 632 5291; x_wconf 90' lang='lat' dir='ltr'><strong>ut</strong></span> <span class='ocrx_word' id='word_1_459' title='bbox 662 5234 752 5304; x_wconf 92' lang='lat' dir='ltr'><strong>qui</strong></span> <span class='ocrx_word' id='word_1_460' title='bbox 778 5231 1028 5303; x_wconf 89' lang='lat' dir='ltr'><strong>pecunias</strong></span> <span class='ocrx_word' id='word_1_461' title='bbox 1054 5229 1313 5297; x_wconf 87' lang='lat' dir='ltr'><strong>accipiam</strong></span> <span class='ocrx_word' id='word_1_462' title='bbox 1339 5270 1355 5295; x_wconf 91' lang='lat'><strong>,</strong></span> <span class='ocrx_word' id='word_1_463' title='bbox 1384 5236 1477 5281; x_wconf 91' lang='lat' dir='ltr'><strong>aut</strong></span> <span class='ocrx_word' id='word_1_464' title='bbox 1504 5227 1570 5282; x_wconf 88' lang='lat' dir='ltr'><strong>iis</strong></span> <span class='ocrx_word' id='word_1_465' title='bbox 1597 5226 1686 5296; x_wconf 91' lang='lat' dir='ltr'><strong>qui</strong></span> <span class='ocrx_word' id='word_1_466' title='bbox 1712 5241 1927 5281; x_wconf 85' lang='lat' dir='ltr'><strong>causam</strong></span> 
     </span>
    </p>
   </div>
   <div class='ocr_carea' id='block_1_55' title="bbox 350 5317 1930 5403">
    <p class='ocr_par' dir='ltr' id='par_1_55' title="bbox 350 5317 1930 5403">
     <span class='ocr_line' id='line_1_55' title="bbox 350 5317 1930 5403; baseline -0.011 -16"><span class='ocrx_word' id='word_1_467' title='bbox 350 5319 596 5403; x_wconf 82' lang='lat' dir='ltr'><strong>quaerunt</strong></span> <span class='ocrx_word' id='word_1_468' title='bbox 619 5341 715 5382; x_wconf 92' lang='lat' dir='ltr'><strong>cur</strong></span> <span class='ocrx_word' id='word_1_469' title='bbox 741 5337 847 5378; x_wconf 80' lang='lat' dir='ltr'><strong>non</strong></span> <span class='ocrx_word' id='word_1_470' title='bbox 868 5320 1123 5390; x_wconf 89' lang='lat' dir='ltr'><strong>accipiam</strong></span> <span class='ocrx_word' id='word_1_471' title='bbox 1143 5358 1160 5385; x_wconf 91' lang='lat'><strong>,</strong></span> <span class='ocrx_word' id='word_1_472' title='bbox 1195 5327 1288 5373; x_wconf 90' lang='lat' dir='ltr'><strong>aut</strong></span> <span class='ocrx_word' id='word_1_473' title='bbox 1313 5319 1377 5373; x_wconf 91' lang='lat' dir='ltr'><strong>iis</strong></span> <span class='ocrx_word' id='word_1_474' title='bbox 1405 5318 1494 5387; x_wconf 91' lang='lat' dir='ltr'><strong>qui</strong></span> <span class='ocrx_word' id='word_1_475' title='bbox 1520 5317 1704 5372; x_wconf 89' lang='lat' dir='ltr'><strong>volunt</strong></span> <span class='ocrx_word' id='word_1_476' title='bbox 1749 5327 1930 5371; x_wconf 85' lang='lat' dir='ltr'><strong>osten-</strong></span> 
     </span>
    </p>
   </div>
   <div class='ocr_carea' id='block_1_56' title="bbox 351 5408 1933 5486">
    <p class='ocr_par' dir='ltr' id='par_1_56' title="bbox 351 5408 1933 5486">
     <span class='ocr_line' id='line_1_56' title="bbox 351 5408 1933 5486; baseline -0.01 -7"><span class='ocrx_word' id='word_1_477' title='bbox 351 5423 514 5486; x_wconf 86' lang='lat' dir='ltr'><strong>dere,</strong></span> <span class='ocrx_word' id='word_1_478' title='bbox 545 5433 632 5474; x_wconf 91' lang='lat' dir='ltr'><strong>me</strong></span> <span class='ocrx_word' id='word_1_479' title='bbox 660 5431 766 5472; x_wconf 90' lang='lat' dir='ltr'><strong>non</strong></span> <span class='ocrx_word' id='word_1_480' title='bbox 795 5427 917 5469; x_wconf 89' lang='lat' dir='ltr'><strong>esse</strong></span> <span class='ocrx_word' id='word_1_481' title='bbox 942 5409 1244 5482; x_wconf 88' lang='lat' dir='ltr'><strong>apostolum</strong></span> <span class='ocrx_word' id='word_1_482' title='bbox 1273 5449 1289 5474; x_wconf 93' lang='lat'><strong>,</strong></span> <span class='ocrx_word' id='word_1_483' title='bbox 1320 5419 1496 5464; x_wconf 80' lang='lat' dir='ltr'><strong>vesua</strong></span> <span class='ocrx_word' id='word_1_484' title='bbox 1527 5408 1788 5465; x_wconf 87' lang='lat' dir='ltr'><strong>institutio</strong></span> <span class='ocrx_word' id='word_1_485' title='bbox 1811 5451 1825 5473; x_wconf 90' lang='lat'><strong>,</strong></span> <span class='ocrx_word' id='word_1_486' title='bbox 1877 5417 1933 5464; x_wconf 85' lang='lat' dir='ltr'><strong>et</strong></span> 
     </span>
    </p>
   </div>
   <div class='ocr_carea' id='block_1_57' title="bbox 348 5499 1929 5584">
    <p class='ocr_par' dir='ltr' id='par_1_57' title="bbox 348 5499 1929 5584">
     <span class='ocr_line' id='line_1_57' title="bbox 348 5499 1929 5584; baseline -0.011 -14"><span class='ocrx_word' id='word_1_487' title='bbox 348 5530 412 5570; x_wconf 88' lang='lat' dir='ltr'><strong>ea</strong></span> <span class='ocrx_word' id='word_1_488' title='bbox 441 5527 561 5584; x_wconf 72' lang='lat' dir='ltr'><strong>qua:</strong></span> <span class='ocrx_word' id='word_1_489' title='bbox 586 5509 826 5565; x_wconf 89' lang='lat' dir='ltr'><strong>dicturus</strong></span> <span class='ocrx_word' id='word_1_490' title='bbox 854 5519 971 5560; x_wconf 91' lang='lat' dir='ltr'><strong>sum</strong></span> <span class='ocrx_word' id='word_1_491' title='bbox 993 5544 1008 5568; x_wconf 95' lang='lat'><strong>,</strong></span> <span class='ocrx_word' id='word_1_492' title='bbox 1045 5501 1104 5556; x_wconf 89' lang='lat' dir='ltr'><strong>in</strong></span> <span class='ocrx_word' id='word_1_493' title='bbox 1127 5499 1636 5556; x_wconf 87' lang='lat' dir='ltr'><strong>demonstrationem</strong></span> <span class='ocrx_word' id='word_1_494' title='bbox 1664 5511 1717 5555; x_wconf 89' lang='lat' dir='ltr'><strong>et</strong></span> <span class='ocrx_word' id='word_1_495' title='bbox 1744 5500 1929 5557; x_wconf 85' lang='lat' dir='ltr'><strong>defen-</strong></span> 
     </span>
    </p>
   </div>
   <div class='ocr_carea' id='block_1_58' title="bbox 347 5591 1929 5664">
    <p class='ocr_par' dir='ltr' id='par_1_58' title="bbox 347 5591 1929 5664">
     <span class='ocr_line' id='line_1_58' title="bbox 347 5591 1929 5664; baseline -0.01 -4"><span class='ocrx_word' id='word_1_496' title='bbox 347 5607 554 5659; x_wconf 84' lang='lat' dir='ltr'><strong>sionem</strong></span> <span class='ocrx_word' id='word_1_497' title='bbox 587 5601 898 5656; x_wconf 74' lang='lat' dir='ltr'><strong>afferuntur.</strong></span> <span class='ocrx_word' id='word_1_498' title='bbox 931 5596 1186 5664; x_wconf 69' lang='lat' dir='ltr'><strong>Qumnam</strong></span> <span class='ocrx_word' id='word_1_499' title='bbox 1211 5599 1388 5646; x_wconf 89' lang='lat' dir='ltr'><strong>autem</strong></span> <span class='ocrx_word' id='word_1_500' title='bbox 1417 5591 1543 5646; x_wconf 89' lang='lat' dir='ltr'><strong>illa?</strong></span> <span class='ocrx_word' id='word_1_501' title='bbox 1578 5593 1629 5646; x_wconf 78' lang='grc'><strong>4.</strong></span> <span class='ocrx_word' id='word_1_502' title='bbox 1664 5591 1929 5661; x_wconf 83' lang='lat' dir='ltr'><strong>Numquid</strong></span> 
     </span>
    </p>
   </div>
   <div class='ocr_carea' id='block_1_59' title="bbox 348 5683 1923 5761">
    <p class='ocr_par' dir='ltr' id='par_1_59' title="bbox 348 5683 1923 5761">
     <span class='ocr_line' id='line_1_59' title="bbox 348 5683 1923 5761; baseline -0.01 -10"><span class='ocrx_word' id='word_1_503' title='bbox 348 5714 449 5752; x_wconf 86' lang='lat' dir='ltr'><strong>non</strong></span> <span class='ocrx_word' id='word_1_504' title='bbox 495 5695 732 5749; x_wconf 88' lang='lat' dir='ltr'><strong>habemus</strong></span> <span class='ocrx_word' id='word_1_505' title='bbox 776 5697 1068 5761; x_wconf 87' lang='lat' dir='ltr'><strong>potestatem</strong></span> <span class='ocrx_word' id='word_1_506' title='bbox 1118 5683 1462 5740; x_wconf 85' lang='lat' dir='ltr'><strong>ntandueandi</strong></span> <span class='ocrx_word' id='word_1_507' title='bbox 1505 5693 1550 5737; x_wconf 89' lang='lat' dir='ltr'><strong>et</strong></span> <span class='ocrx_word' id='word_1_508' title='bbox 1588 5683 1834 5738; x_wconf 84' lang='lat' dir='ltr'><strong>bibendi?</strong></span> <span class='ocrx_word' id='word_1_509' title='bbox 1869 5684 1923 5741; x_wconf 85' lang='lat'><strong>5.</strong></span> 
     </span>
    </p>
   </div>
   <div class='ocr_carea' id='block_1_60' title="bbox 345 5774 1920 5851">
    <p class='ocr_par' dir='ltr' id='par_1_60' title="bbox 345 5774 1920 5851">
     <span class='ocr_line' id='line_1_60' title="bbox 345 5774 1920 5851; baseline -0.007 -11"><span class='ocrx_word' id='word_1_510' title='bbox 345 5787 587 5850; x_wconf 87' lang='lat' dir='ltr'><strong>numquid</strong></span> <span class='ocrx_word' id='word_1_511' title='bbox 625 5802 723 5842; x_wconf 87' lang='lat' dir='ltr'><strong>non</strong></span> <span class='ocrx_word' id='word_1_512' title='bbox 773 5780 1010 5838; x_wconf 80' lang='lat' dir='ltr'><strong>habemus</strong></span> <span class='ocrx_word' id='word_1_513' title='bbox 1062 5786 1355 5851; x_wconf 87' lang='lat' dir='ltr'><strong>potestatem</strong></span> <span class='ocrx_word' id='word_1_514' title='bbox 1402 5774 1660 5830; x_wconf 78' lang='lat' dir='ltr'><strong>mulierem</strong></span> <span class='ocrx_word' id='word_1_515' title='bbox 1697 5790 1920 5831; x_wconf 88' lang='lat' dir='ltr'><strong>sororem</strong></span> 
     </span>
    </p>
   </div>
   <div class='ocr_carea' id='block_1_61' title="bbox 1044 349 2858 417">
    <p class='ocr_par' dir='ltr' id='par_1_61' title="bbox 1044 349 2858 417">
     <span class='ocr_line' id='line_1_61' title="bbox 1044 349 2858 417; baseline 0.006 -11"><span class='ocrx_word' id='word_1_516' title='bbox 1044 349 1101 406; x_wconf 92' lang='lat' dir='ltr'><strong>S.</strong></span> <span class='ocrx_word' id='word_1_517' title='bbox 1141 350 1419 407; x_wconf 83' lang='lat' dir='ltr'><strong>JOANNIS</strong></span> <span class='ocrx_word' id='word_1_518' title='bbox 1455 351 1931 408; x_wconf 78' lang='lat' dir='ltr'><strong>CHRYSOSTOMI</strong></span> <span class='ocrx_word' id='word_1_519' title='bbox 1969 352 2287 410; x_wconf 79' lang='lat' dir='ltr'><strong>ARCHIEP.</strong></span> <span class='ocrx_word' id='word_1_520' title='bbox 2327 355 2858 417; x_wconf 81' lang='lat' dir='ltr'><strong>CONSTANTINOP.</strong></span> 
     </span>
    </p>
   </div>
   <div class='ocr_carea' id='block_1_62' title="bbox 3522 376 3617 434">
    <p class='ocr_par' dir='ltr' id='par_1_62' title="bbox 3522 376 3617 434">
     <span class='ocr_line' id='line_1_62' title="bbox 3522 376 3617 434; baseline -0.011 0"><span class='ocrx_word' id='word_1_521' title='bbox 3522 376 3617 434; x_wconf 63' lang='lat'><strong>{72</strong></span> 
     </span>
    </p>
   </div>
   <div class='ocr_carea' id='block_1_63' title="bbox 2040 469 3614 560">
    <p class='ocr_par' dir='ltr' id='par_1_63' title="bbox 2040 469 3614 560">
     <span class='ocr_line' id='line_1_63' title="bbox 2040 469 3614 560; baseline 0.017 -40"><span class='ocrx_word' id='word_1_522' title='bbox 2040 469 2454 526; x_wconf 81' lang='lat' dir='ltr'><strong>circumducendi</strong></span> <span class='ocrx_word' id='word_1_523' title='bbox 2475 473 2500 526; x_wconf 84' lang='lat'><strong><em>?</em></strong></span> <span class='ocrx_word' id='word_1_524' title='bbox 2525 473 2874 545; x_wconf 85' lang='lat' dir='ltr'><strong>thuomodo</strong></span> <span class='ocrx_word' id='word_1_525' title='bbox 2889 477 3005 535; x_wconf 65' lang='lat' dir='ltr'><strong>huic</strong></span> <span class='ocrx_word' id='word_1_526' title='bbox 3023 479 3266 540; x_wconf 80' lang='lat' dir='ltr'><strong>defensio</strong></span> <span class='ocrx_word' id='word_1_527' title='bbox 3287 489 3448 542; x_wconf 77' lang='lat' dir='ltr'><strong>sunt?</strong></span> <span class='ocrx_word' id='word_1_528' title='bbox 3467 490 3614 560; x_wconf 84' lang='lat' dir='ltr'><strong>Quia,</strong></span> 
     </span>
    </p>
   </div>
   <div class='ocr_carea' id='block_1_64' title="bbox 2038 564 3612 646">
    <p class='ocr_par' dir='ltr' id='par_1_64' title="bbox 2038 564 3612 646">
     <span class='ocr_line' id='line_1_64' title="bbox 2038 564 3612 646; baseline 0.015 -32"><span class='ocrx_word' id='word_1_529' title='bbox 2038 575 2159 616; x_wconf 88' lang='lat' dir='ltr'><strong>eum</strong></span> <span class='ocrx_word' id='word_1_530' title='bbox 2189 564 2498 633; x_wconf 88' lang='lat' dir='ltr'><strong>apparuerit</strong></span> <span class='ocrx_word' id='word_1_531' title='bbox 2523 580 2610 622; x_wconf 91' lang='lat' dir='ltr'><strong>me</strong></span> <span class='ocrx_word' id='word_1_532' title='bbox 2633 569 2794 623; x_wconf 90' lang='lat' dir='ltr'><strong>etiam</strong></span> <span class='ocrx_word' id='word_1_533' title='bbox 2820 584 2850 623; x_wconf 92' lang='lat' dir='ltr'><strong>a</strong></span> <span class='ocrx_word' id='word_1_534' title='bbox 2878 575 3150 628; x_wconf 89' lang='lat' dir='ltr'><strong>concessis</strong></span> <span class='ocrx_word' id='word_1_535' title='bbox 3178 577 3479 646; x_wconf 90' lang='lat' dir='ltr'><strong>abstinere,</strong></span> <span class='ocrx_word' id='word_1_536' title='bbox 3513 598 3612 638; x_wconf 90' lang='lat' dir='ltr'><strong>non</strong></span> 
     </span>
    </p>
   </div>
   <div class='ocr_carea' id='block_1_65' title="bbox 2033 655 3615 740">
    <p class='ocr_par' dir='ltr' id='par_1_65' title="bbox 2033 655 3615 740">
     <span class='ocr_line' id='line_1_65' title="bbox 2033 655 3615 740; baseline 0.013 -30"><span class='ocrx_word' id='word_1_537' title='bbox 2033 655 2156 724; x_wconf 87' lang='lat' dir='ltr'><strong>jure</strong></span> <span class='ocrx_word' id='word_1_538' title='bbox 2181 657 2235 710; x_wconf 91' lang='lat' dir='ltr'><strong>in</strong></span> <span class='ocrx_word' id='word_1_539' title='bbox 2266 659 2624 728; x_wconf 88' lang='lat' dir='ltr'><strong>suspicionem</strong></span> <span class='ocrx_word' id='word_1_540' title='bbox 2665 664 2906 718; x_wconf 89' lang='lat' dir='ltr'><strong>venerim</strong></span> <span class='ocrx_word' id='word_1_541' title='bbox 2949 667 3092 735; x_wconf 90' lang='lat' dir='ltr'><strong>quod</strong></span> <span class='ocrx_word' id='word_1_542' title='bbox 3140 667 3298 724; x_wconf 84' lang='lat' dir='ltr'><strong>fallax</strong></span> <span class='ocrx_word' id='word_1_543' title='bbox 3347 673 3448 728; x_wconf 86' lang='lat' dir='ltr'><strong>sim</strong></span> <span class='ocrx_word' id='word_1_544' title='bbox 3477 716 3493 740; x_wconf 96' lang='lat'><strong>,</strong></span> <span class='ocrx_word' id='word_1_545' title='bbox 3538 678 3615 732; x_wconf 86' lang='lat' dir='ltr'><strong>vel</strong></span> 
     </span>
    </p>
   </div>
   <div class='ocr_carea' id='block_1_66' title="bbox 2038 746 3617 836">
    <p class='ocr_par' dir='ltr' id='par_1_66' title="bbox 2038 746 3617 836">
     <span class='ocr_line' id='line_1_66' title="bbox 2038 746 3617 836; baseline 0.015 -39"><span class='ocrx_word' id='word_1_546' title='bbox 2038 746 2181 814; x_wconf 91' lang='lat' dir='ltr'><strong>quod</strong></span> <span class='ocrx_word' id='word_1_547' title='bbox 2208 749 2447 816; x_wconf 65' lang='lat' dir='ltr'><strong>pecuniae</strong></span> <span class='ocrx_word' id='word_1_548' title='bbox 2475 764 2636 804; x_wconf 89' lang='lat' dir='ltr'><strong>causa</strong></span> <span class='ocrx_word' id='word_1_549' title='bbox 2681 753 2883 823; x_wconf 89' lang='lat' dir='ltr'><strong>aliquid</strong></span> <span class='ocrx_word' id='word_1_550' title='bbox 2927 755 3139 812; x_wconf 90' lang='lat' dir='ltr'><strong>faciam.</strong></span> <span class='ocrx_word' id='word_1_551' title='bbox 3189 761 3263 816; x_wconf 79' lang='lat' dir='ltr'><strong>Ea</strong></span> <span class='ocrx_word' id='word_1_552' title='bbox 3305 762 3462 832; x_wconf 90' lang='lat' dir='ltr'><strong>igitur</strong></span> <span class='ocrx_word' id='word_1_553' title='bbox 3503 782 3617 836; x_wconf 69' lang='lat' dir='ltr'><strong>qua:</strong></span> 
     </span>
    </p>
   </div>
   <div class='ocr_carea' id='block_1_67' title="bbox 2039 836 3615 928">
    <p class='ocr_par' dir='ltr' id='par_1_67' title="bbox 2039 836 3615 928">
     <span class='ocr_line' id='line_1_67' title="bbox 2039 836 3615 928; baseline 0.015 -39"><span class='ocrx_word' id='word_1_554' title='bbox 2039 836 2190 928; x_wconf 83' lang='lat' dir='ltr'><strong>prius</strong></span> <span class='ocrx_word' id='word_1_555' title='bbox 2216 837 2356 928; x_wconf 85' lang='lat' dir='ltr'><strong>dicta</strong></span> <span class='ocrx_word' id='word_1_556' title='bbox 2385 851 2530 908; x_wconf 88' lang='lat' dir='ltr'><strong>sunt,</strong></span> <span class='ocrx_word' id='word_1_557' title='bbox 2561 851 2618 897; x_wconf 92' lang='lat' dir='ltr'><strong>ct</strong></span> <span class='ocrx_word' id='word_1_558' title='bbox 2642 854 2820 900; x_wconf 89' lang='lat' dir='ltr'><strong>vestra</strong></span> <span class='ocrx_word' id='word_1_559' title='bbox 2848 846 3113 915; x_wconf 88' lang='lat' dir='ltr'><strong>doctrina,</strong></span> <span class='ocrx_word' id='word_1_560' title='bbox 3137 861 3190 905; x_wconf 94' lang='lat' dir='ltr'><strong>et</strong></span> <span class='ocrx_word' id='word_1_561' title='bbox 3215 868 3333 922; x_wconf 75' lang='lat' dir='ltr'><strong>qua:</strong></span> <span class='ocrx_word' id='word_1_562' title='bbox 3356 857 3465 924; x_wconf 88' lang='lat' dir='ltr'><strong>jam</strong></span> <span class='ocrx_word' id='word_1_563' title='bbox 3487 859 3615 928; x_wconf 81' lang='lat' dir='ltr'><strong>dixi,</strong></span> 
     </span>
    </p>
   </div>
   <div class='ocr_carea' id='block_1_68' title="bbox 2038 926 3616 1005">
    <p class='ocr_par' dir='ltr' id='par_1_68' title="bbox 2038 926 3616 1005">
     <span class='ocr_line' id='line_1_68' title="bbox 2038 926 3616 1005; baseline 0.016 -26"><span class='ocrx_word' id='word_1_564' title='bbox 2038 926 2105 980; x_wconf 89' lang='lat' dir='ltr'><strong>ad</strong></span> <span class='ocrx_word' id='word_1_565' title='bbox 2135 926 2500 986; x_wconf 85' lang='lat' dir='ltr'><strong>defensionem</strong></span> <span class='ocrx_word' id='word_1_566' title='bbox 2527 932 2678 988; x_wconf 89' lang='lat' dir='ltr'><strong>vobis</strong></span> <span class='ocrx_word' id='word_1_567' title='bbox 2704 935 3015 1004; x_wconf 79' lang='lat' dir='ltr'><strong>sufficiunt;</strong></span> <span class='ocrx_word' id='word_1_568' title='bbox 3044 949 3100 994; x_wconf 91' lang='lat' dir='ltr'><strong>et</strong></span> <span class='ocrx_word' id='word_1_569' title='bbox 3142 942 3399 999; x_wconf 89' lang='lat' dir='ltr'><strong>adversus</strong></span> <span class='ocrx_word' id='word_1_570' title='bbox 3434 926 3616 1005; x_wconf 83' lang='lat' dir='ltr'><strong>omnes</strong></span> 
     </span>
    </p>
   </div>
   <div class='ocr_carea' id='block_1_69' title="bbox 2037 1016 3615 1096">
    <p class='ocr_par' dir='ltr' id='par_1_69' title="bbox 2037 1016 3615 1096">
     <span class='ocr_line' id='line_1_69' title="bbox 2037 1016 3615 1096; baseline 0.016 -27"><span class='ocrx_word' id='word_1_571' title='bbox 2037 1016 2126 1085; x_wconf 90' lang='lat' dir='ltr'><strong>qui</strong></span> <span class='ocrx_word' id='word_1_572' title='bbox 2150 1017 2479 1088; x_wconf 83' lang='lat' dir='ltr'><strong>interrogant</strong></span> <span class='ocrx_word' id='word_1_573' title='bbox 2505 1039 2593 1078; x_wconf 91' lang='lat' dir='ltr'><strong>me</strong></span> <span class='ocrx_word' id='word_1_574' title='bbox 2616 1063 2632 1088; x_wconf 91' lang='lat'><strong>,</strong></span> <span class='ocrx_word' id='word_1_575' title='bbox 2665 1023 2753 1080; x_wconf 89' lang='lat' dir='ltr'><strong>hic</strong></span> <span class='ocrx_word' id='word_1_576' title='bbox 2775 1026 2884 1092; x_wconf 85' lang='lat' dir='ltr'><strong>jam</strong></span> <span class='ocrx_word' id='word_1_577' title='bbox 2915 1037 3038 1096; x_wconf 92' lang='lat' dir='ltr'><strong>sto,</strong></span> <span class='ocrx_word' id='word_1_578' title='bbox 3069 1039 3123 1085; x_wconf 93' lang='lat' dir='ltr'><strong>et</strong></span> <span class='ocrx_word' id='word_1_579' title='bbox 3153 1031 3267 1089; x_wconf 68' lang='lat' dir='ltr'><strong>inec</strong></span> <span class='ocrx_word' id='word_1_580' title='bbox 3303 1045 3357 1089; x_wconf 91' lang='lat' dir='ltr'><strong>et</strong></span> <span class='ocrx_word' id='word_1_581' title='bbox 3400 1038 3490 1092; x_wconf 89' lang='lat' dir='ltr'><strong>illa</strong></span> <span class='ocrx_word' id='word_1_582' title='bbox 3534 1040 3615 1092; x_wconf 90' lang='lat' dir='ltr'><strong>di-</strong></span> 
     </span>
    </p>
   </div>
   <div class='ocr_carea' id='block_1_70' title="bbox 2037 1109 3618 1184">
    <p class='ocr_par' dir='ltr' id='par_1_70' title="bbox 2037 1109 3618 1184">
     <span class='ocr_line' id='line_1_70' title="bbox 2037 1109 3618 1184; baseline 0.016 -26"><span class='ocrx_word' id='word_1_583' title='bbox 2037 1119 2167 1160; x_wconf 90' lang='lat' dir='ltr'><strong>cens</strong></span> <span class='ocrx_word' id='word_1_584' title='bbox 2198 1126 2213 1162; x_wconf 85' lang='lat'><strong>:</strong></span> <span class='ocrx_word' id='word_1_585' title='bbox 2243 1109 2423 1163; x_wconf 77' lang='lat' dir='ltr'><strong>Annon</strong></span> <span class='ocrx_word' id='word_1_586' title='bbox 2449 1111 2690 1166; x_wconf 85' lang='lat' dir='ltr'><strong>habemus</strong></span> <span class='ocrx_word' id='word_1_587' title='bbox 2738 1126 3034 1184; x_wconf 86' lang='lat' dir='ltr'><strong>potestatem</strong></span> <span class='ocrx_word' id='word_1_588' title='bbox 3077 1124 3422 1179; x_wconf 88' lang='lat' dir='ltr'><strong>manducandi</strong></span> <span class='ocrx_word' id='word_1_589' title='bbox 3461 1139 3508 1182; x_wconf 88' lang='lat' dir='ltr'><strong>et</strong></span> <span class='ocrx_word' id='word_1_590' title='bbox 3547 1129 3618 1184; x_wconf 83' lang='lat' dir='ltr'><strong>bi-</strong></span> 
     </span>
    </p>
   </div>
   <div class='ocr_carea' id='block_1_71' title="bbox 2039 1195 3618 1276">
    <p class='ocr_par' dir='ltr' id='par_1_71' title="bbox 2039 1195 3618 1276">
     <span class='ocr_line' id='line_1_71' title="bbox 2039 1195 3618 1276; baseline 0.016 -27"><span class='ocrx_word' id='word_1_591' title='bbox 2039 1195 2233 1251; x_wconf 85' lang='lat' dir='ltr'><strong>bendi?</strong></span> <span class='ocrx_word' id='word_1_592' title='bbox 2257 1216 2427 1254; x_wconf 87' lang='lat' dir='ltr'><strong>annon</strong></span> <span class='ocrx_word' id='word_1_593' title='bbox 2463 1204 2704 1260; x_wconf 87' lang='lat' dir='ltr'><strong>habemus</strong></span> <span class='ocrx_word' id='word_1_594' title='bbox 2747 1217 3040 1274; x_wconf 87' lang='lat' dir='ltr'><strong>potestatem</strong></span> <span class='ocrx_word' id='word_1_595' title='bbox 3091 1229 3312 1268; x_wconf 87' lang='lat' dir='ltr'><strong>sororem</strong></span> <span class='ocrx_word' id='word_1_596' title='bbox 3363 1220 3618 1276; x_wconf 85' lang='lat' dir='ltr'><strong>mulierem</strong></span> 
     </span>
    </p>
   </div>
   <div class='ocr_carea' id='block_1_72' title="bbox 2039 1289 3616 1370">
    <p class='ocr_par' dir='ltr' id='par_1_72' title="bbox 2039 1289 3616 1370">
     <span class='ocr_line' id='line_1_72' title="bbox 2039 1289 3616 1370; baseline 0.02 -31"><span class='ocrx_word' id='word_1_597' title='bbox 2039 1289 2488 1347; x_wconf 82' lang='lat' dir='ltr'><strong>circumducendi?</strong></span> <span class='ocrx_word' id='word_1_598' title='bbox 2535 1297 2786 1352; x_wconf 81' lang='lat' dir='ltr'><strong>Attamen</strong></span> <span class='ocrx_word' id='word_1_599' title='bbox 2831 1299 2958 1355; x_wconf 89' lang='lat' dir='ltr'><strong>licet</strong></span> <span class='ocrx_word' id='word_1_600' title='bbox 3013 1302 3275 1370; x_wconf 85' lang='lat' dir='ltr'><strong>habeam,</strong></span> <span class='ocrx_word' id='word_1_601' title='bbox 3352 1309 3616 1369; x_wconf 86' lang='lat' dir='ltr'><strong>abstineo.</strong></span> 
     </span>
    </p>
   </div>
   <div class='ocr_carea' id='block_1_73' title="bbox 2038 1377 3619 1474">
    <p class='ocr_par' dir='ltr' id='par_1_73' title="bbox 2038 1377 3619 1474">
     <span class='ocr_line' id='line_1_73' title="bbox 2038 1377 3619 1474; baseline 0.018 -44"><span class='ocrx_word' id='word_1_602' title='bbox 2038 1377 2176 1443; x_wconf 89' lang='lat' dir='ltr'><strong>Quid</strong></span> <span class='ocrx_word' id='word_1_603' title='bbox 2207 1383 2373 1452; x_wconf 87' lang='lat' dir='ltr'><strong>ergo?</strong></span> <span class='ocrx_word' id='word_1_604' title='bbox 2415 1399 2521 1438; x_wconf 91' lang='lat' dir='ltr'><strong>non</strong></span> <span class='ocrx_word' id='word_1_605' title='bbox 2565 1387 2957 1444; x_wconf 84' lang='lat' dir='ltr'><strong>manducabat?</strong></span> <span class='ocrx_word' id='word_1_606' title='bbox 3007 1409 3112 1448; x_wconf 92' lang='lat' dir='ltr'><strong>non</strong></span> <span class='ocrx_word' id='word_1_607' title='bbox 3167 1396 3422 1472; x_wconf 80' lang='lat' dir='ltr'><strong>bibebat?</strong></span> <span class='ocrx_word' id='word_1_608' title='bbox 3467 1401 3619 1474; x_wconf 80' lang='lat' dir='ltr'><strong>Saepe</strong></span> 
     </span>
    </p>
   </div>
   <div class='ocr_carea' id='block_1_74' title="bbox 2037 1470 3619 1551">
    <p class='ocr_par' dir='ltr' id='par_1_74' title="bbox 2037 1470 3619 1551">
     <span class='ocr_line' id='line_1_74' title="bbox 2037 1470 3619 1551; baseline 0.018 -28"><span class='ocrx_word' id='word_1_609' title='bbox 2037 1479 2186 1526; x_wconf 90' lang='lat' dir='ltr'><strong>certe</strong></span> <span class='ocrx_word' id='word_1_610' title='bbox 2231 1487 2331 1528; x_wconf 90' lang='lat' dir='ltr'><strong>nec</strong></span> <span class='ocrx_word' id='word_1_611' title='bbox 2371 1476 2759 1547; x_wconf 88' lang='lat' dir='ltr'><strong>mandueabat,</strong></span> <span class='ocrx_word' id='word_1_612' title='bbox 2804 1496 2903 1537; x_wconf 92' lang='lat' dir='ltr'><strong>nec</strong></span> <span class='ocrx_word' id='word_1_613' title='bbox 2951 1483 3206 1542; x_wconf 90' lang='lat' dir='ltr'><strong>bibebat:</strong></span> <span class='ocrx_word' id='word_1_614' title='bbox 3239 1470 3361 1546; x_wconf 87' lang='lat' dir='ltr'><strong>nam</strong></span> <span class='ocrx_word' id='word_1_615' title='bbox 3408 1495 3524 1548; x_wconf 88' lang='lat' dir='ltr'><strong>ait:</strong></span> <span class='ocrx_word' id='word_1_616' title='bbox 3556 1470 3619 1551; x_wconf 64' lang='lat' dir='ltr'><strong>in</strong></span> 
     </span>
    </p>
   </div>
   <div class='ocr_carea' id='block_1_75' title="bbox 2038 1564 3615 1658">
    <p class='ocr_par' dir='ltr' id='par_1_75' title="bbox 2038 1564 3615 1658">
     <span class='ocr_line' id='line_1_75' title="bbox 2038 1564 3615 1658; baseline 0.017 -44"><span class='ocrx_word' id='word_1_617' title='bbox 2038 1564 2174 1632; x_wconf 86' lang='lat' dir='ltr'><strong>fame</strong></span> <span class='ocrx_word' id='word_1_618' title='bbox 2197 1573 2243 1658; x_wconf 83' lang='lat' dir='ltr'><strong>et</strong></span> <span class='ocrx_word' id='word_1_619' title='bbox 2270 1565 2390 1633; x_wconf 90' lang='lat' dir='ltr'><strong>siti,</strong></span> <span class='ocrx_word' id='word_1_620' title='bbox 2534 1571 2725 1641; x_wconf 84' lang='lat' dir='ltr'><strong>frigore</strong></span> <span class='ocrx_word' id='word_1_621' title='bbox 2764 1583 2812 1627; x_wconf 89' lang='lat' dir='ltr'><strong>et</strong></span> <span class='ocrx_word' id='word_1_622' title='bbox 2860 1577 3086 1632; x_wconf 85' lang='lat' dir='ltr'><strong>nuditate</strong></span> <span class='ocrx_word' id='word_1_623' title='bbox 3138 1580 3211 1646; x_wconf 76' lang='lat'><strong>(2</strong></span> <span class='ocrx_word' id='word_1_624' title='bbox 3238 1582 3355 1636; x_wconf 83' lang='lat' dir='ltr'><strong>Cor.</strong></span> <span class='ocrx_word' id='word_1_625' title='bbox 3392 1585 3477 1639; x_wconf 81' lang='grc' dir='ltr'><strong>Η.</strong></span> <span class='ocrx_word' id='word_1_626' title='bbox 3509 1588 3615 1658; x_wconf 77' lang='grc'><strong>27)</strong></span> 
     </span>
    </p>
   </div>
   <div class='ocr_carea' id='block_1_76' title="bbox 2040 1654 3700 1747">
    <p class='ocr_par' dir='ltr' id='par_1_76' title="bbox 2040 1654 3700 1747">
     <span class='ocr_line' id='line_1_76' title="bbox 2040 1654 3700 1747; baseline 0.018 -43"><span class='ocrx_word' id='word_1_627' title='bbox 2040 1654 2402 1710; x_wconf 85' lang='lat' dir='ltr'><strong>versabantur.</strong></span> <span class='ocrx_word' id='word_1_628' title='bbox 2432 1657 2532 1714; x_wconf 86' lang='lat' dir='ltr'><strong>Hic</strong></span> <span class='ocrx_word' id='word_1_629' title='bbox 2563 1670 2742 1717; x_wconf 89' lang='lat' dir='ltr'><strong>autem</strong></span> <span class='ocrx_word' id='word_1_630' title='bbox 2788 1679 2930 1747; x_wconf 54' lang='lat' dir='ltr'><strong>non.</strong></span> <span class='ocrx_word' id='word_1_631' title='bbox 2949 1667 3051 1723; x_wconf 89' lang='lat' dir='ltr'><strong>hoc</strong></span> <span class='ocrx_word' id='word_1_632' title='bbox 3095 1667 3260 1738; x_wconf 89' lang='lat' dir='ltr'><strong>dicit;</strong></span> <span class='ocrx_word' id='word_1_633' title='bbox 3315 1674 3410 1729; x_wconf 89' lang='lat' dir='ltr'><strong>sed</strong></span> <span class='ocrx_word' id='word_1_634' title='bbox 3456 1654 3619 1746; x_wconf 75' lang='lat' dir='ltr'><strong>quid?</strong></span> <span class='ocrx_word' id='word_1_635' title='bbox 3698 1724 3700 1727; x_wconf 95' lang='lat'><strong>.</strong></span> 
     </span>
    </p>
   </div>
   <div class='ocr_carea' id='block_1_77' title="bbox 2039 1748 3621 1838">
    <p class='ocr_par' dir='ltr' id='par_1_77' title="bbox 2039 1748 3621 1838">
     <span class='ocr_line' id='line_1_77' title="bbox 2039 1748 3621 1838; baseline 0.015 -36"><span class='ocrx_word' id='word_1_636' title='bbox 2039 1748 2157 1803; x_wconf 86' lang='lat' dir='ltr'><strong>Non</strong></span> <span class='ocrx_word' id='word_1_637' title='bbox 2187 1750 2570 1808; x_wconf 89' lang='lat' dir='ltr'><strong>manducamus</strong></span> <span class='ocrx_word' id='word_1_638' title='bbox 2595 1769 2695 1810; x_wconf 90' lang='lat' dir='ltr'><strong>nec</strong></span> <span class='ocrx_word' id='word_1_639' title='bbox 2722 1755 2970 1824; x_wconf 89' lang='lat' dir='ltr'><strong>bibimus,</strong></span> <span class='ocrx_word' id='word_1_640' title='bbox 3002 1776 3032 1814; x_wconf 91' lang='lat' dir='ltr'><strong>a</strong></span> <span class='ocrx_word' id='word_1_641' title='bbox 3062 1760 3335 1832; x_wconf 89' lang='lat' dir='ltr'><strong>discipulis</strong></span> <span class='ocrx_word' id='word_1_642' title='bbox 3356 1768 3621 1838; x_wconf 87' lang='lat' dir='ltr'><strong>accipien-</strong></span> 
     </span>
    </p>
   </div>
   <div class='ocr_carea' id='block_1_78' title="bbox 2040 1843 3621 1925">
    <p class='ocr_par' dir='ltr' id='par_1_78' title="bbox 2040 1843 3621 1925">
     <span class='ocr_line' id='line_1_78' title="bbox 2040 1843 3621 1925; baseline 0.013 -30"><span class='ocrx_word' id='word_1_643' title='bbox 2040 1848 2155 1909; x_wconf 89' lang='lat' dir='ltr'><strong>tes,</strong></span> <span class='ocrx_word' id='word_1_644' title='bbox 2183 1843 2393 1900; x_wconf 88' lang='lat' dir='ltr'><strong>etiamsi</strong></span> <span class='ocrx_word' id='word_1_645' title='bbox 2420 1853 2734 1913; x_wconf 87' lang='lat' dir='ltr'><strong>petestatem</strong></span> <span class='ocrx_word' id='word_1_646' title='bbox 2766 1847 3060 1905; x_wconf 87' lang='lat' dir='ltr'><strong>habeamus</strong></span> <span class='ocrx_word' id='word_1_647' title='bbox 3093 1855 3410 1925; x_wconf 86' lang='lat' dir='ltr'><strong>accipiendi.</strong></span> <span class='ocrx_word' id='word_1_648' title='bbox 3453 1859 3621 1916; x_wconf 79' lang='lat' dir='ltr'><strong>Num-</strong></span> 
     </span>
    </p>
   </div>
   <div class='ocr_carea' id='block_1_79' title="bbox 2041 1931 3623 2006">
    <p class='ocr_par' dir='ltr' id='par_1_79' title="bbox 2041 1931 3623 2006">
     <span class='ocr_line' id='line_1_79' title="bbox 2041 1931 3623 2006; baseline 0.015 -23"><span class='ocrx_word' id='word_1_649' title='bbox 2041 1931 2162 2000; x_wconf 81' lang='lat' dir='ltr'><strong>quid</strong></span> <span class='ocrx_word' id='word_1_650' title='bbox 2190 1949 2292 1987; x_wconf 89' lang='lat' dir='ltr'><strong>non</strong></span> <span class='ocrx_word' id='word_1_651' title='bbox 2327 1934 2567 1990; x_wconf 81' lang='lat' dir='ltr'><strong>habemus</strong></span> <span class='ocrx_word' id='word_1_652' title='bbox 2605 1947 2900 2006; x_wconf 86' lang='lat' dir='ltr'><strong>potestatem</strong></span> <span class='ocrx_word' id='word_1_653' title='bbox 2946 1957 3170 1998; x_wconf 85' lang='lat' dir='ltr'><strong>sororem</strong></span> <span class='ocrx_word' id='word_1_654' title='bbox 3219 1949 3477 2003; x_wconf 78' lang='lat' dir='ltr'><strong>mulierem</strong></span> <span class='ocrx_word' id='word_1_655' title='bbox 3523 1955 3623 2006; x_wconf 87' lang='lat' dir='ltr'><strong>cir-</strong></span> 
     </span>
    </p>
   </div>
   <div class='ocr_carea' id='block_1_80' title="bbox 2039 2023 3620 2107">
    <p class='ocr_par' dir='ltr' id='par_1_80' title="bbox 2039 2023 3620 2107">
     <span class='ocr_line' id='line_1_80' title="bbox 2039 2023 3620 2107; baseline 0.015 -33"><span class='ocrx_word' id='word_1_656' title='bbox 2039 2023 2371 2079; x_wconf 87' lang='lat' dir='ltr'><strong>cumducendi</strong></span> <span class='ocrx_word' id='word_1_657' title='bbox 2389 2065 2405 2092; x_wconf 94' lang='lat'><strong>,</strong></span> <span class='ocrx_word' id='word_1_658' title='bbox 2437 2029 2568 2081; x_wconf 86' lang='lat' dir='ltr'><strong>sicut</strong></span> <span class='ocrx_word' id='word_1_659' title='bbox 2596 2038 2643 2083; x_wconf 87' lang='lat' dir='ltr'><strong>et</strong></span> <span class='ocrx_word' id='word_1_660' title='bbox 2676 2029 2844 2084; x_wconf 71' lang='lat' dir='ltr'><strong>centeri</strong></span> <span class='ocrx_word' id='word_1_661' title='bbox 2880 2032 3099 2103; x_wconf 87' lang='lat' dir='ltr'><strong>apostoli</strong></span> <span class='ocrx_word' id='word_1_662' title='bbox 3116 2045 3168 2089; x_wconf 83' lang='lat' dir='ltr'><strong>et</strong></span> <span class='ocrx_word' id='word_1_663' title='bbox 3193 2040 3375 2107; x_wconf 79' lang='lat' dir='ltr'><strong>fratres</strong></span> <span class='ocrx_word' id='word_1_664' title='bbox 3409 2040 3620 2098; x_wconf 78' lang='lat' dir='ltr'><strong>Domini</strong></span> 
     </span>
    </p>
   </div>
   <div class='ocr_carea' id='block_1_81' title="bbox 2038 2111 2352 2183">
    <p class='ocr_par' dir='ltr' id='par_1_81' title="bbox 2038 2111 2352 2183">
     <span class='ocr_line' id='line_1_81' title="bbox 2038 2111 2352 2183; baseline 0.016 -19"><span class='ocrx_word' id='word_1_665' title='bbox 2038 2120 2086 2164; x_wconf 88' lang='lat' dir='ltr'><strong>et</strong></span> <span class='ocrx_word' id='word_1_666' title='bbox 2112 2111 2308 2183; x_wconf 82' lang='lat' dir='ltr'><strong>Cephas</strong></span> <span class='ocrx_word' id='word_1_667' title='bbox 2325 2115 2352 2169; x_wconf 76' lang='grc' dir='ltr'><strong>Ζ)</strong></span> 
     </span>
    </p>
   </div>
   <div class='ocr_carea' id='block_1_82' title="bbox 2111 2202 3621 2292">
    <p class='ocr_par' dir='ltr' id='par_1_82' title="bbox 2111 2202 3621 2292">
     <span class='ocr_line' id='line_1_82' title="bbox 2111 2202 3621 2292; baseline 0.016 -35"><span class='ocrx_word' id='word_1_668' title='bbox 2111 2202 2270 2259; x_wconf 83' lang='lat' dir='ltr'><strong>Pauli</strong></span> <span class='ocrx_word' id='word_1_669' title='bbox 2309 2209 2820 2278; x_wconf 85' lang='lat' dir='ltr'><strong>sapientia.—Vide</strong></span> <span class='ocrx_word' id='word_1_670' title='bbox 2867 2216 3180 2285; x_wconf 88' lang='lat' dir='ltr'><strong>sapientiam</strong></span> <span class='ocrx_word' id='word_1_671' title='bbox 3229 2237 3242 2272; x_wconf 91' lang='lat'>:</span> <span class='ocrx_word' id='word_1_672' title='bbox 3279 2223 3621 2292; x_wconf 75' lang='lat' dir='ltr'><strong>coryphteum</strong></span> 
     </span>
    </p>
   </div>
   <div class='ocr_carea' id='block_1_83' title="bbox 2040 2295 3620 2384">
    <p class='ocr_par' dir='ltr' id='par_1_83' title="bbox 2040 2295 3620 2384">
     <span class='ocr_line' id='line_1_83' title="bbox 2040 2295 3620 2384; baseline 0.015 -35"><span class='ocrx_word' id='word_1_673' title='bbox 2040 2295 2285 2352; x_wconf 89' lang='lat' dir='ltr'><strong>ultimum</strong></span> <span class='ocrx_word' id='word_1_674' title='bbox 2309 2301 2492 2368; x_wconf 90' lang='lat' dir='ltr'><strong>posuit</strong></span> <span class='ocrx_word' id='word_1_675' title='bbox 2523 2318 2538 2356; x_wconf 90' lang='lat'>:</span> <span class='ocrx_word' id='word_1_676' title='bbox 2569 2317 2690 2358; x_wconf 92' lang='lat' dir='ltr'><strong>nam</strong></span> <span class='ocrx_word' id='word_1_677' title='bbox 2720 2305 2862 2374; x_wconf 87' lang='lat' dir='ltr'><strong>quod</strong></span> <span class='ocrx_word' id='word_1_678' title='bbox 2894 2307 3032 2362; x_wconf 90' lang='lat' dir='ltr'><strong>inter</strong></span> <span class='ocrx_word' id='word_1_679' title='bbox 3055 2309 3230 2379; x_wconf 86' lang='lat' dir='ltr'><strong>capita</strong></span> <span class='ocrx_word' id='word_1_680' title='bbox 3262 2311 3451 2369; x_wconf 80' lang='lat' dir='ltr'><strong>fortius</strong></span> <span class='ocrx_word' id='word_1_681' title='bbox 3498 2329 3584 2372; x_wconf 86' lang='lat' dir='ltr'><strong>est</strong></span> <span class='ocrx_word' id='word_1_682' title='bbox 3604 2359 3620 2384; x_wconf 94' lang='lat'><strong>,</strong></span> 
     </span>
    </p>
   </div>
   <div class='ocr_carea' id='block_1_84' title="bbox 2040 2391 3626 2472">
    <p class='ocr_par' dir='ltr' id='par_1_84' title="bbox 2040 2391 3626 2472">
     <span class='ocr_line' id='line_1_84' title="bbox 2040 2391 3626 2472; baseline 0.013 -30"><span class='ocrx_word' id='word_1_683' title='bbox 2040 2397 2168 2444; x_wconf 91' lang='lat' dir='ltr'><strong>tunc</strong></span> <span class='ocrx_word' id='word_1_684' title='bbox 2194 2391 2362 2460; x_wconf 90' lang='lat' dir='ltr'><strong>ponit.</strong></span> <span class='ocrx_word' id='word_1_685' title='bbox 2389 2391 2575 2463; x_wconf 79' lang='lat' dir='ltr'><strong>Neque</strong></span> <span class='ocrx_word' id='word_1_686' title='bbox 2602 2395 2746 2449; x_wconf 89' lang='lat' dir='ltr'><strong>enim</strong></span> <span class='ocrx_word' id='word_1_687' title='bbox 2771 2396 2842 2450; x_wconf 90' lang='lat' dir='ltr'><strong>ita</strong></span> <span class='ocrx_word' id='word_1_688' title='bbox 2869 2399 3168 2455; x_wconf 90' lang='lat' dir='ltr'><strong>mirandum</strong></span> <span class='ocrx_word' id='word_1_689' title='bbox 3195 2414 3309 2456; x_wconf 90' lang='lat' dir='ltr'><strong>erat</strong></span> <span class='ocrx_word' id='word_1_690' title='bbox 3330 2447 3345 2472; x_wconf 94' lang='lat'><strong>,</strong></span> <span class='ocrx_word' id='word_1_691' title='bbox 3370 2407 3508 2461; x_wconf 89' lang='lat' dir='ltr'><strong>alios</strong></span> <span class='ocrx_word' id='word_1_692' title='bbox 3533 2423 3626 2462; x_wconf 93' lang='lat' dir='ltr'><strong>os-</strong></span> 
     </span>
    </p>
   </div>
   <div class='ocr_carea' id='block_1_85' title="bbox 2040 2481 3619 2558">
    <p class='ocr_par' dir='ltr' id='par_1_85' title="bbox 2040 2481 3619 2558">
     <span class='ocr_line' id='line_1_85' title="bbox 2040 2481 3619 2558; baseline 0.012 -23"><span class='ocrx_word' id='word_1_693' title='bbox 2040 2481 2260 2538; x_wconf 88' lang='lat' dir='ltr'><strong>tendere</strong></span> <span class='ocrx_word' id='word_1_694' title='bbox 2289 2483 2390 2540; x_wconf 92' lang='lat' dir='ltr'><strong>hoe</strong></span> <span class='ocrx_word' id='word_1_695' title='bbox 2413 2486 2688 2553; x_wconf 89' lang='lat' dir='ltr'><strong>facientes,</strong></span> <span class='ocrx_word' id='word_1_696' title='bbox 2721 2496 2778 2541; x_wconf 92' lang='lat' dir='ltr'><strong>ut</strong></span> <span class='ocrx_word' id='word_1_697' title='bbox 2808 2489 3034 2558; x_wconf 90' lang='lat' dir='ltr'><strong>primum</strong></span> <span class='ocrx_word' id='word_1_698' title='bbox 3062 2502 3116 2547; x_wconf 91' lang='lat' dir='ltr'><strong>et</strong></span> <span class='ocrx_word' id='word_1_699' title='bbox 3141 2509 3263 2548; x_wconf 91' lang='lat' dir='ltr'><strong>eum</strong></span> <span class='ocrx_word' id='word_1_700' title='bbox 3293 2498 3377 2551; x_wconf 91' lang='lat' dir='ltr'><strong>cui</strong></span> <span class='ocrx_word' id='word_1_701' title='bbox 3408 2499 3619 2554; x_wconf 64' lang='lat' dir='ltr'><strong>traditae</strong></span> 
     </span>
    </p>
   </div>
   <div class='ocr_carea' id='block_1_86' title="bbox 2039 2575 3624 2659">
    <p class='ocr_par' dir='ltr' id='par_1_86' title="bbox 2039 2575 3624 2659">
     <span class='ocr_line' id='line_1_86' title="bbox 2039 2575 3624 2659; baseline 0.009 -30"><span class='ocrx_word' id='word_1_702' title='bbox 2039 2583 2165 2629; x_wconf 88' lang='lat' dir='ltr'><strong>sunt</strong></span> <span class='ocrx_word' id='word_1_703' title='bbox 2193 2575 2373 2631; x_wconf 88' lang='lat' dir='ltr'><strong>claves</strong></span> <span class='ocrx_word' id='word_1_704' title='bbox 2398 2577 2549 2647; x_wconf 87' lang='lat' dir='ltr'><strong>regni</strong></span> <span class='ocrx_word' id='word_1_705' title='bbox 2573 2578 2848 2634; x_wconf 81' lang='lat' dir='ltr'><strong>caelorum.</strong></span> <span class='ocrx_word' id='word_1_706' title='bbox 2881 2580 3144 2637; x_wconf 68' lang='lat' dir='ltr'><strong>Cancrum</strong></span> <span class='ocrx_word' id='word_1_707' title='bbox 3173 2601 3277 2640; x_wconf 91' lang='lat' dir='ltr'><strong>non</strong></span> <span class='ocrx_word' id='word_1_708' title='bbox 3317 2587 3489 2641; x_wconf 86' lang='lat' dir='ltr'><strong>solum</strong></span> <span class='ocrx_word' id='word_1_709' title='bbox 3526 2605 3624 2659; x_wconf 87' lang='lat' dir='ltr'><strong>po-</strong></span> 
     </span>
    </p>
   </div>
   <div class='ocr_carea' id='block_1_87' title="bbox 2041 2667 3627 2750">
    <p class='ocr_par' dir='ltr' id='par_1_87' title="bbox 2041 2667 3627 2750">
     <span class='ocr_line' id='line_1_87' title="bbox 2041 2667 3627 2750; baseline 0.01 -30"><span class='ocrx_word' id='word_1_710' title='bbox 2041 2667 2154 2733; x_wconf 91' lang='lat' dir='ltr'><strong>nit,</strong></span> <span class='ocrx_word' id='word_1_711' title='bbox 2183 2667 2278 2721; x_wconf 85' lang='lat' dir='ltr'><strong>sed</strong></span> <span class='ocrx_word' id='word_1_712' title='bbox 2303 2682 2491 2723; x_wconf 90' lang='lat' dir='ltr'><strong>omnes</strong></span> <span class='ocrx_word' id='word_1_713' title='bbox 2515 2711 2531 2734; x_wconf 89' lang='lat'><strong>,</strong></span> <span class='ocrx_word' id='word_1_714' title='bbox 2560 2683 2626 2725; x_wconf 89' lang='lat' dir='ltr'><strong>ae</strong></span> <span class='ocrx_word' id='word_1_715' title='bbox 2644 2670 2687 2724; x_wconf 93' lang='lat' dir='ltr'><strong>si</strong></span> <span class='ocrx_word' id='word_1_716' title='bbox 2715 2670 2917 2727; x_wconf 91' lang='lat' dir='ltr'><strong>diceret</strong></span> <span class='ocrx_word' id='word_1_717' title='bbox 2943 2689 2959 2727; x_wconf 86' lang='lat'><strong>:</strong></span> <span class='ocrx_word' id='word_1_718' title='bbox 2991 2673 3116 2729; x_wconf 86' lang='lat' dir='ltr'><strong>Sive</strong></span> <span class='ocrx_word' id='word_1_719' title='bbox 3159 2675 3437 2733; x_wconf 86' lang='lat' dir='ltr'><strong>inferiores</strong></span> <span class='ocrx_word' id='word_1_720' title='bbox 3477 2697 3627 2750; x_wconf 78' lang='lat' dir='ltr'><strong>quae-</strong></span> 
     </span>
    </p>
   </div>
   <div class='ocr_carea' id='block_1_88' title="bbox 2040 2759 3622 2840">
    <p class='ocr_par' dir='ltr' id='par_1_88' title="bbox 2040 2759 3622 2840">
     <span class='ocr_line' id='line_1_88' title="bbox 2040 2759 3622 2840; baseline 0.008 -28"><span class='ocrx_word' id='word_1_721' title='bbox 2040 2773 2128 2812; x_wconf 87' lang='lat' dir='ltr'><strong>ras</strong></span> <span class='ocrx_word' id='word_1_722' title='bbox 2154 2759 2267 2812; x_wconf 87' lang='lat' dir='ltr'><strong>sive</strong></span> <span class='ocrx_word' id='word_1_723' title='bbox 2296 2760 2601 2828; x_wconf 87' lang='lat' dir='ltr'><strong>superiores</strong></span> <span class='ocrx_word' id='word_1_724' title='bbox 2625 2801 2641 2828; x_wconf 95' lang='lat'><strong>,</strong></span> <span class='ocrx_word' id='word_1_725' title='bbox 2675 2763 2914 2816; x_wconf 90' lang='lat' dir='ltr'><strong>omnium</strong></span> <span class='ocrx_word' id='word_1_726' title='bbox 2967 2765 3137 2832; x_wconf 85' lang='lat' dir='ltr'><strong>posita</strong></span> <span class='ocrx_word' id='word_1_727' title='bbox 3186 2779 3311 2820; x_wconf 89' lang='lat' dir='ltr'><strong>sunt</strong></span> <span class='ocrx_word' id='word_1_728' title='bbox 3350 2772 3622 2840; x_wconf 81' lang='lat' dir='ltr'><strong>exempla.</strong></span> 
     </span>
    </p>
   </div>
   <div class='ocr_carea' id='block_1_89' title="bbox 2044 2849 3624 2932">
    <p class='ocr_par' dir='ltr' id='par_1_89' title="bbox 2044 2849 3624 2932">
     <span class='ocr_line' id='line_1_89' title="bbox 2044 2849 3624 2932; baseline 0.01 -29"><span class='ocrx_word' id='word_1_729' title='bbox 2044 2849 2252 2904; x_wconf 87' lang='lat' dir='ltr'><strong>Etenim</strong></span> <span class='ocrx_word' id='word_1_730' title='bbox 2285 2850 2480 2906; x_wconf 81' lang='lat' dir='ltr'><strong>fratres</strong></span> <span class='ocrx_word' id='word_1_731' title='bbox 2508 2852 2720 2907; x_wconf 88' lang='lat' dir='ltr'><strong>Domini</strong></span> <span class='ocrx_word' id='word_1_732' title='bbox 2751 2871 2778 2906; x_wconf 88' lang='lat' dir='ltr'><strong>a</strong></span> <span class='ocrx_word' id='word_1_733' title='bbox 2804 2857 2979 2924; x_wconf 88' lang='lat' dir='ltr'><strong>priore</strong></span> <span class='ocrx_word' id='word_1_734' title='bbox 2997 2857 3366 2916; x_wconf 86' lang='lat' dir='ltr'><strong>incredulitate</strong></span> <span class='ocrx_word' id='word_1_735' title='bbox 3389 2862 3624 2932; x_wconf 88' lang='lat' dir='ltr'><strong>liberati,</strong></span> 
     </span>
    </p>
   </div>
   <div class='ocr_carea' id='block_1_90' title="bbox 2041 2942 3627 3022">
    <p class='ocr_par' dir='ltr' id='par_1_90' title="bbox 2041 2942 3627 3022">
     <span class='ocr_line' id='line_1_90' title="bbox 2041 2942 3627 3022; baseline 0.009 -26"><span class='ocrx_word' id='word_1_736' title='bbox 2041 2942 2178 2996; x_wconf 90' lang='lat' dir='ltr'><strong>inter</strong></span> <span class='ocrx_word' id='word_1_737' title='bbox 2201 2943 2456 3004; x_wconf 83' lang='lat' dir='ltr'><strong>clariores</strong></span> <span class='ocrx_word' id='word_1_738' title='bbox 2484 2955 2664 3008; x_wconf 85' lang='lat' dir='ltr'><strong>erant,</strong></span> <span class='ocrx_word' id='word_1_739' title='bbox 2695 2946 2794 3000; x_wconf 90' lang='lat' dir='ltr'><strong>etsi</strong></span> <span class='ocrx_word' id='word_1_740' title='bbox 2822 2947 2888 3012; x_wconf 88' lang='lat' dir='ltr'><strong>ad</strong></span> <span class='ocrx_word' id='word_1_741' title='bbox 2915 2950 3186 3016; x_wconf 87' lang='lat' dir='ltr'><strong>apostolos</strong></span> <span class='ocrx_word' id='word_1_742' title='bbox 3213 2967 3318 3007; x_wconf 92' lang='lat' dir='ltr'><strong>non</strong></span> <span class='ocrx_word' id='word_1_743' title='bbox 3365 2968 3627 3022; x_wconf 78' lang='lat' dir='ltr'><strong>pervene-</strong></span> 
     </span>
    </p>
   </div>
   <div class='ocr_carea' id='block_1_91' title="bbox 2042 3031 3628 3106">
    <p class='ocr_par' dir='ltr' id='par_1_91' title="bbox 2042 3031 3628 3106">
     <span class='ocr_line' id='line_1_91' title="bbox 2042 3031 3628 3106; baseline 0.011 -22"><span class='ocrx_word' id='word_1_744' title='bbox 2042 3040 2160 3085; x_wconf 88' lang='lat' dir='ltr'><strong>rant</strong></span> <span class='ocrx_word' id='word_1_745' title='bbox 2188 3050 2202 3084; x_wconf 83' lang='lat'><strong>:</strong></span> <span class='ocrx_word' id='word_1_746' title='bbox 2237 3031 2463 3102; x_wconf 85' lang='lat' dir='ltr'><strong>ideoque</strong></span> <span class='ocrx_word' id='word_1_747' title='bbox 2489 3034 2539 3088; x_wconf 92' lang='lat' dir='ltr'><strong>in</strong></span> <span class='ocrx_word' id='word_1_748' title='bbox 2566 3035 2743 3090; x_wconf 91' lang='lat' dir='ltr'><strong>medio</strong></span> <span class='ocrx_word' id='word_1_749' title='bbox 2773 3036 2894 3091; x_wconf 89' lang='lat' dir='ltr'><strong>illos</strong></span> <span class='ocrx_word' id='word_1_750' title='bbox 2925 3038 3102 3106; x_wconf 89' lang='lat' dir='ltr'><strong>posuit</strong></span> <span class='ocrx_word' id='word_1_751' title='bbox 3127 3079 3141 3102; x_wconf 86' lang='lat'><strong>,</strong></span> <span class='ocrx_word' id='word_1_752' title='bbox 3174 3042 3398 3097; x_wconf 88' lang='lat' dir='ltr'><strong>summis</strong></span> <span class='ocrx_word' id='word_1_753' title='bbox 3448 3050 3628 3100; x_wconf 78' lang='lat' dir='ltr'><strong>utrin-</strong></span> 
     </span>
    </p>
   </div>
   <div class='ocr_carea' id='block_1_92' title="bbox 2041 3117 3626 3190">
    <p class='ocr_par' dir='ltr' id='par_1_92' title="bbox 2041 3117 3626 3190">
     <span class='ocr_line' id='line_1_92' title="bbox 2041 3117 3626 3190; baseline 0.013 -24"><span class='ocrx_word' id='word_1_754' title='bbox 2041 3130 2147 3185; x_wconf 90' lang='lat' dir='ltr'><strong>que</strong></span> <span class='ocrx_word' id='word_1_755' title='bbox 2179 3117 2386 3185; x_wconf 88' lang='lat' dir='ltr'><strong>positis.</strong></span> <span class='ocrx_word' id='word_1_756' title='bbox 2422 3119 2475 3173; x_wconf 85' lang='lat'><strong>6.</strong></span> <span class='ocrx_word' id='word_1_757' title='bbox 2509 3119 2608 3172; x_wconf 79' lang='lat' dir='ltr'><strong>Aut</strong></span> <span class='ocrx_word' id='word_1_758' title='bbox 2639 3136 2730 3190; x_wconf 82' lang='lat' dir='ltr'><strong>ego</strong></span> <span class='ocrx_word' id='word_1_759' title='bbox 2756 3122 2894 3174; x_wconf 88' lang='lat' dir='ltr'><strong>solus</strong></span> <span class='ocrx_word' id='word_1_760' title='bbox 2921 3131 2969 3176; x_wconf 90' lang='lat' dir='ltr'><strong>et</strong></span> <span class='ocrx_word' id='word_1_761' title='bbox 3008 3121 3272 3178; x_wconf 87' lang='lat' dir='ltr'><strong>Barnabas</strong></span> <span class='ocrx_word' id='word_1_762' title='bbox 3313 3143 3412 3180; x_wconf 85' lang='lat' dir='ltr'><strong>non</strong></span> <span class='ocrx_word' id='word_1_763' title='bbox 3461 3130 3626 3187; x_wconf 85' lang='lat' dir='ltr'><strong>habe-</strong></span> 
     </span>
    </p>
   </div>
   <div class='ocr_carea' id='block_1_93' title="bbox 2044 3213 3630 3286">
    <p class='ocr_par' dir='ltr' id='par_1_93' title="bbox 2044 3213 3630 3286">
     <span class='ocr_line' id='line_1_93' title="bbox 2044 3213 3630 3286; baseline 0.01 -24"><span class='ocrx_word' id='word_1_764' title='bbox 2044 3225 2156 3263; x_wconf 87' lang='lat' dir='ltr'><strong>mus</strong></span> <span class='ocrx_word' id='word_1_765' title='bbox 2183 3221 2479 3279; x_wconf 84' lang='lat' dir='ltr'><strong>potestatent</strong></span> <span class='ocrx_word' id='word_1_766' title='bbox 2507 3227 2606 3265; x_wconf 89' lang='lat' dir='ltr'><strong>non</strong></span> <span class='ocrx_word' id='word_1_767' title='bbox 2630 3214 2874 3281; x_wconf 84' lang='lat' dir='ltr'><strong>operandi</strong></span> <span class='ocrx_word' id='word_1_768' title='bbox 2897 3213 2970 3286; x_wconf 93' lang='lat' dir='ltr'><strong>(a)</strong></span> <span class='ocrx_word' id='word_1_769' title='bbox 2993 3215 3018 3267; x_wconf 83' lang='lat'><strong><em>?</em></strong></span> <span class='ocrx_word' id='word_1_770' title='bbox 3046 3215 3176 3271; x_wconf 80' lang='lat' dir='ltr'><strong>Vide</strong></span> <span class='ocrx_word' id='word_1_771' title='bbox 3196 3216 3555 3277; x_wconf 75' lang='lat' dir='ltr'><strong>humilitatem</strong></span> <span class='ocrx_word' id='word_1_772' title='bbox 3575 3232 3630 3278; x_wconf 88' lang='lat' dir='ltr'><strong>et</strong></span> 
     </span>
    </p>
   </div>
   <div class='ocr_carea' id='block_1_94' title="bbox 2041 3301 3626 3382">
    <p class='ocr_par' dir='ltr' id='par_1_94' title="bbox 2041 3301 3626 3382">
     <span class='ocr_line' id='line_1_94' title="bbox 2041 3301 3626 3382; baseline 0.008 -28"><span class='ocrx_word' id='word_1_773' title='bbox 2041 3301 2274 3354; x_wconf 83' lang='lat' dir='ltr'><strong>animant</strong></span> <span class='ocrx_word' id='word_1_774' title='bbox 2305 3303 2450 3355; x_wconf 90' lang='lat' dir='ltr'><strong>omni</strong></span> <span class='ocrx_word' id='word_1_775' title='bbox 2480 3303 2670 3356; x_wconf 85' lang='lat' dir='ltr'><strong>invidia</strong></span> <span class='ocrx_word' id='word_1_776' title='bbox 2705 3304 2955 3370; x_wconf 80' lang='lat' dir='ltr'><strong>liberam,</strong></span> <span class='ocrx_word' id='word_1_777' title='bbox 2980 3307 3248 3374; x_wconf 82' lang='lat' dir='ltr'><strong>quomodo</strong></span> <span class='ocrx_word' id='word_1_778' title='bbox 3271 3324 3390 3366; x_wconf 89' lang='lat' dir='ltr'><strong>eum</strong></span> <span class='ocrx_word' id='word_1_779' title='bbox 3417 3351 3432 3377; x_wconf 89' lang='lat'><strong>,</strong></span> <span class='ocrx_word' id='word_1_780' title='bbox 3463 3328 3626 3382; x_wconf 89' lang='lat' dir='ltr'><strong>quem</strong></span> 
     </span>
    </p>
   </div>
   <div class='ocr_carea' id='block_1_95' title="bbox 2042 3394 3626 3460">
    <p class='ocr_par' dir='ltr' id='par_1_95' title="bbox 2042 3394 3626 3460">
     <span class='ocr_line' id='line_1_95' title="bbox 2042 3394 3626 3460; baseline 0.008 -14"><span class='ocrx_word' id='word_1_781' title='bbox 2042 3406 2293 3447; x_wconf 85' lang='lat' dir='ltr'><strong>curarum</strong></span> <span class='ocrx_word' id='word_1_782' title='bbox 2321 3394 2522 3447; x_wconf 89' lang='lat' dir='ltr'><strong>socium</strong></span> <span class='ocrx_word' id='word_1_783' title='bbox 2555 3395 2796 3460; x_wconf 89' lang='lat' dir='ltr'><strong>sciebat,</strong></span> <span class='ocrx_word' id='word_1_784' title='bbox 2830 3411 2935 3450; x_wconf 90' lang='lat' dir='ltr'><strong>non</strong></span> <span class='ocrx_word' id='word_1_785' title='bbox 2966 3398 3208 3452; x_wconf 87' lang='lat' dir='ltr'><strong>tacuerit.</strong></span> <span class='ocrx_word' id='word_1_786' title='bbox 3243 3399 3300 3454; x_wconf 81' lang='lat' dir='ltr'><strong>Si</strong></span> <span class='ocrx_word' id='word_1_787' title='bbox 3329 3403 3470 3456; x_wconf 88' lang='lat' dir='ltr'><strong>enim</strong></span> <span class='ocrx_word' id='word_1_788' title='bbox 3521 3405 3626 3458; x_wconf 90' lang='lat' dir='ltr'><strong>alia</strong></span> 
     </span>
    </p>
   </div>
   <div class='ocr_carea' id='block_1_96' title="bbox 2041 3486 3628 3564">
    <p class='ocr_par' dir='ltr' id='par_1_96' title="bbox 2041 3486 3628 3564">
     <span class='ocr_line' id='line_1_96' title="bbox 2041 3486 3628 3564; baseline 0.008 -24"><span class='ocrx_word' id='word_1_789' title='bbox 2041 3487 2343 3540; x_wconf 90' lang='lat' dir='ltr'><strong>communia</strong></span> <span class='ocrx_word' id='word_1_790' title='bbox 2370 3527 2384 3550; x_wconf 97' lang='lat'><strong>,</strong></span> <span class='ocrx_word' id='word_1_791' title='bbox 2414 3500 2511 3540; x_wconf 93' lang='lat' dir='ltr'><strong>cur</strong></span> <span class='ocrx_word' id='word_1_792' title='bbox 2541 3486 2641 3542; x_wconf 90' lang='lat' dir='ltr'><strong>hoe</strong></span> <span class='ocrx_word' id='word_1_793' title='bbox 2667 3503 2772 3542; x_wconf 89' lang='lat' dir='ltr'><strong>non</strong></span> <span class='ocrx_word' id='word_1_794' title='bbox 2804 3503 3088 3544; x_wconf 89' lang='lat' dir='ltr'><strong>commune</strong></span> <span class='ocrx_word' id='word_1_795' title='bbox 3137 3491 3340 3546; x_wconf 82' lang='lat' dir='ltr'><strong>fuerit?</strong></span> <span class='ocrx_word' id='word_1_796' title='bbox 3379 3496 3628 3564; x_wconf 83' lang='lat' dir='ltr'><strong>Apostoli</strong></span> 
     </span>
    </p>
   </div>
   <div class='ocr_carea' id='block_1_97' title="bbox 2043 3576 3631 3645">
    <p class='ocr_par' dir='ltr' id='par_1_97' title="bbox 2043 3576 3631 3645">
     <span class='ocr_line' id='line_1_97' title="bbox 2043 3576 3631 3645; baseline 0.007 -15"><span class='ocrx_word' id='word_1_797' title='bbox 2043 3585 2167 3630; x_wconf 91' lang='lat' dir='ltr'><strong>sunt</strong></span> <span class='ocrx_word' id='word_1_798' title='bbox 2195 3585 2248 3630; x_wconf 89' lang='lat' dir='ltr'><strong>et</strong></span> <span class='ocrx_word' id='word_1_799' title='bbox 2274 3576 2347 3630; x_wconf 91' lang='lat' dir='ltr'><strong>illi</strong></span> <span class='ocrx_word' id='word_1_800' title='bbox 2379 3588 2434 3631; x_wconf 90' lang='lat' dir='ltr'><strong>et</strong></span> <span class='ocrx_word' id='word_1_801' title='bbox 2461 3592 2557 3631; x_wconf 92' lang='lat' dir='ltr'><strong>nos</strong></span> <span class='ocrx_word' id='word_1_802' title='bbox 2577 3619 2592 3640; x_wconf 90' lang='lat'><strong>,</strong></span> <span class='ocrx_word' id='word_1_803' title='bbox 2624 3586 2678 3633; x_wconf 93' lang='lat' dir='ltr'><strong>et</strong></span> <span class='ocrx_word' id='word_1_804' title='bbox 2703 3579 2856 3634; x_wconf 90' lang='lat' dir='ltr'><strong>liberi</strong></span> <span class='ocrx_word' id='word_1_805' title='bbox 2883 3596 2899 3645; x_wconf 90' lang='lat'><strong>;</strong></span> <span class='ocrx_word' id='word_1_806' title='bbox 2925 3589 2982 3634; x_wconf 92' lang='lat' dir='ltr'><strong>et</strong></span> <span class='ocrx_word' id='word_1_807' title='bbox 3005 3579 3274 3636; x_wconf 87' lang='lat' dir='ltr'><strong>Christum</strong></span> <span class='ocrx_word' id='word_1_808' title='bbox 3303 3584 3536 3642; x_wconf 87' lang='lat' dir='ltr'><strong>vidimus</strong></span> <span class='ocrx_word' id='word_1_809' title='bbox 3574 3597 3631 3641; x_wconf 72' lang='lat' dir='ltr'><strong>et</strong></span> 
     </span>
    </p>
   </div>
   <div class='ocr_carea' id='block_1_98' title="bbox 2041 3669 3631 3746">
    <p class='ocr_par' dir='ltr' id='par_1_98' title="bbox 2041 3669 3631 3746">
     <span class='ocr_line' id='line_1_98' title="bbox 2041 3669 3631 3746; baseline 0.008 -25"><span class='ocrx_word' id='word_1_810' title='bbox 2041 3684 2160 3738; x_wconf 69' lang='lat' dir='ltr'><strong>qua:</strong></span> <span class='ocrx_word' id='word_1_811' title='bbox 2186 3669 2547 3738; x_wconf 86' lang='lat' dir='ltr'><strong>apostolorum</strong></span> <span class='ocrx_word' id='word_1_812' title='bbox 2574 3679 2729 3725; x_wconf 89' lang='lat' dir='ltr'><strong>erant</strong></span> <span class='ocrx_word' id='word_1_813' title='bbox 2750 3670 3111 3726; x_wconf 85' lang='lat' dir='ltr'><strong>exhibuimus.</strong></span> <span class='ocrx_word' id='word_1_814' title='bbox 3128 3673 3267 3743; x_wconf 89' lang='lat' dir='ltr'><strong>Ergo</strong></span> <span class='ocrx_word' id='word_1_815' title='bbox 3294 3690 3390 3729; x_wconf 92' lang='lat' dir='ltr'><strong>nos</strong></span> <span class='ocrx_word' id='word_1_816' title='bbox 3407 3692 3631 3746; x_wconf 90' lang='lat' dir='ltr'><strong>quoque</strong></span> 
     </span>
    </p>
   </div>
   <div class='ocr_carea' id='block_1_99' title="bbox 2044 3762 3630 3832">
    <p class='ocr_par' dir='ltr' id='par_1_99' title="bbox 2044 3762 3630 3832">
     <span class='ocr_line' id='line_1_99' title="bbox 2044 3762 3630 3832; baseline 0.008 -20"><span class='ocrx_word' id='word_1_817' title='bbox 2044 3771 2363 3830; x_wconf 85' lang='lat' dir='ltr'><strong>potestatem</strong></span> <span class='ocrx_word' id='word_1_818' title='bbox 2397 3762 2652 3817; x_wconf 87' lang='lat' dir='ltr'><strong>habemus</strong></span> <span class='ocrx_word' id='word_1_819' title='bbox 2681 3764 2731 3816; x_wconf 91' lang='lat' dir='ltr'><strong>in</strong></span> <span class='ocrx_word' id='word_1_820' title='bbox 2759 3765 2871 3819; x_wconf 88' lang='lat' dir='ltr'><strong>otio</strong></span> <span class='ocrx_word' id='word_1_821' title='bbox 2913 3764 3156 3832; x_wconf 81' lang='lat' dir='ltr'><strong>vivendi,</strong></span> <span class='ocrx_word' id='word_1_822' title='bbox 3208 3775 3263 3820; x_wconf 92' lang='lat' dir='ltr'><strong>et</strong></span> <span class='ocrx_word' id='word_1_823' title='bbox 3298 3768 3554 3822; x_wconf 85' lang='lat' dir='ltr'><strong>alimenta</strong></span> <span class='ocrx_word' id='word_1_824' title='bbox 3599 3786 3630 3824; x_wconf 87' lang='lat' dir='ltr'><strong>a</strong></span> 
     </span>
    </p>
   </div>
   <div class='ocr_carea' id='block_1_100' title="bbox 2042 3851 3633 3926">
    <p class='ocr_par' dir='ltr' id='par_1_100' title="bbox 2042 3851 3633 3926">
     <span class='ocr_line' id='line_1_100' title="bbox 2042 3851 3633 3926; baseline 0.004 -20"><span class='ocrx_word' id='word_1_825' title='bbox 2042 3851 2322 3921; x_wconf 88' lang='lat' dir='ltr'><strong>discipulis</strong></span> <span class='ocrx_word' id='word_1_826' title='bbox 2365 3853 2683 3922; x_wconf 87' lang='lat' dir='ltr'><strong>accipiendi.</strong></span> <span class='ocrx_word' id='word_1_827' title='bbox 2716 3855 2769 3907; x_wconf 85' lang='lat'><strong>7.</strong></span> <span class='ocrx_word' id='word_1_828' title='bbox 2821 3855 2947 3921; x_wconf 85' lang='lat' dir='ltr'><strong>Quis</strong></span> <span class='ocrx_word' id='word_1_829' title='bbox 2982 3855 3165 3908; x_wconf 86' lang='lat' dir='ltr'><strong>militat</strong></span> <span class='ocrx_word' id='word_1_830' title='bbox 3209 3859 3313 3910; x_wconf 87' lang='lat' dir='ltr'><strong>suis</strong></span> <span class='ocrx_word' id='word_1_831' title='bbox 3355 3859 3633 3926; x_wconf 85' lang='lat' dir='ltr'><strong>stipendiis</strong></span> 
     </span>
    </p>
   </div>
   <div class='ocr_carea' id='block_1_101' title="bbox 2042 3943 3632 4016">
    <p class='ocr_par' dir='ltr' id='par_1_101' title="bbox 2042 3943 3632 4016">
     <span class='ocr_line' id='line_1_101' title="bbox 2042 3943 3632 4016; baseline 0.007 -20"><span class='ocrx_word' id='word_1_832' title='bbox 2042 3959 2280 4012; x_wconf 84' lang='lat' dir='ltr'><strong>umquam</strong></span> <span class='ocrx_word' id='word_1_833' title='bbox 2297 3944 2322 3996; x_wconf 83' lang='lat'><strong><em>?</em></strong></span> <span class='ocrx_word' id='word_1_834' title='bbox 2349 3943 2482 4010; x_wconf 88' lang='lat' dir='ltr'><strong>Quia</strong></span> <span class='ocrx_word' id='word_1_835' title='bbox 2508 3949 2651 3998; x_wconf 89' lang='lat' dir='ltr'><strong>enim</strong></span> <span class='ocrx_word' id='word_1_836' title='bbox 2676 3985 2690 4009; x_wconf 95' lang='lat'><strong>,</strong></span> <span class='ocrx_word' id='word_1_837' title='bbox 2739 3946 2880 4014; x_wconf 91' lang='lat' dir='ltr'><strong>quod</strong></span> <span class='ocrx_word' id='word_1_838' title='bbox 2921 3946 3303 4001; x_wconf 87' lang='lat' dir='ltr'><strong>validissimum</strong></span> <span class='ocrx_word' id='word_1_839' title='bbox 3352 3958 3469 4004; x_wconf 75' lang='lat' dir='ltr'><strong>erat</strong></span> <span class='ocrx_word' id='word_1_840' title='bbox 3491 3992 3508 4016; x_wconf 97' lang='lat'><strong>,</strong></span> <span class='ocrx_word' id='word_1_841' title='bbox 3561 3966 3632 4006; x_wconf 87' lang='lat' dir='ltr'><strong>ex</strong></span> 
     </span>
    </p>
   </div>
   <div class='ocr_carea' id='block_1_102' title="bbox 2041 4035 3630 4111">
    <p class='ocr_par' dir='ltr' id='par_1_102' title="bbox 2041 4035 3630 4111">
     <span class='ocr_line' id='line_1_102' title="bbox 2041 4035 3630 4111; baseline 0.005 -21"><span class='ocrx_word' id='word_1_842' title='bbox 2041 4035 2298 4107; x_wconf 89' lang='lat' dir='ltr'><strong>apostolis</strong></span> <span class='ocrx_word' id='word_1_843' title='bbox 2327 4037 2600 4098; x_wconf 88' lang='lat' dir='ltr'><strong>ostendit,</strong></span> <span class='ocrx_word' id='word_1_844' title='bbox 2631 4037 2774 4107; x_wconf 90' lang='lat' dir='ltr'><strong>quod</strong></span> <span class='ocrx_word' id='word_1_845' title='bbox 2819 4053 3013 4108; x_wconf 86' lang='lat' dir='ltr'><strong>nempe</strong></span> <span class='ocrx_word' id='word_1_846' title='bbox 3042 4039 3203 4095; x_wconf 90' lang='lat' dir='ltr'><strong>liceat</strong></span> <span class='ocrx_word' id='word_1_847' title='bbox 3251 4040 3350 4096; x_wconf 86' lang='lat' dir='ltr'><strong>hoc</strong></span> <span class='ocrx_word' id='word_1_848' title='bbox 3397 4041 3582 4098; x_wconf 85' lang='lat' dir='ltr'><strong>facere</strong></span> <span class='ocrx_word' id='word_1_849' title='bbox 3611 4059 3630 4111; x_wconf 86' lang='lat'><strong>;</strong></span> 
     </span>
    </p>
   </div>
   <div class='ocr_carea' id='block_1_103' title="bbox 2041 4126 3628 4200">
    <p class='ocr_par' dir='ltr' id='par_1_103' title="bbox 2041 4126 3628 4200">
     <span class='ocr_line' id='line_1_103' title="bbox 2041 4126 3628 4200; baseline 0.004 -19"><span class='ocrx_word' id='word_1_850' title='bbox 2041 4127 2108 4181; x_wconf 88' lang='lat' dir='ltr'><strong>ad</strong></span> <span class='ocrx_word' id='word_1_851' title='bbox 2138 4126 2382 4196; x_wconf 78' lang='lat' dir='ltr'><strong>exempla</strong></span> <span class='ocrx_word' id='word_1_852' title='bbox 2409 4126 2622 4181; x_wconf 91' lang='lat' dir='ltr'><strong>demum</strong></span> <span class='ocrx_word' id='word_1_853' title='bbox 2653 4129 2801 4182; x_wconf 91' lang='lat' dir='ltr'><strong>venit</strong></span> <span class='ocrx_word' id='word_1_854' title='bbox 2829 4138 2884 4184; x_wconf 92' lang='lat' dir='ltr'><strong>et</strong></span> <span class='ocrx_word' id='word_1_855' title='bbox 2930 4129 2995 4184; x_wconf 90' lang='lat' dir='ltr'><strong>ad</strong></span> <span class='ocrx_word' id='word_1_856' title='bbox 3041 4144 3377 4185; x_wconf 86' lang='lat' dir='ltr'><strong>communem</strong></span> <span class='ocrx_word' id='word_1_857' title='bbox 3425 4149 3588 4188; x_wconf 75' lang='lat' dir='ltr'><strong>usam</strong></span> <span class='ocrx_word' id='word_1_858' title='bbox 3612 4176 3628 4200; x_wconf 91' lang='lat'><strong>,</strong></span> 
     </span>
    </p>
   </div>
   <div class='ocr_carea' id='block_1_104' title="bbox 2043 4216 3635 4291">
    <p class='ocr_par' dir='ltr' id='par_1_104' title="bbox 2043 4216 3635 4291">
     <span class='ocr_line' id='line_1_104' title="bbox 2043 4216 3635 4291; baseline 0.003 -18"><span class='ocrx_word' id='word_1_859' title='bbox 2043 4226 2100 4273; x_wconf 89' lang='lat' dir='ltr'><strong>ut</strong></span> <span class='ocrx_word' id='word_1_860' title='bbox 2123 4232 2239 4272; x_wconf 87' lang='lat' dir='ltr'><strong>mus</strong></span> <span class='ocrx_word' id='word_1_861' title='bbox 2261 4228 2344 4271; x_wconf 86' lang='lat' dir='ltr'><strong>cst</strong></span> <span class='ocrx_word' id='word_1_862' title='bbox 2370 4217 2441 4272; x_wconf 92' lang='lat' dir='ltr'><strong>illi</strong></span> <span class='ocrx_word' id='word_1_863' title='bbox 2465 4216 2658 4273; x_wconf 82' lang='lat' dir='ltr'><strong>facere.</strong></span> <span class='ocrx_word' id='word_1_864' title='bbox 2692 4218 2816 4284; x_wconf 86' lang='lat' dir='ltr'><strong>Quis</strong></span> <span class='ocrx_word' id='word_1_865' title='bbox 2841 4220 3023 4273; x_wconf 89' lang='lat' dir='ltr'><strong>militat</strong></span> <span class='ocrx_word' id='word_1_866' title='bbox 3063 4221 3170 4274; x_wconf 87' lang='lat' dir='ltr'><strong>suis</strong></span> <span class='ocrx_word' id='word_1_867' title='bbox 3208 4222 3466 4291; x_wconf 84' lang='lat' dir='ltr'><strong>stipendiis</strong></span> <span class='ocrx_word' id='word_1_868' title='bbox 3485 4224 3514 4275; x_wconf 87' lang='lat'><strong><em>?</em></strong></span> <span class='ocrx_word' id='word_1_869' title='bbox 3548 4225 3635 4278; x_wconf 84' lang='lat' dir='ltr'><strong>itt-</strong></span> 
     </span>
    </p>
   </div>
   <div class='ocr_carea' id='block_1_105' title="bbox 2045 4311 3631 4383">
    <p class='ocr_par' dir='ltr' id='par_1_105' title="bbox 2045 4311 3631 4383">
     <span class='ocr_line' id='line_1_105' title="bbox 2045 4311 3631 4383; baseline 0.003 -19"><span class='ocrx_word' id='word_1_870' title='bbox 2045 4311 2177 4379; x_wconf 91' lang='lat' dir='ltr'><strong>quit.</strong></span> <span class='ocrx_word' id='word_1_871' title='bbox 2209 4311 2288 4367; x_wconf 86' lang='lat' dir='ltr'><strong>Tu</strong></span> <span class='ocrx_word' id='word_1_872' title='bbox 2309 4327 2438 4365; x_wconf 88' lang='lat' dir='ltr'><strong>vero</strong></span> <span class='ocrx_word' id='word_1_873' title='bbox 2459 4311 2586 4365; x_wconf 90' lang='lat' dir='ltr'><strong>mihi</strong></span> <span class='ocrx_word' id='word_1_874' title='bbox 2619 4313 2915 4381; x_wconf 89' lang='lat' dir='ltr'><strong>perpendas</strong></span> <span class='ocrx_word' id='word_1_875' title='bbox 2936 4314 3116 4381; x_wconf 91' lang='lat' dir='ltr'><strong>velim,</strong></span> <span class='ocrx_word' id='word_1_876' title='bbox 3145 4329 3301 4383; x_wconf 90' lang='lat' dir='ltr'><strong>quam</strong></span> <span class='ocrx_word' id='word_1_877' title='bbox 3322 4324 3631 4383; x_wconf 68' lang='lat' dir='ltr'><strong>opportuna</strong></span> 
     </span>
    </p>
   </div>
   <div class='ocr_carea' id='block_1_106' title="bbox 2041 4402 3635 4474">
    <p class='ocr_par' dir='ltr' id='par_1_106' title="bbox 2041 4402 3635 4474">
     <span class='ocr_line' id='line_1_106' title="bbox 2041 4402 3635 4474; baseline 0.003 -18"><span class='ocrx_word' id='word_1_878' title='bbox 2041 4402 2146 4456; x_wconf 89' lang='lat' dir='ltr'><strong>sint</strong></span> <span class='ocrx_word' id='word_1_879' title='bbox 2200 4403 2488 4472; x_wconf 71' lang='lat' dir='ltr'><strong>propositm</strong></span> <span class='ocrx_word' id='word_1_880' title='bbox 2534 4403 2608 4456; x_wconf 87' lang='lat' dir='ltr'><strong>rei</strong></span> <span class='ocrx_word' id='word_1_881' title='bbox 2658 4403 2898 4470; x_wconf 84' lang='lat' dir='ltr'><strong>exempla</strong></span> <span class='ocrx_word' id='word_1_882' title='bbox 2950 4403 3070 4468; x_wconf 76' lang='lat' dir='ltr'><strong>illa,</strong></span> <span class='ocrx_word' id='word_1_883' title='bbox 3123 4412 3176 4458; x_wconf 91' lang='lat' dir='ltr'><strong>et</strong></span> <span class='ocrx_word' id='word_1_884' title='bbox 3199 4405 3465 4473; x_wconf 84' lang='lat' dir='ltr'><strong>quomodo</strong></span> <span class='ocrx_word' id='word_1_885' title='bbox 3518 4408 3635 4474; x_wconf 88' lang='lat' dir='ltr'><strong>pri-</strong></span> 
     </span>
    </p>
   </div>
   <div class='ocr_carea' id='block_1_107' title="bbox 2040 4493 3633 4562">
    <p class='ocr_par' dir='ltr' id='par_1_107' title="bbox 2040 4493 3633 4562">
     <span class='ocr_line' id='line_1_107' title="bbox 2040 4493 3633 4562; baseline 0.001 -13"><span class='ocrx_word' id='word_1_886' title='bbox 2040 4510 2186 4549; x_wconf 87' lang='lat' dir='ltr'><strong>mum</strong></span> <span class='ocrx_word' id='word_1_887' title='bbox 2242 4493 2548 4548; x_wconf 90' lang='lat' dir='ltr'><strong>meminerit</strong></span> <span class='ocrx_word' id='word_1_888' title='bbox 2617 4494 2925 4562; x_wconf 73' lang='lat' dir='ltr'><strong>periculosa:</strong></span> <span class='ocrx_word' id='word_1_889' title='bbox 2981 4493 3093 4559; x_wconf 87' lang='lat' dir='ltr'><strong>rei,</strong></span> <span class='ocrx_word' id='word_1_890' title='bbox 3148 4495 3382 4557; x_wconf 70' lang='lat' dir='ltr'><strong>militiw,</strong></span> <span class='ocrx_word' id='word_1_891' title='bbox 3433 4510 3633 4550; x_wconf 73' lang='lat' dir='ltr'><strong>atmo-</strong></span> 
     </span>
    </p>
   </div>
   <div class='ocr_carea' id='block_1_108' title="bbox 2040 4584 3632 4655">
    <p class='ocr_par' dir='ltr' id='par_1_108' title="bbox 2040 4584 3632 4655">
     <span class='ocr_line' id='line_1_108' title="bbox 2040 4584 3632 4655; baseline 0 -14"><span class='ocrx_word' id='word_1_892' title='bbox 2040 4602 2157 4641; x_wconf 89' lang='lat' dir='ltr'><strong>rum</strong></span> <span class='ocrx_word' id='word_1_893' title='bbox 2190 4596 2244 4642; x_wconf 92' lang='lat' dir='ltr'><strong>et</strong></span> <span class='ocrx_word' id='word_1_894' title='bbox 2282 4586 2425 4641; x_wconf 90' lang='lat' dir='ltr'><strong>belli.</strong></span> <span class='ocrx_word' id='word_1_895' title='bbox 2469 4584 2777 4654; x_wconf 78' lang='lat' dir='ltr'><strong>Huiusmodi</strong></span> <span class='ocrx_word' id='word_1_896' title='bbox 2825 4585 2966 4638; x_wconf 85' lang='lat' dir='ltr'><strong>enim</strong></span> <span class='ocrx_word' id='word_1_897' title='bbox 3013 4599 3100 4638; x_wconf 89' lang='lat' dir='ltr'><strong>res</strong></span> <span class='ocrx_word' id='word_1_898' title='bbox 3145 4593 3226 4638; x_wconf 92' lang='lat' dir='ltr'><strong>est</strong></span> <span class='ocrx_word' id='word_1_899' title='bbox 3267 4587 3632 4655; x_wconf 80' lang='lat' dir='ltr'><strong>apostolatus,</strong></span> 
     </span>
    </p>
   </div>
   <div class='ocr_carea' id='block_1_109' title="bbox 2043 4675 3625 4746">
    <p class='ocr_par' dir='ltr' id='par_1_109' title="bbox 2043 4675 3625 4746">
     <span class='ocr_line' id='line_1_109' title="bbox 2043 4675 3625 4746; baseline -0.001 -11"><span class='ocrx_word' id='word_1_900' title='bbox 2043 4681 2150 4735; x_wconf 90' lang='lat' dir='ltr'><strong>imo</strong></span> <span class='ocrx_word' id='word_1_901' title='bbox 2179 4678 2262 4732; x_wconf 91' lang='lat' dir='ltr'><strong>his</strong></span> <span class='ocrx_word' id='word_1_902' title='bbox 2289 4678 2455 4733; x_wconf 90' lang='lat' dir='ltr'><strong>multo</strong></span> <span class='ocrx_word' id='word_1_903' title='bbox 2480 4677 2670 4744; x_wconf 87' lang='lat' dir='ltr'><strong>major.</strong></span> <span class='ocrx_word' id='word_1_904' title='bbox 2707 4675 2888 4746; x_wconf 87' lang='lat' dir='ltr'><strong>Neque</strong></span> <span class='ocrx_word' id='word_1_905' title='bbox 2913 4677 3053 4730; x_wconf 90' lang='lat' dir='ltr'><strong>enim</strong></span> <span class='ocrx_word' id='word_1_906' title='bbox 3085 4677 3336 4730; x_wconf 82' lang='lat' dir='ltr'><strong>adversus</strong></span> <span class='ocrx_word' id='word_1_907' title='bbox 3364 4676 3625 4734; x_wconf 80' lang='lat' dir='ltr'><strong>homines</strong></span> 
     </span>
    </p>
   </div>
   <div class='ocr_carea' id='block_1_110' title="bbox 2043 4766 3635 4839">
    <p class='ocr_par' dir='ltr' id='par_1_110' title="bbox 2043 4766 3635 4839">
     <span class='ocr_line' id='line_1_110' title="bbox 2043 4766 3635 4839; baseline 0.001 -14"><span class='ocrx_word' id='word_1_908' title='bbox 2043 4780 2248 4826; x_wconf 90' lang='lat' dir='ltr'><strong>tantum</strong></span> <span class='ocrx_word' id='word_1_909' title='bbox 2278 4769 2478 4824; x_wconf 90' lang='lat' dir='ltr'><strong>bellum</strong></span> <span class='ocrx_word' id='word_1_910' title='bbox 2508 4769 2638 4839; x_wconf 90' lang='lat' dir='ltr'><strong>ipsis</strong></span> <span class='ocrx_word' id='word_1_911' title='bbox 2665 4777 2782 4821; x_wconf 89' lang='lat' dir='ltr'><strong>erat</strong></span> <span class='ocrx_word' id='word_1_912' title='bbox 2801 4807 2816 4832; x_wconf 94' lang='lat'><strong>,</strong></span> <span class='ocrx_word' id='word_1_913' title='bbox 2848 4766 2941 4820; x_wconf 90' lang='lat' dir='ltr'><strong>sed</strong></span> <span class='ocrx_word' id='word_1_914' title='bbox 2971 4779 3024 4822; x_wconf 91' lang='lat' dir='ltr'><strong>et</strong></span> <span class='ocrx_word' id='word_1_915' title='bbox 3048 4767 3301 4822; x_wconf 84' lang='lat' dir='ltr'><strong>adversus</strong></span> <span class='ocrx_word' id='word_1_916' title='bbox 3344 4768 3635 4826; x_wconf 65' lang='lat' dir='ltr'><strong>daemones</strong></span> 
     </span>
    </p>
   </div>
   <div class='ocr_carea' id='block_1_111' title="bbox 2041 4860 3635 4935">
    <p class='ocr_par' dir='ltr' id='par_1_111' title="bbox 2041 4860 3635 4935">
     <span class='ocr_line' id='line_1_111' title="bbox 2041 4860 3635 4935; baseline -0.001 -16"><span class='ocrx_word' id='word_1_917' title='bbox 2041 4875 2096 4920; x_wconf 88' lang='lat' dir='ltr'><strong>et</strong></span> <span class='ocrx_word' id='word_1_918' title='bbox 2128 4863 2423 4935; x_wconf 86' lang='lat' dir='ltr'><strong>principem</strong></span> <span class='ocrx_word' id='word_1_919' title='bbox 2446 4862 2655 4916; x_wconf 91' lang='lat' dir='ltr'><strong>illorum</strong></span> <span class='ocrx_word' id='word_1_920' title='bbox 2681 4861 2940 4914; x_wconf 91' lang='lat' dir='ltr'><strong>instructa</strong></span> <span class='ocrx_word' id='word_1_921' title='bbox 2977 4860 3138 4915; x_wconf 90' lang='lat' dir='ltr'><strong>acies.</strong></span> <span class='ocrx_word' id='word_1_922' title='bbox 3170 4861 3279 4915; x_wconf 80' lang='lat' dir='ltr'><strong>[loc</strong></span> <span class='ocrx_word' id='word_1_923' title='bbox 3305 4871 3387 4915; x_wconf 91' lang='lat' dir='ltr'><strong>est</strong></span> <span class='ocrx_word' id='word_1_924' title='bbox 3414 4874 3635 4931; x_wconf 87' lang='lat' dir='ltr'><strong>autem,</strong></span> 
     </span>
    </p>
   </div>
   <div class='ocr_carea' id='block_1_112' title="bbox 2041 4952 3636 5026">
    <p class='ocr_par' dir='ltr' id='par_1_112' title="bbox 2041 4952 3636 5026">
     <span class='ocr_line' id='line_1_112' title="bbox 2041 4952 3636 5026; baseline -0.003 -14"><span class='ocrx_word' id='word_1_925' title='bbox 2041 4955 2183 5026; x_wconf 89' lang='lat' dir='ltr'><strong>quod</strong></span> <span class='ocrx_word' id='word_1_926' title='bbox 2228 4955 2355 5010; x_wconf 88' lang='lat' dir='ltr'><strong>dicit</strong></span> <span class='ocrx_word' id='word_1_927' title='bbox 2382 4971 2398 5010; x_wconf 93' lang='lat'><strong>:</strong></span> <span class='ocrx_word' id='word_1_928' title='bbox 2429 4954 2614 5023; x_wconf 89' lang='lat' dir='ltr'><strong>Neque</strong></span> <span class='ocrx_word' id='word_1_929' title='bbox 2656 4952 2863 5007; x_wconf 85' lang='lat' dir='ltr'><strong>externi</strong></span> <span class='ocrx_word' id='word_1_930' title='bbox 2909 4952 3175 5020; x_wconf 88' lang='lat' dir='ltr'><strong>principes</strong></span> <span class='ocrx_word' id='word_1_931' title='bbox 3221 4954 3322 5007; x_wconf 90' lang='lat' dir='ltr'><strong>hoc</strong></span> <span class='ocrx_word' id='word_1_932' title='bbox 3362 4953 3636 5023; x_wconf 81' lang='lat' dir='ltr'><strong>exigunt,</strong></span> 
     </span>
    </p>
   </div>
   <div class='ocr_carea' id='block_1_113' title="bbox 2040 5043 3637 5117">
    <p class='ocr_par' dir='ltr' id='par_1_113' title="bbox 2040 5043 3637 5117">
     <span class='ocr_line' id='line_1_113' title="bbox 2040 5043 3637 5117; baseline -0.004 -11"><span class='ocrx_word' id='word_1_933' title='bbox 2040 5052 2170 5105; x_wconf 66' lang='lat' dir='ltr'><strong>saevi</strong></span> <span class='ocrx_word' id='word_1_934' title='bbox 2196 5049 2322 5104; x_wconf 91' lang='lat' dir='ltr'><strong>licet</strong></span> <span class='ocrx_word' id='word_1_935' title='bbox 2345 5057 2400 5104; x_wconf 92' lang='lat' dir='ltr'><strong>et</strong></span> <span class='ocrx_word' id='word_1_936' title='bbox 2424 5047 2627 5117; x_wconf 90' lang='lat' dir='ltr'><strong>iniqui,</strong></span> <span class='ocrx_word' id='word_1_937' title='bbox 2657 5054 2714 5100; x_wconf 90' lang='lat' dir='ltr'><strong>ut</strong></span> <span class='ocrx_word' id='word_1_938' title='bbox 2739 5044 2933 5098; x_wconf 91' lang='lat' dir='ltr'><strong>milites</strong></span> <span class='ocrx_word' id='word_1_939' title='bbox 2963 5043 3162 5096; x_wconf 92' lang='lat' dir='ltr'><strong>bellum</strong></span> <span class='ocrx_word' id='word_1_940' title='bbox 3189 5053 3375 5113; x_wconf 86' lang='lat' dir='ltr'><strong>gerant</strong></span> <span class='ocrx_word' id='word_1_941' title='bbox 3399 5053 3453 5098; x_wconf 93' lang='lat' dir='ltr'><strong>et</strong></span> <span class='ocrx_word' id='word_1_942' title='bbox 3475 5047 3637 5114; x_wconf 89' lang='lat' dir='ltr'><strong>peri-</strong></span> 
     </span>
    </p>
   </div>
   <div class='ocr_carea' id='block_1_114' title="bbox 2039 5135 3643 5209">
    <p class='ocr_par' dir='ltr' id='par_1_114' title="bbox 2039 5135 3643 5209">
     <span class='ocr_line' id='line_1_114' title="bbox 2039 5135 3643 5209; baseline -0.005 -11"><span class='ocrx_word' id='word_1_943' title='bbox 2039 5141 2161 5198; x_wconf 89' lang='lat' dir='ltr'><strong>cula</strong></span> <span class='ocrx_word' id='word_1_944' title='bbox 2180 5141 2377 5198; x_wconf 88' lang='lat' dir='ltr'><strong>adeant</strong></span> <span class='ocrx_word' id='word_1_945' title='bbox 2399 5181 2414 5207; x_wconf 96' lang='lat'><strong>,</strong></span> <span class='ocrx_word' id='word_1_946' title='bbox 2446 5153 2620 5209; x_wconf 81' lang='lat' dir='ltr'><strong>exque</strong></span> <span class='ocrx_word' id='word_1_947' title='bbox 2667 5139 2780 5193; x_wconf 89' lang='lat' dir='ltr'><strong>suis</strong></span> <span class='ocrx_word' id='word_1_948' title='bbox 2825 5135 3167 5191; x_wconf 88' lang='lat' dir='ltr'><strong>facultatibus</strong></span> <span class='ocrx_word' id='word_1_949' title='bbox 3203 5138 3414 5190; x_wconf 88' lang='lat' dir='ltr'><strong>alantur</strong></span> <span class='ocrx_word' id='word_1_950' title='bbox 3443 5153 3457 5188; x_wconf 90' lang='lat'><strong>:</strong></span> <span class='ocrx_word' id='word_1_951' title='bbox 3493 5153 3643 5206; x_wconf 88' lang='lat' dir='ltr'><strong>quo-</strong></span> 
     </span>
    </p>
   </div>
   <div class='ocr_carea' id='block_1_115' title="bbox 2039 5227 3642 5304">
    <p class='ocr_par' dir='ltr' id='par_1_115' title="bbox 2039 5227 3642 5304">
     <span class='ocr_line' id='line_1_115' title="bbox 2039 5227 3642 5304; baseline -0.004 -14"><span class='ocrx_word' id='word_1_952' title='bbox 2039 5235 2199 5292; x_wconf 90' lang='lat' dir='ltr'><strong>modo</strong></span> <span class='ocrx_word' id='word_1_953' title='bbox 2239 5249 2368 5304; x_wconf 83' lang='lat' dir='ltr'><strong>ergo</strong></span> <span class='ocrx_word' id='word_1_954' title='bbox 2409 5231 2657 5287; x_wconf 88' lang='lat' dir='ltr'><strong>Christus</strong></span> <span class='ocrx_word' id='word_1_955' title='bbox 2688 5230 2790 5284; x_wconf 91' lang='lat' dir='ltr'><strong>hoc</strong></span> <span class='ocrx_word' id='word_1_956' title='bbox 2819 5243 3068 5298; x_wconf 90' lang='lat' dir='ltr'><strong>umquam</strong></span> <span class='ocrx_word' id='word_1_957' title='bbox 3119 5228 3395 5298; x_wconf 80' lang='lat' dir='ltr'><strong>exegerit?</strong></span> <span class='ocrx_word' id='word_1_958' title='bbox 3436 5227 3642 5300; x_wconf 84' lang='lat' dir='ltr'><strong>Neque</strong></span> 
     </span>
    </p>
   </div>
   <div class='ocr_carea' id='block_1_116' title="bbox 2039 5318 3646 5390">
    <p class='ocr_par' dir='ltr' id='par_1_116' title="bbox 2039 5318 3646 5390">
     <span class='ocr_line' id='line_1_116' title="bbox 2039 5318 3646 5390; baseline -0.006 -7"><span class='ocrx_word' id='word_1_959' title='bbox 2039 5342 2145 5382; x_wconf 92' lang='lat' dir='ltr'><strong>uno</strong></span> <span class='ocrx_word' id='word_1_960' title='bbox 2169 5332 2452 5382; x_wconf 88' lang='lat' dir='ltr'><strong>contentus</strong></span> <span class='ocrx_word' id='word_1_961' title='bbox 2476 5330 2557 5378; x_wconf 92' lang='lat' dir='ltr'><strong>est</strong></span> <span class='ocrx_word' id='word_1_962' title='bbox 2581 5320 2849 5390; x_wconf 84' lang='lat' dir='ltr'><strong>exemplo.</strong></span> <span class='ocrx_word' id='word_1_963' title='bbox 2888 5319 3020 5373; x_wconf 86' lang='lat' dir='ltr'><strong>Nam</strong></span> <span class='ocrx_word' id='word_1_964' title='bbox 3051 5319 3129 5373; x_wconf 86' lang='lat' dir='ltr'><strong>vel</strong></span> <span class='ocrx_word' id='word_1_965' title='bbox 3159 5318 3554 5388; x_wconf 88' lang='lat' dir='ltr'><strong>simpliciorem</strong></span> <span class='ocrx_word' id='word_1_966' title='bbox 3585 5331 3646 5374; x_wconf 89' lang='lat' dir='ltr'><strong>et</strong></span> 
     </span>
    </p>
   </div>
   <div class='ocr_carea' id='block_1_117' title="bbox 2037 5410 3639 5480">
    <p class='ocr_par' dir='ltr' id='par_1_117' title="bbox 2037 5410 3639 5480">
     <span class='ocr_line' id='line_1_117' title="bbox 2037 5410 3639 5480; baseline -0.006 -5"><span class='ocrx_word' id='word_1_967' title='bbox 2037 5419 2358 5475; x_wconf 88' lang='lat' dir='ltr'><strong>crassiorem</strong></span> <span class='ocrx_word' id='word_1_968' title='bbox 2385 5415 2487 5471; x_wconf 89' lang='lat' dir='ltr'><strong>hoc</strong></span> <span class='ocrx_word' id='word_1_969' title='bbox 2528 5414 2764 5469; x_wconf 81' lang='lat' dir='ltr'><strong>maxime</strong></span> <span class='ocrx_word' id='word_1_970' title='bbox 2792 5411 2946 5466; x_wconf 87' lang='lat' dir='ltr'><strong>sedat</strong></span> <span class='ocrx_word' id='word_1_971' title='bbox 2989 5420 3044 5464; x_wconf 90' lang='lat' dir='ltr'><strong>et</strong></span> <span class='ocrx_word' id='word_1_972' title='bbox 3091 5410 3283 5480; x_wconf 88' lang='lat' dir='ltr'><strong>placat.</strong></span> <span class='ocrx_word' id='word_1_973' title='bbox 3316 5425 3437 5463; x_wconf 90' lang='lat' dir='ltr'><strong>eum</strong></span> <span class='ocrx_word' id='word_1_974' title='bbox 3468 5411 3639 5466; x_wconf 84' lang='lat' dir='ltr'><strong>videt</strong></span> 
     </span>
    </p>
   </div>
   <div class='ocr_carea' id='block_1_118' title="bbox 2036 5499 3640 5569">
    <p class='ocr_par' dir='ltr' id='par_1_118' title="bbox 2036 5499 3640 5569">
     <span class='ocr_line' id='line_1_118' title="bbox 2036 5499 3640 5569; baseline -0.009 -2"><span class='ocrx_word' id='word_1_975' title='bbox 2036 5523 2376 5567; x_wconf 87' lang='lat' dir='ltr'><strong>communem</strong></span> <span class='ocrx_word' id='word_1_976' title='bbox 2413 5503 2854 5564; x_wconf 89' lang='lat' dir='ltr'><strong>consuetudinem</strong></span> <span class='ocrx_word' id='word_1_977' title='bbox 2883 5516 3001 5556; x_wconf 90' lang='lat' dir='ltr'><strong>cum</strong></span> <span class='ocrx_word' id='word_1_978' title='bbox 3034 5501 3125 5556; x_wconf 91' lang='lat' dir='ltr'><strong>Dei</strong></span> <span class='ocrx_word' id='word_1_979' title='bbox 3163 5499 3368 5569; x_wconf 86' lang='lat' dir='ltr'><strong>legibus</strong></span> <span class='ocrx_word' id='word_1_980' title='bbox 3384 5513 3640 5554; x_wconf 84' lang='lat' dir='ltr'><strong>consen-</strong></span> 
     </span>
    </p>
   </div>
   <div class='ocr_carea' id='block_1_119' title="bbox 2039 5607 2154 5661">
    <p class='ocr_par' dir='ltr' id='par_1_119' title="bbox 2039 5607 2154 5661">
     <span class='ocr_line' id='line_1_119' title="bbox 2039 5607 2154 5661; baseline -0.026 -1"><span class='ocrx_word' id='word_1_981' title='bbox 2039 5607 2154 5661; x_wconf 90' lang='lat' dir='ltr'><strong>tire.</strong></span> 
     </span>
    </p>
   </div>
   <div class='ocr_carea' id='block_1_120' title="bbox 2099 5699 3644 5782">
    <p class='ocr_par' dir='ltr' id='par_1_120' title="bbox 2099 5699 3644 5782">
     <span class='ocr_line' id='line_1_120' title="bbox 2099 5699 3644 5782; baseline 0.001 -1"><span class='ocrx_word' id='word_1_982' title='bbox 2099 5719 2172 5782; x_wconf 85' lang='grc' dir='ltr'><strong>(α)</strong></span> <span class='ocrx_word' id='word_1_983' title='bbox 2195 5718 2253 5769; x_wconf 80' lang='grc' dir='ltr'><strong>ιιι</strong></span> <span class='ocrx_word' id='word_1_984' title='bbox 2273 5716 2480 5782; x_wconf 68' lang='lat' dir='ltr'><strong>Vulgata</strong></span> <span class='ocrx_word' id='word_1_985' title='bbox 2493 5713 2677 5782; x_wconf 65' lang='grc' dir='ltr'><strong>ιεςίιιειῖ</strong></span> <span class='ocrx_word' id='word_1_986' title='bbox 2702 5712 2822 5782; x_wconf 57' lang='lat' dir='ltr'><strong>aut</strong></span> <span class='ocrx_word' id='word_1_987' title='bbox 2842 5702 3375 5782; x_wconf 51' lang='grc' dir='ltr'><strong>εθορέβςτνξςξίέξιὶῐιρᾶ</strong></span> 
     </span>
    </p>
   </div>
   <div class='ocr_carea' id='block_1_121' title="bbox 2034 5763 3641 5849">
    <p class='ocr_par' dir='ltr' id='par_1_121' title="bbox 2034 5763 3641 5849">
     <span class='ocr_line' id='line_1_121' title="bbox 2034 5763 3641 5849; baseline -0.012 -15"><span class='ocrx_word' id='word_1_988' title='bbox 2034 5763 2310 5849; x_wconf 67' lang='grc' dir='ltr'><strong>ροὶέἂᾶιῖηᾶ</strong></span> <span class='ocrx_word' id='word_1_989' title='bbox 2325 5763 2671 5842; x_wconf 63' lang='grc' dir='ltr'><strong>Ϊιῖἷῦρετῗιηάὶ</strong></span> <span class='ocrx_word' id='word_1_990' title='bbox 2700 5770 2724 5824; x_wconf 86' lang='lat'><strong><em>?</em></strong></span> <span class='ocrx_word' id='word_1_991' title='bbox 2747 5770 2800 5822; x_wconf 90' lang='lat' dir='ltr'><strong>Id</strong></span> <span class='ocrx_word' id='word_1_992' title='bbox 2819 5763 3106 5834; x_wconf 67' lang='lat' dir='ltr'><strong>quodetiam</strong></span> <span class='ocrx_word' id='word_1_993' title='bbox 3116 5777 3226 5818; x_wconf 89' lang='lat' dir='ltr'><strong>cum</strong></span> <span class='ocrx_word' id='word_1_994' title='bbox 3247 5768 3378 5815; x_wconf 89' lang='lat' dir='ltr'><strong>serie</strong></span> <span class='ocrx_word' id='word_1_995' title='bbox 3393 5763 3641 5826; x_wconf 69' lang='lat' dir='ltr'><strong>quiadrat.</strong></span> 
     </span>
    </p>
   </div>
  </div>
