3838 6214
198 326 290 381 171
1253 316 1318 370 IN
1357 314 1573 371 EPIST.
1608 313 1627 367 1
1693 312 1783 369 AD
1816 312 1977 369 COR.
2024 312 2257 368 HOMIL.
2296 313 2441 369 XXI.

194 443 252 491 τὸ
285 432 422 505 μετὰ
453 431 692 503 Χριστοῦ
713 432 985 501 γενέσθαι.
1021 432 1157 484 Ἀλλ’
1180 431 1300 484 οὐδὲ
1331 430 1523 484 τούτου
1547 428 1771 498 ἐστέρη-

196 534 309 589 μαι·
336 516 425 569 διὰ
442 515 599 568 τοῦτο
620 515 789 583 λέγει,
814 515 959 583 Οὐχὶ
992 513 1227 579 Ἰησοῦν
1247 515 1507 584 Χριστὸν
1533 511 1641 566 τὸν
1658 512 1768 565 Κύ-

190 616 322 667 ριον
340 596 510 666 ήμῶν
536 596 803 664 ἑώρακα;
830 600 1139 666 Ἐσχατον
1162 598 1271 667 γὰρ
1296 596 1558 658 πάντων,
1581 595 1768 663 φησὶν,

191 680 446 747 ὡσπερεὶ
473 679 553 744 τῷ
583 679 925 749 ἐκτρώματι,
959 680 1124 748 ὤφθη
1156 680 1356 747 κάμοί.
1382 679 1458 732 Οὑ
1494 677 1688 748 μικρὸν
1716 675 1773 729 δέ

193 764 286 815 καὶ
331 761 491 815 τοῦτο
522 761 739 832 ἀξίωμα
772 758 861 831 ἦν.
908 763 1129 815 Πολλοὶ
1178 762 1288 832 γὰρ
1335 761 1635 831 προφῆται
1675 758 1776 813 καὶ

193 844 412 898 δίκαιοι
446 845 834 913 ἐπεθύμησαν·
866 844 1043 909 ίδεῖν,
1071 843 1110 897 ἃ
1142 844 1439 911 βλέπετε,
1473 844 1642 913 φησὶ,
1674 842 1774 896 καὶ

194 930 305 982 οὐκ
338 924 523 981 εἴδονο
560 927 689 990 καὶ,
741 927 1135 981 Ἐλεύσονται
1173 926 1418 995 ἡμέραι,
1453 926 1553 979 ὅτε
1595 925 1775 990 θελή-

192 1024 337 1065 σετε
358 1010 507 1077 μίαν
526 1010 753 1062 τούτων
781 1007 929 1060 ίδεῖν
951 1007 1069 1061 τῶν
1090 1008 1347 1077 ἡμερῶν.
1376 1008 1443 1061 Τί
1467 1003 1579 1069 οὖν,
1606 1009 1654 1059 εἰ
1682 1006 1777 1057 καὶ

194 1093 496 1154 ἀπόστολος
516 1087 564 1143 εί
584 1093 680 1144 καὶ
704 1090 986 1161 ἐλεύθερος
1010 1090 1102 1143 καὶ
1126 1091 1218 1144 τὸν
1240 1092 1474 1161 Χριστὸν
1501 1089 1775 1160 ἑώρακας,

194 1176 349 1228 οὑδέν
392 1175 449 1227 δέ
498 1174 755 1240 ἐπεδείξω
802 1174 1100 1228 ἀποστόλου
1143 1174 1324 1244 ἔργον,
1374 1173 1492 1236 πῶς
1541 1172 1776 1241 ὀφείλεις

195 1257 533 1328 λαμϐάνειν;
563 1256 661 1310 Διά
696 1256 850 1309 τοῦτο
882 1258 1021 1327 μετά
1042 1255 1217 1311 ταῦτα
1246 1258 1524 1327 ἐπήγαγεν
1545 1272 1559 1286 θ
1586 1256 1669 1309 Οὐ
1708 1256 1777 1307 τὸ

194 1341 375 1410 ἔργον
417 1358 531 1406 μου
576 1339 747 1409 ὑμεῖς
789 1339 929 1393 ἐστε
978 1341 1048 1392 ἐν
1099 1340 1326 1408 Κυρίῳ;
1366 1340 1440 1391 Τὸ
1488 1337 1598 1408 γὰρ
1636 1337 1777 1408 μέγα

192 1423 355 1476 τοῦτό
386 1424 533 1476 ἐστιν
554 1440 566 1452 ·
591 1424 778 1475 ἐκεῖνα
820 1420 928 1492 γὰρ
952 1422 1105 1475 οὐδὲν
1128 1422 1330 1490 ὠφελεῖ
1356 1421 1549 1474 τούτου
1586 1421 1774 1491 χωρίς.

208 1506 363 1560 Ἐπεὶ
387 1506 483 1559 καὶ
521 1505 723 1568 Ἰούδας
750 1505 845 1556 καὶ
870 1503 1167 1567 ἀπόστολος
1186 1500 1255 1575 ἦν
1284 1506 1379 1557 καὶ
1402 1503 1687 1574 ἐλεύθερος
1708 1498 1777 1573 ἦν

195 1590 294 1643 καὶ
327 1589 419 1642 τὸν
448 1588 683 1659 Χριστὸν
712 1584 849 1639 εἶδεν
870 1604 883 1618 ·
921 1586 1037 1639 ἀλλ’
1072 1587 1264 1658 ἐπειδὴ
1295 1587 1594 1640 ἀποστόλου
1615 1585 1778 1655 ἔργον

193 1673 299 1725 οὑκ
338 1668 507 1740 εἶχεν,
552 1669 703 1722 οὐδὲν
744 1668 907 1722 αὑτὸν
939 1670 1123 1721 ἐκεῖνα
1148 1668 1347 1739 ὤνησε.
1394 1668 1492 1721 Διά
1525 1668 1591 1738 δὴ
1618 1667 1778 1720 τοῦτο

193 1756 294 1809 καὶ
338 1753 498 1807 τοῦτο
530 1752 886 1824 προστίθησι,
915 1754 1011 1805 καὶ
1039 1754 1235 1815 αὑτοὺς
1283 1753 1567 1823 μάρτυρας
1600 1752 1775 1805 καλεῖ.

192 1839 308 1891 Kal
341 1837 529 1908 ἐπειδὴ
566 1838 706 1907 μέγα
740 1836 1070 1906 ἐφθέγξατο,
1101 1837 1201 1907 δρα
1237 1836 1355 1899 πῶς
1390 1838 1522 1890 αὑτδ
1557 1837 1777 1900 κολάζει

192 1921 404 1988 λέγων,
445 1921 548 1973 Ἐν
588 1920 813 1987 Κυρίῳ·
861 1919 1143 1984 τουτέστι,
1191 1919 1297 1972 Τοῦ
1342 1919 1479 1973 Θεοῦ
1523 1920 1583 1972 τὸ
1619 1921 1777 1991 ἔργον

192 2004 369 2067 ἐστὶν,
398 2004 500 2056 οὑκ
541 2002 694 2071 ἐμόν.
728 2005 796 2056 El
834 2002 1046 2067 ἄλλοις
1085 2003 1197 2055 οὐκ
1251 2002 1369 2068 είμὶ
1410 2002 1775 2069 ἀπόστολος,

192 2086 362 2142 ἀλλά
386 2103 452 2156 τε
485 2086 626 2156 ὑμῖν
649 2087 785 2156 εἰμι.

272 2266 341 2337 β’.
358 2266 522 2338 Ὁρᾷς
537 2265 656 2328 πῶς
676 2265 777 2319 οὑκ
800 2266 915 2318 ἐστὶ
941 2264 1221 2335 περιττός;
1243 2264 1434 2319 Καίτοι
1451 2281 1515 2333 γε
1536 2258 1648 2335 εἷχε
1672 2263 1771 2334 τὴν

187 2350 523 2420 οἰκουμένην
554 2350 725 2402 εἰπεῖν
759 2351 853 2401 καὶ
885 2347 1012 2418 ἔθνη
1038 2347 1288 2418 βάρϐαρα
1317 2347 1412 2402 καὶ
1434 2348 1540 2417 γῆν
1568 2348 1662 2400 καὶ
1685 2345 1779 2400 θά-

188 2432 400 2486 λατταν
419 2449 431 2463 ·
485 2431 599 2485 ἀλλ’
648 2432 799 2501 ὅμως
826 2430 979 2483 οὑδέν
1010 2430 1233 2483 ἐκείνων
1260 2429 1428 2499 λέγει,
1469 2430 1606 2484 ἀλλά
1638 2430 1778 2483 κατά

191 2515 509 2588 συνδρομὴν
539 2514 636 2568 καὶ
659 2516 725 2567 ἐκ
752 2512 1070 2583 περιουσίας
1104 2514 1252 2585 νικᾷ.
1289 2512 1354 2565 Τί
1403 2513 1512 2584 γάρ
1545 2530 1634 2583 μοι
1669 2512 1778 2566 τῶν

187 2598 471 2670 περιττῶν
506 2596 686 2667 χρεία,
724 2597 909 2666 φησὶν,
958 2596 1087 2649 ὅταν
1116 2597 1210 2648 καὶ
1251 2595 1425 2649 ταῦτα
1462 2597 1606 2666 ἀρκῇ
1641 2596 1779 2666 πρὸς

186 2680 298 2751 τὴν
334 2679 615 2749 παροῦσάν
670 2695 760 2748 μοι
821 2678 1115 2743 ὑπόθεσιν;
1185 2678 1258 2730 06
1320 2676 1465 2744 λέγω
1497 2678 1677 2731 τοίνυν
1709 2678 1776 2730 τὰ

187 2763 331 2833 παρ’
367 2762 547 2823 ἀλλοις
580 2759 983 2831 κατορθώματά
1018 2777 1110 2830 μοι
1160 2761 1525 2830 γεγενημένα,
1553 2761 1667 2813 ἀλλ’
1702 2754 1777 2814 ὧν

188 2844 358 2914 ὑμεῖς
385 2845 506 2896 ἐστε
549 2842 848 2914 μάρτυρες.
884 2842 1049 2894 Ὥστε
1089 2844 1137 2895 εί
1175 2842 1273 2895 καὶ
1327 2843 1641 2913 μηδαμόθεν
1682 2844 1777 2897 άλ-

184 2928 373 2993 λοθεν,
426 2928 557 2999 παρ’
602 2925 757 2996 ὑμῶν
815 2925 1053 2996 μάλιστά
1099 2943 1166 2995 με
1197 2926 1364 2997 ἐχρῆν
1390 2926 1594 2980 λαϐεῖν.
1639 2927 1776 2979 Ἀλλ’

184 3014 349 3083 ὅμως
383 3013 514 3082 παρ’
548 3004 622 3063 ὧν
662 3010 896 3081 μάλιστά
946 3026 1013 3080 με
1068 3010 1176 3063 ἐδει
1222 3010 1406 3063 λαϐεῖν
1436 3009 1777 3081 (διδάσκαλος

185 3095 311 3167 γὰρ
349 3093 502 3165 ὑμῶν
530 3092 842 3163 ἐγενόμην),
890 3091 1042 3164 παρά
1072 3091 1279 3146 τούτων
1319 3095 1419 3147 οὐκ
1453 3094 1666 3149 ἔλαϐον.
1708 3098 1778 3150 El

183 3178 413 3244 ἄλλοις
439 3179 551 3231 οὐκ
581 3176 699 3245 ειμι
749 3177 1115 3241 ἀπόστολος,
1163 3175 1327 3230 ἀλλά
1362 3193 1429 3247 γε
1468 3176 1614 3246 ὑμῖν
1636 3180 1773 3247 είμι.

184 3261 372 3315 Πάλιν
417 3259 557 3315 κατά
608 3259 916 3330 συνδρομὴν
944 3260 1036 3312 τὸν
1070 3258 1227 3327 λόγον
1265 3258 1473 3329 τίθησιο
1523 3260 1617 3313 καὶ
1668 3261 1777 3331 γὰρ

182 3345 298 3413 τῆς
346 3341 672 3415 οἰκουμένης
705 3341 1002 3404 ἀπόστολος
1051 3340 1199 3413 [ibi]
1231 3337 1320 3413 ἦν.
1362 3341 1503 3395 Ἀλλ’
1532 3343 1681 3414 ὅμως
1714 3344 1775 3397 06

182 3428 343 3496 λέγω
388 3426 566 3492 τοῦτο,
608 3425 794 3495 φησὶν,
843 3425 964 3477 οὑδέ
1019 3424 1262 3496 μάχομαι
1314 3426 1410 3479 καὶ
1462 3426 1774 3494 φιλονεικῶ,

182 3510 337 3563 ἀλλὰ
381 3510 441 3562 τὸ
498 3508 764 3579 ὑμέτερον
816 3506 1030 3577 τίθημι.
1072 3508 1143 3561 Ἠ
1188 3508 1299 3577 γὰρ
1359 3510 1620 3577 σφραγίς
1666 3508 1778 3577 τῆς

181 3591 349 3662 ἐμῆς
379 3588 732 3658 ἀποστολῆς
783 3588 954 3659 ὑμεῖς
1015 3590 1186 3643 ἐστεο
1227 3592 1527 3653 τουτέστιν,
1576 3594 1777 3663 ὴάπό-

179 3675 383 3739 δειξις.
421 3672 542 3726 Κᾶν
587 3672 843 3743 βούληταί
881 3690 987 3739 τις,
1038 3674 1194 3744 φησὶ,
1247 3674 1437 3744 μαθεῖν
1494 3675 1657 3729 πόθεν
1694 3677 1776 3730 δτι

180 3757 497 3820 ἁπόστολός
552 3758 663 3827 είμι
723 3769 770 3821 α,
806 3757 953 3825 ὑμᾶς
1003 3757 1410 3827 προϐάλλομαι·
1449 3760 1625 3813 πάντα
1668 3759 1777 3832 γάρ

179 3844 259 3896 τά
306 3840 402 3893 τοῦ
434 3839 733 3894 ἀποστόλου
781 3842 838 3893 ἐν
888 3841 1015 3910 ὑμῖν
1064 3841 1449 3913 ἐπεδειξάμην,
1486 3844 1577 3896 καὶ⁹
1622 3844 1777 3899 οὐδὲν

180 3925 450 3980 ἐνέλιπον
473 3940 487 3954 ο
537 3924 676 3994 ὅπερ
710 3923 802 3977 καὶ
831 3925 887 3977 ἐν
912 3926 978 3994 τῇ
1022 3923 1254 3996 δευτέρα
1287 3926 1451 3996 φησὶν
1491 3927 1773 3999 ἐπιστολῇ.

180 4012 260 4064 El
290 4008 395 4061 καὶ
426 4006 610 4061 οὐδέν
658 4008 797 4074 ειμι,
827 4004 1027 4075 λέγων,
1077 4006 1151 4060 τὰ
1183 4006 1393 4075 μέντοι
1422 4009 1641 4079 σημεῖα
1668 4011 1776 4065 τοῦ

175 4092 549 4146 ἀποστόλου
582 4088 978 4159 κατειργάσθη
1032 4088 1105 4142 ἐν
1150 4089 1297 4158 ὑμῖν
1322 4092 1392 4145 ἐν
1428 4093 1596 4162 πάσῃ
1626 4096 1776 4149 ὐπο-

170 4173 376 4245 μονῇ,
414 4174 484 4227 ἐν
528 4173 802 4241 σημείοις
829 4171 929 4225 καὶ
978 4171 1188 4239 τέρασι
1228 4173 1328 4227 καὶ
1360 4174 1675 4246 δυνάμεσι.
1709 4180 1776 4233 Τί

171 4260 303 4331 γάρ
336 4259 484 4311 ἐστιν
508 4249 552 4324 ᾧ
578 4256 849 4327 ήττήθητε
882 4256 1025 4325 ὑπὲρ
1056 4254 1155 4318 τὰς
1180 4255 1374 4322 λοιπὰς
1412 4260 1772 4333 Ἐκκλησίας;

174 4343 291 4394 Διά
346 4339 506 4393 τοῦτό
557 4355 755 4411 φησιν’
799 4339 861 4396 Ἡ
890 4338 1153 4407 σφραγίς
1188 4338 1297 4407 τῆς
1329 4341 1479 4410 ἐμῆς
1515 4345 1778 4402 ἀποστο-

169 4423 313 4488 λῆς
338 4421 511 4491 ὑμεῖς
546 4422 708 4477 ἐστε.
736 4420 849 4473 Kal
885 4420 994 4491 γὰρ
1026 4422 1121 4474 καὶ
1155 4425 1358 4491 σημεῖα
1386 4425 1774 4499 ἐπεδειξάμην,

172 4509 286 4562 καὶ
329 4506 473 4576 λόγῳ
504 4505 738 4569 ἐδίδαξα,
768 4505 865 4558 καὶ
894 4503 1173 4568 κινδύνους
1207 4505 1498 4577 ὑπέμεινα,
1532 4511 1627 4563 καὶ
1659 4511 1775 4582 βίον

172 4588 554 4660 παρεσχόμην
597 4586 858 4659 ἄληπτον.
906 4588 1016 4640 Καὶ
1062 4587 1236 4642 ταῦτα
1265 4588 1363 4643 ὅλα
1391 4590 1481 4645 διά
1510 4592 1620 4647 τῶν
1653 4595 1774 4649 ἐπι-

172 4671 401 4726 στολῶν
432 4671 542 4724 τῶν
593 4669 687 4723 δύο
731 4669 938 4724 τούτων
972 4671 1118 4725 ἐστιν
1176 4671 1324 4739 ίδεῖν,
1380 4674 1500 4738 πῶς
1541 4676 1772 4732 ἑκάστου

167 4755 402 4809 τούτων
434 4753 731 4825 παρέχεται
764 4755 949 4818 αὐτοῖς
993 4755 1270 4821 ἀπόδειξιν
1304 4760 1443 4828 μετά
1483 4760 1773 4831 ἀκριϐείας

167 4837 438 4908 ἀπάσης.
467 4836 539 4891 Ἦ
564 4834 678 4905 ἐμὴ
709 4835 1006 4906 ἀπολογία
1031 4839 1155 4905 τοῖς
1199 4840 1303 4909 ἐμὲ
1338 4842 1774 4910 ἀνακρίνουσίν

163 4923 365 4977 ἐστιν
395 4920 567 4986 αὕτη.
611 4919 677 4973 Τί
705 4922 889 4986 ἐστιν,
923 4921 961 4989 ἠ
1005 4922 1118 4991 ἐμὴ
1163 4924 1459 4995 ἀπολογία
1497 4926 1622 4994 τοῖς
1669 4929 1774 4998 ἐμὲ

162 5003 634 5072 ἀνακρίνουσίν
646 5002 978 5072 ἐστιναῦτη
996 5021 1015 5069 ;
1027 5006 1151 5069 Τοῖς
1163 5007 1385 5072 ζητοῦσι
1399 5010 1589 5081 μαθεῖν
1611 5012 1773 5067 πόθεν

157 5091 263 5144 ὅτι
295 5085 597 5151 ἀπόστολός
629 5089 765 5158 είμι,
796 5089 829 5159 ἢ
858 5090 969 5152 τοῖς
991 5090 1284 5158 ἐγκαλοῦσι
1303 5110 1394 5163 μοι
1422 5092 1497 5158 ὡς
1514 5096 1774 5167 χρήματα

3342 326 3446 380 172

1880 428 1990 481 Kal
2022 428 2137 490 πῶς
2171 426 2345 481 ταῦτα
2381 429 2646 498 ἀπολογία
2669 447 2680 495 ;
2704 432 2834 484 νὊτι
2879 431 3007 485 ὅταν
3054 435 3332 507 φαίνωμαι
3367 446 3461 493 καὶ

1880 509 1988 564 τῶν
2010 513 2520 583 συγκεχωρημένων
2543 514 2904 584 ἀπεχόμενος,
2918 516 3018 568 οὑκ
3037 516 3103 570 ἂν
3120 519 3237 589 εῖην
3253 520 3463 586 δίκαιος

1883 592 2309 656 ὑποπτεύεσθαι,
2335 594 2412 657 ὡς
2444 596 2698 649 ἀπατεὼν
2724 596 2757 666 ἢ
2786 598 2877 650 ἐπὶ
2908 599 3154 669 χρήμασί
3184 619 3238 654 τι
3270 606 3460 659 ποιῶν.

1882 673 1964 728 Τά
1987 690 2046 726 τε
2073 670 2165 729 οὖν
2189 676 2501 747 ἔμπροσθεν
2535 680 2823 749 εἰρημένα,
2853 681 2948 733 καὶ
2982 683 3015 752 ἠ
3044 681 3292 755 ὑμετέρα
3324 687 3467 740 διδαο

1886 759 2099 824 σκαλία,
2137 762 2232 814 καὶ
2258 762 2451 827 ταῦτα,
2483 762 2629 834 άπερ
2653 762 2826 827 εἷπον,
2860 765 3024 836 ἀρκεῖ
3053 766 3132 826 είς
3167 768 3470 838 ἀπολογίαν

1882 842 2031 913 ὑμῖν,
2060 844 2315 913 καὶπρὸς
2344 844 2592 909 ἅπαντας
2620 848 2746 909 τοῦς
2776 848 3168 918 ἀνακρίνοντάς
3193 868 3259 921 με
3286 852 3471 905 ἐντεῦ-
3533 906 3537 909 ,

1883 922 1976 976 θεν
2012 923 2261 996 ἵσταμαι,
2322 928 2506 981 ἐκεῖνά
2547 946 2606 981 τε
2641 930 2817 997 λέγων
2852 930 3179 985 καὶταῦτα·
3221 934 3319 1002 Μὴ
3357 938 3469 989 οὐκ

1883 1007 2104 1077 ἔχομεν
2134 1009 2426 1072 ἐξουσίαν
2450 1012 2663 1080 φαγεῖν
2703 1014 2801 1068 καὶ
2841 1014 3039 1079 πιεῖν;
3068 1016 3154 1085 μὴ
3185 1020 3299 1087 οὐχ
3328 1020 3466 1087 ἐχο-

1881 1105 1999 1157 μεν
2024 1089 2317 1153 ἐξουσίαν
2353 1092 2631 1163 ἀδελφὴν
2668 1095 2927 1165 γυναῖκα
2964 1099 3294 1169 περιάγειν;
3323 1102 3467 1155 Ἀλλ’

1883 1174 2033 1242 ὅμως
2063 1175 2156 1227 καὶ
2187 1175 2346 1244 ἔχων,
2371 1177 2667 1249 ἀπέχομαι.
2703 1178 2767 1230 Τί
2797 1175 2911 1244 οὖν,
2940 1182 3038 1234 οὑκ
3076 1183 3319 1253 ἔτρωγεν
3348 1186 3468 1239 οὑδέ

1885 1255 2071 1320 ἐπινε;
2126 1258 2378 1313 Μάλιστα
2431 1261 2529 1330 μὲν
2563 1261 2833 1332 πολλαχοῦ
2878 1263 3001 1316 οὔτε
3047 1264 3288 1336 ἔτρωγεν
3342 1268 3467 1324 οὔτε

1885 1337 2035 1391 ἔπινε
2056 1356 2070 1369 ·
2109 1340 2201 1392 καὶ
2230 1342 2360 1411 γάρ,
2379 1342 2474 1396 Ἐν
2512 1343 2685 1412 λιμῷ,
2719 1346 2873 1415 φησὶ,
2904 1348 2998 1399 καὶ
3040 1348 3223 1416 δίψει,
3254 1352 3324 1403 ἐν
3347 1354 3466 1420 ψύ-

1884 1436 1977 1488 χει
2026 1426 2124 1474 καὶ
2180 1428 2505 1491 γυμνότητι
2552 1428 2936 1494 διετρίϐομεν.
2977 1431 3241 1486 Ἐνταῦθα
3284 1434 3467 1502 μέντοι

1884 1504 1944 1556 οὑ
1976 1503 2133 1557 τοῦτο
2158 1505 2326 1573 λέγει,
2358 1507 2497 1561 ἀλλά
2530 1509 2619 1573 τί;
2654 1511 2729 1562 O6
2756 1510 3043 1581 τρώγομεν
3082 1514 3203 1566 οὑδέ
3236 1517 3466 1585 πίνομεν

1886 1586 2039 1656 παρά
2083 1586 2190 1639 τῶν
2226 1590 2686 1660 μαθητευομένων
2728 1591 3121 1662 λαμϐάνοντες,
3175 1598 3351 1650 καίτοι
3400 1615 3464 1667 γε

1886 1667 2133 1733 ἐξουσίαν
2161 1670 2375 1739 ἔχοντες
2408 1673 2500 1725 τοῦ
2536 1675 2741 1729 λαϐεῖν.
2776 1676 2871 1742 Μὴ
2904 1680 3015 1731 οὐκ
3045 1679 3263 1748 ἔχομεν
3295 1682 3467 1745 ἐξου-

1886 1755 2034 1805 σίαν
2061 1753 2341 1822 ἀδελφὴν
2370 1757 2624 1825 γυναῖκα
2658 1760 2982 1830 περιάγειν,
3015 1763 3094 1828 ὡς
3124 1764 3226 1816 καὶ
3256 1768 3309 1818 οί
3336 1769 3465 1820 λοι-

1885 1836 1984 1889 ποί
2036 1838 2369 1892 ἀπόστολοι
2423 1841 2521 1894 καὶ
2569 1846 2622 1896 οι
2666 1842 2920 1912 ἀδελφοὶ
2972 1845 3079 1899 τοῦ
3112 1849 3333 1916 Κυρίου
3366 1837 3467 1905 καί

1886 1917 2130 1987 Κηφᾶς

1960 2090 2102 2162 ὐρα
2149 2092 2358 2160 σοφίαν·
2398 2092 2487 2145 τὸν
2520 2096 2818 2165 κορυφαῖον
2848 2094 3076 2169 ὕστερον
3120 2099 3333 2153 τέθεικε
3355 2118 3370 2134 ·
3404 2102 3468 2155 τὸ

1888 2174 1994 2243 γάρ
2031 2175 2379 2245 ἰσχυρότερον
2406 2176 2514 2228 τῶν
2548 2177 2859 2246 κεφαλαίων
2886 2180 3008 2234 τότε
3034 2178 3273 2239 τίθεται.
3329 2186 3466 2239 Οὑδὲ

1884 2256 1993 2326 γάρ
2039 2256 2181 2310 οὑτω
2226 2257 2538 2329 θαυμαστὸν
2586 2255 2653 2329 ἧν
2680 2261 2852 2326 δεῖξαι
2901 2263 3027 2328 τοὺς
3079 2264 3271 2329 ἄλλους
3308 2266 3468 2320 τοῦτο

1885 2337 2194 2405 ποιοῦντας,
2226 2340 2302 2403 ὡς
2349 2341 2439 2394 τὸν
2475 2344 2870 2414 πρωτοστάτην
2902 2346 2995 2398 καὶ
3028 2347 3127 2411 τάς
3173 2349 3322 2413 κλεῖς
3365 2352 3465 2421 ἐμ-

1886 2423 2247 2477 πιστευθέντα
2294 2425 2402 2478 τῶν
2450 2426 2717 2493 οὐρανῶν.
2771 2428 2919 2498 Πλὴν
2944 2429 3005 2482 06
3041 2431 3204 2500 μόνον
3227 2432 3465 2503 τίθησιν,

1885 2506 2022 2559 ἀλλά
2057 2507 2290 2572 πάντας,
2327 2511 2609 2578 μονονουχὶ
2642 2509 2846 2578 λέγων·
2891 2511 2957 2565 ἀν
3003 2530 3061 2566 τε
3108 2512 3468 2571 καταδεεστέ-

1887 2607 2014 2660 ρους
2057 2591 2247 2661 ζητῇς,
2294 2590 2359 2643 ἀν
2398 2609 2456 2644 τε
2491 2591 2880 2662 ὑπερέχοντας,
2924 2596 3179 2651 ἀπάντων
3219 2600 3247 2639 δ
3290 2602 3467 2654 κεῖται

1883 2673 1953 2726 τά
1987 2672 2388 2742 ὑποδείγματα.
2438 2674 2549 2726 Kal
2582 2675 2690 2745 γάρ
2744 2677 2793 2728 οἱ
2849 2678 3071 2748 ἀδελφοὶ
3110 2681 3206 2734 τοῦ
3258 2684 3464 2755 Κυρίου

1884 2758 1983 2838 τῆς
2016 2757 2288 2828 προτέρας
2321 2757 2582 2821 ἀπιστίας
2620 2759 3052 2828 ἀπαλλαγέντες,
3083 2765 3189 2819 τῶν
3227 2766 3466 2838 δοκίμων

1883 2835 2025 2909 ἦσαν
2072 2841 2448 2910 γεγενημένοι,
2484 2842 2531 2892 εί
2566 2842 2663 2894 καὶ
2694 2842 2769 2913 μὴ
2805 2842 2955 2917 [182]
3003 2848 3139 2916 πρὸς
3172 2850 3300 2912 τοὺς
3332 2835 3468 2905 ἀπο-

1888 2922 2108 2985 στόλους
2138 2922 2388 2992 ἐφθανον.
2418 2924 2509 2975 Διὸ
2528 2924 2592 2995 δὴ
2622 2926 2716 2978 καὶ
2749 2928 2949 2997 μέσους
2980 2931 3179 2996 αὐτοὺς
3200 2934 3465 2999 τέθεικεν.

1886 3000 2229 3077 ἑκατέρωθεν
2258 3007 2382 3068 τοὺς
2415 3006 2619 3078 ἄκρους
2650 3007 2785 3072 θείς.
2842 3009 2913 3065 Ἦ
2960 3013 3151 3079 μόνος
3188 3015 3303 3085 ἐγὼ
3366 3018 3468 3072 καὶ

1885 3086 2197 3155 Βαρνάϐας
2224 3090 2334 3141 οὐκ
2359 3088 2580 3157 ἔχομεν
2631 3090 2925 3155 ἐξουσίαν
2956 3094 3064 3148 τοῦ
3106 3096 3194 3165 μὴ
3238 3099 3467 3169 ἐργάζε-

1885 3175 2028 3225 σθαι
2071 3182 2125 3235 c;
2167 3171 2309 3240 "09a
2344 3172 2444 3241 τὴν
2471 3174 2974 3246 ταπεινοφροσύνην
3001 3178 3097 3231 καὶ
3135 3178 3235 3251 τὴν
3264 3183 3468 3247 παντδς

1886 3254 2083 3322 φθόνου
2133 3252 2547 3324 καθαρεύουσαν
2579 3255 2779 3327 ψυχὴν,
2833 3259 2950 3322 πῶς
2994 3259 3054 3313 δν
3106 3261 3224 3332 ᾔδει
3268 3282 3465 3320 κοινω-

1885 3336 2079 3422 νοῦντα
2112 3335 2385 3422 αὑτῷ-τῆς
2404 3337 2717 3422 ἀκριϐείας,
2749 3341 2851 3393 οὑκ
2885 3343 3225 3415 ἀπέκρυψεν.
3264 3347 3328 3400 Et
3358 3349 3467 3422 γάρ

1886 3420 1954 3473 τά
1980 3418 2114 3474 ἀλλα
2142 3419 2321 3483 κοινὰ,
2350 3420 2468 3484 πῶς
2492 3419 2651 3474 τοῦτο
2685 3423 2745 3475 06
2776 3426 2995 3491 κοινόν;
3039 3429 3329 3486 ἀπόστολοι
3362 3418 3465 3487 κά.-

1884 3505 2054 3555 κεῖνοι
2105 3503 2199 3555 καὶ
2248 3504 2431 3574 ἡμεῖς,
2472 3505 2568 3557 καὶ
2622 3504 2920 3578 ἐλεύθεροι,
2958 3510 3180 3567 καὶτὸν
3225 3515 3465 3586 Χριστὸν

1886 3586 2215 3670 ἑωράκαμεν
2260 3586 2353 3640 καὶ
2402 3587 2475 3640 τά
2512 3588 2621 3641 τῶν
2673 3590 2991 3646 ἀποστόλων
3043 3596 3463 3670 ἐπεδειξάμεθα.

1886 3668 2096 3723 υὺκοῦν
2128 3670 2222 3722 καὶ
2264 3670 2421 3740 ἡμεῖς
2468 3670 2715 3736 ἐξουσίαν
2757 3672 2955 3743 ἔχομεν
2983 3678 3078 3729 καὶ
3110 3679 3204 3731 τοῦ
3234 3668 3467 3753 ἀργοῦν-

1884 3770 1976 3816 τες
2007 3753 2130 3836 ζῇν,
2166 3753 2263 3806 καὶ
2290 3753 2385 3806 τοῦ
2419 3754 2717 3831 τρέφεσθαι
2749 3758 2900 3827 παρὰ
2943 3760 3051 3813 τῶν
3085 3762 3466 3836 μαθητευομέ-

1886 3852 2007 3889 νων.
2071 3835 2167 3902 Τίς
2219 3837 2605 3905 στρατεύεται
2680 3837 2855 3906 ἰδίοις
2932 3842 3220 3911 ὀψωνίοις
3276 3835 3464 3915 ποτέ;

1897 3916 2137 3988 Ἐπειδὴ,
2196 3918 2331 3989 ὅπερ
2380 3920 2731 3991 ίσχυρότατον
2768 3918 2856 3994 ἦν,
2892 3923 2955 3977 ἐκ
3003 3926 3113 3979 τῶν
3148 3929 3461 3986 ἀποστόλων

1885 4000 2189 4085 ἀπέδειξεν,
2211 4001 2292 4054 ὅτι
2322 4000 2498 4065 ἐξεστι
2525 4002 2682 4085 τοῦτο
2705 4007 2898 4070 ποιεῖν,
2928 4006 3021 4059 ἐπὶ
3046 4011 3464 4085 παραδείγματα

1884 4084 2072 4168 λοιπόν
2105 4082 2330 4155 ἔρχεται
2363 4086 2457 4137 καὶ
2486 4084 2586 4156 τὴν
2611 4086 2798 4158 κοινὴν
2830 4089 3141 4159 συνήθειαν,
3174 4082 3465 4168 ὅπερέθος

1884 4166 2033 4239 αὑτῷ
2078 4169 2275 4230 ποιεῖν,
2335 4168 2430 4234 Τίς
2481 4170 2868 4237 στρατεύεται
2928 4172 3103 4240 ίδίοις
3154 4166 3462 4249 ὀψωνίοις,

1883 4251 2079 4319 λέγων.
2108 4251 2181 4303 Σὺ
2212 4250 2269 4304 δέ
2311 4268 2401 4321 μοι
2451 4252 2644 4305 σκόπει
2675 4253 2794 4318 πῶς
2834 4254 2904 4308 τὰ
2935 4257 3309 4330 ὑποδείγματα
3344 4265 3468 4333 σφό-

1883 4334 1984 4404 δρα
2019 4333 2255 4405 ἀρμόδια
2284 4336 2350 4404 τῇ
2398 4336 2740 4407 προκειμένῃ
2797 4338 3006 4409 ἤγαγεν
3055 4340 3332 4409 ὑποθέσει,
3371 4348 3466 4401 καὶ

1884 4418 2001 4481 πῶς
2038 4417 2259 4487 πρῶτον
2287 4417 2565 4487 μέμνηται
2596 4418 2691 4472 τοῦ
2722 4421 3092 4491 ἐπικινδύνου,
3129 4429 3391 4495 στρατιᾶς
3434 4430 3463 4469 d

1884 4501 1977 4556 καὶ
2000 4500 2181 4554 ὅπλων
2209 4500 2304 4553 καὶ
2331 4498 2608 4582 πολέμων.
2667 4502 2924 4556 Τοιοῦτον
2956 4504 3067 4575 γάρ
3096 4508 3128 4578 ή
3164 4509 3461 4582 ἀποστολὴ,

1885 4584 2089 4656 μᾶλλον
2114 4584 2172 4637 δὲ
2206 4582 2302 4637 καὶ
2326 4581 2532 4636 τούτων
2566 4582 2746 4654 πολλῷ
2774 4585 2979 4665 μεῖζον·
3025 4588 3158 4641 υῦδὲ
3190 4590 3299 4661 γὰρ
3329 4581 3465 4665 πρδς

1880 4667 2202 4740 ἀνθρώπους
2260 4666 2419 4737 μόνον
2448 4666 2477 4719 ὁ
2510 4665 2746 4735 πόλεμος
2797 4663 2864 4738 ἦν
2917 4670 3121 4738 αὑτοῖς,
3178 4674 3315 4728 ἀλλά
3368 4663 3465 4731 καὶ

1881 4751 2020 4823 πρὸς
2070 4750 2352 4821 δαίμονας,
2410 4748 2673 4820 καὶπρὸς
2723 4749 2815 4802 τὸν
2863 4752 3087 4806 ἐκείνων
3132 4755 3376 4827 ἀρχηγὸν
3426 4763 3459 4831 ἡ

1881 4833 2208 4906 παράταξις.
2240 4835 2304 4886 Ὃ
2334 4833 2514 4886 τοίνυν
2541 4833 2695 4903 φησὶ,
2722 4832 2883 4887 τοῦτό
2920 4837 3089 4901 ἐστιν,
3117 4838 3199 4891 δτι
3232 4842 3295 4894 Ὃ
3339 4843 3461 4897 οὑδὲ

1879 4919 1928 4971 οί
1966 4916 2164 4984 ἔξωθεν
2194 4916 2458 4987 ἄρχοντες
2491 4915 2839 4981 ἀπαιτοῦσιν,
2883 4919 2933 4970 οί
2963 4918 3106 4990 ὠμοὶ
3136 4922 3228 4975 καὶ
3259 4924 3457 4991 ἄδικοι,

1882 5000 2280 5073 στρατεύεσθαι
2329 5001 2425 5053 καὶ
2475 4998 2831 5065 κινδυνεύειν,
2883 5003 2976 5055 καὶ
3008 5004 3221 5059 οίκοθεν
3263 5009 3463 5077 τρέφε-

1882 5083 2007 5137 σθαι
2032 5084 2161 5147 τοὺς
2190 5082 2654 5153 στρατευομένους
2673 5098 2688 5113 ο
2722 5082 2840 5145 πῶς
2868 5079 2963 5137 οὖν
2991 5088 3020 5137 ό
3064 5086 3301 5157 Χριστός
3328 5107 3460 5144 ποτε

1878 5166 2039 5221 τοῦτο
2062 5167 2344 5237 ἀπῄτησεν
2375 5166 2475 5230 ἀν;
2507 5166 2618 5217 Καὶ
2648 5166 2769 5219 οὑδὲ
2804 5167 2884 5219 ἐνὶ
2910 5168 3161 5239 ἀρκεῖται
3199 5175 3461 5244 παριιδεί⁴

1880 5267 2072 5320 γματι.
2097 5250 2201 5303 Τὸν
2221 5249 2330 5321 γάρ
2345 5247 2705 5321 ἀφελέστερον
2733 5250 2827 5303 κα)⁸
2856 5251 3161 5324 παχύτερον
3190 5256 3461 5312 καὶτοῦτο

1881 5333 2116 5405 μάλιστα
2160 5333 2461 5388 ἀναπαύειν
2490 5333 2671 5400 είωθε,
2702 5333 2762 5387 τὸ
2812 5335 2905 5388 καὶ
2958 5335 3061 5407 τὴν
3105 5339 3294 5409 κοινὴν
3335 5356 3460 5395 συν-

1878 5418 2065 5490 ήθειαν
2091 5418 2223 5489 όρᾷν
2249 5420 2363 5482 τοῖς
2388 5417 2481 5472 τοῦ
2503 5416 2637 5471 Θεοῦ
2663 5418 2849 5489 νόμοις
2882 5418 3313 5490 συμϐαίνουσαν.

157 5171 545 5263 λαμϐάνοντι,
572 5170 883 5263 ἣέρωτῶσι
904 5171 1004 5263 τὴν
1032 5175 1211 5229 αίτίαν
1229 5175 1294 5229 δι’
1322 5176 1391 5249 ἢν
1413 5177 1474 5230 06
1486 5178 1771 5250 λαμϐάνω,

154 5260 196 5329 ἦ
230 5258 366 5317 τοῖς
405 5254 748 5325 βουλομένοις
782 5272 849 5327 με
902 5255 1071 5323 δεῖξαι
1102 5258 1203 5312 οὐκ
1226 5258 1358 5315 δντα
1386 5261 1704 5328 ἀπόστολον,
1737 5266 1770 5335 ἡ

154 5339 437 5410 ὑμετέρα
473 5339 780 5409 κατήχησις
804 5339 901 5393 καὶ
921 5338 1095 5394 ταῦτα
1120 5340 1157 5394 ἃ
1196 5342 1378 5413 μέλλω
1406 5342 1609 5414 λέγειν,
1643 5346 1774 5400 ἀπόο

154 5421 355 5485 ἴνειξις
400 5423 493 5475 καὶ
524 5421 793 5489 ἀπολογία
821 5421 1053 5491 γίνεται.
1094 5425 1229 5478 Ποῖα
1282 5425 1347 5498 δὴ
1400 5428 1610 5493 ταῦτα;
1669 5431 1768 5498 Μὴ

154 5505 297 5558 οὐκ
340 5502 559 5573 ἔχομεν
591 5504 884 5569 ἐξουσίαν
916 5507 1131 5576 φαγεῖν
1168 5509 1265 5563 καί
1305 5511 1495 5575 πιεῖν;
1542 5513 1629 5581 μὴ
1656 5515 1767 5568 οὐκ

148 5584 414 5655 ἔχομεν
456 5586 746 5651 ἐξουσίαν
797 5589 1075 5659 ἀδελφὴν
1124 5594 1379 5661 γυναῖκα
1435 5598 1769 5667 περιάγειν;

1918 5629 2141 5699 ίδῂἢοεη
2165 5630 2600 5699 ἀπάντωνιῐηοιὶυς,
2619 5630 2902 5699 qu§m_Edl_lj
2928 5631 3129 5699 ἅπαντα..
3191 5636 3213 5663 ο
3238 5633 3452 5699 Ιῐεὼξῖεει.

1878 5697 1933 5741 et
1970 5690 2120 5741 Savi’l.
2163 5692 2217 5755 lu
2250 5692 2447 5755 Morel.‘
2478 5704 2595 5755 vero
2623 5690 2708 5742 τοῦ
2760 5693 3049 5755 ἐργάζεσθαι.
3088 5693 3267 5741 Verum
3301 5690 3456 5755 Chri-

1878 5709 1933 5741 ει
1971 5709 2120 5741 aavu.
2163 5709 2217 5741 Ill
2262 5709 2430 5741 ΜΟΓΘΙ.
2479 5709 2595 5739 ΥυΙὌ
2623 5709 2708 5742 του
2760 5709 2810 5755 ερ
2841 5709 3049 5747 αςεσυαι.
3093 5709 3267 5741 νοτυω
3301 5709 3453 5755 Lﬂl‘y-

1877 5758 2120 5818 goslpmqs
2162 5754 2285 5815 legit
2323 5752 2449 5802 haud
2489 5753 2656 5818 dybie,
2693 5754 2780 5818 οὐκ
2810 5709 2986 5818 ἔχομεν
3028 5755 3242 5809 ἐξουσίαν
3270 5754 3356 5804 τοῦ
3388 5760 3453 5818 μὴ

1879 5814 2170 5882 ἐργάζεσθαι,
2192 5820 2247 5866 ul
2275 5828 2335 5865 ex
2363 5818 2495 5866 serie
2518 5816 2690 5878 liquet.
2759 5814 3061 5879 dLégébaltér
3085 5818 3184 5872 πῶς
3204 5814 3453 5879 πρώτου..ζ

233 5863 270 5936 ξ
313 5859 570 5926 Legebamr
595 5865 754 5926 μαθεῖν
785 5865 921 5915 πόθεν
942 5866 1205 5926 ἀπόστολος
1227 5869 1339 5933 εἶμι.
1878 5859 2144 5937 ᾇὲῥὰὲὲίάξ.
