3826 6216
370 273 479 329 I73

1063 264 1120 319 S.
1161 261 1445 318 JOANNIS
1483 259 1970 317 CHRYSOSTOMI
2003 259 2326 315 AHCHIEP.
2365 260 2911 318 CONSTANTINOP.

3533 265 3633 321 I76

437 384 606 456 γ’.Δώ
630 384 724 438 xal
747 382 832 452 ἐφ’
855 383 939 436 ἐτε
952 398 1040 453 ρον
1062 381 1298 451 πρόεισι,
1314 382 1571 450 καίφησι·
1600 380 1695 445 Τίς
1707 379 1950 448 φυτεύει
2056 379 2216 433 πόνον
2244 381 2350 435 τῶν
2388 382 2721 437 διδασκάλων
2744 385 2836 437 καὶ
2867 384 3016 448 ὄντα,
3039 384 3132 437 καὶ
3157 379 3296 438 εἶναι
3321 385 3630 454 ὀφείλοντα·

363 468 712 542 ἀμπελῶνα,
743 469 840 522 καί
869 468 937 520 ἐκ
974 466 1078 519 τοῦ
1109 464 1344 534 καρποῦ
1374 464 1559 518 αὐτοῦ
1593 467 1704 518 οὐκ
1732 462 1942 524 ἐσθιέι;

367 556 447 608 Δι’
481 554 694 608 ἐκείνου
731 551 830 623 μὲν
886 550 994 620 γὰρ
1026 549 1153 611 τοῦς
1183 547 1482 613 κινδύνους,
1511 547 1598 600 διὰ
1645 547 1702 600 δὲ
1749 545 1942 599 τούτου

364 640 458 692 τὸν
489 637 652 690 πόνον
679 637 772 689 καὶ
810 634 906 704 τὴν
959 632 1164 703 πολλὴν
1208 632 1587 702 ταλαιπωρίαν
1625 631 1721 686 καὶ
1749 629 1946 700 ἐπιμέο

332 716 518 775 δλειαν
555 719 809 790 ἐνέφηνε.
846 717 958 769 Kal
981 716 1162 786 τρίτον
1195 714 1357 769 πάλιν
1385 715 1690 785 ὑπόδειγμα
1722 713 1945 783 προστί-

367 805 518 874 θησι,
546 802 721 870 λέγων
741 818 754 832 ο
815 801 911 865 Τίς
947 800 1247 867 ποιμαίνει
1289 798 1572 867 ποίμνην,
1621 798 1719 850 καί
1747 797 1815 850 ἐκ
1839 796 1943 849 τοῦ

365 889 670 960 γάλακτος
704 883 895 951 αὐτῆς
925 884 1036 936 οὐκ
1066 882 1292 946 ἐσθίει;
1338 882 1447 952 Τὴν
1483 881 1810 951 κηδεμονίαν
1847 879 1944 950 τὴν

366 972 572 1042 πολλὴν
620 969 720 1040 τὴν
771 966 1077 1037 διδασκάλῳ
1111 967 1430 1036 πρέπουσαν
1463 966 1590 1035 περὶ
1619 966 1744 1028 τοὺς
1782 965 1945 1034 ἀρχο-

371 1057 569 1127 μένους
619 1053 1010 1106 ἐπιδείκνυται.
1062 1051 1168 1102 Kal
1198 1050 1309 1120 γάρ
1357 1049 1451 1102 καὶ¹
1488 1047 1820 1120 στρατιῶται
1852 1046 1945 1099 καὶ

365 1138 606 1208 γεωργοὶ
638 1138 733 1190 καὶ
788 1136 1045 1204 ποιμένες
1089 1129 1231 1204 ἦσαν
1275 1134 1323 1186 οἱ
1369 1131 1678 1195 ἀπόστολοι,
1729 1131 1790 1183 ού
1838 1130 1944 1198 γῆς

365 1222 489 1276 ούδέ
527 1221 738 1288 ἀλόγων
773 1217 894 1274 οὐδὲ
926 1216 1179 1292 πολέμων
1207 1214 1482 1286 αἰσθητῶν
1521 1223 1564 1278 ⁸,
1593 1212 1731 1266 ἀλλὰ
1757 1211 1944 1283 ψυχῶν

366 1304 603 1375 λογικῶν
631 1303 728 1356 καὶ
774 1301 874 1372 τῆς
909 1300 1046 1372 πρὸς
1077 1299 1203 1362 τοὺς
1249 1297 1509 1367 δαίμονας
1560 1296 1942 1366 παρατάξεως.

366 1384 799 1460 Παρατηρητέον
847 1383 905 1437 δὲ
951 1383 1190 1446 κάκεῖνο,
1217 1383 1365 1443 ὃπως
1391 1379 1664 1450 πανταχοῦ
1691 1379 1788 1450 τὴν
1817 1396 1880 1432 συ
1889 1396 1948 1449 μς

370 1472 601 1544 μετρίαν
640 1465 899 1540 ἐφύλαξε,
931 1466 992 1519 τὸ
1024 1465 1278 1535 χρειῶδες
1315 1464 1492 1534 ζητῶν
1525 1463 1707 1534 μόνον,
1739 1461 1858 1532 οὐχὶ
1885 1461 1948 1514 τὸ

369 1556 648 1629 περιττόν.
704 1553 778 1606 Οὑ
828 1550 940 1620 γάρ
983 1544 1125 1610 εῐπε,
1179 1549 1275 1612 Τίς
1331 1546 1710 1618 στρατεύεται,
1749 1547 1843 1598 καὶ
1884 1547 1946 1599 οὐ

369 1641 623 1695 πλουτεϊο
660 1635 819 1699 ἀλλὰ,
857 1633 952 1698 Τίς
1003 1632 1391 1701 στρατεύεται
1441 1630 1614 1695 ίδίοις
1665 1630 1949 1698 ὀψωνίοις

368 1722 556 1787 ποτέ;
598 1719 723 1773 ούδέ
775 1713 922 1779 εἷπε,
958 1715 1055 1778 Τίς
1109 1713 1332 1784 φυτεύει
1370 1713 1690 1783 ἀμπελῶνα,
1740 1711 1835 1766 καὶ¹
1885 1712 1946 1765 οὐ

367 1807 592 1874 συνάγει
615 1801 860 1876 χρυσίον,
890 1800 924 1871 ἢ
954 1799 1045 1852 τὸν
1081 1798 1294 1868 καρπὸν
1323 1797 1617 1867 ὀλόκληρον
1641 1797 1701 1850 οὑ
1739 1797 1947 1867 τρυγᾷ;

369 1890 506 1952 ἀλλ’,
537 1890 632 1941 Ἐκ
666 1885 772 1939 τοῦ
791 1883 1026 1952 καρποῦ
1049 1881 1236 1935 αὐτοῦ
1261 1883 1372 1935 οὐκ
1397 1881 1624 1944 ἐσθίει;
1655 1879 1776 1933 οὐδὲ
1803 1877 1948 1944 εἶπε,

368 1976 466 2037 Τίς
515 1969 794 2040 ποιμαίνει
853 1966 1112 2036 ποίμνην,
1143 1965 1238 2020 καὶ
1286 1965 1385 2018 ούκ
1419 1964 1785 2036 ἐμπορεύεται
1824 1965 1951 2027 τοὺς

369 2061 572 2130 ἄρναςς
625 2052 764 2108 ἀλλά
814 2051 971 2117 πῶς;
1021 2049 1129 2104 Καὶ
1171 2049 1240 2101 ἐκ
1291 2049 1398 2102 τοῦ
1427 2051 1731 2117 γάλακτος
1758 2046 1950 2130 αὐτῆς

371 2128 484 2200 νύκ
517 2138 738 2199 ἐσθίει;
777 2135 877 2188 οὐκ
924 2135 992 2187 ἐκ
1018 2131 1126 2184 τῶν
1165 2131 1369 2203 ἀρνῶν,
1403 2131 1518 2184 ἀλλ’
1553 2130 1655 2184 Ἐκ
1691 2128 1801 2184 τοῦ
1848 2130 1948 2200 τά-

371 2225 626 2285 λακτοςο
667 2218 884 2280 δεικνὺς
937 2213 1090 2290 [185]
1122 2215 1206 2268 ὅτι
1259 2216 1431 2285 μικρᾷ
1481 2213 1822 2285 παραμυθία.
1859 2211 1951 2265 τὸν

372 2303 692 2368 διδάσκαλον
749 2299 1035 2372 ἀρκεῖσθαι
1075 2297 1175 2361 δεῖ,
1229 2297 1326 2350 καὶ
1374 2299 1442 2368 τῆ
1487 2296 1762 2366 ἀναγκαίᾳ
1814 2295 1950 2365 μόνῃ

371 2391 573 2459 τροφῇ.
599 2385 785 2439 Ταῦτα
825 2382 965 2454 πρὸς
1011 2383 1138 2445 τοὺς
1187 2380 1546 2451 βουλομένους
1586 2381 1764 2434 πάντα
1824 2395 1953 2430 κατ.

373 2473 574 2528 εσθίειν
609 2468 819 2538 καὶὶτδν
849 2465 1061 2535 καρπὸν
1087 2464 1379 2534 ὀλόκληρον
1407 2465 1634 2534 τρυγᾷν.
1658 2461 1814 2515 Οῦτω
1859 2461 1953 2514 καὶ

371 2558 402 2612 6
449 2555 654 2626 Κύριος
706 2550 1088 2622 ἐνομοθέτησε,
1123 2547 1318 2616 λέγων’
1371 2546 1564 2612 Ἀξιος
1621 2549 1654 2598 ό
1703 2545 1954 2614 ἐργάτης

373 2636 486 2707 τῆς
520 2635 751 2706 τροφῆς
806 2632 996 2690 αὑτοῦ
1033 2632 1226 2684 ἐστιν.
1261 2629 1337 2682 Οὐ
1369 2628 1530 2682 τοῦτο
1581 2629 1637 2682 δὲ
1683 2628 1843 2697 μόνον
1867 2627 1954 2680 διὰ

374 2722 484 2785 τῶν
510 2717 924 2789 ὑποδειγμάτων
948 2712 1372 2778 κατασκευάζει,
1401 2711 1536 2766 ἀλλά
1566 2711 1661 2765 καὶ
1683 2710 1954 2764 δείκνυσιν

374 2807 559 2862 ὁποῖον
587 2798 727 2856 εἶναι
763 2799 868 2872 χρὴ
908 2797 998 2852 τὸν
1032 2797 1201 2868 ἱερέα.
1237 2797 1348 2848 Kal
1372 2794 1480 2866 γάρ
1512 2793 1844 2865 στρατιώτου
1867 2795 1958 2848 άν-

373 2887 558 2962 δρείαν
601 2884 902 2954 κεκτῆσθαι,
937 2881 1141 2934 δεῖκαὶ
1189 2877 1463 2962 γεωργοῦᾼ
1492 2876 1810 2962 ἐπιμέλειαν
1861 2878 1955 2962 καὶ

373 2959 635 3042 ⁸ποιμένος
675 2964 1026 3039 κηδεμονίαν,
1071 2963 1166 3016 καὶ
1211 2961 1352 3033 μετὰ
1372 2959 1548 3014 ταῦτα
1573 2961 1753 3014 πάντα
1788 2959 1954 3030 μηδὲν

373 3055 538 3112 πλέον
555 3053 667 3108 τῶν
691 3049 1007 3119 ἀναγκαίων
1045 3046 1248 3118 ζητεῖν.
1291 3045 1484 3112 Δείξας
1515 3045 1696 3098 τοίνυν
1724 3044 1820 3098 καὶ
1845 3043 1956 3096 ἀπὸ

371 3138 486 3194 τῶν
511 3134 849 3200 ἀποστόλων,
880 3133 964 3185 ὅτι
993 3131 1054 3200 ού
1083 3128 1390 3182 κεκώλυται
1419 3127 1717 3196 λαμϐάνειν
1748 3126 1840 3182 τὸν
1872 3126 1953 3180 δι-

299 3277 304 3283 ,
372 3221 664 3285 δάσκαλον,
714 3219 810 3272 κα)⁸
852 3215 961 3270 ἀπὸ
989 3214 1097 3266 τῶν
1125 3212 1268 3266 κατά
1300 3212 1392 3264 τὸν
1427 3210 1540 3282 βίον
1575 3210 1956 3281 παραδειγμά-

375 3321 510 3370 των,
561 3303 659 3356 καὶ
709 3300 804 3353 ἐπὶ
852 3298 1037 3368 τρίτον
1105 3295 1133 3333 δ
1182 3294 1478 3363 κεφάλαιον
1523 3292 1764 3364 ἔρχεται,
1813 3292 1957 3347 οὕτω

373 3387 573 3458 λέγων’
606 3383 704 3453 Μὴ
732 3380 884 3436 κατὰ
921 3378 1238 3445 ἄνθρωπον
1270 3376 1459 3430 ταῦτα
1486 3375 1692 3442 λαλῶ;
1733 3377 1773 3446 ἢ
1816 3377 1954 3447 οὐχὶ

375 3472 478 3528 καὶ
510 3473 543 3524 ό
578 3469 766 3537 νόμος
800 3462 990 3518 ταῦτα
1019 3459 1222 3529 λέγει;
1266 3458 1486 3529 Ἐπειδὴ
1533 3459 1640 3532 γὰρ
1681 3460 1820 3520 τέως
1847 3461 1955 3514 ἀπὸ

376 3551 614 3626 Γραφῶν
663 3547 819 3603 οὐδὲν
875 3539 1049 3607 εἶπεν,
1098 3542 1234 3600 ἀλλά
1277 3541 1378 3612 τὴν
1429 3541 1613 3612 κοινὴν
1669 3543 1955 3614 συνήθειαν

377 3625 738 3709 προεϐάλετο,
781 3629 875 3700 Μὴ
915 3625 1193 3709 νομίσητέ-
1211 3642 1302 3696 με,
1325 3625 1482 3695 φησὶ,
1508 3625 1718 3689 τούτοις
1744 3627 1956 3698 ίσχυρε-

377 3703 570 3792 ζέσθαι
615 3718 818 3788 μόνοιςν
873 3711 1004 3782 μηδὲ
1035 3711 1127 3778 ἀφ’
1160 3703 1241 3792 ὧν,
1283 3712 1396 3773 τοῖς
1424 3709 1734 3780 ἀνθρώποις
1782 3711 1952 3778 δοκεῖ,

377 3807 553 3862 ταῦτα
583 3800 914 3872 νομοθετεῖν.
944 3797 1092 3866 Ἐχω
1134 3791 1246 3865 γάῤ
1283 3792 1473 3861 δεῖξαι,
1507 3795 1588 3848 ὅτι
1616 3795 1709 3848 καὶ
1736 3793 1814 3866 τῷ
1836 3795 1958 3866 Θεῷ

378 3889 556 3944 ταῦτα
588 3885 756 3949 δοκεῖ,
806 3881 901 3934 καὶ
933 3879 1162 3931 παλαιὸν
1204 3875 1565 3945 ἀναγινώσκω
1590 3877 1758 3948 νόμον.
1783 3877 1959 3933 ταῦτα

379 3969 691 4027 κελεύοντα.
724 3964 814 4016 Διὸ
839 3962 934 4031 καὶ
959 3961 1080 4015 κατ’
1110 3959 1377 4030 ἐρώτησιν
1407 3959 1638 4030 προάγει
1661 3959 1754 4013 τὸν
1776 3959 1954 4029 λόγον,

378 4057 518 4123 ὅπερ
560 4050 654 4104 ἐπὶ
685 4035 795 4102 τῶν
823 4045 1029 4116 σφόδρα
1071 4043 1508 4114 ὡμολογημένων
1546 4043 1780 4112 γίνεται,
1815 4043 1960 4098 οὕτω

378 4138 590 4206 λέγων·
636 4131 731 4200 Μὴ
784 4129 934 4184 κατὰ
981 4129 1295 4195 ἄνθρωπον
1327 4125 1514 4179 ταῦτα
1558 4126 1752 4195 λέγω,;
1786 4129 1957 4182 Τουτ-

381 4221 522 4286 έστι,
594 4217 688 4288 Μὴ
741 4213 802 4279 ἐξ
849 4210 1206 4282 ἀνθρωπίνων
1272 4209 1449 4278 μόνων
1495 4209 1957 4280 παραδειγμάτων

383 4300 767 4375 ἱσχυρίζομαις
804 4294 884 4350 Ἦ
942 4293 1080 4363 οὐχὶ
1121 4293 1220 4375 καὶ
1268 4296 1300 4347 ό
1335 4295 1520 4362 νόμος
1549 4293 1736 4348 ταῦτα
1760 4293 1924 4365 λέγει
1937 4311 1958 4359 ;

393 4374 498 4442 Ἓν
529 4386 640 4456 γὰρ
671 4380 752 4446 τῷ
782 4379 944 4448 νόμῳ
988 4374 1283 4453 Μωῢσέως
1338 4375 1692 4445 γέγραπται·
1738 4379 1820 4430 Οὐ
1864 4394 1959 4446 φιη

374 4470 600 4542 μώσεις
629 4465 792 4532 βοῦν
821 4460 1116 4518 ἀλοῶντα.
1163 4460 1274 4512 Kal
1312 4457 1457 4542 τίνος
1493 4457 1688 4542 ἕνεκεν
1709 4458 1959 4542 ἐμνήσθη

379 4537 593 4616 τούτου,
620 4549 683 4603 τὸ
728 4547 836 4601 τῶν
861 4544 1050 4615 ἱερέων
1071 4541 1382 4611 ὑπόδειγμα
1424 4540 1597 4611 ἔχωνς
1633 4539 1730 4595 Ἐκ
1752 4541 1960 4612 πολλῆς

378 4640 479 4710 τῆς
499 4631 817 4706 περιουσίας
841 4629 974 4682 αὐτὸ
1001 4625 1412 4710 κατασκευάσαι
1437 4623 1774 4710 βουλόμενος.
1800 4620 1956 4710 Εἶτα,

381 4702 474 4775 τοο,
501 4702 684 4791 μὴ’τις
714 4714 870 4786 λέγῃ,
895 4711 1007 4766 Kal
1032 4709 1086 4763 τί
1114 4709 1251 4780 πρὸς
1274 4709 1422 4778 ἡμᾶς
1447 4709 1508 4762 τὸ
1539 4709 1664 4780 περὶ
1690 4707 1798 4761 τῶν
1821 4708 1958 4778 βοῶν

382 4803 705 4874 είρημένον;
750 4795 1180 4867 ἐπεξεργάζεται
1212 4793 1343 4847 αὐτὸ
1377 4792 1515 4874 μετὰ
1553 4792 1838 4863 ἀκριϐείας
1868 4792 1957 4846 λέ-

381 4873 531 4957 γωνέ
575 4882 674 4951 Μὴ
731 4881 851 4936 τῶν
900 4877 1071 4944 ,ϐοῶν
1119 4875 1293 4947 μέλει
1337 4873 1419 4940 τῷ
1465 4873 1620 4940 Θεῷ;
1673 4875 1747 4929 Οὐ
1809 4875 1959 4946 μέλει

380 4965 478 5026 οὖν
506 4967 637 5037 περὶ
667 4964 778 5018 τῶν
813 4961 973 5034 βοῶν,
1022 4961 1146 5015 είπέ
1183 4977 1295 5031 μοι.
1325 4957 1404 5029 τῷ
1449 4957 1604 5028 Θεῷ;
1658 4958 1825 5012 Μέλει
1861 4959 1959 5028 μὲν

381 5049 498 5117 οὖν,
533 5051 632 5122 οὐχ
655 5047 798 5102 οὕτω
832 5047 910 5110 δὲ,
945 5045 1020 5108 ῶς
1048 5046 1142 5097 καὶ
1180 5045 1345 5114 νόμον
1373 5041 1544 5097 θεῖναι
1576 5041 1716 5112 ὑπὲρ
1742 5041 1955 5096 τούτου.

387 5139 557 5190 ’Ὥστε
613 5133 662 5186 εἰ
711 5129 787 5202 μὴ
825 5129 970 5200 μέγα
1019 5145 1073 5181 τι
1132 5128 1397 5199 ᾐνίττετο,
1457 5125 1819 5197 ἐγγυμνάζων
1847 5128 1959 5190 τοῖς

350 5205 600 5287 ίάλόγοις
657 5213 799 5278 τοὺς
833 5211 1119 5274 Ἰουδαίους
1151 5213 1231 5275 είς
1261 5211 1321 5264 τὸ
1347 5207 1486 5264 εἶναι
1517 5207 1953 5281 φιλανθρώπους,

359 5304 478 5364 ,καὶ
531 5299 640 5354 ἀπὸ
687 5296 894 5351 τούτων
925 5293 1184 5364 καὶπερὶ
1230 5293 1338 5346 τῶν
1387 5292 1725 5347 διδασκάλων
1773 5292 1960 5354 αὐτοῖς

380 5384 788 5454 διαλεγόμενος,
827 5379 928 5432 οὐκ
957 5377 1023 5430 ἂν
1059 5376 1331 5446 τοσαύτην
1372 5377 1664 5446 ἐποιήσατο
1698 5375 1957 5446 σπουδὴν,

362 5459 456 5534 ὡς
485 5468 582 5523 καὶ
610 5467 773 5536 νόμον
797 5461 1007 5534 γράψαι
1047 5462 1187 5532 ὑπὲρ
1218 5459 1311 5514 τοῦ
1365 5459 1440 5530 μὴ
1486 5459 1790 5531 κημοῦσθαι
1832 5461 1960 5522 τοὺς

383 5553 532 5626 βοῦς.
571 5547 852 5604 Ἐντεῦθεν
899 5545 992 5600 καὶ
1037 5543 1222 5615 ἕτερόν
1266 5561 1318 5596 τι
1361 5543 1624 5609 δείκνυσι,
1669 5543 1836 5598 πολὺν
1867 5542 1958 5597 τὸν

443 5730 469 5758 ⁸
485 5729 631 5790 ἰῆς,
645 5725 701 5773 οὐ
727 5726 777 5774 δὲ
801 5724 984 5790 ἀλόγων
1005 5725 1115 5790 οὐδὲ
1134 5726 1354 5790 πολέμων
1376 5726 1630 5790 αἰσθητῶν,
1649 5730 1806 5790 recle_.
1832 5726 1959 5776 Edzli

385 5804 503 5855 κχρηο
563 5787 670 5842 Ξύδὲ
691 5790 913 5851 πολέμων
932 5789 1136 5851 ἀλόγων.
1205 5789 1229 5825 b
1256 5787 1403 5852 Reg.,
1440 5788 1680 5850 τέταρτον,
1711 5787 1839 5837 male

2057 464 2153 516 καὶ
2183 465 2370 536 ἕτερον
2401 465 2583 521 πάλιν.
2635 467 2792 521 Ποῖον
2824 467 2889 537 δὴ
2921 466 3114 534 τοῦτο;
3150 469 3273 520 Ὅτι
3318 469 3535 536 ὅσαπερ
3567 466 3633 521 ἂν

2055 546 2194 616 ὑπὲρ
2224 548 2322 618 τῆς
2355 549 2462 602 τῶν
2487 549 2696 618 ἀλόγων
2721 550 3039 621 ἐπιμελείας
3068 550 3219 621 παρά
3253 551 3352 620 τῆς
3384 551 3633 613 Παλαιες

2055 627 2304 700 λέγηται,
2341 633 2773 704 προηγουμένως
2799 634 2880 695 είς
2908 633 3006 703 τὴν
3032 633 3142 686 τῶν
3167 633 3471 705 ἀνθρώπων
3504 650 3634 687 συν-

2052 716 2197 769 τελεῖ
2223 717 2568 770 διδασκαλίαν
2593 734 2607 748 ·
2644 717 2832 788 ῶσπερ
2862 713 2955 770 οὖν
2989 718 3084 771 καὶ
3116 718 3183 770 τὰ
3209 718 3344 772 ἄλλα
3392 719 3631 782 ἅπαντα,

2053 792 2164 852 οἷον
2194 799 2264 852 τὰ
2311 802 2438 872 περὶ⁵
2490 800 2720 872 ἱματίων
2749 800 3031 868 ποικίλων,
3065 802 3160 854 καὶ
3187 800 3256 854 τά
3283 802 3410 872 περὶ
3445 802 3630 872 ἀμπε-

2052 879 2239 936 λώνων
2284 883 2378 936 καὶ
2409 884 2743 954 σπερμάτων
2777 885 2872 936 καὶ
2899 883 2992 936 τοῦ
3039 884 3114 954 μὴ
3157 883 3412 954 διάφορον
3455 885 3632 937 ποιεῖν

2051 965 2152 1036 τὴν
2193 965 2318 1035 γῆν,
2354 966 2424 1019 τά
2475 968 2606 1037 περὶ
2648 965 2878 1037 λέπρας,
2913 965 3010 1020 καὶ
3036 966 3105 1019 τὰ
3133 966 3288 1031 ἀλλα,
3316 965 3393 1029 ώς
3432 967 3629 1028 εἰπεῖν,

2053 1048 2292 1104 ἅπαντα.
2341 1051 2676 1122 Παχυτέροις
2702 1051 2813 1122 γὰρ
2861 1048 3010 1105 οὖσιν
3050 1049 3298 1110 ἐντεῦθεν
3337 1049 3631 1118 διελέγετο,

2055 1132 2196 1185 κατὰ
2225 1133 2423 1206 μικρὸν
2463 1134 2812 1199 ἀναϐιϐάζων
2841 1133 3058 1196 αὐτούς.
3087 1134 3199 1186 Καὶ
3223 1133 3323 1204 ὅρα
3347 1133 3468 1196 ea};
3497 1133 3634 1187 αὐτὸ

2051 1217 2173 1271 οὐδὲ
2205 1219 2606 1284 κατασκευάζει
2633 1219 2838 1283 λοιπὸν,
2868 1218 2964 1272 an
2994 1218 3229 1288 φανερὸν
3259 1217 3317 1271 ὃν
3348 1217 3446 1272 καὶ
3467 1217 3632 1270 αὑτό-

2055 1300 2146 1353 θεν
2174 1300 2355 1370 δῆλον.
2411 1301 2596 1356 Εἰπὼν
2622 1302 2753 1373 γὰρ,
2799 1301 2897 1369 Μὴ
2943 1300 3064 1354 τῶν
3105 1298 3275 1365 ,βοῶν
3331 1299 3506 1370 μέλει
3553 1296 3636 1362 τῷ

2058 1382 2220 1448 ﬁsci);
2252 1385 2555 1454 ἐπήγαγεν,
2591 1381 2666 1440 Ἦ
2696 1385 2773 1438 δι’
2802 1384 2962 1454 ἡμᾶς
3004 1384 3245 1450 πάντως
3274 1384 3479 1453 λέγει;
3513 1382 3635 1435 οὐδὲ

2055 1469 2136 1530 τὸ,
2169 1468 2432 1534 Πάντως,
2467 1468 2653 1532 ἁπλῶς
2693 1469 2978 1539 προσθεὶς,
3018 1468 3134 1522 ἀλλ’
3180 1469 3268 1530 ἴνα
3306 1468 3380 1537 μὴ
3417 1483 3636 1535 συγχω-

2058 1555 2203 1623 ρὴσῃ
2236 1551 2359 1621 μηδ’
2383 1552 2562 1605 ὁτιοῦν
2585 1554 2860 1606 ἀντειπεῖν
2886 1552 2963 1622 τῷ
2994 1554 3260 1623 ἀκροατῇ.
3292 1553 3404 1609 Kal
3435 1549 3635 1619 ἐπιμέ-

2055 1650 2136 1687 νει
2181 1635 2249 1704 τῇ
2303 1635 2586 1706 μεταφορᾷ
2647 1633 2820 1702 λέγων
2872 1639 2969 1688 καὶ
3021 1635 3498 1704 ἀποφαινόμενος·
3556 1631 3634 1684 Δι’

2056 1713 2217 1784 ἡμᾶς
2248 1716 2358 1785 γὰρ
2384 1717 2632 1786 ἐτράφη,
2678 1717 2769 1770 ὅτι
2815 1717 2907 1771 ἐπ’
2951 1717 3154 1771 ἐλπίδι
3182 1718 3417 1786 ὀφείλει
3443 1717 3477 1769 ό
3499 1715 3639 1782 dpo-

2057 1797 2236 1865 τριῶν
2293 1799 2612 1867 ἀροτριᾷνο
2670 1799 2968 1864 τουτέστιν,
3008 1802 3037 1853 ὁ
3078 1799 3396 1860 διδάσκαλος
3431 1796 3637 1864 ὀφείλει

2055 1885 2166 1935 τῶν
2192 1884 2370 1936 πόνων
2419 1883 2518 1946 τὰς
2570 1884 2806 1955 ἀμοιϐάς
2841 1885 3014 1954 ἔχειν⁸
3067 1883 3166 1938 καὶ
3207 1887 3242 1938 ό
3293 1883 3496 1938 ἀλοῶν
3529 1881 3638 1948 τῆς

2057 1965 2308 2032 ἐλπίδος
2357 1967 2546 2021 αὑτοῦ
2594 1967 2875 2035 μετέχειν
2913 1965 3063 2038 [184]
3111 1967 3206 2020 ἐπ’
3259 1967 3487 2020 ἐλπίδι.
3528 1968 3636 2020 Καὶ

2060 2047 2159 2101 θέα
2194 2049 2428 2102 σύνεσιν.
2467 2049 2601 2102 Ἀπὸ
2639 2051 2749 2120 γὰρ
2779 2049 2875 2102 τοῦ
2907 2052 3108 2121 σπόρου
3152 2050 3247 2102 ἐπὶ
3283 2048 3388 2119 τὴν
3424 2049 3539 2103 ἅλω
3575 2047 3635 2101 τὸ

2060 2133 2292 2202 πρᾶγμα
2340 2133 2663 2203 μετήνεγκε,
2713 2132 2877 2187 πάλιν
2909 2131 3190 2186 κάνταῦθα
3235 2134 3363 2195 τοὺς
3407 2131 3631 2194 πολλοὺς

2063 2215 2294 2286 ίδρῶτας
2342 2215 2448 2268 τῶν
2481 2215 2818 2270 διδασκάλων
2870 2216 3177 2286 ἐμφαίνων,
3208 2216 3292 2269 ὅτι
3342 2215 3500 2268 αὐτοὶ
3542 2215 3634 2267 καὶ

2059 2299 2358 2369 ἀροτριῶσι
2395 2298 2490 2352 καὶ
2536 2298 2635 2370 τὴν
2669 2299 2782 2353 ἀλω
2815 2300 3082 2370 τρίϐουσι.
3130 2299 3242 2352 Kal
3287 2299 3383 2352 ἐπὶ
3409 2300 3512 2368 μὲν
3541 2297 3632 2350 τοῦ

2059 2381 2340 2452 ἀροτριᾷν,
2389 2381 2579 2454 ἐπειδὴ
2613 2381 2767 2435 οὐδὲν
2803 2377 2871 2453 ἦν
2921 2381 3348 2452 καρπώσασθαι,
3382 2381 3518 2436 ἀλλά
3542 2380 3634 2432 πό-

2060 2479 2170 2526 νον,
2230 2463 2328 2532 τὴν
2376 2463 2566 2517 ἐλπίδα
2595 2464 2878 2519 τέθεικεν·
2916 2466 3008 2517 ἐπὶ
3059 2464 3116 2517 δὲ
3165 2463 3260 2518 τοῦ
3305 2463 3514 2536 τρίϐειν
3538 2463 3636 2534 τὴν

2063 2547 2196 2611 ἆλω,
2228 2547 2328 2619 ἤδη
2381 2547 2481 2620 τὴν
2533 2548 2834 2603 ἀπόλαυσιν
2889 2549 3181 2620 ἐχαρίσατο
3231 2547 3426 2616 λέγων’
3461 2547 3571 2602 Καὶ
3603 2547 3638 2600 ὁ

2060 2629 2262 2684 ἀλοῶν
2297 2630 2408 2700 τῆς
2439 2632 2691 2697 ἐλπίδος
2719 2631 2908 2688 αὑτοῦ
2933 2631 3189 2702 μετέχει.

2132 2710 2196 2767 δ’.
2226 2708 2377 2776 Εἶτα,
2398 2714 2485 2768 ἵνα
2521 2716 2596 2786 μὴ
2617 2715 2747 2787 λέγῃ
2764 2732 2872 2781 τις,
2891 2715 3040 2784 Δῦτη
3069 2711 3207 2786 οῦνή
3235 2716 3343 2768 τῶν
3369 2714 3637 2768 τοσούτων

2067 2796 2306 2869 ἱδρώτων
2341 2799 2591 2869 ἀμοιϐή;
2633 2799 2998 2871 προσέθηκεν,
3038 2799 3156 2852 Ἐπ’
3208 2799 3432 2864 ἐλπίδι,
3485 2816 3639 2852 τουτ-

2062 2881 2204 2947 έστι,
2229 2884 2294 2952 τῇ
2331 2875 2619 2955 μελλούσῃ.
2668 2882 2834 2936 Οὐδὲν
2862 2879 2955 2936 οὖν
2985 2883 3173 2953 ἕτερον
3199 2883 3265 2935 τὸ
3300 2883 3476 2952 στόμα
3504 2884 3639 2953 ἀκή-

2067 2982 2245 3036 μιιηον
2269 2965 2328 3018 ὃν
2359 2965 2452 3018 τοῦ
2497 2964 2637 3028 ζώου
2679 2965 2869 3018 τούτου
2911 2966 3084 3037 βοᾷ,ἢ
3115 2968 3195 3020 ὅτι
3231 2968 3359 3030 τοὺς
3385 2966 3640 3020 διδασκά-

2063 3047 2189 3110 λους
2215 3049 2342 3112 τοὺς
2380 3047 2679 3112 πονοῦντας
2726 3047 2807 3101 δεῖ
2835 3049 2930 3102 καὶ
2953 3049 3193 3120 ἀμοιϐῆς
3216 3049 3538 3104 ἀπολαύειν.
3571 3051 3639 3102 ει

2063 3129 2234 3200 ἡμεῖς
2271 3131 2416 3200 ὑμῖν
2452 3133 2526 3184 τὰ
2564 3134 2937 3200 πνευματικὰ
2965 3132 3351 3202 ἐσπείραμεν,
3383 3133 3560 3200 μέτα,
3590 3134 3640 3185 εί

2064 3211 2235 3279 ἡμεῖς
2261 3209 2430 3279 ὑμῶν
2452 3209 2524 3263 τὰ
2561 3211 2823 3278 σαρκικὰ
2849 3211 3166 3280 θερίσομεν
3181 3228 3203 3275 ,f
3253 3212 3386 3266 Ἰδοὺ
3433 3212 3531 3264 καὶ
3557 3211 3642 3264 τέ-

2062 3309 2267 3362 ταρτον,
2293 3292 2893 3364 προστίθησιλογισμὸν
2925 3294 3064 3364 ὑπὲρ
3093 3293 3186 3348 τοῦ
3214 3294 3326 3346 δεῖν
3358 3295 3640 3365 παρέχειν.

2077 3374 2294 3447 Ἐπειδὴ
2353 3376 2462 3447 γὰρ
2513 3371 2657 3440 εἶπε,
2698 3376 2793 3442 Τίς
2828 3378 3214 3444 στρατεύεται
3270 3377 3441 3442 ίδίοις
3486 3379 3642 3445 ὀψω-

2062 3460 2218 3526 νίοις
2276 3458 2416 3512 ποτέ
2431 3474 2451 3524 ;
2499 3459 2613 3525 καὶ,
2668 3460 2764 3526 Τίς
2814 3461 3057 3529 φυτεύει
3110 3459 3475 3528 ἀμπελῶνας
3526 3461 3637 3520 καὶ,

2070 3544 2168 3610 Τίς
2207 3544 2508 3613 ποιμαίνει
2555 3543 2860 3612 ποίμνην;
2904 3545 2999 3597 καὶ
3052 3546 3344 3615 παρήγαγε
3376 3545 3469 3596 τὸν
3517 3543 3640 3614 βοῦν

2065 3628 2153 3682 τὸν
2181 3627 2447 3690 ἀλοῶντα,
2502 3626 2742 3681 δείκνυσι
2777 3628 2871 3680 καὶ
2909 3627 3077 3698 ἄλλην
3121 3629 3302 3680 αἰτίαν
3335 3627 3639 3695 εύλογωτάο

2064 3728 2187 3781 την,
2219 3711 2286 3764 δι’
2329 3710 2397 3780 ἢν
2438 3705 2581 3780 ἦσαν
2618 3709 2818 3764 δίκαιοι
2852 3709 3058 3775 λαϐεῖν,
3089 3709 3165 3773 ώς
3197 3710 3384 3780 πολλῷ
3418 3709 3638 3779 μείζονα

2066 3795 2495 3866 παρεσχηκότες,
2550 3793 2736 3848 οὐκέτι
2787 3795 2863 3858 ὡς
2907 3795 3173 3865 καμόντες
3208 3795 3391 3865 μόνον.
3419 3795 3516 3859 Τίς
3549 3791 3639 3850 οὖν

2065 3881 2214 3933 ἐστιν
2237 3895 2253 3944 ;
2289 3880 2358 3932 El
2386 3876 2558 3946 ἡμεῖς
2583 3876 2728 3946 ὑμῖν
2751 3877 2823 3931 τὰ
2845 3882 3217 3948 πνευματικά
3252 3881 3640 3950 ἐσπείραμεν,

2059 3955 2234 4032 μέγα,
2290 3964 2344 4016 εί
2392 3961 2563 4030 ἡμεῖς
2612 3962 2780 4031 ὑμῶν
2839 3963 2913 4016 τὰ
2975 3963 3232 4032 σαρκικὰ
3288 3966 3642 4034 θερίσομεν;

2065 4043 2218 4110 Εἶδες
2255 4044 2604 4115 δικαιοτάτην
2636 4044 2816 4099 αἰτίαν
2843 4047 2938 4099 καὶ
2962 4046 3071 4100 τῶν
3099 4049 3385 4119 προτέρων
3413 4049 3645 4117 εὐλογω-

2065 4132 2270 4204 τέραν;
2318 4130 2464 4182 Ἐκεῖ
2511 4129 2610 4200 μὲν
2661 4131 2794 4200 γάρ,
2847 4132 3003 4201 φησὶ,
3045 4132 3309 4202 σαρκικὸς
3354 4135 3384 4185 6
3422 4133 3641 4203 σπόρος,

2069 4212 2328 4285 σαρκικδς
2357 4213 2452 4266 καὶ
2479 4213 2507 4265 6
2537 4213 2747 4283 καρπός
2770 4230 2785 4243 ο
2821 4213 3058 4268 ἐνταῦθα
3080 4215 3138 4268 δὲ
3169 4215 3268 4284 οὐχ
3301 4214 3498 4278 οὕτως,
3528 4214 3641 4267 ἀλλ’

2065 4299 2094 4351 6
2133 4297 2231 4368 μὲν
2273 4295 2472 4366 σπόρος
2518 4296 2902 4366 πνευματικὸς,
2931 4297 2964 4367 ἡ
2992 4297 3050 4349 δὲ
3079 4297 3352 4360 ἀντίδοσις
3384 4297 3640 4368 σαρκική.

2068 4378 2187 4432 Ἵνα
2219 4377 2329 4448 γὰρ
2367 4377 2441 4448 μὴ
2475 4377 2617 4448 μέγα
2649 4378 2918 4448 φρονῶσιν
2966 4381 3014 4431 οί
3059 4380 3395 4448 παρέχοντες
3422 4382 3537 4441 τοῖς
3563 4379 3644 4431 δι-

2066 4463 2376 4526 δασκάλοις,
2409 4461 2609 4525 ἔδειξεν
2632 4463 2713 4514 ὅτι
2745 4460 2967 4532 μείζονα
2994 4462 3388 4533 λαμϐάνουσιν,
3414 4461 3447 4532 ἢ
3469 4461 3641 4515 6:66a-

2068 4564 2173 4607 σιν.
2219 4545 2281 4598 Ol
2345 4544 2444 4616 μὲν
2491 4545 2600 4613 γὰρ
2630 4545 2886 4615 γεωργοὶ,
2917 4544 3062 4616 ἆπερ
3100 4544 3168 4598 ἂν
3211 4544 3644 4615 κατασπείρωσι,

2065 4631 2239 4686 ταῦτα
2265 4630 2360 4684 καὶ
2387 4628 2775 4700 λαμϐάνουσινο
2809 4631 2969 4699 ἡμεῖς
2998 4629 3055 4682 δὲ
3083 4629 3405 4700 σπείροντες
3432 4630 3514 4692 είς
3547 4629 3644 4692 τὰς

2068 4716 2339 4788 ὑμετέρας
2393 4713 2570 4784 ψυχὰς
2617 4713 2984 4783 πνευματικά,
3020 4711 3313 4784 θερίζομεν
3369 4713 3645 4783 σαρκικάο

2067 4798 2307 4854 τοιοῦτον
2350 4800 2460 4867 γὰρ
2507 4797 2541 4866 ὴ
2573 4795 2723 4866 ,παρ’
2757 4794 2936 4848 αὐτῶν
2965 4795 3217 4865 διδομένη
3267 4800 3468 4867 τροφή,
3520 4792 3653 4849 Εἶτα

2068 4884 2164 4938 καὶ
2188 4881 2708 4952 ἐντρεπτικώτερον·
2739 4882 2806 4932 El
2839 4880 3016 4933 ἄλλοι
3039 4879 3150 4948 τῆς
3166 4881 3462 4945 ἐξουσίας
3484 4878 3653 4949 ὑμῶν

2063 4965 2446 5035 μετέχουσιν,
2490 4966 2564 5017 οὺ
2597 4962 2806 5027 πολλῷ
2831 4960 3072 5032 μᾶλλον
3095 4962 3341 5031 .ἡμεῖς;
3384 4963 3524 5016 Ἰδοὺ
3557 4962 3655 5016 καὶ

2069 5052 2253 5120 ἕτερος
2308 5049 2470 5104 πάλιν
2516 5047 2796 5118 λογισμὸς,
2829 5047 2922 5100 καὶ
2951 5045 3112 5109 αὐτὸς
3155 5049 3222 5100 ἐκ
3266 5047 3657 5118 παραδειγμά-

2068 5151 2199 5199 των,
2246 5132 2361 5186 ἀλλ’
2409 5133 2508 5203 οὐχ
2540 5131 2761 5202 ὁμοίων.
2789 5130 2922 5184 Οὐδὲ
2975 5129 3082 5201 γὰρ
3109 5130 3320 5200 Πέτρου
3373 5132 3656 5200 μέμνηται

2069 5216 2324 5281 ἐνταῦθα,
2374 5215 2496 5270 οὕτε
2546 5215 2656 5268 τῶν
2705 5212 3042 5273 ἀποστόλων.
3077 5213 3194 5266 ἀλλ’
3227 5215 3437 5284 ἐτέρων
3488 5215 3658 5267 τινῶν

2069 5301 2258 5364 νόθων,
2301 5301 2439 5371 πρὸς
2489 5299 2582 5362 οὓς
2625 5297 2853 5368 ὕστερον
2907 5297 3222 5361 ἀποδύεται,
3265 5300 3360 5351 καὶ
3409 5299 3543 5368 περὶ
3580 5289 3658 5348 ῶν

2069 5400 2256 5458 φησιν*
2286 5385 2361 5439 ΕΖ
2391 5401 2480 5450 τις
2510 5380 2667 5453 ὑμᾶς
2699 5380 3022 5442 κατεσθίει,
3048 5380 3104 5433 εἷ
3133 5397 3224 5444 τις
3256 5379 3568 5448 λαμϐάνει,
3598 5376 3657 5430 ει

2069 5485 2158 5533 τις
2183 5466 2512 5535 ἐπαίρεται,
2541 5465 2597 5518 ετ
2627 5482 2718 5531 τις
2751 5466 2838 5529 είς
2875 5465 3202 5530 πρόσωπον
3229 5461 3388 5530 ὑμᾶς
3422 5461 3650 5528 δαίρειο

2067 5554 2162 5606 καὶ
2189 5554 2280 5604 τὸν
2311 5549 2446 5620 πρὸς
2474 5547 2716 5610 ἐκείνους
2745 5546 2848 5618 ἤδη
2879 5540 3352 5617 προανακρούεται
3384 5543 3649 5612 πόλεμον.

2068 5636 2160 5690 Διὸ
2187 5634 2308 5688 οὐδὲ
2338 5629 2513 5697 εἶπεν,
2556 5632 2619 5685 El
2660 5629 2811 5685 ἄλλοι
2862 5627 3201 5699 λαμϐάνουσι
3235 5638 3258 5668 ο
3305 5627 3436 5698 παρ’
3466 5623 3648 5696 ὑμῶν,

2134 5793 2153 5821 ε
2186 5789 2331 5846 Βρεζ..
2358 5788 2396 5835 εἰ
2421 5785 2554 5834 ἄλλοι
2575 5783 2629 5832 ού
2649 5779 2962 5843 λαμϐάνουσι.
