3826 6216
229 299 320 354 173

287 410 341 465 ‘5.
395 408 622 478 Ideoque
671 408 737 462 ad
781 408 922 462 aliud
970 410 1175 477 pergit,
1223 418 1275 462 et
1322 410 1439 462 ait:
1477 408 1602 474 Quis
1640 409 1788 476 plan-

223 513 288 558 tat
339 502 533 555 vineam
557 541 572 560 .
627 509 673 553 et
729 516 793 554 ea:
832 500 1001 569 fructu
1042 502 1150 569 ejus
1189 516 1289 555 non
1329 500 1469 555 edit?
1505 502 1609 556 Per
1664 500 1792 555 illud

220 592 354 647 enim
405 590 676 660 pericula,
732 607 825 659 per
875 591 975 646 hoc
1030 606 1156 645 vero
1206 592 1481 653 laborem.
1535 593 1793 662 defatiga-

219 684 409 737 tionem
461 684 683 736 multam
736 691 791 735 et
839 696 1022 736 curam
1072 682 1383 737 declaravit.
1432 683 1785 754 Tertiumque

216 789 394 830 rursus
425 774 644 844 apponit
678 774 981 843 exemplum
1030 774 1215 829 dicens
1249 794 1261 829 :
1299 776 1423 842 Quis
1468 778 1628 847 pascit
1674 796 1789 847 gre-

213 879 351 934 gem,
378 874 423 917 et
448 865 509 917 de
541 864 668 917 lacte
696 866 807 934 ejus
833 880 933 917 non
958 864 1101 918 edit?
1125 865 1316 919 Curam
1360 866 1579 921 multam
1603 908 1619 933 ,
1666 885 1785 938 quae

212 954 478 1008 doctorem
504 954 555 1006 in
580 954 882 1008 erudiendis
900 954 1173 1024 discipulis
1212 957 1387 1025 decet,
1415 958 1503 1012 hic
1530 960 1780 1014 ostendit.

210 1043 334 1099 Nam
356 1053 411 1098 et
433 1044 627 1099 milites
652 1054 704 1097 et
725 1045 971 1115 agricolae
994 1055 1048 1099 et
1072 1056 1314 1114 pastores
1338 1049 1566 1117 apostoli
1596 1061 1780 1117 erant;

207 1150 308 1194 non
334 1144 489 1190 terra:
514 1150 685 1204 neque
708 1135 981 1189 brutorum
1007 1152 1178 1206 neque
1196 1138 1456 1193 bellorum
1475 1140 1777 1205 sensilium,

207 1226 297 1287 sed
324 1227 621 1280 animarum
653 1228 990 1282 rationalium
1034 1239 1090 1282 et.
1133 1228 1304 1294 aciei,
1355 1246 1474 1299 qua:
1520 1230 1780 1287 adversus

204 1320 476 1375 daimonas
500 1319 797 1374 instruitur.
834 1320 963 1373 Illud
996 1336 1207 1391 quoque
1232 1322 1625 1377 observandum
1655 1333 1777 1391 est,

202 1412 471 1480 quomodo
498 1411 692 1481 ubique
720 1411 1137 1469 moderationem
1156 1413 1475 1481 adhibuerit,
1495 1414 1776 1471 utilitatem

200 1504 369 1557 solum
398 1518 644 1574 quarens
664 1545 679 1569 ,
712 1519 818 1557 non
852 1519 940 1559 res
964 1506 1281 1573 superfluas.
1311 1506 1425 1559 Non
1455 1508 1596 1561 enim
1619 1509 1769 1573 dixit,

198 1596 324 1664 Quis
349 1604 547 1666 pugnat
566 1604 623 1650 et
648 1612 755 1650 non
776 1596 926 1650 dives
950 1599 1075 1650 est?
1105 1597 1198 1650 sed
1218 1638 1234 1663 ,
1269 1596 1394 1662 Quis
1440 1598 1623 1651 militat
1667 1601 1772 1654 suis

194 1687 456 1755 stipendiis
483 1687 758 1755 umquam?
792 1686 911 1741 Non
935 1687 1088 1752 dixit,
1114 1688 1245 1751 Quis
1266 1687 1472 1755 plantat
1489 1689 1696 1742 vineam
1718 1698 1772 1744 et

193 1793 296 1833 non
318 1778 521 1848 colligit
545 1792 757 1843 aurum,
788 1787 878 1831 aut
902 1776 1133 1831 fructum
1162 1787 1328 1831 totum
1355 1793 1458 1833 non
1490 1777 1771 1848 decerpit?

192 1870 308 1936 sed,
339 1869 425 1925 Ea:
449 1875 619 1941 fructu
645 1872 753 1940 ejus
779 1886 877 1923 non
911 1869 1167 1924 comedit?
1193 1869 1376 1938 Neque
1417 1869 1588 1937 dixit,
1637 1870 1769 1938 Quis

189 1964 357 2032 pascit
385 1978 598 2032 gregem
630 1972 685 2017 et
711 1962 779 2017 de
807 1962 958 2030 agnis
986 1976 1092 2015 non
1120 1970 1336 2017 exercet
1366 1971 1719 2017 mercaturam
1744 1964 1768 2017 ?

187 2052 278 2107 sed
304 2051 618 2122 quomodo?
646 2051 711 2105 Et
745 2069 807 2105 ea:
834 2054 942 2121 ejus
970 2052 1098 2106 lacte
1124 2068 1222 2105 non
1245 2052 1499 2106 comedit?
1539 2052 1653 2109 Non
1699 2066 1766 2125 ex

184 2146 359 2216 agnis,
384 2145 478 2200 sed
506 2144 589 2199 Ex
607 2145 771 2209 lacte;
800 2144 1088 2199 ostendens
1103 2144 1374 2200 doctorem
1394 2160 1556 2214 parvo
1574 2147 1767 2200 solatio

182 2243 495 2292 contentum
521 2251 640 2290 esse
665 2246 945 2305 oportere,
991 2236 1215 2306 soloque
1266 2238 1570 2292 necessario
1620 2238 1760 2292 cibo.

180 2326 306 2382 Haec
332 2326 401 2379 ad
426 2340 519 2380 eos
542 2366 556 2389 ,
585 2326 675 2395 qui
706 2326 886 2380 volunt
906 2326 1082 2379 omnia
1110 2325 1392 2381 comedere
1412 2365 1425 2385 .
1455 2336 1507 2380 et
1532 2326 1759 2384 fructum

178 2425 352 2471 totum
384 2415 692 2486 decerpere.
740 2416 888 2470 Hanc
930 2426 986 2470 ct
1031 2417 1285 2471 Dominus
1331 2417 1499 2487 legem
1547 2419 1757 2487 posuit,

175 2506 408 2563 dicens:
440 2505 640 2577 Dignus
668 2516 741 2561 est
784 2508 1047 2576 operarius
1088 2508 1198 2561 cibo
1252 2525 1345 2562 suo
1395 2508 1621 2577 (Matth.
1667 2512 1755 2567 10.

174 2599 308 2668 10).
336 2598 456 2655 Non
496 2600 597 2655 hoc
637 2609 815 2654 autem
863 2600 1035 2655 solum
1082 2601 1342 2670 exemplis
1392 2602 1614 2670 probat,
1663 2604 1755 2658 sed

171 2690 337 2745 etiam
390 2689 625 2744 ostendit
672 2689 884 2759 qualem
935 2700 1183 2759 Oporteat
1231 2706 1351 2745 esse
1400 2692 1752 2748 sacerdotem.

171 2781 392 2836 Etenim
421 2784 571 2838 militi
600 2782 796 2838 habere
823 2783 1185 2840 fortitudinem
1215 2801 1350 2856 opus
1375 2794 1475 2853 est,
1509 2789 1755 2858 agricola:

168 2888 384 2939 curam,
416 2875 615 2943 pastori
644 2874 1056 2931 sollicitudinem
1094 2894 1107 2929 :
1138 2892 1200 2931 ac
1254 2886 1373 2946 post
1421 2880 1535 2931 ha3c
1576 2881 1753 2933 omnia

166 2962 301 3016 nihil
330 2964 561 3033 amplius
588 2979 829 3034 quaarere
858 2982 1015 3035 quam
1045 2967 1366 3021 necessaria.
1407 2966 1540 3021 Cum
1568 2976 1753 3023 osten-

163 3055 340 3110 disset
368 3070 518 3126 ergo,
546 3072 653 3112 non
679 3071 799 3113 esse
821 3060 1041 3113 vetitum
1070 3058 1276 3114 doctori
1307 3060 1571 3128 accipere,
1603 3073 1652 3117 et
1687 3078 1754 3117 ex

162 3147 484 3204 doctoribus
510 3158 565 3204 et
590 3165 656 3205 ex
687 3151 809 3204 vita:
839 3150 1162 3219 quotidianae
1187 3151 1450 3220 exemplis
1474 3191 1491 3215 ,
1521 3152 1589 3207 ad
1639 3161 1750 3207 ter-

163 3239 299 3295 tium
331 3249 495 3309 caput
519 3241 693 3308 venit,
721 3243 798 3295 sic
831 3242 1017 3296 dicens
1044 3259 1059 3296 :
1087 3236 1141 3298 8.
1180 3241 1442 3312 Numquid
1478 3240 1751 3296 sicundum

161 3330 428 3387 hominem
453 3333 558 3386 lucc
580 3334 692 3386 dico
712 3333 738 3387 ?
752 3350 818 3387 an
841 3342 886 3387 et
912 3335 996 3389 lex
1012 3334 1119 3386 Ilaec
1144 3349 1246 3386 non
1272 3334 1437 3387 dicit?
1454 3333 1586 3400 Quia
1607 3335 1751 3389 enim

158 3422 432 3482 hactenus
460 3439 525 3478 ex
547 3424 837 3493 Scripturis
882 3424 1010 3478 nihil
1050 3424 1212 3487 dixit,
1264 3424 1359 3479 sed
1411 3440 1749 3481 communem

157 3515 389 3584 protulit
437 3515 876 3569 consuetudinem
905 3555 921 3576 ,
969 3514 1045 3570 Ne
1092 3516 1289 3585 putetis
1338 3530 1424 3570 me
1464 3557 1479 3581 ,
1538 3515 1747 3583 inquit,

157 3606 311 3660 hisce
344 3605 447 3659 niti
474 3606 604 3660 solis
626 3646 642 3671 ,
675 3620 849 3675 neque
879 3621 942 3658 ex
974 3605 1244 3658 hominum
1275 3606 1466 3673 placito
1495 3606 1607 3659 inec
1636 3612 1749 3658 sta-

155 3707 312 3753 tuere
345 3714 360 3749 :
394 3712 608 3766 possum
654 3697 801 3753 enim
843 3696 1164 3760 ostendere,
1214 3697 1328 3750 haec
1376 3697 1487 3751 Deo
1536 3711 1749 3766 quoque

151 3789 353 3856 placita
375 3804 513 3851 esse,
533 3798 588 3843 et
609 3797 838 3843 veterem
858 3788 976 3857 lego
1000 3788 1167 3857 legem
1192 3787 1305 3841 hsce
1330 3788 1746 3856 przecipientem.

150 3880 284 3935 ldeo
320 3895 423 3949 per
452 3880 921 3949 interrogationem
956 3878 1291 3947 progreditur
1315 3919 1330 3943 ,
1363 3878 1436 3931 uti
1464 3878 1603 3932 solet
1631 3876 1749 3936 fieri,

150 3970 205 4023 in
254 3970 327 4025 iis
354 4011 371 4036 ,
420 3984 539 4039 quae
583 3970 802 4023 omnino
843 3970 895 4022 in
944 3970 1188 4023 confesso
1232 3978 1376 4032 sunt,
1405 3970 1484 4023 sic
1512 3967 1743 4023 dicens:

150 4062 438 4133 Numquid
458 4063 731 4117 secundum
760 4063 1010 4115 hominem
1046 4063 1152 4115 haec
1181 4062 1334 4115 dico?
1360 4060 1413 4115 Id
1442 4072 1523 4116 est
1551 4103 1567 4128 ,
1607 4061 1745 4118 Num

146 4152 417 4207 humanis
440 4162 640 4208 tantum
667 4153 928 4222 exetnplis
958 4153 1130 4207 nitor?
1155 4153 1334 4206 Annon
1362 4155 1513 4206 etiam
1543 4153 1624 4207 lea:
1641 4153 1748 4207 lucc

142 4244 322 4297 dicit?
365 4243 424 4298 9.
459 4243 721 4312 Scriptum
748 4253 821 4296 est
851 4244 982 4296 enim
1005 4244 1058 4295 in
1082 4243 1190 4313 lege
1216 4242 1408 4312 Moysis
1437 4241 1597 4296 :Non
1627 4242 1747 4295 alli—

142 4333 295 4403 gabis
325 4350 390 4387 os
419 4334 529 4387 bovi
558 4335 835 4387 trituranti.
871 4335 938 4388 Et
967 4349 1061 4389 cur
1110 4334 1222 4388 haec
1274 4342 1569 4398 memorat,
1622 4349 1743 4387 cum

140 4421 393 4478 haberet
431 4423 733 4492 exemplum
764 4423 1142 4478 sacerdotum?
1171 4422 1472 4477 Admodum
1512 4422 1743 4477 ubertim

139 4512 264 4568 lucc
297 4514 543 4583 probare
571 4515 775 4571 volens.
794 4514 1016 4580 Deinde,
1040 4530 1107 4570 ne
1128 4516 1247 4586 quis
1267 4514 1471 4569 diceret
1501 4532 1514 4569 :
1546 4514 1747 4585 Ecquid

135 4605 207 4659 ad
243 4622 380 4672 nos,
403 4606 545 4676 quod
574 4607 641 4661 de
665 4608 834 4663 bobus
863 4608 1065 4681 dictum
1094 4608 1215 4662 est?
1237 4608 1336 4663 hoc
1351 4617 1598 4662 accurate
1624 4607 1743 4663 dis-

130 4696 279 4751 cutit
307 4696 507 4750 dicens
534 4715 548 4751 :
583 4695 844 4765 Numquid
874 4703 937 4750 de
988 4698 1139 4751 bobus
1160 4713 1281 4750 cura
1310 4707 1382 4750 est
1404 4696 1551 4751 Deo?
1575 4696 1746 4752 Boves

130 4801 275 4857 ergo
308 4802 431 4840 non
462 4795 634 4852 curat,
658 4802 839 4855 quaeso
868 4796 940 4853 te,
967 4786 1145 4841 Deus?
1172 4784 1337 4841 Curat
1381 4787 1564 4856 utique
1588 4826 1604 4854 ,
1649 4787 1745 4841 sed

133 4893 254 4932 non
284 4879 393 4944 ita,
430 4887 488 4931 ut
512 4877 580 4931 de
607 4876 693 4931 illa
716 4894 777 4932 re
806 4878 974 4949 legem
1004 4879 1204 4933 tulerit.
1240 4877 1573 4949 Quapropter
1596 4920 1612 4944 ,
1643 4880 1742 4934 nisi

130 4984 420 5041 magnum
449 4968 575 5040 quid
605 4970 986 5036 subiudicaret,
1012 4969 1224 5024 Judaeos
1254 4986 1350 5039 per
1395 4971 1546 5027 bruta
1591 4986 1744 5029 exer-

126 5080 274 5121 cens
305 5062 388 5117 ad
420 5062 801 5131 benignitatem
824 5104 837 5126 ,
861 5074 1021 5131 atque
1045 5063 1205 5116 etiam
1246 5062 1365 5115 illos
1393 5078 1486 5131 per
1526 5063 1640 5117 haec
1676 5063 1743 5117 de

128 5154 477 5211 doctoribus
506 5154 807 5222 alloquens,
834 5168 939 5207 non
972 5154 1076 5207 tale
1104 5153 1429 5221 suscepisset
1474 5152 1704 5206 studium
1725 5193 1741 5219 ,

126 5258 191 5302 ut
214 5256 275 5301 et
310 5247 497 5314 legem
520 5246 780 5299 scriberet
820 5245 888 5299 de
933 5244 1103 5299 bobus
1140 5259 1296 5301 camo
1341 5261 1447 5298 non
1496 5245 1739 5315 ligandis.

126 5338 272 5392 Inde
302 5345 495 5390 autem
519 5334 662 5389 aliud
683 5335 938 5399 ostendit,
968 5336 1189 5391 multum
1211 5351 1332 5391 esse
1358 5335 1635 5392 doctorum
1668 5337 1743 5390 la-

125 5431 342 5482 harem
381 5434 440 5479 et
467 5439 586 5480 esse
615 5423 848 5489 debere;
895 5424 1145 5492 aliudque
1190 5440 1423 5480 rursum.
1463 5425 1741 5492 Quodnam

89 5580 95 5584 ἓ
124 5518 273 5573 illud
295 5517 326 5569 Ἰ
358 5514 517 5581 Quod
546 5529 897 5584 quaecumque
919 5514 971 5568 in
998 5512 1169 5569 veteri
1195 5513 1311 5584 lege
1353 5515 1421 5570 de
1464 5517 1743 5570 brutorum

88 5590 267 5665 {cura
298 5606 588 5670 dicuntur,
621 5603 686 5657 ad
707 5604 979 5661 hominum
1004 5605 1299 5662 doctrinam
1322 5607 1586 5678 praecipue
1615 5620 1745 5661 con-

123 5699 325 5754 lerant
354 5713 374 5765 ;
416 5706 470 5752 ut
496 5704 551 5751 et
572 5693 675 5750 alia
696 5697 871 5753 omnia
903 5714 917 5752 :
945 5696 1093 5753 verbi
1117 5697 1307 5769 gratia,
1340 5712 1457 5767 qua:
1483 5696 1551 5757 de
1575 5695 1735 5751 variis

1237 297 1300 350 IN
1341 298 1555 354 EPIST.
1599 296 1618 349 1
1681 295 1773 352 AD
1811 294 1963 349 COB.
2005 296 2233 353 HOMIL.
2277 300 2420 357 XXI.

3385 319 3486 372 17$

1896 406 2156 500 vestibus,
2184 426 2305 480 qua:
2319 413 2384 467 de
2402 415 2590 480 vineis,
2615 418 2683 470 de
2705 423 3017 485 seminibus.
3045 425 3111 479 dc
3145 438 3316 492 terra,
3340 436 3483 500 quod

1900 510 2005 552 non
2036 497 2243 555 diversa
2274 501 2512 557 facienda
2542 506 2646 573 sit,
2675 508 2743 563 de
2770 509 2953 581 lepra;
3002 515 3175 581 deque
3219 497 3377 584 aliis,
3426 533 3484 573 ιιι

1899 584 1968 637 ita
1991 586 2197 653 dicam,
2228 593 2495 647 omnibus.
2525 594 2657 650 Cum
2688 598 2829 653 enim
2854 602 2926 656 illi
2956 606 3248 660 crassiores
3278 621 3479 669 essent.

1898 672 2022 730 hinc
2046 677 2344 734 disserebat
2369 696 2491 737 cum
2525 686 2647 751 illis,
2682 689 2933 756 paulatim
2963 692 3106 760 ipsos
3134 697 3365 763 erigens.
3414 698 3480 752 Et

1894 765 2014 856 vide
2053 770 2324 835 quomodo
2370 772 2473 827 hoc
2511 791 2616 830 non
2664 778 2800 832 ultra
2843 783 3064 849 probet,
3116 795 3296 854 utpote
3334 789 3477 856 quod

1893 854 2107 920 planum
2138 866 2191 911 et
2219 872 2283 912 ex
2313 874 2372 913 se
2401 862 2737 920 manifestum
2767 869 2856 921 sit.
2886 867 3020 924 Cum
3053 874 3277 928 dixisset
3304 854 3475 942 enim,

1892 942 2157 1014 Numquid
2201 951 2264 1001 de
2304 950 2459 1006 bobus
2481 970 2603 1007 cura
2625 967 2696 1010 est
2723 957 2875 1014 Deo?
2908 964 3183 1032 subjunxit
3212 982 3225 1017 :
3260 968 3346 1022 10.
3393 970 3475 1025 An

1889 1043 2092 1126 propter
2120 1052 2211 1089 nos
2232 1040 2436 1093 omnino
2458 1042 2551 1097 hoc
2576 1046 2697 1098 dicit
2719 1048 2744 1099 ?
2786 1048 2895 1104 Nec
2934 1054 3050 1108 sine
3099 1071 3257 1111 causa
3301 1060 3427 1115 illtld
3449 1101 3469 1126 ,

1892 1120 2130 1191 Omnino,
2156 1130 2325 1196 ponit,
2351 1133 2443 1186 sed
2482 1150 2547 1189 ne
2577 1136 2760 1192 liceret
2787 1141 3016 1198 auditori
3070 1147 3153 1202 vel
3201 1120 3469 1207 tantillum

1886 1215 2277 1272 Contradicere.
2313 1222 2484 1289 Atque
2508 1224 2561 1278 in
2593 1230 2906 1298 metaphora
2941 1247 3140 1301 perstat
3184 1239 3367 1295 dicens
3414 1251 3471 1298 et

1884 1309 2236 1373 pronuntians
2265 1328 2279 1360 :
2312 1312 2450 1367 Nam
2476 1328 2681 1387 propter
2706 1337 2797 1375 nos
2831 1324 3021 1393 scripta
3061 1340 3211 1393 sunt;
3252 1333 3375 1400 quia
3412 1334 3469 1389 in

1882 1413 1971 1465 spe
1998 1399 2139 1453 debet
2164 1403 2252 1468 qui
2271 1416 2381 1458 arat
2407 1418 2554 1461 arare
2582 1426 2601 1463 :
2624 1410 2676 1464 id
2701 1421 2803 1477 est,
2830 1414 3021 1472 doctor
3043 1418 3201 1474 debet
3224 1399 3464 1479 laborum

1880 1489 2185 1585 mercedem
2218 1492 2415 1550 habere
2447 1514 2460 1551 :
2491 1508 2537 1553 et
2557 1502 2643 1569 qui
2669 1504 2891 1570 triturat,
2924 1506 2978 1560 in
3011 1525 3100 1578 spe
3126 1513 3320 1581 fructus
3349 1532 3466 1585 per-

1879 1578 2099 1646 cipiendi
2122 1599 2248 1636 esse.
2274 1586 2340 1640 Et
2367 1588 2485 1643 vide
2515 1592 2870 1658 prudentiam.
2900 1599 2944 1652 A
2968 1578 3173 1656 semine
3209 1578 3359 1659 enim.
3392 1608 3462 1661 ad

1876 1679 2055 1720 aream
2090 1685 2201 1725 rem
2236 1676 2505 1744 traduxit;
2554 1681 2641 1735 hic
2681 1699 2892 1740 rursum
2942 1690 3138 1745 multos
3180 1692 3460 1750 doctorum

1875 1758 2099 1813 sudores
2128 1764 2438 1834 ostendens,
2467 1772 2715 1838 quoniam
2748 1776 2846 1845 ipsi
2878 1787 2931 1832 et
2974 1789 3131 1835 arant
3168 1794 3225 1837 et
3272 1800 3456 1841 aream

1876 1856 2073 1947 terunt.
2116 1853 2195 1907 Et
2222 1856 2274 1910 in
2312 1860 2514 1914 arando
2550 1864 2786 1941 quidem,
2816 1870 2939 1937 quia
2967 1873 3141 1928 nullus
3159 1880 3459 1947 percipien-

1871 1940 1971 2037 dus
1998 1943 2201 2037 fructus
2222 1958 2339 2003 erat
2358 1990 2373 2013 ,
2402 1951 2497 2005 sed
2522 1940 2673 2009 labor
2695 1965 2898 2012 tantum
2928 1940 3324 2035 aderam-spem
3362 1984 3457 2037 po-

1870 2031 1977 2083 suit
2008 2048 2021 2084 :
2053 2033 2104 2087 in
2138 2037 2356 2092 terenda
2387 2055 2515 2095 vero
2539 2057 2683 2111 area,
2710 2044 2818 2113 jam
2848 2064 3001 2103 usum
3044 2031 3273 2108 fructum
3321 2031 3453 2112 con-

1868 2122 2033 2175 cessit
2059 2124 2242 2180 dicens
2266 2143 2278 2179 :
2307 2128 2373 2182 Et
2407 2133 2493 2200 qui
2514 2134 2735 2201 triturat,
2765 2138 2876 2206 ejus
2902 2143 3008 2210 spei
3035 2146 3288 2216 particeps
3317 2160 3411 2203 est.

1939 2213 1990 2266 4.
2023 2213 2245 2283 Deinde,
2293 2235 2359 2273 ne
2400 2227 2518 2290 quis
2560 2224 2718 2290 dicat,
2768 2228 3015 2287 lla-ccine
3056 2245 3138 2289 est
3183 2213 3449 2295 tantorum

1867 2316 2075 2358 merces
2118 2305 2397 2363 laborum?
2445 2312 2659 2382 adjecit,
2703 2316 2771 2370 In
2816 2338 2943 2389 spe,
2997 2325 3203 2381 scilicet
3245 2327 3445 2390 futura.

1864 2391 2003 2447 Nihil
2035 2411 2163 2466 ergo
2189 2400 2333 2454 aliud
2370 2403 2567 2460 clamat
2592 2422 2652 2461 os
2693 2408 2847 2479 hujus
2875 2415 3120 2470 animalis
3146 2433 3300 2474 camo
3342 2439 3447 2478 non

1865 2485 2105 2557 ligatum,
2148 2508 2307 2562 quam
2354 2498 2496 2565 quod
2545 2510 2790 2569 oporteat
2840 2505 3093 2562 doctores
3142 2511 3447 2571 laborantes

1862 2581 2111 2637 mercede
2139 2584 2261 2639 frui.
2294 2588 2377 2641 ll.
2404 2587 2466 2643 Si
2491 2607 2583 2645 nos
2603 2593 2739 2647 vobis
2760 2596 3049 2662 spiritualia
3067 2603 3444 2671 seminavimus,

1861 2687 2099 2742 magnum
2142 2686 2237 2740 est,
2280 2678 2323 2730 si
2370 2696 2461 2733 nos
2499 2684 2729 2737 carnalia
2770 2698 2932 2741 vestra
2975 2694 3260 2747 metamus?
3306 2695 3448 2752 Ecce

1859 2773 2105 2830 quartum
2135 2766 2294 2823 etiam
2326 2768 2472 2825 addit
2499 2774 2835 2830 ratiocinium
2860 2818 2875 2842 ,
2903 2778 3044 2847 quod
3074 2792 3317 2849 oporteat
3342 2786 3444 2840 ali-

1859 2863 2037 2907 menta
2064 2857 2324 2924 prmbere.
2349 2858 2484 2926 Quia
2505 2862 2648 2916 enim
2677 2864 2830 2929 dixit,
2860 2867 2986 2934 Quis
3013 2871 3196 2925 militat
3221 2876 3444 2945 propriis

1857 2946 2123 3013 stipendiis
2151 2953 2429 3019 umquam?
2452 2961 2526 3013 et.
2561 2953 2687 3017 Quis
2713 2957 2908 3023 plantat
2938 2962 3131 3016 vincant
3153 2965 3178 3017 ?
3206 2974 3278 3029 et,
3316 2967 3444 3031 Quis

1857 3038 2019 3105 pascit
2055 3041 2295 3109 gregem?
2339 3050 2393 3096 et
2421 3042 2640 3099 adduxit
2680 3046 2870 3103 bovem
2894 3051 3259 3119 triturantem;
3282 3058 3443 3111 aliam

1858 3128 2059 3198 profert
2077 3146 2293 3187 causam
2316 3134 2508 3189 rationi
2530 3137 2683 3192 valde
2705 3153 3017 3209 consonam,
3040 3155 3260 3215 propter
3278 3164 3441 3218 quam

1852 3221 1974 3290 jure
2017 3226 2292 3293 accepturi
2337 3237 2525 3293 erant;
2558 3229 2700 3297 quod
2730 3246 2834 3286 non
2876 3234 3036 3289 modo
3080 3235 3437 3305 laborassent,

1855 3313 1949 3367 sed
1976 3323 2028 3368 et
2050 3314 2206 3385 longe
2230 3317 2433 3386 majora
2464 3320 2833 3387 prmbuissent.
2864 3324 3121 3393 Quaenam
3162 3344 3289 3400 ergo
3318 3333 3445 3385 est?

1857 3408 1919 3463 Si
1945 3426 2036 3463 nos
2057 3412 2193 3466 vobis
2219 3413 2507 3481 spirituulia
2531 3416 2888 3472 seminavimus
2906 3461 2922 3486 ,
2956 3437 3195 3491 magnum
3244 3433 3315 3476 est
3337 3464 3353 3488 ,
3393 3427 3439 3478 si

1854 3515 1945 3553 nos
1973 3503 2201 3555 carnalia
2232 3513 2394 3557 vestra
2417 3515 2662 3559 metamus
2683 3506 2709 3559 ?
2738 3507 2979 3563 Vidistin’
3007 3526 3223 3565 causam
3244 3514 3435 3580 justis-

1853 3592 2064 3655 simam,
2089 3602 2141 3645 et
2164 3594 2330 3663 magis
2352 3610 2509 3664 quam
2539 3599 2746 3665 priores
2772 3601 2962 3653 rationi
2987 3607 3437 3658 consentaneam?

1856 3683 1969 3737 Illic
1998 3699 2228 3754 namque
2273 3687 2419 3751 dicit,
2466 3689 2691 3743 Carnale
2739 3706 2922 3745 semen
2971 3703 3072 3759 est,
3121 3696 3350 3748 carnalis
3380 3708 3437 3751 et

1853 3772 2096 3827 fructus?
2127 3775 2212 3828 hic
2257 3786 2431 3831 autem
2480 3792 2584 3832 non
2628 3779 2724 3845 sic,
2771 3781 2861 3835 sed
2890 3797 3073 3836 semen
3115 3784 3437 3852 spirituale,

1854 3882 2063 3921 merces
2092 3882 2218 3921 vero
2245 3870 2495 3922 carnalis.
2526 3870 2656 3924 Nam
2687 3887 2754 3927 ne
2786 3873 3009 3928 multum
3037 3875 3136 3929 silzi
3163 3875 3437 3944 placerent

1854 3958 1926 4022 ii,
1956 3957 2044 4025 qui
2088 3957 2286 4026 aliquid
2313 3958 2622 4015 doctoribus
2662 3964 3000 4030 praeberent,
3045 3964 3277 4019 ostendit
3308 3966 3430 4021 illos

1852 4048 2054 4118 majora
2083 4065 2241 4120 quam
2270 4050 2397 4105 dent
2423 4054 2687 4124 accipere.
2720 4055 2982 4125 Agricola:
3011 4072 3239 4127 namque
3263 4100 3277 4124 ,
3308 4074 3434 4128 quas

1852 4140 2148 4207 seminam,
2177 4141 2364 4196 eadem
2397 4144 2510 4212 ipsa
2539 4147 2801 4215 accipiunt
2834 4165 2847 4201 :
2882 4163 2979 4203 nos
3006 4159 3184 4205 autem
3206 4192 3221 4215 ,
3255 4152 3343 4220 qui
3374 4152 3431 4206 in

1850 4230 2126 4284 animabus
2170 4233 2363 4286 vestris
2406 4233 2700 4302 spiritualia
2734 4237 2960 4291 serimus
2980 4278 2996 4304 ,
3026 4242 3273 4294 metimus
3303 4256 3426 4295 car-

1852 4321 1986 4373 nalia
2029 4339 2042 4375 :
2085 4322 2188 4376 tale
2232 4338 2460 4393 namque
2504 4335 2586 4379 est
2621 4325 2929 4381 alimentum
2979 4327 3047 4382 ab
3086 4330 3189 4383 illis
3224 4330 3429 4387 datum.

1855 4412 2055 4466 Deinde
2085 4413 2341 4482 majorem
2369 4415 2527 4469 infert
2552 4417 2809 4486 pudorem
2842 4436 2856 4475 :
2884 4418 2969 4472 12.
3002 4420 3063 4473 Si
3089 4419 3177 4472 alii
3205 4430 3425 4489 potesta.

1852 4503 1913 4555 tis
1944 4512 2120 4555 vestra:
2145 4504 2419 4573 participes
2442 4515 2561 4559 sunt
2583 4546 2599 4572 ,
2633 4524 2789 4576 quare
2813 4526 2912 4562 non
2941 4511 3108 4579 potius
3133 4527 3224 4563 nos
3241 4512 3266 4564 Ρ
3292 4513 3435 4566 Ecce

1850 4596 2007 4649 aliam
2051 4596 2347 4659 rationem,
2392 4613 2509 4666 quae
2539 4607 2591 4652 et
2621 4598 2731 4667 ipsa
2776 4600 2842 4652 ab
2871 4600 3129 4668 exemplis
3156 4602 3384 4654 sumitur
3408 4640 3429 4666 ι

1850 4687 1943 4742 scd
1993 4705 2095 4741 non
2143 4703 2172 4740 a
2214 4688 2495 4742 similibus.
2538 4689 2720 4759 Neque
2763 4692 2903 4744 enim
2954 4690 3039 4744 hic
3086 4691 3299 4745 Petrum
3332 4707 3429 4745 nec

1850 4782 2122 4850 apostolos
2150 4788 2412 4835 memorat
2432 4823 2445 4844 ,
2476 4783 2571 4837 sed
2614 4783 2749 4835 alius
2788 4785 3045 4851 quosdam
3075 4782 3438 4848 adulterinos,~

1850 4881 2035 4927 contra
2063 4886 2196 4941 quos
2222 4872 2476 4941 deinceps
2506 4887 2732 4941 pugnam
2770 4873 3020 4937 instruit,
3051 4888 3114 4927 ac
3140 4872 3207 4927 de
3232 4874 3433 4949 quibus

1851 4965 1978 5018 dicit
2005 4981 2017 5017 :
2048 4961 2111 5018 Si
2135 4964 2246 5031 quis
2278 4979 2363 5037 vos
2388 4964 2620 5029 devorat,
2648 4964 2693 5016 si
2727 4966 2835 5032 quis
2865 4963 3080 5033 accipit,
3125 4965 3168 5016 si
3197 4966 3308 5032 quis
3334 4980 3439 5017 exn.

1851 5056 2066 5119 tollitur,
2089 5056 2131 5109 si
2158 5056 2270 5123 quis
2300 5060 2351 5108 in
2378 5057 2559 5126 facient
2589 5071 2673 5108 vos
2702 5057 2849 5110 ca’dit
2878 5054 2970 5125 (2.
3005 5055 3120 5109 Cor.
3155 5057 3240 5110 Η.
3270 5056 3340 5111 20
3363 5057 3384 5128 j
3409 5073 3439 5122 g-

1849 5157 1901 5201 et
1928 5144 2052 5200 belli
2080 5153 2263 5198 contra
2286 5159 2380 5199 eos
2401 5146 2616 5213 gerendi
2636 5145 2746 5214 jam
2770 5145 2893 5202 facit
2914 5145 3250 5215 prmiudium.
3281 5145 3439 5201 ldeo-,

1848 5253 1954 5308 que
1982 5253 2088 5291 non
2112 5237 2271 5303 dixit,
2303 5237 2358 5291 Si
2399 5238 2486 5291 alii
2516 5254 2543 5290 a
2574 5239 2722 5294 vobis
2764 5239 3072 5306 accipiunt;
3115 5238 3208 5292 5rd
3251 5251 3435 5292 ostenq

1850 5330 1983 5383 dens
2022 5329 2240 5383 illorum
2283 5330 2663 5399 arrogantiam,
2706 5329 3045 5401 tyrannidem
3081 5338 3136 5382 et
3163 5344 3439 5383 cornmero.

1850 5424 1988 5476 cium
2010 5464 2024 5489 ,
2048 5422 2176 5477 dicit
2210 5441 2224 5477 :
2253 5423 2315 5478 Si
2344 5423 2434 5477 alii
2461 5425 2717 5491 potestatis
2758 5436 2933 5477 vestra:
2972 5424 3242 5493 participes
3270 5434 3386 5476 sunt
3408 5436 3433 5481 εΔ

1851 5514 1904 5568 id
1931 5523 2042 5580 est,
2071 5516 2115 5570 si
2148 5516 2413 5586 imperant
2435 5517 2584 5571 vobis
2609 5558 2624 5582 ,
2650 5518 2693 5569 si
2722 5526 3039 5585 potestatem
3069 5523 3356 5580 exercent,
3386 5516 3431 5567 si

1852 5613 1912 5659 ut
1948 5605 2155 5662 famulis
2179 5616 2403 5661 utuntur
2425 5647 2441 5673 ,
2471 5624 2575 5661 non
2608 5608 2767 5661 modo
2795 5607 3121 5676 accipientes
3144 5647 3159 5672 ,
3192 5605 3284 5660 sed
3311 5618 3441 5657 cum

1852 5696 2014 5755 multa
2037 5698 2376 5757 accuratione
2402 5707 2454 5753 ct
2481 5698 2824 5759 auctoritate.
2870 5696 2995 5751 ldco
3035 5694 3277 5761 addidit,
3307 5691 3437 5753 Non
