3856 6326
306 337 410 392 173

311 449 479 519 potius
505 447 638 503 nos?
665 446 806 518 quod
843 459 950 500 non
976 443 1230 510 dixisset,
1260 445 1305 495 si
1330 441 1398 496 de
1428 439 1685 510 apostolis
1723 420 1903 492 sermo

309 550 474 597 esset.
521 540 627 595 Sed
674 539 847 608 palam
895 545 1010 599 est,
1062 535 1208 589 illum
1256 532 1514 602 quosdam
1563 529 1901 585 subindicare

314 633 684 702 perniciosos,
738 630 829 700 qui
891 629 1036 698 ipsos
1083 626 1414 694 deciperent.
1465 621 1645 693 itaque
1707 629 1903 691 prater

311 723 510 794 Moysis
536 723 706 790 legem
748 733 844 773 vos
876 731 1089 787 quoque
1128 716 1298 784 legem
1328 714 1538 777 tulistis,
1574 711 1715 782 quod
1760 726 1903 782 pra:-

316 814 446 868 here
466 819 730 883 oporteat.
751 809 884 864 Cum
909 808 1042 862 dixit
1062 816 1236 860 autem
1253 845 1266 868 ,
1296 803 1414 857 Non
1444 808 1607 872 potius
1632 801 1767 855 nos?
1795 815 1900 854 non

317 905 509 974 probat
548 918 643 957 cur
691 901 856 956 multo
884 899 1051 968 magis
1077 904 1345 966 Oporteat,
1388 895 1480 948 sed
1530 894 1741 948 illorum
1774 905 1904 945 con-

319 996 559 1050 scientia:
593 992 926 1063 probandum
973 989 1264 1059 relinquit,
1298 986 1566 1056 simulque
1603 993 1658 1039 et
1701 993 1905 1038 terrere

319 1089 507 1143 volens
535 1096 591 1142 et
625 1087 880 1153 majorem
933 1084 1172 1136 incutere
1217 1077 1498 1148 pudorem.
1543 1075 1650 1131 Sed
1685 1091 1786 1127 non
1825 1073 1907 1127 usi

319 1197 494 1234 sumus
545 1177 635 1230 tali
682 1183 942 1247 potestate.
978 1173 1032 1227 Id
1057 1181 1176 1236 est,
1205 1164 1322 1223 Non'
1360 1169 1684 1236 accepimus.
1717 1165 1905 1218 Vidcn’

319 1270 612 1340 quomodo,
657 1282 779 1322 cum
822 1266 972 1336 prius
1016 1274 1092 1317 tot
1139 1262 1429 1316 rationibus
1454 1260 1767 1330 probasset,
1801 1271 1905 1310 non

321 1377 444 1418 esse
473 1369 659 1415 contra
689 1359 860 1428 legem
888 1398 904 1423 ,
935 1355 1182 1423 accipere
1206 1395 1220 1416 ,
1251 1362 1377 1406 tunc
1415 1351 1547 1404 dixit
1581 1369 1593 1402 :
1623 1349 1736 1403 Non
1769 1348 1909 1402 acci-

323 1455 525 1524 pimus,
569 1467 637 1507 ne
677 1451 920 1505 videatur
959 1447 1226 1502 abstinere
1260 1453 1526 1512 tamquam
1557 1456 1588 1494 a
1617 1439 1907 1510 prohibito.

323 1548 445 1603 Non
472 1546 637 1612 enim,
667 1544 857 1614 inquit,
885 1541 1026 1610 quod
1052 1554 1154 1594 non
1181 1539 1359 1600 liceat,
1391 1551 1495 1589 non
1525 1533 1763 1602 accipio;
1789 1533 1914 1584 licet

327 1639 492 1700 enim,
515 1635 693 1692 ethoc
715 1650 778 1688 ex
805 1632 982 1687 multis
1003 1629 1514 1689 demonstravimus;
1543 1639 1607 1679 ex
1631 1621 1908 1692 apostolis,

326 1746 394 1785 ex
423 1729 582 1784 rebus
608 1742 726 1797 qua:
758 1727 810 1779 in
840 1726 944 1779 vita
986 1724 1148 1786 ﬁunt,
1181 1736 1246 1774 ex
1276 1719 1478 1781 milite,
1512 1714 1746 1784 agricola
1767 1755 1780 1776 ,
1813 1726 1914 1782 pa-

329 1829 476 1875 store
496 1861 511 1881 .
544 1834 571 1870 a
605 1819 721 1886 lege
753 1815 969 1884 Moysis,
1004 1813 1069 1866 ab
1098 1812 1208 1879 ipsa
1235 1812 1313 1862 rei
1344 1817 1531 1860 natura
1557 1847 1571 1869 ,
1603 1803 1722 1872 quia
1751 1801 1910 1856 semi-

328 1911 575 1966 navimus
614 1907 764 1962 vobis
803 1902 1131 1973 Spiritualia;
1177 1914 1242 1952 ex
1275 1898 1339 1950 iis
1365 1937 1379 1960 ,
1426 1911 1544 1964 qua:
1575 1908 1669 1946 vos
1712 1891 1915 1946 fecistis

328 2016 453 2070 erga
495 2000 630 2053 alios
662 2015 676 2051 :
704 1995 798 2050 sed
830 1995 1006 2055 sicut,
1051 2005 1116 2044 ne
1147 1988 1416 2042 videretur
1456 1983 1658 2055 pudore
1700 1982 1916 2036 afficere

329 2091 624 2160 apostolos.
655 2085 744 2156 qui
771 2083 1128 2152 accipiebant,
1160 2079 1274 2133 lucc
1300 2077 1497 2147 posuit,
1527 2074 1784 2144 pudorem
1813 2071 1917 2125 illis

335 2181 606 2237 incutiens
634 2186 688 2232 et
711 2175 999 2230 ostendens
1039 2188 1098 2226 se
1125 2186 1231 2226 non
1261 2184 1293 2223 a
1320 2185 1378 2222 re
1407 2176 1462 2220 ut
1496 2165 1757 2235 prohibita
1787 2163 1914 2216 abs-

334 2275 505 2329 linere
537 2289 551 2326 :
583 2271 655 2325 ita
679 2283 896 2322 rursum
923 2307 937 2330 ,
981 2279 1048 2319 ne
1078 2277 1172 2333 per
1208 2260 1427 2315 multam
1475 2258 1614 2312 illam
1648 2254 1917 2326 probatio-

336 2380 458 2420 nem
499 2372 552 2417 et
594 2358 888 2428 frequentia
917 2355 1184 2424 exempla,
1217 2352 1369 2423 queis
1397 2349 1633 2404 ostendit
1675 2349 1919 2415 accipere

335 2465 606 2528 oportere,
631 2453 906 2508 videretur
930 2457 986 2502 ut
1003 2448 1230 2516 accipiat
1249 2458 1513 2515 qumrere,
1543 2442 1771 2511 ideoque
1799 2440 1920 2494 talia

338 2549 606 2622 proferre;
633 2547 744 2617 jam
786 2542 918 2600 illud
961 2541 1212 2610 corrigit;
1256 2546 1309 2593 et
1337 2538 1534 2591 clarius
1575 2535 1791 2590 demum
1820 2533 1922 2587 hoc

337 2659 375 2714 p
396 2641 537 2704 ›ειιίι,
571 2653 692 2693 cum
725 2635 892 2690 dicit:
926 2632 1046 2687 Non
1086 2631 1266 2700 scripsi
1295 2638 1464 2682 autem
1503 2630 1612 2681 luet:
1635 2667 1649 2690 ,
1692 2635 1746 2679 ut
1769 2625 1840 2679 sic
1871 2626 1924 2680 in

342 2750 424 2786 ine
449 2733 540 2800 ﬁat
569 2745 586 2784 :
615 2729 703 2783 hic
731 2740 892 2798 porro
915 2724 1064 2787 dicit,
1086 2722 1204 2776 Non
1229 2721 1308 2774 usi
1337 2735 1510 2773 sumus
1535 2720 1630 2770 hac
1657 2726 1919 2788 potestate.

338 2823 599 2892 Quodque
624 2819 794 2888 majus
815 2826 918 2885 est,
942 2816 1017 2870 Nc
1039 2814 1168 2868 illud
1191 2812 1404 2883 quidem
1428 2809 1622 2880 poterit
1644 2808 1923 2878 quisquam

340 2919 541 2982 dicere,
573 2913 712 2985 quod
737 2927 856 2967 cum
884 2911 1040 2964 nobis
1066 2907 1258 2977 ampla:
1285 2905 1567 2959 facultates
1592 2911 1773 2958 essent
1796 2943 1811 2967 ,
1842 2900 1926 2954 his

345 3026 450 3064 non
479 3007 561 3062 usi
591 3008 788 3069 simus;
830 3001 1090 3072 siquidem
1141 3009 1364 3068 urgente
1409 2997 1768 3061 necessitate,
1819 3009 1925 3047 non

341 3101 599 3157 cessimus
628 3095 930 3153 necessitati
965 3111 978 3148 :
1013 3078 1065 3148 id
1093 3093 1233 3163 quod
1262 3091 1420 3146 etiam
1455 3091 1505 3144 in
1536 3088 1770 3144 secunda
1798 3087 1868 3140 ait
1908 3105 1920 3140 :

343 3197 485 3249 Alias
511 3191 767 3247 Ecclesias
791 3187 1066 3259 exspoliavi
1084 3227 1098 3251 ,
1127 3185 1377 3254 accipiens
1406 3183 1656 3253 stipendia
1680 3182 1749 3234 ad
1774 3180 1925 3234 mini-

342 3285 549 3338 stcrium
578 3291 837 3344 vestrum;
877 3288 922 3333 et
959 3295 1071 3331 cum
1111 3293 1267 3330 essem
1297 3277 1436 3343 apud
1478 3291 1563 3328 vos
1602 3284 1647 3328 et
1689 3289 1924 3342 egerem,

343 3377 471 3430 nulli
497 3390 736 3428 onerosus
765 3372 842 3442 fui
871 3371 947 3439 (2.
979 3369 1095 3423 Cor.
1128 3369 1213 3422 il.
1249 3368 1305 3436 8)
1338 3383 1351 3430 ;
1396 3375 1450 3422 et
1490 3367 1540 3420 in
1573 3365 1674 3420 hac
1703 3380 1924 3419 rursus:

349 3470 414 3522 fit
453 3467 700 3521 esurimus
735 3473 780 3518 et
813 3463 1012 3517 sitimus
1034 3471 1078 3513 et
1101 3459 1227 3512 nudi
1255 3475 1428 3512 sumus
1453 3469 1499 3512 et
1523 3458 1752 3527 colaphis
1775 3457 1930 3511 cordi-

347 3576 460 3613 mur
486 3558 562 3630 (i.
598 3556 715 3610 Cor.
758 3556 812 3610 4.
856 3555 959 3621 ιι).
992 3553 1057 3606 Et
1094 3552 1181 3606 hic
1221 3567 1403 3606 rursus
1431 3552 1657 3620 idipsum
1684 3550 1928 3605 subindi-

346 3661 431 3705 cat
457 3691 472 3714 ,
519 3649 746 3712 dicens,
786 3647 894 3701 Sed
939 3645 1108 3698 omnia
1145 3644 1466 3698 sustinemus.
1515 3644 1708 3698 Dicens
1752 3644 1926 3709 enim,

350 3739 536 3794 Omnia
578 3739 899 3801 sustinemus,
950 3734 1142 3790 famem
1187 3734 1487 3789 suliindicat
1529 3742 1581 3789 et
1626 3735 1928 3804 angustiam

347 3833 591 3895 multam,
617 3831 825 3900 aliaque
851 3830 1050 3883 omnia.
1078 3827 1183 3882 Sed
1216 3841 1387 3894 neque
1415 3827 1511 3890 sic,
1549 3827 1737 3897 inquit,
1760 3828 1930 3882 coacti

350 3937 537 3978 sumus
560 3921 770 3975 solvere
797 3921 990 3989 legem,
1023 3932 1182 3987 quam
1216 3917 1369 3970 nobis
1394 3916 1525 3986 ipsis
1552 3917 1926 3985 imposuimus.

349 4013 568 4079 Quare?
593 4010 674 4065 Ne
699 4012 834 4080 quod
863 4008 1224 4074 o/I‘endiculum
1247 4007 1420 4061 demus
1441 4007 1698 4078 evangelio
1721 4007 1928 4062 Christi.

350 4105 484 4172 Quia
510 4103 651 4158 enim
675 4101 998 4155 inﬁrmiores
1027 4099 1286 4154 Corinthii
1306 4109 1476 4162 erant,
1502 4099 1576 4153 Ne
1599 4114 1714 4165 vos,
1740 4099 1929 4170 inquit,

351 4195 746 4249 offenderemus
777 4191 1124 4260 accipientes,
1155 4190 1440 4244 maluimus
1467 4191 1584 4260 plus
1610 4206 1769 4260 quam
1798 4207 1933 4260 prie-

350 4295 562 4355 ceptum
591 4293 706 4339 erat
741 4283 937 4348 facere,
971 4298 1128 4352 quam
1163 4282 1370 4336 obicem
1401 4284 1704 4352 quempiam
1740 4283 1932 4340 afferre

351 4376 659 4445 evangelio;
688 4373 740 4428 id
773 4384 874 4439 est,
910 4374 1228 4428 institutioni
1259 4383 1470 4427 vestrm.
1515 4373 1573 4428 Si
1602 4383 1778 4430 autem
1809 4391 1928 4442 nos,

352 4469 563 4526 etiamsi
591 4469 780 4524 liceret
817 4467 971 4522 nobis
999 4476 1052 4522 et
1080 4467 1297 4520 multam
1340 4468 1444 4521 vim
1480 4478 1802 4537 pateremur,
1835 4485 1932 4525 ex-

351 4563 692 4632 emplumque
724 4560 1043 4616 haberemus
1071 4560 1363 4630 apostolos,
1385 4559 1436 4614 id
1465 4575 1566 4615 non
1589 4561 1830 4628 fecimus,
1853 4561 1934 4616 Ne

351 4654 717 4722 offendiculum
745 4654 920 4708 demus
947 4653 1068 4725 (nec
1094 4653 1228 4707 dixit
1251 4654 1584 4708 eversionem
1607 4696 1621 4720 ,
1647 4655 1739 4708 sed
1766 4655 1937 4710 offen-

351 4748 610 4811 diculnm,
660 4761 760 4800 nec
805 4745 1119 4814 simpliciter
1146 4743 1524 4798 oﬁendicultim
1547 4786 1561 4808 ,
1591 4745 1682 4799 sed
1710 4744 1934 4800 offendi-

351 4838 530 4891 cnlum
559 4835 826 4905 quoddam
853 4875 867 4899 ,
900 4845 959 4890 ut
982 4850 1050 4889 ne
1071 4834 1153 4889 vel
1182 4835 1506 4888 levissimam
1549 4850 1756 4890 moram
1783 4837 1932 4892 verbi

349 4927 532 4984 cursui
561 4925 900 4988 inferremus)
926 4945 939 4980 :
970 4928 1013 4981 si
1043 4941 1172 4996 ergo
1201 4941 1300 4980 nos
1328 4935 1470 4980 tanta
1494 4927 1572 4980 usi
1600 4941 1784 4982 sumus
1813 4929 1936 4983 dili-

349 5022 560 5092 gentia,
596 5018 795 5087 inquit,
833 5029 1032 5088 quanlo
1073 5019 1242 5090 magis
1272 5034 1398 5086 vos,
1432 5021 1523 5090 qui
1570 5020 1637 5074 ab
1677 5022 1935 5090 apostolis

349 5116 509 5182 longe
549 5110 766 5172 abestis,
814 5123 986 5179 neque
1028 5110 1198 5180 legem
1230 5111 1451 5181 potestis
1493 5111 1675 5168 dicere
1719 5129 1839 5184 qua:
1883 5116 1934 5171 id

353 5203 662 5274 permittat:
692 5199 785 5256 sed
813 5208 998 5255 contra
1025 5202 1182 5255 etiam
1212 5202 1476 5272 prohibita
1507 5205 1740 5277 tangitis,
1773 5215 1935 5277 atque

351 5300 513 5352 etiam
537 5311 654 5366 quae
680 5295 932 5350 damnum
961 5310 1206 5364 magnum
1235 5296 1464 5351 afferunt
1488 5300 1791 5369 evangelio;
1825 5316 1935 5356 non

350 5387 660 5443 oﬁendiculi
699 5387 858 5442 modo
887 5387 1085 5441 vitandi
1126 5401 1307 5454 causa,
1335 5389 1428 5443 sed
1461 5390 1660 5445 nullam
1689 5391 1934 5448 videntes

351 5484 640 5538 instantem
688 5479 1105 5547 necessitatem,
1163 5479 1435 5538 abstinere
1492 5491 1722 5551 oportet.
1785 5483 1934 5538 lianc

352 5578 493 5632 enim
539 5584 704 5631 totam
748 5573 916 5630 movit
941 5573 1237 5628 orationem
1272 5583 1490 5644 propter
1529 5576 1650 5632 illos
1676 5619 1690 5642 ,
1719 5578 1806 5648 qui
1839 5593 1933 5648 per

353 5667 528 5723 cibum
562 5665 982 5738 idolothytorum
1010 5662 1454 5722 imbecillioribus
1485 5666 1738 5726 fratribus
1770 5669 1932 5725 oﬂ'cn-

356 5759 527 5815 dicnlo
556 5768 727 5814 erant.

1049 329 1108 385 S.
1148 327 1424 385 JOANNIS
1461 321 1930 382 CHRYSUSTOMI
1959 322 2273 380 ARCIIIEP.
2315 325 2846 387 CONSTANTINOP.

3485 338 3588 392 {76

2076 439 2130 493 5.
2159 439 2282 493 Haec
2310 455 2408 508 nos
2432 458 2643 512 quoque
2665 444 2963 514 audiamus,
2995 444 3199 514 dilecti,
3234 457 3290 503 ut
3319 463 3386 504 ne
3409 436 3590 520 despi;

2003 529 2207 583 ciamus
2244 545 2338 584 eos
2377 536 2465 601 qui
2493 531 2870 597 offenduntur.
2904 551 2970 591 ne
3015 537 3390 592 olfendiculum
3422 555 3591 609 pona-

2003 633 2123 672 mus
2152 621 2427 690 evangelio
2465 622 2686 688 Christi,
2727 640 2829 678 neu
2861 637 3098 681 nostram
3135 629 3420 696 prodamus
3443 633 3591 685 salu-

2004 717 2132 762 tem.
2160 709 2235 764 Ne
2263 713 2390 765 mihi
2421 713 2563 767 enim
2586 715 2754 779 dicas,
2779 731 2900 770 cum
2926 717 3092 772 frater
3112 718 3400 774 offenditur
3426 739 3439 773 :
3465 720 3584 775 Non

2003 801 2314 869 prohibetur
2339 802 2438 858 hoc
2459 804 2545 859 vel
2578 806 2704 860 illud
2733 807 2784 860 in
2812 824 2918 876 quo
2947 809 3035 863 ille
3066 810 3372 876 offenditur,
3401 822 3457 866 et
3479 814 3591 867 licio

2006 903 2115 947 tum
2162 904 2263 950 est.
2306 895 2422 966 Ego
2467 897 2610 952 enim
2658 899 2750 953 tibi
2801 901 3001 968 majora
3049 901 3170 955 dico
3201 920 3214 956 :
3242 904 3324 957 vel
3371 906 3416 958 si
3469 905 3587 973 ipse

2003 983 2248 1040 Christus
2293 990 2623 1056 permiserit,
2663 989 2968 1060 viderisque
3000 991 3195 1045 offendi
3239 995 3546 1062 quempiam
3575 1037 3589 1058 ,

2005 1077 2212 1131 abstine
2239 1088 2294 1132 et
2323 1095 2391 1134 ne
2418 1080 2772 1148 permissione
2796 1083 2984 1136 utaris.
3015 1082 3128 1138 Hoc
3151 1085 3292 1138 enim
3320 1094 3373 1140 et
3396 1085 3593 1140 Paulus

2010 1167 2132 1223 fecit
2163 1187 2176 1222 :
2203 1170 2293 1239 qui
2331 1185 2452 1224 eum
2483 1172 2824 1240 permittente
2845 1173 3056 1228 Christo
3094 1174 3275 1230 liceret
3319 1177 3592 1253 accipere,

2011 1273 2118 1312 non
2153 1261 2379 1329 accepit.
2411 1258 2544 1315 Cum
2571 1261 2711 1316 enim
2755 1262 3012 1332 benignus
3038 1264 3106 1318 sit
3135 1264 3386 1320 Dominus
3407 1309 3422 1331 ,
3455 1267 3596 1319 mul-

2011 1357 2115 1401 tam
2159 1351 2442 1418 praeceptis
2480 1353 2592 1406 suis
2632 1353 2841 1407 miscuit
2873 1354 3367 1419 mansuetudinem,
3397 1368 3454 1410 ut
3485 1373 3594 1411 non

2010 1441 2183 1494 solum
2213 1456 2278 1494 ex
2301 1441 2454 1509 jussu
2476 1481 2491 1506 ,
2532 1442 2626 1497 sed
2657 1444 2816 1497 etiam
2852 1444 3017 1498 multa
3046 1459 3110 1500 ex
3137 1445 3303 1500 libera
3330 1445 3594 1501 faciamus

2011 1531 2174 1582 animi
2215 1533 2498 1585 sententia.
2534 1533 2749 1586 Poterat
2793 1534 2967 1598 enim,
3007 1535 3107 1589 nisi
3153 1535 3254 1590 hoc
3294 1537 3594 1602 voluisset,

2015 1627 2277 1690 praecepta
2307 1623 2474 1690 magis
2511 1638 2706 1695 augere
2745 1639 2809 1679 ac
2843 1625 3066 1681 dicere:
3097 1626 3196 1693 Qui
3237 1642 3340 1681 non
3383 1643 3601 1697 semper

2009 1710 2249 1779 jejunat,
2282 1712 2568 1778 puniatur;
2603 1715 2691 1783 qui
2723 1715 3078 1785 virginitatem
3108 1732 3214 1771 non
3244 1728 3441 1784 servat,
3466 1733 3600 1788 sup-

2016 1801 2174 1869 plicio
2197 1799 2490 1867 afﬁciatur;
2530 1805 2620 1872 qui
2650 1820 2753 1857 non
2783 1819 2843 1860 se
2871 1806 3118 1861 omnibus
3153 1810 3299 1862 exuit
3333 1809 3602 1863 facultati.

2016 1893 2116 1947 bus
2137 1935 2154 1958 ,
2187 1902 2455 1948 extremas
2497 1895 2587 1949 det
2616 1911 2823 1965 pmnas.
2856 1897 2964 1952 Sed
2995 1913 3100 1952 non
3135 1899 3235 1954 hoc
3264 1901 3406 1966 fecit,
3431 1901 3598 1954 licen-

2019 1985 2144 2038 tiam
2176 1986 2268 2039 tibi
2293 1985 2428 2040 dans
2453 2027 2469 2052 ,
2502 1987 2545 2039 si
2575 1987 2726 2052 velis,
2759 1988 2963 2058 majora
2999 1991 3346 2059 suscipiendi.
3389 1991 3601 2048 Idcirco

2017 2093 2138 2132 cum
2181 2078 2248 2133 de
2288 2079 2598 2147 virginitate
2642 2079 2984 2149 loqueretur,
3029 2081 3282 2136 dicebat:
3311 2085 3408 2149 Qui
3438 2095 3610 2154 potest

1999 2175 2215 2241 'capere,
2241 2172 2409 2239 capiat
2430 2157 2645 2239 (utiuti.
2669 2171 2758 2226 49.
2786 2172 2918 2241 is);
2948 2180 3003 2228 ει
3025 2172 3175 2227 diviti
3198 2174 3299 2228 alia
3324 2176 3604 2245 pmepii,

2020 2262 2121 2316 alia
2151 2261 2266 2332 ejus
2286 2263 2544 2317 voluntati
2575 2263 2832 2332 permisit.
2857 2263 3040 2334 Neque
3065 2266 3207 2320 enim
3227 2265 3381 2332 dixit,
3406 2267 3598 2323 Vende

2021 2368 2140 2423 qua:
2168 2352 2367 2420 habes;
2393 2353 2508 2418 sed,
2528 2353 2588 2409 Si
2611 2355 2684 2408 vis
2714 2359 2963 2427 perfectus
2981 2373 3104 2422 esse,
3119 2359 3394 2433 vendeUb.
3409 2377 3457 2414 υ.
3480 2361 3604 2434 21).

2023 2447 2094 2500 At
2132 2460 2230 2502 nos
2267 2461 2374 2501 non
2418 2446 2579 2502 modo
2609 2461 2716 2503 non
2753 2448 2953 2518 majora
2981 2451 3300 2518 suscipimus
3327 2468 3500 2523 neque
3539 2469 3609 2510 ea

2022 2551 2142 2607 quas
2173 2546 2434 2607 praecepta
2460 2546 2585 2592 sunt
2607 2553 2940 2608 superamus,
2972 2539 3066 2594 sed
3097 2541 3321 2596 multum
3347 2543 3522 2609 abest,
3546 2556 3611 2600 ut

2026 2640 2417 2701 praceptorum
2446 2646 2752 2686 mensuram
2792 2632 3127 2702 impleamus.
3165 2635 3227 2688 Et
3263 2636 3454 2691 Paulus
3481 2639 3610 2706 qui-

2025 2721 2147 2776 dem
2175 2723 2464 2789 esuriebat,
2495 2737 2563 2777 ne
2589 2722 2966 2778 oﬁ‘endiculum
2998 2724 3256 2794 praeberet
3287 2728 3608 2798 evangelio;

2027 2829 2125 2869 nos
2149 2824 2324 2870 autem
2352 2831 2418 2869 ne
2439 2815 2709 2870 recondita
2735 2815 2948 2884 quidem
2980 2817 3133 2871 nobis
3154 2818 3414 2888 attingere
3440 2819 3616 2874 aude-

2028 2923 2186 2972 mus,
2238 2907 2549 2960 innumeras
2595 2906 2836 2960 videntes
2892 2908 3101 2962 animas
3149 2922 3388 2963 eversas.
3433 2909 3616 2966 Rodat

2027 2998 2204 3062 enim,
2237 2997 2407 3068 inquit
2445 2997 2567 3062 ille,
2599 2997 2736 3052 tinea
2759 3037 2775 3062 ,
2803 3005 2858 3053 et
2886 3012 2992 3052 non
3024 2997 3177 3053 rodat
3219 3015 3452 3070 pauper;
3485 3002 3618 3056 edat

2029 3092 2258 3156 vermis,
2285 3099 2339 3145 et
2366 3106 2470 3144 non
2500 3090 2749 3144 induatur
2783 3089 2978 3146 nudus.
3005 3089 3191 3146 Omnia
3227 3103 3621 3149 consumantur

2033 3193 2294 3252 tempore,
2320 3193 2375 3237 et
2404 3195 2509 3236 non
2531 3183 2706 3236 alatur
2731 3180 2996 3244 Christus,
3027 3182 3154 3237 dum
3183 3184 3367 3238 esurit.

2100 3273 2288 3329 Contra
2330 3289 2529 3327 auaros.
2555 3302 2629 3312 --
2658 3272 2852 3343 Ecquis
2897 3273 2997 3328 hoc
3025 3273 3192 3328 dicit?
3228 3275 3452 3346 inquies.
3500 3276 3620 3333 Hoc

2033 3366 2177 3422 enim
2207 3380 2369 3436 grave
2394 3365 2679 3419 admodum
2702 3374 2820 3430 est,
2849 3366 2990 3436 quod
3023 3381 3130 3422 non
3159 3369 3337 3422 verbis
3361 3409 3376 3433 ,
3409 3370 3505 3424 sed
3536 3370 3622 3429 fa-

2031 3460 2132 3514 ctis
2159 3457 2274 3512 hinc
2312 3457 2574 3514 dicantur.
2607 3457 2736 3511 Nam
2765 3457 2939 3512 minus
2969 3473 3129 3528 grave
3168 3468 3312 3514 esset
3352 3462 3398 3515 si
3435 3462 3622 3517 verbis

2031 3553 2337 3618 diceretur,
2377 3565 2534 3620 quam
2566 3565 2689 3606 cum
2729 3552 2904 3619 reipsa
2934 3548 3182 3605 eflicitur.
3231 3553 3420 3606 Annon
3469 3555 3622 3609 enim

2034 3645 2150 3700 haec
2192 3643 2432 3715 quotidie
2473 3643 2669 3698 clamat
2697 3643 2922 3697 avaritia
2942 3683 2957 3709 ,
2988 3643 3236 3699 immanis
3271 3644 3360 3699 illa
3389 3654 3444 3700 et
3471 3660 3620 3701 saiva

2037 3736 2298 3809 tyrannis,
2346 3735 2572 3803 captivis
2615 3734 2768 3788 suis?
2813 3735 3164 3804 Apponantur
3215 3744 3391 3790 vestra
3432 3750 3622 3793 come-

2033 3828 2208 3884 dendo
2239 3827 2584 3898 syeOphantis
2604 3867 2620 3892 ,
2651 3825 2947 3880 latronibus
2973 3833 3026 3880 et
3052 3825 3478 3895 insidiatoribus,
3510 3844 3628 3884 non

2033 3930 2212 3977 autem
2234 3919 2491 3974 fainelicis
2515 3928 2570 3973 et
2600 3916 2803 3988 egenis.
2829 3919 3019 3972 Annon
3041 3933 3137 3974 vos
3159 3918 3580 3976 facitislatrones
3600 3925 3627 3976 ?

2035 4028 2214 4070 annon
2257 4025 2353 4066 vos
2397 4027 2574 4067 escam
2624 4011 2874 4082 praebetis
2916 4011 3021 4081 igni
3067 4013 3412 4067 invidorum?
3438 4031 3623 4071 annon

2034 4119 2132 4160 vos
2157 4103 2332 4158 facitis
2359 4101 2609 4173 fugitivos
2635 4112 2687 4157 et
2719 4101 3077 4168 insidiatores,
3107 4103 3233 4158 dum
3257 4105 3403 4174 quasi
3429 4120 3619 4162 escam

2035 4195 2142 4250 illis
2163 4193 2376 4250 divitias
2397 4203 2603 4248 vestras
2635 4191 2944 4262 apponitis?
2969 4207 3087 4262 qua:
3110 4202 3194 4248 est
3222 4194 3334 4249 Inec
3361 4194 3571 4251 insania
3597 4200 3624 4252 ἲ

2036 4285 2246 4340 Insania
2281 4284 2476 4354 quippe
2518 4291 2574 4338 et
2603 4281 2882 4336 manifesta
2912 4285 3143 4337 amentia
3175 4293 3289 4350 est,
3324 4300 3474 4340 arcas
3507 4288 3623 4340 im-

2038 4378 2185 4448 plere
2221 4376 2481 4440 vestibus,
2514 4381 2570 4429 et
2595 4389 2742 4438 eum,
2771 4373 2860 4442 qui
2887 4373 2953 4428 ad
2977 4375 3264 4444 imaginem
3291 4385 3342 4431 et
3368 4378 3627 4432 similitu-

2037 4469 2214 4524 dinem
2261 4467 2351 4521 Dei
2401 4466 2568 4519 l‘actus
2597 4475 2679 4519 est
2705 4506 2719 4530 ,
2749 4464 2949 4518 nudum
2973 4506 2987 4532 ,
3015 4479 3047 4519 a
3077 4464 3273 4535 frigore
3299 4477 3622 4524 trementem

2037 4579 2099 4618 ac
2137 4564 2222 4616 vix
2255 4570 2456 4615 rectum
2501 4567 2730 4612 stantem
2761 4557 3058 4628 despicere.
3099 4560 3170 4613 At
3199 4559 3286 4613 ille
3310 4601 3325 4626 ,
3371 4561 3580 4630 inquies
3607 4605 3622 4627 ,

2039 4663 2328 4706 tremorem
2357 4659 2412 4705 et
2441 4649 2802 4703 inﬁrmitatem
2848 4647 3110 4703 simulat?
3139 4650 3328 4705 Annon
3362 4652 3520 4705 times
3551 4669 3625 4709 ne

2040 4745 2242 4800 fulmen
2291 4743 2359 4796 ab
2401 4743 2502 4797 hoc
2541 4742 2706 4797 verbo
2751 4755 3036 4798 accensum
3066 4757 3130 4798 ex
3160 4743 3266 4796 alto
3295 4743 3579 4813 dejiciatur
3601 4747 3628 4800 ?

2040 4839 2114 4892 ira
2147 4836 2291 4891 enim
2319 4834 2657 4903 disrumpar,
2689 4832 2968 4903 ignoscite.
3002 4834 3082 4888 Tu
3111 4836 3306 4905 quippe
3332 4837 3505 4890 ventri
3540 4838 3628 4891 in-

2039 4932 2261 5001 dulgens
2285 4938 2336 4984 et
2367 4929 2576 4998 pinguis
2595 4969 2610 4994 ,
2639 4935 2693 4982 et
2717 4927 2784 4982 ad
2813 4925 3127 4996 profundam
3152 4943 3316 4998 usque
3337 4943 3625 4999 veSperam

2039 5023 2485 5096 compotationem
2501 5036 2568 5074 ex
2577 5018 3174 5088 tendens,mollibusque
3196 5019 3335 5075 fotus
3349 5021 3624 5090 stragulis,

2039 5133 2145 5172 non
2167 5129 2355 5171 censes
2383 5123 2433 5168 te
2453 5126 2640 5183 poenas
2662 5111 2929 5173 daturum,
2953 5125 3073 5165 cum
3095 5118 3200 5164 tam
3223 5110 3399 5179 inique
3416 5111 3509 5164 Dei
3527 5111 3632 5165 (Ιο-

2039 5210 2123 5264 nis
2153 5208 2322 5263 utaris
2341 5208 2534 5277 (neque
2553 5205 2694 5259 enim
2716 5203 2898 5258 vinum
2917 5202 3095 5256 datum
3115 5211 3194 5257 est
3208 5214 3262 5256 ut
3276 5203 3624 5270 inebriemur,

2040 5318 2213 5374 neque
2256 5313 2542 5356 concessus
2589 5296 2740 5352 cibus
2789 5305 2845 5351 ut
2885 5304 3124 5351 ventrem
3164 5293 3530 5349 distendamus
3571 5305 3632 5352 et

2038 5390 2424 5466 dirumpamus)
2455 5408 2468 5445 :
2503 5404 2787 5461 pauperem
2813 5402 2960 5452 vero,
2986 5385 3258 5451 miserum,
3279 5400 3380 5442 non
3400 5385 3633 5443 meliore

2040 5486 2347 5541 conditione
2386 5497 2545 5555 quam
2577 5491 2877 5545 mortuum,
2911 5478 3092 5543 illum,
3121 5477 3369 5547 inquam,
3396 5475 3462 5530 ad
3489 5491 3632 5530 exii-

2039 5590 2179 5633 ctam
2212 5577 2473 5631 rationem
2501 5571 2825 5628 reddendam
2857 5570 3003 5640 cogis
3029 5585 3044 5635 ;
3074 5583 3171 5624 nec
3203 5567 3395 5622 metuis
3421 5566 3630 5622 Christi

2041 5668 2272 5722 tribunal
2311 5666 2438 5721 illud
2465 5663 2790 5719 horrendum
2817 5671 2871 5718 et
2899 5659 3282 5717 formidabile?
3304 5658 3436 5714 Nam
3466 5657 3513 5711 si
3545 5659 3630 5712 si-

2043 5760 2207 5816 mulat
2229 5801 2244 5827 ,
2273 5775 2338 5820 ex
2365 5757 2687 5815 necessitate
2717 5764 2768 5810 et
2795 5763 3032 5825 egestate
3062 5751 3310 5818 simulat,
3337 5749 3407 5807 ob
3432 5748 3630 5804 imma-
