3826 6216
177 270 265 326 175

172 380 289 435 ἀλλὰ
313 380 531 444 δεικνὺς
555 380 733 434 αὐτῶν
754 380 850 452 τὴν
879 379 1169 434 αὐθάδειαν
1194 382 1288 434 καὶ
1304 382 1404 450 τὴν
1434 379 1729 450 τυραννίδα

172 464 251 517 καὶ
273 461 369 531 τὴν
400 463 691 533 ἐμπορίαν,
730 464 913 532 φησιν’
948 467 1015 517 Εἰ
1045 464 1221 517 ἄλλοι
1260 461 1370 528 τῆς
1419 462 1587 530 ὑμῶν
1623 462 1717 525 ἐξ·

169 547 366 611 ουσίας
387 549 729 617 μετέχουσι·
768 552 1034 607 τουτέστι,
1080 547 1372 618 κρατοῦσιν
1412 547 1587 617 ὑμῶν,
1641 546 1731 611 ἐξ·

168 630 516 697 ουσιάζουσιν,
549 633 625 694 ὼς
665 632 904 694 οἰκέταις
948 632 1375 701 ἀποκέχρηνται,
1411 632 1471 683 οὐ
1510 631 1729 701 λαμϐά-

168 732 334 778 νοντες
370 716 551 783 μόνον,
582 716 714 769 ἀλλά
762 718 856 768 καὶ
907 715 1044 785 μετά
1093 714 1295 783 πολλῆς
1349 713 1587 781 σπουδῆς
1637 715 1732 766 καὶ

167 801 254 869 τῆς
278 798 564 861 αὐθεντίας
598 811 648 851 α.
692 798 783 850 Διὸ
823 798 1188 869 προσέθηκεν,
1237 799 1319 850 Οὐ
1351 796 1561 861 πολλῷ
1590 796 1730 864 μᾶλο

165 886 270 936 λον
320 880 493 949 ’ἡμεῖς
510 898 530 945 ;
558 880 695 950 ὅπερ
742 880 841 932 οὐκ
874 879 961 943 ἂν,
995 881 1045 932 εἰ
1074 880 1333 949 περὶτῶν
1362 880 1675 932 ἀποστόλων
1703 882 1731 932 ό

164 967 309 1031 λόγος
335 960 425 1035 ἦν,
456 961 608 1017 εἶπεν
635 964 722 1016 ἀν.
765 962 904 1016 Ἀλλ’
941 963 1168 1034 εὐδηλον
1201 964 1282 1016 ὃτι
1317 962 1471 1025 τινάς
1498 964 1731 1017 αίνίττε-

165 1063 245 1098 ται
280 1046 566 1117 λυμεῶνας
610 1046 705 1099 καὶ
750 1045 1079 1109 ἀπατῶντας
1121 1046 1340 1109 αὐτούς.
1380 1046 1542 1098 Ὥστε
1592 1045 1731 1115 μετά

164 1127 250 1181 τοῦ
278 1128 440 1197 νόμου
489 1128 581 1180 τοῦ
637 1129 917 1192 Μωῦσέως
948 1130 1043 1182 καὶ
1082 1130 1243 1199 ὑμεῖς
1270 1129 1423 1181 αὑτοὶ
1456 1129 1619 1194 νόμον
1643 1146 1729 1180 τε·

166 1210 374 1264 θείκατε
426 1210 565 1280 ὑπὲρ
599 1209 691 1262 τοῦ
747 1211 858 1264 δεῖν
908 1212 1190 1283 παρέχειν.
1237 1209 1422 1264 Εἰπὼν
1469 1210 1546 1274 δὲ,
1578 1209 1727 1281 [185]

166 1295 244 1347 Οὑ
270 1291 474 1357 πολλῷ
509 1291 751 1360 μᾶλλον
773 1293 944 1361 ἡμεῖς
966 1310 984 1355 ;
1009 1296 1068 1346 οὑ
1104 1293 1512 1356 κατασκευάζει
1557 1291 1644 1343 διὰ
1677 1291 1730 1343 τί

163 1379 219 1430 οὐ
252 1375 430 1437 πολλῷ
467 1376 685 1446 μᾶλλον,
730 1377 847 1429 ἀλλ’
873 1377 1099 1447 ἀφίησιν
1128 1376 1307 1431 αὐτῶν
1349 1376 1429 1446 τῷ
1462 1375 1728 1428 συνειδότι

163 1461 247 1514 τὸν
276 1460 518 1529 ἔλεγχον,
546 1460 679 1530 όμοῦ
704 1462 797 1513 καὶ
823 1461 1055 1531 φοϐῆσαι
1088 1460 1406 1530 βουλόμενος
1435 1461 1528 1513 καὶ
1549 1458 1736 1529 ἐντρέ-

160 1546 255 1615 ψαι
287 1545 571 1614 μειζόνως.
611 1544 762 1597 Ἀλλ’
793 1547 905 1598 οὐκ
948 1544 1333 1614 ἐχρησάμεθα
1375 1542 1450 1612 τῇ
1480 1542 1733 1610 ἐξουσίᾳ

162 1628 363 1695 ταύτῃ.
401 1627 710 1689 Τουτέστιν,
748 1628 861 1679 Οὐκ
891 1627 1177 1697 ἐλάϐομεν.
1219 1627 1382 1697 Ὀρᾷς
1426 1626 1512 1680 διὰ
1548 1626 1732 1678 πόσων

158 1712 574 1773 κατασκευάσας
604 1710 886 1782 πρότερον,
924 1712 1006 1764 ὃτι
1053 1711 1113 1763 οὐ
1162 1711 1477 1780 παράνομον
1501 1709 1564 1761 τὸ
1592 1709 1732 1778 λαμ-

158 1797 361 1856 ϐάνειν,
388 1796 509 1847 τότε
538 1792 711 1859 εἶπεν,
742 1795 825 1847 ὅτι
859 1794 933 1846 Οὐ
964 1793 1333 1863 λαμϐάνομεν,
1370 1794 1457 1846 ἵνα
1495 1793 1567 1864 μὴ
1605 1793 1731 1864 δόξῃ

153 1878 227 1943 ὡς
280 1877 665 1948 κεκωλυμένου
726 1876 1063 1946 ἀπέχεσθαι;
1117 1877 1192 1929 0'5
1245 1876 1376 1947 γὰρ,
1413 1876 1601 1945 ἐπειδὴ
1657 1875 1731 1946 μὴ

155 1963 355 2026 ἔξεστι,
389 1961 578 2030 φησὶν,
629 1960 688 2012 οὐ
745 1959 1037 2029 λαμϐάνω·
1085 1959 1259 2023 ἔξεστι
1291 1960 1421 2029 γὰρ,
1452 1959 1546 2011 καὶ
1576 1957 1734 2010 τοῦτο

152 2045 261 2098 ἀπὸ
285 2043 499 2097 πολλῶν
532 2040 918 2111 ἀπεδείξαμεν,
954 2041 1063 2094 ἀπὸ
1107 2041 1214 2095 τῶν
1252 2040 1587 2105 ἀποστόλων,
1624 2040 1733 2094 ἀπὸ

157 2129 258 2181 τῶν
289 2129 351 2179 ἐν
398 2125 497 2195 βίῳ
555 2124 918 2195 πραγμάτων,
970 2122 1063 2175 τοῦ
1118 2125 1449 2192 στρατιώτου
1501 2125 1595 2177 καὶ
1638 2122 1731 2176 τοῦ

156 2208 403 2279 γεωργοῦ
435 2208 527 2260 καί⁵
560 2207 652 2258 τοῦ
680 2206 955 2275 ποιμένος,
984 2207 1091 2259 ἀπὸ
1118 2206 1210 2259 τοῦ
1233 2208 1397 2278 νόμου
1430 2207 1732 2270 Μωὺσέως,

149 2293 242 2347 ἀπ’
282 2291 456 2360 αὐτῆς
489 2287 582 2341 τοῦ
615 2289 938 2358 πράγματος
965 2289 1064 2359 τῆς
1092 2288 1329 2357 φύσεως,
1354 2290 1435 2341 ὅτι
1469 2289 1732 2358 ἐσπείρα-

150 2393 250 2446 μεν
281 2375 415 2444 ὐμῖν
442 2370 807 2441 πνευματικὰ,
840 2370 933 2438 ἀφ’
962 2363 1034 2423 ὧν
1053 2372 1211 2441 ὑμεῖς
1238 2372 1367 2443 περὶ
1387 2372 1514 2434 τὀὑς
1542 2372 1734 2433 ἄλλους

146 2459 492 2526 πεποιήκατε
517 2472 530 2483 ·
571 2454 685 2508 ἀλλ’
715 2453 923 2522 ὥσπερ,
967 2454 1055 2506 ἵνα
1092 2453 1167 2523 μὴ
1196 2454 1323 2525 δόξῃ
1350 2453 1735 2522 καταισχύνειν

153 2541 278 2603 τοὺς
310 2538 645 2600 ἀποστόλους
674 2537 797 2598 τοὺς
842 2535 1240 2604 λαμϐάνοντας,
1267 2535 1441 2589 ταῦτα
1467 2535 1733 2601 τέθεικεν,

145 2623 434 2695 ἐντρέπων
484 2622 681 2683 αὐτοὺς
726 2619 820 2671 καὶ
847 2618 1080 2683 δεικνὺς,
1124 2619 1209 2671 ὅτι
1246 2620 1304 2671 οὐ
1349 2618 1734 2689 κεκωλυμένου

144 2708 486 2779 πράγματος
527 2704 792 2774 ἀπέχεται
815 2720 828 2734 ·
878 2701 1020 2755 οὑτω
1052 2702 1234 2767 πάλιν,
1274 2702 1363 2756 ἵνα
1405 2702 1479 2772 μὴ
1515 2702 1602 2755 διὰ
1636 2701 1737 2770 τῆς

145 2792 360 2860 πολλῆς
420 2788 768 2857 κατασκευῆς
821 2787 916 2840 καὶ
955 2785 1065 2839 τῶν
1118 2787 1579 2857 παραδειγμάτων
1627 2786 1736 2839 τῶν

147 2875 395 2939 πολλῶν,
437 2873 503 2926 δι’
547 2864 623 2925 ὧν
655 2871 855 2935 ἔδειξεν
888 2870 968 2922 ὅτι
995 2870 1075 2921 δεῖ
1106 2868 1425 2939 λαμϐάνειν,
1461 2870 1585 2941 δόξῃ
1615 2871 1736 2922 ἐπι-

142 2960 337 3031 ζητεῖν
363 2958 428 3011 τὸ
449 2955 747 3027 λαμϐάνειν
777 2954 872 3006 καὶ
910 2952 997 3007 διὰ
1021 2952 1181 3005 τοῦτο
1207 2951 1380 3006 ταῦτα
1409 2953 1607 3021 λέγειν,
1636 2953 1736 3023 ήδη

138 3042 467 3115 διορθοῦται
502 3040 634 3093 αὐτό
654 3055 666 3068 '
725 3040 818 3091 καὶ
848 3038 1180 3108 σαφέστερον
1217 3038 1315 3107 μὲν
1349 3036 1577 3107 ὓστερον
1606 3036 1740 3089 αὐτὸ

138 3128 428 3188 τέθεικεν,
483 3125 611 3177 ὅταν
655 3121 790 3191 λέγῃ
814 3135 826 3149 ⁶
883 3122 1004 3174 Οὐκ
1035 3120 1270 3189 ἔγραψα
1298 3119 1366 3172 δὲ
1398 3120 1605 3179 ταῦτα,
1639 3121 1741 3173 ἵνα

134 3210 305 3265 οὕτω
336 3207 585 3275 γένηται
622 3206 692 3257 ἐν
719 3204 879 3273 ἐμοί·
919 3202 1155 3257 ἐνταῦθα
1183 3203 1243 3256 δέ
1272 3220 1459 3271 φησιν,
1494 3204 1579 3255 ὃτι
1617 3204 1740 3256 Οὐκ

136 3291 546 3361 ἐχρησάμεθα
579 3288 652 3357 τῇ
679 3287 931 3354 ἐξουσίᾳ
964 3287 1172 3354 ταύτῃ.
1217 3288 1327 3339 Καὶ
1351 3287 1413 3339 τὸ
1438 3285 1502 3356 δὴ
1533 3284 1738 3355 μεῖζον,

136 3378 225 3431 ὅτι
248 3377 387 3430 οὐδὲ
420 3377 595 3429 ἐκεῖνο
624 3373 735 3443 ἔχοι
766 3389 851 3434 τις
883 3370 948 3424 ἂν
978 3372 1173 3435 εἰπεῖν,
1202 3371 1283 3424 ὃτι
1324 3371 1411 3423 Ἐν
1428 3370 1743 3441 εὐρυχωρίᾳ

132 3463 306 3523 ὄντες
347 3459 455 3511 οὐκ
504 3456 876 3527 ἐχρησάμεθα,
912 3453 1047 3507 ἀλλά
1081 3453 1173 3506 καί¹
1202 3452 1448 3523 ἀνάγκης
1486 3468 1742 3505 κατεπει-

133 3543 388 3612 γούσης,
426 3542 524 3594 οὐκ
549 3539 773 3609 εἴξαμεν
802 3540 868 3608 τῇ
895 3538 1126 3607 ἀνάγκῃο
1162 3536 1190 3589 ὃ
1215 3535 1307 3588 καὶ
1338 3537 1395 3589 ἐν
1424 3538 1489 3605 τῇ
1516 3534 1744 3607 δευτέρᾳ

130 3628 343 3697 φησίν·
378 3626 603 3690 Ἀλλας
637 3621 1004 3691 Ἐκκλησίας
1030 3621 1330 3687 ἐσύλησα,
1364 3619 1564 3673 λαϐὼν
1592 3617 1747 3686 ὀψώ-

128 3728 241 3765 νια
296 3709 466 3778 πρὸς
493 3707 609 3775 τὴν
656 3705 825 3775 ὑμῶν
866 3704 1201 3758 διακονίαν-ν
1231 3703 1328 3756 καὶ
1362 3701 1567 3769 παρὼν
1594 3702 1744 3770 πρὸς

126 3794 310 3864 ὑμᾶς
347 3791 458 3845 καί
498 3789 871 3858 ὑστερηθεὶς,
898 3790 969 3841 οὑ
1011 3787 1429 3855 κατενάρκησα
1459 3784 1740 3850 οὐδενός·

124 3879 237 3931 καὶ
293 3879 367 3931 ἐν
420 3874 596 3947 ταύτῃ
642 3873 827 3927 πάλιν·
868 3871 979 3926 Καὶ
1014 3869 1311 3939 πεινῶμεν·
1345 3869 1443 3923 καὶ
1476 3869 1747 3939 διψῶμεν

123 3960 746 4031 καὶ,τυμνητεύομεν
778 3956 876 4010 καί
920 3955 1373 4025 κολαφιζόμεθα.
1403 3956 1514 4008 Καὶ
1559 3953 1748 4008 ἐνταῦ-

123 4047 199 4099 θα
246 4047 440 4100 πάλιν
472 4045 533 4097 τὸ
562 4042 693 4096 αὐτὸ
737 4040 1033 4095 αἰνίττεται
1087 4040 1283 4107 λέγων,
1324 4037 1499 4092 Ἀλλὰ
1552 4037 1749 4092 πάντα

122 4130 487 4199 στέγομεν.
524 4127 708 4183 Εἰπὼν
758 4126 886 4194 γὰρ,
931 4127 1012 4178 ὅτι
1055 4123 1257 4177 Πάντα
1310 4123 1620 4192 στέγομεν,
1656 4124 1749 4177 καὶ

118 4215 306 4283 λιμὸν
332 4212 645 4267 αἰνίττεται
668 4211 764 4263 καὶ
793 4208 1156 4278 στενοχωρίαν
1182 4205 1384 4276 πολλὴν
1408 4206 1501 4258 καὶ
1527 4207 1595 4259 τά
1617 4206 1751 4259 ἄλλα

120 4298 362 4350 πάντα.
409 4294 553 4348 Ἀλλ’
583 4293 706 4346 οὐδέ
736 4292 909 4355 οὑτως
937 4289 1383 4359 ἠναγκάσθημεν,
1408 4290 1561 4358 φησὶ,
1591 4289 1751 4343 λῦσαι

115 4381 225 4435 τὸν
263 4381 483 4450 νόμον,
522 4377 581 4431 ὃν
615 4378 826 4438 ἑαυτοῖς
852 4374 1197 4443 τεθείκαμεν.
1235 4372 1333 4426 Διά
1366 4371 1456 4438 τίς
1496 4373 1621 4426 Ἵνα
1662 4374 1749 4443 μὴ

116 4461 443 4532 ἐγκοπήν
465 4476 600 4514 τινα
628 4458 821 4527 δῶμεν
854 4455 933 4521 τῷ
970 4456 1298 4525 εὐαγγελίῳ
1332 4454 1438 4509 τοῦ
1468 4458 1747 4523 Χριστοῦ.

131 4545 405 4613 Ἐπειδὴ
452 4542 563 4611 γὰρ
591 4540 979 4608 ἀσθενέστερον
1014 4538 1293 4610 Κορίνθιοι
1325 4538 1608 4601 διέκειντο,
1635 4539 1752 4593 Ἵνα

117 4631 208 4701 μὴ
245 4629 385 4699 πλή
396 4631 583 4696 ξωμεν
612 4625 777 4694 ὑμᾶς,
806 4621 958 4692 φησὶ,
981 4621 1368 4691 λαμϐάνοντες,
1387 4622 1641 4692 εἱλόμεθα
1661 4625 1753 4677 καὶ

113 4714 283 4785 ὑπὲρ
316 4711 408 4765 τὰ
441 4707 842 4776 ἐπιτεταγμένα
877 4709 1118 4776 ποιῆσαι,
1151 4704 1182 4774 ἦ
1222 4706 1462 4773 ἐγκοπήν
1491 4722 1611 4759 τινα
1638 4706 1756 4759 δοῦ-

108 4816 216 4850 ναι
256 4795 362 4866 τῷ
412 4791 746 4860 εὐαγγελίῳ,
793 4790 1063 4853 τουτέστι,
1092 4788 1174 4858 ’τῇ
1227 4791 1529 4859 κατηχήσει
1574 4790 1749 4860 ὑμῶν.

108 4878 185 4933 Εἰ
226 4880 301 4933 δὲ
332 4876 539 4949 ἡμεῖς,
578 4873 677 4927 καὶ
720 4872 1186 4942 ἐπιτετραμμένον
1231 4873 1382 4942 ἡμῖν,
1410 4873 1506 4925 καὶ
1555 4872 1756 4943 πολλὴν

106 4964 484 5033 πάσχοντες
529 4957 670 5027 βίαν,
700 4957 797 5010 καὶ
829 4956 1158 5018 ἀποστόλους
1193 4954 1404 5024 ἔχοντες
1430 4957 1755 5028 ὑπόδειγμα,

104 5050 229 5101 οὐκ
257 5043 666 5113 ἐποιήσαμεν,
692 5040 817 5094 Ἵνα
852 5038 938 5106 μὴ
986 5037 1256 5107 ἐγκοπὴν
1286 5037 1481 5106 δῶμεν
1514 5040 1630 5110 (καὶ
1659 5041 1759 5093 οὐκ

104 5128 327 5193 εἶπεν,
408 5126 753 5194 ἀνατροπὴν,
796 5122 910 5176 ἀλλ’
942 5120 1260 5191 Ἐγκοπὴν,
1296 5122 1392 5175 καὶ
1437 5123 1536 5192 οὐχ
1573 5122 1759 5187 ἁπλῶς

105 5211 448 5282 ἐγκοπὴν,
496 5206 634 5272 ἀλλ’,
679 5205 985 5275 Ἔγκοπήν
1020 5221 1171 5259 τιγαο
1212 5204 1301 5258 ἵνα
1336 5205 1471 5275 μηδέ
1516 5205 1615 5276 τὴν
1666 5224 1759 5259 τυ-

102 5296 395 5371 χοῦσαν,
434 5290 512 5352 ώς
535 5289 600 5343 ἂν
629 5288 774 5341 εῖποι
801 5305 904 5351 τις,
937 5287 1197 5371 μέλλησιν
1234 5289 1328 5340 καὶ
1355 5287 1624 5358 ἀναϐολὴν
1661 5291 1761 5360 ἐμ-

103 5369 504 5449 ποιήσωμεν
534 5372 610 5443 τῷ
645 5371 829 5442 δρόμῳ
867 5369 962 5423 τοῦ
1016 5369 1232 5439 λόγου)·
1291 5371 1340 5423 εί
1378 5371 1558 5425 τοίνυν
1600 5374 1761 5443 ἡμεῖς

101 5461 415 5531 τοσαύτῃ
453 5454 809 5527 ἐχρησάμεθα
831 5456 899 5524 τῇ
932 5454 1157 5524 σπουδῇ,
1185 5453 1339 5524 φησί,
1376 5454 1527 5526 πόσῳ
1563 5457 1763 5526 μᾶλλον

99 5549 287 5618 ὑμᾶς
362 5541 518 5603 τοὺς
566 5540 660 5592 καὶ
704 5538 839 5591 πολὺ
895 5537 1005 5591 τῶν
1049 5538 1363 5591 ἀποστόλων
1412 5540 1759 5609 ἀποδέοντας,

100 5632 218 5686 καὶ
295 5623 467 5680 οὐδὲ
520 5622 683 5692 νόμον
735 5622 958 5692 ἔχοντας
1010 5624 1185 5676 εἰπεῖν
1238 5622 1329 5675 τὸν
1377 5623 1760 5693 ἐπιτρέποντα,

176 5740 209 5768 ﬂ
248 5729 459 5783 “ore!
474 5728 831 5791 "peninonﬁ;
852 5734 935 5787 τῆς
954 5728 1207 5791 αὐθεντίας,
1231 5725 1424 5779 omissis
1456 5728 1763 5791 interpositis

101 5812 239 5861 qua
277 5798 347 5848 in
383 5791 530 5852 Reg.
572 5789 836 5841 habentur.

1171 267 1239 321 IN
1277 266 1494 322 EPIST.
1536 266 1557 319 Ι
1612 266 1703 320 AD
1740 265 1899 322 COR.
1945 267 2186 324 ΗΟΜΙΙ..
2232 269 2373 324 XXI.

3306 286 3413 341 Πὸ

1835 382 1973 466 ἀλλά
2003 385 2098 466 καὶ
2141 384 2452 438 τούναντίον
2482 386 2592 439 τῶν
2635 390 3031 461 κεκωλυμένων
3075 395 3452 466 ἀπτομένουςν

1836 464 1939 517 καὶ
1964 465 2073 519 τῶν
2096 467 2189 518 ἐπὶ
2223 467 2397 539 βλάϐῃ
2433 470 2646 542 μεγάλῃ
2684 470 2778 523 τοῦ
2823 474 3162 542 εὐαγγελίου,
3192 464 3293 532 οὐκ
3322 481 3413 533 ἐπὶ
3458 524 3463 530 .

1833 547 1893 598 τὸ
1927 547 2000 617 μὴ
2057 548 2302 619 ἐγκοπὴν
2366 549 2529 619 μόνον
2584 550 2790 618 δοῦναι,
2837 555 2954 607 ἀλλ’
3003 558 3123 609 οὐδέ
3169 559 3415 628 ἀνάγκην
3460 594 3464 598 -

1832 628 2074 712 δρῶντας
2127 631 2508 701 ἐπικειμένην,
2562 634 2862 703 ἀπέχεσθαι
2914 637 3023 703 δεῖς
3078 640 3278 693 Τοῦτον
3308 643 3415 712 γὰρ
3462 660 3467 668 ε

1833 710 2051 765 ἅπαντα
2091 713 2183 765 τὸν
2214 714 2373 782 λόγον
2411 716 2478 767 δι’
2514 717 2755 781 ἐκείνους
2804 719 3023 789 ἐκίνησε
3050 724 3174 783 τούς
3199 722 3284 774 διὰ
3316 710 3414 791 τῆς

1835 792 2092 863 βρώσεως
2169 794 2279 849 τῶν
2348 797 2714 852 εἰδωλοθύτων
2784 802 3234 866 σκανδαλίζοντας
3292 806 3417 869 τοὺς

1834 877 2261 949 ἀσθενεστέρους
2288 880 2577 948 ἀδελφούς.

1905 961 2051 1033 [186]
2081 961 2266 1016 Ταῦτα
2298 964 2355 1016 δὲ
2389 965 2483 1017 καὶ
2521 966 2683 1035 ἡμεῖς
2738 966 3049 1037 ἀκούωμεν,
3100 970 3371 1041 ἀγαπητοί
3394 986 3410 1003 ⁶

1832 1045 1917 1098 ἴνα
1954 1046 2027 1116 μὴ
2070 1046 2503 1116 καταφρονῶμεν
2542 1049 2653 1100 τῶν
2699 1049 3237 1121 σκανδαλιζομένων,
3280 1054 3415 1123 μηδὲ

1831 1130 2076 1199 ἐγκοπήν
2096 1148 2220 1184 τινα
2256 1131 2501 1201 ποιῶμεν
2524 1132 2602 1201 τῷ
2650 1132 2957 1203 εὐαγγελίῳ
2997 1134 3091 1186 τοῦ
3130 1135 3369 1206 Χριστοῦ
3397 1151 3413 1167 ·

1833 1211 1918 1263 ἴνα
1962 1213 2036 1283 μὴ
2066 1213 2405 1283 προδιδῶμεν
2433 1217 2532 1283 τὴν
2559 1216 2839 1283 ἡμετέραν
2868 1216 3163 1286 σωτηρίαν.
3194 1218 3285 1287 Μὴ
3310 1219 3417 1289 γάρ

1836 1312 1924 1363 μοι
1958 1294 2103 1363 λέγε,
2144 1296 2274 1349 ὅταν
2302 1296 2725 1367 σκανδαλίζηται
2758 1300 2786 1349 ό
2819 1297 3066 1367 ἀδελφὸς,
3099 1300 3182 1351 ὅτι
3217 1301 3290 1353 Οὐ
3319 1317 3416 1352 κε-

1833 1376 2072 1429 κώλυται
2089 1379 2150 1430 τὸ
2177 1379 2371 1443 καὶτὸ,
2402 1380 2487 1446 ἐφ’
2509 1372 2553 1445 ᾧ
2580 1378 3015 1443 σκανδαλίζεται,
3044 1382 3139 1433 καὶ
3166 1383 3247 1434 ὅτι
3271 1384 3418 1449 ἐφεῖ-

1831 1476 1943 1512 ται.
1994 1459 2136 1528 Ἐγὼ
2166 1462 2275 1531 γάρ
2309 1479 2390 1515 σοι
2435 1461 2660 1530 μείζονα
2699 1461 2879 1529 λέγω,
2925 1464 3009 1516 ὅτι
3054 1465 3156 1517 κᾶν
3196 1465 3357 1528 αὐτὸς
3387 1466 3418 1518 6

1832 1543 2069 1612 Χριστὸς
2094 1543 2475 1613 ἐπιτετραφὼς
2517 1541 2575 1615 ᾗ,
2610 1545 2728 1617 ἴδῃς
2754 1545 2811 1597 δέ
2846 1563 2969 1599 τινα
3016 1546 3413 1616 βλαπτόμενον,

1833 1625 2058 1695 ἐπίσχες
2088 1625 2182 1678 καί.
2211 1625 2285 1695 μὴ
2320 1628 2498 1701 χρήσῃ
2531 1629 2597 1695 τῇ
2635 1629 2926 1699 ἐπιτροπῇ.
2965 1628 3142 1681 Τοῦτο
3183 1631 3290 1701 γάρ
3322 1632 3418 1683 καὶ

1834 1708 2044 1773 Παῦλος
2077 1709 2354 1778 ἐποίησεν,
2388 1709 2507 1773 ἐξὸν
2535 1709 2721 1761 λαϐεῖν
2753 1710 2991 1781 Χριστοῦ
3025 1715 3417 1783 συγχωρήσαν-

1832 1807 1947 1855 τος,
1978 1791 2053 1861 μὴ
2089 1790 2289 1844 λαϐών.
2337 1792 2447 1844 Καὶ
2479 1791 2588 1862 γάρ
2625 1792 3010 1859 φιλάνθρωπος
3039 1793 3113 1846 ὢν
3156 1795 3184 1845 ὁ
3214 1793 3418 1846 Δεσπό-

1832 1891 1951 1944 της,
1992 1873 2190 1944 πολλὴν
2220 1877 2332 1938 τοῖς
2378 1875 2749 1944 ἐπιτάγμασιν
2795 1875 3058 1945 ἐκέρασεν
3102 1877 3417 1946 ἡμερότητα

1833 1961 1945 2020 τοῖς
1972 1956 2158 2019 αὐτοῦ,
2192 1958 2279 2010 ἴνα
2314 1958 2389 2026 μὴ
2429 1957 2589 2025 μόνον
2620 1957 2678 2021 ἐξ
2703 1958 2994 2026 ἐπιταγῆς,
3032 1957 3172 2011 ἀλλά
3222 1958 3317 2011 καὶ
3358 1957 3420 2023 ἐξ

1833 2042 2038 2104 οἰκείας
2068 2042 2239 2094 πολλὰ
2282 2042 2525 2110 ποιῶμεν
2565 2040 2811 2111 γνώμης.
2853 2042 2964 2093 Καὶ
3006 2040 3116 2110 γὰρ
3160 2040 3416 2109 ἠδύνατο,

1835 2127 1882 2178 εἰ
1938 2124 2013 2194 μὴ
2050 2125 2209 2177 τοῦτο
2253 2123 2525 2187 ἐϐούλετο,
2570 2123 2770 2193 μᾶλλον
2806 2125 3074 2176 ἐπιτεῖναι
3115 2124 3184 2175 τὰ
3224 2123 3419 2177 ἐπιτάο

1835 2224 2041 2277 γματα,
2060 2210 2152 2261 καὶ
2171 2208 2365 2260 εἰπεῖν·
2381 2207 2440 2258 '0
2461 2207 2535 2277 μὴ
2561 2206 2739 2258 διόλου
2760 2223 2824 2276 νη
2834 2205 3063 2267 στεύων,
3087 2204 3416 2269 κολαζέσθωο

1835 2290 1863 2341 6
1894 2289 1969 2359 μὴ
2011 2289 2384 2359 παρθενεύων,
2411 2289 2783 2359 τιμωρείσθω
2815 2290 2843 2340 ό
2873 2288 2947 2359 μὴ
2980 2290 3156 2342 πάντα
3187 2288 3419 2342 ἀποδυό-

1840 2389 1998 2442 μενος
2022 2372 2089 2425 τά
2114 2372 2260 2434 ὄντα,
2301 2372 2457 2442 δίκην
2495 2372 2684 2424 διδότω
2712 2373 2812 2439 τὴν
2848 2372 3108 2442 ἐσχάτην.
3151 2371 3291 2423 Ἀλλ’
3321 2373 3421 2426 οὑκ

1834 2457 2062 2527 ἐποίησε
2096 2457 2273 2517 τοῦτο,
2310 2456 2394 2508 σοὶ
2434 2456 2711 2526 παρέχων,
2743 2458 2792 2508 εἰ
2825 2455 3169 2526 βουληθείης,
3212 2457 3420 2524 φιλοτι-

1841 2541 2078 2611 μεῖσθαι.
2112 2540 2212 2592 Διά
2234 2540 2391 2593 τοῦτο
2417 2542 2509 2592 καὶ
2538 2542 2623 2592 ὅτε
2656 2540 2784 2609 περὶ
2806 2540 3105 2612 παρθενίας
3127 2539 3418 2608 διελέγετο,

1838 2624 2020 2691 ἔλεγεν
2048 2641 2061 2655 ο
2110 2624 2171 2675 '0
2205 2623 2541 2692 δυνάμενος
2585 2624 2832 2692 χωρεῖν,
2870 2624 3157 2692 χωρείτω·
3194 2624 3288 2675 καὶ
3328 2625 3421 2677 ἐπὶ

1835 2705 1931 2758 τοῦ
1967 2706 2223 2759 πλουσίου
2258 2705 2326 2758 τά
2380 2706 2477 2775 μὲν
2524 2706 2774 2770 ἐπέταξε,
2823 2706 2896 2759 τά
2939 2707 2995 2760 δέ
3048 2706 3315 2776 ἐπέτρεψε
3351 2710 3420 2779 τῇ

1839 2794 2056 2863 ἐξουσίᾳ
2085 2795 2183 2864 τῆς
2232 2794 2493 2857 διανοίας.
2555 2795 2630 2847 Οὐ
2688 2795 2798 2863 γὰρ
2833 2790 2994 2856 εἶπε,
3041 2795 3302 2864 Πώλησον
3352 2792 3421 2847 τὰ

1841 2876 2173 2946 ὑπάρχοντα,
2201 2875 2337 2939 ἀλλ’,
2357 2878 2424 2929 El
2446 2875 2641 2941 θέλεις
2663 2875 2892 2942 τέλειος
2916 2873 3087 2940 εἶναι,
3106 2875 3416 2942 πώλησον.

1853 2960 1993 3013 Ἀλλ’
2028 2962 2187 3029 ἡμεῖς
2217 2960 2278 3012 οὐ
2323 2962 2485 3030 μόνον
2517 2960 2578 3011 οὐ
2615 2958 3046 3029 φιλοτιμούμεθα
3088 2958 3206 3011 οὐδέ
3250 2959 3422 3029 ὑπερ-

1842 3042 2096 3112 ϐαίνομεν
2128 3042 2197 3094 τὰ
2228 3042 2647 3111 προστάγματα,
2667 3041 2803 3094 ἀλλά
2825 3042 2919 3095 καὶ
2951 3041 3045 3094 τοῦ
3080 3040 3281 3113 μέτρου
3310 3040 3422 3095 τῶν

1842 3125 2241 3179 κελευσθέντων
2272 3124 2479 3197 σφόδρα
2521 3124 3031 3195 ἀπολιμπανόμεθα.
3070 3123 3180 3176 Καὶ
3213 3122 3426 3186 Παῦλος

1847 3210 1945 3279 μὲν
1980 3208 2307 3278 ἐλίμωττεν,
2352 3207 2438 3260 ἵνα
2485 3208 2560 3279 μὴ
2599 3207 2840 3278 ἐγκοπὴν
2880 3206 2957 3276 τῷ
2990 3206 3292 3276 εὐαγγελίῳ
3325 3205 3420 3276 δῷο

1844 3293 2003 3361 ἡμεῖς
2047 3290 2102 3343 δὲ
2138 3289 2259 3342 οὐδὲ
2292 3289 2401 3342 τῶν
2432 3289 2815 3359 ἀποκειμένων
2856 3290 2986 3358 ημῖν
3030 3287 3270 3356 ἅψασθαι
3300 3288 3421 3340 τολ-

1849 3375 2060 3446 μῶμεν,
2093 3373 2295 3445 μυρίας
2319 3373 2557 3445 ὁρῶντες
2578 3372 3026 3443 ἀνατρεπομένας
3045 3371 3244 3441 ψυχάς.
3266 3372 3426 3442 Τρω-

1844 3459 1990 3527 γέτω
2023 3457 2153 3528 γάρ,
2182 3458 2367 3528 φησὶν,
2400 3457 2428 3508 6
2461 3457 2579 3527 σὴς,
2618 3457 2712 3508 καὶ
2751 3456 2824 3527 μὴ
2874 3455 3132 3525 τρωγέτω
3162 3457 3192 3508 6
3230 3454 3421 3523 πένης·

1844 3540 2181 3595 κατεσθιέτω
2200 3542 2228 3593 ὁ
2250 3539 2488 3610 σκώληξ,
2508 3539 2601 3592 καὶ
2621 3539 2695 3609 μὴ
2722 3537 3131 3610 περιϐαλλέσθω
3146 3539 3173 3589 ὁ
3196 3538 3422 3609 γυμνός·

1845 3623 2217 3677 ἀναλισκέσθω
2248 3623 2425 3676 πάντα
2456 3621 2535 3691 τῷ
2582 3622 2781 3691 χρόνῳ,
2832 3621 2928 3674 καὶ
2970 3620 3044 3692 μὴ
3084 3620 3370 3692 τρεφέσθω
3397 3622 3429 3675 6

1844 3707 2103 3778 Χριστὸς,
2134 3704 2428 3758 καὶταῦτα
2459 3703 2679 3756 πεινῶν.

1918 3791 2027 3842 Καὶ
2050 3789 2134 3852 τίς
2160 3786 2319 3841 τοῦτο
2357 3781 2478 3838 εἷπε
2503 3804 2517 3853 ;
2545 3786 2697 3856 φησί.
2734 3783 2907 3839 Τοῦτο
2938 3785 3047 3855 γάρ
3078 3787 3193 3839 ἐστι
3223 3785 3426 3856 σφόδρα

1845 3872 1909 3926 τὸ
1945 3871 2138 3937 δεινὸν,
2195 3871 2277 3923 ὃτι
2321 3870 2422 3922 οὐκ
2467 3870 2526 3921 ἐν
2577 3870 2689 3930 τοῖς
2726 3868 3002 3938 ῥήμασιν,
3048 3868 3163 3920 ἀλλ’
3211 3868 3268 3921 ἐν
3312 3872 3428 3931 τοῖς

1848 3956 2135 4026 πράγμασι
2188 3954 2358 4007 ταῦτα
2408 3953 2648 4021 λέγεται.
2715 3951 2825 4003 Καὶ
2877 3950 2987 4020 γὰρ
3034 3945 3196 4022 ἦττον
3251 3949 3316 4003 ἂν
3358 3945 3428 4021 ἦν

1847 4039 2017 4092 δεινὸν
2044 4038 2139 4090 ἐπὶ
2172 4037 2282 4090 τῶν
2311 4035 2573 4107 ῥημάτων
2596 4033 2909 4102 λεγόμενον,
2935 4032 2966 4103 ἢ
2998 4034 3090 4085 ἐπὶ
3121 4032 3230 4086 τῶν
3251 4032 3427 4102 ἔργων

1848 4123 2152 4191 γινόμενον.
2189 4114 2265 4171 Ἦ
2288 4119 2398 4188 γὰρ
2427 4119 2487 4171 οὑ
2519 4117 2693 4170 ταῦτα
2732 4115 2831 4186 βοᾷ
2864 4115 2986 4168 καθ’
3019 4114 3257 4185 ἐκάστην
3287 4115 3428 4185 ήμέο

1852 4220 1950 4274 ραν
1974 4206 2006 4272 ή
2042 4201 2413 4272 ἀπάνθρωπος
2450 4201 2544 4253 καὶ
2576 4199 2702 4269 ὠμὴ
2730 4200 3006 4268 τυραννὶς,
3038 4199 3071 4269 ή
3098 4196 3431 4268 φιλαργυρία

1848 4287 1963 4347 τοῖς
1989 4285 2159 4354 αὐτῆς
2181 4281 2580 4354 αίχμαλώτοις;
2610 4280 2926 4351 Προκείσθω
2953 4282 3045 4333 καὶ
3066 4281 3430 4347 συκοφάνταις

1852 4370 1946 4423 καὶ
1971 4368 2195 4439 λῃσταῖς
2228 4367 2321 4420 καὶ
2357 4364 2663 4427 ἐπιϐούλοις
2702 4364 2840 4433 πρὸς
2866 4363 3077 4433 τρυφὴν
3110 4364 3137 4403 b
3186 4364 3255 4416 τά
3296 4361 3431 4431 ὑμέ-

1852 4469 2007 4522 τερα,
2037 4450 2131 4504 καὶ
2175 4449 2248 4519 μὴ
2279 4450 2392 4510 τοῖς
2422 4446 2647 4499 πεινῶσι
2695 4445 2827 4515 μηδέ
2860 4448 2973 4508 τοῖς
3011 4445 3285 4514 δεομένοις
3316 4444 3431 4498 δια-

1852 4536 2048 4605 τροφή.
2078 4533 2152 4586 Οὐ
2188 4534 2297 4602 γὰρ
2334 4531 2492 4601 ὑμεῖς
2526 4531 2728 4581 ποιεῖτε
2768 4528 2896 4590 τούς
2937 4528 3174 4598 λῃστάς;
3218 4527 3277 4579 οὐ
3323 4525 3431 4598 γὰρ

1856 4618 2013 4688 ὑμεῖς
2046 4615 2125 4685 τῷ
2150 4615 2285 4685 πυρὶ
2315 4612 2426 4666 τῶν
2458 4611 2743 4682 βασκάνων
2782 4609 3051 4679 παρέχετε
3094 4611 3336 4679 τροφήν;
3367 4609 3431 4662 οὐ

1855 4701 1963 4771 γὰρ
1982 4701 2137 4769 ὑμεῖς
2161 4700 2365 4751 ποιεῖτε
2384 4695 2510 4758 τούς
2527 4692 2800 4765 δραπέτας
2825 4694 2919 4745 καὶ
2943 4695 3067 4755 τοὺς
3091 4692 3430 4757 ἐπιϐούλους,

1857 4783 2109 4852 καθάπερ
2154 4781 2347 4850 δέλεαρ
2392 4779 2577 4841 αὐτοῖς
2621 4777 2711 4831 τὸν
2768 4777 3031 4847 ὑμέτερον
3087 4776 3432 4848 προτιθέντες

1859 4867 2127 4931 πλοῦτον;
2158 4865 2302 4935 τίςή
2338 4863 2507 4934 μανία
2536 4860 2709 4930 αὑτη;
2755 4861 2935 4914 Μανία
2968 4860 3075 4930 γάρ
3116 4860 3208 4912 καὶ
3259 4876 3433 4929 παρα-

1861 4950 2059 5020 πληξία
2089 4947 2287 5017 σαφὴς,
2313 4946 2383 4998 τὰ
2407 4946 2505 5014 μέν
2535 4942 2764 4997 κιϐώτια
2789 4942 2959 5012 μεστά
2982 4941 3214 5011 ἱματίων
3238 4944 3433 5005 ποιεῖν,

1859 5035 1950 5087 τὸν
1976 5033 2031 5085 δὲ
2059 5031 2178 5083 κατ’
2202 5030 2388 5081 εἰκόνα
2416 5026 2551 5081 Θεοῦ
2580 5027 2872 5095 γενόμενον
2898 5026 2991 5078 καὶ
3015 5026 3138 5078 καθ’
3154 5026 3433 5095 ὁμοίωσιν,

1860 5115 2066 5186 γυμνὸν
2096 5114 2189 5167 καὶ
2223 5112 2495 5183 τρέμοντα
2528 5110 2633 5161 ὑπὸ
2661 5110 2756 5161 τοῦ
2787 5109 2999 5180 κρυμοῦ
3029 5110 3312 5179 περιορᾷν,
3340 5107 3435 5160 καὶ

1866 5199 2017 5269 μόλις
2063 5194 2416 5266 ὀρθούμενον,
2478 5192 2639 5245 Ἀλλά
2681 5192 3100 5262 προφασίζεται,
3147 5192 3301 5261 φησὶ,
3342 5189 3436 5242 τὸν

1861 5282 2062 5352 τρόμον
2112 5278 2207 5333 καὶ
2256 5278 2355 5348 τὴν
2411 5276 2716 5329 ἀσθένειαν.
2770 5271 2904 5328 Εἶτα
2954 5276 3014 5327 οὐ
3066 5274 3309 5335 δέδοικας
3359 5272 3433 5342 μὴ

1866 5363 2105 5432 σκηπτὸς
2143 5360 2346 5413 ἄνωθεν
2379 5359 2486 5413 ἀπὸ
2516 5358 2610 5411 τοῦ
2653 5359 2893 5428 ῥήματος
2936 5356 3197 5426 ἀναφθεὶς
3241 5355 3433 5408 τούτου

1864 5446 2199 5517 κατενεχθῇ;
2229 5445 2631 5515 διαρῤήγνυμαι
2659 5442 2765 5513 γάρ
2804 5441 2909 5494 ὑπὸ
2947 5440 3043 5493 τοῦ
3081 5439 3275 5511 θυμοῦ’
3307 5439 3434 5507 σύγ-

1864 5548 2057 5601 γνωτε.
2096 5531 2167 5582 Σὺ
2202 5529 2298 5600 μὲν
2326 5528 2434 5599 γάρ
2462 5525 2890 5597 γαστριζόμενος
2938 5525 3035 5578 καί⁸
3068 5523 3434 5601 πιαινόμενος,

1867 5600 1962 5668 καὶ
1988 5614 2067 5677 είς
2097 5612 2334 5683 ἑσπέραν
2353 5610 2573 5680 βαθεῖαν
2601 5608 2692 5661 τὸν
2715 5607 2876 5661 πότον
2899 5607 3260 5678 παρατείνων,
3287 5600 3436 5673 [187]

1868 5697 1962 5752 καὶ
1996 5696 2261 5767 μαλακοῖς
2298 5693 2699 5761 ἐνθαλπόμενος
2740 5688 3073 5761 στρώμασιν,
3126 5689 3224 5740 οὐκ
3266 5686 3434 5752 ἀξιοῖς

1934 5788 1961 5829 1)
1989 5789 2133 5851 Reg.,
2157 5788 2272 5851 πρὸς
2308 5786 2498 5849 τρυφήν.
2544 5782 2694 5843 Edili,
2735 5783 2848 5845 πρὸς
2874 5782 3065 5845 τροφήν.
