3856 6330
355 357 458 413 177

348 466 532 522 δοῦναι
559 464 737 534 δίκην,
771 462 914 517 οὑτω
959 463 1295 533 παρανόμως
1335 465 1450 532 τοῖς
1488 461 1582 514 τοῦ
1626 461 1762 513 Θεοῦ
1793 457 1934 530 χρώ-

352 564 512 620 μενος
536 544 730 616 δώροις
761 545 903 616 (οὐδὲ
939 546 1050 614 γὰρ
1096 545 1186 598 ἴνα
1227 543 1537 614 μεθύωμεν,
1561 545 1590 596 ὀ
1622 538 1786 606 οἶνος·
1821 540 1932 592 οὐδ’

347 633 437 685 ῖνα
466 627 914 699 γαστριζώμεθα,
931 630 964 698 ὴ
987 626 1161 698 τροφὴ
1187 626 1432 695 γέγονεν·
1453 625 1563 679 οὐδ’
1592 625 1678 678 ἵνα
1700 623 1940 678 διασπῶ-

351 729 450 783 μεν
479 711 579 782 τὴν
629 709 895 780 γαστέρα,
946 711 1016 763 τὰ
1067 710 1258 779 σιτία)·
1312 710 1404 762 τὸν
1441 709 1499 762 δὲ
1550 708 1761 778 πένητα
1781 746 1807 772 ,,
1845 705 1938 759 τὸν

347 794 554 858 ἄθλιον,
583 793 677 846 τὸν
713 793 865 847 οὐδὲν
899 792 1124 862 ἄμεινον
1165 793 1363 864 νεκροῦ
1403 791 1779 860 διακείμενον,
1813 789 1940 843 τοῦ·

346 894 440 932 τον
472 875 700 940 εὐθύνας
728 877 983 938 ἀπαιτεῖς
1011 876 1284 947 ἀκριϐεῖς,
1319 877 1416 928 καὶ
1458 877 1520 928 οὐ
1567 873 1812 937 δέδοικας
1845 873 1938 927 τοῦ

347 960 588 1032 Χριστοῦ
614 959 676 1012 τὸ
699 959 1050 1030 δικαστήριον
1077 959 1140 1011 τὸ
1179 957 1409 1028 φρικτὸν
1444 958 1619 1010 ἐκεῖνο
1653 957 1746 1010 καὶ
1777 955 1942 1025 φοϐε-

353 1045 445 1114 ρόν
465 1061 486 1109 ;,
506 1043 619 1096 Kal
632 1042 742 1112 γὰρ
771 1043 820 1094 εἱ
847 1042 1225 1112 ὑποκρίνεται,
1245 1040 1304 1106 ἐξ
1321 1041 1568 1109 ἀνάγκης
1588 1038 1940 1109 ὑποκρίνεται

350 1127 448 1180 καὶ
473 1125 682 1188 ἐνδείας
714 1125 805 1178 διά
829 1124 930 1195 τὴν
956 1124 1221 1195 ὠμότητα
1248 1123 1347 1194 τὴν
1376 1122 1474 1190 σήν
1502 1125 1597 1176 καὶ
1625 1122 1726 1193 τὴν
1767 1122 1942 1175 ἀπαν-

351 1208 596 1279 θρωπίαν
627 1208 726 1279 τὴν
751 1207 1011 1261 τοιούτων
1040 1207 1304 1277 δεομένην
1327 1207 1712 1278 προσωπείων,
1739 1205 1840 1276 τὴν
1865 1205 1940 1276 μὴ

351 1291 736 1362 ἐπικλωμένην
773 1291 908 1362 πρὸς
939 1291 1110 1344 έλεον.
1155 1291 1251 1352 Τίς
1279 1289 1389 1360 γὰρ
1425 1289 1596 1351 οὕτως
1625 1286 1810 1350 ἄθλιος
1847 1289 1942 1340 κα)⁸

349 1373 718 1442 ταλαίπωρος,
747 1373 821 1434 ὡς
851 1373 1123 1444 μηδεμιᾶς
1143 1372 1390 1442 ἀνάγκης
1417 1369 1778 1440 ἐπικειμένης
1800 1370 1942 1442 ὑπὲρ

352 1457 470 1520 ἐνὸς
496 1457 662 1528 ἀρτου
685 1455 912 1509 τοιαῦτα
933 1456 1263 1526 ἀσχημονεῖν
1281 1455 1377 1508 καὶ
1387 1454 1790 1508 κόπτεσθαικαὶ
1813 1470 1944 1506 τοσ-

351 1541 526 1611 αύτην
554 1540 848 1610 ὑπομένειν
895 1539 1082 1606 δίκην;
1110 1539 1274 1591 Ὥστε
1299 1537 1642 1609 ήὺπόκρισις
1673 1539 1708 1609 ἡ
1731 1537 1942 1591 ἐκείνου

352 1625 454 1693 τῆς
485 1624 584 1691 σῆς
609 1621 1011 1692 ἀπανθρωπίας
1039 1621 1390 1692 περιέρχεται
1420 1621 1720 1690 γιγνομένη
1743 1619 1940 1690 κήρυξ.

365 1705 583 1776 Ἐπειδὴ
611 1705 720 1774 γὰρ
745 1703 1009 1759 ἱκετεύων
1039 1704 1134 1758 καὶ
1151 1703 1401 1774 λιπαρῶν
1423 1705 1517 1757 καὶ
1535 1701 1748 1756 ἐλεεινὰ
1766 1701 1946 1773 προϊέ-

356 1806 518 1854 μενος
548 1790 790 1859 ρήματα,
838 1789 933 1841 καὶ
961 1787 1290 1858 ὀδυρόμενος
1318 1785 1413 1839 καὶ
1443 1785 1694 1856 δακρύων
1739 1785 1834 1839 καὶ
1876 1783 1945 1837 δι’

352 1872 482 1942 ὅλης
505 1871 736 1942 περιιὼν
773 1871 876 1940 τῆς
907 1870 1146 1940 ἡμέρας,
1169 1868 1290 1922 οὐδέ
1320 1868 1422 1938 τῆς
1445 1867 1752 1936 ἀναγκαίας
1778 1867 1945 1920 εὐπο-

356 1957 441 2024 ρεῖ
457 1955 688 2024 τροφῆς,
717 1953 1012 2020 ἐπενόησεν
1037 1951 1168 2015 ἴσως
1197 1951 1294 2004 καὶ
1318 1949 1520 2021 ταύτην
1547 1949 1646 2022 τὴν
1673 1950 1944 2021 μηχανὴν,

353 2037 455 2089 οὐκ
491 2038 685 2106 ἐκείνῳ
713 2034 1008 2102 τοσαύτην,
1034 2035 1168 2104 ὅσην
1200 2034 1304 2098 σοὶ,
1335 2034 1610 2105 φέρουσαν
1638 2033 1735 2104 τὴν
1769 2036 1945 2103 ἀσχη-

358 2120 602 2193 μοσύνην
621 2121 715 2174 καὶ
737 2120 837 2188 τὴν
852 2121 1210 2190 κατηγορίαν.
1244 2120 1486 2182 Ἐκεῖνος
1511 2119 1609 2189 μὲν
1641 2119 1750 2189 γάρ
1772 2118 1944 2171 ἐλεεῖ-

357 2201 484 2255 σθαι
522 2201 748 2265 δίκαιος,
781 2202 865 2254 ὅτι
919 2203 1000 2264 εἱς
1047 2200 1320 2270 τοσαύτην
1356 2201 1624 2274 κατῆλθεν
1661 2202 1944 2270 ἀνάγκηνο

353 2286 522 2356 ἡμεῖς
546 2283 605 2337 δέ
639 2283 849 2353 μυρίων
890 2282 1032 2349 ἄξιοι
1064 2282 1373 2353 τιμωριῶν,
1409 2285 1492 2336 ὅτι
1536 2285 1663 2345 τοὺς
1707 2283 1946 2354 πένητας

354 2368 580 2421 τοιαῦτα
611 2366 906 2438 βιαζόμεθα
947 2367 1196 2434 πάσχειν.
1228 2367 1290 2418 El
1320 2366 1430 2438 γὰρ
1456 2366 1515 2432 ἐξ
1547 2367 1796 2428 εὐκολίας
1819 2368 1948 2420 ἐπε-

357 2450 640 2520 κλώμεθα,
671 2451 772 2504 οὐκ
797 2450 861 2504 ἀν
889 2466 1017 2502 ποτε
1042 2449 1217 2500 εἵλετο
1247 2452 1454 2512 ἐκεῖνος
1483 2447 1706 2502 τοιαῦτα
1734 2450 1945 2519 ὑπομέ-

355 2550 490 2588 νειν.
527 2534 638 2587 Kal
670 2534 724 2586 τί
752 2532 898 2601 λέγω
917 2530 1197 2602 γύμνωσιν
1216 2533 1311 2585 καὶ
1333 2531 1569 2602 τρύμον;
1599 2532 1674 2584 Τὸ
1699 2533 1807 2602 γὰρ
1825 2532 1948 2585 τού-

354 2633 450 2670 του
477 2615 914 2686 φρικωδέστερον
932 2614 1061 2681 ἐρῶ,
1079 2615 1162 2666 ὅτι
1184 2615 1278 2667 καὶ
1299 2614 1495 2676 παῖδας
1519 2615 1948 2685 ἡναγκάσθησαν

357 2718 434 2772 πη
445 2699 615 2772 ρῶσαί
640 2715 783 2761 τινες
811 2698 988 2769 ἄωρον
1007 2699 1240 2765 ἄγοντας
1259 2698 1498 2768 ἡλικίαν,
1525 2698 1616 2751 ἵνα
1630 2700 1730 2768 τῆς
1749 2698 1949 2769 ἡμετέ-

361 2801 462 2854 ρας
491 2781 850 2853 ἀναισθησίας
875 2781 1230 2837 καθίκωνται.
1269 2782 1488 2851 Ἐπειδὴ
1516 2783 1625 2851 γὰρ
1657 2782 1949 2852 βλέποντες

358 2867 454 2922 καὶ
485 2865 684 2934 γυμνοὶ
735 2863 1077 2934 περιιόντες,
1119 2861 1242 2915 οὔτε
1281 2863 1390 2917 ἀπὸ
1427 2866 1526 2934 τῆς
1564 2864 1780 2933 ἡλικίας
1823 2863 1947 2923 οὔτε

357 2949 467 3003 ἀπὸ
489 2949 588 3019 τῆς
615 2947 901 3018 συμφοράς
927 2945 1310 2999 ἐπεσπάσαντο
1338 2947 1464 3009 τοὺς
1493 2947 1762 3018 ἀνηλεεῖς,
1780 2963 1951 3015 προσ-

359 3031 564 3103 έθηκαν
599 3033 710 3095 ταῖς
750 3029 1029 3092 τοσούτοις
1074 3032 1266 3092 κακοῖς
1312 3028 1507 3100 ἐτέραν
1558 3029 1950 3100 χαλεπωτέραν

357 3115 689 3186 τραγῳδίαν,
728 3113 818 3168 ἵνα
846 3113 1049 3167 λύσωσι
1089 3112 1181 3166 τὸν
1221 3111 1398 3183 λιμὸν,
1433 3112 1764 3185 κουφότερον
1809 3109 1951 3166 εἶναι

360 3199 675 3267 νομίζοντες
709 3196 1120 3267 ἀπεστερῆσθαι
1166 3194 1262 3248 τοῦ
1312 3194 1494 3248 κοινοῦ
1537 3193 1729 3248 τούτου
1770 3195 1950 3263 φωτὸς

361 3281 585 3350 καὶτῆς
615 3281 752 3334 πᾶσι
799 3279 1091 3350 δεδομένης
1135 3279 1375 3340 ἀκτῖνος,
1433 3278 1465 3349 ἡ
1513 3277 1656 3349 λιμῴ
1697 3279 1952 3331 παλαίειν

361 3365 602 3434 διηνεκεῖ
622 3362 718 3416 καὶ
747 3361 838 3414 τὸν
855 3363 1126 3415 οἴκτιστον
1150 3360 1445 3429 ὑπομένειν
1463 3359 1712 3415 θάνατον.
1731 3360 1954 3434 Ἐπειδὴ

363 3447 474 3518 γάρ
503 3447 563 3499 οὐ
600 3445 792 3498 πενίαν
819 3443 1054 3513 ἐμάθετε
1085 3442 1276 3505 ἐλεεῖν,
1307 3441 1445 3495 ἀλλά
1476 3443 1774 3512 τέρπεσθαι
1806 3460 1944 3515 συμο

365 3532 581 3598 φοραῖς,
601 3527 900 3597 πληροῦσιν
918 3525 1072 3597 ὑμῶν
1090 3525 1189 3595 τὴν
1206 3525 1501 3596 ἀκόρεστον
1521 3526 1838 3596 ἐπιθυμίαν,
1858 3527 1952 3581 καὶ

365 3614 578 3673 ἐαυτοῖς
599 3613 693 3663 καὶ
717 3611 845 3678 ὑμῖν
871 3619 888 3639 ⁸
908 3607 1302 3678 χαλεπωτέραν
1323 3607 1422 3677 τῆς
1444 3608 1670 3681 γεέννης
1691 3609 1954 3664 ἀνάπτον-

364 3690 456 3756 τες
483 3694 579 3764 τὴν
606 3693 799 3762 φλόγα.
833 3692 942 3746 Kal
975 3693 1062 3746 ἵνα
1103 3691 1314 3761 μάθητε
1347 3693 1430 3745 ὅτι
1463 3692 1550 3745 διὰ
1591 3692 1748 3745 τοῦτο
1780 3691 1953 3746 ταῦτα

365 3777 576 3845 γίνεται
600 3777 694 3828 καὶ
721 3775 789 3827 τά
809 3773 1056 3838 τοιαῦτα,
1086 3777 1389 3844 τεκμήριον
1432 3775 1560 3844 ὑμῖν
1591 3774 1953 3846 ὡμολογημέ-

367 3877 457 3916 νον
485 3859 615 3930 ὲρῖῦ,
649 3858 785 3929 πρὸς
811 3858 839 3912 ὅ
869 3857 1057 3928 μηδεὶς
1077 3858 1313 3928 ἀντερεῖ.
1347 3857 1502 3911 Εἰσὶν
1523 3856 1700 3928 ἕτεροι
1723 3859 1952 3928 πένητες

366 3942 559 4010 κοῦφοι
585 3941 678 3993 καὶ
715 3941 980 4010 μετέωροι
1009 3940 1107 4003 τὰς
1128 3940 1326 4010 ψυχὰς,
1352 3939 1446 3992 καὶ
1469 3939 1572 3992 οὐκ
1609 3939 1813 4004 εἰδότες
1851 3942 1952 4009 φέ-

370 4044 485 4102 ρειν
512 4026 688 4096 λιμὸν.
715 4023 851 4077 ἀλλά
870 4023 1047 4077 πάντα
1075 4024 1294 4094 μᾶλλον,
1319 4023 1352 4094 ἦ
1381 4022 1540 4077 τοῦτο
1565 4024 1952 4094 ὑπομένοντες.

367 4105 528 4163 Οὗτοι
559 4106 818 4169 πολλάκις
842 4107 969 4176 ὑμῖν
997 4107 1248 4168 ἐλεεινοῖς
1273 4107 1368 4160 καὶ
1391 4107 1634 4177 σχήμασι
1659 4107 1751 4160 καὶ
1776 4109 1954 4177 ῥήμα-

370 4208 453 4246 σιν
491 4190 826 4260 ἐντυχόντες,
872 4189 1058 4258 ἐπειδὴ
1087 4191 1241 4244 οὐδὲν
1286 4189 1504 4259 ῶνησαν
1534 4189 1636 4253 τὰς
1673 4193 1953 4262 ἱκετηρίας

367 4274 598 4344 ἀφέντες
653 4272 883 4334 ἐκείνας,
935 4273 1061 4335 τοὺς
1109 4272 1550 4342 θαυματοποιοὺς
1595 4273 1726 4336 ὑμῖν
1766 4274 1950 4327 λοιπὸν

368 4359 716 4430 παρήλασαν,
741 4358 789 4410 οἱ
831 4355 928 4426 μὲν
964 4356 1212 4426 δέρματα
1239 4355 1604 4425 ὑποδημάτων
1635 4357 1951 4427 μασώμενοι

368 4441 779 4513 πεπονηκότων,
799 4441 850 4492 οἱ
871 4439 926 4493 δὲ
945 4442 1086 4492 κατά
1100 4439 1200 4509 τῆς
1227 4440 1471 4511 κεφαλῆς
1493 4439 1657 4510 ἥλους
1676 4441 1820 4506 ὀξεῖς
1839 4443 1953 4494 διαα

367 4527 672 4597 πείροντες,
701 4525 877 4596 ἕτεροι
912 4524 1221 4593 πεπηγόσιν
1253 4523 1439 4577 ὕδασιν
1472 4525 1580 4578 ὑπὸ
1604 4525 1700 4579 τοῦ
1737 4527 1950 4597 κρυμοῦ

367 4613 547 4680 γυμνῇ
595 4611 661 4680 τῇ
699 4608 900 4679 γαστρί
948 4607 1434 4678 προσομιλοῦντες,
1491 4607 1644 4664 ἄλλοι
1683 4608 1740 4660 δὲ
1787 4611 1950 4679 ἕτερα

369 4692 690 4763 ἀτοπώτερα
717 4690 922 4745 τούτων
957 4691 1340 4760 ὑπομένοντες,
1383 4691 1471 4743 ἵνα
1501 4691 1563 4742 τὸ
1591 4691 1826 4763 πονηρὸν
1855 4709 1952 4744 πε-

372 4775 670 4845 ριστήσωσι
699 4773 945 4845 θέατρον.

445 4862 518 4920 ς’.
553 4857 624 4908 Σὺ
651 4856 731 4920 δὲ,
764 4856 970 4911 τούτων
1000 4855 1322 4926 γινομένων,
1354 4855 1593 4925 ἕστηκας
1635 4855 1810 4923 γελῶν
1858 4859 1952 4911 καὶ

371 4937 690 5007 θαυμάζων,
720 4939 814 4992 καὶ
838 4940 1212 5010 ἐμπομπεύων
1235 4942 1348 5002 τοῖς
1394 4938 1596 5007 ἐτέρων
1621 4942 1830 5003 κακοῖς,
1851 4944 1950 5015 τῆς

371 5024 557 5088 κοινῆς
584 5019 741 5093 [188]
771 5019 986 5090 φύσεως
1017 5021 1454 5095 ἀσχημονούσης.
1479 5022 1590 5075 Kal
1628 5022 1856 5076 τίπλέον
1887 5024 1953 5077 ἂν

371 5103 664 5174 ἐργάσαιτο
682 5103 888 5156 τούτων
916 5103 1125 5174 δαίμων
1150 5108 1377 5177 ἀγριος;
1403 5100 1536 5159 Εἶτα
1568 5104 1653 5158 ἴνα
1679 5105 1951 5178 προθυμόο

370 5202 528 5256 τερον
566 5187 765 5257 ποιήσῃ
796 5185 1004 5252 ταῦτα,
1048 5188 1434 5259 δαψιλέστερον
1475 5188 1633 5251 δίδως
1665 5189 1946 5260 ἀργύριον.

371 5269 482 5322 Kal
503 5267 579 5338 τῷ
606 5270 702 5338 μὲν
727 5270 1003 5340 εὐχομένῳ
1031 5272 1126 5323 καὶ
1143 5273 1234 5324 τὸν
1254 5273 1387 5325 Θεὸν
1412 5271 1689 5336 καλοῦντι,
1713 5275 1804 5327 καὶ
1831 5275 1952 5344 μετ’

372 5352 674 5415 ἐπιεικείας
714 5353 994 5422 προσιόντι
1029 5354 1171 5417 οὐδὲ,
1207 5355 1597 5425 ἀποκρίνεσθαι
1631 5357 1799 5423 ἀξιοῖς
1831 5358 1952 5411 οὐδέ

372 5433 662 5503 ἐμϐλέψαι,
706 5435 841 5488 ἀλλὰ
885 5437 978 5490 καὶ
1023 5435 1092 5488 τά
1136 5437 1369 5507 φορτικὰ
1410 5439 1593 5491 ἐκεῖνα
1623 5440 1758 5509 πρὸς
1788 5440 1950 5494 αὐτὸν

373 5517 586 5590 φθέγγῃ
618 5519 857 5589 ῥήματα,
889 5521 1016 5574 ὅταν
1044 5521 1282 5590 συνεχῶς
1325 5521 1619 5594 ἐνοχλήσῃ’
1658 5524 1859 5578 Τοῦτον
1894 5524 1950 5578 δὲ

371 5599 454 5652 δεῖ
474 5599 606 5670 ζῇνς
635 5603 893 5656 ἀναπνεῖν
914 5604 970 5658 δὲ
999 5605 1160 5669 ὅλως,
1197 5604 1230 5674 ἦ
1261 5603 1354 5657 τὸν
1378 5605 1528 5674 ἥλιον
1561 5607 1750 5660 τοῦτον
1779 5609 1948 5681 ὀρᾷη

372 5683 510 5751 πρὸς
541 5685 616 5743 δὲ’
647 5686 889 5751 ἐκείνους
937 5689 1031 5742 καὶ
1078 5687 1301 5758 φαιδρὸς
1357 5689 1452 5742 καὶ
1503 5689 1800 5761 φιλότιμος,
1855 5692 1951 5746 an

372 5765 716 5839 ἀγωνοθέτης
747 5788 831 5835 τις
859 5771 933 5827 ῶν
961 5776 1070 5844 ’τῆς
1093 5771 1501 5843 καταγελάστου
1534 5773 1628 5828 καὶ
1660 5775 1953 5846 σατανικῆς

430 5860 450 5881 ⁸
472 5861 622 5929 ἣξει,
642 5867 721 5916 καὶ
741 5868 869 5929 ἡμῖν.

1083 348 1141 403 S.
1185 344 1475 402 JOANNIS
1514 340 2012 400 CHRYSOSTOMI
2053 343 2374 406 ARCIIIEP.
2413 349 2974 410 CONSTANTINOP.

3513 349 3617 407 178

2042 460 2432 538 ἀσχημοσύνης
2457 467 2690 538 ἐκείνης.
2712 465 2805 531 Διὸ
2827 466 2922 519 καὶ
2947 463 3310 533 εὐλογώτερον
3339 461 3474 534 πρὸς
3495 465 3622 528 τούς

2040 544 2286 611 τιθέντας
2313 553 2442 614 τοὺς
2490 551 2708 620 ἀγῶνας
2744 550 2991 613 τούτους,
3028 549 3123 602 καὶ
3153 547 3228 618 μὴ
3268 547 3623 617 προϊεμένους

2042 629 2210 698 μηδὲν
2233 631 2341 695 ἕως
2364 633 2431 687 ἂν
2464 634 2614 687 ἴδωσι
2639 633 3037 703 κολαζομένους
3065 632 3313 702 ἐτέρους,
3342 629 3517 683 ταῦτα
3557 630 3625 684 ἂν

2039 711 2255 784 λεχθείη
2300 715 2366 768 τά
2423 718 2667 788 ῥήματα·
2702 718 2812 786 Ζῇν
2846 717 2906 769 δὲ
2959 714 3188 779 τούτους
3212 753 3227 776 ,
3265 715 3526 768 ἀναπνεῖν
3570 714 3626 767 δὲ

2040 795 2211 860 ὅλως;
2240 798 2331 850 τὸν
2356 798 2415 850 δὲ
2445 800 2597 870 ἥλιον
2628 799 2818 852 τοῦτον
2845 799 2980 869 ὀρᾷν
3011 799 3142 860 τοὺς
3187 797 3268 861 εἱς
3311 797 3411 867 τὴν
3439 796 3629 867 κοινὴν

2041 879 2499 950 παρανομοῦντας
2527 881 2712 950 φύσιν,
2741 880 2871 942 τοὺς
2892 883 2973 944 είς
2998 880 3091 933 τὸν
3109 878 3242 932 Θεὸν
3268 877 3626 950 ὑϐρίζονταςς

2041 962 2152 1014 Kal
2183 963 2278 1016 τοῦ
2320 963 2420 1035 μὲν
2454 963 2590 1017 Θεοῦ
2629 964 2918 1031 λέγοντος,
2947 961 3046 1027 Δὸς
3089 960 3485 1031 ἐλεημοσύνην,
3533 961 3630 1012 καὶ

2039 1041 2232 1113 δίδωμὶ
2284 1061 2366 1097 σοι
2409 1045 2688 1115 βασιλείαν
2734 1044 3022 1116 οὐρανῶν,
3063 1043 3163 1097 οὐκ
3212 1044 3487 1114 ἡκούσας·
3531 1041 3630 1094 τοῦ

2039 1125 2288 1179 διαϐόλου
2319 1127 2375 1181 δὲ
2406 1128 2649 1197 κεφαλὴν
2677 1128 3074 1199 καθηλωμένην
3111 1126 3449 1192 δεικνύντος,
3485 1124 3632 1189 ἐξαί-

2042 1223 2180 1278 φνης
2211 1208 2491 1280 φιλότιμος
2519 1211 2751 1278 γέγονας
2777 1226 2791 1241 ο
2841 1211 2935 1264 καὶ
2984 1208 3187 1280 μᾶλλον
3230 1208 3555 1278 ὲπέκαμψεν
3595 1209 3630 1278 ἡ

2037 1287 2133 1340 τοῦ
2163 1291 2402 1361 πονηροῦ
2427 1291 2682 1361 δαίμονος
2720 1295 2941 1364 μηχανὴ
2972 1291 3241 1360 τοσαύτην
3273 1291 3476 1362 ἔχουσα
3504 1291 3634 1361 βλά-

2043 1371 2229 1444 ϐην,ἢ
2276 1375 2310 1444 ἡ
2348 1373 2443 1428 τοῦ
2477 1375 2615 1428 Θεοῦ
2668 1376 2966 1446 ὑπόσχεσις
3011 1375 3176 1447 μυρία
3225 1375 3530 1440 κομίζουσα
3560 1374 3635 1426 τά

2043 1455 2247 1524 ἀγαθὼ
2277 1457 2418 1523 δέον,
2467 1458 2516 1512 εἱ
2545 1460 2641 1512 καὶ
2669 1459 2893 1529 χρυσίον
2919 1458 3249 1512 καταϐαλεῖν
3281 1457 3451 1528 ἐχρῆν
3488 1458 3634 1530 ὑπὲρ

2040 1540 2137 1594 τοῦ
2167 1539 2343 1594 ταῦτα
2381 1541 2457 1612 μὴ
2487 1541 2757 1610 γίνεσθαι,
2805 1541 2942 1612 μηδέ
2967 1542 3231 1613 γινόμενα
3261 1543 3416 1612 ὁρᾷν,
3448 1540 3632 1596 πάντα

2045 1626 2220 1676 ποιεῖν
2248 1625 2343 1677 καὶ
2374 1624 2695 1694 ὑπομένειν,
2725 1624 2865 1678 ῶστε
2899 1625 3108 1678 ἀνελεῖν
3138 1625 3238 1696 τὴν
3266 1624 3470 1696 πολλὴν
3498 1623 3634 1677 ταύο

2042 1726 2144 1777 την
2175 1708 2412 1778 μανίαν·
2461 1710 2620 1781 ὑμεῖς
2653 1711 2710 1764 δὲ
2761 1711 2902 1781 ὑπὲρ
2957 1709 3050 1762 τοῦ
3097 1709 3193 1763 καὶ
3238 1709 3489 1778 γίνεσθαι
3537 1709 3633 1762 καὶ

2045 1791 2306 1862 γινόμενα
2347 1793 2480 1864 ὀρᾷν
2505 1834 2519 1853 ,
2551 1793 2729 1848 πάντα
2759 1797 2962 1846 ποιεῖτε
3009 1794 3105 1846 καὶ
3148 1791 3632 1864 πραγματεύεσθε.

2048 1875 2171 1928 Ἔτι
2205 1872 2298 1928 οὑν
2346 1877 2578 1949 ἐρωτᾷς,
2635 1877 2760 1929 εἰπέ
2802 1894 2914 1946 μοι,
2963 1877 3053 1929 διὰ
3095 1876 3150 1929 τί
3190 1875 3419 1945 γέεννα;
3471 1875 3638 1928 Ἀλλά

2049 1958 2248 2029 μηκέτι
2295 1959 2455 2013 τοῦτο
2507 1959 2708 2030 ἐρώτα,
2742 1960 2878 2012 ἀλλά
2917 1959 3035 2024 πῶς
3085 1961 3184 2029 μία
3232 1959 3429 2028 γέεννα
3471 1958 3634 2028 μόνη.

2047 2040 2236 2094 Πόσων
2290 2041 2397 2114 γὰρ
2431 2042 2532 2094 οὐκ
2588 2041 2728 2107 ἄξιοι
2781 2042 3058 2096 κολάσεων
3089 2037 3233 2096 οὗτοι
3285 2042 3335 2094 οἱ
3380 2041 3440 2094 τὸ
3483 2040 3639 2110 ὠμὸν

2045 2121 2205 2175 τοῦτο
2225 2124 2319 2176 καὶ
2348 2124 2555 2194 ἀπηνὲς
2588 2124 3016 2195 συγκροτοῦντες
3040 2124 3286 2195 θέατρον,
3309 2123 3403 2176 καὶ
3425 2121 3635 2191 γελῶν-

2044 2221 2139 2268 τες
2166 2205 2251 2274 ἐφ’
2275 2200 2354 2269 οἷς
2382 2205 2640 2277 δακρύειν
2669 2207 2775 2259 ἔδει
2802 2206 3090 2270 κάκείνους
3117 2207 3210 2260 κα)⁵
3236 2206 3381 2276 ὑμᾶς
3400 2204 3638 2268 αὐτούςς

2050 2287 2252 2358 μᾶλλον
2282 2288 2341 2342 δέ
2371 2289 2519 2358 ὑμᾶς
2537 2291 2664 2353 τοὺς
2688 2290 2758 2343 τά
2778 2289 3007 2344 τοιαῦτα
3029 2288 3440 2356 ἀναγκάζοντας
3471 2289 3644 2357 ἀσχηε

2041 2373 2232 2440 ’μονεῖν
2257 2388 2273 2437 ;
2303 2371 2444 2424 Ἀλλ’
2464 2371 2565 2424 οὐκ
2587 2372 2904 2439 ἀναγκάζω,
2937 2373 3095 2442 φησί.
3122 2371 3246 2434 Πῶς
3273 2371 3373 2424 οὑκ
3392 2371 3642 2438 ἀναγκά-

2049 2451 2183 2525 ζεις,
2215 2453 2336 2508 εἱπέ
2366 2471 2480 2524 μοι,
2509 2457 2620 2517 τοῖς
2648 2455 2748 2524 μέν
2767 2454 3200 2525 ἐπιεικεστέροις
3219 2453 3313 2507 καὶ
3339 2452 3640 2524 δακρύουσι

2048 2536 2144 2590 καὶ
2197 2536 2292 2588 τὸν
2326 2535 2460 2589 Θεὸν
2497 2536 2913 2607 παρακαλοῦσιν
2954 2537 3076 2590 οὐδέ
3117 2535 3406 2608 προσέχειν
3439 2535 3639 2604 ἀνεχόο

2051 2633 2231 2688 μενος’
2263 2620 2480 2681 τούτοις
2528 2619 2586 2671 δέ
2639 2620 2734 2671 καὶ
2774 2618 3038 2689 ἀργύριον
3082 2619 3337 2690 παρέχων
3379 2617 3639 2687 δαψιλὲς,

2047 2705 2142 2758 καὶ
2175 2703 2404 2767 πολλοὺς
2432 2705 2729 2776 περιιστῶν
2755 2706 2881 2768 τοὺς
2914 2704 3326 2774 θαυμάζονταςς
3359 2702 3472 2756 Kal
3497 2703 3641 2756 am-

2049 2788 2284 2859 στῶμεν,
2322 2789 2510 2858 φησὶν,
2544 2787 2819 2852 ἐλεοῦντες
2855 2788 3076 2852 αὐτούς.
3107 2788 3220 2841 Kal
3257 2786 3320 2840 σὺ
3358 2784 3522 2840 τοῦτο
3549 2802 3646 2838 κε-

2048 2870 2254 2934 λεύειςς
2289 2872 2402 2925 Οὐκ
2425 2872 2541 2925 ἐστι
2567 2871 2726 2924 τοῦτο
2756 2870 2944 2933 ἐλεεῖν,
2975 2871 3248 2941 ἄνθρωπε,
3273 2869 3336 2922 τὸ
3363 2868 3649 2940 τοσαύτην

2051 2955 2303 3010 ἀπαιτεῖν
2327 2953 2486 3024 δίκην
2517 2953 2656 3024 ὑπὲρ
2685 2953 2880 3020 ὀλίγων
2899 2952 3122 3016 ὀϐολῶν,
3145 2953 3206 3005 τὸ
3230 2950 3474 3004 κελεύειν
3494 2951 3647 3019 ὑπὲρ

2050 3037 2355 3103 ἀναγκαίας
2410 3035 2854 3091 κατακόπτεσθαι
2903 3038 3131 3106 τροφῆς,
3185 3033 3280 3088 καὶ
3332 3035 3411 3095 είς
3465 3032 3643 3086 πολλά

2049 3119 2357 3190 διατέμνειν
2383 3119 2484 3190 τῆς
2516 3119 2761 3188 κεφαλῆς
2786 3118 2886 3188 τῆν
2917 3117 3080 3188 δορὰν
3108 3116 3250 3169 οὑτω
3291 3114 3512 3186 πικρῶς
3547 3120 3646 3171 καὶ

2051 3202 2322 3266 ἐλεεινῶς.
2378 3203 2655 3274 Εὐφήμει,
2693 3203 2878 3273 φησίν·
2915 3202 2978 3254 οὐ
3033 3199 3142 3271 γάρ
3173 3200 3336 3271 ἡμεῖς
3385 3200 3556 3268 ἐσμεν
3591 3199 3648 3252 οῖ

2050 3285 2149 3347 τὰς
2177 3284 2421 3354 κεφαλὰς
2449 3274 2815 3355 καθηλοῦντες
2855 3285 3091 3348 ἐκείνας.
3133 3283 3260 3339 Είθε
3292 3281 3378 3336 σύ·
3413 3283 3514 3335 καὶ
3538 3283 3644 3335 οὐκ

2052 3363 2121 3440 ἦν
2150 3369 2294 3422 οὑτω
2321 3369 2494 3424 δεινὸν
2525 3368 2588 3422 τὸ
2628 3369 2821 3423 δεινόν.
2865 3369 2924 3422 '0
2955 3368 3066 3440 γὰρ
3100 3368 3352 3437 σφάττων
3379 3365 3503 3419 τινὰ
3544 3363 3646 3418 τοῦ

2051 3451 2365 3515 κελεύοντος
2387 3452 2578 3505 ἑαυτὸν
2598 3452 2852 3520 σφάττειν
2869 3451 3050 3521 πολλῷ
3065 3449 3443 3520 χαλεπώτερον
3468 3450 3643 3502 ποιεῖ’

2051 3535 2080 3588 ὃ
2109 3536 2173 3607 δὴ
2205 3537 2301 3589 καὶ
2326 3536 2418 3588 ἐπὶ
2449 3534 2655 3588 τούτων
2691 3534 3000 3604 συμϐαίνει.
3037 3537 3145 3589 Kal
3172 3534 3280 3605 γάρ
3305 3532 3646 3604 δριμυτέρας

2054 3617 2386 3688 ὑπομένουσι
2413 3617 2512 3682 τὰς
2533 3618 2744 3681 ὀδύνας,
2773 3618 2903 3671 ὅταν
2931 3618 3026 3670 καὶ⁸
3052 3616 3348 3688 αὐτουργοὶ
3371 3615 3641 3669 κελεύων-

2051 3719 2141 3755 ται
2173 3701 2418 3769 γίνεσθαι
2449 3701 2557 3754 τῶν
2589 3699 2843 3771 πονηρῶν
2871 3699 3078 3753 τούτων
3102 3699 3514 3768 ἐπιταγμάτων,
3541 3699 3644 3752 καὶ

2051 3783 2224 3838 ταῦτα
2281 3787 2338 3837 ἐν
2401 3784 2736 3854 ’Δντιοχείᾳ,
2789 3785 2848 3836 ἐν
2984 3783 3203 3854 πρῶτον
3257 3781 3644 3852 ἐχρημάτισαν

2052 3869 2402 3939 Χριστιανοὶ,
2448 3862 2574 3940 ἐνῇ
2629 3866 2889 3920 ἁπάντων
2944 3865 3245 3937 ἀνθρώπων
3292 3862 3643 3936 ἡμερώτεροι

2052 3954 2361 4022 γεγόνασιν,
2395 3954 2454 4005 ἐν
2559 3950 2727 4015 πολὺς
2751 3950 2854 4020 τῆς
2889 3949 3259 4022 ἐλεημοσύνης
3303 3948 3365 4000 τὸ
3407 3946 3645 4000 παλαιὸν

2052 4035 2227 4105 ἐκόμα
2269 4035 2499 4106 καρπός.
2535 4033 2670 4087 Οὑδέ
2717 4033 2827 4106 γὰρ
2877 4035 2989 4097 τοῖς
3022 4030 3254 4102 παροῦσι
3288 4031 3467 4101 μόνον,
3498 4027 3642 4083 ἀλλά

2051 4117 2145 4168 καὶ
2171 4118 2284 4178 τοῖς
2314 4113 2598 4186 πόρρωθεν
2625 4112 2873 4183 ἔπεμπον
2905 4114 2969 4165 ἐκ
3020 4110 3216 4165 πολλοῦ
3271 4108 3367 4162 τοῦ
3410 4110 3636 4181 διαστὴ‹

2055 4215 2245 4268 ματος,
2279 4197 2377 4251 καὶ
2431 4196 2602 4250 ταῦτα
2654 4195 2815 4266 λιμοῦ
2860 4193 3011 4267 [189]
3055 4191 3528 4264 προσδοκωμένου.
3567 4193 3643 4246 Τί

2051 4278 2146 4335 οὖν
2195 4281 2277 4334 δεῖ
2331 4272 2545 4344 ποιε’ῖν;
2587 4280 2754 4347 φησί’
2804 4278 2917 4349 Τῆς
2957 4277 3053 4348 μὲν
3083 4275 3374 4346 θηριωδίας
3424 4272 3642 4339 ταύτης

2052 4365 2398 4433 καθυφεῖναι,
2435 4364 2620 4415 πεῖσαι
2649 4361 2706 4415 δὲ
2749 4362 2876 4423 τοὺς
2908 4359 3197 4428 δεομένους
3227 4357 3492 4421 ἃπαντας,
3545 4357 3644 4410 ὅτι

2049 4447 2224 4502 ταῦτα
2277 4447 2373 4516 μὲν
2421 4445 2703 4506 ποιοῦντες
2745 4444 2898 4497 οὐδὲν
2940 4443 3234 4514 λήψονται,
3283 4441 3544 4503 ἐπιεικῶς
3576 4440 3642 4494 δὲ

2051 4533 2385 4603 προσιόντες,
2408 4529 2612 4598 πολλῆς
2638 4527 3035 4582 ἀπολαύσονται
3054 4526 3155 4596 τῆς
3182 4525 3512 4596 φιλοτιμίας.
3532 4525 3642 4576 Ἂν

2050 4615 2108 4668 δέ
2146 4614 2316 4668 ταῦτα
2348 4612 2581 4684 μάθωσι,
2622 4611 2727 4664 κᾶν
2754 4611 2970 4665 πάντων
3000 4603 3132 4662 ὦσιν
3159 4607 3498 4677 ἀθλιώτεροι,
3531 4606 3640 4676 οὐχ

2050 4686 2371 4768 αἱρήσονται
2410 4694 2666 4747 οὐδέποτε
2717 4691 2940 4746 τοιαῦτα
2992 4690 3352 4754 κολάζεσθαι,
3395 4686 3509 4756 ἐγὼ
3537 4689 3640 4761 ἐγ-

2049 4783 2292 4852 γυῶμαιο
2326 4780 2461 4834 ἀλλά
2491 4780 2585 4831 καὶ
2613 4778 2776 4849 χάριν
2811 4777 2942 4846 ὑμῖν
2985 4777 3244 4838 εἴσονται,
3283 4775 3365 4827 ὅτι
3399 4771 3495 4825 καὶ
3531 4770 3641 4825 τοῦ

2050 4866 2286 4937 γέλωτος
2319 4865 2413 4918 καὶ
2440 4863 2541 4932 τῆς
2567 4862 2759 4931 ὀδύνης
2790 4860 2986 4922 αὐτοὺς
3015 4856 3357 4926 ἀπηλλάξατε
3390 4855 3639 4925 ἐκείνης.

2120 4948 2236 5003 Νῦν
2267 4948 2324 5001 δὲ
2361 4946 2502 5017 ὑπὲρ
2529 4946 2629 5017 μὲν
2664 4946 2899 5015 ἡνιόχων
2927 4943 3023 4996 καὶ
3055 4941 3246 5003 παῖδας
3277 4938 3343 4993 ἂν
3383 4938 3640 5008 ὲκδοίητε

2047 5035 2175 5097 τοὺς
2211 5032 2534 5102 ὑμετέρους,
2579 5031 2672 5082 καὶ
2719 5029 2857 5099 ὑπὲρ
2905 5026 3188 5098 ὀρχηστῶν
3229 5024 3322 5077 καὶ
3351 5021 3526 5085 αὐτὰς
3562 5023 3640 5076 ἀν

2050 5113 2305 5186 πρόοισθε
2329 5114 2425 5173 τὰς
2447 5112 2628 5182 ψυχάς
2648 5127 2661 5140 ⁸
2698 5111 2840 5180 ὑπὲρ
2859 5111 2914 5164 δὲ
2935 5109 3029 5163 τοῦ
3048 5107 3285 5180 Χριστοῦ
3313 5105 3634 5169 πεινῶντος,

2048 5199 2171 5252 οὐδὲ
2192 5198 2252 5250 τὸ
2285 5195 2576 5249 πολλοστὸν
2609 5194 2708 5262 τῆς
2751 5193 2940 5257 οὐσίας
2975 5191 3232 5262 προΐεσθε
3264 5191 3448 5262 μέρος·
3488 5187 3648 5243 ma-

2047 5280 2113 5335 ἂν
2145 5282 2326 5349 ὀλίγον
2354 5279 2491 5333 δῶτε
2536 5277 2822 5348 ἀργύριον,
2869 5276 2943 5340 ὡς
2989 5275 3052 5327 τὸ
3104 5277 3211 5328 πᾶν
3257 5272 3640 5335 ἐκτετικότες,

2047 5365 2188 5418 οὓτω
2215 5362 2513 5425 διάκεισθε,
2555 5362 2655 5414 οὐκ
2695 5360 2896 5424 εἰδότες
2929 5360 3012 5412 ὅτι
3055 5357 3115 5410 οὐ
3150 5357 3210 5410 τὸ
3243 5355 3444 5420 δοῦναι,
3488 5354 3636 5407 ἀλλά

2047 5447 2110 5501 τὸ
2173 5445 2312 5516 μετὰ
2361 5443 2642 5514 δαψιλείας
2697 5443 2914 5508 δοῦναι,
2971 5440 3128 5494 τοῦτο
3191 5439 3424 5510 μάλιστά
3477 5440 3636 5491 ἐστιν

2049 5529 2408 5600 ἐλεημοσύνη.
2458 5527 2556 5582 Διά
2585 5528 2742 5580 τοῦτο
2781 5526 2873 5579 καὶ
2920 5527 2948 5579 ὀ
2991 5525 3282 5596 προφήτης
3306 5523 3364 5575 οὐ
3395 5522 3523 5583 τοὺς
3551 5520 3636 5574 δι-

2046 5614 2237 5676 δόντας
2262 5612 2448 5676 ἀπλῶς
2479 5611 2840 5682 ἀνακηρύττει
2870 5609 2963 5662 καὶ
2997 5606 3306 5678 μακαρίζει,
3340 5604 3472 5658 ἀλλά
3502 5605 3636 5666 τοὺς

2050 5697 2300 5767 ἀφθόνως
2330 5696 2688 5766 παρέχοντας.
2715 5694 2790 5746 Οὐ
2820 5693 2932 5764 γὰρ
2955 5690 3140 5754 ἀπλῶς
3173 5684 3345 5753 εἶπεν,
3360 5685 3633 5767 Ἔδωκεν,

2049 5766 2190 5836 ἀλλά
2230 5779 2382 5845 πῶς;
2424 5779 2837 5847 Ἐσκόρπισεν,
2885 5774 3070 5828 ἔδωκε
3119 5771 3246 5836 τοῖς
3290 5767 3534 5832 πένησι.
3560 5766 3636 5818 Τί

2052 5865 2162 5929 γὰρ
2187 5861 2397 5929 ὄφελος,
2433 5860 2560 5918 ὅταν
2587 5860 2830 5918 πλουτῶν
2871 5857 3126 5914 τοσοῦτον
3157 5855 3296 5929 δῷς,
3309 5854 3428 5906 ὅσον
3451 5849 3516 5905 ἄν
3540 5864 3634 5912 τις
