3826 6216
196 235 283 293 177
732 236 753 261 ³

190 356 394 409 nitatem
442 354 499 402 et
542 342 797 400 smvitiam
854 350 997 396 tuam
1025 380 1041 407 ,
1100 353 1220 409 quae
1265 336 1567 408 hujusmodi
1617 349 1750 403 opus

188 442 338 500 habet
383 438 564 502 larvis,
614 450 734 507 qua:
780 448 886 489 non
930 431 1164 487 ﬂectitur
1203 429 1269 485 ad
1310 426 1753 483 misericordiam.

187 534 304 604 Quis
328 532 471 588 enim
500 528 635 585 adeo
661 528 826 583 miser
852 534 935 583 est
963 534 1017 581 et
1043 523 1243 589 infelix,
1268 529 1326 576 ut
1349 522 1494 576 nulla
1526 521 1757 575 instante

188 625 498 684 necessitate
522 636 620 692 pro
646 637 754 675 uno
785 634 920 689 pane
945 625 1052 672 tam
1081 615 1332 671 indecore
1356 628 1415 669 se
1442 622 1610 684 gerat,
1639 611 1759 682 pul-

185 726 341 779 setur,
380 723 435 769 et
461 723 636 767 tantas
662 709 920 765 sustineat
957 705 1181 777 pmnas?
1210 704 1355 759 Illius
1386 706 1561 773 itaque
1589 704 1754 756 simu-

184 810 303 865 latio
345 806 534 861 circuit
578 804 1019 860 inhumanitatem
1060 808 1204 854 tuam
1251 798 1569 868 prtedicans.
1621 796 1756 861 Quia

182 899 316 953 enim
345 896 681 966 supplicans,
712 894 1001 947 obsecrans
1020 932 1035 956 ,
1065 899 1119 945 et
1144 888 1469 944 miserabilia
1504 889 1755 943 emittens

180 988 357 1054 verba,
388 988 705 1049 lamentans,
740 984 1041 1054 lacrymans
1071 990 1127 1036 et
1153 994 1247 1051 per
1273 988 1436 1035 totam
1473 978 1613 1034 diem
1650 978 1753 1031 cir-

179 1082 433 1145 cumiens,
463 1094 532 1134 ne
558 1077 917 1133 necessarium
945 1074 1159 1144 quidem
1188 1074 1390 1126 invenit
1417 1072 1749 1133 alimentum,

177 1174 312 1228 hanc
346 1171 570 1224 fortasse
602 1168 850 1222 technam
880 1164 1230 1233 excogitavit,
1262 1178 1381 1232 qua:
1412 1177 1517 1215 non
1549 1170 1749 1213 tantum

175 1266 267 1330 illi,
309 1271 565 1335 quantum
609 1260 700 1315 tibi
741 1258 894 1313 affert
939 1258 1170 1312 dedecus
1207 1264 1262 1310 et
1298 1254 1571 1323 probrum.
1610 1253 1752 1306 Illius

172 1357 310 1412 enim
341 1364 397 1409 ut
434 1354 782 1407 misereamus
822 1365 1032 1419 :eqnum
1062 1356 1161 1411 est,
1193 1346 1313 1417 quia
1344 1346 1396 1399 in
1429 1352 1626 1398 tantam
1661 1359 1747 1397 re-

172 1448 357 1503 dactus
386 1454 468 1500 est
514 1442 886 1499 necessitatem
922 1457 935 1494 :
967 1455 1066 1495 nos
1112 1453 1239 1493 vero
1283 1437 1431 1493 mille
1476 1435 1749 1506 suppliciis

170 1537 309 1607 digni
334 1578 349 1600 ,
379 1535 497 1605 quia
531 1546 791 1603 pauperes
819 1531 884 1585 ad
919 1531 1032 1584 haec
1061 1529 1297 1584 facienda
1326 1526 1584 1597 cogimus.
1614 1525 1744 1579 Nam

168 1628 210 1684 si
239 1626 397 1681 facile
420 1625 777 1688 ﬂecteremur,
808 1637 1093 1692 numquam
1123 1621 1212 1674 ille
1240 1619 1401 1673 vellet
1433 1618 1554 1672 talia
1582 1616 1746 1671 susti-

164 1733 314 1773 nere.
351 1717 415 1769 Et
459 1715 585 1785 quid
631 1717 753 1768 dico
795 1713 1086 1768 nuditatem
1130 1720 1184 1767 et
1227 1708 1547 1765 tremorem?
1582 1702 1743 1773 Quod

164 1809 304 1864 enim
336 1808 494 1877 longe
520 1805 829 1860 horribilius
859 1814 941 1859 est
966 1804 1137 1859 dicam
1162 1820 1176 1857 :
1201 1802 1370 1857 coacti
1392 1800 1743 1871 suntquidam

159 1900 300 1953 ﬁlios
346 1912 624 1953 exctecare
664 1906 821 1951 (etate
865 1897 1177 1950 immaturos
1200 1934 1216 1960 ,
1248 1902 1306 1947 ut
1334 1894 1384 1946 in
1417 1900 1575 1945 tantae
1604 1891 1742 1945 cala-

157 1990 366 2045 mitatis
410 2003 627 2044 sensum
674 1988 1002 2043 veniremus.
1052 1987 1183 2052 Quia
1227 1984 1366 2038 enim
1408 1983 1649 2037 videntes
1690 1991 1745 2036 et

152 2081 285 2136 nudi
316 2080 732 2143 circumeuntes,
765 2093 937 2147 neque
961 2092 1028 2130 ex
1059 2084 1213 2130 aetate
1242 2090 1415 2144 neque
1443 2090 1506 2128 ex
1528 2074 1744 2128 calami-

151 2180 265 2226 tate
294 2169 749 2224 immisericordes
776 2168 1132 2234 attrahebant,
1163 2176 1239 2220 tot
1261 2167 1417 2219 malis
1441 2166 1596 2219 aliam
1622 2180 1743 2234 gra-

150 2262 368 2315 viorem
402 2259 712 2330 tragmdiam
740 2259 1098 2324 addiderunt,
1136 2266 1193 2312 ut
1218 2258 1411 2311 famem
1451 2257 1737 2321 sedarent;

144 2345 327 2400 levius
358 2358 479 2399 esse
508 2344 876 2399 existimantes
904 2342 1005 2397 hac
1031 2342 1299 2414 communi
1334 2342 1449 2395 luce
1482 2350 1536 2395 et
1562 2342 1743 2394 omni-

140 2435 249 2489 bus
280 2447 545 2488 concesso
568 2433 720 2487 radio
749 2433 965 2502 privari,
992 2448 1151 2502 quam
1173 2447 1292 2487 cum
1319 2439 1572 2500 perpetua
1601 2430 1739 2486 fame

136 2526 337 2580 luctari
372 2533 427 2580 et
446 2532 670 2580 mortem
692 2524 874 2579 subire
899 2524 1275 2579 miserrimam.
1305 2521 1437 2589 Quia
1467 2523 1608 2577 enim
1632 2536 1737 2577 non

136 2617 418 2672 didicistis
445 2617 685 2672 misereri
715 2618 1064 2686 paupertatis,
1096 2616 1188 2672 sed
1220 2615 1609 2670 calamitatibus
1637 2614 1735 2668 de-

130 2709 335 2765 lectari
360 2750 377 2773 ,
412 2709 767 2764 insatiabilem
809 2717 1041 2763 vestram
1081 2708 1307 2778 implent
1348 2706 1692 2777 cupiditatem
1717 2746 1733 2772 ,

129 2810 187 2855 et
241 2801 355 2854 sibi
408 2808 464 2854 et
512 2800 664 2855 vobis
714 2800 955 2869 gehenna
1018 2800 1318 2870 graviorem
1387 2798 1737 2853 incendentes

123 2891 445 2947 flammam.
481 2891 548 2945 Et
578 2902 634 2946 ut
662 2891 903 2958 discatis,
930 2892 1044 2946 inec
1070 2900 1124 2946 et
1148 2892 1342 2945 similia
1374 2890 1494 2945 ideo
1521 2891 1732 2945 contin-

121 2999 301 3055 gere,
336 2993 710 3054 argumentum
737 2984 888 3038 vobis
914 2984 1180 3054 proferam
1221 2984 1365 3053 quod
1405 2983 1455 3037 in
1488 2982 1736 3038 confesso

119 3077 200 3131 sit
226 3117 244 3139 ,
290 3075 388 3129 cui
419 3088 579 3129 nemo
605 3056 958 3129 contradicet':
990 3073 1124 3129 Sunt
1165 3074 1256 3127 alii
1288 3087 1551 3143 pauperes
1589 3072 1736 3125 leves

116 3169 437 3238 animoque
464 3166 610 3232 elati,
639 3166 727 3236 qui
759 3167 950 3220 famem
978 3165 1120 3221 ferre
1146 3165 1404 3231 nesciunt,
1431 3164 1525 3219 sed
1554 3163 1733 3218 omnia

112 3258 321 3327 potius
364 3272 524 3326 quam
556 3256 658 3310 hoc
682 3257 972 3324 patiuntur.
1002 3255 1068 3309 lli
1097 3270 1241 3325 saepe
1282 3269 1373 3309 vos
1414 3253 1735 3308 miserabili-

116 3350 230 3404 bus
261 3358 326 3403 et
376 3347 616 3418 gestibus
662 3358 715 3402 et
743 3347 921 3401 verbis
949 3346 1240 3408 adeuntes,
1274 3360 1395 3399 cum
1425 3343 1556 3397 nihil
1596 3358 1730 3398 con-

106 3439 355 3509 sequuti
401 3446 602 3502 essent,
652 3437 831 3491 missis
874 3435 1373 3505 supplicationibus,
1434 3433 1731 3502 praestigia-

106 3539 277 3585 tores
324 3530 554 3585 demum
601 3529 758 3598 longe
786 3538 931 3583 retro
975 3526 1339 3597 reliquerunt;
1383 3528 1470 3581 alii
1516 3526 1729 3596 quidem

98 3620 473 3676 mandentes
517 3620 663 3675 coria
689 3619 1006 3674 detritorum
1037 3618 1342 3672 calceorum
1369 3659 1383 3683 ,
1416 3617 1504 3669 alii
1546 3624 1731 3669 acutos

99 3714 324 3767 clavos
356 3712 415 3766 in
444 3719 606 3780 caput
632 3710 934 3780 inﬁgentes,
982 3709 1072 3763 alii
1118 3718 1296 3762 autem
1346 3709 1397 3761 in
1430 3708 1580 3776 aquis
1608 3706 1729 3775 gelu

95 3805 421 3861 concretis
467 3803 612 3858 nudo
664 3812 852 3858 ventre
878 3803 1264 3865 immorantes;
1309 3799 1396 3853 alii
1441 3807 1617 3851 autem
1648 3797 1730 3851 his

92 3894 465 3949 absurdiora
493 3902 547 3947 et
592 3893 868 3947 acerbiora
911 3890 1271 3956 sustinentes,
1320 3898 1379 3943 ut
1428 3888 1730 3957 improbum

89 3986 443 4042 exhibeant
474 3983 857 4053 spectaculum.

170 4078 239 4130 6.
290 4075 394 4130 Tu
426 4082 605 4129 autem
640 4073 764 4127 dum
794 4072 909 4126 haec
950 4070 1086 4125 ﬁunt
1112 4078 1225 4147 stas
1255 4070 1439 4125 ridens
1467 4078 1523 4125 et
1557 4070 1731 4125 admi-
1769 4106 1783 4121 ς

42 4172 45 4177 ³
82 4182 267 4232 rans,
310 4175 384 4219 et
411 4165 479 4219 de
516 4165 748 4218 aliorum
794 4162 951 4216 malis
980 4176 1080 4216 ceu
1107 4176 1355 4231 pompam
1385 4178 1570 4231 agens,
1601 4162 1730 4217 dum

77 4256 454 4313 communis
475 4263 665 4309 natura
689 4253 952 4309 dedecore
972 4252 1220 4307 afficitur.
1258 4252 1323 4306 Et
1349 4252 1475 4321 quid
1503 4253 1732 4322 amplius

76 4350 336 4403 faceret
376 4346 630 4400 immanis
664 4344 920 4398 daemon?
949 4342 1151 4398 Deinde
1196 4351 1256 4398 ut
1291 4346 1589 4413 promptius
1617 4344 1732 4400 haec

72 4440 304 4503 faciat,
342 4436 642 4506 largiorem
674 4434 949 4503 pecuniam
994 4447 1205 4503 erogas.
1236 4434 1302 4488 Et
1323 4434 1372 4488 ei
1402 4433 1616 4503 quidem
1642 4436 1730 4505 qui

70 4540 420 4602 precatur,
448 4527 617 4583 Deum
657 4527 887 4591 invocat,
923 4524 1234 4596 placideque
1277 4526 1505 4592 accedit,
1554 4542 1620 4582 ne
1649 4543 1734 4582 re-

64 4623 422 4694 spondere
464 4618 682 4688 quidem
722 4617 960 4687 dignaris
1005 4631 1179 4685 neque
1232 4617 1500 4685 respicere
1547 4616 1731 4683 illum;

65 4718 205 4770 imo
259 4714 462 4769 etiam
506 4711 730 4766 molesta
758 4711 811 4766 in
853 4711 1001 4765 illum
1036 4710 1195 4765 verba
1239 4709 1489 4775 eﬂ'undis,
1523 4709 1736 4779 quando

58 4810 460 4879 frequenter
511 4805 604 4859 tibi
659 4804 997 4875 importunus
1044 4802 1476 4859 estzllunccine
1525 4812 1738 4872 oportet

57 4902 300 4953 vivere
323 4898 358 4949 ?
403 4896 665 4951 hunccine
695 4900 986 4966 respirare,
1015 4904 1108 4950 aut
1136 4895 1277 4950 hunc
1316 4894 1485 4949 solem
1514 4895 1738 4950 videre?

52 5007 217 5062 erga
264 4990 431 5043 illus
455 4997 631 5043 autem
661 4990 815 5043 laetus
853 5003 913 5044 es
942 4997 996 5043 et
1024 4988 1281 5052 liberalis,
1312 4996 1497 5058 utpote
1534 4989 1624 5058 qui
1664 4989 1738 5043 sis

51 5100 183 5138 ceu
245 5080 620 5152 agonotheta
664 5079 878 5150 quidam
924 5080 1066 5135 illius
1109 5080 1349 5135 ridiculae
1394 5090 1451 5135 et
1487 5081 1740 5135 satanicte

49 5171 521 5246 turpitudinis.
564 5172 922 5240 Quamobrem
970 5172 1350 5241 congruentius
1378 5171 1461 5237 iis,
1503 5173 1591 5241 qui
1625 5170 1743 5225 htcc

48 5272 463 5339 proponunt
500 5264 814 5331 certamina,
861 5274 916 5319 et
945 5263 1077 5317 nihil
1109 5262 1361 5317 omittunt
1390 5262 1565 5317 donec
1605 5263 1741 5316 alios

41 5358 380 5415 viderint
432 5354 571 5408 male
596 5352 755 5420 afﬁci,
791 5355 917 5408 talia
948 5352 1110 5408 verba
1137 5353 1445 5408 dicerentur
1471 5375 1484 5409 :
1508 5353 1741 5410 Hoscine

39 5454 327 5515 vivere,
374 5447 610 5500 omnino
640 5447 946 5518 respirare?
975 5449 1115 5502 hunc
1140 5447 1305 5501 solem
1335 5448 1537 5515 videre,
1566 5450 1654 5520 qui
1687 5450 1742 5504 in

38 5562 283 5601 comm
299 5551 501 5593 uitem
523 5536 838 5609 delinquunt
857 5547 1126 5607 naturam,
1152 5548 1203 5593 et
1230 5538 1396 5593 Deum
1418 5539 1742 5596 contumelia

38 5636 391 5693 afﬁciunt
414 5629 443 5682 ?
468 5628 533 5685 Et
564 5644 689 5685 cum
731 5632 871 5687 Deus
895 5630 1038 5686 dicat
1062 5646 1077 5683 :
1119 5629 1196 5684 Da
1223 5628 1644 5701 elecmosynam,
1688 5643 1743 5688 et

1205 218 1269 278 IN
1309 218 1528 277 EPIST.
1572 208 1590 270 I
1654 209 1745 270 AD
1780 211 1939 270 (ΞΟΠ.
1980 208 2209 269 HOMIL.
2252 213 2396 270 XXI.

3352 221 3453 280 178

1866 329 1937 386 do
1967 330 2059 386 tibi
2091 346 2311 403 regnum
2342 332 2633 393 ctelorum:
2681 347 2788 388 non
2829 334 3024 390 audisti
3056 354 3070 390 :
3098 336 3315 394 diabolo
3359 358 3453 398 au-

1868 433 1972 479 tem
2002 424 2316 480 ostendente
2340 434 2500 495 caput
2523 426 2690 481 clavis
2715 425 3010 494 conﬁxum,
3043 429 3222 483 statim
3251 431 3450 486 libera-

1864 515 1931 571 lis
1956 516 2176 572 eﬂectus
2200 532 2261 574 es
2287 534 2301 572 :
2335 518 2610 588 magisque
2640 528 2691 573 te
2712 517 2918 574 inﬂexit
2944 520 3163 589 maligni
3188 521 3451 577 daemonis

1863 609 2131 675 machina,
2164 618 2365 664 tantum
2416 610 2651 665 inferens
2692 610 2967 673 damnum,
2997 628 3156 681 quam
3196 610 3291 668 Dei
3323 630 3449 684 pro-

1863 700 2046 754 missio
2064 701 2227 755 millia
2254 700 2486 756 aﬂ'erens
2508 703 2668 757 bona.
2700 700 2833 757 Cum
2861 705 3207 773 oportuisset,
3232 707 3446 761 etiamsi

1861 805 2050 845 aurum
2076 808 2359 847 numerare
2402 802 2696 864 Oporteret,
2744 804 2803 849 ut
2832 796 2950 850 haec
2989 811 3097 849 non
3127 797 3318 853 ﬁerent
3345 814 3444 855 nec

1860 879 1996 934 facta
2026 892 2415 951 spectarentur,
2450 885 2577 939 nihil
2620 902 2723 939 non
2751 902 2911 956 agere
2955 896 3010 942 et
3045 888 3172 956 pati,
3205 898 3265 944 ut
3295 902 3439 946 tanta

1860 970 1948 1026 illa
1981 973 2256 1029 tolleretur
2289 975 2530 1040 insania;
2564 990 2659 1029 vos
2686 985 2883 1040 autem,
2918 986 2975 1031 ut
3002 987 3057 1032 et
3080 978 3210 1033 ﬁant
3230 992 3283 1033 et
3306 980 3441 1037 facta

1859 1063 2158 1131 videantur,
2204 1067 2335 1119 nihil
2382 1083 2489 1121 non
2539 1067 2694 1137 agitis
2731 1077 2785 1122 et
2831 1070 3149 1137 Operamini.
3181 1071 3441 1128 Adhucne

1859 1154 2176 1225 interrogas,
2205 1156 2292 1210 dic
2322 1156 2472 1223 mihi,
2507 1172 2604 1210 cur
2631 1157 2700 1211 sit
2727 1157 3014 1227 gehenna?
3041 1161 3106 1213 At
3138 1176 3204 1215 ne
3233 1161 3335 1216 hoc
3362 1163 3442 1216 ul-

1858 1255 1936 1298 tra
1968 1246 2285 1316 interroges,
2317 1248 2410 1302 sed
2432 1264 2527 1303 cur
2550 1265 2649 1302 una
2676 1258 2879 1303 tantum
2913 1252 2982 1305 sit
3009 1253 3272 1320 gehenna.
3299 1254 3441 1321 Quot

1854 1335 1997 1389 enim
2031 1351 2137 1391 non
2170 1347 2294 1390 sunt
2320 1339 2592 1406 suppliciis
2620 1339 2762 1407 digni
2790 1340 2864 1404 hi,
2898 1341 2985 1410 qui
3016 1350 3120 1395 tam
3151 1343 3365 1398 crudele
3383 1353 3439 1399 et

1854 1425 2199 1481 inhumanum
2245 1431 2571 1483 constituant
2616 1432 2999 1499 spectaculum,
3046 1434 3325 1504 ridentque
3369 1437 3437 1490 de

1852 1517 1939 1583 iis,
1972 1519 2040 1573 de
2066 1520 2257 1588 quibus
2281 1522 2461 1589 lugere
2482 1532 2535 1575 et
2561 1524 2683 1577 illos
2710 1532 2764 1577 et
2792 1539 2887 1577 vos
2914 1536 3208 1593 oporteret,
3237 1529 3435 1597 magis-

1851 1622 1954 1677 que
1980 1624 2073 1663 vos
2104 1610 2195 1679 qui
2225 1611 2290 1663 ad
2324 1620 2427 1664 tam
2457 1612 2707 1667 indecore
2736 1615 3001 1684 agendum
3042 1617 3270 1687 cogitis?
3303 1620 3431 1685 Sed,

1850 1701 2081 1770 inquies,
2125 1716 2228 1756 non
2265 1717 2421 1772 cogo.
2453 1705 2755 1769 Quomodo,
2800 1721 2983 1775 qna-so
3021 1718 3091 1772 te,
3127 1724 3232 1762 non
3263 1712 3430 1780 cogis,

1849 1792 1936 1860 qui
1969 1792 2383 1847 modestioribus
2405 1804 2459 1847 et
2484 1794 2733 1848 ﬂentibus
2770 1811 2831 1850 ac
2862 1797 3029 1851 Deum
3063 1799 3434 1857 invocantibus

1849 1899 1917 1937 ne
1964 1900 2149 1938 aurem
2179 1885 2392 1953 quidem
2440 1888 2681 1955 pra-bere
2710 1887 2879 1953 velis;
2923 1889 3008 1943 his
3057 1907 3184 1945 vero
3216 1894 3434 1962 largiter

1850 1976 2128 2041 pecuniam
2152 1990 2362 2045 erogas,
2391 1984 2445 2031 et
2487 1979 2684 2032 multos
2713 1979 2940 2033 advocas
2972 1981 3297 2038 admirantes
3316 1988 3340 2037 '!
3366 1986 3434 2040 Et

1846 2067 2181 2131 recedamus,
2217 2069 2448 2139 inquies,
2481 2085 2668 2124 eorum
2701 2072 3038 2126 miserentes.
3073 2074 3302 2139 EtJune
3330 2076 3432 2131 hoc

1841 2161 2038 2231 jubes?
2062 2160 2178 2215 Non
2206 2169 2288 2216 est
2320 2162 2419 2235 hoc
2447 2162 2711 2225 misereri,
2745 2179 2777 2216 ο
2803 2162 2982 2228 homo,
3018 2174 3189 2220 tantas
3216 2168 3431 2236 exigere

1845 2268 2034 2324 pmnas
2053 2269 2150 2323 pro
2175 2254 2383 2309 duobus
2408 2254 2601 2317 obolis,
2646 2258 2937 2324 praecipere
2973 2265 3030 2310 ut
3056 2273 3151 2325 pro
3182 2273 3431 2313 necessa-

1845 2345 1926 2398 rio
1955 2345 2075 2399 cibo
2096 2360 2213 2399 sese
2245 2345 2497 2408 lacerent,
2527 2356 2580 2399 et
2600 2347 2789 2416 capitis
2821 2356 2996 2401 cutem
3028 2357 3132 2400 tam
3161 2349 3353 2403 acerbe
3374 2358 3430 2405 et

1843 2435 2220 2490 miserabiliter
2244 2436 2296 2490 in
2321 2437 2514 2490 multas
2537 2448 2714 2505 partes
2742 2438 3031 2493 dissecent.
3060 2439 3206 2493 Bona
3238 2442 3423 2506 verba,

1843 2523 2080 2594 inquies;
2126 2541 2297 2596 neque
2338 2528 2479 2580 enim
2526 2542 2625 2581 nos
2655 2528 2827 2597 capita
2873 2529 3039 2583 clavis
3086 2530 3423 2600 conﬁgimus.

1841 2612 2057 2668 Utinam
2093 2624 2147 2669 tu
2181 2618 2407 2683 faceres,
2440 2626 2494 2671 et
2522 2632 2609 2671 res
2638 2633 2741 2671 non
2769 2626 2875 2671 tam
2900 2620 3076 2686 gravis
3107 2631 3268 2675 esset.
3292 2621 3426 2676 Nam

1839 2707 1930 2776 qui
1960 2709 2261 2778 quempiam
2289 2708 2557 2773 interﬁcit,
2590 2710 2757 2763 multo
2784 2712 2997 2780 gravius
3025 2710 3169 2777 facit,
3198 2728 3356 2782 quam
3381 2714 3426 2766 is

1839 2798 1928 2867 qui
1957 2799 2192 2867 seipsum
2216 2798 2368 2868 jubet
2393 2800 2717 2854 interﬁcere.
2745 2799 2899 2865 Quod
2924 2802 3084 2856 etiam
3131 2802 3184 2856 in
3210 2803 3296 2857 his
3325 2819 3425 2857 usu

1841 2890 2026 2943 venit:
2056 2890 2360 2944 acerbiores
2410 2891 2551 2944 enim
2592 2892 2857 2945 sustinent
2905 2892 3158 2957 dolores,
3204 2896 3420 2964 quando

1839 2994 1930 3033 sua
1976 2996 2135 3034 manu
2161 2981 2415 3049 jubentur
2445 2981 2560 3036 hrec
2583 2983 2721 3037 male
2747 2983 2897 3052 jussa
2942 2986 3195 3053 exsequi;
3225 2997 3279 3041 et
3307 2987 3422 3042 hate

1838 3071 2156 3137 Antiochiae,
2192 3074 2277 3127 ubi
2307 3075 2535 3141 primum
2567 3075 2818 3143 appellati
2864 3085 2987 3127 sunt
3014 3072 3324 3143 Christiani,
3366 3079 3417 3132 in

1837 3180 1939 3235 qua
1971 3166 2380 3220 fuere'omnium
2420 3166 2691 3220 hominum
2722 3168 3006 3235 mitissimi,
3062 3169 3111 3222 in
3144 3185 3245 3238 qua
3286 3171 3417 3225 olim

1836 3257 2049 3327 vigebat
2090 3274 2314 3328 magnus
2364 3260 2727 3328 eleemosyna:
2773 3258 2996 3313 fructus.
3042 3259 3226 3328 Neque
3277 3262 3419 3315 enim

1838 3348 2191 3416 praesentibus
2219 3356 2445 3412 tantum,
2475 3348 2569 3403 sed
2597 3351 2756 3403 etiam
2780 3350 2843 3403 iis
2870 3350 2959 3419 qui
2990 3352 3170 3419 procul
3197 3351 3422 3407 aberant

1836 3440 2142 3506 mittebant,
2163 3440 2319 3509 idque
2339 3440 2464 3495 dum
2485 3442 2651 3495 fames
2670 3452 3089 3510 exspectaretur.
3108 3443 3245 3510 Quid
3267 3460 3415 3513 ergo,

1836 3529 2066 3600 inquies,
2094 3530 2424 3585 faciendum?
2454 3531 2602 3586 Hanc
2624 3530 2886 3586 feritatem
2913 3533 3212 3597 demittere,
3236 3535 3421 3603 egenis

1835 3634 1965 3674 vero
1995 3620 2242 3674 omnibus
2272 3622 2504 3686 edicere,
2538 3622 2584 3675 si
2611 3621 2724 3675 haec
2755 3622 2967 3684 faciant,
2997 3622 3128 3676 nihil
3170 3634 3414 3692 acceptu-

1836 3725 1927 3764 ros
1954 3711 2073 3764 illos
2096 3726 2216 3765 esse
2234 3728 2249 3776 ;
2266 3713 2323 3764 si
2350 3728 2475 3764 vero
2506 3712 2746 3766 modeste
2768 3711 3044 3776 accedant,
3078 3728 3264 3782 magna
3288 3712 3421 3768 frui-

1840 3811 1989 3856 turos
2013 3803 2276 3872 largitate.
2298 3802 2351 3857 Si
2371 3818 2529 3871 porro
2545 3805 2647 3857 hoc
2664 3802 2924 3865 ediscant,
2952 3804 3161 3858 etiamsi
3178 3788 3418 3858 omnium

1836 3893 2124 3947 miserrimi
2154 3892 2369 3955 fuerint,
2405 3908 2691 3962 numquam
2736 3908 2802 3947 eo
2831 3893 3148 3948 inducentur
3176 3903 3233 3948 ut
3256 3909 3315 3948 se
3341 3895 3421 3950 sic

1837 3985 2059 4050 lanient,
2086 3999 2186 4054 ego
2226 3984 2510 4054 polliceor;
2553 3985 2646 4038 sed
2692 3985 2852 4039 etiam
2885 3986 3035 4039 vobis
3061 3987 3283 4055 gratiam
3318 3986 3417 4040 ha-

1836 4075 2056 4140 bebunt,
2088 4074 2230 4145 quod
2256 4074 2376 4129 illos
2400 4075 2469 4128 ab
2497 4075 2742 4130 irrisione
2771 4084 2826 4130 et
2852 4075 3040 4131 dolore
3071 4077 3159 4130 tali
3188 4078 3408 4147 eripue-

1836 4165 1974 4220 ritis.
3004 4169 3008 4173 ’

1910 4255 2244 4327 Eleemosyna
2274 4257 2480 4329 largiter
2499 4256 2691 4311 danda.
2717 4256 3043 4312 Antiochcme
3081 4257 3306 4312 ecclesiis
3340 4274 3421 4311 re-

1837 4347 1974 4401 ditus
2016 4348 2069 4400 in
2109 4363 2356 4417 pauperes
2388 4346 2554 4414 eﬂ'usi.
2588 4375 2658 4387 —
2685 4346 2836 4402 Nunc
2880 4356 3057 4401 autem
3090 4362 3188 4415 pro
3214 4347 3415 4416 aurigis

1838 4438 1998 4491 etiam
2018 4436 2159 4491 ﬁlios
2179 4438 2503 4504 obtuleritis,
2527 4447 2579 4491 et
2602 4453 2702 4507 pro
2730 4437 3073 4492 saltatorihus
3093 4438 3253 4490 etiam
3278 4436 3420 4505 ipsas

1842 4525 2182 4596 profuderitis
2235 4527 2476 4592 animas;
2511 4541 2607 4596 pro
2656 4527 2870 4582 Christo
2914 4535 3096 4582 autem
3146 4527 3457 4581 esuriente‘

1841 4633 1910 4673 ne
1952 4616 2227 4671 minimam
2276 4617 2491 4687 quidem
2532 4616 2843 4672 facultatum
2873 4627 3079 4689 partem
3128 4615 3420 4681 dederitis;

1841 4709 1934 4764 sed
1964 4710 2008 4765 si
2040 4710 2303 4764 tantillum
2330 4712 2535 4780 argenti
2566 4710 2724 4776 detis,
2771 4724 2834 4764 ac
2862 4711 2904 4764 si
2932 4718 3097 4763 totum
3128 4708 3421 4775 solveritis,

1842 4802 1923 4857 sic
1946 4801 2117 4857 aﬂ‘ecti
2147 4801 2296 4870 estis,
2331 4802 2649 4865 nescientes,
2683 4800 2824 4873 quod
2856 4817 2963 4856 non
2994 4801 3144 4867 dare,
3174 4800 3268 4855 sed
3298 4814 3419 4855 cum
3487 4869 3491 4872 ’

1843 4892 2089 4964 largitate
2126 4893 2275 4959 dare,
2329 4894 2454 4947 illud
2501 4893 2731 4947 maxime
2774 4901 2856 4947 est
2897 4892 3261 4961 eleemosyna.
3296 4891 3425 4946 Ideo

1844 4984 2101 5054 pr0pheta
2133 5000 2236 5038 non
2267 4998 2361 5039 eos
2388 4985 2477 5054 qui
2507 4985 2678 5038 solum
2708 4983 2837 5038 dant
2869 4982 3123 5054 praedicat
3158 4991 3213 5038 et
3235 4982 3422 5037 beatos

1845 5074 1989 5140 dicit,
2033 5074 2125 5129 sed
2172 5089 2265 5129 eos
2303 5075 2394 5145 qui
2440 5074 2659 5143 largiter
2695 5074 2842 5130 dant.
2890 5074 3006 5129 Non
3050 5074 3221 5128 solum
3281 5075 3423 5130 enim

1845 5165 1998 5229 dixit,
2029 5165 2217 5230 Dedit;
2250 5165 2342 5221 sed
2374 5165 2686 5235 quomodo?
2713 5166 2983 5237 Dispersit,
3015 5165 3151 5219 dedit
3183 5166 3427 5237 pauperi-

1848 5261 1938 5314 bus
1976 5259 2145 5328 (Psal.
2181 5260 2302 5314 111.
2328 5260 2405 5330 9).
2437 5259 2572 5326 Quid
2602 5260 2743 5314 enim
2774 5259 3008 5329 prodest,
3042 5258 3088 5313 si
3128 5274 3191 5314 ex
3228 5258 3427 5312 divitiis

1850 5361 2050 5408 tantum
2077 5350 2314 5418 dederis,
2344 5361 2597 5422 quantum
2620 5351 2826 5407 dederit
2846 5351 3108 5421 quispiam
3136 5350 3279 5405 verbi
3305 5364 3427 5420 gra-

1848 5446 1921 5501 tia
1965 5461 2033 5501 ex
2073 5445 2204 5499 mari
2251 5445 2543 5516 cyathum;
2569 5459 2745 5515 neque
2790 5444 2960 5498 viduae
3010 5441 3427 5513 magnitudinem

1849 5538 2013 5594 animi
2051 5538 2330 5593 aemulatus
2370 5536 2571 5593 fueris?
2608 5536 2879 5609 quomodo
2923 5535 3144 5601 dixeris,
3191 5534 3425 5599 Domine,

1849 5635 2088 5689 miserere
2112 5635 2209 5688 mei
2242 5632 2521 5689 secundum
2565 5648 2799 5703 magnam
2844 5627 3241 5683 misericordiam
3266 5634 3427 5692 luam,
