3826 6216
400 220 503 276 Π9

403 347 450 388 et
479 331 754 388 secundum
794 329 1169 385 multitudinem
1207 329 1585 382 miserationum
1628 335 1830 378 tuarum
1867 324 1979 377 dele

403 425 717 494 iniquitatem
759 436 924 475 meam
975 419 1148 490 (Psal.
1189 418 1278 474 50.
1307 419 1401 487 5);
1432 431 1554 472 cum
1594 415 1708 486 ipse
1755 429 1864 469 non
1890 427 1980 468 se-

399 513 632 568 cundum
661 526 905 582 magnam
935 510 1358 566 misericordiam
1385 505 1722 572 miserearis;
1751 506 1859 560 imo
1876 504 1983 559 for-

401 604 559 656 tassis
617 617 790 671 neque
833 600 1124 655 secundum
1181 597 1432 668 parvam?
1487 596 1656 651 Valde
1709 596 1851 649 enim
1897 608 1982 649 me

403 690 588 760 pudet,
627 705 748 745 cum
778 689 931 744 video
973 688 1166 742 divites
1212 686 1408 741 multos
1447 685 1598 754 equis
1625 685 1775 739 freno
1819 696 1983 737 aureo

404 781 677 834 instructis
706 786 910 841 vectos,
942 779 1030 847 qui
1059 791 1240 831 secum
1270 775 1488 830 trahunt
1523 774 1750 828 famulos
1795 784 1982 826 aurum

404 879 699 940 gestantes,
756 878 812 924 et
857 869 1026 923 lectos
1066 867 1266 922 habent
1308 875 1593 936 argenteos
1650 865 1985 932 multumque

406 963 571 1016 alium
608 960 833 1025 fastum;
875 974 996 1014 cum
1032 968 1212 1014 autem
1253 957 1471 1027 pauperi
1517 955 1846 1025 erogandum
1879 963 1980 1018 est,

407 1053 569 1107 etiam
597 1049 751 1106 valde
784 1050 1108 1120 pauperibus
1154 1063 1273 1103 esse
1315 1047 1680 1117 pauperiores.
1721 1044 1826 1098 Sed
1859 1042 1986 1112 quid

407 1153 490 1198 est
515 1141 647 1196 illud
678 1141 822 1211 quod
859 1155 1004 1210 saepe
1033 1138 1256 1194 dicunt?
1285 1136 1477 1204 Habet,
1509 1135 1700 1206 inquit,
1727 1132 1985 1189 Ecclesiae

407 1248 712 1288 commune.
762 1231 832 1285 Et
857 1231 984 1300 quid
1019 1230 1122 1284 hoc
1165 1229 1230 1283 ad
1261 1228 1350 1284 te?
1398 1242 1570 1297 neque
1597 1225 1763 1291 enim,
1815 1225 1858 1278 si
1888 1237 1988 1292 ego

409 1327 631 1390 dedero,
676 1335 733 1380 tu
761 1325 946 1379 salvus
990 1325 1135 1378 eris:
1168 1337 1359 1392 neque,
1403 1321 1448 1374 si
1491 1319 1714 1374 ecclesia
1755 1316 1985 1379 dederit,

417 1427 473 1472 tu
523 1425 737 1486 peccata
789 1425 876 1469 tua
917 1413 1181 1476 delcvisti.
1238 1411 1471 1479 Ideoque
1526 1424 1631 1463 non
1685 1407 1987 1476 das,,quia

411 1509 634 1562 ecclesia
663 1506 792 1560 dare
819 1505 977 1559 debet
1006 1502 1190 1572 egenis
1220 1519 1233 1554 :
1265 1501 1389 1570 quia
1417 1500 1725 1554 sacerdotes
1760 1512 1987 1566 precan-

411 1608 518 1661 tur,
549 1606 601 1649 ιιι
623 1608 909 1664 numquam
935 1602 1246 1662 precaturus
1271 1589 1367 1642 es?
1394 1598 1446 1642 et
1473 1592 1595 1657 quia
1613 1587 1702 1640 alii
1722 1587 1986 1656 jejunant,

413 1698 469 1741 tu
499 1695 756 1756 pcrpeluo
783 1683 963 1737 ebrius
994 1681 1144 1736 eris?
1172 1679 1356 1734 Nescis
1388 1683 1511 1747 quia
1542 1692 1647 1730 non
1673 1676 1740 1729 ita
1773 1685 1990 1744 propter

408 1791 669 1848 pauperes
695 1775 1054 1844 elecmosynte
1083 1773 1255 1841 legem
1286 1771 1465 1839 posuit
1496 1769 1652 1833 Deus,
1696 1777 1750 1821 ut
1772 1776 1992 1836 pr0pter

409 1883 504 1923 eos
537 1871 682 1937 ipsos
703 1869 792 1936 qui
824 1863 1162 1935 largiuntur?
1189 1865 1269 1916 An
1305 1863 1394 1915 tibi
1424 1861 1675 1915 sacerdos
1710 1868 1990 1928 suspectus
2055 1884 2060 1887 ι

411 1960 535 2014 est?
581 1959 676 2012 Est
705 1957 920 2028 quidem
953 1955 1054 2009 hoc
1100 1970 1261 2024 grave
1297 1943 1628 2021 peccatum;
1672 1951 1765 2007 sed
1795 1951 1862 2005 de
1889 1951 1993 2004 hoc

418 2064 524 2104 non
555 2056 800 2102 accurate
833 2045 1118 2114 diSputabo
1146 2062 1158 2097 τ
1190 2055 1406 2114 propter
1438 2053 1488 2098 te
1515 2044 1691 2098 omnia
1721 2043 1900 2107 facito,
1938 2050 1993 2097 et

417 2141 494 2194 sic
515 2139 781 2208 duplicem
822 2137 1125 2205 assequeris
1157 2134 1479 2204 mercedem.
1509 2134 1719 2188 Etenim
1746 2149 1865 2202 qua:
1893 2147 1993 2188 nos

413 2233 482 2288 de
500 2234 836 2301 elcemosyna
857 2228 1103 2292 dicimus,
1132 2242 1234 2282 non
1252 2227 1476 2280 dicimus
1491 2236 1546 2279 ut
1567 2227 1632 2280 ad
1657 2242 1753 2279 nos
1774 2225 1991 2290 offeras,

413 2326 508 2382 sed
538 2336 594 2379 ut
624 2335 676 2378 tu
704 2337 799 2393 per
819 2321 1049 2391 teipsum
1073 2320 1361 2374 ministres.
1386 2319 1517 2373 Nam
1543 2319 1586 2374 si
1620 2318 1748 2371 mihi
1777 2316 1990 2383 offeras,

415 2417 660 2471 fortassis
700 2431 729 2469 a
779 2428 911 2467 vana
950 2412 1118 2482 gloria
1161 2409 1488 2479 corripieris,
1543 2423 1794 2479 saepeque
1832 2409 1992 2462 etiam

417 2508 656 2562 offensus
683 2505 902 2560 recedes
941 2505 1079 2558 mala
1119 2502 1456 2570 suSpicatus:
1487 2499 1532 2553 si
1571 2509 1747 2554 autem
1777 2513 1872 2568 per
1900 2513 1994 2553 vos

418 2601 563 2668 ipsos
591 2599 770 2650 omnia
803 2595 1029 2658 faciatis,
1062 2602 1116 2648 et
1145 2592 1529 2648 offensionibus
1554 2601 1608 2647 et
1632 2592 1877 2646 absurdis
1906 2606 1994 2646 su-

414 2688 739 2761 Spicionibus
767 2687 917 2741 liberi
947 2686 1117 2749 eritis,
1151 2687 1428 2754 majorque
1455 2684 1603 2738 vobis
1635 2699 1841 2738 merces
1871 2684 1992 2738 erit.

490 2781 544 2836 7.
586 2779 701 2835 Non
750 2780 910 2849 igitur
953 2778 1066 2832 lizec
1111 2777 1255 2842 dico,
1287 2785 1344 2831 ut
1380 2778 1485 2830 vim
1519 2777 1666 2830 vobis
1703 2777 1889 2830 faciam
1927 2776 1995 2830 ad

421 2874 675 2943 pecunias
714 2872 818 2927 huc
851 2870 1184 2936 afferendas;
1222 2884 1394 2939 neque
1440 2869 1746 2940 indignatus
1776 2878 1996 2939 propter

413 2963 724 3018 sacerdotes
758 2963 847 3032 qui
876 2962 1011 3015 male
1042 2961 1285 3014 audiunt.
1332 2961 1460 3015 Nam
1506 2962 1550 3014 si
1597 2976 1913 3016 succensere
1943 2971 1998 3016 et

413 3053 596 3107 dolere
622 3060 855 3120 Oportet,
887 3068 981 3122 pro
1013 3053 1161 3106 vobis
1181 3052 1471 3107 dolendum
1499 3062 1581 3108 est
1619 3053 1711 3122 qui
1744 3054 1883 3108 male
1910 3053 1995 3108 di-

415 3144 556 3197 citis.
591 3143 658 3197 lis
691 3145 856 3210 enim,
885 3145 972 3212 qui
1003 3143 1196 3196 frustra
1237 3151 1293 3197 et
1324 3154 1525 3197 temere
1569 3143 1706 3197 male
1748 3143 1995 3210 audiunt,

419 3248 628 3288 merces
658 3233 866 3301 major;
897 3232 1196 3287 dicentibus
1225 3241 1400 3285 autem
1426 3231 1684 3301 judicium
1715 3242 1767 3287 et
1797 3233 2000 3302 suppli-

414 3325 556 3378 cium
585 3325 796 3393 gravius
840 3324 962 3378 crit.
1008 3323 1124 3377 Non
1153 3339 1281 3394 ergo
1311 3339 1404 3391 pro
1436 3324 1542 3378 illis
1573 3323 1688 3378 lucc
1715 3323 1861 3390 dico,
1901 3325 1997 3379 sed

417 3414 558 3484 quod
590 3414 657 3468 de
687 3413 838 3466 vobis
865 3429 1046 3468 curam
1079 3422 1134 3466 et
1173 3413 1588 3468 sollicitudinem
1619 3429 1821 3484 geram.
1863 3415 1997 3482 Quid

417 3506 559 3558 enim
599 3505 812 3568 mirum,
845 3504 889 3557 si
919 3511 1076 3559 aetate
1104 3513 1283 3559 nostra
1313 3505 1527 3574 quidam
1557 3507 1610 3560 in
1640 3506 1998 3575 suspicionem

418 3598 660 3662 veniunt,
707 3611 829 3650 cum
859 3596 1020 3651 etiam
1063 3598 1272 3651 illorum
1304 3606 1544 3668 tempore
1572 3607 1878 3653 sanctorum
1907 3599 1999 3669 qui

419 3689 639 3757 angelos
686 3686 1050 3752 imitabantur,
1083 3689 1172 3757 qui
1219 3689 1349 3742 nihil
1391 3689 1492 3744 sibi
1521 3691 1795 3759 proprium
1825 3692 2000 3760 possi-

419 3777 638 3840 debant,
669 3776 1035 3845 apostolorum
1069 3778 1305 3847 inquam,
1347 3794 1587 3833 murmur
1611 3778 1774 3834 fuerit
1817 3781 1867 3834 in
1902 3782 2001 3836 mi-

421 3870 644 3923 nisterio
691 3869 1009 3932 viduarum,
1063 3871 1205 3938 quod
1256 3871 1657 3940 despicerentur
1696 3889 1997 3942 pauperes,

423 3957 636 4026 quando
662 3973 821 4011 nemo
843 3957 1128 4027 quidquam
1158 3974 1222 4013 ex
1245 3960 1355 4012 suis
1382 3959 1718 4016 facultatibus
1743 3963 1844 4016 sibi
1876 3978 2001 4032 pro-

419 4051 593 4120 prium
616 4064 734 4104 esse
761 4050 987 4116 dicebat,
1016 4049 1109 4104 St'd
1133 4061 1282 4105 erant
1306 4051 1436 4122 ipsis
1452 4054 1627 4107 omnia
1650 4056 1996 4109 communia?

419 4141 498 4196 Ne
528 4141 625 4194 bos
650 4141 981 4210 proferamus
999 4143 1272 4206 obtectus,
1302 4158 1400 4198 nec
1430 4143 1482 4196 in
1509 4143 1871 4200 defensionem
1906 4160 2002 4199 no-

420 4242 586 4287 stram
618 4234 862 4286 conferre
891 4241 1137 4301 putemus
1167 4233 1309 4302 quod
1347 4233 1582 4288 Ecclesia
1630 4234 1792 4288 multa
1825 4236 1999 4303 possi-

421 4325 564 4380 deat.
605 4325 737 4378 Cum
779 4325 920 4379 enim
947 4323 1258 4379 facultatum
1290 4324 1407 4393 ejus
1438 4326 1851 4394 magnitudinem
1881 4341 2002 4395 per-

420 4416 605 4486 spicis,
637 4416 811 4486 cogita
839 4415 1001 4470 etiam
1047 4415 1420 4483 inscriptorum
1447 4429 1735 4484 pauperum
1762 4431 1999 4485 gregem,

416 4507 750 4562 infirmorum
774 4506 1191 4572 multitudinem,
1225 4506 1624 4574 innumerarum
1647 4522 2000 4576 expensarum

417 4603 765 4656 occasiones:
789 4601 1000 4654 curiose
1029 4599 1238 4670 inquire
1257 4609 1310 4654 et
1339 4609 1580 4654 scrutare
1608 4617 1621 4652 :
1651 4615 1808 4654 nemo
1835 4600 2004 4668 impe-

418 4696 517 4759 dit,
549 4696 657 4748 imo
701 4695 870 4763 parati
899 4708 1083 4747 sumus
1120 4693 1184 4745 ad
1222 4694 1459 4746 rationes
1483 4692 1635 4745 vobis
1677 4691 2000 4748 reddendas.

422 4789 527 4844 Sed
558 4789 855 4860 hyperbole
877 4789 952 4842 uti
983 4789 1127 4842 volo.
1158 4787 1295 4840 Cum
1320 4786 1461 4839 enim
1492 4786 1727 4839 rationes
1755 4785 2002 4840 reddide-

422 4879 612 4943 rimus,
641 4888 694 4932 et
719 4878 1112 4933 ostenderimus
1141 4889 1431 4946 expensam
1460 4882 1724 4945 proventu
1751 4891 1854 4929 non
1882 4891 2002 4931 esse

428 4971 712 5034 minorem,
759 4970 865 5022 imo
889 4980 942 5024 et
977 4968 1267 5038 aliquando
1295 4967 1550 5036 majorem
1578 4986 1591 5021 :
1621 4967 1749 5022 illud
1791 4982 1821 5021 a
1853 4969 2002 5022 vobis

421 5061 652 5114 libenter
693 5059 1019 5127 sciscitarer,
1063 5075 1184 5114 cum
1224 5059 1314 5114 illo
1343 5059 1771 5128 migraverimus,
1819 5068 1872 5112 et
1909 5075 2001 5112 au-

421 5153 678 5207 dierimus
719 5151 991 5206 Christum
1039 5153 1301 5208 dicentem
1333 5170 1346 5204 :
1376 5151 1694 5206 Esurieutem
1741 5169 1819 5206 me
1869 5154 1998 5206 vidi-

428 5245 537 5301 stis.
570 5254 616 5297 et
647 5258 746 5295 non
791 5259 868 5295 me
909 5242 1205 5307 nutrivistis,
1237 5245 1428 5296 nudum
1452 5285 1466 5308 ,
1497 5255 1543 5298 et
1591 5262 1692 5298 non
1735 5247 2003 5315 aperuisti:

390 5343 392 5375 ί
426 5334 646 5392 (Matth.
666 5334 756 5387 25.
788 5332 882 5401 42)
913 5349 926 5385 :
955 5333 1079 5402 quid
1109 5333 1388 5388 dicemus?
1415 5351 1572 5404 quam
1601 5337 1882 5392 afferemus
1907 5337 1999 5392 de-

423 5423 760 5478 fensionem?
806 5424 948 5478 hunc
984 5423 1066 5477 vel
1110 5423 1258 5478 illum
1301 5424 1622 5482 adducemus
1660 5428 1708 5481 in
1743 5428 1998 5492 medium,

424 5515 513 5586 qui
543 5512 629 5568 his
655 5528 759 5568 non
791 5515 1116 5584 obsequutus
1140 5523 1253 5584 est,
1285 5525 1338 5571 et
1364 5517 1618 5586 quosdam
1649 5536 1711 5576 ex
1740 5522 2000 5589 suspectis

420 5604 838 5663 sacerdotibus?
889 5604 952 5660 Et
983 5605 1110 5677 quid
1133 5606 1240 5672 hoc
1269 5607 1334 5663 ad
1364 5614 1441 5666 te?
1463 5608 1690 5683 inquiet;
1729 5625 1827 5681 ego
1855 5611 1996 5666 enim

1100 213 1157 270 S.
1196 211 1470 270 JOANNIS
1504 207 1978 266 CllRYSOSTOMl
2016 208 2329 266 ARCHIEP.
2370 209 2903 268 CONSTANTINOP.
3044 237 3078 280 ι
3581 208 3676 266 180

2090 332 2141 378 te
2164 339 2360 379 accuso
2385 325 2452 380 de
2476 327 2728 395 peccatis,
2759 343 2880 397 qua:
2905 326 3188 383 admisisti.
3217 326 3470 398 Purgatio
3490 341 3678 382 eorum

2086 421 2190 480 est,
2214 424 2273 468 ut
2299 416 2512 485 pr0pria
2537 416 2722 471 abluas
2751 425 2990 485 peccata,
3031 432 3138 472 non
3168 427 3228 472 ut
3255 417 3517 473 ostendas
3548 416 3678 472 alios

2087 505 2142 560 in
2171 505 2359 561 eadem
2391 506 2662 562 incidisse.
2691 509 2932 564 Ecclesia
2957 509 3101 564 enim
3139 508 3211 563 ob
3238 518 3473 564 vestram
3504 507 3679 578 parci-

2090 603 2252 650 tatem
2286 597 2520 652 retinere
2555 601 2766 668 cogitur
2789 615 2873 663 ea,
2903 615 3024 669 quae
3054 614 3197 654 nunc
3234 599 3412 655 habet.
3436 598 3607 666 Quod
3635 600 3674 652 si

2089 688 2268 741 omnia
2298 690 2592 743 secundum
2622 691 2945 759 apostolicas
2973 692 3118 759 leges
3145 700 3381 761 agerent,
3402 689 3533 760 ejus
3565 704 3680 758 pro-

2087 789 2304 833 ventum
2337 788 2610 847 oporteret
2650 795 2773 834 esse
2811 791 3046 835 vestrum
3071 782 3307 835 animum
3335 799 3349 834 :
3382 780 3537 851 quod
3568 783 3680 850 qui-

2091 866 2213 921 dem
2259 876 2312 921 et
2364 877 2532 922 tutum
2576 880 2718 924 esset
2764 872 3102 938 penuarinm,
3157 881 3213 924 et
3256 871 3556 926 thesaurus
3600 871 3680 924 in-

2092 959 2406 1014 exhaustus.
2425 959 2575 1014 Nunc
2595 969 2774 1015 autem
2801 976 2925 1016 cum
2945 977 3039 1016 vos
3059 962 3274 1032 quidem
3297 962 3682 1016 thesaurizatis

2093 1053 2145 1106 in
2179 1062 2340 1120 terra,
2373 1064 2430 1109 et
2454 1055 2632 1109 omnia
2659 1055 2712 1109 in
2745 1056 3014 1124 penuariis
3054 1056 3247 1110 vestris
3271 1056 3526 1110 clauditis
3548 1071 3567 1118 ;
3590 1056 3682 1110 Et:-

2093 1145 2256 1198 clesia
2284 1160 2413 1200 vero
2443 1146 2754 1215 impendere
2788 1161 3012 1202 necesse.
3037 1146 3218 1211 habet,
3257 1146 3548 1200 viduarum
3578 1160 3682 1198 cre-

2093 1236 2252 1301 tibus,
2284 1237 2548 1306 virginum
2589 1237 2788 1300 choris,
2837 1237 3102 1306 hospitum
3134 1236 3468 1301 adventibus,
3530 1250 3684 1304 pere-

2091 1327 2414 1396 grinantium
2443 1327 2718 1392 aarumnis,
2749 1328 3047 1382 vinctorqu
3073 1327 3488 1390 calamitatibus,
3531 1325 3681 1380 infir-

2093 1431 2302 1470 morum
2333 1424 2388 1470 et
2413 1416 2726 1470 mutilorum
2768 1418 3200 1482 necessitatibus,
3231 1416 3346 1470 aliis
3366 1414 3684 1484 hujusmodi

2093 1508 2463 1562 occasionibus
2482 1526 2494 1561 :
2515 1508 2641 1576 quid
2661 1509 2957 1563 faciendum
2976 1509 2998 1561 ?
3025 1523 3187 1563 eosne
3204 1523 3390 1563 omnes
3405 1507 3679 1569 aversari,

2091 1607 2146 1652 et
2168 1606 2247 1650 tot
2274 1607 2460 1666 portus
2491 1599 2810 1654 obstruere?
2837 1600 3019 1667 ecquis
3043 1599 3328 1668 naufragiis
3357 1598 3487 1653 hinc
3513 1600 3683 1668 partis

2093 1689 2383 1756 suffecerit,
2413 1689 2646 1755 fletibus,
2673 1692 2938 1755 lamentis,
2971 1690 3256 1759 ejulatibus
3284 1690 3528 1758 undique
3557 1689 3684 1742 alla-

2096 1780 2201 1833 tis?
2223 1780 2299 1834 Nc
2326 1795 2452 1850 ergo
2473 1789 2675 1835 temere
2702 1781 2984 1850 loquamur
3003 1780 3146 1850 quod
3169 1781 3220 1834 in
3249 1791 3480 1834 mentem
3519 1794 3685 1833 vene-

2097 1872 2186 1924 rit.
2217 1870 2368 1924 Nune
2396 1872 2560 1937 enim,
2594 1881 2651 1925 ut
2675 1872 2780 1942 jam
2820 1873 2948 1935 dixi,
2985 1873 3220 1927 rationes
3250 1873 3400 1928 vobis
3447 1872 3684 1926 reddere

2096 1962 2267 2031 parati
2290 1979 2494 2017 sumus.
2538 1962 2597 2018 Si
2642 1974 2819 2018 autem
2870 1978 3025 2016 secus
3072 1979 3160 2018 res
3207 1979 3264 2017 se
3321 1964 3584 2028 haberet,
3636 1974 3686 2019 et

2095 2055 2140 2108 si
2170 2054 2421 2109 doctores
2451 2055 2722 2108 haberetis
2751 2065 3054 2123 corruptos,
3082 2057 3171 2124 qui
3202 2055 3373 2108 omnia
3422 2066 3687 2124 raperem

2096 2156 2152 2201 et
2174 2147 2316 2200 avari
2341 2157 2538 2211 essent,
2564 2161 2737 2216 neque
2760 2149 2836 2201 sic
2859 2149 3099 2217 purgatio
3117 2157 3288 2201 vestra
3314 2156 3459 2202 esset
3486 2163 3684 2202 eorum

2097 2238 2354 2307 nequitia.
2385 2239 2514 2292 Nam
2542 2239 2800 2309 benignus
2836 2239 2926 2292 ille
2951 2249 3005 2292 et
3034 2239 3456 2308 sapientissimus
3483 2241 3682 2308 unige-

2099 2333 2242 2387 nitus
2275 2333 2366 2387 Dei
2400 2333 2565 2388 Filius
2593 2334 2773 2413 omnia
2809 2333 3018 2398 videns,
3063 2337 3345 2404 sciensque
3372 2335 3524 2404 quod
3560 2351 3687 2389 eon-

2099 2425 2267 2494 tingat
2310 2424 2506 2481 multos
2553 2426 2607 2479 in
2655 2425 2908 2481 diuturno
2958 2435 3198 2495 tempore
3240 2435 3294 2480 et
3339 2436 3483 2480 tanto
3545 2428 3688 2480 orbis

2099 2517 2271 2586 Spatio
2297 2531 2418 2571 esse
2460 2516 2768 2572 sacerdotes
2797 2527 3118 2586 corruptos;
3149 2527 3205 2572 ιιι
3235 2533 3301 2572 ne
3331 2534 3425 2587 per
3463 2519 3687 2572 illorum

2101 2608 2378 2669 incuriam,
2411 2622 2596 2662 eorum
2627 2609 2716 2677 qui
2746 2607 2873 2676 ipsis
2903 2608 3098 2662 subditi
3147 2618 3272 2662 sunt
3304 2609 3563 2663 socordia
3601 2626 3687 2664 au-

2099 2707 2307 2768 geatur,
2334 2713 2546 2753 omnem
2569 2700 2764 2754 tollens
2789 2699 3124 2770 negligentia:
3149 2700 3562 2756 excusationem
3583 2703 3688 2754 ait:

2101 2791 2272 2860 Super
2304 2791 2599 2844 cathedram
2625 2789 2821 2861 Moysi:
2859 2791 3094 2845 sederunt
3121 2792 3300 2845 scriba:
3323 2802 3368 2844 et
3408 2789 3687 2846 Pharisci.

2104 2881 2290 2935 Omnia
2315 2897 2455 2950 ergo,
2487 2897 2600 2947 qua:
2636 2881 2858 2935 dixerint
2886 2882 3023 2935 vobis
3062 2886 3248 2951 facere,
3277 2883 3429 2952 facile
3451 2899 3469 2936 :
3497 2900 3689 2936 secu-

2099 2972 2221 3024 dum
2251 2988 2406 3040 opera
2445 2981 2612 3024 autem
2642 2972 2846 3025 illorum
2881 2988 2944 3026 ne
2988 2973 3186 3039 faciatis
3226 2972 3440 3042 (Matth.
3470 2974 3572 3028 23.
3603 2975 3687 3044 2);

2099 3061 2410 3128 ostendens,
2433 3060 2575 3130 quod
2605 3061 2816 3116 etiamsi
2836 3061 3108 3116 doctorem
3136 3062 3437 3132 improbum
3461 3062 3531 3116 ha
3543 3065 3688 3129 beas,

2101 3153 2232 3207 nihil
2261 3152 2354 3207 tibi
2380 3153 2636 3223 prodesse
2669 3153 2882 3221 poterit.
2925 3153 3025 3207 nisi
3057 3154 3120 3207 iis
3161 3169 3280 3222 qua:
3319 3155 3584 3210 dicuntur
3609 3167 3691 3210 at-

2103 3245 2308 3300 tendas.
2342 3244 2525 3315 Neque
2551 3246 2691 3299 enim
2736 3245 2804 3299 ab
2841 3244 2908 3298 iis
2934 3260 3052 3313 qute
3081 3245 3271 3300 doctor
3297 3255 3559 3315 Oper-atus
3588 3258 3688 3311 est,

2101 3337 2194 3393 sed
2220 3337 2287 3390 ab
2311 3337 2373 3390 iis
2397 3352 2516 3406 quac
2540 3335 2756 3400 audisti,
2781 3350 2880 3391 nec
2907 3336 3237 3406 obsequutus
3260 3337 3364 3393 illis
3386 3353 3450 3392 es
3472 3356 3486 3390 :
3509 3339 3583 3394 ab
3612 3341 3689 3393 his

2103 3429 2195 3482 tibi
2222 3428 2486 3482 calculum
2518 3426 2656 3482 feret
2684 3427 2843 3482 Deus.
2879 3427 3060 3497 Itaque
3097 3429 3142 3483 si
3169 3443 3232 3481 ea
3263 3444 3385 3497 quze
3417 3440 3686 3498 pneeepta

2101 3529 2226 3572 sunt
2253 3519 2464 3582 feceris,
2495 3533 2617 3573 cum
2664 3518 2832 3572 multa
2863 3527 2987 3573 tunc
3012 3519 3180 3574 stabis
3207 3520 3440 3585 fiducia;
3488 3522 3532 3574 si
3564 3537 3690 3576 vero

2102 3610 2260 3665 dictis
2287 3626 2393 3664 non
2421 3610 2750 3680 obsequutus
2775 3609 2959 3674 fueris,
2991 3611 3199 3666 etiamsi
3229 3612 3374 3666 mille
3401 3624 3689 3683 corruptos

2104 3702 2411 3757 sacerdotes
2441 3703 2714 3768 ostendas,
2749 3702 2882 3757 nihil
2907 3702 3010 3758 hoc
3041 3703 3134 3758 tibi
3159 3705 3422 3774 proderit.
3473 3705 3608 3759 Nam
3640 3715 3692 3759 et

2102 3792 2266 3848 Judas
2304 3792 2580 3860 apostolus
2605 3801 2754 3854 erat;
2787 3791 2890 3846 hoc
2936 3801 3112 3848 tamen
3161 3793 3292 3848 nihil
3322 3810 3583 3865 umquam
3601 3811 3694 3849 sa-

2087 3899 2318 3945 crorum
2336 3898 2396 3938 ex
2407 3883 2658 3953 pilatores
2673 3893 2727 3936 et
2748 3898 2938 3937 avaros
2956 3885 3253 3939 excusabit.
3279 3886 3467 3956 Neque
3496 3890 3695 3956 paterit

2105 3974 2226 4044 quis
2251 3984 2535 4028 accusatus
2560 3972 2742 4028 dicere
2777 3991 2790 4025 :
2822 3974 3107 4029 Enimvero
3131 3978 3407 4045 apostolus
3438 3977 3520 4032 fur
3547 3989 3686 4038 erat,

2105 4079 2378 4120 sacrorum
2403 4064 2665 4133 expilator
2688 4074 2740 4119 et
2770 4065 3009 4133 proditor
3037 4084 3050 4119 :
3076 4067 3170 4121 sed
3201 4067 3306 4122 hoc
3336 4085 3434 4125 nos
3457 4073 3692 4124 maxime

2105 4156 2367 4225 supplicio
2391 4155 2562 4210 tradet
2587 4165 2642 4210 et
2661 4154 2956 4220 damnabit,
2979 4157 3122 4226 quod
3147 4174 3252 4212 non
3281 4160 3507 4214 aliorum
3529 4162 3693 4214 malis

2104 4248 2171 4303 ad
2197 4263 2382 4302 sanam
2404 4256 2636 4302 mentem
2665 4247 2868 4303 reducti
2899 4249 3088 4304 simus.
3119 4250 3246 4305 Ideo
3271 4253 3414 4306 enim
3438 4253 3522 4307 illa
3554 4255 3693 4308 serio

2105 4349 2193 4408 pta
2225 4347 2367 4402 sunt,
2419 4347 2476 4392 ut
2505 4338 2767 4408 fugiamus
2805 4338 3020 4394 illorum
3066 4341 3441 4398 imitationem.
3487 4343 3695 4398 Idcirco

2109 4431 2247 4484 hunc
2275 4438 2329 4484 et
2358 4430 2504 4484 illum
2536 4430 2922 4500 relinquentes,
2969 4431 3122 4486 nobis
3149 4432 3279 4500 ipsis
3307 4433 3654 4488 attendamus
3678 4453 3693 4488 :

2106 4522 2472 4590 unusquisque
2516 4521 2659 4575 enim
2707 4529 2946 4576 nostrum
2991 4538 3086 4591 pro
3132 4539 3192 4578 se
3231 4526 3496 4580 rationem
3538 4525 3694 4579 dabit

2109 4613 2263 4668 Deo.‘
2288 4611 2358 4667 Ut
2401 4627 2530 4682 ergo
2572 4612 2711 4666 hanc
2747 4612 3010 4667 rationem
3051 4628 3173 4667 cum
3222 4613 3363 4668 bona
3406 4614 3696 4668 reddamus

2107 4705 2444 4775 purgatione,
2479 4712 2717 4759 nostram
2760 4719 3144 4775 componamus
3174 4706 3361 4774 vitam,
3407 4718 3460 4762 et
3487 4708 3692 4777 largam

2110 4808 2323 4852 manum
2351 4797 2534 4866 egenis
2564 4797 2900 4866 porrigamus
2929 4815 2943 4851 :
2975 4799 3207 4853 scientes
3233 4800 3371 4853 hanc
3393 4801 3560 4853 solam
3593 4815 3692 4853 no-

2108 4898 2272 4942 stram
2297 4903 2416 4942 esse
2438 4887 2828 4955 defensionem,
2854 4889 2898 4942 si
2927 4890 3272 4944 ostendamus
3302 4906 3403 4944 nos
3424 4903 3690 4960 praecepta

2107 4991 2255 5036 recte
2273 4987 2596 5049 exsequutos
2612 4993 2766 5044 esse;
2796 4980 3103 5050 nullamque
3122 4995 3250 5044 esse
3268 4982 3450 5036 aliam.
3471 4981 3522 5036 Si
3551 4983 3696 5036 hanc

2107 5075 2361 5129 exhibere
2391 5073 2677 5142 possimus,
2711 5072 3070 5127 intolerabiles
3100 5073 3219 5126 illos
3247 5073 3503 5142 gehennze
3526 5073 3695 5127 dolo-

2107 5182 2195 5222 res
2235 5164 2568 5235 effugiemus,
2614 5173 2670 5218 et
2698 5163 2875 5218 futura
2901 5178 3312 5232 consequemur
3357 5165 3530 5218 bona:
3565 5178 3690 5232 quae

2107 5274 2205 5313 nos
2248 5273 2435 5313 omnes
2474 5257 2695 5326 adipisci
2729 5259 3020 5325 contingat,
3051 5256 3220 5325 gratia
3262 5265 3315 5310 et
3361 5256 3688 5323 benignitate

2108 5349 2319 5404 Domini
2366 5351 2534 5404 nostri
2581 5348 2710 5404 Jesu
2758 5348 2979 5413 Christi,
3030 5348 3243 5417 quicum
3284 5347 3425 5401 Patri
3472 5362 3688 5418 unaque

2108 5440 2328 5510 Spiritui
2380 5451 2565 5496 sancto
2609 5441 2799 5511 gloria,
2852 5439 3157 5510 imperium,
3215 5439 3404 5508 honor,
3442 5453 3590 5495 nunc
3633 5449 3689 5495 et

2108 5547 2340 5601 semper,
2371 5543 2422 5588 et
2451 5533 2500 5586 in
2528 5532 2722 5588 szecula
2749 5532 3090 5588 εωοιιιοτιιω.
3124 5534 3314 5586 Amen.
