3826 6216
245 215 347 269 179
734 258 767 293 ,

239 330 351 415 ἀπὸ
392 329 666 400 πελάγους
703 334 907 392 κύαθον
942 338 1057 411 δοίη
1079 378 1095 405 ,
1130 340 1221 393 καὶ
1262 343 1398 415 μηδέ
1426 344 1605 415 χήρας
1634 360 1823 413 γυναι-

240 412 336 475 κὸς
368 415 776 488 μεγαλοψυχίαν
823 421 1111 496 ζηλώσῃςς
1162 412 1279 490 πῶς
1325 412 1383 480 δὲ
1427 412 1601 495 ἐρεῖς,
1624 412 1821 495 Κύριε,

236 496 503 564 ἐλέησόν
522 518 601 567 με
629 504 779 557 κατὰ
806 507 873 559 τὸ
902 507 1056 575 μέγα
1081 510 1253 575 ἔλεός
1279 526 1420 575 σου,
1454 511 1553 564 καί
1576 511 1727 565 κατὰ
1755 510 1823 563 τὸ

237 580 475 650 πλῆθος
497 584 614 637 τῶν
631 590 949 658 οἰκτιρμῶν
968 606 1085 645 σου
1105 593 1435 662 ἐξάλειψον
1454 596 1520 649 τὸ
1544 594 1825 663 ἁνόμημά

232 681 373 748 μου·
408 668 468 719 οὑ
503 670 646 721 κατά
685 673 744 724 τὸ
784 675 927 741 μέγα
975 675 1123 739 ἔλεος
1162 678 1323 741 αὐτὸς
1360 678 1547 743 ἐλεῶν,
1583 677 1727 748 τάχα
1765 678 1823 730 δὲ

236 746 357 831 οὐδὲ
389 751 531 802 κατά
560 752 619 804 τὸ
647 756 885 824 μικρόν;
927 760 1038 811 Καὶ
1072 758 1178 831 γάρ
1212 761 1419 828 σφόδρα
1467 746 1819 830 αἰσχύνομαι.

234 829 364 883 ὅταν
393 833 487 885 ίδω
517 835 745 899 πολλοὺς
772 838 880 891 τῶν
906 829 1281 894 πλουτούντων
1306 844 1392 910 ἐφ’
1419 842 1599 895 ἵππων
1624 860 1820 912 χρυσο-

233 915 465 983 χαλίνων
514 921 886 990 φερομένους,
941 926 1036 976 καὶ
1088 925 1304 987 οἰκέτας
1349 926 1819 996 χρυσοφοροῦντας

232 1001 700 1071 ἐπισυρομένους,
735 1006 830 1057 καὶ
885 1005 1074 1071 κλίνας
1124 1010 1373 1078 ἀργυρᾶς
1427 1009 1670 1079 ἔχοντας,
1710 1010 1820 1061 καὶ

230 1084 426 1154 ἑτέραν
459 1086 680 1139 πλείονα
711 1090 1035 1155 φαντασίαν,
1076 1093 1167 1143 καὶ
1191 1092 1355 1160 ἡνίκα
1402 1091 1468 1144 ἂν
1509 1092 1701 1161 πένητι
1725 1091 1819 1162 δέῃ

230 1173 557 1239 παρασχεῖν,
582 1169 690 1223 τῶν
722 1171 928 1242 σφόδρα
964 1176 1210 1244 πενήτων
1253 1175 1629 1245 πτωχοτέρους
1669 1190 1816 1241 γινο-

232 1254 450 1321 μένους.
499 1255 658 1308 Ἀλλά
702 1257 787 1320 τίς
834 1260 861 1310 6
906 1260 1074 1322 πολὺς
1120 1260 1299 1313 αὑτῶν
1328 1259 1526 1327 λόγος;
1574 1259 1725 1328 Ἔχει
1758 1257 1817 1309 τὸ

227 1337 406 1389 κοινὸν
435 1337 535 1406 τῆς
566 1337 915 1408 Ἑκκλησίας,
948 1342 1101 1411 φησί.
1141 1343 1248 1395 Καὶ
1276 1342 1327 1394 τί
1357 1341 1515 1393 τοῦτο
1545 1341 1681 1410 πρὶς
1714 1341 1771 1392 σέ
1798 1358 1812 1407 ;

224 1419 350 1472 οὑδέ
385 1420 512 1490 γὰρ,
540 1421 636 1474 ἐὰν
666 1421 776 1490 ἐγὼ
802 1423 896 1486 δῶ,
943 1427 1007 1478 σὺ
1051 1425 1338 1493 διεσώθης·
1373 1425 1481 1477 οὐδ’
1516 1424 1583 1477 ἂν
1613 1426 1645 1493 ή
1691 1425 1815 1475 Ἐκ-

224 1506 427 1575 κλησία
471 1510 752 1581 παράσχῃ,
799 1512 863 1563 σὺ
914 1510 983 1562 τὰ
1023 1512 1396 1581 ἁμαρτήματα
1430 1510 1720 1579 ἐξήλειψας
1747 1509 1815 1561 τά

224 1593 318 1646 σά.
357 1595 420 1646 EE
451 1596 557 1665 γάρ
581 1605 600 1625 ⁸
635 1595 723 1648 διά
746 1594 904 1647 τοῦτο
929 1596 989 1646 οὐ
1024 1594 1202 1660 δίδως,
1232 1596 1419 1667 ἐπειδὴ
1448 1598 1481 1666 ἡ
1519 1594 1814 1665 Ἐκκλησία

222 1680 431 1746 ὀφείλει
483 1680 666 1733 δοῦναι
717 1683 829 1742 τοῖς
875 1680 1182 1749 δεομένοις⁸
1231 1681 1417 1751 ἐπειδὴ
1465 1679 1713 1749 εὑχονται
1764 1682 1812 1732 οί

224 1764 424 1831 ίερεῖς,
460 1764 522 1815 σὺ
557 1763 657 1816 οὐκ
697 1761 827 1833 εὔξῃ
876 1763 1039 1829 ποτέ;
1088 1763 1183 1815 καὶ
1230 1764 1417 1833 ἐπειδὴ
1462 1762 1812 1833 νηστεύουσιν

220 1846 429 1915 ἕτεροι,
464 1847 525 1898 σὺ
559 1845 877 1915 μεθυσθήσῃ
923 1844 1229 1913 διηνεκῶς;
1261 1848 1362 1899 οὑκ
1401 1842 1578 1908 οἶσθα,
1605 1846 1686 1898 ὅτι
1716 1844 1811 1914 οὑχ

219 1930 370 1981 οὕτω
392 1930 479 1982 διὰ
510 1930 633 1990 τοὺς
670 1930 908 1999 πένητας
948 1929 1017 1982 τά
1052 1929 1181 1998 περὶ
1206 1928 1580 1999 ἐλεημοσύνης
1623 1930 1813 1997 ἐνομο-

217 2010 455 2083 θέτησεν
498 2012 525 2063 6
558 2011 720 2074 Θεὸς,
776 2012 851 2072 ὡς
897 2012 965 2063 δι’
1010 2009 1211 2073 αὑτοὺς
1259 2012 1386 2076 τοὺς
1436 2012 1808 2082 παρέχοντας;

230 2094 381 2146 Ἀλλ’
420 2093 745 2156 ὑποπτεύεις
778 2093 868 2145 τὸν
913 2092 1099 2165 ίερέα;
1148 2093 1406 2148 Μάλιστα
1455 2096 1554 2164 μὲν
1598 2094 1809 2165 χαλεπὴ

212 2180 319 2231 καὶ
347 2178 504 2230 τοῦτο
538 2177 803 2248 ἁμαρτία·
836 2176 975 2247 πλὴν
1000 2177 1153 2231 οὐδὲν
1183 2178 1681 2249 ἀκριϐολογοῦμαι·
1722 2177 1809 2232 διά

212 2261 422 2313 σαυτοῦ
454 2262 631 2314 πάντα
672 2263 835 2324 ποίει,
872 2261 966 2313 καὶ
995 2259 1217 2314 διπλοῦν
1249 2260 1391 2314 οὑτω
1420 2260 1688 2333 καρπώσῃ
1719 2262 1808 2315 τὸν

210 2345 436 2415 μισθόν.
468 2346 577 2398 Καὶ
600 2344 709 2415 γὰρ
738 2344 882 2415 ἅπερ
904 2346 1065 2414 ἡμεῖς
1084 2344 1224 2415 ὑπὲρ
1250 2345 1372 2416 ἐλεη
1382 2344 1619 2415 μοσύνης
1650 2344 1807 2413 λέγοη

207 2444 358 2496 μεν,
404 2428 503 2497 οὑχ
537 2426 624 2479 ἴνα
672 2428 804 2497 ἡμῖν
856 2427 1216 2500 προσαγάγῃς
1270 2428 1520 2498 λέγομεν,
1574 2428 1691 2481 ἀλλ’
1723 2428 1807 2480 ’ίνα

205 2508 385 2573 αὐτὸς
412 2509 499 2562 διὰ
527 2509 725 2563 σαυτοῦ
769 2509 1046 2581 διακονῇς.
1094 2512 1249 2582 Ἐμοὶ
1286 2512 1384 2583 μὲν
1417 2512 1528 2583 γάρ
1562 2511 1804 2583 προσφέ-

210 2612 356 2667 ρων,
411 2594 539 2657 ίσως
586 2596 679 2648 καὶ
722 2594 1001 2666 κενοδοξία
1056 2594 1262 2667 άλώσῃ,
1310 2595 1571 2660 πολλάκις
1612 2598 1669 2649 δὲ
1713 2600 1807 2650 καὶ

204 2676 631 2741 σκανδαλισθεὶς
660 2677 936 2749 άπελεύσῃ
976 2677 1054 2749 τῷ
1091 2679 1307 2749 πονηρά
1340 2679 1707 2733 ὑποπτεῦσαι·
1740 2680 1805 2733 ἂν

200 2758 267 2811 δὲ
302 2758 368 2811 δι’
409 2759 615 2813 ἑαυτῶν
666 2759 842 2815 πάντα
883 2762 1102 2832 ποιῆτε,
1144 2762 1237 2813 καὶ
1280 2762 1588 2815 σκανδάλων
1631 2764 1797 2816 ἀπαλ-

200 2842 519 2908 Ααγὴσεσθε
557 2844 652 2896 καὶ
682 2842 915 2913 ὑποψίας
946 2844 1150 2897 ἀτόπου
1172 2884 1185 2896 .
1234 2845 1326 2897 καὶ
1370 2844 1573 2899 πλείων
1618 2846 1747 2916 ὑμῖν
1776 2848 1805 2899 ὀ

199 2924 431 2991 μισθός.

273 3006 421 3071 ζ’.υὺ
448 3009 624 3061 τοίνυν
649 3010 1034 3080 ἐκϐιαζόμενος
1054 3010 1197 3081 ὑμᾶς
1221 3010 1454 3063 ἐνταῦθα
1475 3012 1722 3082 κομίζειν
1737 3010 1805 3065 τά

193 3093 495 3162 χρήματα,
528 3094 702 3147 ταῦτα
724 3094 887 3163 λέγω,
912 3095 1033 3147 οὐδὲ
1060 3094 1386 3163 ἀγανακτῶν
1411 3096 1551 3165 ὑπὲρ
1575 3096 1685 3149 τῶν
1706 3114 1805 3150 κα·

192 3176 326 3237 κῶς
358 3176 664 3231 ἀκουόντων
696 3178 908 3248 ίερέων.
975 3179 1037 3230 Εἰ
1066 3180 1172 3248 γάρ
1208 3180 1539 3246 ἀγανακτεῖν
1576 3180 1681 3250 χρὴ
1709 3180 1804 3233 καὶ

192 3259 423 3325 ἀλγεῖν,
459 3260 601 3330 ὑπὲρ
630 3261 783 3330 ὑμῶν
812 3262 999 3329 ἀλγεῖν
1038 3261 1119 3313 δεῖ
1146 3261 1254 3313 τῶν
1289 3261 1557 3330 λεγόντων
1594 3263 1799 3327 κακῶς.

190 3341 366 3413 [190]
389 3342 510 3405 Τοῖς
537 3343 635 3412 μὲν
658 3343 765 3414 γάρ
797 3344 1089 3397 ἀκούουσιν
1117 3345 1239 3414 είκῆ
1276 3345 1369 3397 καὶ
1398 3344 1576 3415 μάτην
1614 3346 1802 3409 κακῶς

186 3427 226 3478 ὁ
259 3426 459 3495 μισθὸς
495 3426 718 3496 μείζων,
753 3430 865 3490 τοῖς
907 3428 963 3480 δέ
991 3428 1209 3496 λέγουσι
1233 3429 1295 3482 το
1338 3431 1513 3499 κρῖμα
1541 3430 1634 3483 καὶ
1658 3432 1690 3499 ἠ
1715 3446 1799 3483 τι-

191 3510 401 3579 μωρία
435 3508 730 3580 βαρυτέρα.
763 3512 837 3564 υύ
871 3511 1050 3564 τοίνυν
1072 3512 1210 3583 ὑπὲρ
1234 3512 1415 3565 αὐτῶν
1435 3510 1607 3565 ταῦτα
1634 3512 1799 3582 λέγω,

187 3593 328 3646 ἀλλ’
362 3594 516 3663 ὑμῶν
565 3595 862 3665 κηδόμενος
911 3595 1005 3648 καὶ
1056 3595 1376 3666 φροντίζων.
1430 3596 1493 3649 Τί
1526 3597 1631 3667 γὰρ
1674 3596 1800 3651 θαυν

189 3677 445 3747 μαστὸν,
498 3678 543 3729 εί
601 3678 694 3729 ἐπὶ
724 3678 824 3748 τῆς
854 3680 1048 3746 γενεᾶς
1085 3696 1227 3742 τινες
1259 3678 1655 3732 ὑποπτεύονται
1702 3681 1802 3751 τῆς

180 3762 511 3830 ἡμετέρας,
540 3762 673 3813 ὅπου
719 3778 780 3829 γε
814 3762 1039 3814 ἐπὶτῶν
1075 3763 1247 3830 ἁγίων
1281 3763 1503 3816 ἐκείνων
1540 3765 1648 3816 τῶν
1676 3765 1801 3827 τοὺς

181 3845 481 3912 ἀγγέλους
507 3846 923 3915 μιμησαμένων,
946 3846 1050 3898 τῶν
1084 3846 1234 3899 οὑδέν
1268 3847 1398 3899 ῐδιον
1425 3864 1591 3917 κεκτη
1603 3849 1799 3916 μένων,

176 3929 322 3984 τῶν
351 3930 666 3982 ἀποστόλων
699 3930 861 3998 λέγω,
910 3931 1227 4000 γογγυσμὸς
1266 3926 1333 4000 ἦν
1367 3932 1426 3984 ἐν
1456 3934 1520 4003 τῇ
1554 3933 1801 4004 διακονίᾳ

175 4012 321 4065 τῶν
360 4011 567 4082 χηρῶν,
600 4013 681 4065 ὅτι
713 4012 1165 4082 παρεθεωροῦντο
1199 4015 1248 4066 οί
1293 4014 1543 4085 πένητες,
1582 4016 1670 4069 ὅτε
1713 4016 1803 4069 οὐ-

169 4096 324 4158 δείς
351 4114 402 4149 τι
431 4096 538 4148 τῶν
562 4097 917 4168 ὑπαρχόντων
943 4096 1093 4166 αὑτῷ
1120 4096 1307 4164 ἔλεγεν
1334 4096 1463 4152 ίδιον
1499 4094 1658 4163 εἶναι,
1684 4099 1800 4153 ἀλλ’

167 4175 269 4250 ἦν
304 4180 490 4242 αὑτοῖς
533 4179 749 4232 ἅπαντα
786 4179 980 4241 κοινά;
1016 4179 1107 4249 Μὴ
1154 4178 1217 4249 δὴ
1248 4182 1450 4243 ταύτας
1481 4180 1799 4253 προϐαλλώ-

173 4261 357 4333 μεθα
375 4263 474 4325 τάς
503 4264 826 4331 προφάσεις,
855 4263 990 4333 μηδέ
1015 4262 1312 4327 ἀπολογίαν
1334 4258 1471 4317 εἶναι
1493 4266 1801 4336 νομίζωμεν

163 4348 259 4400 τὸ
299 4347 401 4414 τὴν
420 4346 746 4416 Ἐκκλησίαν
789 4345 963 4397 πολλά
1001 4344 1328 4414 κεκτῆσθαι.
1365 4347 1533 4399 Ὅταν
1566 4348 1675 4417 γὰρ
1704 4349 1801 4418 τῆς

160 4429 398 4489 οὐσίας
432 4429 603 4498 αὑτῆς
628 4428 688 4481 τὸ
719 4427 949 4498 μέγεθος
985 4427 1129 4500 ἴδῃς,
1163 4427 1415 4498 ἐννόησον
1448 4430 1542 4481 καὶ
1572 4430 1681 4483 τῶν
1712 4433 1802 4499 ἐγ-

160 4512 615 4581 γεγραμμένων
648 4513 897 4581 πενήτων
926 4509 1023 4573 τάς
1050 4511 1277 4579 ἀγέλας,
1325 4510 1430 4563 τῶν
1459 4512 1802 4582 ἀρρωστούν-

158 4613 318 4649 των
356 4594 427 4647 τά
458 4582 656 4664 πλήθη,
688 4593 797 4645 τῶν
828 4594 1038 4664 μυρίων
1062 4592 1339 4665 χορηγιῶν
1368 4593 1465 4658 τὰς
1492 4595 1797 4660 ὑποθέσεις·

160 4679 601 4750 περιέργασαι,
635 4678 1189 4749 πολυπραγμόνησον,
1231 4678 1404 4742 οὐδεὶς
1445 4681 1473 4732 6
1518 4680 1797 4745 κωλύσων,

161 4763 353 4818 ἀλλά
386 4763 481 4815 καὶ
514 4762 719 4832 ἕτοιμοι
754 4761 912 4831 λόγον
942 4763 1069 4832 ὑμῖν
1103 4765 1427 4832 παρασχεῖν.
1461 4763 1606 4833 Πλὴν
1632 4764 1801 4833 ὑπερ.

156 4846 377 4915 ϐολὴν
411 4844 737 4915 ποιήσασθαι
774 4844 1056 4915 βούλομαι.
1093 4847 1260 4898 Ὅταν
1294 4846 1403 4918 γάρ
1426 4847 1799 4918 παράσχωμεν

148 4932 309 4993 τὰς
346 4929 599 4992 εὐθύνας,
628 4929 721 4981 καὶ
744 4928 1008 5000 δείξωμεν
1041 4929 1142 4981 οὑκ
1172 4928 1433 4982 ἐλάττονα
1470 4929 1572 4998 τῆς
1632 4947 1801 5000 προσ-

138 5016 330 5069 όδου
358 5013 464 5081 τὴν
491 5011 734 5082 δαπάνην
762 5009 947 5075 οὖσαν,
1002 5012 1116 5064 ἀλλ’
1144 5011 1290 5065 ἔστιν
1328 5012 1461 5065 ὅπου
1487 5013 1582 5065 καὶ
1607 5014 1795 5081 πλείω,

138 5096 381 5169 ἠδέ-’,ως
406 5094 474 5147 ἂν
501 5094 646 5163 ὑμᾶς
681 5098 856 5148 ἐκεῖνο
895 5096 1143 5165 ἐροίμην·
1178 5095 1339 5165 ἡνίκα
1378 5095 1443 5149 ἂν
1472 5096 1798 5167 ἀπέλθωμεν

136 5180 344 5242 ἐκεῖ,
367 5179 465 5231 καὶ
486 5177 809 5248 ἀκούσωμεν
830 5178 923 5231 τοῦ
952 5178 1186 5248 Χριστοῦ
1207 5179 1478 5247 λέγοντος,
1497 5181 1799 5235 Πεινῶντά

125 5283 254 5340 με
326 5262 552 5329 εἴδετε,
609 5263 708 5315 καὶ
759 5265 870 5316 οὐκ
916 5264 1237 5331 ἐθρέψατε,
1294 5264 1544 5333 γυμνὸν,
1595 5266 1693 5318 καὶ
1726 5269 1798 5320 οὐ

130 5345 613 5415 περιεϐάλετε,
635 5346 685 5397 τί
713 5346 944 5417 ἐροῦμεν
970 5362 984 5411 ;
1012 5346 1064 5399 τί
1097 5347 1153 5400 δὲ
1178 5347 1665 5419 ἀπολογησόμεθα;
1696 5348 1799 5404 Τὸν

125 5434 358 5487 δεῖνα
388 5430 485 5479 καὶ
534 5428 625 5480 τὸν
654 5427 803 5483 δεῖνα
834 5430 913 5492 είς
945 5429 1108 5499 μέσον
1136 5430 1354 5501 οἴσομεν
1387 5431 1477 5484 τὸν
1512 5432 1797 5505 παρακού-

130 5528 385 5571 σαντα
404 5511 633 5577 τούτων,
678 5512 771 5568 καί
812 5530 960 5578 τινας
993 5512 1104 5569 τῶν
1151 5513 1342 5585 ἱερέων
1373 5515 1482 5570 τῶν
1500 5517 1793 5585 ὑπόπτων;

224 5663 255 5683 ⁸⁸
318 5656 505 5707 Deerat
530 5657 569 5705 εἰ
601 5657 705 5722 γάρ.

1240 227 1306 282 IN
1350 226 1569 282 EPIST.
1607 229 1626 282 l
1696 229 1788 283 AD
1821 228 1978 285 COR.
2024 228 2262 286 HOMIL.
2306 230 2443 287 XXI.

3416 237 3523 294 580

1930 344 2037 395 Καὶ
2066 344 2117 396 τί
2142 344 2300 397 τοῦτο
2336 345 2473 417 πρὸς
2512 345 2610 413 σέ;
2647 346 2758 416 ἐγὼ
2791 346 2899 417 γάρ
2933 365 3015 400 σοι
3051 347 3289 415 ἐγκαλῶ,
3319 353 3515 419 φησιν,

1928 424 2071 497 ἅπερ
2129 428 2291 491 αὐτὸς
2323 431 2592 499 ἥμαρτες.
2641 431 2930 499 Ἀπολογία
2985 431 3041 484 δὲ
3090 431 3297 485 τούτων
3347 434 3406 486 τὸ
3447 436 3517 488 τά

1926 510 2101 564 οίκεῖα
2135 511 2538 566 ἀπολούσασθαι
2570 514 2966 584 ἁμαρτήματα,
2997 515 3058 567 ού
3092 515 3154 567 τὸ
3188 514 3356 579 δεῖξαι
3397 517 3511 569 ἐτέ-

1927 608 2054 660 ρους
2099 594 2167 647 τά
2218 596 2359 649 αὑτά
2409 614 2492 650 σοι
2538 598 3097 668 πεπλημμεληκότας.
3164 599 3277 653 Καὶ
3338 601 3512 670 γὰρή

1938 674 2236 744 Ἐκκλησία
2269 677 2357 730 διά
2383 680 2480 749 τὴν
2511 680 2785 750 ὑμετέραν
2809 680 3163 751 μικρολογίαν
3183 680 3325 750 ἔχειν
3353 683 3514 748 ἀναγ-

1924 757 2151 821 κάζεται
2193 761 2339 831 άπερ
2372 762 2486 831 ἔχει
2517 764 2633 816 νῦν·
2679 764 2754 825 ὡς
2779 764 2832 816 εί
2861 782 2923 832 γε
2952 763 3095 817 κατὰ
3120 765 3247 827 τοὺς
3276 765 3511 817 ἀποστο-

1923 839 2105 906 λικοὺς
2140 846 2317 897 πάντα
2348 847 2618 917 ἔπραττον
2647 848 2863 917 νόμους,
2892 848 3154 919 πρόσοδον
3176 847 3345 916 αὑτῆς
3370 841 3510 899 εἶναι

1922 926 2089 996 ἐχρῆν
2116 928 2215 997 τὴν
2245 930 2519 1001 ὑμετέραν
2559 931 2806 1001 γνώμην,
2840 932 2868 984 ὃ
2913 931 3006 984 καὶ
3050 932 3297 999 ταμιεῖον
3331 930 3510 995 ἀσφα-

1921 1006 2009 1070 λὲς
2045 1010 2111 1062 ἂν
2135 1005 2202 1080 ἦν
2225 1013 2320 1064 καὶ
2348 1014 2623 1079 ἀνάλωτος
2652 1014 2946 1086 Θησαυρός.
2977 1012 3091 1066 Νῦν
3123 1012 3179 1065 δέ
3203 1014 3329 1065 ὅταν
3351 1013 3509 1080 ὑμεῖς
3618 1044 3621 1049 ν

1924 1092 2021 1159 μὲν
2058 1093 2427 1166 θησαυρίζητε
2474 1099 2567 1150 ἐπὶ
2610 1098 2713 1167 τῆς
2755 1098 2879 1166 γῆς,
2929 1098 3025 1149 καὶ
3078 1096 3253 1148 πάντα
3304 1097 3360 1146 ἒν
3394 1096 3508 1157 τοῖς

1920 1176 2191 1243 ταμιείοις
2215 1179 2543 1249 ἀποκλείητε
2563 1182 2675 1242 τοῖς
2698 1180 3006 1249 ὑμετέροις,
3028 1176 3164 1246 αὕτη
3190 1177 3246 1230 δὲ
3272 1176 3509 1243 ἀναγκά-

1920 1256 2080 1326 ζηται
2111 1259 2359 1331 δαπανᾷν
2392 1263 2576 1332 χηρῶν
2620 1263 2928 1329 συλλόγοις,
2970 1260 3254 1331 παρθένων
3301 1260 3504 1328 χοροῖς,

1921 1337 2087 1402 ξένων
2116 1343 2459 1414 ἐπιδημίαις,
2494 1346 2924 1415 ἀποδημούντων
2957 1342 3375 1412 ταλαιπωρίαις,
3415 1341 3504 1393 δε-

1920 1426 2154 1493 σμωτῶν
2180 1434 2507 1500 συμφοραῖς,
2532 1432 2963 1503 ἀρρωσεούντων
2989 1430 3083 1483 καὶ
3110 1425 3503 1496 λελωϐημένων

1917 1507 2205 1575 ἀνάγκαις,
2231 1512 2447 1581 ἑτέραις
2465 1514 2740 1575 τοιαύταις
2766 1514 3093 1585 προφάσεσι,
3128 1511 3179 1563 τί
3201 1509 3279 1562 δεῖ
3299 1510 3499 1571 ποιεῖν;

1917 1591 2360 1663 ἀποστρέφεσθαι
2390 1596 2613 1660 τούτους
2630 1599 2901 1662 ἅπαντας,
2918 1597 3009 1649 καὶ
3030 1593 3316 1655 τοσούτους
3336 1608 3504 1661 προσο

1916 1672 2090 1741 χῶσαι
2126 1674 2383 1745 λιμένας;
2421 1680 2516 1731 καὶ
2540 1680 2624 1743 τίς
2652 1680 2718 1733 ἃν
2748 1684 2859 1741 τοῖς
2887 1678 3193 1749 γινομένοις
3221 1674 3502 1742 ναυαγίοις

1915 1756 2167 1824 ἀρκέσειε
2190 1775 2203 1820 ;
2230 1764 2344 1821 τοῖς
2366 1762 2642 1832 ὀδυρμοῖς,
2667 1767 2781 1826 τοῖς
2811 1762 3049 1833 θρήνοις,
3078 1763 3194 1822 ταῖς
3233 1758 3499 1827 οἰμωγαῖς

1914 1841 2032 1900 ταῖς
2068 1842 2404 1910 πανταχόθεν
2446 1845 2808 1913 φερομέναις;
2853 1846 2946 1915 Μὴ
2994 1844 3171 1895 τοίνυν
3224 1839 3409 1901 ἁπλῶς
3440 1836 3501 1890 τδ

1914 1920 2068 1974 ἐπιὸν
2108 1922 2493 1994 φθεγγώμεθα.
2529 1928 2642 1980 Νῦν
2666 1929 2763 1996 μὲν
2796 1928 2927 1998 γὰρ,
2956 1930 3093 1997 ὅπερ
3121 1925 3289 1995 ἔφθην
3308 1921 3496 1985 εἰπὼν,

1913 2006 2008 2056 καὶ
2053 2006 2152 2069 τὰς
2184 2008 2415 2072 εὐθύνας
2440 2015 2746 2080 παρασχεῖν
2776 2012 2905 2081 ὑμῖν
2938 2012 3169 2079 ἕτοιμοι·
3205 2010 3254 2061 εί
3303 2008 3359 2060 δέ
3400 2005 3500 2058 καὶ

1912 2083 2222 2137 τούναντίον
2242 2082 2329 2157 ἦν.
2355 2091 2451 2141 καὶ
2475 2089 2905 2161 διεφθαρμένους
2934 2090 3110 2159 εἴχετε
3142 2085 3499 2145 διδασκάλους

1912 2166 2006 2217 καὶ¹
2059 2168 2234 2221 πάντα
2286 2171 2637 2239 ἁρπάζοντας
2696 2173 2791 2225 καὶ
2838 2170 3331 2232 πλεονεκτοῦντας,
3376 2166 3497 2219 ούδέ

1910 2246 2084 2312 οὑτως
2113 2251 2240 2320 ὑμῖν
2265 2253 2530 2322 ἀπολογία
2573 2257 2605 2325 ἡ
2641 2256 2866 2309 ἐκείνων
2910 2254 3143 2325 πονηρία
3170 2249 3260 2325 ἦν.
3299 2252 3358 2303 Ὀ
3385 2250 3496 2320 γὰρ

1910 2334 2292 2405 φιλάνθρωπος
2340 2339 2432 2391 καὶ
2487 2342 2794 2409 πάνσοφος,
2837 2343 2865 2393 6
2900 2340 3194 2408 μονογενὴς
3240 2336 3369 2399 Υἱὸς
3399 2332 3495 2388 τοῦ

1908 2417 2063 2483 Θεοῦ,
2115 2420 2143 2470 ὀ
2197 2421 2375 2475 πάντα
2410 2424 2572 2493 ὀρῶν,
2607 2424 2699 2477 καὶ
2725 2423 2881 2486 είδὼς
2915 2424 2996 2475 ὅτι
3035 2420 3323 2492 συμϐαίνει
3364 2418 3495 2470 πολ-

1907 2498 2031 2565 λοὺς
2063 2504 2119 2555 ἐν
2140 2501 2290 2576 [Nl]
2316 2506 2392 2575 τῷ
2422 2506 2620 2579 μακρῷ
2652 2508 2828 2577 χρόνῳ
2856 2508 2948 2559 καὶ
2968 2509 3035 2577 τῇ
3058 2503 3295 2575 τοσαύτῃ
3316 2503 3496 2554 οίκου-

1911 2584 2048 2657 μένῃ
2095 2587 2275 2657 ἱερέας
2305 2590 2557 2656 γενέσθαι
2590 2591 3039 2662 διεφθαρμένους·
3085 2589 3171 2641 ἵνα
3215 2587 3289 2657 μὴ
3323 2588 3355 2655 ἡ
3385 2583 3494 2637 τῶν

1908 2666 2229 2737 ἀρχομένων
2284 2672 2528 2742 ῥᾳθυμία
2593 2674 2928 2743 ἐπιτείνήται
2984 2671 3072 2724 διὰ
3118 2673 3217 2741 τῆς
3269 2669 3495 2720 ἐκείνων

1906 2749 2215 2821 ὀλιγωρίας,
2238 2756 2417 2807 πᾶσαν
2441 2756 2678 2827 ἀναιρῶν
2705 2754 3003 2823 ἀπολογίαν
3029 2751 3323 2823 ῥᾳθυμίας,
3360 2749 3493 2802 Ἐπὶ

1904 2832 2016 2899 τῆς
2043 2834 2339 2902 καθέδρας
2364 2839 2683 2903 Μωῢσέως,
2714 2838 2900 2907 φησὶν,
2923 2836 3211 2889 ἐκάθισαν
3238 2836 3291 2886 οἱ
3315 2850 3495 2901 ιεοαμ-

1900 2915 2112 2983 ματεῖς
2154 2919 2250 2970 καί
2279 2921 2332 2971 οί
2360 2920 2689 2987 Φαρισαῖοι·
2731 2919 2927 2972 πάντα
2970 2915 3105 2981 οὖν,
3142 2917 3260 2970 ὅσα
3287 2915 3363 2967 ἂν
3388 2913 3493 2968 λέ·-

1906 3014 2091 3066 γωσιν
2114 3000 2258 3068 ὑμῖν
2285 3002 2498 3065 ποιεῖν,
2522 3002 2761 3055 ποιεῖτε·
2788 3002 2937 3053 κατὰ
2956 3001 3023 3053 δὲ
3046 3000 3115 3053 τὰ
3139 3000 3281 3068 ἔργα
3296 2996 3495 3052 αὐτῶν

1899 3080 1987 3151 μὴ
2012 3083 2253 3137 ποιεῖτε’
2281 3085 2496 3147 δεικνὺς
2521 3087 2602 3138 ὅτι
2628 3085 2731 3138 κᾶν
2753 3083 3075 3138 διδάσκαλον
3104 3083 3232 3153 ἔχῃς
3263 3080 3489 3151 φαῦλον,

1903 3166 2057 3219 οὐδέν
2092 3185 2151 3219 σε
2178 3168 2337 3221 τοῦτο
2374 3170 2565 3237 ὀνῆσαι
2616 3170 2934 3240 δυνήσεται,
2977 3167 3043 3221 ἂν
3093 3167 3166 3236 μὴ
3214 3165 3494 3235 προσέχῃς

1905 3252 2017 3313 τοῖς
2042 3249 2375 3320 λεγομένοις.
2407 3254 2481 3305 Οὑ
2504 3254 2610 3323 γὰρ
2637 3254 2728 3320 ἀφ’
2748 3246 2823 3304 ὦν
2840 3253 2868 3302 6
2886 3248 3200 3312 διδάσκαλος
3229 3246 3490 3317 ἔπραξεν,

1906 3330 2041 3385 ἀλλά
2071 3333 2163 3399 ἀφ’
2192 3325 2266 3385 ὧν
2301 3333 2540 3397 ἀκούσας
2579 3335 2971 3405 παρήκουσας,
3016 3331 3123 3384 ἀπὸ
3160 3329 3366 3383 τούτων
3408 3345 3491 3382 σοι

1906 3414 2062 3485 φέρει
2096 3414 2195 3478 τάς
2224 3415 2436 3487 ψήφους
2472 3419 2499 3469 6
2546 3416 2696 3479 Θεός.
2738 3417 2900 3467 Ὥστε
2945 3415 3040 3466 ἐὰν
3086 3413 3182 3482 μὲν
3230 3414 3386 3482 ποιῇς
3416 3412 3486 3464 τά

1904 3498 2329 3569 ἐπιτεταγμένα,
2376 3500 2514 3569 μετά
2560 3499 2760 3568 πολλῆς
2788 3500 2911 3551 τότε
2942 3498 3116 3569 στήσῃ
3144 3496 3246 3565 τῆς
3277 3497 3484 3566 παίδρη-

1906 3581 2046 3644 σίας·
2073 3581 2139 3635 ἂν
2172 3582 2228 3635 δέ
2260 3582 2615 3655 παρακούσῃς
2643 3582 2752 3634 τῶν
2772 3581 3098 3650 λεγομένων.
3122 3578 3226 3655 κάν
3258 3578 3485 3648 μυρίους

1908 3662 2089 3732 ἱερέας
2105 3662 2537 3735 διεφθαρμένους
2558 3662 2755 3734 δείξῃς,
2778 3663 2929 3715 οὐδέν
2954 3679 3045 3715 σου
3066 3661 3225 3715 τοῦτο
3248 3660 3489 3730 προστή-

1906 3760 2077 3799 σεται.
2126 3746 2279 3798 Ἐπεὶ
2320 3747 2413 3799 καὶ
2474 3746 2673 3808 Ἰούδας
2699 3745 2992 3807 ἀπόστολος
3042 3740 3129 3814 ἦν,
3178 3743 3292 3796 ἀλλ’
3339 3744 3492 3813 ὅμως

1904 3828 2056 3882 οὐδὲν
2077 3828 2235 3882 τοῦτο
2255 3830 2395 3902 ὑπὲρ
2418 3830 2523 3882 τῶν
2550 3828 2836 3901 ἱεροσύλων
2858 3831 2950 3881 καὶ⁸
2975 3825 3327 3896 φιλαργύρων
3349 3826 3487 3877 ἀπο-

1903 3909 2195 3984 λογήσεταί
2229 3931 2380 3967 ποτε.
2425 3913 2559 3966 Ούδὲ
2614 3910 2900 3982 δυνήσεταί
2954 3928 3038 3973 τις
3088 3907 3488 3977 ἐγκαλούμενος

1901 3997 2079 4067 λέγειν
2107 3999 2188 4052 ὅτι
2214 4038 2229 4059 ,
2286 3998 2396 4051 Καὶ
2448 4000 2556 4068 γὰρ
2593 4000 2621 4050 6
2667 3995 2964 4057 ἀπόστολος
2996 3993 3235 4063 κλέπτης
3274 3988 3342 4061 ἦν
3394 3992 3489 4043 καὶ

1904 4080 2179 4150 ἱερόσυλος
2200 4081 2294 4134 καὶ
2323 4080 2608 4152 προδότης·
2646 4079 2758 4133 ἀλλ’
2787 4078 2917 4131 αὐτὸ
2950 4078 3048 4148 μὲν
3083 4073 3174 4128 οὖν
3205 4073 3359 4127 τοῦτο
3384 4072 3488 4142 μά-

1900 4161 2061 4216 λιστα
2099 4164 2247 4233 ἡμᾶς
2274 4166 2649 4235 τιμωρήσεται
2696 4164 2786 4215 καὶ
2824 4162 3174 4229 κατακρινεῖ,
3221 4159 3303 4210 ὅτι
3353 4155 3489 4225 μηδέ

1900 4251 2015 4311 τοῖς
2054 4248 2257 4318 ἐτέρων
2293 4250 2483 4310 κακοῖς
2514 4244 3021 4315 ἐσωφρονίσθημεν.
3064 4243 3163 4294 Διά
3199 4240 3307 4309 γὰρ
3334 4238 3490 4292 τοῦτο

1902 4332 1998 4385 καὶ
2020 4332 2436 4401 ἀναγέγραπται
2466 4332 2672 4392 ἐκεῖνα,
2708 4330 2793 4381 ἵνα
2835 4328 3100 4396 φύγωμεν
3140 4325 3366 4376 ἐκείνων
3396 4322 3488 4374 τὸν

1903 4414 2083 4485 ζῆλον.
2130 4414 2221 4466 Διὸ
2264 4414 2354 4465 τὸν
2403 4413 2551 4467 δεῖνα
2585 4412 2679 4466 καὶ
2717 4411 2809 4464 τὸν
2837 4412 2985 4463 δεῖνα
3028 4408 3255 4475 ἀφέντες
3278 4450 3291 4469 ,
3328 4408 3487 4474 ⁴ἡμεῖς

1904 4500 2115 4560 ἑαυτοῖς
2147 4495 2525 4568 προσέχωμεν·
2549 4496 2778 4556 ἕκαστος
2808 4494 2917 4563 γάρ
2943 4491 3100 4561 ήμῶν
3132 4490 3269 4560 ὑπὲρ
3294 4488 3485 4541 ἑαυτοῦ

1902 4582 2058 4651 λόγον
2084 4578 2243 4633 δώσει
2275 4579 2352 4650 τῷ
2386 4578 2524 4649 Θεῷ.
2556 4578 2653 4631 ⁹Ἰν’
2679 4573 2772 4633 οὖν
2797 4576 2890 4629 τὸν
2927 4576 3082 4641 λόγον
3119 4572 3306 4623 τοῦτον
3351 4571 3487 4640 μετά

1902 4664 2075 4734 καλῆς
2098 4664 2470 4734 παράσχωμεν
2498 4661 2816 4729 ἀπολογίας,
2850 4658 2942 4712 τὸν
2973 4654 3181 4709 ἐαυτῶν
3206 4653 3485 4723 ῥυθμίσω-

1906 4766 2006 4820 μεν
2036 4747 2169 4818 βίον,
2210 4747 2303 4800 καὶ
2333 4746 2530 4817 δαψιλῆ
2558 4746 2655 4816 τὴν
2684 4747 2840 4815 χεῖρα
2869 4741 3203 4809 ἐκτείνωμεν
3230 4740 3341 4800 τοῖς
3376 4737 3482 4789 δεο-

1905 4832 2107 4903 μένοις,
2140 4830 2459 4907 είδότεςδὸτι
2487 4828 2625 4900 αὕτη
2669 4829 2804 4898 μόνη
2838 4828 2971 4896 ημῖν
2997 4824 3145 4907 ἐστιν
3194 4820 3481 4907 ἀπολογία,

1901 4915 1962 4967 τὸ
1982 4914 2151 4978 δεῖξαι
2178 4914 2323 4984 ἡμᾶς
2342 4903 2538 4974 αὑτοὺς
2567 4909 2998 4980 κατωρθωκότας
3023 4905 3090 4958 τά
3114 4903 3482 4973 ἐπιτεταγμέ-

1902 5016 1987 5063 να,
2013 4998 2177 5067 έτέρα
2206 4997 2263 5050 δέ
2291 4996 2533 5066 οὐδεμία.
2567 4993 2684 5047 Κᾶν
2708 4992 2910 5062 ταύτην
2943 4989 3261 5060 δυνηθῶμεν
3298 5004 3481 5056 παρα-

1902 5083 2071 5152 σχεῖν,
2099 5081 2197 5143 τάς
2218 5080 2525 5149 ἀφορήτους
2550 5077 2760 5139 ἐκείνας
2782 5076 2975 5137 ὀδύνας
2998 5075 3095 5143 τῆς
3118 5072 3341 5141 γεέννης
3366 5070 3482 5122 διαο

1901 5163 2230 5233 φευξόμεθα,
2251 5161 2469 5215 καὶτῶν
2499 5160 2800 5231 μελλόντων
2822 5155 3216 5227 ἐπιτευξόμεθα
3238 5154 3477 5222 ἀγαθῶν’

1901 5242 1976 5301 ὧν
2004 5248 2213 5315 γένοιτο
2237 5245 2442 5306 πάντας
2471 5245 2616 5315 ἡμᾶς
2638 5244 2933 5312 ἐπιτυχεῖν,
2966 5241 3149 5311 χάριτι
3179 5239 3272 5292 καὶ
3290 5237 3479 5315 φιλανς

1901 5310 2116 5401 θρωπίᾳ
2147 5328 2239 5380 τοῦ
2270 5310 2679 5399 ΚυρίουΠήμῶν
2714 5310 2887 5391 Ἰησοῦ
2938 5310 3198 5393 Χριστοῦ,
3253 5319 3370 5391 μεθ’
3412 5310 3475 5371 οὗ

1898 5413 1976 5484 τῷ
2006 5414 2182 5483 Πατρὶ
2237 5412 2352 5483 ἅμα
2400 5409 2477 5480 τῷ
2529 5410 2669 5480 ἁγίῳ
2710 5408 2988 5478 Πνεύματι
3036 5406 3184 5471 δόξα,
3237 5402 3472 5472 κράτος,

1898 5495 2053 5567 τιμὴ,
2087 5494 2181 5551 νῦν
2213 5496 2308 5550 καὶ
2345 5494 2453 5561 ἀεὶ,
2492 5493 2591 5547 καὶ
2616 5494 2696 5554 εἰς
2727 5492 2851 5555 τοὺς
2879 5491 3080 5552 αἰῶνας
3109 5486 3215 5540 τῶν
3239 5484 3471 5543 αίώνως.

1913 5581 2103 5652 Ἀμήν.
