3826 6216
369 207 466 271 Isi

1093 215 1156 271 S.
1193 211 1480 271 JOANNIS
1515 191 2010 268 CHRYSOSTOMI
2051 202 2372 290 ABCHIEP.
2414 193 2977 256 CONSTANTINOP.

369 339 3603 390 ___________________________________._-.____.

1791 470 2034 522 OMIAIA
2073 469 2206 524 KB'.

371 564 494 617 Οὐκ
532 562 734 617 albata
781 563 872 616 ὅτι
915 567 968 618 οί
1017 565 1088 617 τὰ
1133 563 1260 630 ιερὰ
1307 561 1698 630 ἐργαζόμενοι,
1737 560 1806 613 ἐκ
1840 559 1944 612 τοῦ

442 634 603 700 ίεροῦ
658 633 1015 697 ἐσθίουσιν;
1053 638 1107 687 οι
1153 632 1233 696 τῷ
1278 632 1944 700 θυσιαστηρίφηπροσ-

442 699 823 768 εδρεύοντες,
853 701 932 765 τῷ
992 702 1395 770 θυσιαστηρίῳ
1453 699 1944 770 συμμερίζονται;

447 767 611 824 Οὕτω
639 773 736 824 καὶ
770 767 803 826 ὅ
845 771 1057 839 Κύριος
1085 767 1318 831 διέταξε
1353 767 1475 833 τοῖς
1505 767 1948 839 τὸέὺᾳγγέλιον

445 837 988 910 καταγγέλλουσιν,
1014 841 1082 893 ἐκ
1113 841 1218 893 τοῦ
1244 839 1598 908 εὐαγγελίου
1627 837 1756 905 ζῇν.

447 951 517 998 α’.
537 943 743 1014 Πολλὴν
759 946 992 996 ποιεῖται
1015 945 1111 1014 τὴν
1141 944 1397 1014 σπουδὴν,
1414 943 1552 996 ὥστε
1575 939 1743 1006 δεῖξαι
1765 939 1842 1010 μὴ
1860 954 1949 991 xe-

378 1027 692 1094 κωλυμένον
714 1027 774 1078 τὸ
800 1027 1118 1096 λαμϐάνειν.
1142 1028 1340 1098 Διόπερ
1368 1025 1604 1080 τοσαῦτα
1630 1024 1798 1076 εἰπὼν
1846 1023 1947 1091 ἔμ-

379 1107 632 1176 προσθεν,
659 1107 758 1159 οὐκ
786 1109 1053 1178 ἠρκέσθη,
1073 1108 1210 1162 ἀλλὰ
1227 1111 1319 1162 καὶ
1345 1109 1438 1160 ἐπὶ
1461 1108 1553 1160 τὸν
1578 1107 1740 1176 νόμον
1761 1106 1946 1184 χωρεῖ,

374 1193 698 1263 οἰκειότερον
727 1189 820 1243 τοῦ
849 1193 1116 1262 προτέρου
1160 1192 1412 1261 παρέχων
1448 1191 1772 1258 ὑπόδειγμα.
1814 1187 1948 1242 Ούδέ

375 1275 483 1344 γὰρ
516 1269 582 1344 ἦν
613 1273 724 1326 ἴσον
753 1273 852 1336 τὰς
903 1271 1027 1342 βοῦς
1051 1285 1078 1314 ει
1111 1275 1454 1344 παραγαγεῖν
1501 1275 1580 1336 εἱς
1627 1273 1811 1342 μέσον,
1856 1272 1950 1324 καὶ

379 1355 555 1425 ῥητῶς
579 1356 704 1424 περὶ
729 1355 920 1426 ἱερέων
945 1355 1105 1424 νόμον
1126 1354 1376 1424 κείμενον
1402 1357 1480 1416 εἱς
1510 1355 1674 1424 μέσον
1701 1354 1946 1422 ἀγαγεῖν.

375 1439 575 1491 Σκόπει
609 1438 666 1492 δέ
709 1455 799 1508 μοι
846 1439 946 1490 κάν
977 1436 1151 1508 τούτῳ
1187 1437 1284 1507 τὴν
1317 1437 1530 1489 Παύλου
1563 1438 1796 1497 σύνεσιν,
1834 1433 1950 1496 πῶς

379 1520 652 1590 μέμνηται
689 1519 783 1572 τοῦ
818 1521 1136 1590 πράγματος
1177 1519 1625 1590 μεγαλοπρεπῶς.
1674 1517 1808 1570 Οὐδὲ
1842 1515 1948 1584 γὰρ

374 1598 549 1666 εἶπεν,
579 1602 646 1656 Οἱ
669 1601 734 1655 τά
763 1603 883 1672 ἱερά
913 1602 1270 1671 ἐργαζόμενοι
1300 1604 1364 1653 ὲκ
1393 1600 1502 1652 τῶν
1531 1598 1948 1670 προσφερόντων

377 1681 526 1756 [192]
557 1683 942 1754 λαμϐάνουσιν·
974 1685 1109 1738 ἀλλὰ
1133 1685 1184 1737 τί
1210 1701 1224 1748 ;
1271 1685 1374 1737 Ἐκ
1403 1683 1692 1754 τοῦλίεροῦ
1716 1681 1952 1735 ἐσθίου-

373 1779 498 1818 σιν·
531 1765 618 1818 ἵνα
651 1766 788 1836 μήτε
829 1767 879 1818 οἱ
913 1767 1282 1835 λαμϐάνοντες
1313 1765 1698 1832 ὀνειδίζωνται,
1736 1763 1871 1833 μήτε
1901 1762 1950 1814 οἱ

375 1849 706 1919 παρέχοντες
724 1850 851 1902 ὲπαί
858 1866 994 1919 ρωντ
1003 1866 1078 1902 αι.
1093 1850 1183 1901 Διὸ
1203 1849 1297 1902 καὶ
1315 1850 1371 1901 τὸ
1388 1847 1514 1917 ἑξῆς
1529 1847 1672 1900 οὕτω
1689 1847 1947 1898 τέθεικεν.

255 1963 270 1982 ρ
373 1930 512 1984 οὐδὲ
542 1931 648 2002 γὰρ
685 1931 807 1984 ούδέ
847 1931 1127 1984 ἐνταῦθαιι
1164 1926 1336 2002 εἶπεν,
1371 1932 1432 1984 Οἱ
1471 1930 1548 1999 τῷ
1581 1925 1953 1996 θυσιαστηρίῳ

376 1993 827 2082 προσεδρεύοντες
854 2013 963 2065 ἀπὸ
983 2013 1090 2066 τῶν
1115 1993 1348 2066 θύόντων
1374 1993 1762 2082 λαμϐάνουσιν,
1794 1993 1950 2073 ἀλλὰ,

383 2093 468 2160 Τῷ
523 2096 928 2163 θυσιαστηρίῳ
975 2095 1445 2165 συμμερίζονται.
1503 2094 1584 2147 Τὰ
1619 2095 1728 2164 γὰρ
1785 2109 1954 2164 προσ-

376 2177 664 2248 ενεχθέντα
684 2179 868 2232 οὐκέτι
884 2179 1069 2232 λοιπὸν
1093 2179 1201 2232 τῶν
1219 2178 1698 2249 προσενεγκάντων
1715 2173 1801 2246 ἦν,
1817 2173 1955 2228 ἀλλά

373 2259 474 2313 τοῦ
509 2261 653 2332 ἱεροῦ
685 2261 778 2314 καὶ
810 2259 904 2314 τοῦ
937 2261 1348 2332 θυσιαστηρίου.
1391 2262 1501 2314 Καὶ
1535 2261 1635 2313 οὐκ
1671 2257 1844 2323 εἶπεν,
1870 2258 1953 2310 ὅτι

375 2341 460 2400 Τὰ
489 2346 609 2417 ἱερά
633 2345 1024 2416 λαμϐάνουσιν,
1055 2347 1192 2412 ἀλλ’,
1220 2349 1322 2402 ‘Ex
1345 2347 1451 2400 τοῦ
1476 2347 1636 2414 ἱεροῦ
1657 2346 1952 2409 ἐσθίουσι,

379 2423 592 2491 δεικνὺς
627 2429 788 2482 πάλιν
816 2429 914 2498 τὴν
943 2430 1306 2500 συμμετρίαν,
1351 2431 1446 2484 καὶ
1473 2430 1556 2482 ὅτι
1593 2428 1654 2481 ού
1687 2426 1956 2498 χρηματί-

377 2511 570 2576 ζεσθαι
602 2512 684 2565 δεῖ
710 2511 829 2565 οὐδὲ
864 2512 1135 2567 πλουτεῖν.
1189 2514 1250 2566 Εἱ
1280 2513 1335 2566 δὲ
1375 2513 1544 2581 λέγει,
1591 2513 1673 2565 ὅτι
1727 2509 1810 2575 Τῷ
1852 2513 1956 2564 θυ-

379 2594 711 2660 σιαστηρίῳ
743 2594 1198 2663 συμμερίζονται
1219 2637 1233 2660 ,
1259 2595 1319 2647 οὐ
1354 2595 1451 2665 τὴν
1479 2594 1660 2664 ὲξίσης
1695 2593 1957 2662 διανομὴν

381 2676 548 2743 λέγει,
579 2675 714 2729 άλλά
754 2675 852 2748 τὴν
885 2677 943 2742 ἐξ
976 2677 1200 2747 ὀφειλῆς
1234 2677 1519 2746 διδομένην
1561 2677 1744 2737 αὐτοῖς
1775 2689 1956 2742 παρα-

383 2760 600 2831 μυθίαν.
637 2760 912 2814 Καίτοιτά
940 2762 1051 2814 τῶν
1077 2762 1389 2814 ἀποστόλων
1417 2760 1640 2832 μείζονα
1667 2757 1846 2827 πολλῷ
1864 2753 1952 2828 ἦν.

391 2841 542 2895 Ἐκεῖ
569 2843 668 2913 μὲν
693 2843 799 2913 γὰρ
827 2843 956 2914 τιμὴ
983 2839 1048 2914 ἦν
1078 2846 1109 2914 ή
1138 2843 1401 2914 ἱερωσύνη
1425 2859 1440 2871 ·
1479 2842 1714 2896 ἐνταῦθα
1741 2840 1798 2892 δὲ
1836 2841 1954 2893 κίν-

379 2921 525 2978 δυνοι
551 2925 644 2978 καὶ
677 2925 883 2992 σφαγαὶ
912 2927 1004 2978 καὶ
1039 2927 1210 2994 φόνοι.
1262 2925 1460 2996 Διόπερ
1498 2926 1608 2978 τῶν
1645 2923 1820 2976 ἄλλων
1847 2937 1956 2974 πα-

381 3005 760 3078 ραδειγμάτων
781 3006 1037 3060 ἁπάντων
1067 3003 1201 3060 πολὺ
1253 3007 1436 3077 μεῖζον
1480 3002 1548 3078 ἦν
1577 3007 1639 3059 τδ
1665 3006 1864 3074 λέγειν·
1888 3005 1957 3056 El

379 3089 553 3158 ἡμεῖς
580 3089 722 3158 ὑμῖν
743 3091 816 3144 τὰ
841 3093 1212 3160 πνευματικὰ
1237 3091 1619 3160 ἐσπείραμεν.
1653 3092 1822 3142 Ὅταν
1845 3089 1955 3158 γὰρ

381 3173 534 3246 εἴπῃς
574 3172 988 3241 Ἐσπείραμεν,
1025 3175 1150 3236 τοὺς
1175 3173 1448 3243 χειμῶνας
1484 3175 1575 3226 καὶ
1620 3173 1745 3234 τοὺς
1774 3170 1954 3224 κινδύ-

381 3271 526 3319 νους,
559 3255 652 3306 καὶ
676 3255 772 3318 τὰς
789 3255 1079 3319 ἐπιϐουλάς
1093 3257 1188 3309 καὶ
1210 3257 1281 3308 τὰ
1309 3258 1489 3326 ἄφατα
1519 3255 1666 3308 κακά
1687 3253 1956 3308 ἐνδείκνυο

382 3351 496 3397 ται,
551 3335 694 3406 ἆπερ
745 3337 1014 3407 ὑπέμενον
1055 3339 1439 3410 κηρύττοντες.
1501 3339 1640 3390 Ἀλλ’
1670 3339 1820 3407 ὅμως
1863 3335 1958 3388 καὶ

383 3415 650 3486 τοσαύτης
671 3415 833 3489 οὔσης
861 3420 958 3490 τῆς
988 3421 1278 3492 ὑπεροχῆς,
1317 3422 1416 3472 οὐκ
1445 3420 1710 3490 ¹ἱγθέλησεν
1739 3417 1862 3469 οὔτε
1889 3417 1958 3470 τά

383 3499 486 3568 τῆς
529 3500 772 3562 Παλαιᾶς
814 3502 1170 3566 ταπεινῶσαι,
1202 3501 1324 3554 οὔτε
1367 3503 1435 3554 τὰ
1485 3501 1680 3555 ἑαυτοῦ
1725 3502 1954 3570 ἐπᾶραι·

385 3584 526 3639 ἀλλά
564 3585 659 3638 καὶ
691 3585 758 3636 τά
788 3583 982 3638 ἑαυτοῦ
1022 3585 1318 3650 συστέλλει,
1365 3587 1466 3638 ούκ
1505 3587 1612 3639 ἀπὸ
1637 3585 1744 3637 τῶν
1779 3583 1960 3637 κινδύ-

385 3685 516 3730 νων,
568 3665 684 3719 mc
729 3667 836 3720 ἀπὸ
861 3667 953 3719 τοῦ
987 3667 1251 3737 μεγέθους
1287 3668 1388 3734 τῆς
1420 3669 1629 3739 δωρεᾶς
1658 3667 1833 3731 διδοὺς
1859 3667 1958 3737 τὴν

387 3749 681 3819 ὑπεροχήν.
727 3749 799 3802 οὐ
832 3749 941 3819 γὰρ
970 3745 1141 3815 εἶπεν,
1180 3751 1242 3802 Εἰ
1271 3745 1720 3822 ἐκινδυνεύσαμεν
1749 3751 1781 3821 ἢ
1817 3767 1960 3820 παρ-

385 3829 846 3901 εσουλευσάμεθα,
873 3831 1010 3896 ἀλλ’,
1036 3835 1106 3886 El
1136 3832 1302 3901 ἡμεῖς
1325 3832 1470 3901 ὑμῖν
1490 3831 1562 3886 τὰ
1585 3831 1959 3901 πνευματικὰ

385 3914 774 3982 ἐσπείραμεν·
809 3917 904 3968 καὶ
933 3913 1004 3967 τὰ
1033 3914 1142 3969 τῶν
1195 3917 1406 3984 ἱερέων,
1441 3915 1516 3980 ὡς
1553 3909 1664 3969 οἷόν
1696 3917 1756 3968 τέ
1788 3917 1956 3978 ἐστιν,

387 3997 604 4066 ἐπαίρει
639 3996 839 4066 λέγων·
886 3999 950 4050 Οἱ
981 3996 1054 4050 τὰ
1083 3998 1208 4064 ἱερὰ
1240 3997 1633 4068 ἐργαζόμενοι,
1670 3999 1767 4052 καὶ
1803 4002 1856 4053 οί
1879 3996 1960 4063 τῷ

387 4080 795 4146 θυσιαστηρίῳ
839 4079 1364 4146 προσεδρεύοντες,
1418 4082 1515 4151 τὴν
1563 4081 1786 4151 διηνεκῆ
1836 4080 1958 4132 δου-

386 4158 536 4213 λείαν
570 4159 750 4212 αὐτῶν
781 4161 873 4214 καὶ
913 4162 1009 4231 τὴν
1036 4162 1330 4234 καρτερίαν
1359 4163 1444 4216 διὰ
1491 4163 1694 4217 τούτων
1726 4161 1960 4226 ἐνδείξα-

387 4240 513 4296 σθαι
554 4241 893 4312 βουλόμενος.
931 4244 1040 4297 Kal
1071 4244 1238 4297 εἱπὼν
1284 4247 1410 4309 τοὺς
1445 4247 1624 4318 ἱερέας
1653 4247 1777 4309 τοὺς
1810 4245 1961 4316 παρὰ

397 4323 827 4390 Ἰουδαίοις,τούς
847 4341 905 4377 τε
917 4325 1148 4389 Λευίτας
1169 4327 1295 4389 τούς
1313 4345 1372 4380 τε
1394 4330 1704 4400 ἀρχιερέας,
1721 4329 1957 4397 ἑκάτερα

381 4405 452 4460 τὰ
503 4406 759 4478 τάγματα
795 4409 1054 4479 ἐδήλωσε,
1091 4411 1183 4463 καὶ
1229 4411 1296 4464 τὰ
1330 4411 1734 4484 καταδεέστερα
1765 4413 1861 4466 καὶ
1890 4413 1958 4467 τά

383 4488 748 4560 ὑπερέχοντα·
781 4491 848 4544 τά
901 4492 998 4560 μὲν
1029 4491 1116 4544 διὰ
1148 4493 1240 4546 τοῦ
1284 4493 1484 4561 λέγειν,
1517 4499 1583 4548 Ol
1610 4497 1684 4548 τὰ
1713 4497 1840 4563 ιερὰ
1867 4497 1961 4562 ἐρ-

381 4569 708 4641 γαζόμενοι,
731 4575 800 4628 τά
823 4573 878 4627 δὲ
904 4575 990 4627 διά
1007 4575 1100 4628 τοῦ
1129 4577 1321 4642 εἱπεῖν,
1355 4581 1419 4630 Οἱ
1444 4577 1524 4642 τῷ
1553 4578 1961 4646 θυσιαστηρίῳ

383 4656 911 4724 προσεδρεύοντες.
946 4659 1077 4714 Οὐδέ
1110 4660 1219 4732 γὰρ
1255 4663 1420 4714 πᾶσιν
1447 4661 1504 4714 ἓν
1533 4663 1960 4730 ἐπιτεταγμένον

385 4737 544 4806 ἔργον
573 4735 674 4808 ἦν·
705 4740 819 4792 ἀλλ’
859 4742 906 4793 οἱ
941 4741 1040 4812 μὲν
1090 4743 1160 4795 τὰ
1209 4743 1513 4812 παχύτερα,
1549 4746 1597 4796 οἱ
1632 4745 1689 4797 δὲ
1726 4745 1793 4796 τά
1823 4745 1960 4816 ὑψη-

279 4875 286 4880 .
385 4817 580 4888 λότερα
608 4816 746 4889 ἦσαν
771 4823 1260 4893 ἐγκεχειρισμένοι.
1297 4826 1513 4888 Πάντας
1539 4826 1716 4879 τοίνυν
1738 4825 1958 4893 τούτους

386 4902 718 4971 περιλαϐὼν,
749 4905 836 4958 ἵνα
868 4909 942 4976 μή
993 4925 1077 4970 τις
1122 4908 1274 4980 λέγῃ,
1310 4908 1374 4960 Τί
1407 4909 1506 4978 τῆς
1551 4910 1797 4973 Παλαιᾶς
1831 4911 1959 4982 ἡμῖν

389 4985 666 5055 μέμνησαι
688 5002 702 5045 ;
727 4989 828 5040 οὐκ
857 4986 1008 5042 οἶσθα
1036 4992 1116 5043 ὃτι
1149 4992 1586 5062 προσταγμάτων
1611 4992 1960 5062 τελειοτέρων

385 5067 518 5134 ἡμῖν
551 5069 580 5120 ὁ
609 5069 833 5138 καιρός;
881 5073 996 5140 μετ’
1037 5075 1219 5128 ἐκεῖνα
1265 5077 1442 5129 πάντα
1469 5076 1530 5128 τὸ
1561 5075 1780 5129 πάντων
1811 5079 1960 5145 ἱσχυ-

389 5149 609 5219 ρότερον
661 5152 908 5204 τέθεικεν
952 5155 1148 5208 εἰπών·
1195 5160 1356 5212 Οὕτω
1395 5160 1492 5213 καὶ
1530 5163 1564 5214 ὁ
1594 5163 1810 5228 Κύριος
1843 5161 1958 5214 διέ-

387 5233 530 5294 ταξε
555 5233 678 5298 τοῖς
711 5234 774 5286 τὸ
807 5239 1160 5305 εὐαγγέλιον
1188 5244 1726 5311 καταγγέλλουσιν,
1761 5245 1830 5296 ἑκ
1851 5245 1958 5298 τοῦ

387 5314 742 5396 εὐαγγελίου
766 5315 890 5384 ζῇν.
910 5319 1020 5372 Καὶ
1045 5321 1166 5372 οὐδὲ
1188 5323 1420 5376 ἐνταῦθα
1444 5325 1630 5378 ἐκτῶν
1655 5325 1958 5396 ἀνθρώπιον

387 5395 536 5479 λέγει
587 5397 900 5467 τρέφεσθαι,
937 5402 1052 5455 ἀλλ’
1080 5402 1266 5476 ῶσπερ
1313 5407 1544 5458 ἐπὶτῶν
1595 5395 1804 5479 ἱερέων,
1857 5410 1958 5464 Ἐκ

387 5477 498 5533 τοῦ
543 5481 726 5547 ἱεροῦ,
773 5484 870 5536 καὶ
927 5487 1030 5538 Ἕκ
1065 5485 1171 5538 τοῦ
1205 5477 1660 5558 θυσιαστηρίου,
1690 5494 1830 5548 οὕτω
1864 5497 1958 5549 καὶ

451 5580 656 5662 ,βεεν
677 5586 798 5659 τοὺς
821 5587 950 5649 βοῦς,
969 5590 1214 5662 ειλωυιο
1247 5597 1358 5662 ροξι
1378 5591 1673 5662 ἱβθηξᾼνὸμον
1709 5597 1782 5645 ἐπὶ
1804 5600 1956 5662 τούτῳ

387 5645 604 5705 κείμενον
623 5645 901 5709 ἀναγνῶναι.
969 5651 998 5690 ι)
1037 5645 1225 5712 Περι-αι,
1249 5645 1358 5700 οὐδὲ
1379 5645 1589 5702 ἐνταῦθα.

2047 556 2300 618 ἐνταῦθα,
2349 556 2450 608 Ἐκ
2495 553 2603 606 τοῦ
2649 551 3028 620 εὐαγγελίου,
3079 550 3250 621 φησί·
3287 543 3382 600 καὶ
3431 546 3605 618 ῶσπερ

2045 637 2162 690 ἐκεῖ
2189 637 2462 695 Ἐσθίειν,
2483 634 2656 694 οὓτως
2679 632 2910 688 ἐνταῦθα
2933 631 3079 699 Ζῆν,
3102 633 3204 686 οὐκ
3220 630 3606 701 ἐμπορεύεσθαι

2045 719 2167 770 οὐδὲ
2209 715 2581 788 θησαυρίζειν.
2639 715 2836 780 Ἄξιος
2883 714 3015 786 γὰρ,
3065 713 3252 784 φησὶν,
3295 716 3326 766 ὀ
3366 709 3608 779 ἐργάτης

2047 801 2153 854 τοῦ
2181 801 2403 870 μισθοῦ
2435 798 2644 852 αὐτοῦ.
2688 797 2828 866 Ἐγὼ
2857 797 2925 850 δὲ
2955 797 3160 850 οὐδενὶ
3193 797 3420 850 τούτων
3451 793 3608 862 ἐκρη-

2047 885 2271 953 σάμην.
2315 884 2379 936 Τί
2406 879 2518 946 οὖν,
2557 884 2605 934 εἰ
2644 883 2718 952 μὴ
2758 881 2996 951 ἐχρήσω,
3055 880 3212 952 φησὶ,
3243 879 3358 942 νῦν,
3397 877 3530 948 πρὸς
3559 877 3608 930 δὲ

2048 967 2110 1019 τὸ
2161 967 2352 1036 μέλλον
2409 965 2716 1036 χρήσασθαι
2759 963 2959 1034 βούλει,
3005 964 3101 1017 καὶ
3130 963 3220 1016 διὰ
3249 963 3408 1016 τοῦτο
3451 961 3610 1014 ταῦτα

2049 1050 2257 1117 λέγεις;
2299 1049 2544 1116 Ἄπαγε·
2580 1049 2674 1102 καὶ
2706 1049 2816 1118 γὰρ
2845 1048 2933 1100 διά
2961 1047 3119 1101 τοῦτο
3163 1047 3370 1116 ταχέως
3401 1049 3469 1116 τῇ
3501 1046 3610 1096 ἐπι-

2051 1131 2336 1202 διορθώσει
2371 1133 2658 1200 ἐχρήσατο,
2691 1131 2866 1194 οὕτως
2910 1131 3100 1185 εἰπών·
3139 1133 3260 1184 οὐκ
3293 1131 3527 1199 ἔγραψα
3555 1129 3612 1182 δέ

2049 1217 2258 1279 ταῦτα,
2293 1213 2394 1268 ἵνα
2439 1215 2593 1268 οὕτω
2640 1213 2884 1283 γένηται
2927 1215 2996 1268 ἐν
3027 1214 3179 1282 ἐμοί.
3231 1213 3336 1266 Καὶ
3367 1213 3474 1282 ὅρα
3509 1212 3612 1280 μεθ’

2051 1299 2183 1366 ὅσης
2242 1297 2604 1366 σφοδρότητος
2685 1296 2930 1366 ἀρνεῖται
2989 1296 3084 1348 καὶ
3151 1295 3500 1365 διακρούεται
3559 1293 3613 1346 τὸ

2053 1381 2315 1450 πρᾶγμα·
2363 1378 2566 1433 Καλὸν
2599 1376 2713 1445 γάρ
2752 1393 2854 1446 μοι
2896 1375 3140 1446 μᾶλλον
3187 1375 3533 1438 ἀποθανεῖν,
3577 1375 3612 1442 ἢ

2049 1463 2116 1516 τὸ
2149 1463 2429 1530 καύχημά
2465 1477 2581 1528 μου
2624 1461 2725 1514 ἵνα
2754 1479 2845 1527 τις
2875 1462 3137 1530 κενώσῃ.
3189 1461 3298 1514 Καὶ
3325 1461 3431 1530 οὐχ
3481 1457 3615 1524 ἅπαξ

2051 1545 2171 1598 οὐδὲ
2217 1545 2317 1608 δὶς,
2375 1544 2512 1598 ἀλλά
2570 1544 2664 1597 καὶ
2711 1544 2972 1608 πολλάκις
3024 1545 3288 1615 κέχρηται
3339 1545 3415 1612 τῇ
3473 1542 3614 1612 ῥήσει

2050 1625 2254 1696 ταύτῃ·
2309 1626 2404 1677 καὶ
2453 1625 2558 1696 γάρ
2603 1626 2862 1696 ἀνωτέρω
2895 1625 3045 1698 [193]
3087 1623 3258 1688 εἶπεν,
3299 1627 3428 1678 Οὐκ
3459 1625 3618 1692 ἐχρη-

2052 1707 2284 1776 σάμεθά
2309 1703 2384 1774 τῇ
2409 1705 2662 1774 ἐξουσίᾳ
2691 1709 2878 1776 ταύτῃ
2899 1724 2913 1740 ·
2952 1709 3046 1762 καὶ
3076 1709 3214 1779 μετά
3242 1707 3418 1761 ταῦτα
3448 1706 3614 1770 πάλιν,

2053 1791 2158 1854 Είς
2200 1790 2267 1843 τὸ
2307 1789 2393 1858 μὴ
2447 1791 2946 1858 καταχρήσασθαι
2973 1809 3050 1860 με
3087 1791 3164 1860 τῇ
3201 1791 3460 1857 ἐξουσίᾳ
3483 1805 3616 1858 μου·

2053 1873 2147 1924 καὶ
2173 1871 2426 1935 ἐνταῦθα,
2479 1871 2621 1940 Ἐγὼ
2647 1872 2716 1924 δὲ
2753 1865 2959 1925 οὐδενὶ
2995 1874 3224 1927 τούτων
3253 1873 3617 1940 ἐχρησάμην.

2060 1955 2308 2016 Τούτων,
2342 1954 2543 2018 ποίων;
2575 1953 2696 2006 Τῶν
2733 1953 2946 2007 πολλῶν
2983 1955 3468 2026 παραδειγμάτων.
3499 1953 3622 2008 Πολ-

2054 2035 2160 2087 λῶν
2196 2036 2304 2106 γάρ
2335 2053 2426 2102 μοι
2451 2036 2800 2106 παρεχόντων
2825 2037 3078 2103 ἐξουσίαν
3097 2077 3112 2100 ,
3141 2037 3238 2090 τοῦ
3271 2034 3620 2106 στρατιώτου,

2055 2116 2149 2171 τοῦ
2197 2117 2468 2188 γεωργοῦ,
2516 2117 2608 2171 τοῦ
2663 2118 2940 2188 ποιμένος,
2999 2119 3106 2172 τῶν
3161 2120 3500 2181 ἀποστόλων,
3539 2117 3622 2172 τοῦ

2054 2200 2242 2270 νόμου,
2269 2200 2376 2254 τῶν
2404 2199 2533 2270 παρ’
2559 2199 2717 2270 ήμῶν
2741 2201 2822 2264 εἱς
2849 2201 2991 2270 ὑμᾶς
3019 2202 3342 2271 γινομένων,
3363 2202 3480 2254 τῶν
3507 2201 3622 2268 παρ’

2055 2282 2209 2353 ὑμῶν
2253 2283 2334 2344 εἱς
2380 2283 2506 2346 τοὺς
2539 2282 2753 2346 ἄλλους,
2784 2281 2892 2336 τῶν
2920 2283 3130 2353 ἱερέων,
3156 2283 3248 2336 τοῦ
3278 2285 3624 2354 προσ-τάγμα·

2053 2381 2145 2427 τος
2173 2362 2268 2417 τοῦ
2299 2363 2560 2434 Χριστοῦ,
2591 2365 2764 2418 οὐδενὶ
2803 2363 3008 2418 τούτων
3044 2365 3306 2436 ἐπείσθην
3337 2368 3422 2430 εἱς
3449 2365 3509 2417 τὸ
3541 2383 3626 2418 κα·

2052 2447 2282 2501 ταλῦσαι
2328 2448 2420 2502 τὸν
2476 2447 2716 2519 ἐμαυτοῦ
2773 2449 2964 2519 νόμον,
3021 2449 3117 2502 xal
3153 2449 3359 2504 λαϐεῖν.
3423 2449 3532 2502 Kal
3559 2449 3623 2520 μή

2058 2548 2148 2602 μοι
2181 2531 2252 2584 τὰ
2299 2531 2638 2600 παρελθόντα
2683 2531 2808 2600 λέγε
2829 2549 2845 2562 ·
2877 2532 3056 2586 καίτοι
3084 2549 3148 2600 γε
3193 2533 3300 2603 ἔχω
3327 2535 3528 2594 εἱπεῖν,
3553 2533 3626 2584 ότι

2056 2611 2228 2666 πολλὰ
2259 2613 2353 2666 καὶ
2379 2615 2439 2667 ἐν
2480 2617 2592 2677 τοῖς
2622 2613 2988 2686 παρελθοῦσιν
3026 2615 3296 2686 ὑπέμεινα
3323 2614 3416 2667 διὰ
3445 2613 3623 2666 τοῦτο·

2055 2695 2171 2750 ἀλλ’
2199 2697 2350 2766 ὅμως
2377 2696 2477 2749 οὐκ
2503 2697 2732 2761 ἐκείνοις
2765 2696 3114 2770 ἰσχυρίζομαι
3145 2698 3346 2766 μόνοις,
3375 2697 3520 2749 ἀλλὰ
3545 2697 3626 2748 καὶ

2055 2777 2184 2848 περὶ
2244 2777 2352 2831 τῶν
2414 2778 2717 2848 μελλόντων
2775 2778 3176 2850 ὑπισχνοῦμαι,
3229 2780 3312 2834 ὅτι
3369 2777 3626 2848 αἱροῦμαι

2059 2860 2259 2929 μᾶλλον
2312 2860 2604 2915 ἀποθανεῖν
2653 2861 2820 2933 λιμῷ,
2863 2861 2896 2932 ἦ
2932 2861 3136 2915 τούτων
3191 2861 3626 2933 ἀποστερηθῆναι

2055 2939 2165 2992 τῶν
2193 2939 2492 3008 στεφάνων.
2521 2940 2724 2996 Καλὸν
2751 2939 2865 3009 γάρ
2891 2958 2996 3009 μοι
3020 2940 3264 3010 μᾶλλον
3283 2939 3625 3002 ἀποθανεῖν,

2059 3021 2241 3092 φησὶν,
2285 3023 2324 3092 ἢ
2371 3022 2437 3076 τὸ
2482 3021 2762 3092 καύχημά
2804 3040 2925 3092 μου
2965 3024 3066 3078 ἵνα
3098 3041 3182 3090 τις
3225 3022 3492 3091 κενὼσῃ.
3527 3021 3628 3075 Οὐκ

2057 3095 2229 3163 εἴπεν,
2267 3100 2337 3152 Ἢ
2380 3099 2471 3152 τὸν
2515 3100 2677 3170 νόμον
2726 3116 2828 3170 μου
2857 3101 2945 3153 ἵνα
2977 3117 3062 3164 τις
3113 3100 3418 3170 καταλύσῃ,
3481 3098 3624 3162 ἀλλὰ,

2063 3182 2133 3236 Τὸ
2173 3183 2470 3252 καύχημα.
2518 3183 2637 3237 Ἵνα
2672 3183 2782 3253 γὰρ
2815 3185 2890 3255 μὴ
2930 3183 3065 3256 λέγῃ
3103 3201 3206 3248 τις,
3242 3185 3324 3237 ὅτι
3353 3187 3516 3237 Ποιεῖ
3540 3183 3628 3254 μὲν

2058 3264 2210 3328 αὐτὸ,
2261 3265 2320 3318 οὐ
2371 3266 2574 3338 χαίρων
2621 3267 2698 3334 δὲ,
2734 3267 2871 3320 ἀλλά
2905 3267 3104 3321 στένων
3144 3267 3238 3321 xal
3275 3267 3626 3336 ὀδυνώμενος,

2057 3343 2158 3413 τὴν
2188 3344 2491 3416 ὑπερϐολὴν
2548 3345 2648 3417 τῆς
2691 3347 2868 3416 χαρᾶς
2925 3344 3097 3412 δεῖξαι
3159 3346 3330 3399 θέλων
3381 3347 3482 3399 καὶ⁵
3540 3345 3628 3414 τὴν

2061 3427 2376 3496 περιουσίαν
2406 3429 2504 3498 τῆς
2535 3427 2862 3499 προθυμίας,
2893 3429 2988 3480 καὶ
3017 3428 3284 3499 καύχημα
3315 3429 3376 3481 τδ
3403 3429 3628 3498 πρᾶγμα

2059 3509 2232 3562 καλεῖ.
2261 3510 2526 3563 Τοσοῦτον
2554 3511 2780 3580 ἀπεῖχεν
2805 3510 3114 3576 ὀδυνᾶσθαι,
3140 3513 3222 3566 ὅτι
3249 3512 3346 3564 καὶ
3367 3512 3628 3580 καυχᾶται

2060 3591 2154 3644 καὶ
2174 3592 2464 3646 ἀποθανεῖν
2500 3595 2736 3664 αἱρεῖται
2774 3593 2994 3664 μᾶλλον,
3023 3595 3056 3664 ἢ
3091 3597 3348 3648 ἐκπεσεῖν
3373 3594 3472 3646 τοῦ
3509 3609 3629 3646 καν-

2059 3673 2127 3744 χή
2137 3690 2304 3743 ματος
2329 3674 2539 3730 τούτου.
2567 3675 2725 3730 Οὕτω
2750 3676 2844 3730 καὶ
2871 3675 3016 3747 ζωῆς
3043 3677 3192 3747 αύτῷ
3217 3676 3550 3748 γλυκύτερον
3569 3671 3629 3744 ἦν

2058 3755 2119 3808 τὸ
2145 3756 2452 3823 γινόμενον.

2133 3839 2197 3910 β’.
2228 3835 2360 3894 Εῖτα
2389 3841 2482 3895 καὶ
2504 3841 2769 3914 ἑτέρωθεν
2814 3843 3034 3914 ἐπαίρει
3084 3845 3235 3908 αὐτὸ,
3262 3845 3357 3898 καὶ
3405 3843 3630 3896 δείκνυσι

2063 3921 2204 4000 μέγα
2219 3921 2298 3987 ὃν,
2315 3923 2413 3993 οὐχ
2430 3923 2515 3977 ἵνα
2534 3923 2723 3978 ἑαυτὸν
2743 3925 2992 3997 λαμπρὸν
3019 3929 3296 4000 ἀποφήνῃ·
3322 3929 3512 4000 πόρρω
3529 3928 3629 3998 γάρ

2059 3997 2214 4066 οὗτος
2241 4005 2450 4059 ἐκείνου
2483 4007 2577 4060 τοῦ
2613 4007 2850 4071 πάθους·
2881 4009 2994 4061 ἀλλ’
3025 4009 3112 4064 ἵνα
3149 3997 3299 4083 δείξῂ
3325 3997 3410 4064 ὅτι
3437 3997 3627 4081 χαίρει,

2059 4087 2155 4140 καὶ
2178 4086 2278 4157 τὴν
2300 4087 2534 4158 ὑποψίαν
2559 4091 2623 4144 ὲκ
2649 4092 2965 4162 περιουσίας
2989 4093 3174 4164 ἀνέλῃ.
3205 4094 3305 4146 Διά
3331 4095 3440 4164 γὰρ
3459 4093 3627 4154 τοῦτο,

2059 4169 2136 4231 ὡς
2165 4167 2334 4238 ἔφθην
2359 4171 2547 4234 εἰπὼν,
2579 4175 2674 4226 καὶ
2706 4173 2965 4245 καύχημα
2997 4177 3128 4229 αὐτὸ
3157 4177 3406 4230 ἐκάλεσε.
3437 4177 3544 4228 Kal
3581 4173 3630 4228 τί

2060 4267 2254 4320 (Now;
2319 4251 2459 4306 Ἐὰν
2513 4253 2624 4322 γὰρ
2665 4256 3146 4326 εὐαγγελίζωμαι,
3197 4260 3310 4312 οὐκ
3359 4257 3494 4312 ἐστι
3535 4273 3630 4326 μοι

2061 4335 2342 4402 καύχημα
2365 4349 2377 4363 ·
2427 4336 2660 4406 ἀνάγκη
2707 4337 2816 4408 γάρ
2861 4357 2964 4408 μοι
3013 4341 3332 4394 ἐπίκειται·
3389 4341 3524 4394 οὐαί
3567 4337 3632 4390 δὲ

2057 4417 2161 4485 μοι
2195 4417 2387 4482 ἐστιν,
2438 4419 2548 4472 ἐὰν
2587 4419 2673 4489 μὴ
2707 4413 3164 4492 εὐαγγελίζωμαι
3183 4424 3203 4475 !
3229 4425 3300 4476 El
3337 4424 3450 4492 γὰρ
3481 4423 3632 4476 ἑκὼν

2059 4497 2235 4552 τοῦτο
2262 4499 2538 4566 πράσσω,
2568 4503 2795 4570 μισθὸν·
2833 4505 2952 4573 ἔχω
2971 4521 2986 4534 ·
3017 4507 3068 4558 εί
3099 4505 3168 4559 δὲ
3193 4506 3376 4568 ἄκων,
3403 4507 3630 4559 οἰκονοο

2052 4581 2202 4648 μίαν
2239 4583 2659 4652 πεπίστευμαι.
2717 4587 2812 4653 Τίς
2841 4581 2957 4642 οὖν
2988 4589 3094 4656 μοί
3121 4589 3292 4642 ἐστιν
3325 4589 3360 4641 d
3379 4587 3626 4656 μισθός

2062 4663 2198 4717 Ἵνα
2233 4667 2777 4737 εὐαγγελιζόμενος,
2815 4669 3132 4726 ἀδάπανον
3162 4671 3329 4738 θήσω
3363 4672 3428 4724 τὸ
3457 4674 3626 4738 ebur

2059 4747 2261 4817 τέλιον
2280 4749 2384 4803 τοῦ
2413 4749 2692 4817 Χριστοῦ,
2718 4755 2805 4819 είς
2835 4755 2902 4806 τὸ
2924 4753 3011 4822 μὴ
3039 4753 3538 4822 καταχρήσασθαι
3557 4749 3626 4820 τῇ

2057 4829 2308 4896 ἐξουσίᾳ
2359 4848 2480 4898 μου
2519 4833 2592 4886 ἐν
2641 4833 2722 4899 τῷ
2780 4837 3132 4904 εὐαγγελίῳ.
3171 4837 3234 4888 Τί
3277 4837 3476 4904 λέγεις,
3513 4837 3622 4888 εἰπέ

2063 4928 2185 4980 μοις
2235 4913 2332 4964 ὲάν
2369 4915 2714 4988 εύαγγελίζῃ,
2755 4917 2855 4971 οὐκ
2894 4919 3008 4971 ἔστι
3064 4937 3164 4972 σοι»
3191 4919 3475 4989 καύχημα,
3515 4919 3622 4972 ἀλλ’

2059 4995 2156 5047 ἐὰν
2188 4995 2459 5048 ἀδάπανον
2487 4998 2585 5068 θῇς
2623 5001 2684 5051 τὺ
2713 5001 3060 5068 εύαγγέλιον;
3093 5002 3288 5056 οὐκοῦν
3325 5003 3486 5055 τοῦτο
3518 5005 3626 5071 μεῖ-

2061 5076 2150 5142 ζον
2177 5078 2415 5142 ἐκείνους
2443 5081 2708 5150 Οὐδαμῶς
2727 5100 2741 5113 ·
2771 5083 2886 5136 ἀλλ’
2917 5083 3186 5153 ἑτέρωθεν
3211 5085 3324 5154 ἔχει
3353 5103 3407 5137 τι
3436 5086 3620 5137 πλέον·

2059 5160 2138 5213 ὅτι
2167 5159 2226 5212 τὸ
2258 5163 2358 5228 μέν
2395 5164 2540 5216 ἐστιν
2573 5165 2870 5236 ἐπίταγμα,
2903 5165 2963 5219 τὸ
2994 5167 3050 5219 δὲ
3075 5167 3176 5235 τῆς
3208 5168 3348 5236 ἐμῆς
3371 5167 3620 5236 προαιρέ-

2062 5259 2200 5304 σεως
2235 5244 2585 5314 κατόρθωμα.
2651 5248 2716 5299 Ἀ
2763 5249 2862 5317 μὲν
2917 5250 3028 5319 γάρ
3083 5249 3223 5320 ὑπὲρ
3260 5250 3360 5320 τὴν
3411 5249 3622 5317 ἐντολὴν

2059 5325 2289 5391 γίνεται,
2330 5327 2496 5380 πολὺν
2525 5327 2640 5397 ἔχει
2669 5330 2762 5382 τὸν
2807 5331 3000 5400 μισθὸν
3027 5333 3172 5384 κατά
3196 5331 3358 5384 τοῦτο
3381 5347 3394 5362 ·
3425 5331 3460 5384 ἃ
3487 5333 3542 5384 δὲ
3568 5333 3620 5381 ἑν

2060 5407 2276 5475 ἐντολῆς
2303 5407 2476 5472 τάξει,
2503 5411 2563 5461 οὐ
2609 5411 2882 5466 τοσοῦτον.
2915 5414 3074 5465 Ὥστε
3101 5414 3246 5467 κατὰ
3281 5414 3436 5467 τοῦτό
3471 5429 3616 5483 φησι,

2056 5488 2214 5540 τοῦτο
2261 5491 2468 5542 ἐκείνου
2515 5491 2676 5544 πλέον
2732 5490 2889 5558 εἶναι,
2921 5497 2981 5547 ού
3012 5497 3132 5548 κατ’
3159 5497 3328 5568 αὐτὴν
3357 5496 3446 5548 τοῦ
3487 5495 3618 5560 πρά-

2057 5587 2264 5638 γματος
2293 5571 2390 5640 τὴν
2441 5573 2622 5640 φύσιν.
2661 5576 2726 5628 Τί
2750 5577 2856 5647 γάρ
2877 5578 2968 5631 τοῦ
3013 5579 3246 5650 κηρῦξαι
3279 5581 3420 5644 ίσονς
3453 5577 3616 5630 Ἰοῦτο

2059 5656 2166 5722 γὰρ
2215 5655 2308 5708 καὶ
2364 5656 2500 5723 πρὸς
2547 5659 2674 5722 τοὺς
2727 5659 2990 5726 ἀγγέλους
3041 5664 3238 5727 αὐτοὺς
3299 5661 3612 5734 ἁμιλλᾶσθαι
