3826 6216
201 257 283 321 181
1205 248 1272 304 ΙΝ
1310 245 1523 305 EPIST.
1570 246 1586 301 Ι

1464 456 1808 518 HOMILIA
1848 456 2058 519 XXII.

187 638 311 707 αλιι.
348 633 403 689 9.
445 648 500 688 v.
540 632 629 686 15.
685 627 911 684 Nescitis
952 625 1090 697 quod
1127 625 1215 694 qui
1262 639 1410 678 sacra
1459 634 1757 695 operantur,

255 744 313 783 et;
338 723 564 780 sacrario
588 722 756 776 vivunt
777 719 803 775 2’
827 719 913 788 qui
937 719 1091 774 altari
1111 717 1416 782 deserviunt,
1466 730 1579 767 cum
1607 713 1759 765 altari

258 802 604 892 participant?
654 816 742 871 Η.
793 812 880 868 Ita
912 822 961 866 et
1001 810 1247 865 Dontinus
1275 808 1524 863 ordinavit
1555 807 1638 872 iis,
1674 806 1760 876 qui

256 910 564 980 evangelium
591 905 914 971 annuntiant,
952 903 1017 957 de
1043 902 1300 974 evangelio
1327 902 1509 955 vivere.

258 1005 305 1058 l.
344 1002 563 1058 Multum
586 1008 738 1055 curat
764 995 1050 1052 ostendere
1074 1010 1179 1049 non
1210 1008 1332 1050 esse
1358 998 1585 1047 vetitum
1614 989 1759 1046 acci-

197 1110 329 1169 pere.
361 1093 588 1162 Ideoque
613 1105 734 1145 cum
779 1095 857 1143 tot
888 1096 1140 1155 tantaque
1177 1093 1334 1137 antea
1377 1082 1622 1145 dixisset,
1654 1095 1759 1134 non

191 1191 313 1245 satis
349 1186 554 1251 habuit,
607 1182 701 1239 sed
727 1182 890 1237 etiam
914 1179 983 1234 ad
1014 1178 1185 1248 legem
1216 1174 1477 1246 procedit,
1511 1174 1759 1238 praebens

192 1256 490 1350 exemplum
523 1277 687 1350 priori
712 1271 1136 1331 convenientius.
1181 1267 1297 1324 Non
1351 1268 1493 1322 enim
1539 1281 1637 1336 par
1675 1280 1763 1320 res

188 1383 299 1429 erat
324 1373 486 1426 boves
514 1369 565 1423 in
593 1367 827 1421 medium
857 1362 1144 1423 adducere,
1194 1368 1250 1414 et
1274 1359 1444 1426 legem
1487 1355 1554 1409 de
1579 1370 1763 1408 sacer-

187 1465 396 1525 dotibus
423 1462 623 1517 dlserte
649 1458 809 1512 latam
848 1454 1062 1510 aﬂ'erre.
1088 1450 1365 1520 Perpende
1409 1458 1587 1502 autem
1634 1444 1764 1499 mihi

186 1559 344 1613 etiam
376 1556 431 1609 in
462 1553 564 1608 hoc
592 1550 739 1607 Pauli
770 1545 1134 1619 prudentiam,
1163 1558 1320 1614 quam
1347 1540 1543 1595 decore
1568 1548 1625 1594 et
1652 1552 1765 1591 ma-

185 1651 376 1723 gniﬁce
414 1661 532 1701 rem
569 1649 849 1698 memoret.
893 1637 1076 1709 Neque
1100 1636 1241 1691 enim
1283 1633 1420 1689 dixit
1449 1651 1462 1687 :
1490 1630 1589 1723 Qui
1613 1644 1764 1723 saera

185 1719 474 1811 operantur
512 1736 579 1791 ab
624 1731 971 1789 offerentibus
1013 1728 1313 1798 accipiunt;
1345 1723 1439 1779 Sed
1466 1721 1631 1794 quid?
1683 1719 1767 1774 Ea:

183 1832 409 1886 sacrario
441 1829 649 1893 vivunt;
702 1834 758 1878 ut
786 1837 886 1879 nec
931 1821 1255 1890 accipientes
1287 1817 1483 1887 probro
1519 1813 1764 1869 allician-

186 1902 318 1989 tur,
369 1936 468 1976 uec
508 1919 597 1990 qui
646 1915 888 1989 praebent
932 1912 1277 1969 extollantur.
1324 1908 1662 1976 Quapropter
1710 1902 1766 1957 id

182 2016 328 2089 quod
377 2014 618 2085 sequitur
655 2011 734 2067 sic
777 2009 972 2080 posuit.
1002 2006 1183 2076 Neque
1206 2004 1292 2058 hic
1319 2002 1462 2055 enim
1490 1996 1767 2089 dixit,Qui

176 2088 340 2165 altari
365 2106 626 2171 assident,
651 2103 720 2159 ab
745 2100 1141 2157 immolantibus
1169 2095 1472 2165 accipiunt;
1501 2091 1618 2156 sed,
1641 2088 1770 2146 Cum

179 2202 339 2271 altari
363 2198 687 2270 participant.
721 2193 854 2249 Nam
875 2206 994 2262 qua:
1015 2190 1196 2245 oblata
1227 2186 1458 2252 fuerant,
1489 2198 1597 2238 non
1629 2182 1766 2236 ultra

179 2292 528 2349 otTerenlium
561 2296 736 2354 erant,
776 2285 870 2341 sed
902 2283 1120 2339 sacrarii
1161 2291 1216 2336 et
1237 2279 1442 2335 altaris.
1467 2277 1577 2332 Nec
1600 2276 1766 2340 dixit,

177 2367 349 2442 Sacra
370 2382 655 2452 accipiunt,
681 2378 796 2443 sed,
818 2376 901 2433 Ea:
922 2376 1146 2431 sacrario
1168 2372 1369 2433 vivunt:
1389 2385 1574 2426 rursus
1590 2378 1771 2424 osten-

175 2480 324 2533 dens
350 2475 768 2531 moderationem
790 2513 806 2536 ,
848 2480 903 2525 et
943 2467 1085 2540 quod
1114 2482 1221 2521 non
1243 2474 1493 2537 oporteat
1516 2462 1771 2533 pecunias

177 2573 447 2638 coliigerc
474 2583 572 2624 nec
599 2565 776 2621 ditari.
806 2563 862 2619 Si
890 2573 1068 2618 autem
1094 2559 1242 2625 dicit,
1280 2559 1405 2614 Cum
1431 2557 1583 2611 altari
1613 2555 1774 2625 parti-

173 2665 383 2731 cipant,
432 2674 534 2713 non
556 2674 622 2713 ex
648 2671 802 2726 aequo
832 2654 1021 2709 iactam
1050 2650 1477 2706 distributionem
1499 2648 1648 2711 dicit,
1676 2645 1773 2701 sed

177 2755 236 2810 id
264 2752 410 2823 quod
439 2767 508 2806 ex
537 2749 719 2805 debito
741 2748 898 2802 datur
918 2746 996 2801 eis
1018 2745 1286 2799 solatium.
1307 2742 1467 2812 Atqui
1487 2741 1640 2810 longe
1660 2753 1775 2793 ma-

167 2849 308 2917 jora
339 2844 477 2914 apud
504 2842 774 2914 apostolos
802 2848 976 2896 erant.
1027 2836 1137 2891 lllic
1161 2838 1303 2891 enim
1334 2834 1507 2888 honor
1532 2840 1649 2887 erat
1684 2844 1776 2883 sa-

172 2940 529 3002 cerdotium;
557 2936 645 2991 hic
668 2944 844 2989 autem
879 2930 1140 3002 pericula,
1162 2927 1523 2999 jugulationes
1538 2967 1554 2990 ,
1577 2923 1773 2979 caedes.

174 3034 324 3089 Ideo
349 3030 596 3086 omnibus
619 3028 739 3082 aliis
759 3026 1019 3095 exemplis
1040 3024 1194 3101 longe
1224 3020 1397 3089 majus
1418 3026 1536 3074 erat
1558 3016 1610 3071 id
1635 3014 1776 3085 quod

171 3130 346 3188 dicit.
381 3126 443 3181 Si
472 3141 562 3180 nos
596 3122 733 3178 vobis
753 3118 1043 3191 spiritantia
1068 3115 1440 3170 seminavimus.
1468 3110 1601 3165 Cum
1632 3109 1777 3163 enim

167 3220 347 3281 dicit,
372 3216 766 3278 Seminavimus,
795 3216 1163 3279 tempestates,
1194 3202 1450 3275 pericula,
1480 3199 1701 3255 insidias
1724 3206 1780 3253 et

170 3308 578 3367 inenarrabilia
612 3305 748 3360 mala
791 3299 1045 3362 ostendit,
1071 3314 1190 3368 quae
1238 3293 1572 3349 sustinebant
1612 3292 1646 3345 ii
1688 3288 1779 3360 qui

171 3401 580 3475 praedicabant.
598 3399 846 3453 Attamen
868 3394 967 3450 etsi
994 3402 1136 3446 tanta
1163 3397 1310 3445 esset
1334 3385 1667 3450 excellentia,
1685 3399 1781 3437 no-

169 3498 293 3551 luit
327 3510 387 3549 ea
413 3508 531 3563 quae
562 3491 760 3545 veteris
788 3494 943 3544 erant
972 3484 1104 3554 legis
1128 3481 1453 3551 deprimere,
1489 3492 1661 3547 neque
1684 3491 1778 3530 sua

164 3590 459 3645 extollere
480 3604 492 3640 :
514 3585 607 3641 sed
626 3597 720 3639 sua
744 3576 1137 3653 quodammodo
1157 3573 1485 3646 comprimit,
1505 3587 1609 3627 non
1628 3588 1657 3626 a
1684 3585 1780 3641 pe-

163 3681 406 3745 riculis,
432 3677 525 3733 sed
550 3692 579 3731 a
604 3672 968 3746 magnitudine
991 3669 1114 3725 doni
1138 3669 1272 3725 dans
1296 3666 1371 3721 illi
1389 3664 1780 3721 excellentiam.

162 3776 328 3832 Non
360 3774 506 3827 enim
530 3771 685 3834 dixit,
708 3769 762 3823 Si
797 3768 1039 3839 pericula
1060 3766 1314 3829 adiimus,
1345 3762 1393 3820 si
1429 3762 1552 3817 vita:
1577 3766 1779 3815 nostra:

162 3882 315 3920 non
339 3862 745 3925 consuluimus,
770 3858 884 3925 sed,
907 3858 966 3914 Si
977 3875 1069 3913 nos
1081 3858 1224 3912 vobis
1236 3852 1780 3925 spiritualiasemina-

160 3959 374 4012 vimus
390 3973 407 4011 :
423 3963 477 4009 et
494 3969 616 4023 qua:
634 3959 762 4006 sunt
794 3949 1160 4013 sacerdotum,
1180 3952 1441 4015 quantum
1470 3943 1585 3997 ﬁeri
1603 3947 1783 4013 potest

151 4044 415 4100 extollit
456 4042 641 4097 dicens
674 4059 689 4096 :
721 4040 824 4105 Qui
851 4053 999 4094 sacra
1025 4047 1335 4107 operantur,
1397 4046 1445 4091 et
1495 4036 1583 4106 qui
1632 4033 1787 4087 altari

149 4137 463 4199 assident;
505 4142 817 4203 perpetuam
857 4131 1069 4185 illorum
1107 4128 1418 4183 servitutem
1442 4135 1496 4180 et
1526 4140 1781 4196 perseve-

146 4230 434 4288 rantiam
466 4229 652 4281 volens
681 4224 985 4280 ostendere.
1032 4224 1098 4277 Et
1132 4236 1253 4277 cum
1281 4220 1505 4274 dixisset
1535 4218 1787 4274 sacerdo-

144 4339 268 4384 tes
312 4324 419 4395 qui
459 4329 585 4377 sunt
620 4319 759 4391 apud
785 4317 1020 4382 Judteos,
1049 4326 1103 4370 et
1136 4314 1347 4369 Levitas
1376 4321 1430 4367 et
1456 4312 1743 4367 Pontiﬁces
1767 4353 1783 4375 ,

138 4429 463 4485 utrosque
508 4413 725 4467 ordines
777 4410 996 4473 indicat,
1037 4416 1094 4464 et
1118 4407 1206 4478 qui
1249 4414 1373 4461 sunt
1409 4405 1691 4460 inferiores
1732 4412 1787 4458 et

129 4511 269 4582 qui
310 4507 640 4576 superiores,
667 4505 800 4559 alios
819 4502 1033 4573 quidem
1058 4514 1177 4557 eum
1197 4498 1345 4563 dicit,
1381 4498 1478 4564 Qui
1504 4514 1648 4551 sacra
1668 4514 1789 4565 ope-

124 4613 418 4666 rantur;
455 4599 590 4652 alios
620 4612 746 4651 vero
775 4612 895 4650 cum
922 4594 1080 4661 dicit,
1115 4595 1213 4659 Qui
1239 4593 1387 4646 altari
1414 4592 1658 4646 assident.
1682 4590 1785 4645 Ne-

118 4712 293 4769 que
335 4693 484 4748 enim
516 4691 766 4747 omnibus
792 4704 956 4743 unum
981 4704 1114 4757 opus
1142 4684 1447 4741 mandatum
1492 4694 1644 4750 erat,
1691 4682 1786 4737 sed

110 4790 315 4847 aliis
364 4785 663 4847 crassiora,
692 4782 813 4837 aliis
849 4781 1035 4835 altiora
1065 4777 1371 4834 concredita
1401 4776 1632 4831 fuerant.
1676 4775 1784 4831 llos

111 4885 366 4955 igitur
389 4892 581 4933 omnes
604 4876 917 4947 complexus
935 4915 949 4937 ,
979 4888 1045 4927 ne
1072 4873 1191 4941 quis
1217 4871 1440 4936 diceret,
1473 4869 1578 4924 Cur
1604 4878 1787 4922 vetera

102 4975 361 5034 nobis
389 4971 745 5026 memorasti?
784 4968 959 5024 nescis
992 4966 1368 5036 perlectiorum
1413 4962 1783 5017 mandatorum

100 5068 358 5127 nobis
385 5080 510 5121 esse
538 5062 786 5132 tempus?
828 5069 948 5129 post
991 5059 1076 5114 illa
1116 5057 1318 5118 omnia,
1356 5054 1497 5124 quod
1536 5052 1786 5109 omnibus

91 5168 265 5223 ﬁer
286 5161 397 5216 ius
429 5167 548 5212 erat
572 5156 749 5225 posuit
776 5154 961 5208 dicens
990 5167 1004 5206 :
1045 5150 1129 5205 Ita
1169 5160 1219 5206 et
1249 5148 1499 5203 Dominus
1534 5147 1786 5202 ordinavit

87 5265 225 5320 iis,
326 5255 427 5323 qui
452 5252 763 5320 evangelium
786 5246 1111 5311 annuntiant,
1143 5245 1206 5299 de
1232 5245 1488 5314 evangelio
1511 5242 1693 5296 uiuere.
1719 5239 1787 5294 Et

80 5362 381 5419 neque
427 5345 531 5399 hoc
562 5344 714 5407 dicit,
743 5343 825 5397 Ali
854 5341 921 5395 ab
951 5339 1295 5399 hominibus;
1326 5336 1419 5391 sed
1454 5336 1591 5392 sicut
1612 5336 1664 5389 in
1693 5350 1786 5389 sa-

75 5437 537 5502 cerdotibus,
594 5433 678 5489 Ex
719 5449 883 5498 sacro,
931 5440 984 5486 et
1026 5428 1109 5485 Ea:
1151 5429 1320 5491 altari,
1372 5429 1441 5482 ita
1479 5436 1534 5483 et
1563 5427 1670 5491 hic,
1702 5424 1787 5480 Ea:

66 5530 483 5604 evangelio,
509 5529 637 5583 dicit
662 5546 676 5583 :
706 5536 759 5583 et
779 5526 915 5581 sicut
938 5525 1049 5579 illic
1079 5523 1262 5586 Edere,
1294 5523 1363 5576 ita
1389 5530 1445 5577 et
1464 5521 1550 5576 hic
1580 5519 1751 5575 Vivere
1767 5536 1788 5583 ;

68 5642 267 5688 tum
302 5629 703 5677 .Inercaturam
731 5617 910 5672 facere
947 5615 1032 5671 vel
1065 5614 1447 5670 thesaurizare.
1486 5611 1689 5683 Dignus
1714 5621 1787 5665 est

54 5721 379 5783 cuius,
407 5711 595 5783 inquit,
636 5711 898 5779 operarius
925 5706 1149 5761 mercede
1185 5722 1277 5761 sua
1301 5704 1512 5779 (Matth.
1551 5704 1638 5759 l0.
1671 5704 1782 5777 10).

522 5804 793 5863 Pnaon.
839 5800 955 5861 Gtt.
998 5796 1159 5858 LXI.

1651 244 1741 300 AD
1778 242 1935 299 COR.
1978 240 2206 297 llOMlL.
2250 238 2417 297 XXII.

3350 252 3451 308 l82

3184 388 3449 399 “-m-

1868 623 1955 677 15.
1990 622 2102 691 Ego
2137 632 2305 678 autem
2338 623 2480 679 nullo
2508 626 2686 680 Itorum
2715 642 2835 681 usus
2864 643 2997 682 sum.
3027 628 3161 694 Quid
3194 638 3303 683 tum
3324 670 3338 695 ,
3367 634 3453 685 itt-

1867 714 2040 780 quies,
2069 714 2111 768 si
2144 730 2283 769 nunc
2312 730 2419 770 non
2446 731 2575 771 usus
2603 731 2683 783 es,
2713 718 2765 772 in
2805 718 2986 774 futuro
3014 730 3192 775 autem
3221 724 3301 775 vis
3333 724 3407 775 uti
3434 763 3451 781 .

1866 815 1920 859 et
1950 816 2231 876 pr0pterea
2263 807 2378 863 htec
2404 808 2575 863 dicis?
2604 811 2783 880 Apage
2808 828 2822 876 ;
2853 812 3031 866 statim
3072 828 3302 884 namque
3330 830 3457 881 pro-

1869 908 2050 965 pterea
2075 913 2201 952 usus
2229 910 2315 954 est
2344 902 2699 966 correctione,
2729 903 2806 956 sic
2846 903 3033 959 dicens
3067 922 3080 959 :
3116 903 3239 958 Non
3267 908 3450 974 scripsi

1868 1000 2037 1043 autem
2062 992 2199 1055 hate,
2226 1002 2281 1045 ut
2309 992 2383 1046 sic
2400 993 2492 1061 fiat
2517 994 2570 1046 in
2600 1010 2699 1049 me.
2743 994 2809 1048 Et
2836 994 2959 1050 vide
2984 1011 3105 1051 cum
3134 1008 3329 1067 quanta
3357 1014 3453 1053 vc-

1870 1083 2137 1139 hementia
2160 1100 2273 1140 rem
2301 1094 2455 1155 negat
2481 1096 2534 1141 et
2559 1086 2777 1157 depellit
2811 1106 2824 1141 :
2856 1086 3058 1143 Bonum
3079 1099 3150 1144 est
3170 1092 3303 1144 enim
3328 1091 3458 1145 mihi

1869 1178 2033 1246 magis
2078 1178 2229 1244 mori,
2276 1195 2428 1247 quam
2457 1190 2509 1232 ut
2537 1178 2756 1251 gloriam
2786 1198 2947 1234 meam
2973 1183 3087 1251 quis
3112 1193 3340 1237 evacuet.
3390 1184 3460 1239 Et

1870 1283 1975 1322 non
2005 1269 2195 1335 semel,
2228 1284 2402 1339 neque
2428 1271 2530 1336 bis,
2573 1270 2668 1326 sed
2709 1274 2905 1341 saepius
2934 1276 3033 1328 hac
3059 1276 3226 1328 utitur
3253 1274 3451 1330 dictio-

1870 1374 1938 1415 ne
1968 1377 1981 1413 :
2014 1377 2133 1414 nam
2157 1369 2214 1417 et
2242 1362 2491 1432 superius
2517 1362 2650 1417 dixit
2677 1381 2689 1417 :
2724 1362 2844 1418 Non
2883 1366 2961 1418 usi
2987 1383 3163 1420 sumus
3189 1366 3283 1420 hac
3307 1377 3456 1437 poto-

1869 1463 2035 1515 state;
2081 1465 2136 1509 et
2178 1465 2363 1522 postea
2411 1472 2647 1520 rursum,
2701 1456 2769 1512 Ut
2807 1475 2906 1512 non
2940 1459 3124 1513 abutar
3169 1477 3278 1513 mea
3317 1471 3459 1530 pote-

1870 1554 1996 1598 state
2019 1562 2037 1610 ;
2077 1554 2133 1599 et
2161 1545 2247 1600 hic
2278 1567 2292 1600 :
2325 1546 2436 1618 Ego
2462 1558 2630 1603 autem
2658 1550 2799 1603 nullo
2828 1550 3009 1604 Itorum
3036 1568 3156 1606 usus
3184 1570 3316 1606 sum.
3350 1552 3460 1607 Ho-

1869 1651 2032 1691 rum:
2070 1640 2336 1707 quorum?
2379 1639 2665 1695 Multorum
2711 1642 3100 1710 exemplorum.
3134 1643 3268 1699 Cum
3312 1646 3456 1699 enim

1870 1731 2033 1784 multa
2064 1731 2191 1786 mihi
2225 1743 2545 1802 poIeSIatem
2584 1736 2908 1805 praeberent,
2964 1738 3145 1803 miles.
3198 1741 3455 1809 agricola,

1872 1832 2075 1891 pastor,
2106 1825 2358 1891 apostoli,
2381 1826 2487 1887 lex,
2513 1841 2577 1881 ea
2601 1842 2722 1894 qua:
2749 1842 2779 1881 a
2810 1828 2966 1881 nobis
2996 1828 3049 1883 in
3076 1844 3172 1883 vos
3204 1830 3356 1893 ﬁunt,
3389 1846 3453 1885 ea

1873 1930 1989 1984 qua!
2017 1930 2045 1969 a
2076 1917 2224 1970 vobis
2248 1917 2298 1970 in
2325 1917 2477 1983 alios,
2506 1918 2837 1982 sacerdotes,
2867 1931 3193 1989 praeceptum
3217 1922 3415 1977 Christi
3442 1942 3457 1978 :
3488 1962 3489 1965 η

1874 2004 2000 2059 nulli
2028 2005 2217 2060 horum
2246 2006 2633 2079 obtemperavi,
2661 2019 2718 2063 ut
2745 2009 2918 2080 legem
2943 2026 3118 2065 meam
3142 2013 3461 2083 abrogarem

1872 2106 1927 2152 et
1953 2098 2275 2170 acciperem.
2299 2099 2409 2157 Nec
2434 2101 2565 2156 mihi
2587 2101 2736 2157 dicas
2774 2102 2862 2157 illa
2891 2118 3012 2173 quae
3040 2106 3412 2172 prteterierunt
3444 2125 3462 2164 :

1874 2190 2085 2246 etiamsi
2126 2191 2331 2262 possim
2378 2191 2582 2258 dicere,
2614 2209 2703 2249 me
2751 2195 2918 2249 multa
2944 2196 3148 2264 pridem
3177 2206 3462 2267 propterea

1878 2298 2089 2350 passum
2116 2297 2237 2339 esse
2268 2284 2543 2339 :attamen'
2581 2299 2687 2339 non
2732 2285 2839 2339 illis
2886 2295 3092 2340 tantum
3137 2289 3316 2352 nitor;
3367 2288 3462 2342 sed

1874 2374 2034 2428 etiam
2050 2374 2118 2430 de
2146 2373 2336 2431 futuris
2366 2376 2642 2446 polliceor,
2662 2392 2747 2432 me
2772 2378 2932 2433 malle
2955 2379 3088 2433 mori
3120 2379 3279 2442 fame,
3303 2396 3463 2449 quam

1876 2466 1959 2521 his
1992 2467 2209 2522 coronis
2240 2467 2456 2537 privari.
2487 2468 2687 2523 Bonum
2708 2478 2781 2526 est
2808 2471 2943 2524 enim
2970 2471 3092 2525 mihi
3121 2473 3283 2541 magis
3309 2473 3462 2538 mori,

1877 2563 2063 2633 inquit,
2085 2580 2234 2634 quam
2262 2573 2318 2617 ut
2344 2564 2561 2634 gloriam
2592 2580 2754 2618 memn
2776 2565 2887 2635 quis
2915 2575 3135 2620 evacuet.
3162 2566 3276 2620 Non
3305 2565 3464 2626 dixit,

1877 2670 2035 2724 quam
2061 2664 2118 2709 ttt
2146 2655 2317 2726 legem
2344 2671 2518 2711 meant
2546 2656 2664 2726 quis
2694 2658 2898 2719 solvat,
2926 2657 3020 2712 sed
3044 2700 3059 2723 ,
3085 2656 3337 2714 Gloriam.
3388 2657 3467 2712 Ne

1877 2750 1995 2819 quis
2033 2749 2176 2804 enim
2206 2750 2368 2815 dicat,
2402 2751 2575 2819 ipsum
2607 2751 2707 2805 hoc
2739 2750 2956 2819 quidem
2982 2750 3183 2817 facere,
3227 2751 3321 2806 sed
3355 2767 3464 2807 non

1877 2842 2220 2911 gaudentem,
2262 2841 2356 2896 sed
2399 2850 2704 2911 gementem
2745 2852 2800 2896 et
2843 2851 3161 2897 maerentem
3186 2859 3201 2906 ;
3229 2842 3468 2897 laetitiam

1880 2936 2150 3005 ingentem
2193 2934 2481 2990 ostendere
2506 2935 2693 2989 volens
2724 2951 3081 3006 magnamque
3106 2936 3465 3002 alacritatem,

1879 3042 1993 3101 rem
2023 3026 2190 3097 ipsam
2216 3027 2450 3096 appellat
2474 3027 2867 3097 gloriationetn.
2916 3027 3143 3082 Tantum
3184 3028 3369 3083 aberat
3411 3038 3472 3084 ut

1881 3118 2109 3185 doleret,
2157 3128 2213 3172 ttt
2260 3120 2422 3173 etiam
2470 3119 2812 3189 gloriaretur,
2843 3129 2900 3174 et
2930 3120 3063 3173 mori
3095 3120 3265 3183 malit,
3305 3136 3468 3188 quam

1883 3211 1985 3266 hac
2026 3211 2198 3280 gloria
2241 3211 2512 3266 excidere.
2565 3211 2639 3265 lta
2670 3212 2812 3281 quod
2844 3221 2953 3266 tum
2985 3212 3165 3275 ﬁebat,
3217 3213 3336 3283 ipsa
3360 3214 3471 3268 vita

1881 3302 2091 3358 dulcius
2123 3304 2219 3372 ipsi
2247 3312 2384 3358 erat.

1953 3395 2009 3449 2.
2053 3394 2257 3450 Deinde
2300 3395 2515 3450 aliunde
2548 3395 2708 3451 etiam
2750 3395 2800 3450 id
2842 3396 3072 3463 extollit,
3117 3406 3174 3453 et
3220 3412 3472 3469 magnum

1884 3500 2006 3541 esse
2032 3486 2287 3552 ostendit,
2318 3503 2423 3542 non
2454 3497 2511 3543 ut
2534 3503 2594 3543 se
2621 3487 2961 3558 splendidum
2988 3488 3323 3555 declararet;
3347 3506 3474 3562 pro-

1883 3581 1967 3635 cul
1993 3582 2135 3636 enim
2166 3582 2255 3636 ille
2276 3590 2395 3637 erat
2421 3581 2489 3637 ab
2518 3581 2622 3638 hoc
2644 3583 2807 3639 animi
2831 3583 3057 3645 aﬂectu;
3086 3584 3179 3639 sed
3210 3595 3267 3639 ut
3293 3596 3475 3641 osten-

1885 3673 2043 3729 deret
2065 3689 2126 3729 se
2154 3674 2344 3741 laetari,
2373 3683 2428 3730 et
2454 3674 2815 3744 suspicionem
2845 3691 3059 3731 omnem
3079 3675 3147 3731 de
3168 3676 3344 3732 medio
3374 3677 3476 3731 tol-

1886 3766 2041 3821 leret.
2064 3767 2186 3822 Ideo
2202 3767 2368 3833 enim,
2389 3777 2445 3821 ut
2465 3767 2575 3837 jam
2598 3766 2730 3831 dixi,
2754 3784 2870 3824 rem
2898 3778 3054 3824 vocat
3075 3770 3471 3837 gloriationetn.

1886 3859 1953 3914 Et
1978 3859 2103 3928 qttid
2129 3860 2245 3914 ait?
2288 3860 2374 3914 16.
2409 3857 2550 3913 Nam
2577 3861 2621 3914 si
2650 3861 3081 3930 euangelizavero,
3106 3877 3209 3915 non
3235 3871 3306 3915 est
3346 3860 3473 3914 nti/ti

1887 3951 2050 4022 gloria
2073 3969 2093 4017 ;
2125 3952 2392 4006 necessitas
2417 3953 2551 4007 enim
2583 3953 2712 4007 milii
2736 3954 2979 4009 incumbit
3002 3971 3021 4019 ,'
3055 3970 3129 4008 va:
3151 3963 3319 4007 autem
3346 3953 3476 4008 mihi

1887 4053 1981 4109 est,
2010 4044 2053 4096 si
2079 4059 2181 4097 non
2205 4044 2631 4115 euangelizavero.
2666 4046 2753 4100 i7.
2802 4046 2865 4100 Si
2889 4047 3020 4101 enim
3045 4048 3217 4102 volens
3242 4047 3337 4100 hoc
3375 4064 3471 4119 ego

1889 4132 2045 4200 facio,
2086 4133 2364 4187 mercedem
2394 4134 2550 4188 habeo
2577 4152 2596 4188 :
2622 4136 2667 4188 si
2695 4145 2865 4191 autent
2909 4138 3118 4197 invitus,
3160 4136 3473 4206 dispensatio

1889 4225 2014 4277 mihi
2063 4226 2255 4287 credita
2305 4236 2398 4279 est.
2442 4226 2529 4281 18.
2578 4226 2706 4292 Quae
2735 4236 2812 4280 est
2841 4243 2962 4298 ergo
2988 4244 3175 4281 merces
3204 4231 3357 4282 mea?
3402 4227 3474 4284 Ut

1889 4315 2202 4386 evangelium
2227 4317 2531 4386 pradicans.
2561 4318 2669 4371 sine
2697 4327 2901 4388 sumptu
2936 4335 3120 4386 ponam
3155 4320 3470 4389 euangelium

1891 4405 2129 4462 Christi:
2164 4416 2221 4461 ut
2269 4425 2371 4462 non
2414 4407 2592 4462 abutar
2640 4419 2883 4481 potestate
2927 4427 3038 4463 mea
3085 4411 3137 4463 in
3190 4411 3470 4480 evangelio.

1888 4499 2050 4567 Quid,
2084 4515 2286 4571 quaeso,
2316 4501 2495 4555 dicis?
2529 4501 2576 4556 si
2610 4502 2966 4572 evangelizas,
2998 4518 3104 4557 non
3131 4513 3213 4556 est
3239 4504 3330 4557 tibi
3354 4504 3473 4573 glu—

1891 4594 2078 4665 rjatio;
2129 4593 2224 4648 sed
2268 4595 2314 4649 si
2354 4594 2472 4649 sine
2522 4604 2735 4665 sumptu
2767 4610 2935 4665 ponas
2968 4596 3343 4666 evangelium?
3370 4595 3473 4652 hoc

1889 4702 2018 4756 ergo
2046 4686 2218 4756 majus
2241 4695 2326 4743 est
2354 4687 2486 4741 illo?
2529 4687 2912 4757 Nequaquam;
2958 4688 3053 4743 sed
3106 4687 3322 4743 aliunde
3367 4688 3470 4742 ali-

1889 4781 2019 4849 quid
2045 4782 2275 4852 amplius
2308 4781 2508 4847 habet;
2549 4782 2804 4853 quoniam
2849 4782 2990 4836 aliud
3027 4781 3241 4852 quidem
3271 4797 3473 4850 pra'ce-

1892 4883 2036 4943 ptum
2062 4884 2165 4940 est,
2194 4874 2339 4927 aliud
2368 4885 2547 4930 autem
2576 4891 2605 4928 a
2630 4889 2748 4929 mea
2782 4874 3056 4930 voluntate
3086 4876 3340 4944 praeclare
3368 4891 3469 4945 ge-

1890 4976 2030 5019 stum
2071 4974 2173 5020 est.
2221 4964 2353 5019 Nam
2384 4981 2504 5035 qum
2531 4981 2691 5036 supra
2718 4965 3024 5022 mandatum
3059 4967 3213 5029 titmt,
3246 4969 3489 5029 multam.

1889 5058 1970 5111 vel
2002 5056 2125 5112 inde
2152 5056 2455 5113 mercedem
2485 5056 2719 5122 habent;
2744 5074 2864 5126 quae
2892 5066 3071 5114 autem
3105 5072 3171 5113 ex
3194 5058 3466 5124 mandato,

1890 5162 1995 5201 non
2043 5156 2262 5201 tantam.
2307 5147 2491 5217 Itaque
2534 5148 2633 5209 hac
2676 5149 2884 5204 ratione
2908 5149 3057 5215 dicit,
3105 5148 3210 5205 hoc
3237 5150 3326 5203 illo
3346 5165 3471 5206 esse
3532 5152 3537 5163 '

1890 5240 2152 5309 amplius.
2195 5254 2300 5293 non
2341 5238 2632 5295 secundum
2677 5240 2844 5310 ipsam
2896 5242 2973 5295 rei
3020 5251 3260 5295 naturam
3290 5259 3304 5295 :
3337 5240 3463 5311 quid

1890 5334 2031 5385 enim
2057 5330 2419 5402 praedicationi
2441 5346 2534 5401 par
2561 5331 2760 5386 fuerit?
2791 5331 2904 5386 Hoc
2926 5332 3070 5387 enim
3099 5332 3283 5396 et‘t‘tcit,
3304 5342 3361 5386 ut
3388 5331 3464 5385 illi

1891 5440 2011 5479 eum
2040 5423 2243 5494 angelis
2269 5431 2580 5479 concertettt
2610 5441 2623 5477 :
2652 5434 2885 5479 attamen
2914 5424 3165 5494 quoniam
3195 5421 3320 5477 illud
3348 5423 3467 5492 qui-

1891 5517 2015 5570 dem
2065 5523 2387 5585 praeceptum
2435 5521 2519 5569 est
2565 5523 2619 5569 et
2656 5513 2916 5577 debitum,
2948 5514 3047 5571 hoc
3072 5524 3249 5571 autem
3279 5514 3462 5568 liberte

1894 5609 2182 5663 voluntatis
2212 5623 2347 5679 opus
2375 5607 2623 5663 alacriter
2645 5618 2992 5677 susceptum;
3041 5606 3335 5663 secundum
3373 5604 3465 5659 illo

1893 5702 2119 5773 amplius
2144 5711 2245 5758 est.
2294 5700 2417 5758 Ideo
2442 5701 2537 5767 ait,
2578 5700 2678 5757 hoc
2702 5700 2874 5773 ipsum
2911 5700 3288 5773 interpretans~
3314 5697 3457 5769 quod

3075 5791 3148 5851 12
