3856 6354
365 347 467 403 185

342 474 504 544 ςηιιιιε
535 460 645 516 dixi
680 478 693 514 :
721 462 781 517 Si
802 464 935 517 enim
959 461 1129 517 volens
1156 462 1251 516 hac
1276 462 1431 534 facio,
1458 460 1735 516 mercedem
1762 460 1960 523 habeo;

358 570 399 608 st
437 563 605 609 autem
632 554 839 620 invitus,
868 555 1178 627 dispensatio
1203 556 1328 608 mihi
1355 555 1540 608 tradita
1562 562 1631 609 est
1656 571 1673 607 :
1705 553 1831 609 illud
1858 552 1960 608 Vo-

359 651 467 700 tens
524 656 580 702 et
620 645 818 702 Invitus
867 648 1158 717 accipiens.
1191 662 1288 717 pro
1317 662 1382 701 eo
1418 648 1559 715 quod
1594 645 1956 700 concreditum

357 737 443 791 vel
480 748 587 794 non
615 739 983 795 concreditum
1015 752 1117 794 est.
1150 740 1238 796 Sic
1268 740 1431 795 etiam
1467 739 1621 803 illud,
1664 738 1959 793 Necessitas

364 830 492 884 mihi
529 832 796 896 incumbit,
853 831 1257 903 intelligendum
1306 841 1408 894 est,
1442 847 1548 885 non
1588 830 1729 901 quod
1759 829 1956 900 aliquid

367 918 561 976 horum
593 922 791 975 invitus
820 919 1018 985 faciat,
1049 920 1190 976 absit
1216 939 1231 986 ;
1263 920 1357 976 sed
1392 930 1448 975 ut
1476 923 1568 991 qui
1596 921 1666 975 sit
1695 919 1960 973 obnoxius

366 1012 430 1066 iis
463 1028 583 1082 quae
623 1012 770 1084 jussa
811 1024 928 1067 sunt
959 1053 974 1078 ,
1017 1021 1072 1067 et
1113 1012 1181 1067 ad
1231 1011 1628 1068 distinctionem
1680 1010 1944 1066 libertatis

364 1122 485 1174 qua:
514 1105 654 1161 dicta
685 1115 769 1159 est
792 1105 843 1159 in
873 1104 1210 1173 accipiendo.
1243 1104 1471 1174 Ideoque
1498 1103 1779 1173 discipulis
1808 1102 1957 1156 dice-

365 1197 456 1249 lsat
479 1194 724 1251 Christus
755 1213 769 1249 ε
805 1196 931 1250 Cum
963 1197 1135 1250 omnia
1162 1197 1403 1268 feceritis,
1435 1196 1606 1260 dicite,
1651 1193 1797 1249 Servi
1844 1194 1959 1247 inu-

365 1291 476 1346 tiles
501 1309 710 1356 sumus;
734 1308 847 1363 quae
872 1292 1005 1346 enim
1031 1291 1290 1344 debuimus
1318 1294 1507 1361 facere,
1545 1290 1758 1362 fecimus
1800 1286 1954 1361 (Luc.

368 1385 456 1438 l7.
491 1385 603 1454 10).
645 1385 776 1452 Qua:
816 1393 896 1440 est
931 1400 1061 1455 ergo
1090 1399 1301 1438 merces
1329 1382 1486 1437 mea?
1533 1380 1601 1436 Ut
1644 1380 1957 1452 evangelium

367 1477 652 1544 prtedicans
683 1477 794 1530 sine
821 1486 1030 1547 sumptu
1059 1492 1245 1545 ponam
1267 1475 1602 1546 evangelium.
1640 1472 1776 1540 Quid
1804 1486 1954 1542 ergo,

365 1583 549 1638 qiueso
585 1578 657 1635 te,
690 1568 880 1622 Petrus
913 1566 1221 1623 mercedem
1268 1583 1371 1620 non
1402 1564 1599 1620 habet?
1625 1573 1678 1618 et
1700 1564 1820 1634 quis
1842 1579 1959 1616 utu-

365 1675 523 1727 quam
554 1668 752 1713 tantam
785 1659 1052 1722 habuerit,
1081 1667 1334 1730 quautam
1362 1657 1489 1712 ille?
1512 1656 1639 1727 quid
1671 1670 1798 1709 vero
1828 1654 1959 1709 reli-

364 1750 453 1820 qui
479 1752 748 1820 apostoli?
779 1752 1050 1821 quomodo
1076 1767 1206 1821 ergo
1233 1750 1365 1804 dixit
1396 1767 1409 1802 :
1446 1748 1507 1803 Si
1546 1749 1715 1802 volens
1753 1747 1955 1818 quidem

365 1843 459 1895 hoc
482 1859 602 1913 ago,
625 1843 904 1897 mercedem
935 1843 1132 1906 Itabeo;
1163 1843 1207 1894 si
1233 1841 1438 1904 invitus,
1478 1840 1787 1909 dispensatio
1834 1838 1957 1891 mihi

363 1937 556 1988 credita
589 1946 661 1989 est
740 1934 902 1990 Vides
946 1936 1030 1988 hic
1071 1950 1286 2004 quoque
1340 1932 1721 2002 prudentiam?
1772 1930 1954 2001 Neque

363 2028 506 2083 enim
533 2028 687 2093 dixit,
724 2028 780 2084 Si
808 2038 984 2082 autem
1018 2028 1238 2091 invitus,
1274 2041 1377 2080 non
1410 2025 1584 2080 habeo
1614 2023 1953 2087 mercedem;

365 2121 494 2185 sed,
545 2120 874 2191 Dispensatio
920 2123 1045 2175 mihi
1087 2122 1281 2175 credita
1319 2129 1433 2184 est;
1470 2118 1761 2173 ostendens
1790 2133 1849 2172 se
1877 2116 1954 2171 sic

364 2227 575 2281 quoque
608 2213 913 2267 mercedem
944 2212 1162 2275 habere,
1195 2212 1289 2267 sed
1320 2212 1498 2275 talem,
1524 2211 1734 2281 qualem
1766 2209 1833 2275 is,
1862 2210 1953 2279 qui

363 2306 504 2375 quod
520 2304 730 2374 jussum
760 2317 875 2360 erat
902 2315 1229 2376 exsequutus
1252 2314 1368 2371 est;
1399 2320 1505 2359 non
1531 2304 1742 2376 qualem
1772 2304 1836 2365 is.
1862 2304 1952 2373 qui

366 2413 431 2450 ex
476 2407 622 2451 metu
676 2413 775 2453 suo
819 2398 1071 2453 alacriter
1097 2409 1423 2468 pra'eeptnm
1452 2399 1750 2466 superavit.
1798 2397 1955 2465 Qum-

366 2505 486 2544 nam
517 2507 646 2561 ergo
677 2506 883 2547 merces
909 2493 1031 2546 est?
1079 2490 1149 2546 Ut
1181 2492 1494 2562 evangelium
1521 2490 1827 2558 praedicans,
1874 2490 1955 2543 in-

368 2582 516 2652 quit,
548 2584 657 2636 sine
691 2594 897 2653 sumptu
937 2599 1123 2654 ponam
1177 2582 1490 2652 evangelium
1514 2591 1605 2648 ;ut
1645 2598 1746 2635 non
1773 2581 1956 2636 abutar

365 2684 610 2742 potestate
649 2693 761 2730 mea
786 2677 838 2730 in
863 2677 1142 2747 evangelio.
1195 2675 1388 2731 Viden‘
1421 2676 1693 2746 quomodo
1743 2691 1955 2747 semper

367 2770 643 2835 potestatis
676 2770 893 2823 nomine
922 2778 1143 2827 utatur:
1175 2770 1467 2824 ostendens
1498 2770 1647 2834 illud,
1677 2769 1816 2839 quod
1848 2769 1957 2824 fre-

364 2870 595 2926 quenter
618 2860 767 2925 dixi,
817 2860 961 2931 quod
1005 2877 1102 2915 nec
1133 2862 1205 2915 illi
1235 2861 1475 2929 quidem,
1524 2863 1613 2931 qui
1661 2863 1949 2932 accipiunt,

363 2950 507 3021 digni
548 2951 655 3005 sint
691 2952 1157 3021 reprehensione?
1199 2952 1419 3008 Addidit
1461 2966 1663 3019 autem,
1696 2952 1762 3008 In
1797 2971 1950 3009 evan-

362 3045 514 3111 gelio.
542 3043 702 3097 simul
730 3045 1036 3115 significans
1055 3045 1412 3116 evangelium,
1444 3053 1499 3099 et
1530 3045 1817 3116 prohibens
1839 3048 1957 3101 ubi-

363 3151 465 3205 que
493 3151 605 3190 rem
632 3136 887 3192 educere.
943 3140 1234 3192 Ducentem
1259 3138 1401 3191 enim
1435 3147 1647 3206 Oportet
1674 3139 1950 3209 accipere,

364 3244 469 3283 non
501 3238 680 3284 autem
709 3230 963 3283 otiosum.
997 3228 1085 3284 l9.
1108 3228 1245 3282 Nam
1272 3245 1388 3282 cum
1419 3228 1545 3282 liber
1572 3245 1729 3282 essem
1756 3246 1818 3283 ea;
1847 3246 1956 3283 om-

366 3320 530 3384 nibus,
564 3321 789 3385 amniunt
820 3336 897 3372 me
917 3334 1112 3372 servum
1140 3320 1257 3389 feci,
1290 3328 1347 3370 ut
1374 3320 1544 3386 plures
1582 3320 1952 3389 lucrifacerem.

368 3410 464 3464 llic
508 3425 692 3465 rursus
721 3411 880 3464 aliam
925 3412 1074 3479 ponit
1114 3410 1468 3480 hyperbolen.
1527 3411 1770 3482 Magnum
1812 3414 1953 3468 enim

366 3512 448 3556 est
476 3518 581 3555 non
606 3501 877 3570 accipere;
907 3500 1009 3554 hoc
1033 3508 1212 3555 autem
1235 3501 1376 3571 quod
1395 3502 1639 3557 dicturus
1662 3513 1765 3567 est.
1799 3503 1956 3575 longe

367 3596 540 3663 majus
572 3595 664 3647 illo
689 3603 791 3648 est.
824 3592 961 3659 Quid
1007 3602 1187 3647 autem
1233 3602 1319 3649 est
1356 3593 1409 3647 id
1462 3594 1601 3663 quod
1647 3595 1809 3650 dicit?
1838 3595 1953 3651 Non

369 3686 543 3741 solum
592 3701 700 3740 non
739 3685 942 3755 accepi,
982 3685 1173 3753 inquit,
1228 3700 1403 3755 neque
1449 3687 1623 3740 solum
1669 3704 1772 3746 non
1827 3702 1955 3742 usus

368 3796 486 3833 sum
534 3778 635 3833 hac
680 3784 945 3848 potestate
968 3818 985 3843 ,
1028 3778 1121 3832 sed
1151 3779 1312 3833 etiam
1344 3794 1430 3833 me
1454 3780 1696 3834 servituti
1725 3779 1953 3851 subjeci,

372 3871 480 3923 imo
508 3870 668 3923 varia:
695 3879 749 3922 et
776 3869 952 3923 omnis
976 3871 1189 3939 generis
1217 3870 1479 3924 servituti.
1514 3871 1696 3941 Neque
1723 3874 1866 3927 enim
1901 3874 1954 3927 in

370 3962 609 4029 pecuniis
635 3963 846 4016 solum:
891 3962 985 4016 sed
1012 3962 1153 4031 quod
1184 3963 1425 4032 pecuniis
1451 3964 1613 4034 longe
1644 3967 1819 4034 majus
1847 3975 1952 4032 est,

371 4056 424 4109 in
472 4056 656 4109 multis
696 4064 751 4108 et
780 4055 945 4108 variis
984 4055 1213 4124 negotiis
1255 4054 1357 4109 hoc
1394 4055 1565 4124 ipsum
1613 4057 1869 4112 exhibui:
1902 4068 1959 4113 et

368 4148 616 4203 servituti
648 4162 735 4202 me
772 4147 1001 4215 subjeci,
1042 4162 1164 4201 cum
1208 4146 1260 4200 in
1307 4146 1453 4201 nulla
1480 4162 1540 4203 re
1565 4149 1837 4218 subjectus
1866 4165 1955 4206 es-

369 4256 504 4303 sem,
532 4254 631 4294 nec
650 4239 756 4293 ulla
778 4239 1096 4292 necessitate
1117 4236 1380 4304 ducerer;
1407 4238 1507 4293 hoc
1530 4240 1671 4294 enim
1694 4248 1777 4295 est
1806 4241 1952 4305 illud,

369 4330 521 4386 Liber
546 4348 662 4385 cum
687 4346 844 4385 essent
877 4346 940 4385 ea:
972 4330 1246 4391 omnibus;
1275 4347 1447 4401 neque
1488 4332 1577 4385 uni
1623 4340 1825 4389 tantum
1869 4350 1957 4390 me

371 4426 597 4496 sulijeci,
631 4424 726 4480 sed
771 4435 884 4479 toto
930 4423 1050 4478 orbi
1098 4434 1361 4477 terrarum
1411 4441 1425 4477 :
1471 4434 1799 4496 quapropter
1826 4427 1954 4481 sub-

365 4520 562 4588 jnnxit,
596 4516 837 4572 Omnium
877 4533 954 4569 me
990 4532 1187 4570 servum
1216 4516 1332 4585 feci.
1362 4515 1492 4571 Nam
1520 4517 1813 4586 przedicare
1836 4519 1955 4587 jus-

369 4627 462 4666 sus
507 4626 655 4665 eram
676 4651 690 4671 ,
736 4617 792 4663 et
817 4609 1135 4662 annnntiare
1164 4623 1251 4672 ea,
1283 4623 1403 4675 quae
1445 4607 1575 4662 mihi
1607 4610 1808 4663 credita
1842 4610 1958 4665 fue-

372 4715 530 4761 rant:
580 4704 990 4760 innumerabilia
1018 4712 1196 4757 autem
1227 4702 1518 4756 machinari
1548 4710 1602 4757 et
1627 4703 1953 4774 excogitare,

370 4816 438 4853 ex
466 4814 586 4853 meo
612 4801 790 4853 studio
816 4795 1113 4867 profectum
1144 4804 1249 4850 est.
1299 4794 1432 4849 Nam
1481 4793 1751 4849 solvenda:
1789 4810 1956 4866 pecu-

372 4894 474 4945 uize
506 4900 712 4945 tantum
741 4890 1009 4945 obnoxius
1033 4904 1181 4945 eram
1216 4905 1230 4942 :
1266 4903 1367 4958 ego
1408 4901 1538 4942 vero
1572 4902 1669 4957 pro
1708 4888 1797 4943 illa
1840 4889 1956 4942 exi-

370 4984 541 5055 genda
571 4983 700 5037 nihil
734 4998 839 5037 non
870 4984 1115 5054 agebam,
1146 4982 1298 5052 plura
1331 4989 1568 5045 tentans,
1593 4995 1752 5050 quam
1777 4980 1958 5050 jussus

376 5092 547 5132 eram.
595 5074 731 5144 Quia
770 5075 913 5129 enim
955 5091 1019 5130 ex
1066 5074 1312 5137 arbitrio.
1345 5073 1629 5127 alacritate
1653 5082 1708 5127 et
1735 5076 1957 5127 caritate

372 5182 497 5236 erga
546 5166 818 5221 Christum
862 5167 1040 5221 omnia
1087 5166 1318 5236 agebat,
1364 5164 1651 5219 insatiabili
1690 5162 1958 5220 desiderio

371 5261 596 5314 salutem
627 5260 901 5313 hominum
929 5260 1238 5329 exoptabat.

450 5351 643 5406 Paulus
662 5362 851 5422 quanta
879 5354 1054 5423 fecerit
1083 5368 1175 5422 pro
1202 5354 1418 5407 aliorum
1448 5355 1631 5409 salute.
1663 5382 1735 5395 -ο
1761 5352 1959 5421 Quam-

372 5446 556 5503 obrem
590 5463 656 5501 ex
689 5447 889 5517 ingenti
922 5446 1202 5502 alacritate
1246 5457 1395 5516 septa
1438 5447 1809 5511 transiliebst,
1865 5462 1960 5516 per

381 5540 561 5595 omnia
590 5538 762 5610 ipsum
790 5554 1007 5611 quoque
1032 5538 1225 5594 caelum
1255 5539 1659 5594 trauscendens.
1716 5540 1792 5593 Ac
1836 5554 1956 5593 cum

368 5633 683 5689 servitutem
733 5631 981 5699 dixisset,
1026 5631 1203 5686 varios
1242 5631 1383 5685 illius
1425 5630 1613 5686 modos
1640 5630 1832 5686 deinde
1874 5645 1958 5685 re-

375 5738 581 5783 censet.
612 5728 837 5795 Quinam
867 5727 942 5782 illi
971 5727 1136 5781 sunt?
1159 5724 1251 5785 20.
1282 5724 1350 5780 Et
1377 5725 1542 5795 factus
1569 5741 1682 5779 sum
1704 5766 1718 5791 ,
1752 5724 1955 5794 inquit,

370 5820 585 5887 Juda'is,
635 5831 891 5895 tamquam
930 5819 1170 5889 Iudaeus,
1227 5828 1284 5875 ut
1334 5817 1549 5874 Judteos
1591 5817 1835 5873 lucrarer.
1894 5815 1959 5871 Et

1113 343 1170 401 s.
1196 340 1474 401 JOANNIS
1510 338 1974 400 cunvsosrom
2011 340 2320 400 ARClllEP.
2360 342 2889 408 consumma.
3544 364 3631 423 ms

2067 463 2335 532 quomodo
2376 464 2478 520 hoc
2509 465 2703 521 factum
2734 470 2857 524 est?
2902 469 3124 539 Quando
3175 475 3529 547 circumcidit,
3580 494 3628 539 ut

2065 563 2332 610 everteret
2367 557 2853 615 circumcisionem.
2898 562 3024 617 Ideo
3056 580 3162 620 non
3191 566 3362 631 dixit,
3392 569 3624 637 Iudaeus;

2066 645 2180 701 sed.
2210 644 2493 718 Tamquam
2532 649 2769 717 Judwus,
2802 654 2944 724 quod
2976 667 3093 709 crat
3132 657 3478 729 dispensatio.
3506 664 3627 731 Quid

2065 734 2242 791 dicis?
2290 755 2466 809 prreco
2512 742 2689 809 orbis,
2720 746 2807 814 qui
2837 747 2999 805 ctelos
3029 749 3176 819 ipsos
3206 752 3399 822 tetigit,
3429 763 3480 809 et
3506 756 3627 811 adeo

2067 830 2117 883 in
2146 832 2310 900 gratia
2334 831 2500 899 fulsit,
2532 835 2576 888 is
2603 847 2823 905 repente
2866 848 3069 895 tantum
3101 841 3416 898 descendit?
3442 847 3646 912 Etiam;‘

2067 920 2170 975 hoc
2213 924 2354 977 enim
2387 934 2467 978 est
2492 926 2806 982 ascendere.
2838 928 3022 1001 Neque
3060 934 3202 987 enim
3234 934 3334 990 hoc
3359 937 3522 991 solum
3552 953 3627 992 re-

2065 1013 2282 1081 spicias,
2330 1015 2471 1085 quod
2498 1015 2810 1085 descendat,
2853 1021 2948 1075 sed
2978 1023 3119 1092 quod
3158 1024 3318 1079 etiam
3349 1042 3501 1093 eum,
3546 1029 3625 1097 qui

2066 1103 2274 1159 inferne
2318 1106 2483 1176 jacet,
2528 1109 2700 1179 erigat
2737 1121 2794 1166 et
2834 1113 2899 1166 ad
2933 1129 2991 1168 se
3020 1114 3270 1171 adducat.
3310 1117 3399 1172 21.
3448 1116 3519 1172 lis
3553 1121 3628 1189 qui

2064 1195 2155 1248 sub
2199 1194 2304 1272 lege
2345 1206 2489 1265 sunt,
2527 1201 2671 1268 quasi
2699 1201 2791 1254 sub
2832 1202 2940 1273 lege
2977 1220 3132 1258 essent
3155 1247 3170 1272 ,
3212 1223 3327 1260 cum
3364 1225 3461 1261 non
3489 1225 3628 1263 essent

2064 1287 2156 1339 sub
2189 1286 2315 1357 lege,
2354 1299 2406 1341 ut
2434 1305 2518 1343 eos
2541 1291 2627 1360 qui
2648 1291 2737 1344 sub
2759 1292 2865 1365 lege
2889 1304 3006 1348 sunt
3032 1295 3399 1367 lucrifacerem.

2135 1379 2188 1432 5.
2229 1380 2335 1433 Aut
2378 1390 2459 1434 est
2506 1382 2792 1451 explicatio
2830 1385 3023 1454 prioris
3059 1387 3209 1456 dicti,
3246 1399 3339 1443 aut
3378 1390 3626 1461 quidpiam

2063 1469 2367 1524 subindicat
2388 1480 2581 1541 prmter
2612 1473 2738 1528 illud
2768 1476 2913 1545 prius
2948 1494 2961 1529 :
2988 1477 3203 1534 Judzeos
3232 1480 3444 1549 quidem
3465 1482 3630 1537 dicens

2064 1575 2180 1627 eos,
2214 1562 2302 1631 qui
2327 1563 2436 1631 jam
2465 1564 2592 1618 olim
2621 1564 2689 1619 ab
2718 1566 2869 1619 initio
2901 1568 3033 1623 tales
3057 1580 3243 1634 erant;
3280 1572 3380 1626 sub
3412 1572 3523 1643 lege
3545 1589 3631 1628 au-

2065 1660 2171 1707 tem
2192 1695 2208 1719 ,
2258 1646 2595 1726 proselytos,
2643 1665 2734 1710 aut
2762 1672 2855 1712 eos
2882 1659 2970 1729 qui
3005 1658 3189 1716 ﬁdeles
3215 1672 3369 1717 erant
3394 1675 3443 1718 et
3476 1664 3632 1721 adhuc

2064 1742 2165 1812 legi
2198 1744 2491 1800 luerebaut.
2513 1745 2628 1801 Non
2654 1749 2795 1803 enim
2828 1749 2961 1804 ultra
2988 1763 3142 1807 erant
3166 1765 3435 1825 tamquam
3457 1757 3629 1824 .ludmi,

2062 1836 2157 1891 sed
2208 1837 2308 1892 sub
2353 1838 2491 1909 lege.
2536 1840 2602 1893 Et
2631 1841 2846 1911 quando
2874 1844 3040 1897 lactus
3065 1854 3147 1899 est
3174 1845 3274 1899 sub
3314 1846 3472 1917 lege?
3510 1848 3630 1903 Cum

2067 1936 2254 1984 tonsus
2284 1928 2418 1992 fuit,
2466 1945 2585 1985 cum
2619 1933 2963 1988 sacrificavit.
2998 1934 3123 1990 llaec
3154 1952 3312 2005 porro
3339 1936 3475 1993 facta
3498 1948 3628 2003 sunt,

2064 2036 2168 2074 non
2197 2021 2338 2090 quod
2367 2023 2687 2078 sententiam
2715 2036 3004 2091 mutasset;
3051 2026 3236 2083 fuisset
3277 2031 3420 2084 enim
3464 2045 3521 2084 ea
3556 2047 3631 2085 res

2063 2111 2242 2177 mala;
2299 2113 2393 2167 sed
2437 2114 2660 2169 caritate
2699 2131 2820 2171 sese
2860 2126 3268 2187 attemperante.
3312 2120 3444 2175 Nam
3473 2133 3525 2175 ut
3547 2136 3633 2176 eos

2060 2204 2151 2273 qui
2184 2220 2308 2259 vere
2335 2215 2489 2260 erant
2518 2206 2584 2261 ad
2616 2206 2730 2264 lucc
2763 2209 3098 2277 traduceret,
3142 2211 3311 2267 factus
3340 2223 3428 2268 est
3454 2222 3505 2269 et
3529 2215 3633 2284 ipse

2064 2294 2313 2367 (Judaeus
2341 2296 2359 2366 )
2383 2339 2397 2361 ,
2444 2313 2547 2353 non
2580 2315 2705 2354 vere
2727 2342 2741 2363 ,
2775 2301 2868 2355 sed
2901 2310 3103 2357 tantum
3136 2304 3185 2357 id
3214 2321 3320 2373 pra:
3347 2321 3407 2359 se
3436 2306 3629 2369 ferens,

2062 2403 2183 2441 cum
2231 2399 2405 2443 tamen
2454 2390 2573 2444 talis
2615 2406 2721 2445 non
2753 2401 2929 2459 esset,
2964 2410 3062 2449 nec
3092 2411 3158 2450 ex
3185 2397 3364 2451 animo
3393 2397 3497 2454 hoc
3518 2413 3634 2453 vere

2062 2479 2283 2537 faceret.
2316 2482 2597 2548 Quomodo
2635 2484 2777 2539 enim
2823 2485 3071 2553 fecisset,
3098 2488 3187 2557 qui
3216 2488 3350 2545 alios
3378 2501 3633 2546 transmu-

2063 2583 2177 2629 tare
2219 2576 2472 2639 curabat;
2519 2586 2573 2631 et
2613 2576 2733 2631 ideo
2762 2577 2862 2631 hoc
2888 2576 3153 2647 faciebat,
3188 2590 3245 2634 ut
3272 2581 3408 2636 alios
3440 2582 3539 2638 hoc
3561 2586 3631 2637 fa-

2064 2667 2266 2721 cieutes
2317 2668 2568 2723 liberaret
2618 2669 2685 2723 ab
2737 2669 3035 2727 humilitate
3080 2673 3522 2743 hujusmodi‘His
3556 2677 3635 2748 qui

2060 2760 2169 2812 sine
2190 2758 2296 2831 lege
2324 2770 2487 2828 erant,
2513 2771 2767 2833 tamquam
2794 2765 2901 2817 sine
2925 2764 3032 2835 lege
3061 2781 3234 2819 essem.
3271 2766 3333 2821 Hi
3356 2783 3531 2839 neque
3553 2768 3635 2823 Ju-

2063 2851 2165 2905 daei
2198 2862 2353 2906 erant
2384 2866 2558 2923 neque
2583 2853 2875 2909 Christiani
2911 2872 3080 2926 neque
3106 2856 3308 2923 GRBCl;
3357 2859 3455 2915 sed
3497 2869 3634 2915 extra

2064 2945 2235 3015 legem
2265 2956 2440 3013 erant,
2474 2955 2531 3001 ut
2553 2958 2669 3003 erat
2699 2947 3003 3016 Cornelius,
3033 2960 3087 3005 et
3108 2952 3151 3005 si
3183 2953 3270 3021 qui
3295 2951 3383 3006 alii
3423 2953 3631 3008 similes.

2062 3038 2142 3091 Ad
2173 3038 2294 3093 illos
2318 3039 2460 3093 enim
2492 3039 2819 3110 ingrediens,
2862 3042 3027 3095 multa
3055 3043 3120 3096 ad
3152 3043 3294 3112 ipsos
3324 3045 3634 3114 pertinentia

2065 3131 2371 3185 simulabat.
2415 3133 2640 3198 Quidam
2673 3148 2800 3188 vero
2836 3133 3059 3200 dicunt,
3108 3135 3257 3189 illum
3304 3136 3635 3191 subiudicare

2063 3224 2500 3294 disputationem,
2552 3240 2709 3295 quam
2758 3226 3015 3281 habuerat
3062 3242 3182 3281 cum
3228 3227 3638 3283 Atheniensibus

2062 3318 2203 3370 circa
2250 3316 2652 3387 inscriptionem
2701 3317 2753 3371 in
2788 3334 2876 3371 ara
2909 3318 3135 3389 positam
3159 3359 3172 3383 ,
3206 3328 3262 3374 et.
3298 3319 3423 3375 ideo
3446 3319 3635 3381 dicere,

2064 3404 2139 3461 lis
2163 3407 2247 3478 qui
2266 3407 2374 3461 sine
2398 3410 2505 3478 lege
2524 3418 2661 3473 sunt,
2692 3418 2944 3480 tamquam
2964 3410 3070 3463 sine
3094 3410 3200 3480 lege
3223 3426 3400 3465 essem.
3430 3412 3638 3473 Deinde.

2064 3498 2280 3567 nequis
2319 3507 2530 3568 putaret
2570 3514 2684 3553 rem
2722 3499 2867 3553 illam
2912 3515 3032 3555 esse
3072 3503 3351 3557 sententiae
3387 3504 3639 3557 mutatio-

2064 3609 2205 3651 nem.
2232 3591 2435 3647 addidit
2461 3611 2474 3645 :
2504 3592 2629 3645 Cum
2647 3592 2754 3646 sine
2781 3593 2888 3662 lege
2916 3591 3007 3645 l)ei
3036 3609 3136 3646 non
3166 3609 3343 3657 essent,
3362 3596 3454 3648 sed
3473 3596 3523 3649 in
3544 3596 3645 3665 lege

2065 3703 2221 3740 essent
2259 3686 2464 3740 Christi.
2517 3685 2572 3739 Id
2616 3694 2732 3749 est,
2762 3682 2892 3738 Cum
2926 3702 3030 3740 non
3061 3686 3220 3740 modo
3249 3703 3354 3742 non
3389 3690 3509 3744 sine
3535 3689 3644 3758 lege

2064 3795 2237 3833 essem
2256 3819 2270 3843 ,
2300 3777 2392 3832 sed
2419 3777 2579 3832 etiam
2609 3792 2714 3831 non
2751 3777 2924 3830 solum
2952 3778 3051 3832 sub
3083 3778 3199 3849 lege
3225 3794 3404 3834 essem
3430 3822 3445 3847 ,
3474 3782 3567 3836 sed
3596 3791 3646 3835 et

2065 3870 2235 3940 legem
2259 3868 2513 3923 haberem
2541 3869 2709 3923 veteri
2738 3869 2894 3939 longe
2920 3869 3308 3935 sublimiorem,
3336 3872 3385 3926 id
3416 3883 3520 3935 est,
3543 3872 3646 3943 Spi-

2063 3965 2198 4019 ritus
2233 3972 2287 4018 et
2314 3963 2499 4034 gratia:
2530 3978 2544 4015 :
2576 3962 2801 4034 ideoque
2844 3963 3148 4034 subjungit,
3198 3962 3411 4018 Christi.
3460 3966 3644 4022 Postea

2066 4072 2186 4111 cum
2218 4055 2267 4111 id
2314 4054 2602 4121 ell‘ccisset,
2646 4054 2816 4109 uttde
2861 4070 2953 4109 sua
3003 4057 3265 4109 sententia
3296 4057 3643 4121 conﬁderent,

2066 4150 2273 4205 lucrum
2307 4148 2502 4202 deinde
2532 4147 2653 4201 talis
2682 4163 2794 4202 sua:
2820 4142 3277 4217 attemperationis
3320 4151 3509 4217 ponit,
3567 4149 3615 4202 di
3635 4178 3648 4190 -

2064 4256 2193 4296 cens
2224 4262 2237 4296 :
2274 4238 2340 4295 Ut
2370 4240 2717 4313 lucrifacerem
2744 4257 2847 4300 eos,
2880 4241 2965 4310 qui
2993 4242 3100 4294 sine
3124 4240 3233 4311 lege
3253 4252 3417 4295 erant.
3448 4242 3518 4297 Et
3538 4241 3649 4295 ubi-

2064 4351 2167 4406 que
2194 4350 2412 4389 causam
2453 4334 2610 4389 all'ert
2636 4334 3097 4403 attemperationis
3142 4334 3303 4389 illius.
3349 4334 3534 4405 Neque
3581 4335 3649 4390 ibi

2064 4427 2289 4498 gradum
2328 4427 2491 4493 sistit,
2537 4426 2655 4493 sed,
2684 4426 2773 4480 2‘2.
2808 4425 2871 4479 Et
2895 4427 3129 4493 inﬁrmus
3159 4428 3325 4496 factus
3354 4444 3470 4480 sum
3499 4436 3551 4481 ut
3574 4427 3651 4480 iu-

2064 4521 2239 4591 ]irmos
2265 4519 2611 4590 lucrifacerem
2637 4534 2655 4572 .'
2683 4518 2784 4574 hoc
2814 4519 3029 4573 demum
3058 4517 3242 4572 dicens
3269 4516 3332 4571 ad
3366 4518 3492 4573 illos
3527 4533 3651 4590 per-

2068 4614 2264 4677 tinens,
2315 4621 2536 4681 propter
2580 4610 2721 4681 quod
2774 4610 2887 4664 haec
2932 4608 3109 4664 omnia
3136 4608 3276 4664 dicta
3300 4619 3449 4665 sunt.
3495 4608 3649 4679 Atqui

2066 4707 2155 4761 illa
2199 4714 2356 4762 erant
2397 4706 2554 4774 longe
2599 4703 2824 4774 majora,
2872 4703 2972 4757 hoc
3014 4718 3144 4757 vero
3187 4703 3643 4757 convenientius:

2066 4799 2412 4870 quamobrem
2453 4808 2781 4868 postremum
2813 4796 2941 4850 illud
2975 4798 3143 4864 ponit.
3173 4794 3407 4864 ldipsum
3439 4808 3652 4864 quoque

2066 4891 2205 4961 apud
2248 4890 2522 4945 Romanus
2568 4888 2711 4953 fecit,
2740 4888 2955 4958 quando
2991 4886 3060 4942 de
3084 4886 3222 4940 cibis
3251 4885 3568 4949 accusabat,
3602 4892 3654 4937 et

2068 4972 2320 5036 inmultis
2345 4981 2465 5033 aliis
2491 4980 2642 5033 locis.
2675 4978 2895 5042 Deinde,
2926 4992 2992 5032 ne
3019 4976 3225 5047 singula
3250 4984 3303 5030 et
3327 4975 3508 5028 omnia
3532 4989 3654 5044 per-

2066 5088 2296 5143 sequens
2335 5072 2530 5126 diutius
2573 5078 2832 5133 moretur,
2861 5069 2934 5122 ait
2963 5086 2976 5122 :
3014 5067 3263 5121 Omnibus
3287 5067 3462 5119 omnia
3489 5069 3653 5135 factus

2066 5181 2198 5231 sum,
2227 5174 2285 5219 ut
2303 5164 2507 5217 omnino
2526 5161 2770 5233 quosdam
2789 5160 2954 5215 salvos
2980 5164 3221 5230 facerem.
3246 5158 3434 5213 Viden‘
3463 5157 3653 5228 hyper-

2066 5258 2225 5313 bolen
2251 5254 2560 5311 ?Oinnibns
2586 5254 2762 5308 omnia
2795 5253 2963 5307 factus
2993 5266 3132 5312 sum,
3165 5267 3269 5305 non
3292 5248 3436 5320 quod
3465 5264 3654 5303 omnes

2067 5349 2240 5403 salvos
2274 5347 2447 5401 facere
2473 5360 2767 5416 sperarem,
2812 5344 2906 5399 sed
2962 5353 3018 5397 ut
3069 5343 3254 5397 saltem
3303 5356 3508 5412 paucos
3554 5341 3658 5394 sal-

2068 5458 2164 5497 vos
2213 5441 2420 5495 faciam.
2455 5439 2521 5494 Et
2558 5439 2657 5493 hoc
2686 5439 2897 5508 quidem
2939 5437 3214 5504 studium,
3261 5436 3652 5490 ministerium-

2068 5550 2170 5605 que
2215 5534 2319 5588 tale
2355 5534 2491 5587 subii
2515 5575 2529 5597 ,
2582 5542 2841 5603 quantum
2887 5547 2985 5601 par
3021 5541 3136 5585 erat
3164 5547 3308 5593 eum,
3341 5532 3428 5600 qui
3460 5542 3654 5583 omnes

2068 5627 2244 5681 salvos
2270 5626 2486 5691 faceret,
2516 5640 2620 5679 non
2648 5635 2825 5678 tamen
2854 5638 3078 5692 sperans
3108 5638 3192 5677 me
3222 5635 3407 5675 omnes
3432 5635 3656 5689 supera-

2070 5728 2245 5773 turum
2270 5733 2393 5773 esse
2426 5736 2439 5771 :
2478 5718 2619 5788 quod
2650 5732 2779 5773 vere
2807 5732 3056 5786 magnum
3099 5725 3244 5781 erat,
3289 5714 3655 5781 ferventisque

2070 5811 2254 5868 animi.
2296 5811 2426 5868 Nam
2470 5814 2561 5883 qui
2601 5811 2919 5879 seminabat,
2949 5810 3142 5881 ubique
3188 5806 3513 5870 seminabat,
3550 5814 3653 5857 nec
