3826 6216
316 244 394 302 185
1302 241 1365 294 IN
1407 241 1622 296 EPIST.
1663 242 1680 294 l
1738 241 1828 294 AD
1860 239 2019 296 COR.
2067 239 2302 297 HOMIL.
2343 241 2510 300 XXII.-

311 355 461 408 ποιεί·
492 352 611 408 ἀλλ’
640 352 789 424 ὅμως
833 353 1022 426 ἐπειδὴ
1062 355 1123 408 16
1155 354 1256 427 μὲν
1298 355 1578 426 ἐπίταγμά
1610 355 1849 410 ἐστικαὶ

309 436 488 509 ὁρειλὴ,
530 437 673 490 τὸδὲ
723 437 1095 508 προαιρέσεως
1146 437 1446 510 φιλοτιμία,
1494 439 1636 493 κατὰ
1690 438 1849 492 τοῦτο

308 521 491 574 ἐκείνου
533 521 717 576 πλέον.
762 521 854 574 Διό
884 539 1039 592 φησι,
1067 521 1128 575 16
1171 522 1303 576 αὐτὸ
1341 522 1681 594 ἑρμηνεύων,
1714 523 1852 592 ὅπερ

307 599 434 659 εἶπον
471 604 598 660 νῦνο
631 608 701 661 Εἰ
740 605 849 675 γὰρ
891 605 1051 659 ἑκὼν
1094 605 1271 660 τοῦτο
1318 606 1594 675 πράσσω,
1629 605 1854 677 μισθὸν

305 688 431 759 ἔχω’
474 691 528 743 εὶ
563 689 633 743 δὲ
673 689 855 752 ἄκων,
905 692 1251 760 οἰκονομίαν
1300 693 1734 760 πεπίστευμαιο
1791 690 1854 744 16

313 775 472 828 Ἐκών
500 774 596 828 καὶ
625 776 812 828 Ἄκων
829 774 921 828 ἐπὶ
945 773 1039 828 τοῦ
1063 774 1466 846 ἐγκεχειρίσθαι
1489 776 1584 828 καὶ
1606 775 1680 846 μὴ
1701 778 1855 843 ἐγκε-

304 858 545 930 χειρίσθαι
567 859 878 930 λαμϐάνων.
910 857 1066 912 Οῦτω
1102 858 1198 913 καὶ
1217 857 1298 922 16,
1343 858 1592 928 Ἀνάγκη
1613 858 1726 927 γάρ
1749 875 1853 927 μοι

301 942 588 1008 ἐπίκειται,
621 941 768 1014 [194]
795 942 1034 1012 νοητέον,
1065 943 1164 1014 οὐχ
1196 942 1272 1006 ὡς
1300 943 1527 1006 άκοντός
1561 959 1613 996 τι
1646 941 1852 996 τούτων

302 1026 577 1090 ποιοῦντος,
607 1025 683 1098 μὴ
709 1026 948 1094 γένοιτο·
979 1026 1092 1079 ἀλλ’
1120 1025 1194 1090 ὡς
1224 1025 1528 1080 ὑπευθύνου
1560 1026 1712 1088 δντος
1737 1028 1853 1090 τοῖς

303 1111 640 1182 ἐπιταχθεῖσι,
678 1111 773 1163 καὶ
803 1108 941 1180 πρὸς
977 1109 1076 1181 τὴν
1108 1109 1513 1180 ἁντιδιαστολὴν
1550 1110 1648 1179 τῆς
1688 1110 1854 1162 ἐλευ-

301 1194 464 1265 θερίας
488 1195 586 1264 τῆς
619 1195 677 1248 ἐν
704 1193 783 1265 τῷ
815 1193 1113 1263 λαμϐάνειν
1141 1193 1460 1266 εἰρημένης.
1492 1193 1584 1245 Διὸ
1623 1193 1718 1246 καὶ
1742 1195 1855 1254 τοῖς

303 1279 549 1350 μαθηταῖς
597 1277 782 1348 ἔλεγεν
832 1279 860 1332 6
907 1277 1174 1349 Χριστός·
1213 1278 1400 1331 ’Ὀταν
1432 1278 1630 1331 πάντα
1680 1275 1854 1340 ποιή-

299 1380 451 1428 σητε,
483 1361 720 1432 λέγετε,
759 1361 848 1415 ὅτι
889 1361 1131 1432 Ἀχρεῐοι
1160 1361 1371 1416 δοῦλοί
1405 1360 1626 1429 ἐσμεν·
1663 1357 1701 1413 ἁ
1745 1361 1854 1428 γὰρ

297 1447 612 1517 ὠφείλομεν
659 1445 930 1515 ποιῆσαι,
973 1445 1404 1511 πεποιήκαμεν.
1455 1445 1552 1508 Τίς
1604 1440 1698 1496 οῦν
1763 1443 1854 1514 μοί

298 1531 428 1584 ἐστιν
459 1532 487 1584 6
519 1530 740 1600 μισθός;
789 1530 922 1584 Ἵνα
963 1527 1484 1598 εὐαγγελιζόμενος
1538 1525 1856 1580 ἀδάπανον

295 1613 445 1681 θήσω
471 1613 537 1668 τὸ
567 1612 941 1683 εὐαγγέλιον.
973 1613 1038 1665 Τί
1065 1609 1179 1678 οῦν,
1211 1611 1332 1665 εἰπέ
1363 1627 1474 1682 μοι,
1511 1609 1715 1680 Πέτρος
1753 1608 1854 1662 οὐκ

296 1698 396 1769 ἔχει
441 1697 659 1770 μισθόν;
711 1698 806 1750 καὶ
857 1696 940 1760 τίς
983 1696 1050 1750 ἂν
1085 1695 1237 1766 σχοίη
1283 1695 1416 1748 ποτὲ
1447 1693 1699 1748 τοσοῦτον
1729 1693 1854 1746 ὅσον

295 1783 519 1846 ἐκείνος;
562 1781 616 1834 τί
641 1780 698 1834 δέ
736 1782 786 1834 οἰ
827 1777 1007 1833 λοιποὶ
1048 1777 1364 1841 ἀπόστολοι;
1400 1777 1515 1840 πῶς
1551 1773 1644 1831 οῦν
1674 1770 1851 1839 εἶπεν,

294 1867 350 1919 Εἰ
386 1866 496 1935 μὲν
533 1863 690 1919 ἑκὼν
737 1862 914 1917 τοῦτο
948 1861 1224 1929 πράσσω,
1258 1864 1478 1930 μισθὸν
1503 1862 1648 1930 ἔχω’
1691 1862 1742 1914 εἰ
1785 1859 1854 1913 δὲ

292 1950 460 2014 ἇκων,
489 1949 839 2016 οἰκονομίαν
885 1946 1316 2013 πεπίστευμαις
1369 1943 1532 2016 Ὁρᾷς
1575 1942 1854 1997 κάνταῦθα

292 2036 382 2104 τὴν
407 2033 648 2100 σύνεσιν;
682 2031 818 2085 Ούδέ
845 2029 953 2101 γάρ
989 2025 1164 2091 εἶπεν,
1201 2030 1262 2082 El
1295 2029 1351 2082 δέ
1394 2030 1565 2090 ἄκων,
1603 2029 1703 2082 οὐκ
1743 2026 1854 2097 ἔχω

294 2117 492 2188 μισθὸν,
521 2117 658 2182 ἀλλ’,
677 2114 1039 2183 Οἰκονομίαν
1063 2114 1489 2182 ,πεπίστευμαι⁸
1525 2113 1738 2177 δεικνὺς
1769 2113 1854 2166 ὃτι

290 2201 379 2256 καὶ
403 2199 572 2264 οὕτως
611 2199 723 2270 ἔχει
753 2197 963 2270 μισθὸν,
1007 2197 1140 2250 ἀλλὰ
1163 2196 1424 2261 τοιοῦτον,
1455 2191 1565 2250 οἷον
1595 2198 1622 2250 6
1649 2195 1710 2249 16
1735 2199 1854 2248 ἐπι-

289 2283 475 2356 ταχθὲν
515 2282 803 2348 ἐξανύσας,
845 2281 944 2352 οὐχ
987 2277 1098 2334 οἷον
1130 2281 1334 2345 ἐκεῖνος
1371 2282 1399 2334 6
1428 2281 1490 2334 ἐκ
1521 2279 1630 2332 τῶν
1658 2275 1853 2332 ἐαυτοῦ

289 2365 778 2438 φιλοτιμησάμενος
807 2365 902 2418 καὶ
939 2363 1186 2434 ὑπερϐὰς
1225 2363 1287 2416 16
1314 2363 1615 2433 ἐπίταγμα.
1641 2363 1737 2426 Τίς
1760 2357 1853 2414 οῦν

286 2454 429 2506 ἐστιν
458 2453 486 2504 6
517 2449 738 2522 μισθός;
765 2448 901 2502 Ἵνα
935 2446 1479 2517 εὐαγγελιζόμενος,
1514 2445 1850 2508 ἀδάπανον,

285 2535 436 2606 φησὶ,
476 2533 642 2600 θήσω
683 2533 746 2586 τὸ
780 2531 1152 2600 εὐαγγέλιον,
1191 2532 1273 2596 είς
1308 2529 1374 2583 τὸ
1412 2529 1499 2599 μὴ
1555 2526 1854 2597 καταχρή-

283 2620 508 2675 σασθαί
559 2636 631 2686 με
684 2615 760 2685 τῇ
815 2617 1069 2684 ἐξουσίᾳ
1102 2633 1220 2685 μου
1261 2610 1332 2668 ἐν
1371 2613 1450 2680 τῷ
1504 2613 1851 2683 εὐαγγελίῳ.

295 2702 452 2773 Ὁρᾷς
477 2701 592 2765 πῶς
619 2700 794 2754 διόλου
821 2699 899 2770 τῷ
925 2697 1148 2770 ὀνόματι
1169 2698 1265 2769 τῆς
1290 2697 1535 2762 ἐξουσίας
1565 2697 1851 2768 κέχρηται,

279 2789 492 2850 δεικνὺς
530 2785 708 2848 τοῦτο,
745 2785 774 2838 6
822 2783 1057 2855 συνεχῶς
1080 2779 1252 2845 εἷπον,
1299 2785 1381 2837 δτι
1407 2782 1525 2836 ούδέ
1565 2781 1614 2834 οἱ
1642 2780 1856 2852 λαμϐάιο

281 2886 463 2933 νοντες
491 2868 850 2939 ἐγκλημάτων
877 2867 1049 2932 άξιοι;
1097 2865 1412 2938 Ιιροσέθηκε
1441 2865 1516 2926 δὲ,
1557 2863 1640 2930 Τῷ
1681 2866 1856 2932 εὐαγ-

282 2955 484 3025 γελίῳ,
528 2951 664 3024 ὁμοῦ
720 2952 818 3022 μὲν
867 2950 927 3004 16
980 2950 1298 3020 εὐαγγέλιον
1358 2948 1552 3020 δηλῶν,
1601 2946 1738 3018 ὁμοῦ
1798 2946 1856 3000 δὲ

277 3037 504 3092 κωλύων
533 3035 810 3105 πανταχοῦ
835 3034 895 3088 τὸ
919 3035 1151 3104 πρᾶγμα
1175 3032 1410 3101 ἐξάγειν.
1431 3031 1533 3084 Τὸν
1567 3031 1675 3102 γὰρ
1712 3029 1857 3083 διδά-

278 3138 481 3175 σκοντα
521 3120 628 3192 χρὴ
675 3117 997 3190 λαμϐάνειν,
1042 3117 1162 3187 οὐχὶ
1211 3115 1268 3169 δὲ
1315 3115 1409 3168 καὶ
1447 3113 1538 3167 16v
1581 3112 1857 3186 ἀργοῦντα

273 3213 485 3278 ἁπλῶς.
552 3213 898 3280 Ἐλεύθερος
939 3211 1047 3280 γὰρ
1101 3207 1187 3263 ὢν
1235 3209 1304 3262 ἐκ
1353 3207 1619 3271 πάντων,
1667 3204 1858 3259 πᾶσιν

272 3297 541 3364 ἐμαυτὸν
563 3296 897 3359 ἐδούλωσα,
931 3295 1032 3349 ἵνα
1063 3292 1202 3360 τοὺς
1233 3292 1523 3358 πλείονας
1561 3287 1853 3357 κερδήσω.

273 3380 450 3434 Πάλιν
487 3378 724 3433 ἐνταῦθα
755 3377 922 3448 ἄλλην
955 3376 1170 3446 τίθησιν
1194 3374 1522 3444 ὑπερϐολήν.
1562 3374 1721 3441 Μέγα
1758 3373 1858 3443 μὲν

270 3465 389 3536 γάρ
417 3464 512 3518 καὶ
555 3464 616 3518 16
648 3462 723 3534 μὴ
763 3462 982 3516 λαϐεῖν·
1033 3459 1192 3513 τοῦτο
1225 3459 1305 3522 δὲ,
1358 3459 1385 3511 6
1430 3457 1613 3528 μέλλει
1653 3457 1856 3525 λέγειν,

271 3547 462 3619 πολλῷ
488 3547 648 3600 πλέον
685 3545 918 3599 ἐκείνου.
947 3543 1012 3599 Τί
1039 3545 1096 3598 δέ
1126 3545 1272 3598 ἐστιν
1307 3544 1334 3596 6
1362 3559 1560 3613 φησινς
1589 3542 1664 3594 O6
1697 3541 1858 3610 μόνον

267 3634 378 3688 οὒκ
414 3631 627 3695 ἔλαϐον,
677 3631 863 3701 φησὶν,
912 3629 1033 3682 οῦδέ
1085 3629 1243 3700 μόνον
1288 3628 1388 3681 οὐκ
1440 3626 1763 3698 ἐχρησάμην
1792 3627 1856 3695 τῇ

269 3717 500 3789 ἐξουσίᾳ
520 3716 714 3788 ταύτῃ,
753 3713 889 3768 ἀλλὰ
915 3715 1009 3768 καὶ
1038 3713 1308 3766 ἐδούλωσα
1333 3711 1590 3782 ἐμαυτὸν,
1617 3712 1710 3763 καὶ
1738 3709 1860 3762 δου-

266 3802 432 3856 λείαν
460 3800 708 3868 ποικίλην
728 3798 822 3851 καὶ
848 3796 1210 3867 παντοδαπὴν.
1238 3795 1372 3848 Οὐδὲ
1400 3793 1506 3864 γὰρ
1529 3795 1586 3846 ἐν
1616 3793 1861 3863 χρήμασι

268 3887 468 3957 μόνον,
493 3884 607 3939 ἀλλ’
639 3883 668 3937 6
702 3880 879 3952 πολλῷ
903 3881 1200 3952 χρημάτων
1229 3879 1411 3951 μεῖζον
1451 3871 1540 3948 ἦν,
1566 3879 1656 3930 ἐν·
1683 3876 1862 3947 πράγ-

267 3986 422 4041 μασι
455 3968 670 4032 πολλοῖς
701 3965 794 4020 καὶ
836 3964 1101 4026 ποικίλοις
1131 3963 1193 4017 16
1222 3960 1354 4016 αὐτὸ
1390 3961 1549 4013 τοῦτο
1585 3957 1864 4023 ἐπεδειξά-

264 4073 393 4128 μην
414 4069 428 4082 ·
507 4053 603 4108 καὶ
653 4051 922 4106 ἐδούλωσα
975 4048 1230 4120 ἐμαυτὸν,
1284 4046 1459 4100 οὐδέν)¹
1507 4043 1865 4112 ὑποκείμενος

259 4139 403 4194 κατ’
453 4137 626 4201 οὐδὲν,
666 4135 790 4190 οὒδέ
816 4135 1062 4204 ἀνάγκην
1115 4130 1286 4202 ἔχων·
1325 4128 1483 4183 τοῦτο
1540 4128 1649 4198 γάρ
1693 4128 1862 4191 ἐστιν,

277 4224 646 4291 Ἐλεύθερος
670 4220 754 4272 ὢν
779 4219 850 4272 ὲκ
881 4218 1125 4272 πάντων
1146 4231 1158 4242 ’
1186 4215 1279 4267 καὶ
1300 4212 1422 4267 ούδέ
1443 4212 1525 4266 ἐνὶ
1553 4211 1861 4277 ἐδούλευσα,

257 4307 425 4362 ἀλλὰ
471 4309 537 4377 τῇ
577 4303 868 4374 οἰκουμένῃ
902 4302 1053 4373 πάσῃ
1084 4320 1098 4334 -
1131 4298 1211 4352 6:6
1242 4299 1336 4351 καὶ
1368 4297 1632 4368 ἐπήγαγε,
1669 4293 1866 4349 Πᾶσιν

256 4391 547 4461 ἐμαυτὸν
573 4388 908 4443 ἐδούλωσα.
942 4387 1049 4439 Καὶ
1075 4383 1182 4455 γὰρ
1221 4382 1456 4454 κηρῦξαι
1489 4380 1866 4451 ἐπεταττόμην

254 4478 373 4531 καὶ
419 4471 784 4541 ἀπαγγέλλειν
833 4470 904 4523 τά
963 4466 1422 4539 ἐμπιστευθέντα·
1473 4463 1535 4517 16
1585 4464 1642 4516 δὲ
1699 4463 1866 4534 μυρία

259 4555 635 4629 μηχανᾶσθαι
681 4553 774 4608 καὶ
801 4553 1055 4616 ἐπινοεῖν,
1095 4549 1280 4604 λοιπὸν
1307 4548 1406 4617 τῆς
1437 4547 1578 4616 ὲμῆς
1625 4547 1862 4617 σπουδῆς

251 4639 364 4714 ἦν.
394 4639 506 4694 Τοῦ
536 4639 648 4710 γὰρ
669 4635 993 4691 καταϐαλεῖν
1021 4633 1083 4687 16
1103 4632 1366 4703 ἀργύριον
1394 4631 1690 4696 ὑπεύθυνος
1715 4632 1748 4702 ἦ
1758 4647 1865 4704 μην

255 4727 477 4796 μόνον’
507 4721 620 4791 ἐγὼ
639 4721 696 4776 δὲ
725 4720 818 4774 καὶ
835 4719 976 4790 ὑπὲρ
996 4717 1089 4770 τοῦ
1117 4717 1416 4786 ἀπαιτῆσαι
1448 4715 1626 4769 πάντα
1649 4714 1866 4768 ἐποίουν

248 4810 470 4870 πάλιν,
501 4807 659 4861 πλέον
687 4804 796 4859 τῶν
823 4801 1268 4872 ἐπιτεταγμένων
1297 4800 1609 4871 ἐπιχειρῶν.
1648 4799 1865 4872 Ἐπειδὴ

245 4895 386 4965 γὰρ
451 4889 767 4964 προαιρέσει
821 4887 918 4942 καὶ
979 4884 1256 4956 προθυμίᾳ
1307 4883 1629 4965 καὶᾲάγάπῃ
1674 4887 1741 4955 τῇ
1787 4884 1867 4948 είς

244 4963 526 5047 Χριστὸν
554 4976 733 5029 πάντα
758 4971 1045 5042 ἔπραττεν,
1075 4969 1369 5038 ἀκόρεστον
1397 4963 1539 5038 εἶχεν
1572 4968 1865 5040 ἐπιθυμίαν

240 5066 353 5125 εἰς
388 5060 498 5131 τὴν
525 5057 634 5112 τῶν
663 5053 967 5127 ἀνθρώπων
992 5053 1286 5122 σωτηρίαν.

341 5143 452 5196 Διὸ
475 5141 572 5195 καὶ
607 5142 673 5194 ἐκ
713 5137 914 5204 πολλῆς
950 5137 1048 5204 τῆς
1077 5134 1397 5206 περιουσίας
1432 5133 1759 5204 ύπερέϐαινε
1795 5133 1866 5188 τὰ

242 5229 619 5299 σκάμματα,
654 5225 741 5279 διὰ
777 5225 994 5280 πάντων
1035 5221 1173 5291 ὑπὲρ
1222 5221 1384 5273 αὑτὸν
1429 5218 1614 5290 πηδῶν
1655 5218 1744 5270 τὸν
1774 5218 1866 5269 ού-

239 5314 474 5388 ρανόν.
527 5313 635 5365 Καὶ
684 5310 853 5363 εἰπὼν
883 5307 979 5378 τὴν
1027 5303 1288 5368 δουλείαν,
1334 5303 1482 5388 λέγει
1507 5302 1706 5388 λοιπὸν
1740 5303 1866 5367 τοὺς

236 5385 525 5468 τρόπους
565 5395 739 5464 αὐτῆς
761 5393 887 5456 τοὺς
932 5388 1226 5452 ποικίλους.
1263 5389 1420 5451 Τίνες
1461 5387 1517 5440 δέ
1547 5385 1697 5459 [195]
1730 5388 1866 5440 εἰσιν

231 5481 468 5546 οὖτοι;
521 5480 629 5535 Καὶ
681 5476 992 5548 ἐγενόμην,
1043 5472 1198 5541 φησὶ,
1251 5471 1377 5538 τοῖς
1431 5470 1733 5536 Ἰουδαίοις
1785 5470 1866 5536 ὡς

253 5565 603 5631 Ἰουδαῖος,
616 5564 718 5616 ἵνα
751 5558 1065 5622 Ἰουδαίους
1082 5553 1372 5624 κερδήσω.
1392 5554 1504 5608 Καὶ
1517 5554 1632 5618 πῶς
1652 5554 1868 5622 ἐγένετο

227 5650 484 5714 τοῦτο;
508 5648 638 5701 Ὅτε
671 5645 1012 5717 περιέτεμεν,
1051 5641 1137 5694 ’ίνα
1181 5638 1385 5710 καθέλῃ
1414 5638 1735 5710 περιτομήν.
1770 5637 1866 5691 Διά

339 5823 372 5853 ⁸
402 5821 588 5872 Deerat
607 5819 670 5868 ἐν.

3416 243 3524 301 ιει

1952 357 2110 412 τοῦτο
2129 360 2228 413 06x
2257 355 2430 427 εἶπεν,
2472 359 2742 426 Ἰουδαῖος,
2758 360 2894 424 ἀλλ’,
2929 360 3024 426 Ὦς
3061 357 3361 425 Ἰουδαῖος,
3393 358 3530 431 ὅπερ

1948 442 2232 514 οἰκονομία
2254 439 2341 515 ἦν.
2364 445 2430 498 Τί
2461 443 2642 513 λέγεις
2659 463 2674 509 ;
2693 446 2721 498 6
2743 444 2839 515 τῆς
2863 443 3187 512 οἰκουμένης
3220 441 3417 512 κῆρυξ,
3435 443 3531 496 καὶ¹

1949 524 2059 579 τῶν
2078 527 2322 598 οὐρανῶν
2337 527 2515 581 αὐτῶν
2532 528 2830 597 ἁψάμενος,
2863 527 2958 580 καὶ
2977 524 3227 579 τοσοῦτον
3255 526 3312 576 ἐν
3337 527 3403 596 τῇ
3434 526 3535 596 χά-

1951 627 2061 680 ριτι
2086 609 2327 680 λάμψας.
2354 604 2508 676 οὗτος
2530 613 2721 684 ἁθρόον
2745 609 3061 665 καταϐαίνει
3075 609 3330 662 τοσοῦτον
3347 626 3361 672 ;
3381 608 3489 662 Ναί
3512 625 3528 643 ο

1949 693 2108 746 τοῦτο
2131 695 2238 762 γάρ
2260 696 2407 747 ἐστιν
2437 695 2722 764 ἀναϐῆναι.
2755 696 2848 764 Μὴ
2879 694 2986 765 γὰρ
3007 691 3072 764 δὴ
3101 691 3260 746 τοῦτο
3283 692 3418 763 ἴδῃς,
3447 692 3532 745 δτι

1949 775 2267 830 καταϐαίνει
2321 777 2502 848 μόνον,
2548 777 2663 831 ἀλλ’
2692 779 2774 832 ὅτι
2807 777 2902 830 καὶ
2953 777 3046 830 τὸν
3095 776 3244 829 κάτω
3278 775 3532 844 κείμενον

1949 859 2198 929 ἀνίστησι
2240 862 2332 914 καὶ
2363 860 2556 928 ἀνάγει
2595 861 2731 931 πρὸς
2763 861 2975 914 ἐαυτόν.
3015 859 3141 926 Τοῖς
3170 857 3287 912 ὑπὸ
3318 859 3530 926 νόμον,

1947 945 2029 1011 ὡς
2060 944 2177 999 ὑπὸ
2203 945 2414 1014 νόμον,
2438 944 2524 1014 μὴ
2547 941 2633 998 ὢν
2657 945 2840 1010 αὐτὸς
2868 943 2988 998 ὑπὸ
3019 945 3226 1012 νόμον,
3262 943 3362 994 ἵνα
3389 940 3532 1009 τοὺς

1949 1027 2068 1082 ὑπὸ
2102 1028 2292 1097 νόμον
2327 1027 2624 1096 κερδήσω.

2027 1117 2096 1179 γ’-.
2123 1111 2195 1164 Ἣ
2231 1110 2564 1182 ἐπεξήγησις
2589 1109 2684 1162 τοῦ
2712 1109 2976 1180 προτέρου
3015 1108 3183 1174 ἐστὶν,
3217 1108 3249 1180 ἢ
3271 1107 3456 1177 ἕτερόν
3476 1123 3530 1160 τι

1950 1194 2244 1248 αἰνίττεται
2277 1194 2430 1267 παρὰ
2457 1194 2516 1248 16
2552 1194 2814 1266 πρότερον
2840 1209 2854 1222 ·
2890 1192 3179 1255 Ἰουδαίους
3224 1192 3322 1262 μὲν
3355 1190 3532 1258 λέγων

1949 1279 2076 1343 106;
2118 1279 2324 1333 ἄνωθεν
2381 1278 2478 1332 καὶ
2522 1278 2580 1345 ἐξ
2629 1279 2803 1348 ἀρχῆς
2849 1277 3125 1339 τοιούτους
3182 1275 3372 1339 ὄνταςο
3425 1273 3532 1328 61:6

1949 1363 2113 1432 νόμον
2150 1363 2230 1428 δὲ,
2271 1364 2401 1427 τοὺς
2429 1361 2822 1435 προσηλύτους,
2854 1361 2888 1433 ἢ
2922 1361 3050 1424 τοὺς
3103 1359 3330 1422 πιστοὺς
3373 1375 3532 1428 γενο-

1954 1449 2148 1520 μένους
2181 1447 2274 1503 καὶ
2303 1447 2382 1501 ἐτι
2417 1447 2806 1516 ἀντεχομένους
2835 1445 2929 1499 τοῦ
2967 1444 3154 1515 νόμου.
3192 1443 3389 1497 υύκέτι
3422 1443 3532 1514 γὰρ

1948 1528 2088 1604 ἦσαν
2131 1531 2209 1593 ὡς
2249 1529 2517 1593 Ἰουδαῖοι,
2549 1529 2664 1584 ἀλλ’
2694 1529 2799 1582 61:6
2835 1530 3020 1599 νόμον.
3056 1528 3167 1582 Καὶ
3200 1527 3377 1580 1:618b
3407 1527 3532 1596 ἐγέ-

1949 1632 2072 1669 νετο
2110 1614 2215 1668 61:6
2256 1615 2450 1686 νόμον;
2481 1615 2610 1666 Ὅτε
2650 1613 2898 1682 ἐξυρᾶτο,
2931 1613 3018 1666 ὅτε
3068 1611 3240 1664 ἔθυεν.
3291 1611 3533 1679 Ἐγίνετο

1949 1699 2006 1753 δὲ
2044 1698 2249 1764 ταῦτα,
2302 1698 2362 1751 οὐ
2413 1699 2511 1768 τῆς
2551 1697 2777 1767 γνώμης
2821 1696 2968 1768 αὐτῷ
3024 1694 3532 1767 μεταϐαλλομένης,

1949 1783 2069 1837 ἐπεὶ
2103 1782 2270 1836 κακία
2295 1781 2357 1835 16
2383 1781 2616 1852 πρᾶγμα
2644 1776 2742 1851 ἦν’
2772 1779 2910 1834 άλλὰ
2939 1779 3036 1850 τῆς
3067 1779 3287 1848 ἀγάπης
3323 1795 3532 1846 συγκα-

1949 1866 2332 1937 ταϐαινούσης.
2379 1866 2496 1918 Ἵνα
2526 1863 2634 1935 γὰρ
2661 1864 2785 1927 106;
2821 1863 2982 1925 ὄντας
3010 1862 3226 1932 άληθῶς
3258 1864 3337 1924 εἰς
3361 1861 3534 1914 ταῦτα

1953 1952 2287 2023 μεταστήσῃ,
2340 1951 2549 2019 ἐγίνετο
2587 1949 2749 2011 0.616;
2799 1949 2900 2000 οὐκ
2935 1946 3171 2016 άληθῶς,
3227 1945 3535 1998 ἐπιδεικνύ-

1953 2051 2112 2106 μενος
2169 2033 2352 2105 μόνον,
2414 2033 2516 2087 οὐκ
2568 2030 2643 2086 ὣν
2694 2031 2772 2093 δὲ,
2807 2029 2929 2082 οὐδὲ
2959 2032 3022 2083 ἐκ
3064 2028 3304 2089 διανοίας
3362 2027 3533 2082 ταῦτα

1951 2119 2206 2192 πράττων
2243 2118 2413 2182 οῦτως
2457 2116 2709 2188 ἐχούσης.
2760 2114 2886 2178 Πῶς
2919 2113 3048 2185 γὰρ,
3099 2115 3128 2167 6
3169 2113 3262 2166 καί⁸
3313 2113 3534 2185 ἐτέρους

1954 2205 2266 2276 μεταθεῖναι
2299 2202 2566 2264 σπεύδων,
2597 2203 2692 2256 καὶ
2720 2200 2810 2254 διὰ
2836 2200 3000 2253 τοῦτο
3025 2198 3198 2253 ταῦτα
3227 2199 3416 2255 ποιῶν.
3444 2200 3534 2254 ἵνα

1949 2289 2141 2352 ἄλλους
2169 2288 2457 2353 ποιοῦντας
2484 2285 2821 2356 ἐλευθερώσῃ
2842 2285 2943 2354 τῆς
2975 2283 3363 2352 ταπεινότητος
3390 2283 3542 2336 ἐκεί-’

1951 2389 2076 2442 νης;
2118 2371 2249 2437 Τοῖς
2277 2370 2524 2440 ἀνόμοις
2552 2370 2632 2436 ὡς
2657 2369 2900 2437 ἄνομος.
2939 2361 3100 2420 Οὗτοι
3127 2365 3250 2420 οὔτε
3290 2367 3536 2420 Ἰουδαῖοι

1947 2452 2108 2528 ἦσαν,
2153 2455 2278 2509 οῦτε
2315 2453 2653 2526 Χριστιανοὶ,
2703 2450 2829 2505 οῦτε
2867 2451 3152 2522 Ἕλληνες,
3206 2449 3322 2504 ἀλλ’
3376 2449 3536 2513 ἐκτὸς

1948 2541 2114 2612 νόμου
2142 2539 2316 2604 ὄντες,
2369 2533 2482 2602 οἷος
2523 2535 2590 2609 ἦν
2621 2540 2650 2592 6
2680 2537 3000 2609 Κορνήλιος,
3037 2536 3130 2588 καὶ
3163 2535 3216 2588 εἴ
3238 2552 3382 2598 τινες
3411 2547 3540 2588 κατ’

1949 2629 2178 2680 ἐκεῖνον.
2229 2623 2340 2678 Καὶ
2383 2622 2493 2695 γὰρ
2522 2622 2659 2694 πρὸς
2691 2621 2932 2684 ἐκείνους
2973 2620 3180 2686 εἰσιὼν,
3220 2618 3391 2674 πολλὰ
3435 2619 3538 2672 ὐπ-

1950 2709 2196 2780 εκρίνετο
2217 2708 2324 2763 τῶν
2348 2707 2594 2762 ἐκείνων.
2625 2706 2780 2768 Τινὲς
2809 2704 2866 2757 δέ
2894 2721 3024 2773 φασι
3054 2704 3147 2757 καὶ
3175 2704 3273 2774 τὴν
3305 2702 3415 2757 ἀπὸ
3439 2701 3537 2774 τοῦ

1949 2793 2372 2865 ἐπιγράμματος
2400 2789 2494 2844 τοῦ
2529 2791 2586 2842 ἐν
2627 2789 2706 2859 τῷ
2739 2788 2908 2862 βωμῷ
2947 2788 3182 2854 διάλεξιν
3213 2787 3362 2858 αὐτῷ
3381 2804 3538 2854 γενο-

1955 2879 2122 2950 μένην
2148 2877 2284 2949 πρὸς
2329 2875 2646 2946 Ἀθηναίους
2674 2873 3028 2932 αἰνίττεσθαι,
3053 2873 3146 2927 καὶ
3173 2872 3376 2941 λέγειν,
3407 2871 3538 2936 Τοῖς

1951 2965 2200 3033 ἀνόμοις
2230 2963 2311 3028 ὠς
2339 2959 2584 3028 ἄνομος.
2617 2955 2751 3012 Εἶτα
2783 2958 2869 3010 ἵνα
2913 2957 2987 3028 μὴ
3020 2956 3218 3029 νομίσῃ
3247 2973 3331 3019 τις
3369 2971 3538 3013 μετα-

1953 3048 2116 3120 ϐολὴν
2155 3045 2377 3117 γνὼμηι,
2428 3038 2568 3098 εἶναι
2602 3041 2663 3095 τὸ
2707 3043 2961 3114 πρᾶγμα,
2989 3041 3268 3110 ἐπήγαγεο
3311 3039 3408 3106 Μὴ
3451 3037 3540 3090 ὢν

1952 3136 2174 3204 ἄνομος
2213 3131 2383 3194 Θεοῦ,
2416 3130 2553 3186 ἀλλ’
2587 3128 2843 3197 ἔννομος
2903 3126 3183 3193 Χριστοῦ.
3220 3125 3536 3185 Τουτέστιν,

1954 3221 2029 3273 O6
2068 3220 2228 3289 μόνον
2259 3219 2460 3286 ἄνομος
2509 3214 2608 3267 οὐκ
2641 3211 2735 3273 ὢν,
2768 3211 2883 3265 ἀλλ’
2915 3209 3036 3264 οὐδὲ
3075 3209 3262 3273 ἁπλῶς
3290 3208 3536 3276 ἔννομος,

1953 3304 2089 3358 ἀλλὰ
2117 3303 2209 3356 16v
2255 3300 2434 3370 πολλῷ
2471 3297 2564 3352 τοῦ
2605 3296 2963 3365 παλαιοτέρου
3005 3293 3170 3365 νόμον
3209 3292 3538 3362 ὑψηλότερον

1954 3388 2114 3458 ἔχων,
2146 3385 2414 3446 τουτέστι,
2448 3381 2540 3434 τοῦ
2577 3380 2895 3449 Πνεύματος
2924 3377 3020 3431 καὶ
3053 3377 3153 3448 τῆς
3185 3375 3430 3448 χάριτος⁶
3458 3374 3540 3428 διὸ

1953 3456 2049 3526 καὶ
2076 3469 2345 3538 ἐπήγαγε,
2375 3464 2655 3533 Χριστοῦ.
2698 3458 2830 3516 Εἶτα
2862 3462 3097 3531 ποιήσας
3135 3459 3380 3531 περὶτῆς
3401 3456 3542 3526 γνὼ-

1959 3573 2064 3628 μης
2092 3552 2386 3625 θαρρῆσαι,
2406 3547 2579 3604 καὶτὸ
2611 3547 2800 3617 κέρδος
2822 3545 3005 3617 τίθησι
3037 3544 3199 3628 πάλιν
3219 3544 3321 3613 τῆς
3350 3540 3540 3595 τοιαύ-

1954 3627 2052 3710 της
2087 3633 2566 3704 συγκαταϐάσεως,
2595 3630 2787 3698 λέγων·
2808 3631 2932 3682 Ἵνα
2953 3627 3227 3695 κερδήσω
3251 3628 3536 3694 ἀνόμους.

1957 3721 2068 3776 Καὶ
2093 3717 2366 3788 πανταχοῦ
2405 3716 2504 3786 τὴν
2531 3715 2710 3768 αἰτίαν
2737 3712 3097 3782 προϐάλλεται
3134 3711 3234 3780 τῆς
3268 3725 3542 3777 συγκατα-

1957 3807 2186 3866 ϐάσεως·
2219 3805 2312 3857 καὶ
2345 3801 2465 3855 οὐδὲ
2504 3799 2664 3870 μέχρι
2693 3797 2901 3851 τούτων
2929 3795 3082 3866 ἐστ-η,
3107 3794 3268 3855 ἀλλὰ,
3288 3793 3391 3847 Καὶ
3416 3791 3542 3858 τοῖς

1957 3885 2264 3948 ἀσθενέσι,
2299 3883 2487 3953 φησὶν,
2538 3883 2619 3948 ὡς
2647 3880 2936 3947 ἀσθενὴς,
2966 3880 3066 3932 ἵνα
3092 3878 3231 3942 τοὺς
3263 3873 3541 3941 ἀσθενεῖς

1958 3973 2253 4042 κερδήσω.
2285 3969 2457 4022 Τοῦτο
2492 3966 2678 4020 λοιπὸν
2695 3966 2755 4019 16
2779 3965 2982 4019 τούτων
3012 3962 3208 4030 λέγων,
3246 3961 3312 4014 δι’
3362 3960 3391 4012 6
3445 3961 3541 4013 καὶ

1958 4059 2136 4111 πάντα
2170 4053 2340 4108 ταῦτα
2377 4053 2611 4124 εἴρηται.
2655 4049 2846 4104 Καίτοι
2867 4046 3049 4102 ἐκεῖνα
3095 4045 3274 4116 πολλῷ
3317 4044 3541 4115 μείζονα

1956 4138 2048 4212 ἦν,
2084 4138 2392 4193 ἀλλά-τοῦτο
2429 4136 2775 4207 οἰκειότερον·
2809 4134 2930 4187 ὃθεν
2978 4131 3071 4185 καὶ
3119 4129 3346 4196 ὕστερον
3407 4128 3542 4181 αὐτὸ

1958 4227 2221 4280 τέθεικεν.
2269 4222 2528 4292 Ἐποίησε
2575 4220 2633 4274 δέ
2690 4218 2823 4272 0:616
2877 4216 2973 4271 καὶ
3031 4215 3182 4286 παρὰ
3223 4213 3539 4283 Ῥωμαίοις,

1957 4311 2046 4364 ὅτε
2082 4310 2212 4379 περὶ
2245 4306 2548 4378 βρωμάτιον
2579 4303 2844 4365 ἐνεκάλει,
2865 4305 2958 4356 καὶ
2979 4298 3215 4369 ἀλλαχοῦ
3247 4296 3536 4365 πολλαχοῦ.

1959 4389 2114 4458 Εἶτα,
2155 4391 2242 4444 ἵνα
2281 4389 2355 4460 μὴ
2400 4388 2520 4443 καθ’
2553 4387 2784 4440 ἕκαστον
2811 4385 3026 4440 ἅπαντα
3049 4382 3243 4453 λέγων,
3266 4380 3539 4452 διατρίϐῃ,

1961 4477 2115 4548 φησί’
2151 4474 2278 4541 Τοῖς
2312 4471 2460 4546 [196]
2485 4470 2636 4526 πᾶσι
2655 4468 2872 4540 γέγονα
2906 4471 2979 4522 τὰ
3002 4466 3219 4533 πάντα,
3253 4466 3355 4518 ἵνα
3389 4463 3542 4518 πᾶν..

1958 4587 2074 4634 τως
2099 4566 2268 4632 τινὰς
2291 4562 2489 4618 σώσω.
2534 4563 2696 4633 Ὁρᾷς
2731 4561 2830 4631 τὴν
2854 4557 3196 4630 ύπερϐολήνς
3251 4554 3408 4612 Πᾶσι
3441 4556 3540 4626 μέν

1961 4661 2178 4733 γέγονα
2210 4657 2428 4718 πάντα,
2468 4657 2528 4709 06
2591 4653 2800 4717 πάντας
2850 4652 2910 4706 δέ
2961 4648 3278 4720 προσδοκῶν
3323 4647 3538 4711 σώζειν,

1961 4747 2117 4818 φησὶ,
2141 4744 2254 4800 ἀλλ’
2287 4743 2373 4796 ἵνα
2398 4741 2500 4795 κᾶν
2527 4741 2740 4808 ὀλίγους
2771 4738 2950 4792 σώσω.
2980 4734 3091 4790 Καὶ
3120 4733 3217 4806 τὴν
3241 4734 3340 4806 μέν
3370 4751 3536 4818 σπου-

1960 4817 2054 4900 δὴν
2086 4830 2179 4883 καὶ
2199 4827 2294 4897 τὴν
2324 4825 2596 4877 διακονίαν
2623 4821 2889 4889 τοσαύτην
2926 4820 3211 4888 ὑπέμεινα,
3244 4818 3376 4885 ὅσην
3395 4817 3542 4880 εἰκὸς

1959 4914 2052 4966 16v
2078 4913 2324 4971 ἅπαντας
2345 4907 2606 4972 σώζοντα,
2631 4907 2690 4959 06
2715 4905 2820 4975 μὴν
2849 4903 3086 4967 ἐλπίζων
3105 4901 3361 4956 ἁπάντων
3383 4916 3542 4971 περι-

1963 4994 2200 5049 έσεσθαιο
2255 4991 2283 5044 6
2325 4991 2456 5043 πολὺ
2511 4990 2653 5058 μέγα
2691 4983 2781 5058 ἦν,
2821 4987 2915 5041 καὶ
2947 4984 3255 5056 προθυμίας
3285 4983 3537 5054 ζεούσης.

1976 5078 2128 5132 Ἐπεὶ
2166 5075 2260 5130 καὶ
2282 5077 2310 5128 6
2336 5074 2575 5142 σπείρων
2629 5069 2905 5140 πανταχοῦ
2932 5068 3174 5139 ἔσπειρε,
3219 5069 3314 5121 καὶ
3363 5069 3423 5121 ού
3447 5067 3540 5120 16v

1963 5162 2143 5214 πάντα
2195 5157 2394 5227 σπόρον
2445 5155 2722 5218 διέσωσεν,
2759 5154 2874 5208 ἀλλ’
2906 5154 3058 5223 ὅμως
3086 5152 3148 5206 16
3196 5151 3390 5206 ἐαυτοῦ
3439 5168 3540 5204 πε-

1963 5247 2179 5313 ποίηκε.
2203 5243 2314 5296 Καὶ
2345 5239 2514 5294 εἰπὼν
2548 5241 2644 5309 τὴν
2674 5238 2964 5308 ὀλιγότητα
3021 5237 3128 5290 τῶν
3184 5235 3536 5306 σωζομένων,

1962 5331 2125 5384 πάλιν
2162 5328 2262 5398 τῷ,
2291 5325 2550 5390 Πάντως,
2577 5323 2916 5394 προσθεῖναι,
2948 5321 3376 5393 παρεμυθήσατο
3405 5320 3536 5383 106;

1964 5414 2104 5484 ὑπὲρ
2129 5411 2332 5466 τούτων
2362 5409 2676 5478 ἀλγοῦντας.
2714 5407 2776 5461 Εἰ
2805 5407 2915 5476 γὰρ
2948 5406 3042 5458 καὶ
3076 5405 3150 5474 μὴ
3179 5407 3354 5458 πάντα
3378 5403 3540 5456 δυνα-

1962 5499 2054 5552 τὸν
2099 5493 2428 5563 διασωθῆναι
2476 5490 2570 5544 16v
2625 5489 2847 5560 σπόρον,
2904 5487 3020 5542 ἀλλ’
3050 5489 3199 5557 ὅμως
3241 5489 3333 5540 καὶ
3361 5487 3536 5538 πάντα

1964 5582 2246 5650 ἀμήχανον
2271 5574 2586 5630 ἀπολέσθαι.
2637 5573 2735 5625 Διὰ
2781 5571 2939 5624 τοῦτο
2968 5565 3110 5631 εἷπε,
3149 5569 3408 5632 Πάντως.
3455 5567 3536 5619 61:

1963 5665 2178 5733 ἀνάγκη
2203 5663 2352 5716 πᾶσα
2377 5659 2468 5713 τὸν
2490 5655 2631 5710 οῦτω
2659 5653 2876 5726 θερμῶς
2903 5650 3269 5715 σπουδάζοντα
3305 5651 3395 5704 καὶ
3420 5651 3539 5703 ἐπι-

2028 5803 2053 5845 δ
2093 5803 2236 5865 “9.3.,
2265 5799 2345 5849 καὶ
2368 5799 2482 5846 ποτε
2503 5799 2656 5846 recte.
2689 5793 2773 5843 Εᾶὶ
2801 5792 2914 5843 ἱκαὶ
2951 5791 3067 5845 πῶς.
