3826 6216
271 328 376 384 IRS

275 446 470 514 τυχεῖν.
486 442 686 498 Πάντα
707 439 775 495 δὲ
801 439 949 493 ποιῶ
968 439 1066 493 διὰ
1091 437 1156 492 τὸ
1182 436 1554 506 εὐαγγέλιον.
1577 433 1678 485 ἵνα
1697 439 1841 514 συτς

272 507 560 594 κοίνωνὸς
579 527 768 582 αὑτοῦ
797 524 1376 596 γένωμαι,τουτέστιν,
1402 519 1490 574 ἵνα
1519 517 1654 581 δόξω
1673 529 1728 564 τι
1752 507 1844 596 καὶ

272 612 435 674 αὐτὸς
467 609 968 680 συνεισενηνοχέναι
1003 608 1231 670 οἴκοθεν,
1263 605 1355 658 καὶ
1373 601 1689 670 κοινωνήσω
1741 591 1849 646 τῶν

274 693 653 764 ἀποκειμένων
710 693 988 761 στεφάνων
1042 693 1155 754 τοῖς
1204 690 1436 750 πιστοῖς.
1472 687 1683 753 Ὥσπερ
1743 677 1852 747 γὰρ

275 775 479 844 ἔλεγεν,
516 778 612 830 Ἐκ
637 776 744 829 τοῦ
769 775 1120 844 εὐαγγελίου
1178 771 1303 839 ζῇν,
1334 767 1635 827 τουτέστιν,
1663 765 1728 816 ἐκ
1747 761 1854 813 τῶν

277 861 667 922 πιστευόντων,
703 859 845 914 οὕτω
883 857 978 912 καὶ
1015 855 1274 914 ἐνταῦθα,
1305 846 1716 922 Συγκοινωνὸς
1766 841 1856 913 τέ-

277 959 466 1010 νωμαι
500 943 608 997 τοῦ
631 941 1002 1012 εὐαγγελίου,
1043 940 1130 992 ἵνα
1156 935 1368 1006 δυνηθῶ
1398 930 1726 999 κοινωνῆσαι
1747 927 1858 986 τοῖς

279 1023 340 1076 ἐν
373 1025 450 1094 τῷ
483 1024 786 1094 εὐαγγελίῳ
817 1021 1256 1076 πεπιστευκόσιν.
1297 1015 1450 1080 Εἶδες
1495 1024 1856 1082 ταπεινοφρο-

285 1105 472 1178 σύνην,
495 1107 609 1170 πῶς
632 1109 688 1159 ἐν
718 1092 786 1178 τῇ
823 1107 934 1159 τῶν
958 1105 1164 1176 μισθῶν
1186 1101 1445 1156 ἀντιδόσει
1483 1098 1579 1151 ἐνα
1599 1094 1706 1148 τῶν
1734 1092 1861 1144 πολι

282 1187 389 1240 λῶν
420 1189 610 1242 ἐαυτὸν
647 1174 850 1257 τίθησι,
884 1174 1100 1242 πάντων
1157 1183 1555 1252 πλεονεκτήσας
1591 1180 1705 1240 τοῖς
1757 1174 1858 1227 πό·

283 1290 422 1336 νοιςς
450 1271 612 1326 Ὅθεν
642 1273 821 1344 δῆλον,
847 1276 928 1328 ὅτι
959 1275 1184 1336 καὶτοῖς
1221 1269 1496 1331 ἐπάθλοις.
1538 1264 1678 1318 Ἀλλ’
1712 1263 1870 1336 ὅμως⁴

283 1355 444 1420 αὐτὸς
470 1357 568 1409 οὐκ
589 1354 732 1421 ἀξιοῖ
749 1355 858 1410 τῶν
881 1357 1162 1427 πρωτείων
1187 1351 1496 1416 ἀπολαύειν,
1511 1347 1626 1402 ἀλλ’
1649 1345 1859 1415 ἀγαπᾷ,

284 1437 350 1490 ἂν
377 1441 514 1509 μετά
543 1441 651 1492 τῶν
683 1439 854 1495 ἄλλων
875 1440 1178 1509 κοινωνήσῃ
1206 1435 1314 1488 τῶν
1341 1430 1720 1501 ἀποκειμένων
1744 1445 1864 1479 στε-

285 1521 489 1588 φάνων.
515 1521 700 1576 Ταῦτα
723 1523 780 1576 δέ
801 1521 1007 1590 ἔλεγεν,
1043 1520 1142 1573 ούκ
1159 1516 1344 1588 ἐπειδὴ
1367 1514 1541 1586 μισθῷ
1562 1530 1668 1565 τινι
1692 1510 1865 1564 ταῦτα

284 1603 571 1674 ἔπραττεν,
606 1605 719 1658 ἀλλ’
745 1605 830 1656 ἵνα
861 1604 1103 1665 ἐκείνους
1143 1600 1438 1654 κάντεῦθεν
1469 1597 1863 1666 ἐπισπάσηται,

285 1685 378 1739 καὶ
403 1690 520 1748 ταῖς
550 1687 726 1740 ἐλπίσι
745 1687 972 1750 ταύταις
997 1685 1163 1758 πείσῃ
1186 1685 1364 1738 πάντα
1398 1683 1572 1734 ποιεῖν
1600 1679 1738 1750 ὑπὲρ
1759 1677 1867 1730 τῶν

285 1767 548 1839 ἀδελφῶν.
577 1766 730 1833 Εἶδες
756 1771 1004 1835 σύνεσιν;
1064 1766 1204 1832 εἶδες
1243 1766 1527 1839 ἀκριϐείας
1569 1762 1865 1834 ὑπεροχὴν,

283 1853 400 1916 πῶς
438 1853 576 1924 ὑπὲρ
603 1853 672 1906 τά
705 1853 1114 1923 ἐπιτεταγμένα
1146 1849 1392 1922 ἐποίησε,
1421 1849 1498 1919 μὴ
1541 1845 1856 1918 λαμϐάνων,

285 1938 581 2010 λαμϐάνειν
619 1939 774 2006 ἐξόν;
835 1935 974 2001 εἶδες
1018 1935 1480 2005 συγκαταῦάσεως
1541 1931 1867 2002 ὑπερῦολὴν,

288 2022 407 2086 πῶς
435 2023 463 2074 6
501 2021 724 2092 ἔννομος
755 2020 994 2094 Χριστοῦ
1025 2021 1120 2074 καὶ
1167 2019 1257 2072 τὸν
1286 2018 1546 2072 ἀνωτάτω
1573 2013 1758 2086 τηρῶν
1782 2015 1860 2068 νό-

293 2122 412 2174 μον,
435 2107 546 2168 τοῖς
574 2105 795 2175 ἀνόμοις
827 2104 902 2166 ὡς
932 2104 1134 2172 ἄνομος
1155 2097 1244 2172 ἦν,
1284 2103 1398 2165 τοῖς
1465 2097 1744 2161 Ἰουδαίοις
1795 2097 1870 2160 ὼς

300 2187 573 2250 Ἰουδαῖος,
597 2189 654 2242 ἐν
685 2188 967 2256 ἑκατέροις
1015 2187 1180 2255 ἄκρος
1216 2185 1404 2254 φανεὶς
1433 2183 1528 2236 καὶ
1560 2185 1766 2244 πάντας
1789 2198 1868 2233 νι-

290 2273 501 2341 κήσας;
537 2271 708 2326 Τοῦτο
738 2273 830 2326 καὶ
852 2273 916 2325 σὺ
949 2271 1114 2336 ποίει,
1157 2271 1250 2324 καὶ
1285 2267 1359 2338 μὴ
1400 2268 1587 2338 νόμιζε
1631 2267 1867 2321 καταπί-

291 2367 446 2407 πτειν
471 2355 640 2426 ἀκρος
664 2353 762 2418 ὣν,
779 2357 874 2410 ἐάν
900 2373 953 2408 τι
977 2355 1064 2408 διά
1079 2355 1171 2406 τὸν
1197 2353 1421 2417 ἀδελφὺν
1443 2351 1742 2422 ὑπομείνῃς
1761 2349 1871 2402 τῶν

289 2437 583 2492 ταπεινῶν·
611 2440 732 2492 οὺδέ
763 2438 870 2508 γὰρ
893 2439 1224 2492 καταπεσεῖν
1257 2439 1374 2489 ἐστι
1403 2435 1584 2498 τοῦτο,
1617 2435 1753 2488 ἀλλά
1781 2452 1874 2487 κα-

291 2519 542 2591 ταϐῆναι.
588 2521 648 2574 '0
673 2521 774 2591 μὲν
811 2522 922 2593 γάρ
977 2519 1183 2580 πεσὼν,
1237 2522 1411 2572 κεῖται
1471 2519 1621 2588 μόλις
1653 2517 1873 2571 ἀνιστά-

298 2603 476 2673 μενος·
507 2607 535 2657 6
559 2603 616 2657 δὲ
652 2605 919 2669 καταϐὰς,
972 2605 1067 2659 καὶ
1115 2604 1450 2673 ἀναϐήσεται
1511 2603 1649 2674 μετὰ
1677 2601 1873 2654 πολλοῦ

293 2687 386 2740 τοῦ
421 2688 668 2758 κέρδους·
709 2689 960 2759 καθάπερ
985 2689 1079 2742 καὶ
1109 2685 1320 2749 Παῦλος
1341 2686 1534 2757 κατῄει
1569 2690 1668 2758 μὲν
1692 2686 1872 2754 μόνος,

296 2769 448 2842 ἀνῄει
489 2771 547 2822 δὲ
577 2769 716 2840 μετά
762 2771 862 2840 τῆς
894 2771 1242 2842 οἰκουμένης,
1283 2771 1380 2841 οὐχ
1428 2769 1871 2840 ὑποκρινόμενος·

295 2855 416 2906 οὺδέ
447 2854 556 2925 γάρ
589 2853 655 2908 ἂν
693 2853 754 2907 τὸ
787 2855 976 2926 κέρδος
1024 2853 1254 2924 ἐζήτησε
1289 2854 1396 2907 τῶν
1445 2851 1789 2924 σωζομένων,
1827 2853 1880 2907 εῐ

296 2945 357 3006 γε
381 2938 724 3009 ὑπεκρίνετο.
750 2939 860 3010 Τὴν
893 2939 1000 3011 γὰρ
1034 2938 1308 2992 ἀπώλειαν
1328 2939 1356 2990 6
1374 2937 1674 3010 ὑποκριτὴς
1701 2938 1874 3007 ζητεῖ,

299 3021 390 3074 καὶ
428 3020 569 3074 ὥστε
625 3021 833 3088 λαϐεῖν,
894 3024 1265 3092 ὑποκρίνεται,
1334 3023 1431 3092 οὐχ
1494 3021 1636 3074 ὥστε
1669 3021 1873 3076 δοῦναι.

305 3105 446 3158 Ἀλλ’
471 3099 626 3170 οὗτος
652 3107 751 3176 οὐχ
798 3105 992 3170 οὕτως·
1035 3105 1150 3160 ἀλλ’
1214 3105 1406 3176 ῶσπερ
1448 3105 1651 3177 ἰατρὸς,
1688 3105 1878 3178 ὥσπερ

297 3187 634 3254 διδάσκαλος,
661 3189 852 3262 ὥσπερ
884 3189 1091 3262 πατὴρ,
1129 3191 1158 3242 6
1201 3189 1300 3259 μέν
1328 3188 1408 3258 τῷ
1440 3189 1728 3260 κάμνοντι,
1762 3192 1790 3242 6
1820 3190 1878 3243 δέ

298 3271 376 3342 τῷ
410 3271 648 3344 μαθητῇ,
677 3273 781 3325 όδέ
835 3271 914 3343 τῷ
943 3273 1096 3326 παιδὶ
1138 3272 1566 3340 συγκαταδαίνει
1610 3275 1692 3336 είς
1731 3273 1878 3345 διόρ·

301 3354 484 3419 θωσιν,
509 3355 609 3408 οὐκ
647 3357 725 3418 είς
760 3355 984 3426 βλάϐην·
1019 3355 1162 3408 οὕτω
1193 3357 1287 3408 καὶ
1315 3350 1490 3418 οὗτος.

375 3515 442 3571 δ’.
481 3517 604 3569 ’Ὁτι
642 3517 750 3588 γὰρ
815 3517 916 3589 οὐχ
941 3517 1230 3590 ὑπόκρισις
1259 3513 1328 3590 ἦν
1352 3515 1420 3570 τά
1446 3519 1730 3589 εἰρημένα,
1757 3518 1886 3572 ὅταν

307 3599 474 3669 μηδὲν
494 3599 733 3653 τοιοῦτον
755 3599 1131 3670 ἀναγκάζηται
1151 3599 1370 3670 ποιεῖνῆ
1399 3600 1596 3668 λέγειν,
1619 3600 1755 3654 ἀλλά
1779 3601 1880 3672 τὴν

305 3681 454 3754 ῌΕΠ]
485 3683 725 3736 διάθεσιν
749 3683 912 3736 αὐτοῦ
951 3685 1046 3737 καὶ
1073 3685 1174 3756 τὴν
1219 3684 1532 3756 παρρησίαν
1559 3683 1730 3749 δεῖξαι
1761 3685 1886 3756 βούο

307 3768 488 3837 ληται,
519 3767 751 3822 ἄκουσον
780 3767 946 3821 αὑτοῦ
974 3767 1246 3836 λέγοντος·
1281 3766 1430 3821 Οὔτε
1477 3767 1590 3836 ζωὴ
1621 3769 1758 3823 οὔτε
1783 3767 1886 3824 θά-

307 3867 508 3917 νατος,
533 3852 672 3904 οὔτε
698 3851 937 3921 ἄγγελοι
995 3852 1134 3906 οὔτε
1182 3851 1360 3921 ἀρχαὶ
1399 3852 1536 3906 οὔτε
1579 3851 1882 3922 δυνάμεις.

309 3937 446 3989 οὔτε
469 3933 769 3989 ἐνεστῶτα
798 3937 937 3990 οὔτε
970 3937 1297 4004 μέλλοντα,
1327 3935 1467 3990 οὔτε
1498 3936 1716 4005 ὕψωμα
1749 3937 1886 3990 οὔτε

310 4021 517 4085 βάθος,
559 4020 698 4073 οὔτε
736 4037 826 4084 τις
879 4019 1051 4086 ἑτέρα
1103 4019 1304 4086 κτίσις
1361 4019 1688 4088 δυνήσεται
1727 4017 1888 4086 ἡμᾶς

310 4103 562 4172 χωρίσαι
585 4103 704 4156 ἀπὸ
729 4101 838 4170 τῆς
852 4101 1092 4172 ἀγάπης
1119 4103 1226 4156 τοῦ
1255 4103 1406 4157 Θεοῦ
1429 4102 1540 4170 τῆς
1558 4104 1630 4158 ἐν
1656 4104 1888 4171 Χριστῷ

321 4185 524 4252 Ἰησοῦ
557 4185 638 4252 τῷ
677 4188 872 4255 Κυρίῳ
900 4185 1090 4254 ἡμῶν.
1122 4183 1280 4250 Εῐδες
1309 4187 1534 4260 ἀγάπην
1566 4189 1740 4258 πυρὸς
1761 4189 1887 4262 θερ-

315 4270 586 4342 μοτέραν;
615 4269 778 4324 Οὕτω
803 4271 896 4324 καὶ
919 4273 1080 4342 ἡμεῖς
1107 4273 1486 4344 ἀγαπήσωμεν
1518 4271 1609 4328 τὸν
1631 4273 1884 4344 Χριστόν·

310 4355 403 4406 καὶ
437 4353 546 4424 γάρ
577 4353 819 4420 εὔκολον,
855 4355 922 4410 ἂν
951 4355 1290 4427 βουλώμεθα.
1353 4356 1489 4410 Οὐδὲ
1535 4357 1645 4429 γάρ
1683 4359 1892 4421 ἐκεῖνος

313 4439 472 4505 φύσει
495 4437 738 4502 τοιοῦτος
779 4434 866 4510 ἦν.
927 4441 1027 4494 Διά
1063 4457 1146 4492 τοι
1179 4438 1339 4493 τοῦτο
1395 4441 1489 4493 καὶ
1525 4440 1594 4494 τά
1650 4441 1891 4512 πρότερα

311 4520 478 4574 αὐτοῦ
513 4521 800 4594 ἀνεγράφη
817 4521 888 4575 τὰ
915 4523 1134 4576 ἐναντία
1164 4523 1391 4586 τούτοις,
1421 4523 1507 4576 ἶνα
1531 4523 1788 4594 μάθωμεν
1810 4526 1891 4578 ὅτι

313 4603 684 4676 προαιρέσεως
715 4605 778 4658 τὸ
825 4604 1004 4677 ἔργον,
1051 4606 1145 4659 καὶ
1189 4605 1532 4677 βουλομένοις
1555 4606 1763 4661 ἅπαντα
1801 4605 1894 4660 εῦ-

315 4688 480 4754 3010...
509 4687 602 4759 Μὴ
619 4689 800 4742 τοίνυν
823 4689 1174 4759 ἀπογνῶμεν,
1207 4689 1368 4750 ἀλλὰ,
1407 4689 1510 4742 κᾶν
1543 4690 1778 4761 λοίδορος
1803 4687 1890 4765 ᾗς,

318 4770 421 4824 κᾶν
453 4770 802 4841 πλεονέκτης,
833 4771 936 4826 κᾶν
981 4771 1183 4834 ὁτιοῦν,
1247 4772 1500 4840 ἐννόησον
1545 4774 1626 4826 ὅτι
1681 4772 1894 4837 Παῦλος

319 4852 636 4922 βλάσφημος
690 4850 758 4924 ἦν
809 4856 904 4908 καὶ
949 4853 1184 4926 διώκτης
1222 4858 1319 4909 καὶ
1349 4855 1632 4927 ὑϐριστὴς,
1667 4857 1760 4910 καὶ
1787 4857 1896 4910 τῶν

321 4935 662 5006 ἁμαρτωλῶν
693 4937 928 5007 πρῶτος,
964 4939 1058 4992 καὶ
1091 4938 1352 5009 ἐξαίφνης
1373 4938 1510 5008 πρὸς
1539 4939 1708 5010 αὐτὴν
1729 4940 1894 5010 ἀνέϐη

321 5019 420 5090 τὴν
449 5020 694 5090 κορυφὴν
719 5021 817 5089 τῆς
843 5021 1067 5092 ἀρετῆς,
1101 5025 1195 5078 καὶ
1221 5024 1374 5078 οὐδὲν
1397 5022 1546 5095 αὐτῷ
1573 5023 1802 5094 κώλυμα
1829 5024 1898 5078 τὰ

323 5103 568 5174 πρότερα
598 5104 808 5172 γέγονε·
842 5105 1018 5158 καίτοι
1047 5123 1112 5173 γε
1139 5107 1316 5170 οὐδεὶς
1343 5107 1488 5162 οὕτω
1521 5109 1660 5178 μετά
1706 5108 1900 5164 τοσαύ-

324 5203 424 5256 της
451 5187 646 5257 μανίας
674 5187 855 5256 ἔχεται
895 5188 1115 5250 κακίας,
1149 5189 1268 5258 μεθ’
1292 5193 1424 5261 ὅσης
1449 5193 1656 5258 ἐκεῖνος
1687 5191 1780 5244 τοῦ
1802 5209 1902 5244 πο-

327 5270 496 5339 λέμου
521 5271 615 5324 τοῦ
659 5271 800 5324 κατὰ
819 5269 920 5338 τῆς
961 5271 1306 5342 Ἐκκλησίας.
1331 5277 1442 5328 Kal
1467 5277 1576 5346 γὰρ
1601 5277 1702 5346 τὴν
1721 5277 1900 5346 ψυχὴν

328 5351 570 5424 ἐπέδωκε
599 5354 697 5423 τὴν
727 5351 922 5405 ἑαυτοῦ
939 5353 1077 5413 τότε.
1098 5355 1191 5408 καὶ
1214 5357 1296 5410 ὅτι
1325 5358 1400 5427 μὴ
1428 5359 1626 5429 μυρίας
1649 5355 1762 5429 εἶχε
1783 5363 1902 5430 χεῖ-

337 5453 458 5507 ρας,
490 5435 576 5488 ἵνα
606 5436 809 5514 πάσαις
837 5435 1006 5508 βάλλῃ
1038 5435 1130 5490 τὸν
1183 5437 1470 5508 Στέφανον,
1503 5441 1674 5511 ἧλγει.
1712 5445 1904 5514 Ὅμως

329 5519 388 5572 δὲ
407 5521 502 5572 καὶ
532 5518 703 5582 οὕτως
727 5512 886 5590 εὗρεν
907 5520 1056 5582 ὅπως
1089 5520 1333 5576 πλείοσιν
1357 5523 1520 5577 αὐτὸν
1556 5525 1689 5598 βάλῃ
1721 5512 1901 5598 χερσὶ,

329 5605 448 5665 ταῖς
489 5601 600 5656 τῶν
627 5601 1108 5674 ψευδομαρτύρων,
1145 5599 1220 5658 ὧν
1258 5606 1328 5658 τά
1356 5607 1540 5676 ἱμάτια
1563 5612 1766 5681 ἐτήρει·
1813 5614 1908 5666 καὶ

331 5686 492 5755 ἡνίκα
513 5686 572 5740 δέ
601 5688 679 5750 εἰς
707 5687 804 5750 τάς
828 5686 1002 5750 οἰκίας
1025 5689 1214 5760 εἰσῄει,
1248 5689 1498 5760 καθάπερ
1523 5691 1710 5763 θηρίον
1737 5695 1908 5758 οὕτως

331 5769 614 5838 είσεπήδα,
653 5769 853 5840 σύρων,
888 5773 1212 5840 σπαράττων
1245 5772 1466 5846 ἄνδρας,
1500 5779 1786 5844 γυναῖκας,
1823 5778 1912 5832 θο-

339 5850 499 5912 ρύϐου
525 5853 618 5906 καὶ
651 5855 896 5922 ταραχῆς
919 5854 1014 5909 καὶ
1041 5851 1250 5923 μυρίων
1281 5855 1532 5924 πολέμων
1559 5859 1735 5914 πάντα
1767 5851 1906 5916 πλη-

981 325 1040 380 S.
1077 319 1362 377 JOANNIS
1399 301 1883 371 CHRYSOSTOMI
1924 296 2248 354 ARCHIEP.
2290 290 2844 384 CONSTANTINOP.

3425 271 3529 335 ιω

1952 414 2082 486 ρῶν.
2107 413 2262 468 Οὕτω
2295 412 2426 482 γοῦν
2455 413 2547 464 καὶ
2573 409 2802 482 φοϐερὸς
2827 401 2916 477 ἦν,
2944 401 3020 468 ὡς
3047 401 3171 464 τοὺς
3203 398 3530 464 ἀποστόλους

1953 484 2044 551 καὶ
2070 497 2205 568 μετά
2229 498 2327 560 τὴν
2352 495 2580 568 ἀρίστην
2607 490 2909 564 μεταϐολὴν
2936 486 3161 568 μηδέπω
3183 484 3530 568 τολμᾷνᾲκολ-

1949 566 2146 636 λᾶσθαι
2183 577 2352 648 αὐτῷ.
2395 566 2540 632 ’.ἀλλ’
2574 577 2724 648 ὅμως
2761 575 2896 646 μετά
2925 573 3106 624 πάντα
3135 567 3316 621 ἐκεῖνα
3343 566 3536 634 γέγονε

1953 664 2214 727 τοιοῦτος,
2249 657 2358 726 οἷος
2402 661 2645 730 γέγονεν·
2680 657 2834 712 οὐδὲν
2871 655 2980 726 ’γὰρ
3009 653 3090 706 δεῖ
3147 651 3308 703 πλέον
3339 651 3536 706 εἰπεῖν,

1958 747 2068 802 Ποῦ
2092 747 2274 800 τοίνυν
2297 745 2433 798 εἰσὶν
2456 745 2505 796 οἱ
2532 741 2628 812 τὴν
2660 743 2759 810 τῆς
2791 738 3132 810 εἱμαρμένης
3155 735 3403 802 ἀνάγκην
3427 735 3538 784 ἐπι.

1952 829 2280 902 τειχίζοντες
2315 831 2382 900 τῇ
2407 830 2508 898 τῆς
2543 824 2914 896 προαιρέσεως
2939 818 3278 902 ἐλευθερίας
3317 815 3538 902 ’ἀκουέο

1955 897 2136 970 τωσαν
2164 897 2471 976 “ﬁrm-kal
2504 905 3063 978 ἐπιστομιζέσθωσαν.
3089 901 3192 954 Τὸν
3222 899 3329 970 γὰρ
3352 897 3532 968 βουλὸ-

1961 1014 2119 1070 μενον
2151 996 2399 1066 γενέσθαι
2420 991 2622 1062 ἀγαθὸν
2638 990 2790 1044 οὐδέν
2823 991 2938 1041 ἐστι
2963 987 3022 1039 τὸ
3048 983 3278 1046 κωλῦον,
3309 982 3414 1035 κᾶν
3435 981 3542 1032 τῶν

1959 1065 2340 1152 πονηροτάτων
2375 1076 2682 1148 ἔμπροσθεν
2801 1072 2910 1125 Καὶ
2938 1069 3045 1139 γὰρ
3079 1067 3216 1152 πρὸς
3235 1065 3394 1152 τοῦτο
3421 1065 3534 1152 ἐπιο

1958 1148 2187 1236 τηδείως
2217 1161 2416 1234 μᾶλλον
2443 1160 2660 1230 ἔχομεν,
2713 1159 2836 1210 ὅσον
2879 1157 2973 1208 καὶ¹
3025 1151 3169 1205 κατά
3225 1148 3390 1236 φύσιν
3413 1149 3544 1218 ἡμῖν

1962 1230 2111 1302 ἐστιν
2151 1249 2184 1316 ἡ
2213 1230 2404 1315 ἀρετὴ,
2438 1245 2533 1296 καὶ
2565 1239 2718 1312 παρά
2750 1238 2913 1308 φύσιν
2969 1238 3002 1308 ή
3043 1234 3300 1304 πονηρία,
3353 1230 3544 1299 ὥσπερ

1964 1330 2058 1386 οὖν
2089 1330 2150 1383 τὸ
2184 1332 2361 1384 νοσεῖν
2391 1329 2485 1381 καὶ
2515 1325 2798 1394 ὑγιαίνειν.
2825 1324 2932 1374 Καὶ
2945 1321 3054 1391 γὰρ
3075 1316 3390 1387 ὀφθαλμοὺς
3415 1316 3546 1385 ἡμῖν

1967 1415 2218 1468 ἔδωκενό
2260 1412 2416 1474 Θεὸς,
2451 1411 2549 1480 οὐχ
2578 1411 2667 1462 ἵνα
2719 1405 3035 1466 ἀκολάστως
3074 1401 3385 1472 βλέπωμεν,
3431 1398 3548 1452 ἀλλ’

1968 1499 2056 1552 ἴνα
2085 1499 2155 1551 τὰ
2181 1496 2640 1566 δημιουργήματα
2671 1489 2835 1546 αὐτοῦ
2883 1486 3276 1558 θαυμάζοντες,
3301 1499 3548 1554 προσκυ-

1967 1583 2147 1653 νῶμεν
2193 1580 2284 1634 τὸν
2323 1579 2648 1649 ποιήσαντα.
2702 1575 2814 1628 Kal
2862 1573 2944 1626 ὅτι
2987 1570 3128 1639 αὕτη
3167 1571 3201 1640 ἡ
3239 1567 3401 1640 χρεία
3439 1566 3550 1619 τῶν

1967 1664 2283 1736 ὀφθαλμῶν,
2315 1663 2470 1733 δῆλον
2504 1663 2568 1715 ἐκ
2595 1659 2706 1712 τῶν
2725 1657 3036 1730 ὁρωμένων.
3068 1653 3280 1736 Κάλλος
3314 1655 3413 1724 μὲν
3441 1654 3551 1723 γάρ

1969 1735 2120 1822 ἡλίου
2150 1735 2260 1802 καὶ
2288 1743 2520 1817 οὐρανοῦ
2566 1743 2625 1810 ἐξ
2650 1743 2878 1812 ἀπείρου
2911 1737 3180 1810 βλέπομεν
3203 1735 3298 1790 τοῦ
3329 1737 3552 1822 διαστή-

1974 1819 2160 1905 ματος·
2179 1829 2439 1900 γυναικὸς
2467 1825 2523 1880 δὲ
2554 1825 2858 1896 εὐμορφίαν
2886 1823 2986 1874 οὐκ
2999 1823 3064 1876 ἀν
3087 1839 3171 1884 τις
3197 1822 3262 1874 ἐκ
3289 1819 3550 1872 τοσούτου

1970 1903 2298 1986 καταμάθοι.
2346 1913 2532 1982 Ὁρᾷς,
2565 1911 2646 1962 ὅτι
2679 1907 2814 1978 πρὸς
2835 1905 2994 1959 τοῦτο
3019 1907 3152 1974 ἡμῖν
3171 1903 3370 1974 μᾶλλον
3385 1903 3550 1970 γεγέ-

1969 2015 2131 2070 νηται
2165 1997 2192 2051 6
2226 1995 2535 2066 ὀφθαλμός;
2570 1993 2740 2046 Πάλιν
2802 1989 2970 2059 ἀκοὴν
3000 1987 3275 2060 ἐποίησεν,
3325 1987 3425 2056 οὐχ
3463 1987 3554 2070 ῖνα

1972 2069 2270 2152 βλάσφημα
2315 2075 2603 2148 δεχώμεθα
2632 2074 2874 2152 ῥήματα,
2925 2070 3038 2124 ἀλλ’
3072 2072 3160 2123 ἵνα
3183 2071 3430 2140 σωτήρια
3461 2069 3552 2121 50'-

1970 2182 2179 2236 γματα.
2210 2162 2310 2216 Διά
2333 2179 2415 2214 τοι
2449 2159 2628 2220 τοῦτο,
2661 2159 2788 2211 ὅταν
2837 2157 2937 2227 μὲν
2975 2154 3190 2226 ἀπηχές
3225 2171 3276 2207 τι
3303 2154 3550 2223 δέξηται,

1972 2251 2068 2304 καὶ
2105 2246 2336 2318 ναρκᾷή
2374 2244 2520 2315 ψυχὴ
2548 2244 2642 2296 καὶ
2673 2242 2734 2295 τὸ
2764 2241 2924 2312 σῶμα
2951 2240 3008 2294 δὲ
3037 2240 3188 2294 αὑτό.
3219 2239 3415 2292 Λαλιὰ
3443 2239 3556 2308 γὰρ

1971 2333 2319 2404 πολυόρκου
2339 2325 2664 2397 ἁνορθώσει
2687 2327 2914 2395 τρίχας,
2941 2324 3092 2395 φησί.
3114 2323 3230 2377 Κᾶν
3251 2323 3426 2393 ώμδν,
3449 2323 3557 2376 κᾶν

1973 2425 2178 2495 ἀπηνές
2205 2441 2258 2476 τι
2283 2421 2625 2492 ἀκούσωμεν,
2659 2419 2820 2472 πάλιν
2845 2419 3159 2490 φρίττομεν·
3195 2415 3262 2468 ἂν
3294 2415 3350 2468 δὲ
3375 2415 3554 2486 ἐμμε-

1973 2510 2062 2573 λές
2085 2527 2137 2562 τι
2166 2510 2257 2562 καὶ
2283 2506 2683 2578 φιλάνθρωπον,
2703 2505 2796 2557 καὶ
2817 2501 3132 2571 γαννύμεθα
3153 2501 3245 2553 καὶ
3265 2498 3556 2572 χαίρομεν,

1975 2593 2083 2646 Kal
2097 2593 2158 2645 τὸ
2173 2592 2345 2659 στόμα
2371 2590 2428 2642 δέ
2463 2587 2620 2659 ἡμῶν
2645 2586 2846 2658 αἰσχρά
2879 2585 3274 2653 φθεγγόμενον,
3305 2583 3560 2654 αίσχύνε-

1976 2675 2100 2728 σθαι
2132 2675 2224 2728 καὶ
2252 2672 2692 2742 ἐγκαλύπτεσθαι
2758 2671 2918 2722 ποιεῖ·
2963 2669 3030 2722 ἂν
3067 2668 3124 2721 δέ
3180 2666 3378 2737 σεμνά,
3417 2665 3560 2736 μετὰ

1976 2758 2159 2821 ἀδείας
2191 2759 2440 2828 προΐεται
2487 2755 2662 2809 ταῦτα
2687 2754 2780 2807 καὶ
2804 2751 3114 2824 ἐλευθερίας
3147 2751 3388 2820 ἀπάσης.
3431 2749 3560 2810 Τοῖς

1976 2843 2202 2918 [198]δέ
2233 2843 2374 2896 κατά
2404 2840 2564 2910 φύσιν
2587 2840 2762 2902 οὐδεὶς
2797 2839 2862 2891 ἂν
2891 2835 3226 2906 αἰσχυνθείη,
3259 2834 3398 2888 ἀλλά
3443 2835 3560 2918 τοῖς

1977 2916 2127 3001 παρὰ
2168 2927 2348 2997 φύσιν.
2373 2925 2482 2979 Kal
2503 2927 2684 2995 χεῖρες
2713 2923 2832 2994 μὲν,
2896 2921 3023 2973 ὅταν
3082 2918 3392 2991 ἀρπάζωσι,
3425 2916 3560 2987 κρὺο

1977 3031 2201 3067 πτονται
2227 3013 2320 3066 καὶ
2349 3009 2641 3078 ἀπολογίας
2684 3005 3054 3078 ἐπιζητοῦσιν·
3103 3007 3150 3056 εἰ
3179 3003 3234 3056 δὲ
3256 3001 3558 3074 ἐλεημοσύ-

1978 3113 2074 3166 νην
2108 3095 2269 3158 δοῖεν,
2293 3094 2386 3147 καὶ
2415 3091 2931 3162 ἐγκαλλωπίζονται.
2961 3088 3123 3141 Ὥστε
3169 3087 3234 3140 ἂν
3257 3085 3558 3156 ἐθέλωμεν,

1981 3177 2181 3250 πολλὴν
2206 3177 2400 3248 ἔχομεν
2421 3177 2685 3230 πάντοθεν
2735 3175 2871 3243 πρὸς
2913 3175 3112 3244 ἀρετὴν
3138 3173 3238 3242 τὴν
3279 3171 3474 3242 ῥοπήν,
3497 3171 3560 3222 Εἰ

1980 3263 2036 3317 δέ
2056 3263 2153 3333 τὴν
2169 3262 2366 3334 ἡδονήν
2393 3277 2481 3332 μοι
2529 3259 2712 3327 λέγεις
2741 3257 2838 3328 τὴν
2862 3255 2971 3310 ἀπὸ
3002 3256 3100 3326 τῆς
3126 3255 3346 3318 κακίας,
3379 3253 3564 3322 ἐννόη-

1983 3363 2075 3400 σον
2101 3346 2182 3399 ὄτι
2211 3343 2308 3398 καὶ
2335 3343 2495 3396 τοῦτο
2548 3341 2709 3396 πλέον
2745 3339 2894 3412 παρά
2937 3338 3038 3409 τῆς
3084 3337 3287 3408 ἀρετῆς
3317 3337 3564 3408 καρπού-

1985 3430 2146 3501 μεθα.
2183 3428 2296 3482 Kal
2319 3427 2426 3497 γὰρ
2452 3425 2514 3480 τὸ
2543 3424 2780 3487 συνειδὸς
2797 3424 2941 3492 ἐχειν
2961 3421 3183 3492 ἀγαθὸν,
3213 3421 3312 3474 καὶ
3329 3421 3392 3473 τὸ
3411 3421 3562 3490 παρά

1985 3515 2203 3569 πάντων
2265 3508 2664 3580 θαυμάζεσθαι,
2728 3507 2823 3560 καὶ
2870 3505 2933 3558 τὸ
2978 3505 3220 3575 χρηστὰς
3270 3505 3562 3574 ἀναμένειν

1983 3597 2227 3659 ἐλπίδας,
2263 3595 2479 3648 πάντων
2535 3592 2682 3662 ἥδιον
2733 3588 2811 3660 τῷ
2865 3589 3026 3658 φύσιν
3057 3589 3250 3658 ἡδονῆς
3285 3589 3560 3657 ἐπεσκεμ-

1989 3680 2151 3751 μένῳ·
2187 3679 2379 3748 ὥσπερ
2405 3673 2499 3730 οὖν
2525 3673 2787 3728 τάναντία
2835 3673 3052 3726 πάντων
3081 3671 3448 3742 ὀδυνηρότερα
3483 3669 3561 3739 τῷ

1984 3765 2162 3834 λύπης
2203 3762 2364 3815 είδότι
2391 3759 2573 3830 φύσιν,
2623 3754 2732 3811 οἷον
2761 3756 2822 3810 τὸ
2861 3755 3012 3827 παρά
3057 3755 3276 3808 πάντων
3303 3753 3560 3818 ὀνειδίζε-

1987 3849 2134 3910 σθαι,
2162 3845 2226 3899 τδ
2267 3839 2688 3914 κατηγορεῖσθαι
2733 3840 2964 3904 οἴκοθεν,
3011 3839 3071 3891 τὸ
3105 3839 3330 3910 τρέμειν
3361 3839 3456 3892 καὶ
3477 3837 3562 3890 δε·

1985 3932 2222 3987 δοικέναι
2255 3929 2351 3982 καὶ
2379 3929 2446 3982 τὰ
2481 3926 2743 3998 μέλλοντα
2770 3925 2866 3978 καὶ
2897 3925 2966 3977 τά
2991 3923 3258 3996 παρόντα.

2058 4097 2120 4146 ε’.
2147 4090 2256 4144 Kal
2281 4089 2366 4144 ἵνα
2393 4087 2723 4159 σαφέστερον
2749 4085 2778 4139 δ
2799 4085 2941 4154 λέγω
2963 4085 3208 4156 γένηται,
3236 4081 3564 4154 ὑποθώμεθα

1987 4176 2068 4249 τῷ
2089 4175 2234 4244 λόγῳ
2280 4173 2474 4244 έχοντά
2506 4189 2630 4225 τινα
2661 4173 2914 4240 γυναῖκα,
2967 4168 3058 4221 τὸν
3081 4168 3178 4222 τοῦ
3203 4167 3430 4237 πλησίον
3489 4167 3568 4219 δι·-

1988 4259 2234 4332 ορύττειν
2259 4257 2456 4327 γάμον,
2487 4256 2582 4310 καὶ¹
2629 4254 2928 4326 ἥδεσθαιτῇ
2953 4253 3166 4322 πονηρᾷ
3191 4251 3362 4324 ταύτῃ
3395 4251 3565 4320 κλοπῇ

1989 4345 2090 4412 τῆς
2119 4341 2404 4414 ἐρωμένης
2463 4335 2819 4392 ἀπολαύοντα·
2881 4333 3000 4389 εἶτα
3037 4335 3568 4406 ἀντιθῶμεν-τούτῳ

1993 4426 2154 4480 πάλιν
2185 4424 2274 4477 ἐτε
2281 4440 2374 4494 ρον
2393 4422 2485 4476 τὸν
2502 4423 2599 4493 τὴν
2621 4419 2785 4475 αὑτοῦ
2815 4421 3127 4492 στέργοντα·
3145 4421 3236 4472 καὶ
3261 4420 3348 4472 ῖνα
3371 4419 3570 4472 πλείων

1992 4510 2089 4563 καὶ
2124 4509 2437 4577 σαφεστέρα
2475 4507 2508 4578 ἡ
2537 4505 2665 4575 νίκη
2694 4499 3099 4574 γίνηται,οῦτος
3117 4506 3146 4557 6
3170 4503 3272 4573 τῆς
3294 4503 3460 4556 αὐτοῦ
3481 4503 3570 4573 μό-

1994 4609 2092 4663 νης
2115 4591 2422 4652 ἀπολαύων,
2454 4589 2635 4658 ἐράτω
2677 4588 2774 4658 μέν
2811 4588 2906 4640 καὶ
2936 4585 3150 4655 ἐκείνης
3199 4587 3302 4655 τῆς
3326 4602 3572 4656 μοιχευο-

1999 4678 2187 4747 μένης,
2219 4673 2495 4744 κατεχέτω
2527 4671 2585 4724 δέ
2607 4671 2701 4725 τοῦ
2735 4671 2936 4742 ἔρωτος
2961 4671 3056 4724 καὶ
3089 4670 3254 4741 μηδὲν
3289 4670 3572 4740 πραττέτω

1997 4759 2258 4831 πονηρόν·
2317 4757 2494 4812 καίτοι
2533 4771 2598 4823 γε
2636 4754 2756 4808 οὐδὲ
2803 4753 3020 4826 καθαρά
3053 4753 3212 4807 τοῦτο
3251 4752 3573 4823 σωφροσύνη

1999 4843 2138 4898 ἐστί·
2165 4843 2306 4914 πλὴν
2339 4840 2452 4894 ἀλλ’
2481 4843 2547 4892 ἐκ
2573 4838 2909 4910 περιουσίας,
2939 4837 3028 4890 ῖνα
3061 4835 3238 4908 μάθῃς
3279 4837 3420 4908 πόση
3477 4836 3574 4904 τῆς

1999 4926 2201 4998 ἀρετῆς
2241 4928 2276 4996 ὴ
2308 4924 2493 4997 ἡδονὴ,
2553 4923 2641 4975 διὰ
2669 4921 2828 4974 τοῦτο
2855 4921 2998 4974 οὕτω
3037 4921 3098 4973 τὸ
3133 4919 3321 4991 δρᾶμα
3343 4921 3572 4972 ἐπλάσα-

2003 5027 2124 5081 μεν.
2167 5009 2460 5070 Συνθέντες
2479 5007 2658 5059 τοίνυν
2683 5005 2900 5069 αὐτοὺς,
2930 5003 3104 5066 οὕτως
3129 5003 3386 5074 ἐρώμεθα
3400 5006 3576 5074 ἀμφο-

2000 5095 2211 5164 τέρους,
2240 5093 2384 5156 τίνος
2413 5090 2578 5162 ἡδίων
2603 5091 2630 5143 6
2652 5089 2784 5160 βίος·
2827 5089 2923 5142 καὶ
2947 5087 3153 5159 ἀκούσῃ
3181 5087 3278 5140 τοῦ
3333 5087 3436 5158 μὲν
3483 5087 3576 5140 καὶ

2001 5179 2550 5251 ἐγκαλλωπιζομένου
2579 5179 2674 5230 καὶ
2727 5177 3054 5247 αιρτῶντος
3103 5175 3194 5228 ἐπὶ
3247 5177 3313 5246 τῇ
3339 5175 3464 5245 νίκῃ
3511 5177 3574 5242 τῇ

2002 5264 2146 5320 κατὰ
2167 5265 2270 5334 τῆς
2288 5263 2606 5334 ἐπιθυμίας·
2629 5261 2818 5316 τούτου
2849 5260 2925 5313 δέ·
2963 5258 3161 5330 μᾶλλον
3187 5267 3208 5290 ·
3231 5259 3289 5312 δὲ
3314 5258 3436 5312 οὐδὲ
3449 5259 3574 5311 ἀνα-

2007 5351 2186 5420 μεῖναι
2221 5347 2384 5418 δεῖτὸ
2415 5349 2544 5418 παρ’
2571 5344 2735 5400 αὑτοῦ
2765 5361 2819 5398 τι
2843 5342 3053 5414 μαθεῖν·
3083 5341 3204 5411 ὕψει
3245 5341 3354 5412 γὰρ
3395 5341 3572 5398 αὐτὸν.

2004 5432 2106 5487 κᾶν
2142 5435 2402 5505 μυριάκις
2429 5431 2681 5503 ἀρνῆται,
2712 5425 3004 5498 δεσμωτῶν
3034 5425 3362 5498 ἀθλιώτερον
3379 5425 3572 5478 διακεί·

2009 5527 2193 5589 μενον.
2221 5516 2325 5570 Kal
2354 5517 2464 5589 γὰρ
2491 5517 2734 5578 ἅπαντας
2763 5513 2966 5566 δέδοικε
3017 5511 3109 5564 καὶ
3135 5509 3448 5570 ὑποπτεύει,
3483 5509 3570 5560 καὶ

2006 5604 2104 5676 τὴν
2138 5603 2302 5690 αὑτοῦ
2338 5605 2569 5673 γυναῖκα
2620 5600 2716 5653 καὶ
2743 5597 2837 5651 τὸν
2863 5599 2959 5669 τῆς
2991 5597 3382 5668 μοιχευομένης
3414 5595 3570 5664 ἄνδρα

2009 5871 2031 5916 )
2071 5805 2096 5834 ⁸
2115 5805 2258 5869 Reg.,
2283 5805 2462 5856 τούτου.
2476 5805 2615 5854 δὲκαὶ
2638 5801 2976 5864 αἰσχυνομένου
2997 5799 3076 5848 καὶ
3098 5797 3436 5858 ῦποπτεύογτος
3455 5793 3564 5858 ,εἱλ-

2032 5885 2108 5916 .ον.

2032 5885 2091 5918 ,ον
2099 5905 2108 5916 .
