3826 6216
300 197 401 253 185

298 322 468 365 totum
507 309 740 365 servavit
765 316 1099 369 sementem;
1142 315 1377 360 attamen
1408 305 1548 375 quod
1579 319 1733 358 suum
1762 315 1880 360 erat

298 401 565 469 pnestitit.
618 400 836 454 Etcum
887 406 1219 452 servatorum
1265 397 1583 464 paucitatem
1635 395 1876 459 dixisset,

297 507 509 546 rursum
540 491 627 546 illa
650 491 828 545 addita
859 504 1012 553 voce,
1063 488 1304 553 Omnino,
1335 488 1642 543 consolatus
1671 494 1755 541 est
1786 502 1879 541 eos

294 585 385 653 qui
419 582 485 637 de
508 582 577 649 iis
603 582 869 637 dolerent.
898 580 1028 635 Nam
1058 581 1156 633 etsi
1187 579 1303 633 ﬁeri
1329 594 1436 633 non
1469 587 1663 648 potest,
1693 587 1752 631 ut
1794 586 1879 631 to-

296 686 405 729 tum
450 690 635 730 semen
676 674 883 728 salvum
923 675 1026 737 sit;
1091 683 1326 727 attamen
1379 681 1437 727 ut
1482 681 1651 727 totum
1698 681 1882 741 pereat

296 768 411 822 ﬁeri
446 769 652 838 nequit.
686 767 809 821 Ideo
838 767 999 828 dixit,
1035 764 1254 819 Omnino
1284 780 1303 818 :
1325 765 1447 833 quia
1478 778 1700 818 necesse
1730 777 1882 832 pror-

296 876 385 915 sus
413 870 514 926 est,
547 870 604 913 ut
637 860 722 927 qui
753 870 857 913 tam
892 857 1157 912 ferventer
1184 871 1298 911 rem
1326 864 1509 921 curat,
1534 856 1694 910 etiam
1724 869 1874 929 asse—

296 962 508 1020 quatur.
535 950 623 1006 23.
662 950 846 1004 Omnia
868 959 1032 1002 autem
1055 948 1193 1017 facio
1218 958 1425 1017 propter
1448 945 1787 1017 evangelium,
1816 953 1872 999 ut

298 1045 555 1114 particeps
575 1043 683 1109 eius
706 1043 910 1112 eﬂ‘iciar.
946 1040 1002 1095 Id
1041 1049 1144 1105 est,
1171 1049 1228 1093 ut
1256 1039 1440 1093 videar
1467 1049 1521 1093 et
1544 1039 1658 1108 ipse
1683 1037 1883 1106 aliquid

299 1150 365 1186 ex
392 1148 478 1187 me
498 1133 758 1196 attulisse,
786 1142 841 1186 et
864 1132 1128 1201 particeps
1152 1132 1250 1184 sim
1274 1145 1592 1185 coronarmn
1611 1145 1729 1200 quae
1756 1129 1886 1184 title-

302 1224 444 1278 libus
495 1224 746 1293 reposita:
792 1232 936 1277 sunt.
983 1222 1444 1290 Quemadmodum
1473 1221 1619 1275 enim
1650 1220 1881 1283 dicebat,

304 1316 387 1371 Ex
428 1317 684 1387 evangelio
730 1315 912 1381 vivere,
967 1314 1018 1367 id
1063 1324 1167 1380 est,
1211 1329 1275 1368 ex
1304 1312 1650 1368 credentibus
1682 1333 1696 1367 :
1728 1312 1806 1365 sic
1831 1318 1888 1365 et

306 1414 404 1464 hoc
432 1411 571 1474 loco,
598 1408 867 1478 Particeps
893 1408 1079 1478 e/ﬁciar
1105 1406 1386 1478 evangelii,
1416 1415 1473 1459 ut
1502 1405 1699 1475 possim
1734 1419 1886 1459 com—

303 1504 576 1557 municare
620 1516 743 1556 cum
794 1501 894 1566 iis,
938 1499 1029 1570 qui
1062 1500 1113 1552 in
1154 1498 1491 1569 evangelium
1520 1496 1883 1551 crediderunt.

305 1594 491 1649 Videu’
523 1593 903 1657 humilitatem,
954 1590 1228 1661 quomodo
1259 1591 1312 1644 in
1354 1589 1615 1645 mercedis
1654 1588 1887 1644 retribu-

304 1687 451 1740 tione
477 1700 635 1739 unum
666 1684 804 1738 inter
831 1684 1029 1737 multos
1057 1698 1178 1738 sese
1208 1691 1402 1752 ponat,
1436 1698 1557 1737 cum
1587 1683 1705 1752 plus
1729 1698 1887 1753 quam

302 1791 495 1832 omnes
531 1775 892 1831 laboraverit?
944 1774 1099 1831 Unde
1140 1775 1315 1844 palam
1350 1782 1467 1841 est,
1500 1774 1640 1829 illius
1672 1774 1889 1844 przemia

305 1869 508 1939 majora
535 1865 673 1922 fore.
705 1869 953 1921 Attamen
982 1882 1089 1920 non
1117 1881 1176 1921 se
1205 1865 1423 1936 dignum
1452 1875 1636 1920 censet
1661 1866 1750 1935 qui
1779 1865 1890 1935 pri-

304 1980 422 2019 nias
450 1970 649 2029 teneat,
681 1962 776 2018 sed
803 1970 1021 2032 exoptat
1048 1970 1107 2015 ut
1133 1976 1254 2016 cum
1281 1961 1400 2015 aliis
1425 1952 1691 2031 particcp‘s
1710 1960 1780 2014 sit
1802 1974 1893 2014 co-

305 2074 558 2113 ronarum
584 2072 705 2128 quae
733 2057 982 2126 repositae
1008 2065 1150 2109 sunt.
1186 2054 1311 2109 llaac
1338 2069 1500 2124 porro
1527 2054 1756 2116 dicebat,
1782 2067 1890 2106 non

305 2151 450 2220 quod
495 2166 590 2219 pro
633 2148 883 2203 mercede
928 2148 1104 2217 aliqua
1149 2147 1249 2201 hoc
1289 2145 1523 2209 faceret,
1560 2143 1656 2200 sed
1686 2154 1743 2198 ut
1769 2143 1895 2200 illos

305 2241 434 2295 hinc
460 2255 668 2311 quoque
691 2238 987 2293 attraheret
1007 2279 1024 2303 ,
1073 2246 1128 2291 et
1157 2252 1251 2306 per
1276 2251 1425 2307 spem
1456 2234 1758 2307 hujusmodi
1787 2234 1895 2288 illis

308 2332 676 2401 persuaderet,
710 2339 766 2383 ut
809 2327 987 2382 omnia
1018 2327 1397 2410 pro'fratribus
1431 2328 1686 2380 facerent.
1737 2325 1887 2379 Vidi-

307 2422 434 2478 stin’
468 2419 842 2492 prudentiam?
870 2419 1103 2473 vidistin’
1124 2418 1415 2488 diligentia:
1447 2418 1888 2488 magnitudinem,

308 2512 583 2585 quomodo
631 2513 749 2583 plus
791 2528 950 2582 quam
991 2523 1314 2582 praeceptum
1343 2510 1518 2565 fuerat
1549 2510 1731 2565 fecerit
1764 2509 1894 2565 nihil

308 2608 604 2678 accipiens,
635 2621 759 2661 cum
803 2606 1046 2675 accipere
1094 2604 1317 2659 liceret?
1362 2603 1595 2657 vidistin’
1629 2618 1893 2657 summam

310 2702 835 2772 attemperationem,
864 2698 1136 2770 quomodo
1167 2699 1257 2769 qui
1290 2698 1343 2752 in
1376 2698 1492 2768 lege
1516 2696 1714 2752 Christi
1743 2707 1859 2752 erat
1879 2740 1894 2763 ,

311 2807 368 2850 et
396 2809 697 2864 supremam
726 2794 973 2848 servabat
1003 2792 1198 2861 legem,
1231 2791 1295 2845 iis
1315 2793 1405 2862 qui
1432 2792 1549 2846 sine
1574 2792 1691 2861 lege
1720 2800 1895 2855 erant,

315 2901 585 2957 tamquam
614 2886 733 2941 sine
762 2886 879 2955 lege
903 2894 1083 2948 esset;
1130 2883 1328 2939 Judaeis
1364 2893 1631 2953 tamquam
1659 2882 1896 2946 Judaeus,

314 2986 370 3035 in
420 2980 659 3049 utrisque
701 2992 941 3032 summus
985 2990 1250 3046 apparens
1292 2984 1347 3029 et
1391 2990 1581 3030 omnes
1639 2975 1900 3029 vincens?

323 3073 438 3127 Hoc
461 3080 514 3127 et
546 3081 599 3125 tu
622 3069 811 3133 facito,
853 3077 907 3123 et
933 3083 1000 3122 ne
1031 3078 1186 3138 putes
1214 3076 1267 3121 te
1291 3067 1484 3123 cadere
1508 3082 1631 3121 cum
1661 3082 1903 3121 summus

315 3165 429 3227 sis,
460 3163 505 3218 si
534 3161 663 3232 quid
701 3168 925 3232 propter
955 3159 1172 3213 fratrem
1205 3158 1408 3213 humile
1432 3168 1485 3212 et
1514 3158 1780 3227 abjectum
1811 3174 1902 3227 pa-

318 3256 513 3310 tiaris:
545 3268 649 3309 non
677 3264 758 3307 est
788 3253 931 3307 enim
966 3252 1095 3305 illud
1132 3250 1361 3317 cadere,
1412 3250 1504 3305 sed
1549 3250 1901 3305 descendere.

316 3348 422 3415 Qui
448 3345 641 3402 cecidit
666 3346 831 3406 enim.
854 3344 998 3413 jacet
1021 3354 1075 3397 et
1105 3344 1188 3397 vix
1220 3344 1448 3410 resurgit
1479 3360 1493 3395 :
1524 3345 1611 3413 qui
1649 3359 1781 3398 vero
1807 3344 1901 3398 de-

318 3440 551 3503 scendit,
601 3436 876 3502 ascendet,
907 3447 957 3489 et
989 3451 1111 3489 cum
1137 3436 1302 3489 multo
1330 3436 1477 3489 lucro
1510 3452 1523 3488 :
1555 3436 1906 3505 quetnadmoo

319 3532 452 3586 dum
490 3532 649 3585 etiam
690 3529 886 3583 Paulus
913 3527 1191 3583 descendit
1220 3527 1366 3582 solus
1391 3529 1627 3598 quidem,
1660 3528 1755 3584 sed
1783 3545 1907 3584 cum

321 3623 456 3679 orbe
478 3620 719 3676 ascendit
747 3638 761 3675 :
786 3635 891 3674 non
916 3620 1212 3684 simulans;
1243 3635 1415 3688 neque
1443 3621 1585 3674 enim
1614 3636 1799 3675 eorum
1818 3623 1908 3691 qui

322 3714 523 3771 servati
553 3723 678 3767 sunt
704 3712 909 3766 lucrum
936 3712 1288 3781 quaesivisset,
1315 3712 1361 3765 si
1383 3712 1701 3766 simulasset.
1735 3713 1912 3783 llypo-

324 3808 461 3862 crita
496 3805 639 3859 enim
672 3803 890 3857 exitium
934 3801 1158 3872 quaerit,
1189 3812 1245 3857 et
1280 3802 1498 3857 simulat
1535 3812 1595 3857 ut
1639 3804 1906 3872 accipiat,

322 3914 437 3954 non
464 3907 518 3951 ut
545 3897 638 3951 det
669 3913 683 3950 :
713 3895 800 3949 hic
825 3909 951 3949 vero
976 3910 1079 3948 non
1110 3896 1208 3957 sic,
1237 3893 1331 3948 sed
1356 3903 1412 3948 ut
1439 3895 1699 3960 medicus,
1729 3904 1789 3950 ut
1817 3895 1913 3951 do-

323 4005 466 4056 ctor,
499 4000 557 4045 ut
583 3999 753 4060 pater,
782 3989 869 4042 ille
888 3986 1105 4058 quidem
1137 3997 1360 4057 a-groto,
1394 3988 1480 4043 hic
1507 3988 1793 4060 discipulo,
1825 3990 1913 4045 hic

327 4086 440 4138 tilio
481 4098 603 4138 sese
639 4091 993 4151 attemperat,
1044 4091 1105 4136 ut
1150 4081 1416 4151 corrigat,
1453 4098 1558 4138 non
1586 4093 1646 4138 ut
1671 4096 1863 4140 noceat
1896 4104 1908 4140 :

331 4181 400 4232 'ta
425 4177 585 4232 etiam
617 4176 722 4229 hic.

400 4272 456 4323 4.
490 4269 607 4322 Νυη
656 4266 797 4337 quod
840 4281 926 4331 ea,
956 4282 1075 4338 quae
1122 4266 1266 4323 dicta
1308 4278 1455 4333 sunt,
1486 4269 1757 4327 simulatio
1806 4288 1912 4327 non

324 4370 534 4426 essent,
556 4376 677 4415 cum
700 4360 832 4413 nihil
863 4358 1167 4428 hujusmodt
1200 4359 1280 4413 vel
1306 4360 1487 4415 dicere
1512 4361 1593 4415 vel
1625 4363 1800 4418 facere
1824 4380 1915 4419 co-

322 4464 569 4528 geretur,
601 4455 693 4510 sed
723 4453 863 4523 quod
892 4451 1138 4507 affectum
1170 4467 1324 4507 suum
1353 4452 1707 4524 fiduciamque
1735 4466 1918 4511 osten-

325 4554 459 4604 dere
480 4549 662 4613 vellet,
692 4546 817 4601 audi
862 4547 1035 4615 ipsum
1060 4545 1327 4600 dicentem
1355 4561 1372 4600 :
1403 4543 1583 4616 Neque
1619 4548 1719 4601 vita
1758 4565 1914 4619 neque

322 4658 486 4704 mors,
514 4654 672 4708 neque
696 4639 864 4708 angeli
890 4653 1048 4706 neque
1073 4637 1386 4707 principatus
1425 4654 1583 4704 neque
1623 4648 1911 4710 potestates,

324 4750 492 4803 neque
512 4733 755 4785 instantia
777 4746 934 4801 neque
953 4729 1146 4799 futura,
1182 4746 1338 4800 neque
1362 4730 1576 4785 altitudo
1614 4749 1769 4803 neque
1793 4750 1915 4803 pro-

322 4827 572 4897 fundum,
593 4838 751 4889 neque
771 4822 942 4890 aliqua
962 4822 1065 4874 alia
1086 4830 1338 4886 creatura,
1362 4823 1545 4891 poterit
1568 4840 1658 4878 nos
1679 4840 1916 4895 separare

320 4936 363 4970 α
388 4918 599 4970 caritate
632 4915 751 4982 Dei,
780 4930 893 4983 qua
924 4924 995 4968 est
1028 4915 1081 4968 in
1105 4914 1301 4969 Christo
1336 4913 1463 4969 Jesu
1503 4915 1723 4971 Domino
1743 4930 1914 4971 nostro

319 5010 511 5080 (Rom.
541 5008 595 5063 8.
624 5008 714 5063 58.
736 5006 850 5078 39).
889 5005 1133 5060 Vidistin’
1159 5007 1437 5062 caritatem
1482 5008 1603 5077 igne
1646 5007 1916 5063 ardentio-

312 5102 487 5158 rcm?
533 5102 607 5155 lla
643 5110 696 5155 et
725 5116 824 5155 nos
852 5114 1066 5170 quoque
1093 5099 1360 5154 Christum
1401 5101 1724 5171 diligamus;
1758 5104 1916 5159 facile

312 5208 567 5263 namque
583 5202 685 5259 est,
706 5193 752 5246 si
780 5193 1026 5247 velimus.
1049 5191 1229 5260 Neque
1255 5194 1398 5247 enim
1426 5192 1520 5249 ille
1541 5194 1661 5248 talis
1678 5203 1793 5249 erat
1822 5212 1916 5250 na-

314 5299 493 5342 tura:
520 5283 746 5354 ideoque
776 5284 953 5353 priora
981 5283 1122 5337 illius
1148 5283 1235 5337 his
1260 5287 1522 5339 contraria
1572 5286 1735 5340 fuisse
1784 5289 1916 5343 scri-

304 5387 486 5449 ptum
516 5386 636 5441 est,
669 5384 729 5430 ut
755 5375 1024 5431 discamus
1046 5389 1179 5443 opus
1206 5375 1337 5429 illud
1361 5376 1513 5431 liberi
1540 5377 1744 5433 arbitrii
1774 5394 1914 5445 esse,

299 5481 389 5526 et
408 5470 712 5524 volentibus
732 5469 914 5523 omnia
933 5482 1053 5523 esse
1076 5467 1269 5522 facilia.
1290 5458 1737 5540 Ne'desperemus
1758 5487 1915 5543 ergo;

294 5564 431 5622 scd
457 5564 557 5618 etsi
585 5561 898 5619 maledictus
919 5577 998 5628 es,
1030 5562 1130 5616 etsi
1157 5576 1368 5629 avarus,
1389 5564 1489 5617 etsi
1509 5565 1722 5633 quidvis
1749 5566 1914 5637 aliud,

304 5656 515 5727 ρυςῑιιι
560 5653 781 5711 Paulum
822 5653 1190 5724 blasphemum
1233 5653 1417 5725 fuisse,
1450 5667 1914 5729 pcrsequutorem,

1320 192 1386 246 IN
1424 190 1636 247 EPIST.
1681 190 1699 245 ι
1761 190 1854 244 AD
1890 189 2048 245 ουκ.
2091 191 2321 247 llOMlL.
2366 194 2527 249 XXII.

3468 196 3571 253 18f)

1989 306 2459 372 contumeliosum,
2513 320 2957 382 peccatorumque
3007 315 3257 382 primum,
3304 324 3358 368 et
3408 313 3567 369 dere-

1990 406 2151 467 pente
2177 398 2241 453 ad
2288 399 2460 468 ipsum
2489 403 2700 458 virtutis
2742 404 2953 458 culmen
2998 407 3320 474 pervenisse,
3354 415 3409 460 et
3438 403 3568 459 nihil

1988 490 2086 559 ipsi
2134 490 2501 559 impedimenti
2544 494 2720 563 priora
2759 495 3035 549 attulisse:
3069 498 3218 566 atqui
3260 512 3418 551 nemo
3445 510 3568 551 cum

1989 591 2136 637 tanto
2191 583 2370 639 furore
2429 585 2717 655 nequitiam
2772 596 3031 651 sectatur,
3074 602 3197 641 cum
3237 597 3438 657 quanto
3480 587 3571 641 ille

1988 672 2184 727 bellum
2228 685 2413 728 contra
2453 676 2769 730 l'lcclesiam.
2803 676 2933 730 Nam
2965 687 3091 731 tunc
3118 678 3232 745 ipse
3273 693 3423 731 suam
3459 687 3570 730 Ira-

1988 763 2122 818 didit
2146 766 2412 831 animam;
2445 777 2499 820 et
2525 768 2647 833 quia
2682 783 2785 821 non
2817 769 2962 822 mille
3001 783 3191 822 manus
3220 767 3471 832 habebat,
3517 779 3573 821 ut

1987 856 2236 911 omnibus
2283 856 2615 927 Stephanum
2664 859 2968 929 impeteret,
3000 861 3236 915 dolebat.
3283 861 3350 914 Et
3395 869 3573 913 tamen

1988 948 2067 1001 sic
2087 963 2301 1019 quoque
2324 948 2540 1003 modum
2574 950 2796 1014 invenit,
2819 966 2926 1021 quo
2950 961 3133 1021 posset
3158 952 3302 1005 illum
3336 952 3573 1020 pluribus

1989 1038 2149 1094 ferire
2173 1042 2421 1097 manibus
2453 1040 2709 1096 falsorum
2740 1045 2974 1108 testium,
2996 1058 3223 1112 quormn
3252 1045 3364 1112 ipse
3394 1052 3574 1096 vestes

1990 1134 2258 1189 servabat.
2287 1135 2354 1189 Et
2395 1150 2515 1189 cum
2561 1137 2613 1189 in
2649 1135 2844 1190 domos
2890 1136 3135 1201 intraret,
3168 1147 3437 1205 tamquam
3465 1138 3574 1191 fera

1991 1226 2277 1291 insiliebat,
2319 1226 2536 1281 trahens
2579 1238 2635 1282 et
2684 1227 2922 1282 lacerans
2964 1228 3124 1292 viros,
3159 1227 3441 1293 mulieres;
3490 1236 3575 1279 tu~

1992 1317 2158 1371 multu
2189 1326 2245 1372 et
2268 1320 2492 1388 strepitu
2520 1334 2583 1372 ac
2622 1318 2778 1373 bellis
2806 1319 3076 1374 sexcentis
3103 1320 3283 1373 omnia
3323 1318 3571 1389 impleas.

1989 1408 2062 1463 ita
2094 1425 2286 1479 nempe
2315 1410 2571 1465 terribilis
2605 1420 2743 1474 erat,
2773 1419 2831 1465 ut
2861 1412 3087 1479 apostoli
3112 1412 3269 1465 etiam
3302 1418 3423 1480 post
3443 1410 3580 1480 opti-

1990 1517 2132 1555 mam
2175 1501 2290 1571 ejus
2330 1503 2738 1557 conversionem
2779 1502 3015 1556 nondum
3057 1501 3314 1556 auderent
3341 1501 3438 1571 ipsi
3470 1502 3577 1556 ha:-

1996 1608 2134 1647 rere.
2157 1593 2406 1647 Attamen
2437 1604 2558 1661 post
2584 1593 2673 1646 illa
2695 1593 2874 1647 omnia
2905 1593 3023 1648 talis
3054 1591 3274 1647 effectus
3315 1603 3422 1658 est,
3444 1608 3575 1661 qua-

1966 1734 1969 1737 .
1993 1683 2061 1739 lis
2085 1699 2213 1739 vere
2241 1682 2373 1739 fuit:
2404 1700 2577 1753 neque
2603 1685 2746 1740 enim
2772 1686 2921 1754 plura
2948 1686 3129 1739 dicere
3154 1700 3290 1755 opus
3316 1693 3418 1738 est.
3450 1684 3576 1740 Ubi-

1993 1792 2115 1830 nam
2145 1791 2274 1846 ergo
2317 1786 2443 1830 sunt
2486 1776 2583 1839 illi,
2613 1776 2702 1846 qui
2734 1775 2825 1829 fati
2854 1778 3232 1831 necessitatem
3283 1774 3582 1830 obtendunt

1992 1869 2248 1923 adversus
2274 1868 2479 1923 arbitrii
2522 1869 2693 1922 nostri
2722 1869 3063 1923 libertatem?
3102 1870 3226 1923 [hec
3254 1869 3495 1935 audiant,
3528 1879 3583 1922 et

1994 1973 2087 2014 ora
2118 1974 2213 2013 sua
2254 1960 2554 2014 obstruant.
2591 1960 2727 2013 Eum
2759 1961 2904 2014 enim
2933 1962 3025 2031 qui
3065 1961 3238 2015 bonus
3282 1976 3402 2016 esse
3431 1962 3579 2021 velit.

2000 2050 2135 2105 nihil
2162 2050 2406 2121 impedit,
2440 2051 2649 2105 etiamsi
2699 2051 2840 2106 inter
2872 2052 3231 2122 nequissimos
3268 2064 3423 2107 antea
3449 2068 3581 2108 cen-

1996 2152 2227 2198 seretur.
2253 2143 2332 2198 Ad
2367 2142 2469 2197 hoc
2505 2144 2648 2197 enim
2694 2147 2929 2213 aptiores
2956 2159 3161 2206 sumus.
3190 2156 3452 2215 quatenus
3493 2162 3580 2200 se-

1996 2236 2225 2291 cundum
2255 2244 2498 2290 naturam
2528 2237 2696 2291 virtus
2746 2238 2885 2291 inest
2911 2238 3085 2305 nobis,
3113 2248 3168 2292 et
3196 2248 3388 2307 praeter
3418 2250 3577 2292 natu-

2000 2344 2112 2381 ram
2159 2328 2382 2393 vitium;
2430 2328 2567 2382 sicut
2594 2330 2753 2382 etiam
2797 2339 3058 2398 aegrotare
3106 2341 3161 2384 et
3204 2332 3341 2384 bene
3385 2331 3581 2387 valere.

2001 2420 2209 2473 Etenim
2257 2419 2440 2473 oculos
2480 2420 2634 2473 nobis
2682 2420 2828 2474 dedit
2873 2420 3032 2484 Deus,
3065 2436 3172 2474 non
3219 2430 3276 2475 ut
3321 2420 3585 2492 impudice

1999 2513 2358 2582 aspiciamus,
2391 2513 2487 2567 sed
2536 2521 2596 2566 ut
2638 2527 2727 2566 res
2769 2512 2836 2566 ab
2878 2529 2943 2567 eo
2986 2524 3197 2569 creatas
3235 2514 3581 2579 admirantes,

1999 2602 2341 2657 Conditorem
2388 2602 2694 2657 adoremus.
2726 2603 2878 2669 Quod
2906 2614 3081 2657 autem
3107 2605 3194 2659 hic
3219 2606 3289 2659 sit
3309 2607 3585 2661 oculorum

2003 2712 2152 2758 usus,
2186 2696 2358 2764 palam
2400 2704 2483 2750 est
2513 2712 2578 2750 ex
2617 2697 2778 2750 rebus
2807 2696 2906 2750 sub
2943 2708 3220 2765 aspectum
3251 2698 3584 2755 cadentibus.

2004 2787 2464 2842 Pulchritudinem
2507 2803 2738 2857 namque
2787 2789 2917 2842 solis
2956 2798 3007 2842 et
3049 2789 3165 2842 caeli
3207 2806 3273 2843 ex
3326 2791 3588 2845 immense

2002 2879 2291 2949 aspicimus
2334 2880 2653 2934 intervallo:
2703 2882 2944 2935 mulieris
2984 2898 3112 2935 vero
3160 2884 3382 2937 formam
3430 2900 3589 2939 nemo

2005 2988 2069 3027 ex
2098 2982 2245 3026 tanto
2274 2974 2451 3042 spatio
2480 2974 2708 3027 noverit.
2740 2973 2921 3028 Viden‘
2953 2976 3164 3029 oculmn
3201 2977 3355 3031 nobis
3393 2978 3459 3032 ad
3489 2978 3589 3034 hoc

2007 3064 2239 3118 maxime
2263 3063 2445 3117 datum
2474 3064 2685 3119 fuisse?
2728 3065 2933 3121 Rursus
2961 3068 3199 3122 auditum
3227 3067 3373 3135 fecit,
3402 3086 3508 3126 non
3536 3083 3592 3126 ut

2006 3156 2315 3226 blasphema
2347 3157 2676 3228 excipiamus
2714 3160 2900 3226 verba,
2931 3161 3023 3215 sed
3068 3170 3125 3215 ut
3163 3162 3411 3218 salutaria
3456 3164 3590 3236 dog-

2008 3257 2172 3303 mata.
2240 3247 2471 3318 ideoque
2533 3264 2652 3302 cum
2710 3250 2983 3320 quidpiam
3032 3252 3291 3307 absonum
3346 3257 3585 3325 excipit,

2009 3351 2063 3396 et
2091 3343 2302 3397 animus
2343 3352 2399 3396 et
2444 3342 2614 3411 ipsum
2658 3358 2853 3414 corpus
2897 3349 3169 3415 torpescit.
3228 3348 3409 3404 Sermo
3461 3354 3595 3405 enim

2012 3434 2228 3487 multum
2257 3434 2507 3505 jurantis,
2542 3436 2674 3505 pilos
2716 3437 2885 3508 erigit,
2920 3439 3111 3507 inquit.
3146 3441 3212 3495 Et
3251 3444 3294 3496 si
3322 3444 3446 3513 quid
3471 3461 3594 3499 crn-

2012 3527 2134 3582 dele
2160 3528 2245 3581 vel
2269 3528 2472 3583 immite
2497 3529 2801 3595 audiamus,
2837 3548 3025 3587 rursus
3055 3535 3369 3603 horremus;
3397 3540 3440 3593 si
3468 3556 3597 3595 vero

2012 3620 2137 3689 quid
2173 3636 2522 3675 numerosum
2568 3631 2623 3676 et
2655 3622 2970 3688 humanum,
2996 3635 3049 3679 et
3078 3629 3338 3695 gestimus
3364 3638 3418 3684 et
3448 3631 3597 3686 laua-

2013 3728 2153 3766 mur.
2187 3712 2259 3767 Os
2280 3727 2493 3783 quoque
2517 3723 2757 3768 nostrum
2798 3717 2969 3784 turpia
2994 3717 3235 3786 loquens,
3269 3721 3523 3789 pudorem
3547 3734 3602 3778 et

2014 3802 2394 3857 verecundiam
2440 3803 2636 3871 infert;
2674 3805 2755 3859 sin
2784 3816 2962 3860 autem
3006 3806 3251 3875 honesta,
3294 3811 3503 3881 placide
3547 3825 3602 3869 et

2016 3909 2136 3948 cum
2174 3896 2319 3949 omni
2357 3895 2604 3949 libertate
2650 3896 2739 3950 illa
2786 3899 3001 3952 emittit.
3031 3900 3105 3953 De
3148 3900 3210 3955 iis
3247 3914 3449 3971 autem,
3479 3921 3600 3974 quin

2017 3996 2142 4041 sunt
2163 3986 2458 4042 secundum
2487 3996 2733 4042 naturam
2763 4004 2923 4043 nemo
2946 3991 3252 4058 erubuerit;
3290 3994 3383 4048 sed
3412 3996 3480 4049 de
3513 3997 3598 4062 iis,

2018 4094 2137 4150 quae
2182 4087 2307 4133 sunt
2350 4091 2545 4148 printer
2585 4088 2852 4134 naturam.
2886 4062 3191 4136 Etomanus
3220 4085 3436 4154 quidem
3480 4102 3601 4142 cum

2018 4171 2253 4241 rapiunt,
2284 4187 2343 4224 se
2390 4171 2704 4235 occultant,
2736 4182 2790 4227 et
2834 4172 3201 4229 defensionem
3232 4189 3511 4245 quazrunt;
3559 4181 3604 4233 si

2020 4280 2151 4319 vero
2183 4264 2581 4335 eleemosynam
2616 4266 2765 4333 dent,
2796 4266 2956 4320 etiam
2986 4267 3304 4334 gloriantur.
3338 4268 3521 4339 Itaque
3560 4272 3604 4323 si

2020 4357 2270 4422 velimus,
2297 4370 2544 4432 magnam
2573 4356 2806 4425 undique
2828 4355 3087 4411 hebennus
3114 4358 3180 4411 ad
3204 4361 3451 4414 virtutem
3484 4377 3605 4430 pro-

2023 4446 2358 4517 pensionem.
2407 4447 2464 4502 Si
2506 4456 2684 4502 autem
2718 4447 2850 4503 mihi
2893 4450 3220 4518 voluptatem
3260 4468 3325 4506 ex
3371 4456 3603 4524 nequitia

2024 4550 2230 4610 partam
2274 4540 2441 4606 dicas,
2472 4541 2649 4610 cegila
2694 4554 2793 4594 nos
2840 4538 2987 4594 illam
3033 4542 3287 4612 majorem
3314 4560 3382 4599 ex
3410 4546 3607 4601 virtu:e

2023 4632 2336 4702 decerpere.
2363 4631 2574 4687 Etenim
2608 4631 2803 4686 bonam
2835 4631 3035 4688 habere
3057 4635 3462 4696 conscientiam.
3493 4653 3608 4691 om-

2024 4725 2180 4780 nibus
2211 4725 2263 4778 in
2311 4724 2666 4780 admiratione
2692 4741 2837 4792 esse,
2863 4726 3168 4797 bonamque
3214 4744 3364 4799 spem
3400 4743 3603 4797 tenere,

2022 4817 2259 4871 omnium
2283 4816 2732 4886 jucundissimum
2751 4827 2834 4872 est
2854 4818 3028 4888 ei,qui
3052 4821 3341 4891 voluptatis
3362 4834 3607 4878 naturam

2023 4909 2403 4978 perpenderit;
2436 4919 2492 4963 ut
2520 4910 2788 4963 contraria
2808 4911 3052 4967 omnium
3080 4914 3460 4970 molestissima
3484 4928 3609 4970 sum

2022 5005 2091 5069 ei,
2110 5005 2199 5076 qui
2218 5002 2420 5059 doloris
2450 5014 2694 5059 naturam
2720 5007 2895 5060 novit:
2924 5007 3071 5062 verbi
3097 5010 3287 5079 gratia,
3318 5020 3370 5064 et
3396 5012 3608 5080 probris

2022 5097 2091 5150 ab
2131 5096 2379 5151 omnibus
2423 5095 2566 5150 affici
2594 5106 2646 5151 et
2681 5113 2709 5150 a
2758 5113 2817 5152 se
2851 5100 2970 5169 ipso
3011 5102 3274 5169 accusari,
3310 5107 3500 5158 timere
3536 5120 3601 5158 ac

2026 5200 2259 5242 tremere
2295 5190 2575 5257 praesentia
2601 5204 2663 5244 ac
2690 5188 2886 5245 futura.

2095 5286 2149 5341 5.
2199 5284 2445 5356 Voluptas
2474 5283 2633 5338 brevis
2662 5292 2754 5349 est,
2788 5284 2935 5340 dolor
2958 5288 3075 5342 hinc
3106 5297 3284 5357 partus
3311 5298 3606 5360 perpetuus.

2024 5384 2175 5437 —Et
2210 5393 2270 5437 ut
2314 5383 2368 5439 id
2407 5383 2549 5453 quod
2580 5384 2700 5439 dico
2728 5384 2926 5438 clarius
2966 5381 3194 5446 evadat,
3243 5396 3607 5452 supponamus

2023 5479 2326 5547 quempiam
2354 5493 2579 5533 uxorem
2622 5477 2906 5535 habentem
2942 5477 3172 5547 proximi
3221 5477 3432 5547 nuptias
3476 5494 3604 5546 per.

2026 5569 2229 5638 fodere,
2254 5580 2390 5627 etex
2420 5571 2520 5627 hoc
2549 5571 2793 5642 improbo
2826 5570 2967 5625 furto
2994 5571 3082 5624 illa
3110 5570 3213 5624 frui
3235 5585 3393 5639 quam
3414 5582 3557 5624 amat
3584 5591 3597 5632 ;

2022 5662 2217 5718 deinde
2262 5664 2424 5719 alium
2474 5665 2594 5720 huic
2638 5678 2968 5735 imponamus
2996 5703 3013 5730 ,
3046 5663 3134 5734 qui
3180 5677 3406 5720 uxorem
3449 5678 3601 5720 suam
