3826 6216
298 209 409 283 is:

304 325 691 395 complectatur
719 340 732 377 :
767 330 930 391 utque
958 319 1182 374 victoria
1211 319 1407 374 clarior
1435 318 1624 373 evadat
1642 358 1657 383 ,
1689 318 1772 371 hic
1797 318 1888 386 qui

303 422 414 474 sola
442 434 537 473 sua
564 432 731 472 uxore
758 416 950 471 fruitur
968 457 982 479 ,
1006 415 1167 469 etiam
1199 414 1342 470 illam
1371 423 1517 468 amet
1544 428 1663 483 qum
1684 412 1889 467 adulte-

305 523 486 575 ratur,
522 510 618 566 sed
649 524 889 564 amorem
932 507 1182 563 cohibeat
1230 506 1468 577 nihilque
1510 507 1636 561 mali
1690 506 1885 571 faciat,

301 621 623 676 quamquam
656 620 723 659 ne
753 603 854 657 hoc
874 601 1089 672 quidem
1111 610 1193 656 est
1213 616 1344 672 pura
1376 602 1726 670 temperantia
1752 617 1765 661 ;
1796 614 1887 653 ve-

303 714 420 752 rum
449 697 515 751 ad
564 696 772 750 libitum
796 738 811 759 ,
843 704 901 748 ut
946 693 1122 748 discas
1144 702 1341 762 quanta
1388 694 1459 745 sit
1490 692 1702 745 virtutis
1733 692 1885 744 Volu-

301 800 441 857 ptas,
476 788 597 842 ideo
622 785 924 856 hujusmodi
949 785 1132 839 drama
1160 784 1482 838 effinximus.
1516 783 1608 838 His
1633 798 1761 852 ergo
1782 799 1883 837 una

302 882 625 951 comparatis
644 922 659 945 ,
690 881 769 935 sic
793 879 980 934 ambos
1005 879 1415 947 interrogemus,
1446 878 1617 931 utrius
1640 878 1744 929 vita
1766 875 1884 929 (lu-l-

301 975 416 1028 eior
440 991 453 1027 :
482 980 537 1027 et
556 972 740 1026 audies
766 971 913 1026 illum
944 969 1158 1041 quidem
1185 969 1503 1040 gloriantem
1527 977 1581 1024 ct
1606 972 1877 1024 exsultan-

303 1076 407 1119 tem
436 1064 501 1119 de
527 1064 751 1118 victoria
774 1105 789 1130 ,
820 1078 981 1134 quam
1010 1073 1192 1117 contra
1231 1062 1502 1116 libidinem
1549 1063 1877 1130 reportavit;

301 1158 442 1211 Imnc
468 1170 630 1222 vero;
656 1156 764 1209 imo
787 1171 892 1210 non
915 1153 1333 1225 exspectandum
1350 1165 1433 1208 eSt
1461 1166 1515 1207 ut
1537 1153 1606 1208 ab
1632 1153 1723 1207 illo
1752 1156 1879 1225 quid

299 1250 601 1304 ediscamus
634 1267 649 1306 :
681 1248 887 1303 videbis
925 1249 1066 1303 enim
1116 1248 1261 1302 illum
1288 1288 1305 1315 ,
1328 1247 1537 1301 etiamsi
1583 1247 1635 1301 id
1684 1249 1879 1303 millies

297 1342 606 1412 negaverit,
636 1340 991 1396 miserabilius
1013 1354 1174 1409 quam
1205 1339 1239 1393 ii
1278 1339 1367 1409 qui
1404 1348 1530 1393 sunt
1568 1339 1619 1393 in
1650 1341 1876 1395 vinculis

295 1434 569 1490 allectum.
602 1432 735 1488 Nam
760 1447 947 1486 omnes
987 1431 1135 1486 timet
1164 1440 1219 1486 et
1256 1439 1533 1500 suspectos
1579 1430 1779 1497 habet,
1825 1443 1880 1488 et

295 1540 518 1581 uxorem
540 1540 689 1579 suam
712 1532 767 1579 et
785 1523 1039 1577 adulterzn
1061 1523 1231 1577 virum
1256 1521 1536 1593 ipsamque
1559 1522 1875 1589 adulteram,

293 1616 607 1681 familiares,
635 1615 837 1669 amicos
863 1655 877 1681 ,
905 1624 1184 1683 cognatos,
1216 1614 1472 1682 parietes,
1501 1613 1740 1678 umbras,
1774 1614 1879 1667 sri-

292 1724 447 1779 psum
473 1724 487 1773 ;
517 1716 571 1761 et
601 1706 741 1777 quod
771 1716 853 1761 est
893 1706 1132 1760 omnium
1160 1706 1533 1776 gravissimum
1555 1746 1571 1770 ,
1602 1707 1880 1761 conscienâ€”

290 1805 419 1857 tiam
466 1801 625 1856 habet
670 1802 1052 1856 reelamantem
1097 1809 1153 1855 et
1191 1800 1430 1870 quotidie
1476 1801 1777 1855 latrantem.
1821 1802 1873 1855 Si

287 1912 419 1950 vero
440 1897 598 1950 etiam
629 1895 720 1948 Dei
754 1894 982 1948 tribunal
1017 1893 1069 1947 in
1101 1902 1335 1948 mentem
1364 1894 1604 1960 venerit,
1634 1910 1702 1948 ne
1730 1904 1877 1949 stare

288 1986 505 2057 quidem
537 1987 751 2055 poterit.
785 1987 849 2039 Et
876 1986 1121 2055 voluptas
1142 1984 1357 2055 quidem
1383 1986 1561 2040 brevis
1586 1996 1690 2052 est,
1720 1985 1876 2040 dolor

288 2089 467 2134 autetn
498 2080 622 2132 hinc
654 2090 835 2147 partus
866 2088 1176 2147 perpetuus.
1220 2076 1352 2131 Nam
1396 2085 1450 2131 et
1487 2091 1708 2146 veSpere
1745 2078 1874 2132 etin

289 2184 450 2227 nocte
477 2212 490 2235 ,
528 2172 579 2225 in
611 2171 897 2225 Solitudine
923 2210 936 2230 ,
970 2171 1020 2223 in
1051 2170 1267 2224 civitate
1291 2176 1345 2223 et
1376 2167 1571 2239 ubique
1595 2178 1876 2223 accusator

289 2264 552 2332 sequitur,
583 2261 816 2332 gladium
848 2270 1153 2315 monstrans
1182 2272 1394 2314 acutum
1427 2270 1481 2315 et
1520 2260 1872 2315 intolerabilia

286 2354 546 2424 supplicia
574 2395 587 2414 ,
623 2364 766 2407 metu
807 2367 1131 2406 consumens
1179 2353 1349 2407 illum.
1392 2351 1484 2407 Ille
1507 2367 1637 2406 vero
1668 2360 1872 2421 tempe-

285 2463 437 2511 rans,
472 2448 554 2500 his
584 2445 833 2498 omnilms
864 2459 1086 2510 vacuus,
1119 2445 1169 2497 in
1199 2442 1445 2497 libertate
1469 2451 1569 2507 est,
1601 2451 1656 2497 et
1684 2456 1872 2496 secure

285 2555 506 2595 uxorem
535 2554 688 2593 smm
714 2536 858 2591 videt
882 2578 897 2600 ,
930 2536 1068 2591 filios
1090 2576 1106 2599 ,
1135 2536 1337 2589 amicos
1368 2575 1384 2598 ,
1412 2541 1467 2589 et
1496 2533 1679 2588 liberis
1705 2533 1873 2587 oculis

284 2631 464 2687 munia
494 2632 708 2702 aspicit.
758 2629 812 2683 Si
860 2637 1038 2683 autem
1068 2628 1112 2681 is
1143 2628 1231 2697 qui
1257 2636 1440 2691 amat,
1487 2634 1543 2679 et
1588 2635 1765 2679 tamen
1811 2639 1871 2679 se

286 2730 565 2791 continet,
619 2736 763 2781 tanta
806 2724 1003 2781 fruitur
1052 2722 1481 2793 voluptate:qui
1526 2736 1637 2775 non
1683 2730 1867 2787 amat,

286 2823 381 2876 sed
436 2838 567 2891 pure
623 2830 929 2890 temperans
978 2827 1096 2885 est,
1152 2832 1257 2888 quo
1316 2825 1512 2887 portu,
1567 2830 1667 2884 qua
1721 2826 1868 2869 tran-

282 2915 544 2984 quillitate
583 2930 687 2966 non
727 2912 1023 2966 dulciorem
1064 2920 1118 2964 et
1172 2908 1521 2979 placidiorem
1572 2906 1871 2977 possidebit

282 3009 513 3060 animam
542 3005 565 3058 ?
596 3005 719 3058 ltleo
748 3013 895 3058 certe
928 3002 1200 3056 adulteros
1230 3000 1426 3055 videris
1456 3014 1654 3070 paucos
1680 3041 1695 3066 ,
1729 3010 1868 3053 tent-

284 3108 529 3167 perantes
550 3108 725 3151 autem
751 3097 952 3166 plures.
977 3093 1128 3162 Quod
1157 3094 1199 3146 si
1233 3092 1332 3147 hoc
1349 3091 1559 3145 dulcius
1579 3101 1741 3154 esset,
1768 3090 1868 3146 hoc

282 3193 455 3261 ipsum
487 3191 635 3243 multi
661 3190 940 3257 eligerent.
991 3186 1097 3239 Nec
1140 3184 1266 3238 tntilli
1302 3183 1450 3238 dicas
1491 3182 1665 3254 legum
1708 3184 1867 3237 timo-

284 3299 431 3345 rem;
465 3295 636 3350 neque
662 3282 808 3333 enim
837 3279 924 3333 hic
952 3278 1071 3331 illos
1094 3278 1333 3333 continet
1357 3317 1373 3341 ,
1405 3274 1498 3329 sed
1524 3275 1868 3331 absurditatis

282 3370 613 3444 magnitudo,
636 3370 843 3440 etquod
875 3370 1023 3439 plura
1054 3368 1127 3423 ibi
1149 3369 1257 3422 sint
1284 3368 1454 3422 tristia
1479 3381 1637 3437 quam
1660 3369 1864 3434 suavia,

284 3462 705 3519 itconscieutite
754 3476 967 3532 quoque
1009 3461 1266 3516 calculus.
1296 3461 1367 3515 Et
1406 3462 1618 3517 adulter
1645 3463 1861 3534 quidem

280 3555 405 3608 talis
430 3562 531 3608 est.
558 3553 613 3608 Si
643 3554 814 3623 placet
838 3562 1039 3617 autem,
1063 3567 1283 3606 avarum
1304 3567 1520 3623 quoque
1541 3553 1868 3609 adducamus

280 3646 334 3700 in
364 3645 632 3711 medium,
666 3645 828 3698 alium
861 3656 1049 3699 rursus
1078 3644 1314 3714 iniquutn
1338 3660 1577 3699 antorem
1607 3646 1866 3715 detegen-

280 3749 381 3793 tes.
417 3738 626 3792 litenim
651 3738 820 3807 ipsum
846 3737 1005 3792 etiam
1038 3736 1332 3792 videbimus
1357 3738 1543 3793 eadem
1571 3739 1863 3793 formidan-

281 3846 411 3896 tem,
441 3848 541 3887 nec
566 3832 828 3886 valentem
854 3848 981 3901 pura
1004 3832 1103 3886 frui
1128 3831 1417 3902 voluptate.
1441 3831 1615 3888 Mente
1637 3848 1865 3903 namque

277 3941 503 3980 versans
531 3940 625 3979 eos
650 3926 739 3996 qui
783 3926 975 3994 injuria
1018 3924 1327 3981 afficiuntur
1351 3968 1366 3992 ,
1396 3936 1450 3981 et
1479 3941 1573 3982 eos
1594 3927 1682 3994 qui
1712 3943 1861 3982 com-

278 4019 623 4072 miseratione
652 4020 921 4087 ducuntur
939 4058 953 4082 ,
980 4027 1033 4072 et
1057 4033 1395 4073 communem
1419 4020 1656 4074 omnium
1682 4020 1750 4075 de
1774 4020 1864 4075 illo

278 4112 543 4166 calculum
569 4154 584 4177 ,
616 4112 762 4167 mille
803 4113 1033 4183 agitatur
1078 4113 1189 4183 ipse
1228 4114 1494 4170 fluctibus.
1538 4114 1721 4185 Neque
1764 4116 1865 4171 hoc

278 4205 454 4259 Solum
499 4206 783 4260 tiiolestom
814 4206 910 4275 ipsi
934 4214 1014 4260 est
1041 4248 1054 4271 ,
1087 4206 1180 4260 sed
1210 4222 1381 4277 neque
1410 4207 1600 4262 dilecta
1635 4224 1730 4263 sua
1764 4210 1862 4264 frui

278 4306 473 4367 potest.
503 4297 647 4353 Talis
672 4301 815 4353 cnim
856 4309 941 4352 est
970 4314 1251 4352 avarorum
1289 4314 1404 4353 mos
1438 4317 1452 4355 :
1486 4299 1685 4355 habent
1707 4342 1722 4366 ,
1756 4317 1861 4356 non

279 4400 335 4444 ut
376 4390 654 4457 fruantur,
685 4390 781 4445 sed
812 4400 869 4444 ut
914 4406 1017 4443 non
1067 4389 1337 4447 fruantur.
1373 4390 1525 4463 Quod
1553 4393 1597 4446 si
1637 4393 1738 4448 hoc
1769 4394 1860 4447 tibi

276 4483 500 4551 :rnigma
526 4496 651 4536 esse
671 4481 903 4546 videtur,
931 4481 1073 4551 quod
1094 4480 1268 4536 adhuc
1292 4482 1443 4553 pejus
1469 4492 1525 4538 et
1549 4485 1718 4555 magis
1742 4501 1862 4555 per-

216 4568 225 4605 á½³
281 4577 492 4642 plcxum
521 4585 601 4629 est
627 4575 749 4628 audi
779 4593 791 4628 :
827 4575 973 4645 ipsos
1012 4591 1206 4645 nempe
1243 4591 1349 4630 non
1396 4576 1517 4631 ideo
1557 4578 1733 4632 Solum
1766 4595 1863 4633 vo-

281 4669 479 4735 luptate
510 4666 726 4735 privari,
749 4668 890 4738 quod
918 4683 1023 4721 non
1046 4667 1278 4723 audeant
1298 4668 1452 4723 bonis
1476 4667 1577 4722 frui
1598 4678 1654 4723 ut
1676 4671 1861 4736 velint,

281 4759 375 4811 sed
403 4758 562 4812 etiam
594 4759 737 4829 quod
766 4776 1055 4830 numquam
1092 4760 1413 4828 impleantur
1432 4802 1447 4826 ,
1473 4776 1536 4816 ac
1570 4778 1783 4832 semper
1812 4765 1862 4818 iu

282 4850 367 4904 siti
400 4859 683 4905 versentur
711 4867 725 4904 :
756 4868 861 4920 quo
886 4852 1012 4922 quid
1043 4852 1320 4908 molestius
1344 4862 1398 4908 et
1422 4854 1637 4924 gravius
1664 4854 1866 4912 fuerit?

284 4945 352 4995 At
374 4941 550 5011 justus
590 4958 695 4996 non
723 4952 805 4996 est
833 4943 953 4997 talis
977 4984 992 5008 ,
1021 4944 1114 4999 sed
1145 4954 1412 5010 tremore,
1450 4945 1609 5011 odio,
1644 4958 1787 5002 metu
1812 4958 1868 5005 et

286 5034 388 5088 hac
418 5033 696 5089 incurabili
722 5035 809 5089 siti
838 5034 972 5089 liber
994 5046 1095 5091 est.
1126 5037 1203 5090 Ac
1232 5037 1682 5107 quemadmodum
1713 5039 1863 5095 illum

1033 203 1092 259 S.
1130 201 1405 258 JOANNES
1440 198 1913 257 CIIRYSOSTOMI
1954 198 2266 255 AliCIIIEP.
2308 200 2837 258 CONSTANTINOP.

3475 205 3571 261 988

1996 334 2184 375 omnes
2209 329 2578 388 exsecrantur,
2608 321 2679 377 ita
2711 321 2833 376 huic
2862 334 3049 377 omnes
3079 319 3217 377 bene
3240 331 3531 392 precantur
3552 365 3569 387 ,

1994 426 2057 467 ac
2085 412 2219 467 sicut
2261 413 2348 468 ille
2379 415 2581 468 nullum
2624 413 2786 469 habet
2810 415 3039 469 amicum
3064 455 3081 480 ,
3126 414 3203 469 sic
3232 415 3334 469 iste
3374 414 3571 467 nullum

1992 505 2284 560 inimicum.
2314 506 2450 574 Quid
2482 508 2658 576 igitur,
2684 507 2800 561 hmo
2827 507 2878 562 in
2904 506 3154 561 confesso
3173 521 3296 560 cum
3324 505 3455 570 sint,
3484 518 3572 559 aut

1993 598 2224 669 nequitia
2258 599 2615 669 injucundins,
2648 610 2739 655 aut
2769 600 2962 654 virtute
2990 599 3207 653 suavius
3237 598 3439 652 fuerit?
3463 596 3571 651 Iuno

1992 706 2127 746 vero
2165 694 2372 747 etiamsi
2426 694 2702 749 innumera
2751 693 3081 760 dixerimus,
3116 707 3275 747 nemo
3318 691 3406 745 vel
3458 692 3567 743 vitii

1991 799 2277 840 mterorem
2300 828 2315 852 ,
2354 787 2435 841 vel
2465 786 2676 841 virtutis
2708 786 3036 854 voluptatem
3066 786 3242 839 verbis
3270 784 3570 854 exprimere

1991 878 2189 945 possit,
2220 878 2392 933 donec
2421 880 2504 932 illa
2538 878 2798 934 fruamur.
2827 880 2978 935 Tunc
3000 879 3144 933 enim
3172 888 3227 932 et
3272 876 3397 931 felle
3426 892 3570 928 ania-

1988 971 2101 1025 rius
2128 970 2459 1026 inveniemus
2486 974 2673 1027 vilium
2696 1015 2709 1035 ,
2739 989 2857 1027 cum
2889 973 2991 1027 mel
3020 972 3232 1025 virtutis
3261 968 3567 1039 degustabi~

1987 1080 2127 1119 mus.
2159 1064 2256 1118 Est
2284 1065 2426 1119 enim
2450 1066 2609 1120 etiam
2639 1083 2778 1120 nunc
2804 1065 3009 1129 vitium,
3041 1062 3413 1135 iniucundum,
3441 1075 3570 1115 one-

1987 1172 2171 1211 rosum
2198 1169 2250 1212 et
2277 1158 2558 1212 molestum
2586 1176 2599 1222 ;
2629 1158 2770 1229 quod
2799 1175 2971 1230 neque
2996 1157 3068 1214 illi
3099 1166 3315 1228 negant,
3345 1155 3439 1226 qui
3470 1155 3568 1225 ipsi

1987 1249 2312 1304 famulantur
2337 1268 2350 1303 :
2380 1267 2500 1305 cum
2544 1262 2721 1306 autem
2754 1252 2821 1304 ab
2849 1253 2937 1306 illo
2964 1251 3389 1305 abscesserimus
3411 1289 3425 1310 ,
3456 1257 3566 1298 tum

1989 1341 2130 1395 illius
2149 1341 2338 1396 acerba
2355 1340 2502 1411 jussa
2530 1344 2828 1398 accuratius
2853 1344 3166 1399 sentiemus.
3191 1340 3342 1408 Quod
3366 1339 3412 1392 si
3435 1338 3569 1391 mul-

1990 1433 2025 1485 ti
2054 1432 2119 1486 ad
2151 1432 2279 1488 illud
2302 1445 2603 1500 accurrant,
2633 1435 2763 1489 nihil
2792 1436 2984 1490 mirum
3011 1450 3026 1500 ;
3053 1430 3484 1505 quandoquidem
3514 1436 3567 1481 et

1984 1524 2132 1593 pueri
2173 1540 2351 1594 saepe,
2384 1527 2559 1581 minus
2597 1528 2770 1582 dulcia
2817 1527 3113 1596 eligentes,
3145 1540 3206 1579 ea
3235 1538 3355 1594 quae
3398 1521 3565 1589 magis

1980 1614 2250 1674 delectant
2288 1617 2588 1688 despiciunt
2616 1620 2922 1688 ,ettegroti
2972 1632 3069 1688 pro
3118 1617 3257 1671 fluxa
3310 1614 3566 1682 brevique

1979 1712 2149 1781 gratia
2194 1721 2507 1783 perpetuam
2564 1714 2918 1781 tutioremque
2961 1709 3201 1764 laetitiam
3243 1708 3561 1761 amiserunt.

1981 1804 2093 1860 Hoc
2117 1813 2293 1860 autem
2320 1822 2386 1860 ex
2407 1806 2698 1859 amantium
2724 1804 3083 1859 imbecillitate
3108 1811 3161 1857 et
3187 1800 3413 1854 stultitia
3439 1814 3564 1868 pro.

1980 1897 2147 1963 venit,
2172 1912 2285 1969 Inon
2314 1912 2380 1951 ex
2410 1896 2520 1967 ipsa
2563 1912 2740 1951 rerum
2770 1905 2979 1949 natura.
3013 1893 3111 1961 Qui
3142 1893 3287 1946 enim
3315 1906 3439 1944 cum
3467 1904 3564 1941 vo-

1980 1988 2182 2057 luptate
2210 1989 2373 2055 vivit,
2422 1989 2467 2043 is
2498 1997 2579 2042 est
2606 1988 2695 2058 qui
2727 1987 2975 2041 virtutem
3004 1994 3243 2040 sectatur
3265 2024 3281 2048 ,
3315 1983 3405 2053 qui
3438 1996 3564 2035 vere

1978 2077 2129 2133 dives
2153 2088 2206 2133 et
2235 2094 2360 2134 vere
2388 2079 2519 2133 liber
2541 2089 2641 2134 c5t.
2670 2078 2822 2144 Quod
2853 2078 2896 2131 si
2927 2078 3046 2147 quis
3070 2076 3169 2129 alia
3201 2074 3419 2146 quidem
3450 2074 3561 2126 vir-

1978 2172 2073 2225 tuti
2102 2171 2451 2236 concesserit,
2483 2171 2802 2230 libertatem.
2833 2171 3209 2233 securitatem,
3239 2183 3266 2219 a
3294 2166 3440 2220 curis
3465 2180 3560 2218 va-

1977 2279 2134 2318 cuum
2162 2278 2319 2329 esse,
2362 2265 2629 2318 neminem
2675 2264 2896 2327 timere,
2941 2262 3207 2317 neminem
3251 2268 3560 2328 suspectum

1978 2355 2214 2420 habere;
2267 2356 2596 2426 voluptatem
2633 2371 2760 2411 vero
2796 2356 2893 2425 ipsi
2938 2371 3041 2410 non
3070 2353 3442 2417 concesserit,
3474 2352 3559 2406 hic

1976 2447 2107 2501 mihi
2149 2448 2199 2501 in
2246 2458 2477 2504 mentem
2523 2447 2702 2502 veniet
2746 2446 2965 2517 profuse
3002 2446 3200 2501 ridere.
3231 2444 3375 2513 Quid
3414 2445 3559 2500 enim

1974 2539 2121 2594 aliud
2148 2551 2227 2596 est
2252 2542 2516 2610 voluptas,
2546 2556 2705 2609 quam
2740 2558 2769 2593 a
2799 2542 2942 2596 coris
2967 2540 3177 2595 liberari
3205 2581 3220 2603 ,
3260 2555 3291 2593 a
3322 2540 3516 2593 timore
3537 2579 3553 2603 ,

1974 2649 2005 2688 a
2035 2650 2290 2704 marrore,
2340 2644 2395 2690 et
2430 2651 2459 2689 a
2499 2636 2642 2693 nulla
2683 2651 2741 2691 re
2773 2650 2928 2705 posse
2958 2635 3141 2689 vinciri
3167 2634 3191 2688 á¼²
3219 2632 3352 2690 Uter
3372 2636 3518 2687 enim
3538 2675 3553 2696 ,

1973 2744 2154 2799 qumso
2173 2771 2187 2794 ,
2219 2729 2269 2783 in
2296 2728 2571 2798 voluptate
2600 2738 2680 2784 est
2705 2767 2721 2794 ,
2749 2728 2863 2783 isne
2891 2726 2980 2799 qui
3010 2726 3159 2793 furit,
3191 2727 3423 2796 agitatur
3445 2737 3497 2781 et
3524 2742 3553 2780 a

1973 2821 2158 2877 multis
2177 2821 2554 2891 cupiditatibus
2582 2820 2913 2886 confoditur,
2957 2834 3131 2890 neque
3155 2818 3295 2888 apud
3336 2833 3397 2872 se
3420 2834 3552 2871 con-

1971 2915 2147 2979 sistit;
2181 2930 2246 2967 an
2279 2914 2365 2984 qui
2402 2914 2471 2968 ab
2516 2913 2764 2969 omnibus
2808 2912 2956 2967 hisce
2994 2912 3244 2966 fluctibus
3272 2910 3413 2965 liber
3440 2952 3456 2973 ,
3502 2911 3553 2964 in

1972 3004 2307 3076 philosolihia
2360 3021 2457 3059 ceu
2502 3005 2552 3058 in
2597 3013 2754 3075 portu
2802 3003 2998 3060 sedet?
3026 3018 3203 3057 annon
3251 3004 3425 3071 palam
3472 3012 3555 3056 est

1972 3097 2113 3152 hunc
2139 3098 2300 3152 esse?
2326 3096 2428 3152 Sed
2457 3096 2557 3151 boc
2582 3097 2819 3152 cernitur
2840 3096 3017 3150 virtuti
3046 3096 3338 3165 proprium.
3368 3095 3553 3163 Itaque

1970 3189 2155 3243 vitium
2184 3188 2356 3243 solum
2385 3204 2583 3243 nomen
2609 3188 2767 3243 habet
2792 3188 3077 3258 voluptatis
3097 3230 3112 3254 ,
3145 3203 3203 3242 re
3229 3198 3409 3241 autem
3440 3188 3551 3256 ipsa

1969 3298 2192 3337 vacuum
2220 3292 2339 3337 est:
2372 3292 2425 3337 et
2453 3291 2738 3352 antequam
2784 3282 2872 3335 illa
2922 3281 3114 3335 fruaris
3135 3322 3150 3348 ,
3193 3280 3398 3335 insania
3430 3290 3509 3335 est
3532 3322 3547 3343 .

1970 3390 2077 3428 non
2108 3375 2388 3442 voluptas;
2419 3383 2697 3444 postquam
2726 3374 2813 3427 illa
2843 3374 2942 3427 frui
2968 3373 3268 3443 contigerit,
3300 3374 3409 3442 ipsa
3436 3383 3547 3426 sla-

1971 3466 2064 3520 tim
2095 3467 2465 3535 exstinguitur.
2496 3466 2551 3521 Si
2580 3481 2708 3537 ergo
2734 3481 2904 3536 neque
2944 3466 3095 3520 initio
3115 3507 3130 3528 ,
3158 3456 3341 3535 neque.
3366 3475 3548 3535 pestea

1970 3557 2095 3612 licet
2118 3558 2233 3627 ejus
2254 3557 2440 3611 videre
2467 3558 2813 3627 voluptatem,
2839 3557 2925 3610 ubi
2946 3566 3195 3611 cernetur
3216 3566 3269 3610 et
3291 3557 3502 3626 quando
3523 3556 3546 3609 2

1971 3647 2039 3703 Ut
2067 3658 2245 3703 autem
2274 3649 2325 3703 id
2350 3648 2491 3719 quod
2520 3647 2642 3703 dico
2666 3648 2862 3702 clarius
2891 3647 3099 3702 ediscas
3118 3689 3133 3711 ,
3160 3648 3411 3717 exemplo
3435 3664 3545 3701 rem

1970 3752 2259 3796 tractemus
2282 3758 2295 3794 :
2322 3740 2538 3795 attende
2562 3749 2759 3795 autem.
2781 3739 2979 3810 Captus
3001 3748 3083 3794 est
3108 3740 3371 3810 quispiam
3396 3754 3547 3793 amo-

1968 3850 2028 3889 re
2056 3834 2293 3890 mulieris
2324 3833 2561 3904 pulchrte
2589 3842 2643 3889 et
2674 3832 2923 3889 formosze
2947 3852 2962 3888 :
2995 3832 3081 3887 hic
3103 3832 3274 3888 donec
3297 3847 3549 3902 assequa-

1970 3937 2054 3981 tur
2082 3935 2353 3995 Optatum,
2384 3924 2680 3979 furentibus
2705 3934 2759 3981 et
2802 3923 3004 3979 insanis
3028 3923 3219 3978 similis
3248 3934 3372 3988 est;
3404 3932 3547 3993 post-

1967 4034 2129 4090 quam
2176 4027 2355 4072 autem
2406 4025 2727 4088 assequutus
2767 4024 2887 4081 est,
2915 4015 3406 4085 concupiscentiam
3456 4031 3547 4070 ex-

1967 4114 2174 4169 stinxit.
2204 4112 2259 4167 Si
2288 4126 2418 4181 ergo
2445 4127 2618 4181 neque
2644 4110 2794 4165 initio
2813 4110 3138 4179 voluptatem
3167 4109 3371 4173 habet;
3402 4108 3549 4162 furor

1967 4207 2109 4261 enim
2135 4202 2405 4269 tuncâ€˜est;
2438 4219 2609 4273 neque
2631 4204 2681 4257 in
2708 4203 2843 4266 fine;
2870 4219 2990 4257 nam
3011 4203 3295 4257 concubitu
3323 4212 3544 4257 oestrum

1967 4296 2222 4354 exstinxit
2247 4315 2260 4352 :
2292 4297 2503 4350 ubinam
2534 4295 2678 4350 illam
2710 4294 3087 4350 inveniemus?
3114 4293 3219 4350 Sed
3245 4311 3331 4350 res
3355 4308 3547 4349 nostr.e

1969 4405 2073 4443 non
2107 4391 2177 4443 ita
2211 4404 2270 4443 se
2304 4388 2523 4454 habent,
2570 4386 2665 4441 sed
2714 4386 2864 4442 initio
2914 4387 3318 4455 perturbatione
3367 4403 3547 4441 vacua:

1966 4490 2111 4547 sunt,
2140 4489 2191 4536 et
2223 4495 2388 4548 usque
2419 4481 2471 4533 in
2515 4481 2673 4533 linem
2702 4478 2945 4547 voluptas
2989 4480 3171 4548 vigens
3196 4492 3503 4548 perseverat
3529 4498 3543 4542 ;

1970 4575 2077 4629 imo
2110 4574 2285 4645 potius
2317 4588 2421 4628 non
2468 4573 2589 4627 ï¬nis
2630 4581 2712 4626 est
2740 4572 3021 4641 voluptatis
3050 4573 3101 4626 in
3151 4573 3307 4627 nobis
3332 4615 3348 4638 ,
3380 4590 3548 4643 neque

1969 4668 2107 4722 bona
2138 4675 2320 4721 nostra
2362 4668 2649 4720 terminum
2695 4663 2928 4729 habent,
2960 4681 3134 4733 neque
3164 4664 3279 4719 haec
3308 4667 3547 4734 voluptas

1970 4774 2220 4829 umquam
2239 4757 2567 4812 dissolvitur.
2589 4755 2713 4811 IIth
2738 4756 2918 4824 itaque
2946 4755 3123 4809 omnia
3154 4755 3475 4825 cogitantes,
3502 4757 3546 4809 si

1970 4852 2296 4920 Voluptatem
2316 4863 2578 4914 amamus,
2604 4848 2854 4901 virtutem
2872 4846 3246 4914 suscipiamus,
3271 4856 3329 4901 Î¹Î¹Î¹
3346 4859 3397 4902 et
3418 4864 3550 4917 pra:-

1968 4945 2140 5001 sentia
2178 4954 2232 4999 ct
2280 4942 2450 4996 futura
2494 4940 2630 4993 bona
2660 4954 3006 5008 assequamur
3037 4957 3053 4993 :
3083 4954 3202 5009 qure
3234 4940 3436 4994 utinam
3461 4956 3551 4993 nos

1971 5053 2160 5095 omnes
2179 5035 2402 5107 adipisci
2425 5032 2719 5103 contingat,
2746 5032 2915 5102 gratia
2942 5040 2997 5086 et
3024 5031 3353 5102 benignitate
3369 5074 3382 5097 ,
3406 5042 3510 5087 etc.

1608 5249 1953 5315 HOMILIA
1998 5253 2235 5315 XXIII.

281 5394 417 5451 (Î–Î‘Î¡.
443 5390 498 5447 9.
527 5406 586 5445 Î½.
616 5390 706 5446 24.
740 5388 963 5445 Nescitis
990 5390 1125 5459 quod
1154 5392 1225 5455 ii,
1253 5392 1341 5459 qui
1371 5393 1423 5446 in
1450 5395 1615 5448 stadio
1634 5406 1866 5461 currunt,

359 5501 533 5541 omnes
556 5484 753 5554 quidem
781 5492 1022 5548 currunt,
1048 5486 1137 5539 sed
1166 5501 1297 5539 unus
1322 5486 1505 5556 accipit
1533 5487 1802 5545 bravium?

360 5579 413 5635 Î¹.
436 5578 568 5633 Cum
591 5576 935 5642 ostendisset,
958 5594 1070 5632 rem
1093 5593 1213 5632 esse
1232 5577 1521 5633 admodum
1546 5580 1728 5635 utilem
1751 5596 1873 5637 sese

295 5680 666 5742 attrmperare,
688 5678 741 5726 et
770 5670 910 5727 hanc
927 5684 1046 5728 esse
1067 5686 1334 5728 summam
1366 5670 1751 5743 perfectionem
1778 5692 1789 5729 :
1818 5683 1870 5731 et

1971 5397 2113 5468 quod
2132 5397 2243 5465 ipse
2261 5395 2503 5464 (Paulus)
2517 5435 2528 5454 ,
2544 5407 2664 5447 cum
2684 5390 2801 5462 plus
2819 5405 2976 5459 quam
2998 5387 3261 5443 omnesad
3281 5386 3557 5457 perfectio-

1974 5504 2093 5543 nem
2144 5485 2510 5549 ascendisset,
2544 5484 2652 5537 imo
2680 5481 3097 5537 transcendisset
3123 5521 3137 5543 ,
3163 5494 3230 5533 eo
3259 5477 3398 5549 quod
3448 5474 3554 5547 (ad

1977 5581 2174 5634 vietum
2203 5574 2542 5644 necessaria)
2572 5589 2679 5630 non
2711 5573 3009 5644 acceperit,
3038 5572 3159 5641 plus
3193 5586 3349 5640 quam
3376 5585 3555 5624 omnes

1975 5681 2156 5741 postea
2183 5668 2540 5735 descenderit,
2575 5676 2630 5724 ct
2656 5666 2934 5739 utriusque
2963 5662 3041 5720 rei
3070 5672 3309 5735 tempora
3338 5669 3456 5719 nota
3477 5657 3551 5713 la-
