3826 6216
229 247 326 303 ίδτ

225 364 316 417 καὶ
334 361 432 432 τὴν
454 361 848 431 μοιχευομένην
886 362 1078 432 αὐτὴν,
1098 364 1193 415 καὶ
1215 364 1450 426 οίκείους
1483 363 1579 416 καὶ
1607 360 1794 429 φίλους

225 447 315 499 καὶ
352 449 654 514 συγγενεῖς,
674 447 996 516 καὶιτοίχους
1017 447 1110 499 καὶ
1127 446 1284 510 σκιάς
1313 447 1408 500 καὶ
1435 446 1648 507 ἑαυτὸν,
1678 444 1794 508 καὶ,

231 532 282 581 c6
305 529 526 582 πάντων
547 528 949 600 χαλεπώτερον,
979 529 1040 583 :6
1075 530 1315 594 συνειδὸς
1334 530 1446 599 ἔχει
1488 527 1793 590 καταϐοῶν,

227 613 488 666 ύλακτοῦν
544 611 666 665 καθ’
705 613 941 683 ἑκάστην
988 614 1221 684 ἡμέραν.
1257 615 1354 666 “Av
1384 613 1441 665 δὲ
1488 611 1670 666 καὶτὸ
1704 610 1796 663 τοῦ

226 695 360 749 Θεοῦ
390 696 735 767 δικαστήριον
782 697 1032 767 ὲννοήση,
1074 697 1194 750 οὐδὲ
1253 698 1439 768 στῆναι
1487 696 1793 768 δυνήσεται.

230 780 338 831 Kal
370 782 403 849 ή
439 779 537 849 μὲν
562 780 723 849 ἡδονὴ
780 779 1086 851 βραχεῖα,ή
1134 781 1191 837 δὲ
1240 781 1347 835 ἀπὸ
1380 779 1583 849 ταύτης
1635 777 1798 847 ὀδύνη

226 862 502 933 διηνεκής.
524 865 631 916 Kal
657 863 765 932 γὰρ
791 864 884 916 καὶ
911 865 968 916 ὲν
996 864 1204 934 ἑσπέρα
1224 865 1319 918 καὶ
1344 864 1402 916 ὲν
1425 862 1601 925 νυκτὶ,
1627 862 1721 915 καὶ
1742 863 1799 915 ὲν

226 948 434 1019 ἐρημία
452 949 545 1001 καὶ
572 951 629 1001 ἐν
659 949 833 1014 πόλει,
864 950 960 1003 καὶ
1005 948 1278 1019 πανταχοῦ
1302 948 1543 1003 ’ἐπεταιό
1570 949 1801 1018 κατήγο-

231 1048 346 1102 ρος,
361 1031 511 1100 ξίφος
542 1032 757 1095 δεικνὺς
776 1033 1131 1103 ἠκονημένον,
1151 1036 1245 1086 καὶ
1270 1032 1368 1096 τὰς
1394 1034 1700 1102 ἀφορήτους
1717 1049 1801 1085 κο-

228 1114 432 1177 λάσεις,
456 1115 548 1167 καὶ
590 1113 665 1183 τῷ
697 1115 847 1186 φόϐῳ
873 1115 1283 1170 καταναλίσκων
1310 1115 1470 1169 αὑτὸν
1495 1116 1590 1170 καὶ
1626 1116 1799 1168 δαπα-

224 1196 355 1251 νῶν.
398 1198 457 1249 Ὀ
483 1196 538 1249 δὲ
578 1196 809 1267 σώφρων
848 1201 1051 1263 ἐκεῖνος
1070 1200 1283 1253 πάντων
1326 1198 1532 1252 τούτων
1554 1198 1798 1270 ἀπήλλα-

225 1297 377 1345 κται,
405 1280 498 1333 καὶ
527 1280 673 1333 ἐστιν
708 1282 765 1333 ὲν
822 1282 1126 1355 ἐλευθερίᾳ,
1161 1284 1256 1336 καὶ
1306 1284 1446 1353 μετὰ
1472 1282 1653 1345 ἀδείας
1698 1284 1799 1353 ὁρᾷ

220 1363 325 1434 τὴν
351 1366 581 1429 γυναῖκα
612 1364 711 1434 τὴν
743 1365 959 1427 ἑαυτοῦ,
993 1367 1061 1421 τά
1082 1366 1289 1431 παιδία,
1312 1366 1437 1427 τοὺς
1454 1364 1663 1433 φίλους,
1703 1366 1799 1419 καὶ

222 1444 536 1517 ἐλευθέροις
572 1448 776 1500 ἀπασιν
800 1448 1099 1519 ὀφθαλμοῖς
1125 1450 1342 1520 ἀπαντᾷ
1374 1458 1415 1504 ·.
1443 1449 1505 1502 Εί
1525 1448 1581 1501 δὲ
1602 1451 1631 1502 6
1656 1449 1799 1520 ἐρῶν

225 1528 350 1598 μὲν,
399 1530 613 1599 κρατῶν
642 1531 720 1595 δὲ,
759 1532 1026 1603 τοσαύτης
1086 1532 1455 1588 ἀπολαύσεται
1498 1532 1711 1604 ἡδονῆς,
1770 1534 1799 1586 6

225 1611 368 1682 μηδὲ
389 1612 551 1683 ἐρῶν,
580 1613 716 1667 ἀλλά
737 1615 994 1686 καθαρῶς
1024 1616 1336 1687 σωφρονῶν,
1362 1617 1507 1680 τίνος
1557 1615 1794 1686 λιμένος,

220 1696 385 1759 ποίας
434 1698 675 1770 γαλήνης
708 1701 808 1769 οὐχ
862 1701 995 1770 ήδίω
1026 1702 1120 1755 καὶ
1150 1703 1511 1773 ήμερωτέραν
1538 1704 1797 1773 κτήσεται

217 1781 434 1849 ψυχήνς
493 1784 593 1836 Διά
619 1801 699 1837 τοι
723 1783 879 1837 τοῦτο
910 1787 1033 1847 τοὺς
1059 1786 1411 1855 μοιχεύοντας
1442 1786 1541 1856 μὲν
1584 1786 1798 1852 ὀλίγους

219 1863 293 1915 ἂν
327 1864 473 1930 ἴδοις,
504 1865 909 1937 σωφρονοῦντας
936 1868 991 1921 δὲ
1031 1868 1265 1934 πλείους,
1291 1871 1354 1922 El
1384 1870 1441 1923 δὲ
1462 1870 1795 1940 τοῦτοῆδιον,

218 1948 382 2001 τοῦτο
406 1949 472 2002 ἂν
504 1951 707 2005 εἴλοντο
735 1954 783 2005 οί
816 1952 1020 2007 πολλοί.
1047 1955 1157 2007 Kal
1191 1956 1262 2024 μή
1302 1972 1390 2024 μοι
1422 1954 1545 2022 λέγε
1568 1956 1658 2009 τὸν
1691 1957 1799 2010 ἀπὸ

216 2031 231 2101 1
256 2032 377 2103 199ί
406 2035 511 2085 τῶν
527 2034 708 2103 νόμων
729 2034 912 2103 φόϐον⁶
937 2035 1057 2089 οὐδὲ
1081 2036 1188 2108 γὰρ
1204 2032 1360 2101 οῦτός
1384 2041 1531 2091 ἐστιν
1554 2040 1751 2103 αὐτοὺς
1770 2042 1799 2092 ὀ

217 2118 489 2186 κατέχων,
505 2118 617 2171 ἀλλ’
646 2120 680 2189 ή
710 2119 811 2189 τῆς
839 2121 1065 2184 ἀτοπίας
1083 2121 1559 2193 ύπερϐολὴ,κα“ιτὸ
1578 2124 1797 2180 πλείονα

217 2195 365 2252 εἶναι
390 2202 457 2253 τά
490 2200 714 2272 λυπηρά
740 2202 849 2255 τῶν
874 2203 1080 2274 ήδέων,
1120 2205 1215 2259 καὶ
1261 2207 1294 2277 ή
1351 2205 1446 2259 τοῦ
1500 2209 1795 2275 συνειδότος

214 2284 423 2353 ψῆφος.
449 2285 556 2339 Καὶ
583 2288 615 2339 6
643 2287 741 2356 μὲν
774 2286 959 2358 μοιχὸς
990 2288 1249 2353 τοιοῦτος.
1304 2290 1369 2343 Εἰ
1416 2290 1476 2345 δὲ
1516 2292 1794 2363 βούλεσθε,

216 2368 427 2422 καὶτὸν
450 2370 777 2442 πλεονέκτην
794 2372 872 2434 είς
904 2372 1066 2443 μέσον
1082 2375 1397 2443 ἀγάγωμεν,
1416 2375 1603 2446 ἕτερον
1619 2376 1796 2448 ἔρωτα

214 2450 388 2504 πάλιν
420 2453 734 2524 παράνομον
753 2455 1213 2525 ἀπογυμνοῦντες.
1243 2458 1353 2512 Καὶ
1372 2458 1480 2529 γάρ
1497 2459 1590 2512 καὶ
1607 2459 1795 2514 τοῦτον

211 2534 467 2605 ὀψόμεθα
495 2537 564 2590 τά
591 2537 730 2591 αύτά
752 2536 1045 2599 δεδοικότα.
1094 2540 1187 2593 καὶ
1216 2540 1275 2593 ού
1297 2541 1593 2613 δυνάμενον
1623 2546 1794 2598 καθα-

210 2621 325 2688 ρᾶς
354 2620 645 2674 ἀπολαύειν
672 2622 879 2693 ήδονῆς.
900 2623 1009 2677 Kal
1023 2624 1133 2694 γὰρ
1152 2624 1245 2678 καὶ
1268 2630 1393 2688 τοὺς
1412 2626 1795 2699 ἀδικουμένους

213 2703 441 2767 εννοῶν,
464 2705 558 2758 καὶ
578 2707 704 2769 τοὺς
726 2706 1124 2775 συναλγοῦντας
1140 2709 1342 2773 αὐτοῖς,
1383 2712 1478 2764 καὶ
1496 2712 1595 2782 τήν
1610 2713 1794 2784 κοινήν

213 2786 477 2839 ἁπάντων
504 2789 631 2857 περὶ
652 2788 814 2842 αὐτοῦ
844 2790 1040 2861 ψῆφον,
1085 2790 1253 2862 μυρία
1279 2792 1498 2864 κύματα
1520 2795 1653 2866 ἔχει,
1684 2797 1794 2850 Kal

209 2870 283 2922 ού
316 2869 473 2923 τοῦτο
503 2873 661 2941 μόνον
684 2873 801 2926 ἐστὶ
824 2874 883 2926 τὸ
912 2874 1165 2945 χαλεπὸν,
1188 2875 1303 2929 ἀλλ’
1330 2878 1451 2931 οὐδὲ
1476 2882 1574 2951 τῆς
1591 2881 1795 2951 ἐρωμέ-

210 2970 321 3023 νης
348 2953 652 3008 ἀπολαῦσαι
674 2955 914 3011 δύναται.
946 2957 1196 3022 Τοιοῦτος
1220 2960 1329 3031 γὰρ
1348 2962 1377 3013 6
1404 2960 1511 3014 τῶν
1541 2962 1795 3034 φιλαργύο

214 3053 333 3106 ρων
349 3037 567 3110 τρόπον
596 3039 694 3109 ούχ
723 3039 809 3094 ἵνα
829 3040 1174 3095 ἀπολαύωσιν
1194 3043 1430 3112 ἔχουσιν,
1472 3044 1586 3099 ἀλλ’
1603 3046 1691 3101 ἴνα
1718 3048 1794 3119 μὴ

206 3122 589 3177 ἀπολαύωσιν.
613 3124 675 3177 Et
707 3124 763 3178 δὲ
794 3126 1021 3196 αἴνιγμά
1055 3143 1134 3179 σοι
1159 3128 1317 3181 τοῦτο
1343 3124 1483 3183 εῖναι
1508 3130 1674 3195 δοκεῖ,
1700 3134 1795 3185 καὶ

209 3207 285 3259 :6
304 3206 387 3259 ἔτι
417 3207 607 3259 τούτου
653 3211 833 3279 χεῖρον
886 3211 982 3263 καὶ
1007 3211 1354 3282 ἀπορώτερον
1395 3212 1582 3267 ἄκουε·
1621 3216 1704 3268 6::
1732 3217 1793 3269 ού

209 3290 391 3362 ταύτῃ
425 3291 584 3362 μόνον
607 3292 925 3362 ἐστέρηνται
949 3294 1049 3363 τῆς
1078 3295 1185 3347 τῶν
1202 3295 1372 3350 ὄντων
1394 3296 1608 3367 ἡδονῆς,
1624 3300 1701 3370 τῷ
1719 3300 1793 3372 μὴ

208 3374 427 3445 τολμᾷν
472 3376 655 3438 αὐτοῖς
708 3376 961 3448 χρῆσθαι,
996 3378 1069 3441 ὼς
1104 3378 1403 3448 βούλονται,
1428 3382 1565 3435 ἀλλά
1590 3385 1684 3437 καί⁵
1716 3385 1794 3454 τῴ

212 3458 495 3529 μηδέποτε
552 3458 1183 3538 αὑτῶν-ἐμπίπλασθαι,
1247 3464 1361 3517 ἀλλ’
1394 3468 1452 3520 ὲν
1510 3465 1589 3536 τῷ
1632 3467 1793 3538 διψῆν

206 3538 363 3596 εἶναι
389 3541 669 3612 διηνεκῶς*
694 3536 753 3596 οῦ
774 3542 827 3595 τί
848 3544 1041 3611 γένοιτ’
1065 3545 1131 3599 ἀν
1185 3546 1588 3619 χαλεπώτερον;
1656 3536 1792 3605 Ἀλλ’

205 3626 318 3695 οὐχ
343 3627 373 3679 6
397 3625 601 3689 δίκαιος
621 3625 877 3691 τοιοῦτος’
906 3627 1042 3681 ἀλλά
1091 3631 1183 3683 καὶ
1207 3632 1407 3703 τρόμου
1446 3634 1540 3687 καὶ
1578 3634 1790 3705 μίσους,

210 3711 317 3763 καὶ
345 3709 510 3777 φόϐου
538 3709 743 3763 καὶτοῦ
766 3711 986 3765 ἀνιάτου
1007 3713 1195 3767 τούτου
1221 3714 1403 3785 δίψους
1428 3716 1794 3788 ἀπήλλακταιτ

206 3795 317 3847 καὶ
341 3792 528 3865 ῶσπερ
560 3794 750 3863 ἐκείνῳ
777 3792 976 3859 πάντες
1007 3796 1344 3865 ὲπαρῶνται,
1401 3800 1545 3854 οὕτω
1591 3802 1791 3868 πάντες

202 3876 397 3947 τούτῳ
435 3875 799 3948 συνεύχονται·
829 3880 922 3933 καὶ
954 3879 1202 3953 καθάπερ
1227 3884 1433 3945 ἐκεῖνος
1469 3884 1663 3939 οὐδένα
1702 3888 1793 3940 κέ-

202 3976 416 4032 κτηται
456 3959 628 4027 φίλον,
658 3959 829 4024 οὕτως
861 3957 1013 4027 οὗτος
1048 3963 1239 4018 οὐδένα
1266 3964 1477 4037 ἐχθρόν.
1504 3967 1569 4019 Τί
1590 3969 1790 4037 τοίνυν,

200 4043 422 4097 τούτων
444 4044 618 4107 οῦτως
652 4043 1112 4115 ὡμολογημένων,
1144 4047 1176 4118 ἢ
1212 4049 1409 4113 κακίας
1442 4050 1786 4121 ἀηδέστερον,

198 4128 244 4197 ἢ
290 4127 495 4199 ἀρετῆς
541 4126 688 4198 ῆδιον
720 4127 915 4196 γένοιτ’
946 4128 1048 4195 ἀν;
1096 4131 1296 4196 μᾶλλον
1331 4130 1408 4197 δὲ,
1476 4133 1577 4186 κάν
1620 4135 1788 4205 μυρία

195 4214 485 4281 εἴπωμεν,
516 4212 689 4276 οὐδεὶς
708 4211 830 4266 οὔτε
854 4214 1067 4285 ἐκείνης
1089 4215 1188 4286 τήν
1220 4215 1419 4287 λύπην,
1444 4216 1566 4271 οὗτε
1588 4219 1790 4290 ταύτης

277 4424 297 4448 ’
324 4427 587 4490 agebatur
614 4431 812 4481 ἅπαντα.

1226 249 1293 304 IN
1332 247 1553 305 EPIST.
1594 248 1619 301 Ῑ
1669 246 1761 299 AD
1786 244 1945 301 ουκ.
1991 247 2226 305 ηοΜη..
2262 250 2451 307 XXIII.

3370 244 3482 311 τεςᾶ

1894 362 1994 431 τὴν
2025 362 2217 436 ήδονὴν
2250 366 2595 435 παραστῆσαι
2619 365 2906 435 δυνήσεται
2938 364 3105 435 λόγῳ,
3132 366 3241 430 ἓως
3287 368 3354 421 ἂν
3383 372 3476 423 αὖε

1893 444 1993 514 τῆς
2021 445 2442 518 ἀπολαύσωμεν.
2494 448 2627 501 Τότε
2667 448 2775 519 γάρ
2812 450 2909 502 καὶ
2954 448 3279 520 πικρότερον
3309 450 3474 524 χολῆς

1895 528 2203 600 εὑρήσομεν
2229 532 2327 599 την
2360 532 2580 597 κακίαν,
2610 532 2738 584 ὅταν
2764 531 2859 584 τοῦ
2890 531 2985 601 τῆς
3018 531 3221 601 ἀρετῆς
3235 534 3471 603 ἀπογευ-

1898 610 2120 681 σώμεθα
2152 612 2385 683 μέλιτος.
2421 615 2576 667 Ἐστι
2608 613 2707 684 μὲν
2754 613 2865 684 γάρ
2899 614 2994 667 καὶ
3037 614 3133 667 νῦν
3163 615 3332 686 ἀηδὴς
3384 619 3476 671 καὶ

1896 695 2129 765 φορτική
2161 698 2255 749 καὶ
2288 696 2555 768 ἐπαχθὴς,
2601 698 2697 751 καὶ
2724 698 2861 769 πρὸς
2890 696 3051 750 τοῦτο
3095 697 3216 751 οὐδὲ
3243 700 3397 754 αὐτοὶ
3425 704 3473 753 οί

1896 776 2291 848 θεραπεύοντες
2322 780 2492 851 αὐτὴν
2543 780 2883 852 ἀντεροῦσιν·
2911 781 3040 834 ὅταν
3064 781 3121 834 δὲ
3146 782 3315 852 αὐτῆς
3344 785 3477 837 ἀπο-

1899 859 2132 931 στῶμεν,
2157 862 2279 915 τότε
2314 863 2483 933 αὐτῆς
2517 864 2909 934 ἀκριϐέστερον
2963 863 3332 934 αἰσθανόμεθα
3368 866 3476 920 τῶν

1896 944 2111 1014 πικρῶν
2138 946 2550 1017 ἐπιταγμάτων.
2581 948 2642 1000 Et
2670 946 2728 1000 δὲ
2786 948 2836 1000 οἱ
2872 946 3058 1000 πολλοὶ
3114 948 3251 1019 πρὸς
3305 950 3479 1019 αὐτὴν

1897 1026 2174 1097 τρέχουσι,
2195 1028 2509 1099 θαυμαστὸν
2537 1029 2711 1083 οὐδέν’
2744 1030 2865 1084 ἐπεὶ
2896 1031 2991 1084 καὶ
3013 1034 3199 1095 παῖδες
3215 1031 3477 1099 πολλάκις

1896 1112 1966 1164 τά
1994 1106 2156 1183 ἦττον
2190 1112 2321 1183 ήδέα
2359 1113 2626 1184 ἑλόμενοι,
2658 1115 2768 1168 τῶν
2803 1115 3061 1185 μειζόνως
3080 1115 3478 1185 εύφραινόντων

1898 1195 2320 1266 καταφρονοῦσυ
2352 1200 2446 1250 καὶ
2466 1199 2515 1251 οἱ
2545 1198 2828 1261 νοσοῦντες
2853 1199 2995 1270 ὑπὲρ
3026 1200 3365 1269 προσκαίρου
3382 1200 3477 1269 χά-

1900 1295 2045 1350 ριτος
2063 1280 2162 1350 τὴν
2185 1279 2410 1352 διηνεκῆ
2429 1284 2522 1335 καὶ
2540 1283 2956 1355 ἀσφαλεστέραν
2981 1282 3321 1354 εὐφροσύνην
3379 1286 3477 1338 ἀπ-

1896 1363 2312 1418 ώλεσαν.Τοῦτο
2341 1365 2396 1419 δὲ
2425 1367 2521 1437 τῆς
2547 1367 2657 1419 τῶν
2688 1366 2941 1437 ἐρώντων
2970 1367 3252 1431 ἀσθενείας
3282 1385 3341 1420 τε
3384 1371 3478 1422 καὶ

1898 1446 2081 1510 ἀνοίας
2110 1450 2275 1509 ἐστὶν,
2299 1451 2359 1503 ού
2390 1452 2490 1521 τῆς
2513 1451 2623 1503 τῶν
2646 1451 2985 1521 πραγμάτων
3018 1450 3249 1521 φύσεως.
3296 1451 3355 1504 '0
3368 1452 3478 1523 γὰρ

1904 1531 2022 1600 μεθ’
2043 1532 2238 1603 ήδονῆς
2277 1533 2404 1598 ζῶν,
2425 1537 2452 1587 6
2478 1534 2729 1605 ἐνάρετός
2757 1537 2925 1597 ἐστιν,
2984 1536 3012 1587 6
3041 1534 3283 1587 πλουτῶν
3309 1534 3478 1600 δντως

1903 1617 1999 1669 καὶ
2024 1616 2193 1680 ὄντως
2222 1617 2505 1691 ἐλεύθερος
2539 1619 2632 1673 ὢν.
2668 1621 2730 1673 Et
2759 1618 2815 1672 δέ
2839 1636 2921 1682 τις
2946 1618 3016 1672 τά
3041 1620 3140 1689 μὲν
3184 1619 3316 1673 ἀλλα
3343 1634 3477 1687 συγ-

1902 1699 2105 1769 χωροίη
2136 1702 2202 1770 τῇ
2230 1701 2420 1773 ἀρετῇ,
2458 1703 2792 1773 ἐλευθερίαν,
2829 1702 3033 1764 ἄδειαν,
3069 1703 3128 1755 :6
3182 1701 3479 1774 φροντίδων

1902 1781 2269 1853 ἀπηλλάχθαι,
2306 1784 2368 1837 :6
2402 1786 2607 1855 μηδένα
2638 1786 2954 1852 δεδοικέναι,
3016 1785 3079 1839 :6
3125 1786 3329 1857 μηδένα
3371 1786 3478 1838 ὐπ-

1901 1863 2171 1929 οπτεύειν,
2201 1866 2300 1937 τὴν
2324 1866 2380 1920 δὲ
2409 1869 2602 1938 ήδονὴν
2631 1868 2706 1939 μή
2737 1868 3069 1940 συγχωροίη,
3118 1871 3213 1922 καὶ
3249 1868 3479 1938 γελάσαι

1906 1964 1996 2017 μοι
2021 1948 2207 2001 λοιπὸν
2219 1950 2437 2020 δαψιλὲς
2464 1950 2698 2006 ἐνταῦθα
2726 1952 3038 2023 ἐπέρχεται.
3073 1952 3137 2003 Τί
3162 1951 3271 2022 γάρ
3294 1952 3479 2022 ἕτερόν

1903 2033 2050 2084 ἐστιν
2077 2033 2259 2105 ήδονὴ,
2304 2035 2338 2105 ἢ
2371 2035 2431 2087 :6
2469 2036 2747 2105 φροντίδος
2800 2035 3262 2106 ἀπηλλάχθαικαὶ
3312 2034 3477 2103 φόϐου

1903 2116 1998 2167 καὶ
2024 2114 2283 2185 ἀθυμίας,
2312 2119 2405 2170 καί⁵
2440 2121 2607 2171 πᾶσιν
2633 2119 2929 2189 ἀχείρωτον
2952 2114 3122 2182 εἶναις
3162 2118 3258 2180 Τίς
3283 2117 3392 2187 γὰρ
3422 2118 3479 2169 ὲν

1900 2198 2082 2269 ἡδονῇ,
2111 2199 2231 2251 εἰπέ
2262 2217 2374 2270 μοι,
2402 2201 2430 2253 6
2454 2201 2776 2272 μαινόμενος
2804 2202 2901 2254 καὶ
2927 2200 3211 2270 σφαδάζων
3235 2201 3329 2251 καὶ
3359 2216 3479 2252 κεν-

1898 2281 2161 2352 τούμενος
2189 2283 2293 2336 ύπὸ
2318 2285 2620 2355 ἐπιθυμιῶν
2650 2285 2880 2348 πολλῶν,
2913 2286 3008 2338 καὶ
3036 2284 3158 2337 οὐδὲ
3192 2286 3249 2335 ἐν
3300 2282 3480 2352 ἑαυτῷ

1901 2365 1998 2427 ὢν,
2027 2367 2058 2437 ἢ
2086 2368 2114 2420 6
2135 2366 2341 2421 τούτων
2366 2368 2583 2421 πάντων
2604 2368 3027 2439 ἀπηλλαγμένος
3055 2369 3165 2421 τῶν
3196 2368 3478 2438 κυμάτων,

1902 2449 1997 2501 καὶ
2022 2449 2211 2521 ὥσπερ
2244 2451 2302 2503 ὲν
2343 2450 2522 2522 λιμένι
2552 2455 2617 2523 τῇ
2650 2450 2939 2522 φιλοσοφίᾳ
2979 2449 3320 2522 καθήμενος;
3379 2452 3481 2504 ούκ

1900 2532 2120 2604 εὔδηλον
2150 2534 2231 2586 6::
2265 2527 2445 2599 οὗτος
2486 2533 2647 2587 Ἀλλά
2678 2535 2778 2605 τῆς
2800 2535 3001 2606 ἀρετῆς
3021 2534 3149 2587 ἴδιον
3176 2534 3334 2588 τοῦτο
3357 2535 3481 2587 ava-

1901 2618 2065 2688 φάνη.
2096 2617 2257 2670 Ὥστε
2286 2620 2319 2689 ή
2344 2618 2509 2671 κακία
2560 2619 2734 2688 ὄνομα
2780 2618 2939 2689 μόνον
2969 2619 3163 2689 ἡδονῆς
3206 2618 3342 2687 ἔχει,
3382 2618 3479 2671 τοῦ

1898 2700 1956 2753 δὲ
1988 2701 2310 2772 πράγματός
2341 2704 2485 2755 ἐστιν
2517 2702 2741 2772 ἔρημος·
2791 2702 2886 2755 καὶ
2924 2703 3029 2773 πρὸ
3065 2702 3164 2774 μὲν
3192 2703 3292 2773 τῆς
3345 2703 3480 2755 ἀπο-

1900 2782 2143 2848 λαύσεως
2175 2784 2325 2855 [200]
2385 2785 2551 2855 μανία
2578 2787 2749 2847 ἐστὶν,
2778 2786 2876 2855 οὐχ
2904 2785 3088 2856 ἡδονὴ,
3135 2786 3273 2857 μετά
3309 2785 3480 2856 δὲτὴν

1901 2868 2201 2921 ἀπόλαυσιν
2223 2868 2425 2931 εὐθέως
2448 2869 2543 2921 καὶ
2565 2868 2701 2938 αύτὴ
2724 2867 3031 2922 σϐέννυται.
3060 2869 3123 2921 Εἰ
3149 2870 3328 2922 τοίνυν
3352 2869 3478 2922 οὔτε

1899 2952 1959 3003 ἐν
1980 2952 2119 3021 ἀρχῇ
2152 2950 2275 3004 ούτε
2309 2951 2447 3021 μετά
2478 2950 2651 3004 ταῦτα
2689 2951 2836 3005 ἔστιν
2890 2953 3017 3005 ίδείν
3042 2952 3213 3023 αὐτῆς
3242 2951 3339 3023 τὴν
3359 2953 3477 3025 ήδοο

1899 3033 2018 3105 νῆν,
2047 3034 2150 3086 ποῦ
2191 3037 2438 3102 φανεῖται
2462 3033 2557 3086 καὶ
2584 3034 2714 3086 πότε
2738 3052 2752 3100 ;
2783 3035 2901 3087 ’Ίνα
2926 3036 2984 3088 δὲ
3031 3035 3363 3106 σαφέστερον
3384 3076 3398 3100 ,
3450 3035 3478 3089 6

1898 3118 2062 3188 λέγω,
2095 3118 2294 3190 μάθῃς,
2323 3119 2416 3171 ἐπὶ
2452 3117 2848 3187 ύποδείγματος
2879 3117 2969 3171 τὸν
2998 3118 3155 3187 λόγον
3179 3120 3477 3189 γυμνάσω-

1903 3218 2025 3271 μεν·
2061 3202 2253 3254 σκόπει
2284 3200 2361 3253 δέ·
2403 3199 2618 3269 ἠράσθη
2647 3218 2731 3264 τις
2757 3201 3014 3269 γυναικὸς
3044 3201 3251 3272 ὡραίας
3272 3203 3365 3255 καὶ
3386 3202 3478 3253 εύ-

1903 3286 2129 3357 μόρφου’
2158 3280 2310 3347 οὗτος
2340 3284 2444 3348 ἕως
2489 3284 2588 3354 μὲν
2612 3282 2678 3337 ἂν
2710 3283 2782 3355 μὴ
2832 3284 3065 3358 ἐπιτύχῃ
3104 3285 3199 3337 τοῦ
3249 3284 3474 3355 ἔρωτος,

1896 3372 2009 3433 τοῖς
2035 3368 2383 3438 ἐξεστηκόσιν
2420 3367 2563 3421 ἔοικε
2594 3368 2687 3420 καὶ
2716 3367 3145 3438 παραπαίουσινο
3172 3367 3393 3420 ἐπειδάν
3418 3366 3476 3420 δὲ

1899 3452 2152 3523 ἐπιτύχῃ,
2182 3452 2373 3504 ἔσϐεσε
2397 3450 2837 3521 τὴνέπιθυμίαν.
2888 3452 2951 3504 Εί
2998 3451 3177 3503 τοίνυν
3229 3452 3366 3522 μήτε
3417 3453 3477 3503 ἐν

1899 3538 2061 3608 ἀρχῇ.
2084 3537 2294 3607 ῆδεταυ
2330 3536 2495 3605 μανία
2524 3534 2634 3607 γὰρ
2662 3534 2723 3588 :6
2782 3536 3015 3607 πρᾶγμά
3060 3538 3195 3588 ἐστι·
3232 3537 3368 3606 μήτε
3418 3537 3477 3587 ὲν

1897 3620 1977 3690 τῷ
2009 3619 2174 3672 τέλει·
2226 3616 2483 3672 καταλύει
2532 3618 2642 3688 γὰρ
2679 3621 2746 3688 τῇ
2788 3619 2932 3688 μίξει
2966 3618 3058 3671 τὸν
3093 3613 3327 3689 οἶστρονο
3369 3617 3474 3670 ποῦ

1897 3704 2086 3758 λοιπὸν
2116 3702 2284 3775 αὐτὴν
2307 3703 2641 3774 εύρήσομεν;
2686 3703 2824 3757 Ἀλλ’
2858 3703 2919 3756 ού
2950 3702 3279 3773 τὰήμέτερα
3298 3700 3475 3755 τοιαῦ-

1896 3806 1985 3848 στα,
2014 3787 2150 3841 ἀλλὰ
2179 3788 2272 3841 καὶ
2324 3790 2379 3840 ὲν
2410 3788 2550 3858 ἀρχῇ
2587 3788 2833 3858 ταραχῆς
2879 3786 3221 3858 ἀπήλλακται
3269 3786 3472 3855 πάσης,

1898 3872 1993 3925 καὶ
2037 3871 2198 3942 μέχρι
2240 3869 2427 3932 τέλους
2447 3869 2775 3939 ἀκμάζουσα
2817 3869 2966 3939 μένει
2996 3871 3029 3940 ή
3058 3869 3241 3942 ήδονή’
3274 3869 3474 3940 μᾶλλον

1895 3956 1954 4009 δὲ
1980 3954 2103 4007 οὐδέ
2134 3956 2249 4007 ἐστι
2278 3952 2431 4016 τέλος
2460 3955 2592 4025 παρ’
2619 3955 2749 4025 ήμϊν
2766 3953 2982 4023 ήδονῆς,
3014 3954 3135 4006 οὐδὲ
3162 3953 3274 4023 ἔχει
3301 3954 3472 4024 πέρας

1893 4041 1927 4106 ή
1938 4036 2052 4107 μῶν
2083 4038 2151 4091 τά
2176 4036 2375 4104 ἀγαθὰ,
2404 4037 2524 4089 οὐδὲ
2560 4036 2885 4090 καταλύεταί
2920 4053 3047 4090 ποτε
3069 4036 3204 4107 αῦτη
3232 4036 3468 4108 ήήδονή.

1898 4119 2063 4174 Ταῦτ’
2109 4115 2203 4173 οῦν
2234 4117 2451 4172 ἅπαντα
2483 4121 2855 4190 ὲννοήσαντες,
2905 4119 2960 4173 εἴ
2985 4136 3050 4188 γε
3089 4118 3284 4189 ἡδονῆς
3334 4119 3474 4190 ὲρῶ-

1903 4220 2020 4273 μεν,
2061 4202 2447 4272 ὲπιλαϐώμεθα
2494 4204 2715 4274 ἀρετῆς,
2784 4204 2872 4256 ἴνα
2909 4202 3140 4257 καὶτῶν
3188 4202 3470 4273 παρόντων

1896 4286 2121 4340 καὶτῶν
2156 4286 2459 4356 μελλόντων
2492 4285 2839 4356 ὲπιτύχωμεν
2864 4284 3107 4353 ἀγαθῶψ
3142 4278 3217 4337 ὧν
3261 4284 3470 4351 γένοιτο

1893 4371 2104 4432 πάντας
2142 4370 2288 4440 ήμᾶς
2332 4372 2629 4440 ἐπιτυχεῖν,
2677 4368 2860 4440 χάριτι
2928 4368 3021 4422 καὶ¹
3065 4366 3466 4439 φιλανθρωπίᾳ,

1900 4454 1999 4508 xal
2022 4454 2090 4507 τά
2120 4453 2266 4525 ἑξῆς.

1624 5049 1865 5103 ΟΜῘΛΙΑ
1898 5049 2028 5105 ΚΡ.

166 5235 339 5289 οὐκ
354 5233 555 5306 οἴδατε
571 5232 657 5285 ὅτι
676 5235 730 5287 οἱ
752 5234 823 5306 έν
846 5233 1419 5306 ρςταΰιῳτρέχοντες,
1436 5233 1785 5306 πάκτεςμὲν
1884 5236 2115 5305 ποιήσας
2156 5237 2288 5306 ήμῑν
2320 5235 2414 5290 καὶ
2441 5235 2541 5304 τῆς
2570 5231 2905 5297 τελειότητος
2936 5234 3027 5288 καὶ
3054 5233 3155 5302 τῆς
3184 5250 3459 5302 συγκατα-

338 5303 681 5372 τρέχουσιν,
720 5299 810 5369 εἷς
833 5302 903 5356 δὲ
929 5299 1221 5370 λαμϐάνέί
1251 5302 1318 5356 τὸ
1345 5303 1629 5369 .Bpn6sior
1647 5299 1683 5365 ξ’
1885 5299 2115 5380 ϐάσεως,
2160 5299 2603 5387 πληκτικὼτερον
2650 5314 2829 5370 αὐτῶν
2875 5299 3211 5370 καθικνεῖται
3251 5299 3463 5382 λοιπὸν,

282 5402 353 5456 α’.
373 5400 562 5465 Δείξας
585 5402 666 5454 6::
690 5399 823 5454 πολὺ
844 5400 1110 5471 χρήσιμον
1124 5399 1184 5451 :6
1205 5400 1673 5467 συγκαταϐαίνειν,
1693 5401 1788 5454 καὶ
1886 5400 2257 5471 αἰνιττόμενος
2286 5403 2367 5455 ὅτι
2400 5400 2558 5453 τοῦτο
2600 5398 2658 5452 :6
2700 5398 2829 5469 παρ’
2853 5398 3029 5451 αὐτῶν
3055 5399 3334 5468 γινόμενον
3367 5410 3460 5455 και

162 5488 289 5549 ὡς
323 5486 481 5539 τοῦτο
529 5487 562 5556 ή
609 5484 752 5554 ἄκρα
780 5484 1075 5554 τελειότης,
1116 5484 1211 5537 καὶ
1256 5484 1337 5538 6::
1376 5484 1536 5549 αὐτὸς
1569 5486 1787 5540 πάντων
1886 5481 2076 5536 δοκοῦν
2109 5480 2246 5538 εἶναι
2277 5483 2632 5552 τελειότητος,
2685 5482 3043 5551 ματαιοπονία
3077 5482 3157 5545 τίς
3195 5483 3312 5536 ἐστι
3358 5502 3460 5538 πε·-

162 5569 377 5627 πλέον
416 5568 549 5638 πρὸς
578 5568 640 5621 :6
667 5568 868 5621 τέλειον
905 5565 1131 5631 ἀναϐὰς,
1159 5566 1358 5636 μᾶλλον
1381 5567 1439 5621 δὲ
1472 5568 1567 5622 καὶ
1602 5569 1787 5639 ὑπερ-
1891 5568 2067 5639 ριττή.
2088 5567 2196 5621 Kal
2219 5568 2279 5621 ού
2304 5567 2453 5634 λέγει
2474 5566 2572 5637 μὲν
2589 5563 2719 5617 αὐτὸ
2746 5564 2887 5618 οὕτω
2912 5565 3115 5631 σαφῶς,
3137 5566 3225 5619 ἵνα
3257 5566 3332 5635 μὴ
3360 5567 3460 5620 ἀπ-

160 5653 317 5714 εὰς
352 5651 483 5705 αὐτὸ
524 5650 602 5720 τῷ
654 5652 726 5721 μὴ
776 5650 1093 5720 λαμϐάνειν,
1134 5650 1349 5704 πάντων
1388 5650 1546 5705 πλέον
1578 5652 1781 5724 κατέϐη
1889 5652 2373 5721 αναισχυντήσωσι·
2398 5649 2465 5703 δι’
2486 5642 2635 5703 ὦνδὲ
2660 5645 3078 5710 κατασκευάζει,
3097 5647 3250 5701 τοῦτο
3270 5646 3451 5718 δηλοῖ·

170 5735 407 5795 πάλιν.
434 5735 525 5791 καὶ
554 5736 824 5805 ἑκατέρων
851 5733 1052 5788 τούτων
1076 5734 1196 5796 τοὺς
1232 5736 1451 5807 καιροὺς
1478 5737 1786 5807 γνωρίμους
1892 5738 1984 5791 καὶ
2010 5736 2177 5792 εἰπὼν
2205 5738 2285 5793 6::
2311 5737 2388 5800 εἰς
2413 5733 2504 5789 τόν
2537 5731 2771 5804 Χριστὸν
2794 5731 3187 5800 ἁμαρτάνουσι,
3218 5731 3310 5787 καὶ
3332 5732 3457 5795 τοὺς
