3826 6216
332 227 444 282 189

321 337 580 406 ἀδελφοὺς
602 334 949 398 ἀπολλύουσι,
978 338 1072 391 καὶ
1097 339 1249 392 οὐδὲν
1275 337 1455 400 αὐτοῖς
1480 334 1669 402 ὄφελος
1691 332 1898 399 γίνεται

321 421 429 474 ἀπὸ
461 423 559 490 τῆς
587 419 844 487 γνώσεως
876 421 971 490 τῆς
996 421 1228 487 τελείας,
1251 422 1362 476 ἐὰν,
1380 419 1455 490 μὴ
1482 418 1671 486 ἀγάπη
1697 417 1916 486 προσῇ,.

323 505 485 559 πάλιν
543 505 634 556 ἑπὶ
669 504 848 556 κοινὸν
889 503 1104 576 ἔρχεται
1148 504 1518 576 παράδειγμα,
1573 499 1669 554 καὶ
1715 499 1897 568 φησίν·

325 585 446 636 Οὐκ
495 581 697 634 οῖδατε
725 581 814 636 ὅτι
847 585 904 636 οἰ
936 583 1007 636 ὲν
1036 583 1263 646 σταδίῳ
1302 581 1638 650 τρέχοντες.
1678 577 1902 642 πάντες

322 665 434 735 μὲν
457 665 800 734 τρέχουσιν,
816 663 903 732 εἷς
917 665 986 719 δὲ
1001 665 1290 734 λαμϐάνει
1307 665 1374 719 τὸ
1393 663 1709 732 ,ϐραϐεῖον;
1735 660 1903 714 Τοῦτο

323 750 380 802 δὲ
407 747 572 814 λέγει.
603 749 702 818 οὐχ
723 749 800 812 ὡς
825 749 919 803 καὶ
949 748 1181 802 ἐνταῦθα
1214 749 1332 811 ἑνὸς
1353 750 1417 801 ἐκ
1443 748 1660 800 πάντων
1695 743 1906 816 μέλλονο

324 848 414 893 τος
455 830 744 894 σώζεσθαι,
801 831 1002 898 ἄπαγε,
1054 832 1168 886 ἀλλ’
1202 831 1279 895 ὡς
1330 829 1526 901 πολλὴν
1584 827 1904 898 ὀφειλόντων

327 914 486 984 ἡμῶν
513 916 840 982 εἰσενεγκεῖν
865 915 963 986 τὴν
988 915 1243 988 σπουδήν.
1271 915 1480 984 ’Ὠσπερ
1505 912 1614 982 γὰρ
1642 913 1758 964 ἐκεῖ
1782 926 1908 962 κατ·

331 998 520 1050 ιόντων
555 997 763 1050 πολλῶν
797 1001 878 1062 εἰς
906 999 969 1051 τὸ
999 998 1239 1057 στάδιον.
1269 997 1329 1052 οὑ
1363 995 1754 1065 στεφανοῦνται
1779 991 1907 1045 πολ.

327 1078 432 1144 λοὶ,
469 1081 582 1132 ἀλλ’
621 1083 700 1144 εἰς
739 1081 836 1135 ἕνα
879 1081 1037 1134 τοῦτο
1079 1081 1446 1152 περιίσταται,
1479 1079 1574 1132 καὶ
1610 1078 1709 1131 οὑκ
1747 1077 1908 1146 ἀρκεῖ

325 1163 389 1215 τὸ
433 1163 678 1216 καθεῖναι
725 1167 803 1228 εἰς
831 1165 922 1217 τὸν
951 1165 1156 1233 ἀγῶνα.
1187 1163 1308 1218 οὔτε
1356 1163 1416 1217 τὸ
1449 1159 1770 1231 ἀλείψασθαι
1813 1161 1908 1213 καὶ

329 1245 611 1298 παλαῖσαι’
643 1246 786 1299 οὕτω
829 1249 921 1300 καὶ
948 1247 1178 1301 ἐνταῦθα
1203 1248 1303 1300 οὑκ
1338 1248 1500 1317 ἀρκεῖ
1525 1246 1586 1298 τὸ
1620 1241 1908 1298 πιστεῦσαι

330 1329 424 1382 καὶ
447 1328 521 1390 ώς
541 1331 733 1400 ἔτυχεν
755 1332 1148 1399 ἀγωνίσασθαι·
1173 1331 1308 1384 ἀλλά
1335 1331 1400 1384 ἂν
1425 1329 1500 1399 μὴ
1519 1327 1664 1381 οὑτω
1689 1327 1910 1398 δράμω-

331 1429 456 1479 μεν,
487 1412 562 1475 ώς
604 1415 766 1483 μέχρι
811 1413 906 1466 τοῦ
949 1415 1136 1477 τέλους
1165 1413 1435 1483 ἀλήπτους
1467 1413 1692 1474 ἑαυτοὺς
1727 1426 1902 1482 παρα-

332 1500 503 1566 σχεῖν,
557 1500 649 1550 καί
685 1500 852 1567 ὲγγὺς
900 1498 1150 1568 γενέσθαι
1191 1498 1285 1551 τοῦ
1316 1496 1593 1567 βραϐεῖον,
1624 1495 1746 1550 οὑδὲ
1777 1497 1911 1566 ἡμῖν

330 1580 486 1634 ἔσται
510 1581 688 1633 πλέον.
715 1583 772 1633 Εἰ
795 1583 902 1654 γὰρ
925 1583 1013 1635 καὶ
1035 1581 1237 1633 τέλειον
1258 1579 1500 1651 νομίζεις
1527 1578 1666 1634 εἶναι
1696 1579 1908 1642 σαυτὸν,

331 1665 488 1732 φησί,
513 1667 652 1717 κατά
681 1664 777 1734 τὴν
801 1665 1019 1732 γνῶσιν,
1049 1665 1163 1718 ἀλλ’
1191 1665 1406 1718 οὐδέπω
1428 1663 1523 1717 τοῦ
1559 1664 1762 1726 παντὸς
1790 1664 1911 1716 ἑπι-

331 1746 500 1817 λήψῃ,
535 1749 669 1818 ὅπερ
697 1750 1064 1818 αἰνιττόμενος
1088 1749 1292 1816 ἔλεγεν·
1333 1746 1486 1819 [τοι]
1523 1747 1686 1800 Οὕτω
1713 1745 1919 1815 τρέχε-·

330 1849 416 1896 τε,
476 1833 576 1884 ἵνα
621 1831 1014 1898 καταλάϐητε.
1045 1833 1160 1886 Οὑκ
1217 1831 1326 1902 ἄρα
1383 1849 1484 1885 που
1528 1830 1916 1898 κατειληφότες

329 1909 493 1982 ἦσαν.
529 1915 640 1968 Καὶ
679 1914 846 1968 εἰπὼν
899 1913 1062 1979 οὕτω,
1115 1916 1208 1968 καὶ
1254 1915 1346 1968 τὸν
1401 1913 1602 1982 τρόπον
1651 1913 1912 1966 διδάσκει·

331 1996 458 2063 Πᾶς
499 1996 568 2050 δὲ
611 2000 642 2051 0'
670 1995 1095 2066 dmwfdpsroc
1134 1996 1329 2050 πάντα
1373 1996 1804 2065 ἐγκρατεύεται.
1849 1994 1916 2048 Τί

333 2083 474 2145 ἐστι,
501 2079 702 2134 Πάντα
726 2097 746 2145 ;
785 2082 918 2150 Οὑχὶ
943 2081 1096 2134 τοῦδε
1131 2081 1228 2152 μὲν
1252 2081 1534 2150 ἀπέχεται,
1567 2080 1623 2131 ἑν
1654 2077 1826 2149 ἑτέρῳ
1860 2077 1917 2131 δὲ

333 2162 754 2234 διαμαρτάνειι,
780 2164 916 2218 ἀλλά
940 2165 1033 2217 καὶ
1059 2163 1522 2236 γαστριμαργίας,
1542 2162 1636 2215 καὶ⁸
1662 2160 1918 2230 λαγνείας

333 2250 429 2301 καὶ
485 2247 676 2318 μέθης,
710 2249 805 2301 καὶ
848 2249 1067 2302 πάντων
1111 2247 1296 2310 ἁπλῶς
1344 2248 1535 2318 κρατεῖ
1568 2245 1676 2298 τῶν
1707 2244 1914 2298 παθῶν.

334 2329 507 2383 Τοῦτο
544 2331 674 2399 γάρ,
710 2331 867 2403 φησὶ,
901 2331 994 2385 καὶ
1023 2330 1247 2384 ἐπὶτῶν
1286 2330 1483 2395 ἔξωθεν
1519 2328 1744 2397 ἀγώνων
1767 2327 1917 2396 γίνεο

335 2429 448 2470 ται.
503 2415 639 2468 Οὐδὲ
692 2416 800 2483 γάρ
847 2415 1065 2485 μεθύειν
1111 2414 1286 2478 ἔξεστι
1338 2416 1450 2477 τοῖς
1494 2411 1918 2482 ἀγωνιζομένοις

335 2499 476 2550 κατά
505 2496 594 2551 τὸν
627 2497 818 2567 καιρὸν
846 2497 944 2568 τῆς
966 2498 1205 2566 ἀγωνίας
1232 2496 1376 2563 οὑδὲ,
1401 2496 1706 2566 πορνεὺειν,
1737 2495 1823 2548 ἵνα
1847 2493 1919 2562 μὴ

337 2581 435 2651 τὴν
465 2581 694 2650 δύναμιν
729 2580 1054 2646 ὲκλύσωσιν,
1086 2581 1200 2636 ἀλλ’
1222 2580 1343 2635 οὑδὲ
1383 2581 1514 2652 περὶ
1533 2579 1662 2632 ἄλλο
1687 2596 1742 2631 τι
1765 2578 1920 2630 οὐδὲν

339 2663 674 2734 ἠσχολῆσθαι
694 2683 708 2696 ·
742 2665 880 2720 ἀλλά
905 2667 1120 2722 πάντων
1147 2667 1370 2728 ἑαυτοὺς
1405 2663 1552 2728 ἅπαξ
1575 2665 1918 2734 ἀποστήσαν-

344 2762 449 2812 τες,
491 2751 605 2812 τοῖς
658 2749 981 2820 γυμνασίοις
1025 2750 1184 2820 μόνον
1223 2747 1597 2819 προσέχουσιν.
1625 2747 1688 2799 Εἰ
1715 2745 1773 2798 δὲ
1803 2745 1922 2799 ἐκεῖ

342 2829 533 2891 ταῦτα.
573 2833 708 2885 ὅπου
750 2833 848 2886 καὶ
883 2833 962 2896 εἰς
990 2833 1084 2886 ἕνα
1112 2834 1141 2884 ό
1180 2831 1464 2900 στέφανος,
1495 2829 1678 2898 πολλῷ
1717 2827 1919 2899 μᾶλλον

339 2915 592 2980 ἐνταῦθα,
617 2917 752 2969 ὅπου
791 2917 886 2970 καὶ
910 2915 1109 2970 πλείων
1135 2918 1168 2986 ἡ
1205 2915 1503 2985 φιλοτιμία.
1532 2914 1668 2968 Οὐδὲ
1701 2913 1810 2984 γὰρ
1839 2907 1922 2974 εἷς

339 2998 367 3052 ὁ
400 2999 832 3068 στεφανούμενος
876 2999 1057 3070 μόνος,
1089 3001 1184 3053 καί⁵
1205 2999 1273 3052 τά
1297 2998 1509 3052 ἔπαθλα
1535 2997 1594 3051 δὲ
1628 2999 1765 3053 πολὺ
1797 2996 1923 3059 τοὺς

339 3081 534 3145 πόνους
559 3084 704 3154 νικᾷ.
727 3082 818 3135 Διὸ
841 3083 934 3135 καί.
959 3083 1326 3154 ἑντρεπτικῶς
1354 3082 1486 3134 αὑτὸ
1517 3081 1698 3153 τίθησι
1725 3081 1920 3148 λέγων·

350 3165 592 3219 Ἐκεῖνοι
621 3165 740 3232 μὲν
763 3164 898 3233 οὖν,
951 3167 1053 3219 ἵνα
1100 3167 1368 3235 φθαρτὸν
1408 3165 1714 3235 στέφανον
1740 3165 1926 3219 λάὄω-

338 3266 460 3302 σιν·
502 3251 671 3319 ἡμεῖς
719 3250 788 3302 δὲ
831 3252 1156 3320 ἄφθαρτον.
1192 3251 1339 3320 Ἐγὼ
1385 3251 1594 3304 τοίνυν
1621 3250 1774 3302 οὕτω
1799 3245 1924 3316 τρέ-

341 3347 445 3400 χω,
465 3336 546 3401 ὡς
573 3338 685 3390 οὐκ
707 3334 966 3402 ἀδήλως.
1010 3335 1304 3406 Ἑντρέψας
1326 3337 1438 3406 γὰρ
1461 3336 1658 3398 αὑτοὺς
1687 3333 1796 3388 ἀπὸ
1818 3333 1926 3388 τῶν

343 3417 564 3484 έξωθεν,
593 3420 688 3472 καὶ
722 3421 916 3472 ἑαυτὸν
949 3421 1025 3482 εἰς
1061 3420 1224 3490 μέσον
1249 3420 1372 3488 ἄγει
1400 3419 1606 3484 λοιπὸν,
1631 3421 1770 3490 ὅπερ
1802 3419 1928 3488 ἀρι-

346 3516 468 3564 στος
499 3501 700 3572 τρόπος
725 3502 1071 3564 διδασκαλίας
1095 3502 1233 3556 ἑστί.
1264 3501 1356 3554 Διὸ
1379 3503 1475 3555 καὶ
1500 3500 1776 3572 πανταχοῦ
1806 3501 1930 3570 φαί-

343 3599 494 3636 νεται
528 3582 684 3637 τοῦτο
708 3585 898 3640 ποιῶν.
931 3585 994 3640 Τί
1023 3586 1081 3638 δέ
1125 3587 1292 3648 ἑστιν,
1322 3587 1444 3640 Οὐκ
1477 3583 1753 3651 ἀδήλως;
1785 3585 1930 3656 Πρὸς

347 3667 548 3720 σκοπόν
599 3684 720 3721 τινα
768 3667 1001 3738 βλέπων,
1054 3670 1242 3738 φησὶν,
1294 3669 1395 3722 οὐκ
1433 3669 1555 3738 εἰκῆ
1599 3670 1694 3722 καὶ
1729 3668 1927 3738 μάτην,

347 3749 599 3820 καθάπερ
637 3752 814 3820 ὑμεῖς.
846 3752 910 3804 Τί
949 3752 1056 3825 γὰρ
1093 3751 1459 3823 ὑμῖνογίνεται
1503 3751 1664 3804 πλέον
1695 3751 1806 3805 ἀπὸ
1833 3751 1931 3804 τοῦ

346 3833 428 3895 εἰς
461 3832 706 3886 εἰδωλεῖα
731 3835 979 3899 εἰσιέναι,
1011 3836 1104 3888 καὶ
1130 3836 1228 3906 τὴν
1253 3835 1562 3906 τελειότητα
1597 3835 1756 3906 δῆθεν
1785 3835 1930 3887 ὲκεί-

346 3933 451 3985 νην
499 3915 934 3982 ὲπιδείκνυσθαι;
973 3919 1155 3972 Οὑδέν.
1206 3918 1345 3971 Ἀλλ’
1374 3920 1474 3972 οὑκ
1515 3917 1626 3987 ἐγὼ
1669 3916 1929 3983 τοιοῦτος,

351 3999 488 4052 ἀλλὰ
521 4000 722 4063 πάντα,
756 4001 899 4074 ἀπερ
927 4001 1089 4064 ποιῶ,
1118 4003 1258 4074 ὑπὲρ
1295 4002 1393 4073 τῆς
1423 4002 1534 4055 τῶν
1565 4001 1793 4073 πλησίον
1823 4017 1930 4054 σω-

351 4083 545 4154 τηρίας
595 4085 751 4137 ποιιῖι·
811 4085 914 4138 κᾶν
968 4085 1279 4156 τελειότητα
1315 4085 1692 4156 ἑπιδείξωμαι,
1731 4085 1799 4138 δι’
1834 4085 1934 4138 αὑ·

352 4166 497 4228 τούς·
549 4167 654 4220 κάν
706 4167 1133 4234 συγκαταϐασιν,
1191 4168 1257 4222 δι’
1303 4168 1520 4232 αὑτούς·
1573 4168 1675 4222 κάν
1710 4168 1933 4240 ὑπερὸῶ

352 4249 559 4320 Πέτρον
593 4252 651 4302 ἑν
679 4249 758 4320 τῷ
787 4251 862 4321 μὴ
897 4250 1218 4321 λαμϐάνειν,
1253 4251 1340 4306 ἵνα
1369 4252 1444 4322 μὴ
1480 4253 1931 4308 σκανδαλισθῶσι·

352 4333 456 4387 κάν
490 4333 716 4386 καταϐῶ
764 4335 926 4388 πλέον
958 4337 1196 4396 πάντων,
1229 4337 1688 4408 περιτεμνόμενος
1714 4344 1808 4392 καὶ
1839 4337 1936 4404 ξυ-

356 4419 617 4488 ρώμενος,
651 4418 736 4470 ἵνα
783 4418 856 4489 μὴ
889 4419 1337 4474 ὑποσκελισθῶσι.
1387 4420 1558 4474 Τοῦτό
1598 4422 1767 4486 ἐστιν,
1810 4425 1934 4478 οὐκ

351 4502 611 4570 ἀδήλως.
643 4505 715 4556 Σὺ
736 4503 791 4557 δὲ
816 4504 904 4558 διὰ
925 4505 978 4557 τί
1000 4505 1197 4568 ἐσθίεις
1223 4507 1282 4558 ἐν
1310 4505 1618 4573 εἰδωλείοις,
1654 4508 1774 4560 εἰπέ
1805 4525 1932 4578 μοι;

365 4587 505 4639 Ἀλλ’
541 4589 642 4640 οὐκ
685 4587 750 4641 ἂν
789 4587 933 4657 ἔχοις
975 4591 1151 4642 εἰπεῖν
1181 4589 1360 4643 αἰτίαν
1401 4588 1624 4660 εὑλογον
1652 4591 1931 4660 οὐδεμίαν.

354 4667 558 4740 Βρῶμα
602 4673 712 4740 γάρ
739 4687 799 4723 σε
828 4672 888 4724 οὑ
925 4671 1220 4742 παρίστησι
1260 4671 1339 4742 τῷ
1370 4671 1519 4742 Θεῷ·
1561 4674 1656 4727 καί⁵
1687 4674 1810 4726 οὑτε
1839 4675 1934 4727 έάν

356 4754 560 4824 φάγῃς,
614 4753 980 4821 περισσεύεις,
1024 4752 1147 4806 οὒτε
1194 4754 1288 4808 ὲάν
1351 4755 1425 4825 μὴ
1462 4755 1662 4827 φάγῃς.
1711 4757 1932 4828 ὑστερῇ.

357 4834 567 4889 Οὐκοῦν
619 4837 805 4899 ἁπλῶς
853 4838 947 4890 καὶ
994 4837 1070 4900 ὡς
1118 4837 1275 4907 ἑτυχε
1331 4838 1564 4908 τρέχεις·
1614 4837 1769 4892 τοῦτο
1828 4841 1938 4911 γάρ

359 4920 528 4978 ἑστιν,
571 4917 845 4984 Ἀδήλως.
887 4921 1056 4974 Οὕτω
1096 4921 1391 4984 πυκτεύω,
1421 4922 1501 4987 ὡς
1525 4923 1636 4976 οὐκ
1674 4923 1819 4989 ἀέρα
1847 4924 1940 4977 δέ-

359 5017 498 5067 ρων.
545 5001 710 5054 Πάλιν
755 5002 816 5054 τὸ
870 5004 969 5056 οὑκ
1019 5003 1143 5074 εἱκῆ
1194 5005 1287 5057 καὶ
1334 5005 1511 5075 μάτην
1549 5005 1934 5075 αἰνιττόμενος,

360 5083 517 5137 τοῦτό
548 5102 730 5155 φησιν·
764 5087 913 5154 Ἐχω
947 5086 1056 5156 γὰρ
1083 5087 1140 5139 ὃν
1166 5087 1374 5158 πλήξω,
1411 5087 1680 5153 τουτέστι,
1705 5089 1796 5142 τὸν
1821 5089 1938 5144 διά-

361 5166 536 5219 θολον·
572 5170 636 5220 συ
664 5168 720 5220 δὲ
745 5169 906 5220 αὑτὸν
940 5170 1002 5221 οὑ
1039 5169 1313 5240 πλήττεις,
1340 5170 1473 5224 ἀλλά
1501 5171 1592 5224 καὶ
1621 5171 1806 5236 ἁπλῶς
1843 5175 1938 5226 ἑκ-

363 5250 511 5320 χέεις
549 5250 745 5304 σαυτοῦ
795 5251 892 5322 τὴν
935 5252 1106 5321 ἰσχύν.
1149 5253 1296 5317 Τέως
1328 5256 1425 5323 μὲν
1469 5251 1560 5309 οὖν
1601 5257 1797 5321 αὐτοὺς
1827 5258 1940 5312 δια-

361 5335 671 5399 σαστάζων,
717 5333 859 5388 οὕτω
909 5335 1092 5405 φησίν.
1149 5335 1365 5407 Ἐπειδὴ
1421 5339 1530 5410 γὰρ
1573 5341 1940 5414 σφοδροτέρως

363 5421 546 5484 αὑτοῖς
585 5419 857 5490 ἐχρήσατο
897 5421 956 5472 ἐν
1009 5422 1119 5498 τοῖς
1157 5420 1483 5491 ἔμπροσθεν,
1529 5423 1687 5477 πάλιν
1718 5426 1939 5497 κατέχει

363 5504 461 5575 τὴν
494 5504 834 5574 ἐπιτίμησιν,
881 5504 959 5574 τῷ
996 5501 1138 5556 τέλει
1177 5503 1271 5556 τοῦ
1308 5504 1468 5573 λόγου
1506 5508 1685 5580 τηρῶν
1714 5511 1810 5572 τὴν
1841 5513 1938 5583 βα,

435 5770 461 5800 ⁸
489 5772 634 5830 Κείς..
661 5772 920 5823 ἀδιατοοιῖ.
969 5771 1121 5834 Εάίιὶ,
1157 5773 1477 5835 διαμαρτάνει.

1021 220 1078 277 S.
1119 218 1403 277 JOANNIS
1440 209 1937 274 CHRYSOSTOIII
1971 210 2291 275 ARCHIEP,
2329 211 2881 270 CONST'ANTINOP.

2003 330 2154 384 θεῖαν
2188 331 2379 400 τομήν.
2423 328 2686 384 Ἐνταῦθα
2712 328 2812 400 μὲν
2851 325 2962 397 γάρ
2989 341 3174 394 φησιν,
3201 322 3285 376 ὅτι
3327 321 3454 390 εἰκῆ
3490 321 3591 374 καὶ

2004 415 2183 483 μάτην
2238 413 2500 467 ποιοῦσιν·
2547 412 2773 484 ὕστερον
2800 411 2859 465 δὲ
2889 409 3177 468 δείκνυσιν.
3213 408 3321 469 ὃτι,
3359 405 3460 458 καὶ
3498 404 3588 458 ἐπ’

2001 496 2206 568 ὀλέθρῳ
2235 497 2412 566 πολλῷ
2439 499 2539 568 τῆς
2567 497 2773 551 ἑαυτῶν
2795 493 3057 564 κεφαλῆς,
3095 493 3190 546 καὶ
3231 493 3317 546 ὅτι
3352 490 3451 543 καὶ
3477 507 3593 558 χω-

2005 580 2090 651 ρὶς
2127 582 2228 650 τῆς
2268 581 2471 653 βλάὄης
2499 581 2608 634 τῶν
2644 581 2912 649 ἀδελφῶν,
2955 579 3076 632 οὺδὲ
3107 577 3260 632 αὑτοὶ
3299 572 3596 628 ἀνεύθυνα

2003 672 2178 726 ταῦτα
2219 672 2546 743 τολμῶντες.
2589 675 2750 728 Ἀλλ’
2797 669 3108 732 ὑπωπιάζω
3147 686 3266 738 μου
3305 666 3376 719 τὸ
3415 663 3597 732 σῶμα

2005 757 2104 810 καὶ
2138 757 2515 828 δουλαγωγῶ,
2544 758 2628 828 μή
2669 773 2794 825 πως
2833 757 3046 822 ἀλλοις
3078 753 3370 820 κηρύξας,
3402 747 3596 812 αὐτὸς

2004 839 2288 909 ἀδόκιμος
2313 841 2560 911 γένωμαι
2596 839 2768 914 [9.02].
2799 838 3064 893 Ἐνταῦθα
3094 837 3336 890 δείκνυσι
3361 831 3459 886 καὶ
3487 829 3600 883 ὑπὸ

2003 923 2300 994 ἐπιθυμίας
2342 924 2578 996 γαστρὸς
2606 913 3006 994 κατεχομένους
3038 921 3134 974 καὶ
3168 918 3424 978 ἀνιέντας
3452 913 3596 982 αὐτῇ

2003 1007 2105 1072 τὰς
2125 1009 2302 1078 ἡνίας.
2343 1010 2438 1062 καὶ
2476 1011 2823 1079 προσχήματι
2865 1007 3202 1076 τελειότητος
3231 1003 3332 1073 τὴν
3363 1013 3601 1069 γαστρι-

2013 1091 2251 1162 μαργίαν
2286 1093 2386 1164 τὴν
2413 1092 2621 1146 ἑαυτῶν
2654 1091 3014 1163 πληροῦντας·
3040 1090 3069 1144 ὃ
3095 1089 3190 1143 καί
3221 1084 3432 1142 ἀνωθεν
3470 1080 3602 1133 ὤδι-

2009 1191 2096 1226 νεν
2123 1175 2316 1238 εἰπεῖν,
2341 1177 2429 1228 ὅτε
2451 1176 2621 1244 ἔλεγε·
2662 1177 2738 1230 Τὰ
2752 1173 3036 1244 βρώματα
3068 1171 3143 1241 τῇ
3168 1170 3392 1236 κοιλίᾳ,
3423 1166 3524 1219 καί
3557 1165 3601 1232 ἡ

2009 1260 2209 1312 κοιλία
2248 1261 2374 1326 τοῖς
2401 1262 2734 1330 βρώμασιν.
2779 1260 2998 1331 Ἐπειδὴ
3038 1257 3149 1329 γάρ
3191 1256 3286 1310 καὶ
3334 1250 3606 1324 πορνείαν

2009 1345 2188 1414 τρυφὴ
2210 1347 2372 1405 ποιεῖ,
2402 1346 2498 1398 καὶ
2521 1345 2960 1417 εἰδωλολατρείαν
2984 1343 3140 1397 τοῦτο
3164 1342 3341 1400 ἔτεκε,
3368 1336 3605 1397 εἰκότως

2013 1427 2280 1498 πολλαχοῦ
2307 1429 2640 1483 καθικνεῖται
2666 1429 2760 1483 τοῦ
2782 1430 3109 1499 νοσήματος·
3128 1425 3224 1479 καὶ
3251 1422 3474 1483 δεικνὺς
3499 1420 3604 1471 ὅσα

2013 1511 2179 1566 ἔπαθε
2209 1512 2295 1565 διὰ
2331 1512 2392 1566 τὸ
2427 1513 2762 1583 εὐαγγέλιον,
2800 1515 2894 1567 καὶ
2915 1512 3076 1566 τοῦτο
3108 1509 3226 1580 μετ’
3255 1506 3488 1560 ἑκείνων
3513 1502 3600 1554 τί-

2015 1593 2188 1664 θησιν.
2225 1596 2433 1668 Ὥσπερ
2456 1597 2583 1668 γὰρ,
2615 1600 2800 1668 φησὶν,
2841 1595 3112 1668 ὑπερέϐην
3135 1594 3205 1646 τα
3228 1588 3601 1662 προστάγμα-

2012 1693 2101 1741 τα,
2129 1680 2220 1732 καὶ
2253 1679 2427 1732 ταῦτα
2460 1681 2519 1733 οὑ
2547 1679 2749 1749 κούφου
2791 1695 2880 1750 μοι
2914 1678 3010 1731 τοῦ
3050 1678 3375 1749 πράγματος
3415 1671 3600 1733 ὄντος·

2015 1762 2256 1834 καὶγὰρ,
2281 1763 2485 1817 Πάντα
2509 1765 2823 1834 στέγομεν,
2849 1762 3035 1834 φησιν·
3061 1761 3201 1814 οὑτω
3230 1759 3325 1813 καὶ
3360 1754 3608 1810 ἐνταῦθα

2016 1847 2182 1900 πολὺν
2218 1849 2474 1916 ὑπομένω
2507 1849 2689 1914 πόνον,
2717 1848 2857 1904 ὥστε
2902 1847 3192 1917 σωφρόνως
3230 1844 3351 1914 ζῇνο
3389 1842 3452 1894 Εἰ
3493 1837 3611 1908 τδρ

2017 1931 2113 1986 καί
2134 1931 2441 1997 δυσένδοτος
2470 1935 2503 2004 ἡ
2538 1932 2799 2003 ἑπιθυμία
2826 1932 2920 1985 καὶ
2942 1933 2975 2000 ἠ
3007 1929 3107 1999 τῆς
3131 1927 3368 1997 γαστρὸς
3393 1941 3608 1994 τυραν-

2015 2017 2120 2079 νὶς,
2175 2014 2293 2068 ἀλλ’
2340 2017 2488 2087 ὅμως
2541 2016 2710 2087 αὑτὴν
2758 2014 2994 2086 χαλινῶ,
3043 2013 3138 2067 καί.
3187 2011 3288 2065 οὑκ
3344 2007 3611 2075 ὲνδίδωμι

2017 2098 2251 2169 ἐμαυτὸν
2287 2099 2366 2169 τῷ
2391 2099 2573 2164 πάθει,
2601 2097 2738 2153 ἀλλά
2761 2099 2939 2154 πάντα
2963 2096 3220 2166 ὑπομένω
3245 2094 3425 2159 πόνον,
3454 2092 3612 2146 ὥστε

2020 2185 2096 2256 μὴ
2124 2185 2528 2256 παμσυρῆναι.

2091 2269 2253 2339 β⁸.Μὴ
2270 2270 2379 2340 γὰρ
2389 2267 2453 2338 δὴ
2469 2268 2729 2338 νομίσητε
2751 2266 2938 2340 ἀπραγ
2945 2265 3118 2336 μόνως
3133 2280 3200 2332 με
3213 2260 3385 2316 ταῦτα
3398 2273 3616 2326 κατορ-

2020 2353 2166 2408 θοῦν.
2188 2353 2298 2407 κάὶ
2315 2353 2422 2422 γὰρ
2439 2351 2634 2422 δρόμος
2657 2351 2773 2406 ἑστὶ
2794 2349 2889 2405 καί.
2911 2345 3246 2419 παγκράτιον
3267 2346 3360 2398 καὶ
3379 2344 3617 2412 φύσεως

2018 2438 2292 2508 τυραννὶς,
2315 2435 2808 2506 κατεξανισταμένη
2833 2433 3066 2504 συνεχῶς
3089 2432 3181 2485 καὶ
3201 2425 3614 2497 ἐλευθεριάζειν

2023 2519 2343 2590 βουλομένη·
2379 2519 2496 2573 ἀλλ’
2530 2521 2629 2572 οὑκ
2655 2519 2936 2588 ἀνέχομαι,
2963 2515 3097 2571 ἀλλά
3129 2511 3478 2568 καταστέλλω
3511 2509 3615 2561 καὶ

2020 2604 2302 2656 ὑποτάττω
2344 2603 2484 2673 μετὰ
2526 2602 2736 2656 πολλῶν
2773 2602 2883 2655 τῶν
2927 2599 3164 2672 ἱδρώτων
3192 2598 3378 2663 αὑτήν.
3409 2591 3619 2646 Ταῦτα

2019 2688 2078 2741 δὲ
2107 2687 2275 2755 λέγει,
2323 2687 2410 2740 ῐνα
2453 2686 2636 2756 μηδεὶς
2670 2683 3020 2755 ἀπογινώσκει
3065 2683 3172 2736 τῶν
3213 2681 3351 2750 ὑπὲρ
3395 2676 3618 2749 ἀρετῆς

2020 2772 2270 2841 ἀγώνων,
2332 2771 2519 2842 ἐπειδὴ
2573 2771 2634 2824 τὸ
2692 2772 2923 2840 πρᾶγμα
2972 2769 3254 2822 ἐπίπονον·
3288 2765 3366 2818 διό
3410 2779 3618 2832 φησιν,

2035 2853 2373 2915 Ὑπωπιάζω
2423 2855 2520 2908 καί
2557 2853 2932 2925 δουλαγωγῶ.
2968 2855 3083 2908 οὑκ
3123 2848 3297 2917 εἷπεν,
3341 2846 3614 2919 ’Δναιρῶο

2021 2941 2168 3004 οὑδὲ,
2197 2940 2426 3004 Κολάζω
2455 2941 2482 2981 δ
2506 2957 2520 2971 ·
2548 2938 2668 2993 οὑδὲ
2695 2941 2804 3010 γάρ
2833 2938 3004 3009 ἐχθρά
3036 2939 3070 3008 ὴ
3097 2936 3254 3009 σάρξ·
3287 2934 3422 2995 ἀλλ’,
3456 2932 3618 2984 ’Υπ-

2023 3022 2249 3085 ωπιάζω
2293 3024 2390 3076 καί
2435 3022 2813 3093 δουλαγωγῶ,
2846 3023 2875 3076 ὃ
2901 3023 3161 3076 δεσπότου
3199 3019 3367 3084 ἐστὶν,
3409 3017 3471 3071 οὑ
3509 3032 3617 3068 1:0-

2023 3108 2233 3179 λεμίου·
2279 3109 2622 3170 διδασκάλου,
2671 3107 2772 3161 οὑκ
2825 3106 3040 3179 ἐχθροῦ·
3091 3103 3462 3173 παιδοτρίϐου,
3507 3101 3618 3154 οὐκ

2025 3192 2289 3246 ἑναντίου.
2327 3191 2421 3258 Μή
2464 3207 2588 3257 πως
2620 3191 2832 3257 ἀλλοις
2860 3191 3148 3259 κηρύξας,
3179 3187 3361 3254 αὐτὸς
3399 3185 3619 3240 ἀδόκι-

2021 3297 2136 3348 μος
2169 3276 2442 3348 γένωμαι.
2480 3277 2542 3329 Εἰ
2573 3276 2632 3328 δὲ
2665 3276 2876 3339 Παῦλος
2909 3275 3070 3328 τοῦτο
3096 3273 3334 3327 δέδοικεν
3358 3273 3389 3325 ό
3417 3270 3620 3323 τοσού-

2025 3380 2152 3427 τους
2179 3361 2398 3426 διδάξας
2418 3401 2433 3423 ,
2483 3361 2579 3413 καί.
2607 3361 2812 3413 δέδοικε
2847 3359 2984 3430 μετά
3014 3359 3074 3412 τὸ
3106 3356 3342 3429 κηρῦξαι
3386 3356 3478 3408 καί
3512 3371 3620 3422 γε-

2027 3447 2217 3501 νέσθαι
2253 3446 2508 3516 ἄγγελος,
2539 3446 2754 3514 καὶτῆς
2777 3445 3100 3514 οἰκουμένης
3135 3443 3236 3512 τὴν
3271 3439 3620 3512 προστασίαν

2029 3529 2350 3597 δέξασθαιο,
2387 3530 2439 3582 τί
2479 3529 2546 3582 ἂν
2572 3530 2822 3598 εἴποιμεν
2851 3528 3046 3599 ἡμεῖς
3074 3525 3165 3596 Μὴ
3201 3522 3312 3594 γὰρ
3349 3523 3415 3592 δὴ
3450 3521 3619 3591 vapi-

2033 3630 2183 3684 σητε,
2217 3614 2402 3684 φησὶν,
2436 3612 2624 3682 ἐπειδὴ
2654 3611 3031 3675 ἐπιστεύσατε,
3059 3610 3140 3662 ὅτι
3159 3608 3320 3678 ἀρκεῖ
3343 3605 3503 3658 τοῦτο
3527 3606 3618 3669 εἰς

2031 3698 2307 3768 σωτηρίαν
2334 3698 2485 3767 ὑμῖν.
2518 3696 2579 3750 Εἰ
2610 3695 2719 3767 γὰρ
2754 3695 2879 3766 ἐμοὶ
2909 3695 2971 3748 τδ
2999 3693 3256 3766 κηρῦξαι,
3287 3692 3348 3744 τὸ
3372 3689 3616 3755 διδάξαι,

2029 3783 2093 3837 τὸ
2126 3781 2353 3853 μυρίους
2379 3782 2775 3853 προσαγαγεῖν,
2809 3779 2910 3833 οὑκ
2941 3780 3102 3850 ἀρκεῖ
3134 3780 3215 3840 εἰς
3231 3775 3534 3845 σωτηρίαν,
3565 3775 3624 3830 ει

2029 3866 2110 3938 μὴ
2137 3868 2233 3920 καὶ
2259 3865 2329 3919 τὰ
2347 3866 2470 3919 κατ’
2491 3865 2729 3935 ἐμαυτὸν
2755 3864 3147 3936 παρασχοίμην
3164 3863 3402 3931 ἀληπτα.
3430 3859 3620 3928 πολλῷ

2035 3949 2236 4021 μᾶλλον
2271 3951 2422 4018 ὑμῖν.
2466 3945 2600 4003 Εἶτα
2637 3951 2722 4018 ἐφ’
2771 3949 2934 4020 ’ἑτερα
2973 3947 3348 4018 ὑποδείγματα
3388 3945 3622 4016 ἔρχεται

2035 4035 2198 4088 πάλιν
2218 4050 2232 4065 ·
2268 4035 2364 4087 καὶ
2395 4031 2587 4104 ὥσπερ
2607 4031 2866 4103 ἀνωτέρω
2903 4029 2973 4084 τὰ
3001 4029 3111 4084 τῶν
3143 4029 3481 4091 ἀποστόλων,
3512 4029 3620 4081 καὶ

2031 4117 2102 4171 τά
2137 4117 2238 4186 τῆς
2263 4116 2451 4186 κοινῆς
2492 4114 2802 4186 συνηθείας,
2835 4115 2929 4168 καὶ
2961 4113 3031 4167 τὰ
3063 4114 3172 4168 τῶν
3199 4113 3392 4186 ἱερέων
3411 4113 3504 4165 καὶ
3535 4111 3617 4164 τά

2033 4200 2231 4254 ἑαυτοῦ
2265 4198 2534 4254 τέθεικεν·
2573 4197 2718 4252 οὑτω
2754 4198 2850 4252 καὶ
2879 4197 3112 4251 ἐνταῦθα
3137 4196 3204 4250 τὰ
3243 4196 3354 4249 τῶν
3407 4194 3612 4264 Ὀλυμ-

2035 4283 2251 4338 πιακῶν
2277 4283 2523 4350 ἀγώνων.
2558 4283 2669 4335 Καὶ
2692 4281 2761 4335 τά
2787 4281 2917 4353 παρ’
2944 4279 3138 4335 ἑαυτοῦ
3163 4280 3298 4346 θεὶς,
3329 4277 3493 4333 πάλιν
3514 4277 3619 4331 ἐπὶ

2033 4367 2133 4431 τὰς
2157 4367 2257 4437 τῆς
2285 4365 2529 4430 Παλαιᾶς
2557 4366 2801 4436 πρόεισιν
2833 4365 3095 4436 ἱστορίας.
3130 4365 3242 4418 Καὶ
3265 4362 3459 4434 ἐπειδὴ
3486 4363 3620 4434 μέλ-

2037 4453 2118 4506 λει
2163 4450 2564 4522 φορτικώτερον
2599 4454 2774 4504 ποιεῖν
2801 4450 2892 4503 τὸν
2923 4449 3081 4518 λόγον
3101 4491 3115 4515 ,
3144 4449 3333 4518 κοινὴν
3378 4451 3618 4503 ποιεῖται

2036 4537 2135 4609 τὴν
2167 4536 2509 4607 παραίνεσιν,
2535 4536 2630 4588 καί.
2653 4535 2713 4588 οὑ
2739 4535 2866 4605 περὶ
2894 4535 3004 4588 τῶν
3024 4534 3405 4606 προκειμένων
3428 4534 3615 4604 μόνον,

2037 4621 2174 4676 ἀλλά
2210 4621 2305 4674 καὶ
2337 4621 2466 4690 περὶ
2507 4619 2722 4672 πάντων
2747 4617 2935 4680 ἁπλῶς
2971 4618 3079 4672 τῶν
3122 4617 3274 4688 παρὰ
3305 4617 3618 4688 Κορινθίοις

2038 4705 2362 4777 νοσημάτων
2385 4703 2708 4772 διαλέγεται.
2739 4702 2846 4756 Καὶ
2878 4703 2969 4755 ἑπί
2996 4703 3093 4772 μὲν
3117 4701 3224 4755 τῶν
3250 4699 3454 4766 ἔξωθεν
3473 4699 3617 4768 ἀγώ-

2038 4805 2168 4843 νων·
2209 4791 2329 4842 Οὐκ
2364 4788 2584 4848 οιδατε,
2617 4788 2780 4858 φησίν
2804 4805 2817 4817 ·
2857 4787 3091 4840 ἐνταῦθα
3123 4785 3203 4848 δὲ,
3245 4789 3328 4840 Οὐ
3361 4785 3516 4840 θέλω
3545 4785 3616 4838 δὲ

2037 4871 2194 4942 ὑμᾶς
2219 4871 2478 4941 ἀγνοεῖν,
2503 4871 2772 4940 ἀδελφοί,
2808 4869 2978 4923 Τοῦτο
3004 4869 3061 4922 δὲ
3087 4869 3261 4938 ἔλεγε,
3285 4869 3504 4934 δεικνὺς
3530 4871 3612 4924 ὅτι

2038 4960 2098 5011 οὑ
2133 4958 2338 5028 σφόδρα
2368 4952 2508 5028 ¹ἦσαν
2549 4956 2721 5009 ταῦτα
2749 4955 3192 5021 πεπαιδευμένοι,
3233 4956 3343 5009 Καὶ
3374 4956 3428 5008 τί
3458 4956 3616 5010 τοῦτό

2040 5042 2206 5108 ἑστιν,
2232 5041 2369 5110 ὅπερ
2387 5041 2450 5093 οὑ
2478 5039 2654 5102 θέλεις
2678 5041 2825 5110 ἡμᾶς
2855 5040 3068 5106 ἀγνοεῖν
3093 5055 3107 5104 ;
3136 5039 3265 5092 Ὀτι
3283 5043 3338 5093 οἰ
3362 5041 3614 5108 πατέρες

2041 5124 2211 5194 ἡμῶν
2240 5124 2482 5190 πάντες.
2515 5125 2698 5194 φησὶν,
2730 5125 2848 5178 ὑπὸ
2879 5123 2993 5190 τὴν
3016 5122 3283 5192 νεφέλην
3304 5120 3488 5193 ἦσαν,
3515 5125 3610 5177 καί

2039 5209 2138 5262 διὰ
2173 5207 2282 5277 τῆς
2319 5207 2639 5274 θαλάσσης
2666 5205 2936 5275 διῆλθον,
2969 5205 3066 5260 καί
3096 5211 3184 5273 εἰς
3211 5207 3318 5260 τὸν
3348 5207 3616 5275 Μωῦσῆγ

2041 5293 2440 5346 ἐϐαπτίσαντο
2469 5291 2541 5344 ἐν
2567 5289 2642 5358 τῇ
2669 5289 2894 5359 νεφέλῃ
2923 5291 3020 5344 καί
3059 5290 3130 5344 ἐν
3168 5289 3243 5358 τῇ
3286 5291 3566 5358 θαλάσσῃ
3589 5308 3606 5322 ·

2040 5377 2141 5431 καὶ
2169 5375 2392 5441 πάντες
2420 5375 2487 5429 τὸ
2513 5375 2658 5428 αὐτὸ
2681 5373 2892 5444 ,βρῶμα
2923 5379 3330 5444 πνευματικὸν
3361 5378 3604 5445 ἔφατον,

2041 5467 2141 5521 καί
2165 5465 2232 5518 τὸ
2255 5463 2401 5519 αὐτὸ
2427 5465 2588 5532 πόμα
2609 5463 3011 5532 πνευματικὸν
3037 5463 3209 5518 ἔπιον
3237 5465 3478 5535 (ἔπινον
3498 5467 3608 5533 τὰρ

2041 5553 2108 5605 ἐκ
2145 5547 2551 5617 πνευματικῆς
2573 5548 3030 5616 ἀκολουθούσης
3059 5547 3297 5617 πέτρας·
3333 5550 3368 5617 ἠ
3400 5549 3470 5602 δὲ
3501 5548 3604 5603 κέ-

2107 5775 2130 5813 δ
2156 5773 2348 5835 Dccral,
2385 5774 2494 5824 οὐδὲ
2515 5773 2718 5831 κολάζω.
2786 5777 2809 5808 θ
2833 5771 3093 5836 legebatur
3126 5774 3447 5834 ἐπιδείξασθαι,
