3826 6216
141 207 225 267 l89‘
1084 197 1150 254 IN
1190 197 1405 256 EPIST.
1449 196 1469 251 I
1531 195 1621 251 AD
1656 191 1812 249 COR.
1852 191 2082 248 IIOMIL.
2124 193 2314 249 XXIII.

136 328 266 382 cisset
298 317 475 383 nobis,
503 314 848 389 perfectionis
877 328 1072 383 nempe
1099 321 1154 368 et
1175 309 1669 383 attemperationis;

134 419 218 488 jam
244 411 355 465 illos
381 411 561 464 acrius
593 409 933 478 perstringit,
960 405 1302 460 subindicans
1325 404 1428 458 hoc
1449 402 1517 456 ab
1546 401 1674 471 ipsis

132 501 456 570 factum,quod
477 499 816 570 perfectionis
835 512 956 553 esse
969 497 1396 560 videtur,vanum
1416 504 1469 549 et
1488 508 1676 564 super—

131 600 264 653 ﬂuum
293 607 412 647 esse
455 592 715 646 laborem.
747 591 931 660 Neque
973 605 1086 645 rem
1132 589 1203 643 ita
1240 588 1385 642 clare
1412 587 1574 651 dicit,
1608 600 1674 639 ne

130 688 456 760 impudentius
493 691 745 756 agerent:
769 700 865 754 per
889 684 976 738 illa
998 691 1173 738 autem
1195 697 1314 750 qua:
1339 679 1547 751 probat,
1576 678 1676 731 hoc

126 781 348 838 ostendit.
378 780 444 835 Et
472 796 591 834 cum
620 773 853 832 dixisset
889 776 1009 830 illos
1035 776 1084 828 in
1114 773 1381 830 Christum
1415 784 1637 842 peccare
1656 809 1672 835 ,

128 888 170 930 et
189 875 366 928 fratres
397 872 654 942 perdere,
679 868 918 938 nihilque
948 867 1069 921 illos
1096 865 1340 920 utilitatis
1375 862 1617 930 accipere
1644 873 1675 912 a

125 965 334 1038 perfecta
364 962 586 1018 scientia
608 1002 624 1026 ,
659 960 759 1014 nisi
788 959 930 1013 adsit
958 957 1154 1012 caritas
1179 973 1194 1021 ;
1227 968 1413 1010 rursus
1437 951 1505 1007 ad
1526 966 1674 1006 com-

123 1072 260 1115 mune
284 1056 583 1125 exemplum
611 1052 758 1107 venit
786 1061 838 1106 et
865 1051 938 1104 ait
964 1068 976 1102 :
1008 1048 1229 1102 Nescitis
1254 1046 1388 1116 quod
1412 1046 1450 1098 ii
1471 1086 1486 1110 ,
1516 1043 1602 1114 qui
1623 1043 1676 1095 in

119 1152 264 1209 stadio
290 1158 530 1213 currunt,
561 1162 732 1201 omnes
757 1145 961 1214 quidem
990 1152 1234 1206 currunt,
1262 1141 1350 1194 sed
1376 1155 1505 1193 unus
1538 1138 1674 1191 acci-

121 1248 184 1317 pit
214 1240 478 1297 braviunt.’
507 1240 616 1294 lloc
645 1248 825 1293 autem
853 1236 1002 1301 dicit,
1027 1250 1131 1289 non
1157 1234 1307 1303 quasi
1334 1233 1417 1288 hic
1447 1244 1584 1284 unus
1611 1244 1678 1282 ex

117 1336 280 1392 multis
310 1334 534 1388 salutem
575 1331 647 1386 sit
691 1337 1157 1398 consequuturos,
1189 1326 1361 1389 absit;
1406 1322 1501 1377 sed
1537 1321 1676 1391 quod

116 1443 203 1482 nos
227 1424 514 1478 debeamus
541 1421 775 1475 studium
801 1418 1058 1473 adhibere
1082 1416 1326 1471 multum.
1359 1413 1508 1469 Sicut
1534 1412 1676 1466 enim

113 1518 180 1574 ibi
207 1517 386 1570 multis
413 1516 466 1568 in
495 1512 724 1567 stadium
752 1509 1233 1573 descendentibus,
1267 1521 1372 1560 non
1411 1518 1678 1558 coronan-

115 1621 189 1664 tur
210 1607 380 1670 multi,
405 1605 499 1660 sed
530 1619 665 1658 unus
693 1603 744 1658 id
773 1601 1106 1671 assequitur;
1147 1614 1247 1653 nec
1266 1596 1462 1651 sufficit
1485 1596 1538 1650 in
1564 1610 1681 1649 cer-

108 1713 273 1755 tamen
301 1697 632 1754 descendere
651 1737 665 1761 ,
698 1709 871 1764 neque
900 1693 1082 1763 inungi
1111 1701 1166 1746 et
1203 1698 1552 1746 concertare:
1605 1687 1678 1741 ita

113 1805 164 1848 et
200 1792 284 1846 hic
310 1805 522 1861 quoque
557 1804 664 1843 non
696 1787 827 1844 satis
856 1796 938 1842 est
966 1783 1282 1848 credidisse,
1311 1793 1367 1838 et
1395 1792 1680 1849 utcumque

105 1887 411 1940 decertasse
437 1898 452 1946 ;
491 1881 585 1936 sed
616 1880 718 1934 nisi
750 1880 820 1933 ita
847 1892 1126 1932 curramus
1155 1884 1212 1929 ut
1243 1890 1408 1944 usque
1433 1873 1486 1928 in
1520 1872 1678 1927 finem

103 1978 400 2045 inculpatos
431 1989 528 2028 nos
559 1971 926 2041 praebeamus,
957 1978 1013 2023 et
1049 1967 1234 2022 bravio
1277 1964 1554 2037 propinqui
1606 1963 1678 2016 si-

98 2084 236 2134 mus,
264 2065 402 2120 nihil
419 2077 797 2132 assequemur.
831 2060 890 2116 Si
915 2061 1057 2114 enim
1091 2068 1143 2113 te
1172 2059 1463 2128 perfectum
1495 2053 1680 2108 existi-

97 2175 246 2223 mas,
297 2158 506 2225 inquit,
555 2153 850 2209 secundum
885 2149 1201 2213 scientiam,
1243 2147 1473 2202 nondum
1508 2155 1681 2199 tamen

95 2261 263 2304 totum
290 2246 550 2316 accipies,
574 2245 624 2298 id
647 2243 788 2314 quod
817 2242 1160 2297 subindicans
1180 2239 1392 2295 diccbat
1415 2255 1428 2292 ε
1461 2239 1547 2292 Sic
1568 2253 1686 2290 cur-

91 2345 187 2395 rite
212 2350 266 2393 ut
298 2337 759 2409 comprehendatis.
809 2333 1053 2388 Nondum
1096 2348 1223 2402 ergo
1260 2327 1682 2399 comprehende-

89 2445 234 2488 rant.
289 2432 364 2485 Et
409 2447 529 2485 cum
576 2430 648 2483 ita
699 2427 958 2493 dixisset,
1006 2427 1223 2480 modum
1273 2424 1435 2479 etiam
1489 2423 1680 2477 docet:

86 2525 178 2579 25.
229 2521 419 2576 Omnis
448 2531 636 2584 autem,
667 2520 753 2584 qui
782 2521 833 2572 in
861 2533 1022 2588 agone
1051 2516 1335 2581 contendit,
1366 2514 1427 2568 ab
1455 2515 1686 2567 omnibus

88 2617 335 2670 abstinet.
375 2613 511 2682 Quid
541 2622 643 2677 est,
677 2613 750 2664 Ab
781 2612 1012 2664 omnibus
1040 2609 1295 2662 abstinet?
1335 2606 1448 2660 Non
1483 2606 1550 2659 ab
1587 2606 1686 2660 hoc

82 2709 315 2779 quidem
349 2705 604 2770 abstinet,
632 2705 685 2758 in
710 2704 815 2757 alio
837 2712 1012 2756 autem
1035 2709 1252 2772 peccat;
1285 2698 1379 2754 sed
1406 2707 1461 2752 et
1486 2713 1514 2752 a
1542 2699 1684 2767 gula,

81 2816 111 2851 a
146 2798 405 2861 lascivia,
427 2798 494 2850 ab
512 2796 788 2861 ebrietate,
815 2805 868 2850 et
895 2795 962 2848 ab
991 2794 1239 2847 omnibus
1265 2792 1407 2846 vitiis
1435 2789 1685 2844 abstinet.

75 2891 216 2945 Nam
255 2891 408 2953 hoc,
444 2887 651 2956 inquit,
694 2885 746 2940 in
778 2886 1015 2940 externis
1054 2898 1265 2954 quoque
1309 2880 1689 2937 certaminibus

76 2986 445 3037 observatur.
478 2979 661 3049 Neque
702 2978 844 3033 enim
876 2976 1202 3032 certantibus
1228 2973 1533 3028 certaminis
1558 2980 1690 3024 tem-

69 3093 214 3147 pore
249 3073 522 3129 inebriari
557 3074 678 3126 licet
703 3086 874 3140 neque
907 3067 1154 3133 scortari,
1186 3082 1252 3121 ne
1282 3065 1424 3120 vires
1446 3065 1687 3127 solvant;

71 3185 264 3240 neque
299 3168 400 3222 alii
434 3167 509 3222 rei
541 3166 770 3234 cuipiam
795 3178 1011 3232 operam
1044 3161 1202 3225 dare;
1234 3160 1327 3215 sed
1354 3158 1421 3213 ab
1445 3157 1692 3212 omnibus
1747 3169 1752 3173 '

65 3276 322 3333 prorsus
351 3258 728 3318 abscedentes,
756 3256 887 3310 solis
913 3253 1203 3326 gymnasiis
1222 3252 1351 3306 dant
1375 3265 1612 3320 operam.
1635 3249 1692 3303 Si

67 3367 270 3408 autem
323 3353 439 3407 illic
469 3351 583 3406 haec
612 3349 744 3404 fiunt
765 3390 781 3414 ,
823 3348 909 3402 ubi
941 3362 1138 3402 corona
1165 3345 1256 3400 uni
1286 3344 1478 3398 datur:
1527 3343 1693 3397 multo

62 3449 262 3519 magis
303 3448 425 3511 hic,
457 3445 546 3500 ubi
579 3444 749 3514 major
777 3453 858 3497 est
888 3442 1122 3511 largitas.
1165 3438 1349 3509 Neque
1374 3439 1515 3493 enim
1557 3453 1692 3491 unus

62 3551 304 3595 tantum
356 3549 444 3593 est
478 3537 567 3607 qui
607 3545 914 3599 coronatur,
955 3542 1010 3587 et
1051 3531 1266 3601 praemia
1297 3531 1508 3584 labores
1539 3530 1694 3598 longe

55 3639 390 3701 superant.
445 3628 678 3696 Ideoque
704 3624 960 3695 pudorem
1007 3624 1267 3677 incutiens
1305 3623 1376 3676 ita
1412 3619 1644 3690 loquitur
1678 3638 1692 3675 :

57 3728 134 3781 Et
165 3725 261 3778 illi
295 3723 516 3794 quidem
542 3730 597 3774 ut
625 3718 998 3789 corruptibilem
1026 3731 1266 3770 coronam
1289 3714 1576 3785 accipiant,
1604 3729 1696 3767 nos

43 3831 248 3874 autem
288 3819 678 3883 incorruptam.
708 3811 802 3866 26.
830 3809 941 3881 Ego
966 3810 1122 3880 igitur
1141 3809 1212 3862 sic
1232 3823 1402 3872 curro,
1433 3823 1532 3859 non
1552 3805 1695 3875 quasi

44 3914 103 3965 in
140 3913 468 3964 incertum.
511 3905 641 3959 Cum
672 3903 791 3957 illos
818 3903 885 3956 ab
914 3900 1149 3955 externis
1178 3898 1380 3968 pudore
1407 3896 1694 3961 affecisset,

40 4020 106 4057 se
136 4014 414 4072 quoque
443 3996 658 4052 demum
688 3995 740 4049 in
773 3993 1004 4049 medium
1032 3991 1268 4054 adducit,
1298 3989 1438 4060 quod
1463 4000 1547 4044 est
1569 3988 1699 4058 opti-

40 4111 181 4148 mus
209 4089 520 4148 doctrina:
544 4086 752 4142 modus.
770 4085 973 4141 Idcirco
998 4084 1193 4152 ubique
1214 4083 1286 4136 ita
1308 4082 1483 4137 facere
1503 4083 1697 4151 depre-

40 4186 386 4242 henditur.
419 4178 558 4248 Quid
590 4177 693 4233 sibi
722 4177 834 4231 vult
858 4185 1062 4230 autem.
1093 4173 1214 4228 Non
1242 4174 1295 4227 in
1318 4173 1599 4226 incertum?
1619 4172 1700 4227 Ad

40 4291 316 4346 scopum
379 4271 672 4343 quemdam
711 4269 937 4339 aspicio,
965 4266 1155 4336 inquit,
1200 4280 1306 4320 non
1344 4263 1539 4319 frustra
1568 4263 1698 4319 etin

40 4383 326 4432 aes-sum,
379 4364 531 4419 sicut
559 4377 675 4416 vos.
706 4360 842 4428 Quid
871 4361 1013 4414 enim
1043 4358 1193 4413 vobis
1221 4356 1448 4426 amplius
1471 4357 1698 4422 accedit,

40 4480 168 4518 :um
231 4462 304 4515 in
365 4456 647 4512 idolOrum
689 4454 881 4521 templa
922 4452 1164 4515 intratis,
1195 4449 1242 4505 si
1284 4451 1427 4504 illam
1469 4458 1703 4504 ostente-

43 4558 100 4610 is
156 4547 664 4624 perfectionem?
711 4545 876 4600 Nihil.
919 4547 987 4598 At
1017 4559 1121 4597 non
1155 4544 1276 4597 talis
1302 4557 1420 4596 sum
1444 4555 1583 4610 ego;
1610 4540 1703 4594 sed

40 4658 475 4720 [uacuasque
519 4639 694 4703 facio,
741 4638 808 4692 ad
845 4637 1069 4691 salutem
1117 4634 1346 4706 proximi
1376 4633 1545 4698 facio;
1594 4633 1706 4687 sive

40 4742 515 4800 terfectionem
545 4732 848 4797 ostendam,
883 4740 1102 4802 propter
1133 4729 1340 4800 ipsum;
1374 4728 1487 4784 sive
1513 4743 1598 4782 me
1623 4737 1706 4780 at-

40 4847 414 4907 cmperem
435 4868 453 4893 ,
486 4837 706 4898 propter
736 4827 907 4895 ipsum
934 4841 949 4891 ;
992 4825 1103 4879 sive
1133 4824 1350 4878 Petrum
1376 4837 1624 4891 superem
1655 4822 1707 4876 in

40 4947 80 4984 ο
120 4924 324 5003 quod
366 4920 518 4975 nihil
539 4919 818 4988 accipiam,
851 4932 916 4970 ne
943 4917 1070 4984 ipsis
1096 4914 1415 4970 offendiculo
1441 4913 1572 4977 sim;
1599 4913 1711 4967 sive

44 5026 152 5076 lus
191 5030 433 5090 quam
463 5026 652 5066 omnes
683 5026 768 5064 tne
793 5009 1064 5063 demisere
1090 5048 1106 5073 ,
1138 5015 1198 5060 ut
1236 5005 1326 5077 qui
1357 5005 1711 5059 circumcidar

40 5129 54 5171 ι
98 5112 458 5172 tondeat,
487 5124 557 5162 ne
586 5105 687 5176 ipsi
711 5104 1141 5173 supplantentur.
1168 5101 1277 5154 Hoc
1304 5108 1387 5154 est
1414 5098 1563 5162 illud,
1591 5097 1713 5152 Non

40 5231 49 5264 ι
93 5213 478 5262 incertum.
510 5199 588 5253 Tu
620 5212 745 5251 vero
775 5211 888 5257 cur,
921 5207 1103 5263 quaeso
1135 5203 1206 5258 te,
1239 5191 1477 5246 comedis
1503 5192 1555 5245 in
1583 5200 1714 5245 tem-

40 5307 104 5357 Io
140 5299 512 5357 idolorum
533 5292 555 5344 ?
574 5290 677 5345 Sed
706 5286 1076 5342 rationabilem
1104 5299 1319 5339 causam
1345 5284 1583 5353 proferre
1608 5299 1713 5338 non

40 5396 256 5450 assis.
328 5383 538 5441 Cibus
589 5380 730 5436 enim
784 5388 836 5431 te
889 5393 992 5430 non
1048 5376 1388 5429 commendat
1452 5375 1600 5438 Deo,
1663 5383 1718 5430 et

40 5503 228 5560 eque
274 5482 345 5537 si
395 5475 703 5537 comedas,
752 5473 871 5542 plus
900 5471 1103 5533 habes;
1144 5483 1316 5538 neque
1344 5468 1389 5522 si
1430 5483 1535 5520 non
1566 5483 1718 5523 com-

40 5588 205 5644 las,
261 5574 534 5632 Initius.
578 5567 796 5622 Frustra
828 5579 956 5632 ergo
987 5573 1041 5615 et
1085 5561 1476 5616 inconsiderate
1504 5561 1717 5618 curris:

40 5691 119 5730 uc
145 5669 379 5729 etaim
431 5661 537 5717 sibi
565 5661 680 5717 vult
707 5657 859 5725 illud,
891 5652 957 5707 In
985 5652 1249 5709 incertum.
1276 5656 1365 5713 Sic
1388 5671 1579 5727 pugno,
1611 5670 1711 5710 non

3258 193 3279 249 1
3291 189 3361 245 90

1781 309 1927 380 quasi
1963 325 2132 364 aerem
2159 310 2444 364 verberam.
2478 309 2685 365 Rursus
2713 310 2842 366 illud
2868 353 2883 376 ,
2933 327 3040 367 non
3070 323 3272 368 temere
3306 328 3363 369 et

1780 399 2193 466 inconsiderate,
2215 401 2560 456 subindicans
2585 402 2685 457 hoc
2709 405 2782 457 ait
2808 423 2820 457 :
2850 403 3019 458 habeo
3039 405 3179 458 enim
3202 421 3364 474 quem

1779 491 1964 546 feriam
1990 533 2006 558 ,
2055 509 2249 563 nempe
2273 495 2541 549 diabolum
2569 512 2584 561 ;
2616 504 2672 549 tu
2699 511 2828 551 vero
2856 496 3029 565 ipsum
3061 513 3166 551 non
3194 497 3321 552 feris
3341 538 3359 564 ,

1779 585 1872 639 sed
1919 586 2060 641 vires
2091 597 2207 641 tuas
2252 598 2452 642 temere
2491 588 2743 643 effundis.
2790 588 3004 643 Interim
3048 590 3169 645 illos
3211 591 3363 660 quasi

1779 676 2080 740 sustinens,
2116 679 2184 731 ita
2215 679 2470 748 loquitur.
2503 680 2638 748 Quia
2667 682 2809 736 enim
2839 683 3212 737 vehementius
3242 683 3365 738 illos

1781 769 2072 826 insectatus
2118 771 2292 826 fuerat
2321 774 2372 826 in
2406 775 2868 843 praecedentibus,
2901 791 3091 830 rursus
3120 777 3366 846 reprimit

1781 860 2204 931 increpationem
2225 903 2240 926 ,
2258 864 2324 918 ad
2346 865 2505 920 tinem
2525 866 2785 920 orationis
2807 867 3123 936 profundam
3153 868 3364 938 plagam

1781 967 2083 1008 reservans.
2118 955 2215 1009 llic
2240 957 2383 1010 enim
2412 960 2486 1010 ait
2514 958 2634 1012 illos
2665 966 2864 1013 temere
2890 969 2943 1014 et
2965 960 3367 1022 inconsiderate

1782 1037 1988 1117 agere;
2031 1058 2214 1116 postea
2259 1050 2526 1117 ostendit,
2559 1051 2698 1119 quod
2739 1053 2897 1104 etiam
2929 1053 2980 1105 in
3011 1067 3252 1121 magnam
3283 1052 3367 1105 sui

1780 1139 1972 1208 capitis
2003 1140 2289 1208 perniciem
2314 1181 2329 1207 ,
2360 1149 2416 1196 et
2451 1141 2591 1211 quod
2633 1151 2826 1212 praeter
2854 1142 3106 1196 damnum
3138 1142 3359 1196 fratrum

1781 1244 1955 1299 neque
1976 1230 2076 1300 ipsi
2098 1231 2253 1301 culpa
2278 1241 2471 1287 vacent
2497 1232 2612 1287 haec
2634 1232 2909 1288 audentes.
2932 1233 3021 1287 27.
3048 1234 3153 1288 Sed
3177 1235 3368 1305 castigo

1781 1335 1966 1388 corpus
1999 1338 2162 1375 meum
2196 1333 2242 1376 et
2285 1323 2337 1376 in
2380 1325 2667 1377 servitutem
2709 1325 2882 1395 redigo
2909 1364 2924 1387 ,
2956 1343 3019 1378 ne
3057 1330 3221 1395 forte,
3254 1342 3366 1378 cum

1783 1413 1901 1467 aliis
1941 1414 2281 1483 prwdicavero
2305 1455 2321 1480 ,
2363 1417 2473 1486 ipse
2499 1417 2742 1487 reprobus
2773 1420 2978 1488 efﬁciar.
3013 1420 3108 1476 llic
3137 1421 3369 1475 ostendit

1782 1521 1876 1559 eos
1924 1515 1980 1561 et
2034 1508 2238 1561 ventris
2285 1509 2540 1577 implendi
2589 1509 2860 1565 desiderio
2906 1512 3115 1575 teneri,
3167 1520 3221 1567 et
3269 1512 3368 1581 ipsi

1784 1597 1963 1652 laxare
2007 1597 2282 1664 habenas,
2326 1609 2380 1654 et
2429 1601 2773 1671 perfectionis
2814 1604 3036 1658 obtentu
3084 1605 3369 1673 ingluviem

1786 1690 2008 1759 implere
2030 1705 2214 1756 suam;
2239 1691 2376 1760 quod
2399 1694 2646 1762 superius
2672 1694 2850 1750 dicere
2875 1695 3222 1764 parturiebat,
3245 1711 3370 1750 cum

1786 1780 1855 1834 ita
1889 1782 2196 1851 loqueretur
2223 1800 2236 1836 :
2285 1783 2436 1837 Esca:
2463 1786 2621 1838 ventri
2642 1826 2657 1850 ,
2689 1795 2733 1840 et
2773 1799 2938 1840 uenter
2967 1789 3092 1840 escis
3123 1786 3140 1857 (
3166 1789 3217 1841 l.
3249 1787 3368 1841 Cor.

1786 1873 1842 1928 6.
1871 1874 1999 1945 15).
2026 1873 2161 1941 Quia
2201 1875 2341 1928 enim
2371 1875 2778 1932 fornicationem
2805 1878 3007 1934 deliciae
3039 1883 3285 1948 pariunt,
3318 1890 3375 1934 et

1786 1965 1889 2020 hoc
1919 1966 2125 2035 peperit
2156 1966 2550 2032 idololatriam;
2580 1970 2700 2037 jure
2731 1985 2874 2039 smpc
2907 1971 3044 2024 hunc
3078 1972 3375 2025 insectatur

1786 2057 2054 2112 morbum.
2106 2058 2167 2111 Et
2212 2073 2333 2112 cum
2382 2060 2712 2114 ostendisset
2756 2071 2952 2129 quanta
3007 2077 3193 2130 passus
3231 2072 3376 2117 esset

1789 2159 2008 2218 propter
2035 2149 2393 2220 evangelium,
2417 2150 2516 2205 hoc
2541 2166 2754 2220 quoque
2783 2153 2933 2221 ponit
2961 2169 3080 2207 cum
3112 2153 3234 2208 illis.
3255 2153 3376 2208 Sic-

1788 2249 1846 2294 ut
1888 2241 2030 2294 enim
2056 2282 2071 2308 ,
2102 2240 2308 2310 inquit,
2341 2241 2586 2296 Mandata
2616 2258 2996 2314 supergressus
3031 2261 3182 2310 sum;
3218 2227 3404 2316 idque.-

1788 2346 1908 2386 cum
1935 2346 2038 2387 non
2071 2333 2189 2389 leve
2220 2334 2350 2388 illud
2381 2336 2647 2404 negotium
2679 2346 2822 2392 esset
2856 2339 3065 2408 (Omnia
3101 2341 3265 2407 enim,
3297 2342 3377 2395 in-

1789 2423 1926 2492 quit,
1954 2424 2281 2492 sustincmus)
2306 2441 2318 2478 :
2350 2425 2420 2478 ita
2449 2435 2503 2481 et
2532 2443 2674 2482 nunc
2699 2427 2924 2482 multum
2957 2431 3196 2484 sustineo
3224 2432 3377 2486 labo—

1789 2531 1903 2571 rem
1931 2557 1948 2580 ,
1997 2527 2056 2570 ut
2103 2527 2468 2588 temperanter
2515 2523 2707 2574 vivam.
2741 2521 2873 2575 Nam
2921 2523 3021 2576 etsi
3068 2540 3172 2577 non
3223 2523 3380 2580 facile

1792 2606 1982 2676 litigari
2032 2619 2209 2677 potest
2238 2625 2357 2663 cunt
2390 2611 2683 2678 cupiditate
2727 2623 2782 2666 et
2826 2615 3027 2667 ventris
3057 2616 3380 2686 tyrannide,

1792 2709 2022 2754 attamen
2049 2701 2218 2770 ipsam
2249 2702 2500 2767 refreno,
2533 2719 2632 2757 nec
2671 2720 2757 2759 me
2799 2706 2847 2759 ei
2890 2706 3030 2760 dedo
3055 2709 3378 2778 aegritudini,

1793 2792 1886 2848 sed
1915 2808 2127 2849 omnem
2159 2795 2325 2850 subeo
2354 2796 2616 2864 laborem,
2648 2809 2704 2851 ut
2731 2813 2798 2854 ne
2828 2801 2896 2854 ab
2925 2802 3010 2855 illa
3040 2803 3340 2858 abstrahar.

1865 2885 1921 2939 2.
1964 2882 2044 2939 Ne
2085 2886 2226 2939 enim
2263 2888 2459 2954 putetis
2488 2903 2574 2942 me
2603 2890 2807 2959 absque
2837 2891 3052 2962 negotio
3092 2893 3194 2947 hoc
3239 2909 3380 2963 prter-

1796 2986 1958 3032 stare.
1981 2976 2111 3030 Nam
2127 2993 2316 3034 cursus
2333 2989 2414 3033 est
2435 2989 2487 3034 et
2509 2981 2684 3034 omnis
2713 2997 2902 3051 pugna:
2921 2999 3089 3053 genus
3103 2994 3156 3040 et
3176 2996 3380 3040 natura:

1799 3068 2036 3138 tyrannis
2060 3066 2370 3138 frequenter
2404 3071 2703 3140 insurgens,
2734 3081 2791 3127 ut
2815 3073 3113 3130 libertatem
3130 3091 3384 3146 assequa-

1798 3169 1883 3214 tur
1912 3177 1925 3212 :
1957 3170 2012 3215 at
2039 3161 2182 3216 illam
2216 3177 2322 3217 non
2364 3161 2480 3218 fero
2506 3205 2521 3230 ,
2569 3165 2664 3220 sed
2709 3182 2934 3222 coerceo
2964 3180 3018 3222 et
3047 3185 3167 3224 cum
3201 3172 3383 3228 multis

1795 3253 2083 3307 sudoribus
2113 3254 2324 3324 subigo.
2348 3255 2473 3309 II'J‘C
2505 3272 2666 3325 porro
2692 3257 2842 3323 dicit,
2866 3269 2922 3313 ut
2949 3277 3106 3315 nemo
3132 3263 3384 3333 desperet

1797 3345 1852 3400 in
1879 3346 2234 3416 suscipiendis
2281 3364 2376 3416 pro
2407 3349 2600 3404 virtute
2645 3353 3046 3419 certaminibus,
3078 3356 3200 3424 quia
3231 3358 3386 3410 labo-

1797 3438 1937 3492 riosa
1964 3453 2050 3492 res
2079 3448 2191 3494 est:
2221 3440 2342 3494 ideo
2369 3441 2462 3506 ait,
2497 3440 2699 3514 Castigo
2748 3453 2792 3496 et
2840 3446 2892 3498 in
2931 3448 3217 3502 servitutem
3261 3450 3386 3504 red-

1796 3530 1900 3600 igo.
1972 3529 2088 3584 Non
2139 3531 2305 3595 dixit,
2373 3531 2605 3598 Occide;
2660 3549 2765 3588 non
2833 3536 2974 3591 etaim
3041 3539 3255 3594 inimica
3301 3550 3388 3596 est

1797 3636 1961 3686 caro;
2007 3622 2124 3688 sed,
2171 3622 2372 3694 Castigo
2398 3634 2443 3678 et
2473 3626 2525 3678 in
2555 3628 2838 3680 servitutem
2863 3630 3071 3700 redigo,
3113 3632 3251 3700 quod
3284 3632 3388 3686 do-

1798 3715 1928 3770 mini
1958 3726 2060 3781 est,
2089 3733 2194 3771 non
2224 3717 2422 3772 inimici
2448 3735 2462 3782 ;
2487 3719 2741 3784 doctoris,
2770 3737 2875 3775 non
2906 3721 3108 3784 hostis;
3139 3724 3390 3795 pa-dotri-

1796 3808 1905 3885 hac,
1937 3824 2044 3863 non
2072 3809 2391 3865 adversarii.
2433 3809 2517 3864 Ne
2555 3815 2687 3881 forte
2715 3829 2830 3866 cum
2859 3814 2976 3867 aliis
3006 3816 3344 3882 praedicarem
3367 3859 3382 3881 ,

1799 3901 1908 3969 ipse
1935 3899 2176 3970 reprobus
2203 3901 2408 3970 eﬁiciar.
2453 3901 2507 3956 Si
2549 3917 2678 3957 vero
2705 3903 2900 3958 Paulus
2938 3906 3039 3960 hoc
3083 3907 3255 3962 timuit
3295 3910 3387 3977 qui

1802 4001 1882 4047 tot
1926 3991 2172 4047 homines
2211 3993 2433 4058 docuit;
2475 4003 2530 4049 et
2571 3996 2745 4050 timuit
2774 4007 3052 4067 postquam
3085 4001 3392 4067 prmdicavit

1803 4093 1856 4140 et
1893 4084 2064 4139 factus
2106 4094 2189 4139 est
2228 4087 2485 4154 angelus,
2535 4089 2803 4158 totiusque
2849 4091 2994 4145 orbis
3041 4095 3395 4161 patrocinium

1803 4176 2057 4246 suscepit,
2087 4176 2213 4246 quid
2249 4192 2344 4232 nos
2370 4177 2709 4233 dixerimus?
2746 4196 2813 4235 ne
2849 4182 3047 4251 putetis
3083 4184 3225 4238 enim
3253 4227 3268 4251 ,
3313 4187 3395 4239 in-

1806 4269 1942 4339 quit,
1984 4269 2108 4338 quia
2154 4269 2478 4334 credidistis,
2521 4271 2624 4326 hoc
2663 4272 2813 4327 vobis
2853 4274 3100 4329 sufficere
3144 4277 3209 4330 ad
3250 4278 3396 4332 salu-

1807 4372 1935 4416 tem.
1980 4363 2034 4416 Si
2076 4363 2222 4416 enim
2249 4365 2376 4416 mihi
2405 4364 2746 4432 praedicasse,
2782 4366 3051 4434 docuisse,
3084 4371 3400 4426 innumeros

1805 4453 2096 4509 adduxisse
2136 4471 2242 4508 non
2287 4455 2417 4509 satis
2457 4465 2542 4510 est
2579 4456 2646 4510 ad
2691 4459 2916 4513 salutem
2944 4500 2959 4523 ,
3010 4461 3110 4514 nisi
3155 4477 3216 4514 ea
3275 4479 3402 4531 quae

1808 4562 1894 4600 me
1919 4553 2162 4616 spectant
2189 4545 2460 4615 inculpata
2492 4546 2758 4615 proferam
2785 4565 2799 4612 ;
2832 4550 3000 4603 multo
3027 4551 3195 4620 magis
3218 4552 3394 4606 vobis.

1811 4636 2012 4691 Deinde
2052 4637 2118 4690 ad
2165 4637 2266 4690 alia
2312 4638 2556 4706 exempla
2604 4639 2973 4708 progreditur;
3016 4650 3070 4694 et
3128 4651 3186 4695 ut
3239 4653 3404 4699 antea

1811 4730 2052 4798 exempla
2084 4728 2260 4799 posuit
2288 4729 2650 4798 apostolorum
2670 4772 2685 4795 ,
2714 4732 3016 4785 communis
3047 4735 3399 4789 consuetudi-

1815 4822 1918 4886 nis,
1949 4823 2310 4886 sacerdotum,
2339 4831 2392 4876 et
2423 4837 2516 4877 sua
2547 4838 2759 4892 quoque
2789 4842 2802 4876 :
2835 4825 2912 4878 sic
2938 4833 2994 4880 et
3035 4843 3175 4882 nunc
3211 4828 3399 4900 Olym-

1817 4914 2053 4984 picorum
2082 4915 2456 4970 certaminum.
2485 4914 2549 4968 Et
2579 4925 2857 4985 postquam
2884 4931 2976 4972 sua
3001 4921 3194 4987 posuit,
3214 4937 3408 4977 rursus

1815 5007 1881 5060 ad
1911 5008 2157 5076 antiquas
2187 5009 2358 5077 pergit
2384 5006 2657 5064 historias.
2687 5009 2753 5063 Et
2781 5011 2903 5080 quia
2934 5013 3180 5082 asperius
3207 5013 3401 5084 loquu-

1819 5106 1969 5155 turus
1997 5108 2098 5160 est,
2129 5113 2469 5152 communem
2498 5100 2622 5153 facit
2649 5099 3065 5156 admonitionem
3089 5144 3106 5168 ,
3137 5120 3309 5175 neque
3334 5106 3408 5161 de

1821 5189 2107 5257 propositis
2133 5198 2335 5243 tantum
2357 5231 2370 5252 ,
2412 5189 2505 5243 sed
2535 5191 2694 5244 etiam
2726 5191 2793 5245 de
2820 5192 3066 5248 omnibus
3094 5193 3403 5250 Corinthio-

1821 5299 1938 5339 rum
1960 5283 2363 5352 argritudinibus
2381 5284 2538 5338 verba
2558 5281 2703 5340 facit.
2725 5285 2787 5338 Et
2803 5285 2870 5339 de
2894 5287 3130 5342 externis
3151 5288 3405 5343 certami-

1824 5376 1997 5438 nihus,
2017 5373 2253 5440 Nescitis,
2272 5376 2440 5444 inquit
2459 5393 2473 5441 ;
2493 5376 2575 5430 hic
2591 5386 2787 5440 autem,
2812 5376 3084 5449 (Cap.10.)
3103 5378 3298 5434 l.Nolo
3313 5397 3408 5433 au-

1825 5478 1920 5522 tem
1943 5484 2028 5522 vos
2044 5468 2299 5538 ignorare,
2318 5471 2519 5539 fratres.
2542 5469 2653 5524 Hoc
2667 5477 2848 5524 autem
2871 5470 3102 5534 dicebat,
3121 5471 3411 5526 ostendens

1826 5562 1971 5630 ipsos
2001 5560 2098 5614 hac
2123 5559 2190 5615 de
2221 5576 2279 5615 re
2307 5577 2410 5616 non
2440 5576 2559 5616 esse
2586 5561 2872 5616 admodum
2903 5563 3158 5618 eruditos.
3195 5563 3262 5617 Et
3281 5563 3408 5630 quid

1828 5663 1910 5710 cst
1939 5652 2105 5722 illud,
2153 5652 2295 5724 quod
2337 5669 2442 5710 non
2487 5653 2564 5708 vis
2604 5668 2703 5709 nos
2729 5653 3015 5725 ignorare?
3067 5653 3214 5720 Quod
3244 5663 3414 5724 patres
