3826 6216
468 221 563 277 ’91

467 333 626 389 nostri
652 346 823 386 omnes
847 372 863 398 ,
906 328 1078 399 inquit
1100 368 1113 387 .
1149 326 1239 382 sub
1269 324 1399 380 nube
1437 327 1669 395 fuerunt,
1697 332 1744 375 et
1785 338 1877 393 per
1910 335 2050 374 mare

465 426 769 481 transierunt
788 442 807 477 :
832 424 887 477 2.
918 433 963 476 et
992 424 1043 475 in
1076 420 1254 491 Moyse
1282 418 1524 487 baptiaati
1549 426 1665 471 sunt
1689 417 1743 469 in
1770 414 1899 469 nube
1923 423 1971 469 et
1997 415 2051 467 in

467 522 599 571 snarl
625 533 642 569 :
681 517 734 572 ὅ.
767 525 813 568 et
848 530 1019 567 omnes
1048 512 1274 567 eamdem
1300 527 1462 565 escam
1488 510 1803 580 spiritualem
1830 507 2049 561 mandu-

464 618 729 672 canerunt,
752 610 804 662 4.
836 616 883 659 et
908 604 1135 660 eumdem
1164 613 1337 673 potum
1362 600 1672 673 spiritualem
1699 600 1926 654 biberunt
1951 597 2054 667 (ὀμ

467 701 644 753 bebant
669 700 802 753 enim
828 699 891 751 de
919 696 1177 765 spirituali
1205 704 1534 763 consequente
1561 709 1646 747 eos
1676 701 1815 759 petra
1849 706 1867 744 :
1909 699 2052 760 petra

465 802 635 844 autem
659 798 767 843 erat
806 787 1035 841 Christus
1066 788 1126 856 ):
1152 787 1206 841 5.
1235 786 1322 839 sed
1369 801 1471 838 non
1518 784 1571 838 in
1616 781 1842 852 pluribus
1878 795 2049 833 eorum

463 881 830 949 lteneplacllum
877 889 950 933 est
1004 878 1132 933 Deo.
1189 879 1256 932 Et
1301 892 1405 948 qua
1453 878 1521 931 de
1560 889 1717 930 causa
1750 872 1864 928 hac
1888 871 2049 925 dicit?

467 970 537 1027 Ut
558 973 824 1038 ostendat,
850 970 993 1041 quod
1018 972 1152 1026 sicut
1176 970 1281 1024 illis
1303 985 1408 1023 non
1437 967 1652 1039 proluit,
1680 965 1819 1035 quod
1844 972 2046 1019 tantum

463 1066 766 1136 acceperint
818 1065 1066 1128 donum;
1122 1064 1194 1118 ita
1242 1078 1416 1132 neque
1464 1061 1530 1117 iis
1578 1059 1852 1130 proderit,
1904 1055 2046 1126 quod

462 1158 723 1228 baptisma
779 1157 1087 1226 acceperint
1138 1166 1193 1210 et
1257 1152 1613 1224 spiritualium
1671 1148 2045 1222 mysteriorum

460 1258 747 1305 consortes
794 1248 1032 1314 fuerint,
1086 1247 1186 1302 nisi
1231 1247 1392 1300 vitam
1436 1253 1578 1297 tanta
1619 1242 1785 1311 gratia
1830 1240 2044 1308 dignam

462 1340 797 1395 exhibeant:
849 1340 1075 1407 ideoque
1114 1336 1328 1392 adducit
1368 1334 1701 1402 baptismatis
1743 1341 1799 1388 et
1840 1342 2041 1401 myste-

461 1434 664 1488 riorum
695 1444 869 1505 typos.
896 1431 1033 1499 Quid
1058 1431 1158 1485 sibi
1189 1430 1298 1483 vult
1325 1429 1475 1492 illud,
1505 1426 1572 1481 In
1603 1426 1781 1496 Moyse
1808 1424 2045 1496 baptizati

460 1525 619 1578 sunt?
659 1524 1114 1592 Quemadmodum
1146 1538 1241 1575 nus
1271 1522 1486 1575 Christo
1513 1518 1796 1574 credentes
1837 1525 1889 1572 et
1930 1516 2045 1586 ejus

459 1617 860 1683 resurrectioui,
888 1617 1241 1686 baptizamur,
1270 1624 1328 1668 ut
1349 1615 1437 1683 qui
1466 1622 1521 1668 et
1540 1613 1639 1683 ipsi
1668 1611 2044 1683 mysteriorum

459 1711 741 1779 participes
781 1708 943 1762 futuri
975 1710 1179 1772 simus;
1213 1707 1553 1775 Baptizamur
1594 1704 1738 1759 enim
1766 1744 1781 1769 ,
1830 1700 2002 1772 inquit
2024 1741 2039 1767 ,

457 1814 555 1869 pro
587 1801 814 1853 mortuis
860 1799 953 1870 (1.
988 1799 1107 1852 Cor.
1140 1797 1411 1867 15.29);
1463 1796 1515 1851 id
1559 1804 1641 1850 est
1668 1836 1682 1859 ,
1728 1793 2043 1864 corporibus

458 1893 655 1946 nostris
682 1910 695 1946 :
726 1893 799 1946 ita
839 1902 894 1946 et
939 1892 1047 1955 illi,
1083 1891 1250 1963 Moysi
1284 1889 1539 1955 ﬁdentes,
1572 1887 1623 1942 id
1653 1895 1769 1951 est,
1798 1885 2042 1940 videntes

457 1984 607 2037 illum
638 1984 871 2054 primum
906 1982 1257 2052 trajicieutem
1286 2023 1302 2047 ,
1331 1982 1444 2035 ausi
1472 1988 1596 2034 sunt
1621 1987 1676 2033 et
1705 1978 1804 2048 ipsi
1831 1990 2042 2046 quoque

457 2076 510 2130 in
539 2090 704 2143 aquas
732 2075 957 2145 ingredi.
985 2074 1090 2129 Sed
1117 2074 1239 2144 quia
1269 2074 1378 2127 vult
1409 2073 1627 2142 figuram
1657 2084 1820 2139 prOpe
1848 2067 2044 2122 verita-

456 2179 564 2224 tem
594 2169 891 2233 adducere,
922 2184 1027 2222 non
1060 2169 1128 2223 ita
1157 2167 1313 2233 dicit,
1348 2165 1441 2220 sed
1470 2164 1708 2220 veritatis
1739 2162 2041 2217 nominibus

454 2264 615 2316 etiam
658 2262 713 2316 in
758 2271 883 2331 typo
926 2277 1050 2314 usus
1088 2269 1189 2314 est.
1231 2261 1295 2313 Et
1334 2258 1434 2313 hoc
1463 2256 1677 2327 quidem
1706 2262 1789 2309 est
1826 2252 2037 2326 symbo-

457 2354 564 2407 lum
595 2353 789 2407 lavacri
817 2368 832 2416 ;
874 2368 995 2422 qua:
1027 2361 1325 2419 sequuntur
1359 2359 1534 2403 autem
1559 2389 1574 2413 ,
1618 2362 1786 2402 sacrae
1818 2358 2035 2399 mensae.

461 2444 529 2499 Ut
572 2443 716 2499 enim
764 2452 819 2497 tu
862 2458 1059 2512 corpus
1091 2443 1421 2496 Dominicum
1450 2439 1689 2495 comedis
1716 2479 1731 2502 ,
1779 2437 1857 2492 sic
1885 2444 1939 2491 et
1965 2436 2037 2490 illi

456 2552 688 2602 manna;
731 2546 787 2591 et
826 2545 884 2589 ut
924 2546 978 2589 tu
1019 2535 1330 2602 sanguinem
1366 2533 1537 2596 bibis,
1567 2533 1637 2585 ita
1672 2540 1727 2585 et
1751 2531 1821 2585 illi
1847 2544 2038 2600 aquam

453 2630 523 2683 de
560 2638 731 2700 petra.
778 2628 1001 2683 Etiamsi
1034 2630 1177 2683 enim
1218 2626 1434 2683 sensilia
1475 2635 1653 2681 essent
1690 2624 1776 2679 illa
1806 2639 1925 2693 qua:
1954 2624 2041 2678 tie-

454 2720 615 2780 baut.
657 2730 711 2773 at
739 2721 1088 2788 spiritualiter
1128 2719 1542 2790 praebebantur,
1590 2733 1694 2771 non
1741 2716 2038 2771 secundum

458 2822 662 2865 uatum:
701 2812 1164 2880 consequentiam,
1194 2809 1287 2864 sed
1330 2825 1396 2864 ex
1439 2808 1567 2863 doni
1596 2808 1807 2879 gratia;
1840 2816 2038 2861 etcum

452 2918 679 2972 corpore
708 2903 942 2956 animam
972 2917 1185 2972 quoque
1212 2902 1517 2957 nutriebant
1541 2942 1557 2967 ,
1584 2901 1650 2955 ad
1680 2900 1839 2955 iidem
1880 2899 2038 2954 indu-

450 2995 650 3050 centia.
697 2993 819 3048 Ideo
862 2994 932 3049 de
974 2994 1095 3048 cibo
1125 2993 1339 3062 quidem
1371 2992 1500 3047 nihil
1543 2992 1714 3057 dixit;
1744 3000 1860 3047 erat
1895 2993 2038 3046 enim

454 3096 707 3149 mutatus,
733 3100 838 3140 non
869 3096 1073 3141 tantum
1096 3086 1274 3149 modo.
1304 3085 1396 3141 sed
1420 3085 1579 3140 etiam
1604 3094 1819 3148 natura;
1846 3098 2038 3139 manna

450 3179 648 3247 quippe
676 3187 828 3241 erat;
875 3178 942 3232 de
970 3189 1100 3249 potu
1138 3192 1265 3231 vero
1286 3218 1299 3240 ,
1338 3178 1461 3248 quia
1492 3176 1651 3231 dandi
1679 3176 1868 3230 modus
1893 3175 2041 3231 solus

451 3280 648 3340 praeter
676 3271 980 3338 opinionem
1012 3279 1148 3335 erat,
1180 3268 1340 3324 etiam
1382 3269 1693 3338 probatione
1716 3283 1850 3340 opus
1878 3267 2042 3322 babe-

456 3364 583 3415 hat:
628 3361 749 3415 ideo
787 3376 908 3415 cum
952 3360 1203 3423 dixissvt,
1235 3358 1485 3413 Euntdent
1515 3369 1689 3430 potum
1724 3358 2039 3429 spiritualem

463 3454 691 3509 biberunt
716 3494 731 3517 ,
771 3453 1045 3523 snbjunxit
1068 3468 1083 3519 ;
1114 3451 1358 3507 Bibebant
1384 3454 1515 3507 enim
1538 3469 1608 3508 ea:
1632 3454 1888 3525 spirituali
1913 3470 2038 3508 eon-

453 3555 690 3613 seqttente
731 3555 913 3613 petra;
942 3555 995 3599 et
1038 3544 1273 3607 addidit,
1325 3543 1481 3599 Petra
1528 3555 1695 3598 autem
1736 3554 1843 3599 erat
1888 3544 2041 3600 Chri-

454 3646 583 3690 stus.
615 3635 730 3689 Non
771 3636 915 3691 enim
958 3645 1123 3704 petra:
1165 3646 1354 3691 natura
1391 3651 1581 3706 aquam
1612 3638 1925 3705 emittebat,
1954 3639 2041 3692 iu-

452 3728 599 3799 quit,
652 3727 883 3798 alioquin
933 3739 1111 3783 autem
1159 3738 1315 3783 antea
1368 3729 1739 3794 scaturiisset;
1799 3729 1893 3784 sed
1939 3729 2039 3785 alia

458 3819 703 3886 quaedam
734 3829 881 3889 petra
914 3819 1203 3889 spiritualis
1237 3820 1339 3874 hoc
1366 3830 1534 3875 totum
1562 3820 1826 3887 faciebat;
1856 3821 1907 3875 id
1934 3831 2039 3889 est,

453 3911 705 3966 Christus
730 3952 744 3971 ,
792 3909 880 3979 qui
910 3925 1124 3979 semper
1163 3912 1290 3981 ipsis
1327 3926 1565 3982 praesens
1598 3920 1748 3979 erat,
1780 3921 1835 3968 et
1862 3913 2038 3968 omnia

454 4002 773 4057 mirabiliter
817 4003 1159 4071 aperabatur.
1209 4002 1335 4058 Ideo
1367 4019 1599 4074 namque
1637 4004 1803 4072 dicit,
1849 4004 2037 4061 Conse-

453 4108 656 4168 quente.
721 4096 969 4151 Vidistin’
1010 4096 1162 4151 Pauli
1207 4097 1525 4167 sapientiam
1551 4138 1567 4163 ,
1611 4098 1879 4168 quomodo
1916 4115 2038 4153 cum

452 4190 690 4244 ostendit
749 4200 1034 4259 utrumque
1073 4189 1538 4260 suppeditavisse,
1588 4201 1644 4246 et
1689 4190 1789 4247 hac
1834 4193 2041 4249 ratione

454 4293 638 4355 typum
667 4298 834 4353 prope
860 4285 1138 4339 veritatem
1166 4284 1426 4339 adduxit?
1445 4284 1544 4353 Qui
1565 4286 1707 4341 enim
1738 4285 1823 4340 illa
1847 4286 2037 4356 inquit,

452 4376 583 4445 ipsis
606 4374 1002 4445 suppeditavit;
1046 4376 1131 4430 hic
1154 4376 1266 4446 ipse
1301 4375 1436 4430 hanc
1458 4376 1735 4446 apparavit
1766 4392 2036 4433 mensam:

449 4478 505 4523 et
565 4468 703 4523 idem
750 4468 864 4538 ipse
920 4468 1041 4523 illos
1097 4484 1195 4539 per
1237 4483 1422 4536 mare,
1472 4480 1524 4523 te
1574 4485 1667 4538 per
1714 4470 2036 4541 baptismum

449 4558 640 4621 duxit;
681 4559 893 4630 illisque
921 4575 1116 4614 manna
1145 4570 1199 4615 et
1227 4576 1457 4630 aquam,
1486 4560 1581 4615 tibi
1607 4577 1802 4631 corpus
1827 4572 1883 4617 et
1910 4579 2038 4617 san-

450 4653 665 4721 guinem
693 4653 939 4722 praebuit.
989 4654 1057 4707 Et
1102 4653 1227 4708 talia
1266 4662 1392 4707 sunt
1427 4668 1490 4707 ea
1527 4669 1647 4724 qua:
1683 4654 1883 4708 donum
1923 4656 2039 4725 ejus

453 4753 717 4810 spectant.
749 4744 1044 4800 Videamus
1071 4760 1203 4800 vero
1228 4745 1388 4800 etiam
1416 4748 1695 4815 sequentia
1720 4784 1737 4809 ,
1783 4755 1837 4799 et
1862 4748 2040 4801 consi-

453 4836 703 4891 detemus
744 4852 811 4890 an
832 4879 847 4903 ,
878 4853 1000 4893 cum
1031 4838 1175 4894 dono
1206 4837 1408 4908 indigni
1439 4837 1540 4891 visi
1564 4846 1744 4892 essent
1770 4838 1878 4904 illi,
1911 4839 2039 4909 ipsis

458 4929 777 4998 pepercerit.
811 4931 879 4985 At
910 4930 1014 4985 hoc
1042 4931 1223 4987 dicere
1253 4946 1358 4985 non
1390 4930 1599 5001 possis:
1632 4931 1752 4987 ideo
1776 4930 2036 4988 subdidit:

456 5021 563 5076 Sed
594 5039 694 5076 non
724 5024 776 5076 in
806 5024 1033 5092 pluribus
1059 5042 1231 5079 eorum
1260 5024 1627 5095 beneplacitum
1654 5035 1729 5080 est
1767 5022 1905 5094 Deo,
1937 5026 2038 5082 etsi

458 5124 608 5169 tanto
646 5114 768 5168 illos
806 5114 1012 5170 honore
1055 5116 1304 5187 dignatus
1342 5124 1446 5172 est.
1496 5116 1567 5171 At
1610 5115 1744 5170 nihil
1788 5114 1889 5172 hoc
1933 5117 2038 5173 illis

458 5205 698 5276 profuit;
745 5205 839 5260 sed
885 5206 1067 5275 plures
1108 5222 1173 5261 ex
1216 5208 1281 5261 iis
1328 5209 1621 5278 perierunt.
1662 5208 1820 5278 Atqui
1840 5223 2036 5285 omnes

456 5298 705 5368 periere;
759 5314 827 5353 ne
874 5306 1054 5353 autem
1101 5298 1341 5353 videatur
1380 5301 1483 5354 illis
1521 5308 1816 5355 extremam
1862 5301 2035 5371 perni-

451 5392 593 5447 ciem
623 5390 966 5461 pr0phctare,
998 5389 1119 5446 ideo
1144 5392 1298 5456 dixit,
1327 5392 1517 5462 plures.
1563 5392 1725 5463 Atqui
1759 5402 1915 5449 erant
1948 5394 2034 5448 in-

452 5482 843 5549 numerabiles,
878 5480 973 5537 sed
1006 5481 1135 5537 nihil
1165 5482 1363 5553 profuit
1394 5482 1677 5539 multitudo
1704 5499 1719 5538 :
1749 5483 2034 5554 omniaque

451 5576 544 5634 illa
588 5585 744 5633 erant
784 5577 987 5632 amoris
1019 5577 1209 5633 indicia
1236 5594 1251 5643 ;
1283 5576 1378 5633 sed
1412 5592 1583 5648 neque
1623 5577 1724 5633 hoc
1753 5577 1881 5647 ipsis
1907 5591 2032 5647 pro-

452 5666 547 5724 luit
572 5710 589 5737 ,
634 5668 884 5741 quoniam
914 5685 1035 5743 qua:
1072 5670 1271 5727 amoris
1314 5678 1465 5727 erant
1509 5682 1616 5724 non
1646 5666 2024 5741 rependerant.

1234 209 1295 267 S.
1333 206 1611 266 JOANNIS
1647 201 2115 263 CHRYSOSTOMI
2155 201 2469 261 ARCIIIEP.
2508 205 3041 267 CONSTANTINOP.
3620 213 3699 271 l9!

2165 320 2297 388 Quia
2340 322 2483 377 enim
2532 323 2597 379 iis
2633 320 2753 395 qua:
2790 326 2858 381 de
2891 324 3136 397 gebenna
3179 325 3424 381 dicuntur
3448 324 3594 381 multi
3617 347 3700 385 non

2157 411 2423 478 credunt,
2483 424 2671 483 utpote
2725 431 2846 486 qua:
2889 433 2995 472 non
3041 427 3329 487 appareant
3374 433 3475 473 nee
3514 420 3700 474 videas-

2160 512 2282 568 tur;
2324 504 2393 558 ab
2440 506 2504 561 iis
2542 522 2660 575 qua:
2696 507 2807 577 jam
2850 507 2987 563 facta
3032 508 3243 563 inerant
3283 509 3535 570 ostendit.
3566 512 3699 568 Deu-

2158 595 2347 664 puuire
2390 606 2700 665 peccatores
2727 640 2741 663 ,
2774 600 2984 654 etiamsi
3027 601 3320 655 innumeris
3348 601 3471 655 illos
3498 602 3701 659 aﬂecerit

2156 685 2473 743 beneﬁciis:
2507 704 2628 743 nam
2657 690 2711 751 si,
2743 691 2936 746 futuris
2977 708 3081 748 non
3115 694 3368 756 creditis,
3417 695 3617 762 inquit,
3654 699 3701 753 iis

2156 786 2303 832 certe
2331 794 2448 847 qua:
2475 779 2585 848 jam
2618 780 2755 835 facta
2786 792 2911 835 sunt
2940 798 3046 837 non
3080 783 3236 837 ﬁdem
3268 785 3547 855 negabitis.

2228 867 2281 922 5.
2322 867 2671 925 Considerate
2721 886 2851 943 ergo
2893 882 3023 943 quot
3071 874 3326 929 beneﬁcia
3380 876 3483 930 illis
3522 880 3700 947 prasti-

2157 960 2281 1014 terit
2310 962 2413 1016 :ab
2466 962 2699 1035 (Egypto
2747 974 2802 1019 et
2855 981 2884 1018 a
2927 967 3239 1036 captivitate
3282 970 3428 1039 ipsos
3470 970 3697 1033 liberavit,

2155 1068 2301 1108 mare
2330 1056 2537 1122 stravit,
2572 1073 2637 1111 ex
2662 1058 2795 1112 caelo
2825 1074 3018 1113 manna
3045 1060 3281 1125 demisit,
3308 1077 3374 1115 ex
3398 1070 3536 1116 terra
3560 1063 3701 1119 fontes

2152 1160 2407 1215 aquarum
2442 1164 2545 1203 non
2589 1159 2927 1219 exspectatus
2956 1151 3167 1217 emisit;
3202 1153 3333 1222 ipsis
3362 1153 3555 1224 ubique
3592 1171 3701 1224 pra—

2151 1253 2277 1294 scns
2296 1250 2411 1296 erat
2435 1242 2690 1298 miracula
2730 1243 2919 1311 edens,
2948 1254 3002 1300 et
3024 1245 3259 1315 undique
3287 1247 3436 1315 ipsos
3467 1250 3697 1305 muniens.

2152 1332 2399 1387 Attamen
2431 1335 2553 1403 quia
2604 1345 2751 1389 tanto
2777 1336 2920 1390 dono
2961 1336 3179 1407 dignum
3229 1337 3362 1392 nihil
3411 1339 3698 1408 exhibuere,

2150 1440 2256 1482 non
2284 1429 2524 1497 pepercit
2560 1429 2685 1493 illis,
2710 1429 2805 1485 sed
2834 1445 3023 1486 omnes
3046 1430 3298 1501 perdidit.
3328 1430 3473 1485 Nam
3498 1438 3700 1501 prostitui

2148 1527 2287 1585 sunt,
2312 1519 2501 1589 inquit,
2523 1522 2573 1572 in
2591 1519 2819 1585 deserto;
2845 1522 3181 1590 repentinum
3204 1521 3417 1577 illorum
3438 1523 3692 1589 interitum,

2148 1622 2336 1677 pcenas
2364 1618 2419 1664 et
2440 1608 2697 1682 supplicia
2714 1604 2983 1667 ‘divinitus
3010 1612 3244 1668 immissa
3278 1629 3376 1683 per
3404 1613 3509 1668 hoc
3532 1614 3694 1669 dictum

2149 1700 2455 1770 declarans,
2497 1702 2715 1773 etquod
2755 1710 3027 1774 proposita
3059 1707 3274 1775 praemia
3304 1722 3413 1760 non
3446 1708 3553 1762 sint
3574 1723 3694 1763 asse-

2147 1794 2275 1847 cuti.
2308 1794 2489 1865 Neque
2518 1796 2662 1850 euim
2690 1796 2741 1850 in
2767 1806 2905 1852 terra
2932 1798 3305 1867 promissionis
3332 1800 3453 1855 hac
3480 1801 3557 1855 eis
3581 1800 3693 1863 fecit;

2146 1884 2241 1939 sed
2264 1896 2413 1940 extra
2443 1896 2499 1941 et
2527 1886 2714 1957 procul
2742 1887 2809 1942 ab
2838 1888 2924 1943 illa
2953 1889 3193 1959 regione,
3245 1888 3451 1959 duplici
3493 1890 3695 1945 afﬁciens

2146 1977 2430 2046 supplicio,
2451 1987 2506 2033 et
2525 1978 2664 2048 quod
2688 1995 2791 2035 non
2810 1981 3130 2036 concederet
3152 1982 3280 2051 ipsis
3304 1992 3504 2038 terram
3528 1984 3691 2041 videte.

2146 2083 2303 2138 quam
2332 2068 2461 2138 ipsis
2483 2070 2821 2140 promiserat,
2845 2080 2902 2127 et
2925 2070 3063 2142 quod
3086 2073 3233 2143 gravi
3253 2073 3521 2144 supplicio
3534 2074 3694 2129 adeo»

2146 2163 2237 2216 rit.
2268 2161 2334 2216 Et
2358 2163 2483 2232 quid
2514 2163 2649 2229 haec,
2680 2164 2907 2235 inquies,
2936 2165 3001 2220 ad
3034 2166 3173 2220 nos?
3204 2166 3283 2221 Ad
3314 2176 3369 2222 te
3397 2168 3572 2238 utique
3597 2184 3693 2239 spe-

2144 2264 2291 2308 etant
2320 2273 2333 2309 :
2366 2255 2488 2310 ideo
2512 2255 2784 2326 subjunxit
2815 2276 2830 2312 :
2864 2258 2917 2313 6.
2952 2256 3077 2312 Htec
3106 2268 3273 2312 autem
3316 2260 3372 2313 in
3404 2260 3565 2329 ﬁgere
3589 2263 3692 2330 {sas

2143 2357 2260 2402 sunt
2289 2349 2469 2402 nostri.
2501 2348 2649 2404 Sicut
2676 2350 2819 2404 enim
2859 2350 2997 2406 dona
3026 2350 3208 2421 ﬁgurae
3239 2362 3389 2418 sunt,
3422 2353 3493 2407 ita
3519 2368 3692 2424 quoque

2145 2439 2403 2509 supplicia
2454 2440 2637 2510 ligurze
2670 2459 2683 2496 :
2716 2450 2771 2496 et
2796 2441 2933 2496 sicut
2980 2441 3241 2513 baptisma
3271 2452 3327 2498 et
3357 2459 3544 2499 mensa
3577 2446 3690 2513 prius

2144 2530 2606 2601 describebantur,
2636 2533 2707 2589 ita
2751 2534 2803 2588 in
2839 2535 3185 2605 sequentibus
3213 2545 3439 2607 propter
3465 2553 3558 2592 nos
3582 2554 3686 2607 pra:-

2144 2621 2498 2690 signillcatum
2540 2633 2643 2691 est,
2690 2624 2831 2694 quod
2875 2626 2965 2695 qui
2998 2627 3084 2680 tali
3134 2626 3504 2698 douoindigni
3533 2627 3701 2707 (uentu.

2145 2714 2404 2784 supplicio
2450 2714 2718 2771 alliciendi
2767 2716 2894 2781 sint,
2936 2726 2991 2772 ut
3036 2718 3229 2773 talibus
3255 2721 3518 2790 exemplis
3542 2722 3688 2775 moniti

2147 2808 2589 2876 tcmperantiores
2604 2808 2792 2864 simus.
2808 2809 2933 2864 ideo
2948 2809 3148 2865 addidit
3168 2828 3180 2863 :
3208 2809 3276 2865 Ut
3305 2828 3410 2865 non
3434 2812 3580 2867 simus
3597 2828 3691 2866 con-

2146 2901 2454 2970 cupiscentes
2492 2901 2763 2967 malorum,
2817 2904 2942 2958 sicut
2985 2913 3033 2959 et
3057 2905 3134 2959 illi
3172 2907 3549 2976 concupierunt.
3576 2908 3688 2962 εἱσι

2144 2993 2285 3046 enim
2312 2993 2363 3047 in
2400 2992 2673 3049 beneﬁciis
2709 2996 2818 3067 typi
2850 3006 3242 3066 praecesserunt
3290 3008 3345 3053 et
3400 3008 3607 3070 sequuta
3627 3010 3687 3053 est
3786 3054 3787 3075 η

2146 3084 2341 3137 veritas
2371 3102 2384 3139 :
2414 3085 2491 3139 sic
2536 3096 2590 3140 ct
2633 3086 2686 3140 in
2736 3088 3009 3157 suppliciis
3052 3098 3326 3159 sequetur.
3357 3090 3545 3147 Viden‘
3583 3106 3688 3161 quo-

2146 3175 2305 3231 modo
2333 3178 2600 3241 ostendat,
2652 3194 2757 3233 non
2807 3179 2967 3235 modo
2997 3181 3137 3250 quod
3178 3182 3438 3252 puniendi
3479 3184 3593 3248 sint,
3618 3183 3686 3237 sed

2145 3270 2303 3323 etiam
2330 3269 2471 3339 quod
2502 3271 2667 3342 magis
2708 3287 2865 3341 quam
2897 3273 3015 3328 illi?
3040 3273 3170 3328 Nam
3223 3275 3271 3330 si
3326 3276 3467 3331 illud
3514 3276 3685 3347 quidem

2147 3368 2303 3430 typus
2330 3371 2429 3425 est,
2466 3361 2568 3416 hoc
2607 3372 2784 3417 autem
2812 3364 3027 3428 veritas,
3079 3379 3302 3421 necesse
3330 3376 3418 3422 est
3448 3369 3497 3421 in
3522 3366 3685 3436 suppli-

2144 3452 2244 3507 ciis
2273 3468 2521 3523 magnum
2550 3468 2670 3510 esse
2698 3456 2931 3524 culmen,
2956 3467 3010 3511 ut
3041 3458 3200 3513 etiam
3228 3459 3278 3513 in
3306 3459 3487 3517 donis.
3510 3460 3569 3515 Et
3593 3475 3685 3529 per-

2147 3543 2319 3613 pende
2346 3545 2397 3598 in
2432 3561 2689 3615 quosnam
2713 3547 2941 3617 primum
2972 3548 3293 3616 invehatur;
3331 3551 3383 3605 in
3418 3567 3510 3607 eos
3535 3568 3686 3619 nempe

2146 3635 2315 3704 quiin
2346 3636 2561 3706 templis
2601 3636 2863 3692 idolorum
2910 3640 3279 3695 comedebant.
3330 3642 3469 3698 Cum
3506 3644 3685 3696 dixisset
3782 3680 3783 3697 ;

2146 3727 2310 3793 enim,
2362 3726 2447 3782 Ne
2492 3728 2605 3783 sitis
2655 3731 3061 3801 concupiscentes
3099 3733 3367 3800 malorum,
3414 3736 3557 3805 quod
3599 3733 3688 3786 uni-

2145 3819 2354 3875 versale
2382 3828 2517 3886 erat,
2550 3818 2691 3890 quod
2711 3820 2762 3876 in
2785 3824 2965 3890 Specie
2985 3831 3101 3877 erat
3119 3824 3417 3894 subjunxit,
3442 3825 3689 3881 ostendens

2148 3910 2355 3982 singula
2414 3921 2629 3980 peccata
2672 3928 2740 3967 ex
2782 3914 2917 3969 mala
2936 3929 3060 3972 esse
3078 3918 3403 3989 cupiditate;
3428 3930 3482 3974 et
3500 3924 3685 3989 primum

2148 4002 2251 4059 hoc
2276 4003 2448 4059 dixit:
2479 4006 2531 4058 7.
2560 4003 2737 4075 Neque
2759 4006 3043 4061 idololatra:
3065 4008 3345 4079 eﬁiciamini
3369 4012 3501 4064 sicut
3520 4012 3687 4081 quidam

2144 4111 2208 4150 ea:
2246 4096 2372 4165 ipsis
2392 4139 2406 4161 ,
2446 4097 2866 4167 quemadmodum
2904 4100 3146 4169 scriptum
3178 4110 3249 4154 est
3276 4116 3295 4155 :
3323 4101 3475 4156 Sedit
3509 4103 3687 4173 populi:

2146 4186 2457 4241 manducare
2499 4198 2546 4241 et
2591 4189 2774 4251 bibere,
2820 4200 2867 4243 et
2903 4205 3224 4246 surrexerunt
3274 4194 3472 4250 ludere.
3516 4190 3685 4248 Audisti

2144 4279 2416 4348 quomodo
2442 4280 2653 4335 tandem
2695 4281 3001 4338 idololatras
3027 4284 3217 4339 vocet?
3254 4285 3347 4339 sed
3380 4286 3472 4341 hic
3510 4284 3685 4356 quidem

2149 4372 2495 4440 pronuntians
2515 4414 2530 4439 ,
2578 4382 2761 4442 postea
2791 4383 2968 4429 autem
3018 4376 3178 4431 etiam
3212 4378 3467 4447 probans.
3497 4377 3684 4433 Causam

2144 4472 2321 4518 autem
2352 4465 2529 4533 posuit
2560 4466 2631 4520 ob
2651 4482 2809 4537 quam
2838 4468 2905 4521 ad
2934 4482 3147 4523 mensas
3183 4470 3300 4524 illas
3326 4471 3684 4525 occurrebant:

2144 4571 2206 4610 ea
2236 4566 2349 4610 erat
2374 4557 2516 4626 gula.
2540 4558 2876 4629 Quapropter
2894 4575 3015 4615 cum
3038 4560 3288 4627 dixisset,
3320 4561 3404 4616 Ne
3423 4566 3569 4617 simus
3592 4577 3684 4615 τους

2143 4648 2451 4718 cupiscentes
2475 4648 2747 4716 malorum,
2768 4659 2821 4705 et
2834 4649 3143 4717 addidisset,
3177 4650 3260 4707 Ne
3290 4654 3401 4708 sitis
3420 4652 3682 4711 idololatrc.

2144 4740 2365 4811 hujusce
2414 4742 2707 4813 iniquitatis
2732 4758 2946 4799 causam
2989 4746 3198 4815 posuit;
3243 4746 3358 4802 haec
3400 4756 3572 4803 autem
3594 4754 3684 4800 erat

2142 4833 2289 4902 gula.
2312 4832 2458 4888 Sedit
2483 4836 2648 4900 enim,
2678 4834 2870 4904 inquit,
2896 4836 3113 4905 populus
3136 4839 3446 4892 manducare
3464 4848 3510 4892 et
3532 4838 3679 4891 bibere.

2144 4924 2210 4979 Et
2240 4925 2398 4980 linem
2428 4925 2553 4980 inde
2589 4936 2897 4996 sequentem
2922 4927 3087 4991 addit,
3130 4944 3340 4998 nempe,
3378 4928 3683 4985 Surrexersnt

2143 5017 2338 5072 ludere.
2368 5016 2438 5075 Ut
2468 5018 2566 5085 illi,
2602 5018 2797 5089 inquit,
2830 5034 2859 5073 a
2897 5018 3106 5075 deliciis
3134 5022 3201 5076 ad
3245 5021 3581 5078 idololatrian:
3603 5020 3678 5073 de-

2142 5119 2402 5164 venerunt
2433 5125 2447 5162 :
2473 5109 2551 5164 sic
2582 5109 2873 5165 timendum
2900 5120 2982 5165 est
3002 5126 3072 5167 ne
3097 5126 3192 5166 vos
3216 5112 3420 5170 indeeo
3438 5112 3673 5169 decidatis.

2143 5200 2390 5256 Vidistin’
2416 5201 2686 5272 quomodo
2712 5202 2961 5258 ostendat
2981 5203 3146 5260 hosce
3175 5205 3438 5274 perfectos
3464 5206 3563 5261 illis
3583 5216 3676 5259 esse

2141 5294 2599 5367 imperfectiores?
2620 5312 2757 5367 quos
2787 5297 3051 5367 pungebat
3088 5313 3196 5353 non
3226 5314 3292 5353 eo
3330 5300 3518 5364 solum,
3562 5291 3674 5366 quod

2148 5405 2254 5444 non
2280 5389 2635 5454 sustinerent;
2666 5388 2761 5443 sed
2802 5388 2944 5459 quod
2991 5390 3153 5444 etiam
3178 5389 3257 5445 illi
3292 5406 3357 5445 ex
3385 5386 3671 5461 ignorantia.

2137 5481 2232 5536 alii
2247 5498 2310 5537 ex
2334 5480 2564 5553 ingluvie
2585 5491 2865 5551 peccarent
2888 5497 2903 5535 :
2925 5490 2980 5537 et
3000 5482 3207 5537 illorum
3234 5482 3443 5551 quidem
3461 5475 3669 5551 perniciei

2140 5574 2466 5644 punitionem
2495 5571 2577 5626 his
2600 5572 2810 5639 tribuit;
2843 5571 2941 5627 hos
2962 5582 3137 5627 autem
3168 5588 3272 5628 non
3311 5572 3432 5628 sinit
3460 5570 3535 5627 sui
3569 5581 3670 5638 κτα

2144 5667 2248 5725 cati
2278 5682 2490 5725 causam
2538 5665 2736 5723 referre
2783 5666 2834 5722 in
2883 5666 3064 5736 alium,
3087 5666 3182 5723 sed
3210 5676 3265 5724 et
3289 5666 3369 5725 sui
3407 5675 3459 5723 et
3482 5664 3672 5721 aliorum
