3826 6216
69 253 149 309 ίυί
1055 240 1123 296 ιΝ
1161 236 1379 296 EPIST.
1421 234 1444 291 Ι
1506 230 1598 291 AD
1632 228 1794 287 COR.
1837 225 2069 284 IIOMIL.
2106 224 2299 284 XXIII.

66 382 158 434 τρα
181 359 257 431 ἦν
275 364 305 416 ὀ
334 358 633 429 Χριστός)·
659 357 795 413 ἀλλ’
818 357 930 411 οὐκ
955 353 1027 408 ἐν
1052 352 1175 419 τοῖς
1198 351 1476 405 πλείοσιν
1500 346 1609 434 αυ-

65 430 166 504 τῶν
205 430 547 513 ηὐδόκησεν
576 446 609 496 ὁ
653 442 815 507 Θεός.
864 441 975 493 Καὶ
1004 438 1146 500 τίνος
1189 436 1408 498 ἕνεκεν,
1449 430 1608 501 φησὶ,

61 533 215 587 ταῦτα
258 530 437 598 λέγεις
481 527 598 581 Ἵνα
647 525 831 595 δείξῃ,
876 525 958 577 ὅτι
996 521 1186 591 ὥσπερ
1235 518 1476 579 ἐκείνους
1512 514 1614 598 οὐκ

60 618 219 683 ὤνησε
255 592 618 682 τὸγτοσαύτης
650 592 958 662 ἀπολαῦσαι
986 606 1216 676 δωρεᾶς,
1252 601 1424 664 οὕτως
1462 592 1611 671 [205]

57 700 166 755 υύδὲ
196 698 414 760 τούτους
451 698 512 749 τὸ
547 695 920 765 βαπτίσματος
950 692 1133 761 τυχεῖν
1168 688 1263 741 καὶ
1298 685 1614 757 μυστηρίων

58 781 430 851 πνευματικῶν
462 778 801 840 ἀπολαῦσαι,
847 776 894 828 εἰ
940 774 1016 844 μὴ
1064 770 1304 843 μέλλοιεν
1343 769 1488 835 ἀξιον
1514 768 1615 837 τῆς

59 871 267 938 χάριτος
295 862 703 916 ἐπιδείκνυσθαι
735 860 867 930 βίον.
900 857 991 911 Διὸ
1019 858 1113 911 καὶ
1139 857 1264 917 τοὺς
1294 853 1387 907 τοῦ
1423 851 1614 938 βαπτί-

59 934 271 1016 σματος,
302 947 399 1000 καὶ
438 945 565 1009 τοὺς
595 945 703 997 τῶν
760 940 1074 1013 μυστηρίων
1111 937 1351 1010 παράγει
1390 934 1610 997 τύπους.

57 1033 116 1086 Τί
137 1031 190 1084 δέ
220 1032 388 1092 ἐστιν,
422 1032 524 1095 Εἰς
551 1030 661 1081 τὸν
695 1023 963 1093 Μωῦσῆν
986 1023 1421 1085 ἐϐαπτίσαντο;
1464 1016 1612 1072 Καθ-

55 1119 186 1188 άπερ
218 1116 380 1185 ἡμεῖς
402 1112 483 1183 τῷ
510 1110 731 1183 Χριστῷ
761 1107 1155 1169 πιστεύσαντες
1172 1105 1266 1159 καὶ
1286 1106 1353 1174 τῇ
1376 1101 1613 1155 ἀναστά-

56 1217 129 1252 σει
158 1182 332 1249 ”αύτοῦ
356 1236 371 1259 ,
404 1182 808 1265 βαπτιζόμεθα,
846 1192 921 1254 ὡς
958 1190 1052 1243 καὶ
1082 1187 1237 1242 αὑτολ⁸
1279 1186 1388 1238 τῶν
1433 1182 1613 1237 αὐτῶν

53 1280 361 1353 μυστηρίων
390 1278 832 1348 κοινωνήσοντες·
863 1270 1249 1343 Βαπτιζόμεθα
1269 1269 1403 1353 γὰρ,
1427 1267 1610 1353 φησὶν,

49 1350 182 1435 ῦπὲρ
214 1350 321 1419 τῶν
342 1361 572 1433 νεκρῶν,
602 1359 871 1422 τουτέστι,
907 1356 1017 1410 τῶν
1049 1355 1318 1425 σωμάτων
1337 1350 1447 1405 τῶν
1471 1352 1611 1430 ἡμε-

48 1446 394 1520 τέρωνοοῦτω
413 1446 653 1499 κάκεῖνοι
683 1443 1057 1513 θαρρήσαντες
1083 1437 1161 1508 τῷ
1187 1435 1430 1497 Μωῦσεῖ,
1458 1425 1612 1486 τουτο

47 1516 207 1594 ἐστιν,
247 1529 446 1591 ἰδόντες
478 1528 643 1582 αὐτὸν
685 1524 947 1578 διαϐάντα
994 1521 1245 1592 πρῶτον,
1275 1516 1611 1587 κατετόλμη-

49 1632 142 1667 σαν
169 1615 267 1666 καί¹
293 1612 447 1665 αὐτοὶ
468 1609 574 1663 τῶν
601 1609 830 1662 ὑδάτων.
872 1605 1011 1659 Ἀλλ’
1040 1602 1229 1673 ἐπειδὴ
1255 1600 1502 1672 βούλεται
1520 1598 1613 1652 τὸν

45 1699 209 1751 τύπον
241 1696 409 1764 ἐγγὺς
440 1694 541 1763 τῆς
572 1692 830 1762 ἀληθείας
861 1692 1111 1758 ἀγαγεῖν,
1141 1688 1204 1739 ού
1243 1686 1391 1753 λέγει
1418 1684 1609 1748 οὕτως,

46 1781 171 1833 ἀλλά
204 1782 314 1841 τοῖς
340 1779 440 1849 1?};
460 1775 715 1847 ἀληθείας
738 1774 961 1843 ὀνόμασι
987 1771 1250 1842 κέχρηται
1270 1768 1366 1821 καὶ
1394 1767 1486 1819 ἐπὶ
1516 1765 1609 1818 τοῦ

45 1866 235 1918 τύπου.
270 1863 379 1916 Καὶ
410 1860 568 1915 τοῦτο
602 1859 701 1929 μέν
726 1857 821 1911 τοῦ
858 1855 1086 1927 λουτροῦ
1125 1851 1411 1923 σύμϐολον·
1449 1850 1517 1902 τὰ
1555 1849 1612 1902 δέ

45 1947 179 2018 μετά
205 1945 379 1999 ταῦτα
400 1986 415 2007 ,
442 1944 541 2014 τῆς
572 1943 723 2013 ἱερᾶς
754 1940 1054 2012 τραπέζης.
1099 1936 1367 2005 Καθάπερ
1406 1934 1516 2002 γὰρ
1546 1933 1609 2018 συ

45 2033 96 2083 τὸ
141 2029 306 2099 σῶμα
352 2027 553 2089 ἐσθίεις
595 2026 657 2078 τὸ
702 2023 1055 2087 δεσποτικὸν,
1100 2019 1273 2082 οὕτως
1314 2020 1510 2070 ἐκεῖνοι
1553 2014 1616 2068 τὸ

45 2098 241 2183 μάννα·
293 2112 388 2164 καὶ
450 2110 634 2179 ῶσπερ
692 2108 754 2161 σὺ
800 2107 860 2159 τὸ
911 2101 1048 2175 αἷμα
1087 2104 1282 2164 πίνεις,
1333 2099 1474 2153 οὕτω
1522 2098 1618 2151 καὶ

45 2179 241 2249 ἐκεῖνοι
277 2194 423 2265 ὕδωρ
465 2195 529 2245 ἐκ
567 2193 789 2263 πέτρας.
824 2192 886 2243 Et
920 2192 1025 2260 γάρ
1067 2188 1161 2241 καὶ
1190 2183 1423 2254 αἰσθητὰ
1448 2179 1517 2253 ἧν
1549 2181 1617 2235 τὰ

45 2280 323 2349 γινόμενα,
350 2264 486 2332 ἀλλά
511 2274 890 2344 πνευματικῶς
916 2272 1226 2344 παρείχετο,
1250 2269 1309 2324 ού
1336 2268 1480 2321 κατά
1508 2264 1614 2334 φύ-

45 2348 172 2425 iam;
210 2360 557 2421 ἀκολουθίαν,
587 2358 722 2412 ἀλλά
747 2356 886 2410 κατά
909 2356 1117 2424 δωρεᾶς
1143 2353 1325 2426 χάριν,
1351 2350 1447 2405 καὶ
1478 2348 1617 2419 μετά

45 2447 123 2500 τοῦ
183 2445 443 2514 σώματος
482 2443 578 2496 καὶ
635 2441 733 2511 τὴν
788 2439 967 2510 ψυχὴν
1017 2438 1245 2510 ἔτρεφεν
1293 2436 1375 2498 είς
1432 2434 1617 2487 πίστιν

45 2529 328 2595 ενάγοντα.
371 2527 470 2579 Διά
507 2542 590 2577 τοι
620 2524 779 2576 τοῦτο
808 2522 937 2593 περὶ¹
966 2520 1063 2591 μὲν
1101 2520 1199 2590 τῆς
1223 2518 1430 2590 τροφῆς
1464 2515 1616 2570 οὐδὲν

45 2610 187 2664 εἶπεν
212 2628 228 2640 ·
281 2609 659 2679 ἐξηλλαγμένη
698 2607 806 2676 γάρ
837 2601 927 2676 ἦν,
967 2605 1026 2658 οὑ
1073 2602 1152 2673 τῷ
1203 2601 1388 2671 τρόπῳ
1434 2599 1613 2669 μόνον,

45 2696 168 2749 ιλλά
205 2696 308 2748 καὶ
342 2696 405 2764 τῇ
436 2691 630 2761 φύσει·
663 2691 838 2760 μάννα
863 2686 969 2759 γὰρ
990 2682 1076 2757 ἧν·
1102 2685 1197 2738 ἐπὶ
1223 2685 1279 2738 δέ
1304 2683 1398 2737 τοῦ
1428 2681 1615 2748 ποτοῦ,

45 2778 229 2849 ιπειδὴ
260 2779 289 2830 0
310 2776 507 2848 τρόπος
528 2774 628 2843 τῆς
653 2771 914 2843 χορηγίας
947 2770 1104 2839 μόνος
1131 2764 1200 2840 ἦν
1239 2769 1267 2820 ὁ
1292 2765 1613 2849 παράδοξος.

45 2864 123 2915 ιαὶ
152 2847 505 2927 κατασκευῆς
533 2857 730 2926 ἐδεήθη
750 2870 762 2882 ·
799 2853 983 2922 διόπερ
1011 2850 1201 2918 εἰπὼν,
1230 2852 1311 2904 ὅτι
1354 2849 1426 2902 Τὸ
1470 2847 1617 2902 αὐτὸ

45 2954 196 3021 πόμα
237 2950 644 3019 πνευματικὸν
663 2945 855 3011 ἔπιον,
887 2945 1167 3014 ἐπήγαγεν
1187 2958 1202 2973 ·
1233 2943 1482 2994 Ἐπινον
1509 2939 1617 3009 γὰρ

45 3038 93 3089 Fx
128 3030 554 3103 πνευματικῆς
574 3029 1034 3094 ἀκολουθούσης
1059 3025 1298 3094 πέτρας·
1322 3025 1417 3078 καὶ
1446 3039 1617 3094 προσ-

54 3120 238 3191 θηκεν
259 3158 272 3180 ,
327 3117 395 3170 Ἦ
423 3115 489 3168 δὲ
519 3113 704 3181 πέτρα
726 3108 803 3182 ἦν
836 3115 867 3164 ὀ
900 3111 1185 3191 Χριστόςὶ
1204 3110 1277 3162 Ού
1312 3109 1421 3180 γάρ
1463 3106 1619 3179 ήτῆς

45 3189 254 3273 πέτρας
288 3199 447 3269 φύσις
473 3197 535 3249 τὸ
564 3196 707 3267 ὕδωρ
734 3195 884 3264 ἠφίει
904 3235 918 3256 ,
952 3194 1134 3265 φησίν·
1159 3189 1196 3263 ἦ
1230 3193 1338 3262 γὰρ
1369 3194 1434 3247 ἀν
1470 3201 1490 3223 ⁸
1525 3192 1619 3245 καὶ

45 3288 133 3357 πρὸ
157 3284 363 3337 τούτου
388 3282 675 3346 ἀνέϐλυζεν
696 3296 708 3310 ·
736 3280 849 3333 ἀλλ’
879 3278 1039 3349 ἐτέρα
1063 3295 1146 3341 τις
1173 3277 1345 3347 πέτρα
1374 3293 1619 3347 πνευμα-

46 3370 154 3439 ικὴ
186 3369 262 3420 τὸ
286 3369 394 3421 πᾶν
420 3365 725 3436 εἰργάζετο,
754 3362 1054 3425 τουτέστιν,
1082 3364 1109 3414 ό
1129 3361 1360 3433 Χριστὸς
1378 3362 1406 3413 ὁ
1430 3359 1617 3431 παρὼν

46 3454 218 3514 ,ύτοῖς
254 3446 554 3519 πανταχοῦ,
578 3447 674 3501 καὶ
697 3446 875 3500 πάντα
901 3443 1349 3515 θαυματουργῶν.
1380 3444 1478 3496 Διά
1510 3443 1616 3514 γὰρ

46 3534 191 3587 ηοῦτο
229 3529 423 3597 εἶπεν,
476 3528 919 3599 Ἀκολουθούσης.
960 3522 1115 3590 Εἶδες
1155 3526 1367 3580 Παύλου
1403 3528 1615 3596 σοφίαν,

45 3617 145 3678 εὼς
189 3615 481 3685 ἑκατέρων
530 3613 691 3666 αὑτὸν
741 3612 870 3664 ὄντα
926 3610 1160 3681 χορηγὸν
1204 3609 1474 3674 δείκνυσι,
1524 3608 1618 3661 καὶ

49 3701 205 3771 αύτῃ
240 3698 337 3752 τὸν
365 3697 532 3750 τύπον
570 3698 736 3765 ἐγγὺς
767 3696 867 3765 1?};
906 3694 1161 3765 ἀληθείας
1189 3694 1369 3762 ἀγωνς
1415 3693 1473 3745 ὐ
1509 3694 1616 3765 γὰρ

46 3788 221 3837 κεῖνοι
268 3780 563 3852 παρασχὼν
590 3781 847 3841 ἐκείνοις,
873 3778 1070 3849 φησὶν,
1104 3772 1257 3841 οὗτος
1288 3778 1379 3830 καὶ
1416 3776 1619 3847 ταύτην

48 3864 418 3920 ατεσκεύασε
465 3864 563 3933 τήν
597 3862 877 3931 τράπεζαν
897 3877 910 3889 ·
955 3861 1050 3914 καὶ
1079 3863 1108 3913 ό
1141 3860 1305 3924 αὐτὸς
1336 3859 1619 3923 κάκείνους

45 3950 104 4003 ιὰ
125 3952 248 4019 τῆς
278 3947 569 4016 θαλάττης,
597 3946 690 3999 καὶ
714 3945 771 3997 σὲ
792 3944 881 3998 διὰ
909 3943 1002 3997 τοῦ
1026 3944 1401 4015 βαπτίσματος
1420 3944 1615 4014 ήγαγε·

46 4037 157 4087 άκε
171 4034 322 4095 ίνοις
359 4032 533 4103 μάννα
572 4030 669 4085 καὶ
707 4028 870 4099 ὕδωρ,
907 4028 1000 4082 καὶ
1041 4028 1124 4080 σοὶ
1158 4027 1320 4098 σῶμα
1350 4028 1445 4080 καὶ
1480 4021 1618 4097 αἷμα

46 4117 311 4187 αρέσχε.
361 4115 468 4167 Καὶ
498 4113 567 4167 τά
607 4114 704 4185 μὲν
749 4112 847 4182 1?};
890 4111 1097 4182 δωρεᾶς
1148 4110 1312 4164 αὑτοῦ
1361 4110 1615 4165 τοιαῦτα·

45 4207 238 4272 ἰωμεν
285 4198 343 4251 δέ
384 4199 477 4251 καὶ
528 4198 597 4251 τά
642 4195 800 4265 ἐξῆς,
848 4196 941 4249 καὶ
975 4195 1373 4262 σκοπήσωμεν,
1420 4197 1467 4249 εἰ
1516 4197 1618 4266 τῆς

46 4287 245 4356 υρεᾶς
286 4282 523 4347 ἀναξίων
568 4281 845 4349 φανέντων
892 4278 1096 4333 τούτων
1142 4277 1413 4346 ἐφείσατο.
1476 4279 1616 4331 Ἀλλ’

45 4369 107 4423 ἔκ
140 4367 223 4421 ἂν
262 4365 409 4436 ἔχοις
439 4364 598 4417 τοῦτο
626 4366 819 4416 εἰπεῖν·
860 4361 941 4415 διὸ
980 4362 1075 4413 καὶ
1115 4361 1417 4432 ἐπήγαγεν,
1456 4361 1617 4416 Ἀλλ’

45 4455 124 4505 ῡκ
173 4452 267 4503 ἐν
303 4448 431 4514 τοῖς
459 4447 741 4501 πλείοσιν
771 4444 973 4500 αὐτῶν
1011 4444 1358 4512 ηὐδόκησεν
1386 4448 1418 4497 ό
1453 4446 1614 4512 Θεὸς,

45 4538 212 4589 αἰτοι
249 4551 318 4602 γε
350 4531 590 4603 τιμήσας
622 4530 820 4593 αὐτοὺς
849 4528 1083 4600 τοσαύτῃ
1111 4530 1263 4599 τιμῇ.
1301 4528 1441 4580 Ἀλλ’
1468 4530 1617 4582 οὐδὲν

45 4621 227 4682 ὃτοῖλς
271 4616 431 4670 τοῦτο
459 4615 686 4686 ὤνησεν,
717 4613 832 4667 ἀλλ’
857 4614 905 4665 οἱ
935 4612 1151 4675 πλείους
1178 4611 1471 4666 ἀπώλοντο.
1508 4615 1617 4666 Καὶ

45 4706 114 4774 ὴν
157 4703 392 4763 πάντες
424 4697 721 4752 ἀπώλοντο·
756 4696 870 4750 ἀλλ’
902 4696 987 4750 ίνα
1022 4696 1096 4766 μὴ
1127 4694 1253 4766 δόξῃ
1284 4696 1376 4748 καὶ
1408 4696 1617 4759 τούτοις

45 4784 426 4856 ινωλεθρίαν
492 4780 889 4851 προφητεύειν,
953 4780 1042 4833 διὰ
1096 4778 1252 4832 τοῦτο
1303 4774 1486 4843 εἶπεν,
1554 4783 1616 4833 Οἱ

46 4872 309 4932 λείους.
370 4865 561 4920 Καίτοι
616 4881 679 4934 γε
719 4862 936 4934 ἄπειροι
986 4858 1160 4933 ἦσαν,
1217 4861 1331 4915 ἀλλ’
1371 4864 1520 4916 οὐδὲν
1554 4863 1617 4916 τὸ

46 4953 239 5025 ιῆθος
274 4949 530 5018 ὠφέλησε
554 4965 567 4978 ·
604 4948 699 5001 καὶ
742 4946 919 5001 πάντα
950 4948 1134 4999 ἐκεῖνα
1161 4945 1379 5016 ἀγάπης
1408 4948 1616 5018 τεκμή-

46 5056 85 5089 σ.
115 5032 235 5105 ἦν,
268 5034 389 5087 ἀλλ’
413 5031 533 5084 ούδὲ
554 5030 711 5084 τοῦτο
733 5031 930 5092 αὐτοὺς
956 5028 1187 5099 ὤνησεν,
1209 5029 1330 5081 ἐπεὶ
1360 5028 1492 5099 μηδέ
1518 5030 1615 5083 αύ-

46 5122 71 5170 ".
110 5116 204 5170 τὰ
247 5116 357 5185 1?};
392 5114 611 5184 ἀγάπης
655 5112 1051 5166 ἐπεδείκνυντο.
1105 5111 1320 5182 Ἐπειδὴ
1359 5113 1468 5182 γάρ
1504 5114 1614 5176 τοῖς

46 5206 129 5275 ,ρὶ
170 5198 431 5269 γεέννης
465 5194 612 5268 [204]
654 5195 834 5264 λόγοις
883 5197 932 5248 οἱ
971 5195 1156 5248 πολλοὶ
1201 5194 1570 5248 διαπιστοῦσιν
1594 5236 1609 5257 ,

53 5304 83 5337 ε
126 5284 230 5355 μὴ
269 5279 509 5351 παροῦσι
546 5278 678 5349 μηδέ
715 5279 1081 5348 φαινομένοις,
1118 5277 1226 5331 ἀπὸ
1251 5277 1361 5332 τῶν
1396 5280 1495 5351 ήδη
1523 5296 1613 5346 γε·⁸

46 5389 129 5439 νη
141 5367 360 5439 μένων
392 5362 682 5428 δείκνυσιν,
702 5363 784 5415 ὅτι
806 5359 1020 5426 κολάζει
1047 5363 1172 5425 τοὺς
1199 5364 1613 5434 ἁμαρτάνοντας

45 5457 238 5516 Θεὸς,
272 5449 383 5502 κᾶν
409 5448 667 5518 μυριάκις
687 5446 1061 5519 εύεργετηκὼς
1166 5447 1227 5500 Εἰ
1249 5448 1355 5520 γὰρ
1382 5450 1475 5502 καὶ
1500 5452 1612 5513 τοῖς

54 5539 331 5591 λλουσιν
357 5533 665 5594 ἀπιστεῖτε,
698 5530 893 5600 φησὶν,
928 5529 1043 5584 ἀλλ’
1072 5530 1134 5584 ού
1175 5530 1345 5605 δήπου
1380 5532 1472 5586 καὶ
1502 5536 1613 5595 τοῖς

46 5639 217 5693 ,ερενη
229 5616 427 5690 μένοις
457 5616 808 5685 ἀπιστήσετε.

45 5790 65 5818 ι
97 5784 211 5835 Sic
248 5778 386 5843 Reg.
406 5784 459 5830 ει
480 5774 631 5828 Ξανίὶ.
649 5774 715 5829 At
738 5775 931 5835 ωσι-ει..
953 5777 1005 5828 ού
1023 5777 1108 5843 γὰρ
1136 5778 1208 5828 ἄν.

3184 218 3288 285 ωτι

1787 340 2128 411 γ¹.Σκοπεῖτε
2157 336 2287 406 γοῦν
2317 332 2478 405 ἡλίκα
2503 330 2836 402 εὐηργέτησε
2855 328 3098 408 τούτους·
3122 332 3287 401 Αἰγύ-

1715 443 1852 479 πτου
1888 424 1983 478 καὶ
2019 422 2121 491 τῆς
2146 423 2262 475 ἐκεῖ
2286 418 2526 481 δουλείας
2552 415 2847 487 ἀπήλλαξε,
2879 416 2979 487 τὴν
3010 415 3287 470 θάλασσαν

1714 509 2099 578 ὑπεστόρεσεν,
2130 504 2189 568 ἐξ
2216 500 2445 572 ούρανοῦ
2478 500 2653 570 μάννα
2681 500 3004 569 κατήνεγκε,
3041 499 3286 552 κάτωθεν

1710 592 1919 647 ὑδάτων
1948 588 2131 658 πηγάς
2162 587 2318 651 ξένας
2354 586 2449 638 καὶ
2482 581 2816 654 παραδόξους
2850 581 3018 651 ἀνῆκε
3039 620 3054 645 ,
3104 582 3287 652 παρῆν

1710 675 1895 736 αὐτοῖς
1936 668 2214 739 πανταχοῦ
2253 664 2723 735 θαυματουργῶν,
2754 664 2849 715 καὶ
2888 661 3152 716 πάντοθεν
3180 664 3285 715 αύ-

1708 756 1835 819 τοὺς
1860 753 2130 825 τειχίζων·
2167 750 2280 805 ἀλλ’
2323 752 2505 820 ὅμως,
2537 747 2723 818 ἐπειδὴ
2762 746 2863 816 τῆς
2909 746 3117 817 δωρεᾶς
3158 746 3289 799 ταύ-

1708 856 1808 910 της
1827 838 1976 891 ούδέν
1998 835 2145 900 ἀξιον
2170 831 2530 896 ἐπεδείξαντο,
2548 832 2650 883 οὐκ
2673 830 2928 899 ἐφείσατο
2954 828 3151 891 αὐτῶν,
3170 829 3285 882 ἀλλ’

1709 920 1988 976 ἀπώλεσεν
2011 920 2275 981 ἅπαντας.
2307 913 2821 982 Κατεστρώθησιιν
2842 912 2973 982 γὰρ,
3001 912 3185 981 φησὶν,
3216 912 3288 965 ἐν

1708 1002 1784 1073 τῇ
1805 1003 2020 1072 ἐρήμῳ·
2039 1002 2139 1072 τήν
2157 1017 2215 1053 τε
2240 999 2440 1069 ἀθρόαν
2458 997 2637 1053 αὐτῶν
2665 996 2938 1049 ἀπώλειαν
2964 995 3058 1047 καὶ
3084 995 3179 1057 τὰς
3205 1012 3288 1048 κο·

1709 1085 1892 1149 λάσεις
1920 1085 2013 1139 καὶ
2038 1084 2139 1147 τὰς
2163 1082 2431 1153 τιμωρίας
2455 1080 2551 1143 τὰς
2577 1080 2869 1148 θεηλάτους
2897 1078 3175 1148 ἐμφαίνων
3198 1078 3287 1131 διὰ

1707 1170 1806 1239 τῆς
1825 1169 2024 1236 λέξεως
2043 1167 2268 1237 ταύτης,
2298 1166 2393 1218 καὶ
2418 1165 2500 1218 ὅτι
2529 1162 2649 1216 ούδέ
2671 1162 2777 1214 τῶν
2800 1161 3173 1232 προκειμένων
3197 1160 3287 1213 ἐπ-

1710 1253 1886 1310 άθλων
1910 1253 2191 1322 ἐπέτυχον.
2226 1250 2362 1303 Οὐδὲ
2394 1249 2501 1319 γάρ
2532 1250 2588 1301 ἐν
2616 1250 2681 1318 τῇ
2718 1250 2787 1317 γῇ
2821 1247 2920 1313 τῆς
2951 1245 3286 1314 ἐπαγγελίας

1709 1337 1881 1391 ταῦτα
1909 1337 2090 1399 αὐτοῖς
2118 1334 2430 1405 εἰργάσατο,
2460 1332 2574 1385 ἀλλ’
2599 1330 2702 1395 ἔξω
2724 1330 2820 1384 καὶ
2852 1331 3041 1401 πόρρω
3063 1347 3163 1382 που
3191 1332 3286 1383 καὶ

1712 1420 1929 1492 μακρὰν
1956 1420 2056 1489 1?};
2079 1418 2262 1490 χώρας
2285 1417 2520 1487 ἐκείνης,
2553 1415 2711 1486 διπλῇ
2754 1415 2993 1486 τιμωρία
3027 1414 3285 1480 κολάσας,

1712 1505 1805 1559 καὶ
1822 1503 1900 1574 τῷ
1919 1504 1992 1575 μὴ
2009 1502 2363 1574 συγχωρῆσαι
2385 1502 2485 1572 τὴν
2503 1502 2605 1571 γῆν
2632 1500 2777 1565 ἰδεῖν,
2801 1499 2895 1552 καὶ
2919 1498 3091 1552 ταῦτα
3110 1500 3283 1570 ἐπηγ-

1710 1588 1978 1658 γελμένην
2020 1587 2222 1652 αὐτοῖς,
2254 1586 2348 1640 καὶ
2382 1585 2459 1654 τῷ
2501 1584 2729 1638 κολάσαι
2780 1582 3051 1653 χαλεπῶς.
3090 1583 3199 1635 Καὶ
3232 1581 3286 1634 τί

1712 1671 1848 1741 πρὸς
1877 1671 2022 1741 ἡμᾶς
2056 1668 2259 1734 ταῦτα;
2306 1668 2475 1739 φησί·
2509 1668 2652 1739 Πρὸς
2692 1667 2751 1719 σέ
2785 1666 2883 1737 μέν
2912 1662 3004 1718 οὖν
3026 1682 3040 1695 ·
3074 1665 3154 1718 διὸ
3192 1666 3288 1718 καὶ

1712 1756 1978 1826 ἐπήγαγε·
2049 1754 2240 1807 Ταῦτα
2294 1752 2362 1806 δὲ
2425 1753 2600 1806 τύποι
2655 1749 2824 1819 ἡμῶν
2885 1747 3283 1819 ἐγενήθησαν.

1715 1839 1925 1909 Ὥσπερ
1962 1836 2071 1906 γὰρ
2101 1838 2156 1889 αἱ
2181 1836 2385 1907 δωρεαὶ
2414 1834 2596 1896 τύποι,
2631 1833 2774 1886 οὕτω
2810 1832 2901 1886 καὶ
2944 1834 3000 1885 αἱ
3036 1831 3287 1895 κολάσεις

1711 1922 1899 1975 τύποι·
1932 1923 2027 1975 καὶ
2058 1919 2248 1992 ὥσπερ
2275 1919 2336 1973 τὸ
2368 1919 2652 1989 βάπτισμα
2685 1917 2776 1969 καὶ
2804 1918 2836 1986 ή
2868 1915 3117 1985 τράπεζα
3149 1932 3285 1984 προ-

1711 2005 2053 2074 διεγράφετο,
2084 2002 2227 2056 οὕτω
2273 2002 2367 2056 καὶ
2410 2000 2499 2054 διὰ
2525 2000 2632 2053 τῶν
2668 1998 2806 2068 μετὰ
2846 1998 3050 2062 ταῦτα,
3075 1998 3158 2049 ὅτι
3191 1997 3287 2049 καὶ

1712 2086 2139 2157 κολασθήσονται
2183 2087 2232 2137 οἰ
2283 2084 2484 2155 ταύτης
2524 2083 2730 2148 ἀνάξιοι
2763 2083 2863 2153 1?};
2897 2081 3129 2151 δωρεᾶς,
3163 2097 3288 2151 προι

1713 2174 2040 2242 ανεφωνείτο
2068 2170 2134 2223 δι’
2158 2171 2334 2240 ἡμᾶς,
2366 2169 2506 2222 ὥστε
2538 2164 3008 2237 σωφρονεστέρους
3032 2163 3285 2233 γενέσθαι

1711 2260 1824 2319 τοῖς
1854 2255 2292 2324 παραδείγμασιν
2322 2254 2569 2315 ἐκείνοις.
2600 2251 2691 2304 Διὸ
2724 2250 2818 2303 καὶ
2847 2250 3158 2320 ἐπήγαγεν·
3182 2248 3287 2313 Εις

1710 2341 1779 2393 τὸ
1809 2338 1894 2409 μὴ
1921 2335 2074 2392 εἶναι
2107 2338 2265 2407 ἡμᾶς
2303 2336 2671 2404 ἐπιθυμητὰς
2712 2333 2933 2394 κακῶν,
2965 2330 3159 2397 καθὼς
3184 2331 3288 2385 κά-

1712 2422 1896 2476 κεῖνοι
1915 2422 2321 2491 ἐπεθύμησαν.
2344 2421 2560 2489 Ὠσπερ
2581 2417 2690 2489 γὰρ
2716 2420 2775 2470 ἐν
2803 2418 2923 2479 ταῖς
2947 2414 3289 2485 εὐεργεσίαις

1711 2508 1761 2561 οί
1787 2505 1947 2560 τύποι
1977 2505 2294 2577 προέλαϐον,
2314 2505 2406 2558 καί
2428 2502 2793 2574 ἠκολούθησεν
2814 2503 2847 2572 ή
2878 2499 3124 2572 ἀλήθεια,
3145 2496 3289 2550 οὕτω

1711 2591 1806 2645 καὶ
1838 2590 1895 2642 ἐν
1918 2593 2039 2652 ταῖς
2072 2589 2360 2659 τιμωρίαις
2387 2588 2598 2657 ἕψεται.
2643 2586 2806 2657 ὐρᾷς
2848 2583 2967 2646 πῶς
2993 2582 3287 2645 δείκνυσιν,

1712 2675 1810 2745 οὐχ
1840 2676 1920 2728 ὅτι
1950 2673 2379 2744 κολασθήσονται
2419 2673 2601 2742 μόνον,
2635 2671 2749 2724 ἀλλ’
2781 2671 2861 2723 ὅτι
2897 2667 2989 2721 καὶ
3026 2664 3287 2737 μειζόνως

1712 2758 1746 2828 ἢ
1770 2760 1995 2821 ἐκεῖνοι;
2018 2757 2081 2810 Εἰ
2101 2757 2208 2829 γὰρ
2234 2757 2293 2809 τὸ
2319 2757 2415 2825 μὲν
2437 2754 2627 2817 τύπος,
2647 2753 2709 2807 το
2728 2752 2782 2805 δέ
2803 2750 3046 2823 ἀλήθεια,
3074 2749 3287 2817 ἀνάγκη

1714 2844 1808 2894 καὶ
1847 2841 1904 2893 ἐν
1948 2844 2067 2903 ταῖς
2115 2840 2409 2910 τιμωρίαις
2450 2838 2651 2907 πολλὴν
2687 2832 2825 2890 εἶναι
2857 2836 2956 2906 τὴν
2990 2832 3285 2905 ὑπεροχὴν,

1714 2923 1901 2996 ὥσπερ
1934 2926 2028 2978 καὶ
2058 2926 2115 2977 ἐν
2146 2928 2266 2987 ταῖς
2301 2923 2549 2993 δωρεαῖς.
2587 2922 2697 2974 Καὶ
2731 2920 2922 2973 σκόπει
2954 2919 3116 2972 τίνων
3154 2916 3288 2970 καθ-

1715 3011 1945 3064 άπτεται
1987 3008 2235 3077 πρῶτον·
2272 3008 2379 3061 τῶν
2419 3009 2475 3061 ἐν
2506 3009 2617 3069 τοῖς
2657 3003 2947 3067 εἰδωλείοις
2979 3002 3286 3055 ἐσθιόντων.

1715 3092 1897 3148 Εἰπὼν
1924 3091 2053 3164 γὰρ,
2088 3090 2184 3159 Μὴ
2213 3087 2366 3146 εἶναι
2401 3089 2766 3159 ἐπιθυμητὰς
2805 3085 3028 3151 κακῶν,
3062 3087 3197 3156 ὅπερ
3221 3079 3287 3155 ἦν

1715 3176 2022 3240 καθολικὴν,
2077 3176 2273 3243 ἐπάγει
2313 3174 2408 3227 καὶ
2448 3172 2509 3226 τὸ
2551 3173 2671 3225 κατ’
2725 3166 2898 3233 εἶδος,
2948 3168 3161 3231 δεικνὺς
3208 3167 3288 3220 ὅτι

1714 3261 1944 3313 ἕκαστον
1972 3259 2078 3313 τῶν
2110 3258 2525 3329 ἁμαρτημάτων
2556 3257 2621 3309 ἐκ
2644 3255 2888 3324 πονηρᾶς
2919 3251 3140 3321 γέγονεν
3170 3255 3287 3303 ἐπι-

1716 3344 1936 3414 θυμίας·
1969 3343 2061 3398 καὶ
2086 3341 2303 3412 πρῶτον
2330 3340 2487 3393 τοῦτο
2513 3339 2637 3410 ἐφη·
2666 3337 2834 3406 Μηδὲ
2865 3333 3287 3402 είδωλολάτραι

1715 3430 1987 3499 γίνεσθε,
2026 3425 2219 3492 καθώς
2248 3443 2408 3491 τινες
2437 3424 2667 3490 αὐτῶν,
2706 3422 2909 3491 ὥσπερ
2944 3419 3286 3490 γέγραπται·

1730 3511 2040 3565 Ἐκάθισεν
2071 3514 2104 3565 ό
2136 3511 2285 3576 λαὸς
2315 3508 2528 3579 φαγεῖν
2554 3510 2651 3562 καὶ
2688 3508 2871 3570 πιεῖν,
2904 3505 3003 3558 καὶ
3034 3501 3284 3570 ἀνέστη-

1717 3611 1838 3649 σαν
1861 3592 2108 3654 παίζειν.
2134 3595 2408 3655 Ἤκουσας
2436 3591 2553 3655 πῶς
2577 3590 2762 3643 λοιπὸν
2779 3588 2873 3643 καὶ
2898 3585 3287 3657 είδωλολάτρας

1718 3679 1910 3743 καλεῖς
1937 3676 2050 3731 ἀλλ’
2080 3675 2313 3729 ἐνταῦθα
2344 3675 2439 3745 μὲν
2465 3673 2899 3745 ἀποφαινόμενος
2919 3713 2934 3737 ,
2975 3670 3201 3741 ὕστερον
3231 3668 3286 3721 δὲ

1718 3764 1812 3817 καὶ
1839 3759 2283 3823 κατασκευάζων.
2312 3759 2421 3811 Καὶ
2448 3757 2546 3828 τήν
2580 3756 2758 3811 αἰτίαν
2788 3755 2843 3808 δὲ
2867 3755 3099 3819 τέθεικε,
3129 3752 3194 3807 δι’
3222 3752 3287 3822 ἦν

1716 3849 1796 3911 εἰς
1817 3846 1915 3909 τὰς
1929 3844 2207 3916 τραπέζας
2227 3844 2438 3905 ἐκείνας
2467 3842 2686 3913 ἔτρεχον
2702 3856 2715 3870 ·
2743 3839 2882 3911 αῦτη
2898 3840 2953 3892 δέ
2974 3835 3041 3911 ἦν
3065 3856 3286 3909 γαστρι-

1718 3931 1946 4002 μαργία.
1979 3930 2176 3999 Διόπερ
2213 3927 2401 3990 εἰπὼν,
2438 3929 2535 3993 Εἰς
2560 3927 2628 3980 τὸ
2654 3924 2741 3995 μὴ
2773 3921 2926 3978 εἶναι
2970 3923 3128 3993 ἡμᾶς
3159 3924 3287 3976 ἐπι-

1716 4015 1981 4083 θυμητὰς
2013 4012 2209 4067 κακῶν
2230 4052 2245 4076 ,
2282 4011 2374 4066 καὶ
2404 4010 2698 4079 ἐπαγαγὼν
2719 4050 2735 4074 ,
2769 4010 2935 4076 Μηδέ
2970 4007 3286 4063 εἰδωλολά-

1714 4115 1857 4167 τρας
1883 4098 2172 4167 γίνεσθαι.
2203 4097 2300 4165 τήν
2322 4096 2501 4150 αἰτίαν
2530 4096 2629 4166 τῆς
2654 4094 2911 4163 τοιαύτης
2942 4093 3286 4165 παρανομίας

1714 4180 1927 4253 τίθησιν
1947 4202 1959 4214 ·
1991 4180 2127 4251 αὕτη
2157 4180 2212 4233 δὲ
2242 4176 2309 4241 ἦν
2332 4182 2364 4250 ή
2387 4180 2817 4251 γαστριμαργία.
2860 4177 3137 4234 Ἐκάθισε
3155 4178 3285 4248 γὰρ,

1716 4266 1902 4335 φησὶν,
1933 4268 1965 4320 ὁ
2003 4264 2153 4331 λαὸς
2183 4265 2395 4335 φαγεῖν
2428 4265 2527 4318 καὶ
2565 4264 2745 4318 πιεῖν.
2792 4263 2901 4317 Καὶ
2941 4262 3002 4316 τὸ
3029 4263 3089 4330 ἐξ
3116 4262 3286 4331 αὐτῆς

1714 4349 1865 4413 τέλος
1892 4348 2261 4419 προστίθησιν,
2289 4349 2371 4401 ὅτι
2408 4348 2774 4414 Ἀνέστησαν
2800 4345 3045 4405 παίζειν.
3075 4346 3286 4417 ’Ὠσπερ

1714 4432 1822 4502 γὰρ
1856 4434 2074 4495 ἐκεῖνοι,
2115 4433 2299 4501 φησὶν,
2331 4432 2439 4484 ἀπὸ
2472 4431 2685 4502 τρυφῆς
2718 4432 2797 4491 είς
2841 4427 3287 4499 είδωλολατρείαν

1715 4515 2011 4584 ἐξέϐησαν·
2045 4514 2187 4569 οὕτω
2225 4514 2375 4579 δέος,
2420 4515 2494 4586 μὴ
2541 4515 2635 4566 καί⁹
2677 4513 2833 4583 ὑμεῖς
2869 4510 3122 4563 ἐντεῦθεν
3172 4513 3285 4563 ἐκεῖ

1715 4599 1941 4669 πέσητε.
1970 4593 2122 4661 Εἶδες
2157 4598 2274 4661 πῶς
2308 4598 2476 4663 ἔδειξε
2521 4598 2646 4660 τοὺς
2690 4595 2851 4666 δῆθεν
2881 4594 3121 4657 τελείους
3162 4593 3285 4647 τού-

1712 4698 1836 4744 τους
1867 4679 2018 4753 [205]
2045 4681 2268 4735 ἐκείνων
2310 4681 2731 4750 ἀτελεστέρους;
2771 4676 2863 4741 οὓς
2912 4676 3175 4747 ἕπληττεν
3221 4677 3283 4729 ού

1712 4765 1887 4837 τούτῳ
1919 4767 2077 4835 μόνον
2109 4765 2187 4837 τῷ
2219 4767 2292 4837 μὴ
2320 4765 2724 4830 διαϐαστάζειν,
2764 4761 2901 4816 ἀλλὰ
2927 4761 3022 4815 καὶ
3054 4760 3131 4831 τῷ
3158 4761 3283 4824 τοὺς

1716 4849 1815 4920 μὲν
1843 4850 1953 4903 ἀπὸ
1975 4850 2219 4918 ἀγνοίας,
2247 4853 2374 4913 τοὺς
2402 4851 2458 4903 δέ
2489 4849 2595 4903 ἀπὸ
2624 4846 3065 4919 γαστριμαργίας
3096 4846 3279 4916 agap-

1712 4934 1897 4986 τάνειν
1924 4951 1935 4963 ·
1969 4935 2062 4986 καὶ
2099 4936 2197 5003 τῆς
2234 4935 2332 5004 μὲν
2364 4934 2587 4986 ἐκείνων
2628 4930 2904 4993 ἀπωλείας
2936 4930 3034 4998 τήν
3066 4928 3282 4983 κόλασιν

1712 5016 1920 5079 τούτοις
1948 5017 2240 5085 λογίζεται,
2271 5016 2491 5078 τούτους
2514 5015 2571 5068 δέ
2595 5016 2693 5068 ούκ
2719 5014 2962 5083 ἀφίησιν,
2989 5014 3066 5076 είς
3096 5012 3281 5080 ἓτερον

1712 5103 2021 5168 ἀνενεγκεῖν
2043 5102 2142 5169 τῆς
2171 5101 2377 5162 οἰκείας
2403 5099 2676 5170 ἁμαρτίας
2696 5101 2795 5167 τὴν
2823 5098 3114 5168 πρόφασιν,
3145 5096 3279 5149 ἀλλὰ

1712 5187 1805 5241 καί
1827 5187 1926 5256 τῆς
1947 5187 2167 5240 ἐκείνων
2193 5186 2397 5257 βλάϐης
2422 5186 2515 5239 καὶ
2542 5185 2641 5254 τῆς
2664 5184 2868 5237 ἑαυτῶν
2894 5183 3089 5245 αὐτοὺς
3112 5182 3272 5233 ὑπευο

1713 5270 1905 5333 θύνους
1937 5270 2317 5339 ἀποφαίνεται.
2349 5270 2515 5338 Μηδὲ
2546 5272 2945 5340 πορνεύωμεν.
2979 5266 3172 5333 καθώς
3197 5285 3276 5319 τι-

1710 5371 1813 5420 νες
1841 5352 2040 5407 αὐτῶν
2067 5353 2462 5421 ἐπόρνευσαν.
2494 5354 2649 5418 Τίνος
2678 5355 2863 5407 ἕνεκεν
2892 5354 2991 5423 τῆς
3018 5351 3277 5423 πορνείας

1711 5435 1943 5491 ἐνταῦθα
1987 5435 2259 5507 μέμνηται
2306 5437 2490 5502 πάλιν,
2534 5438 2771 5492 τοσαῦτα
2818 5439 2943 5508 περὶ
2963 5437 3131 5505 αὐτῆς
3174 5434 3275 5503 ἔμ-

1711 5519 1947 5590 προσθεν
1975 5518 2308 5590 διαλεχθείς;
2341 5520 2499 5582 Ἐθος
2520 5522 2605 5573 ἀεὶ
2633 5520 2712 5591 τῷ
2742 5521 2959 5590 Παύλῳ,
2982 5521 3109 5573 ὅταν
3138 5517 3275 5587 ὑπὲρ

1711 5601 1921 5655 πολλῶν
1946 5602 2357 5673 ἁμαρτημάτων
2388 5603 2616 5674 ἐγκαλῇ,
2640 5605 2733 5657 καὶ
2760 5604 2910 5670 τάξει
2939 5600 3081 5656 αὐτὰ
3105 5600 3274 5653 διατι-

1712 5685 1861 5739 θέναι
1897 5688 1991 5738 καὶ
2035 5685 2157 5739 καθ’
2195 5685 2423 5740 ἕκαστον
2462 5688 2672 5741 ἐπιέναι
2713 5690 2825 5749 τοῖς
2865 5683 3272 5757 προκειμένοις,

1702 5769 1811 5853 ’καὶ
1840 5768 2013 5840 ,πάλιν
2044 5771 2101 5824 ἐν
2131 5772 2243 5836 τοῖς
2272 5770 2398 5838 περὶ
2439 5770 2638 5838 ἐτέρων
2664 5769 2841 5837 λόγοις
2872 5769 2966 5822 καί
3008 5766 3113 5820 τῶν
3142 5780 3270 5833 προ-
