3856 6314
527 255 631 313 I93

520 373 697 442 τέρων
739 366 1086 438 μεμνῆσθαι·
1113 366 1142 420 δ
1172 365 1234 438 δὴ
1287 369 1380 422 καὶ
1421 369 1450 420 ὁ
1478 363 1611 428 Θεὸς
1660 362 1832 416 ἐποίει
1864 360 1956 414 ἐπὶ
1997 357 2099 426 τῆς

521 453 787 516 Παλαιᾶς,
821 451 943 506 καθ’
977 452 1205 504 ἕκαστον
1234 453 1342 506 τῶν
1382 446 1931 520 πεπλημμελημένων
1963 445 2099 498 ἀναο

524 537 848 608 μιμνήσκων
866 534 961 588 τοῦ
986 535 1187 606 μόσχου
1206 537 1334 598 τοὺς
1363 533 1668 596 Ἰουδαίους,
1689 532 1784 584 καὶ
1803 528 1900 600 τὴν
1921 529 2101 598 ἁμαρο

520 623 646 676 τίαν
693 621 906 688 ἐκείνην
951 621 1031 682 εἰς
1081 619 1243 690 μέσον
1286 621 1454 688 ἄγων.
1503 617 1673 670 Τοῦτο
1721 616 1899 668 τοίνυν
1940 613 2035 666 καὶ⁵
2071 611 2102 664 ὁ

523 704 736 766 Παῦλος
767 701 1003 756 ἐνταῦθα
1043 705 1207 769 ποιεῖ,
1237 701 1374 773 όμυῦ
1403 719 1465 754 τε
1495 701 1711 771 ἐκείνης
1739 699 1933 761 αὐτοὺς
1971 698 2102 750 ἀνα-

526 789 855 857 μιμνήσκων
906 787 1005 856 τῆς
1054 785 1350 856 ἁμαρτίας,
1399 786 1495 838 καὶ
1537 783 1836 848 διδάσκων,
1886 781 1966 833 ὃτι
2005 779 2101 832 καὶ

519 870 682 923 τοῦτο
729 867 981 921 ἐντεῦθεν
1033 869 1227 940 ἐτέχθη
1270 868 1332 921 τὸ
1364 868 1566 931 κακὸν,
1607 867 1717 921 ἀπὸ
1753 863 1968 936 τρυφῆς
2007 861 2100 916 καὶ

521 953 981 1023 γαστριμαργίας,
1000 952 1090 1004 Διὸ
1107 954 1202 1006 καὶ
1223 953 1494 1024 ἐπήγαγε·
1512 951 1679 1018 Μηδὲ
1693 949 2096 1017 πορνεύωμεν,

521 1035 715 1099 καθώς
746 1053 905 1101 τινες
937 1034 1137 1088 αὐτῶν
1180 1035 1592 1103 ἐπόρνευσαν,
1627 1033 1724 1087 καί
1763 1034 1991 1086 ἔπεσον
2029 1030 2101 1084 ἐν

518 1117 625 1190 μιᾷ
662 1118 853 1188 ἡμέρᾳ
908 1119 1262 1186 εἰκοσιτρεῖς
1318 1119 1604 1188 χιλιάδες.
1655 1119 1764 1172 Καὶ⁹
1789 1117 1876 1170 διὰ
1920 1115 1973 1169 τί
2022 1114 2098 1185 μὴ

519 1203 703 1272 τίθησι
732 1203 827 1257 καὶ⁵
856 1203 955 1274 τὴν
992 1204 1084 1256 ἐπὶ
1124 1203 1226 1273 τῆς
1252 1203 1698 1275 εἰδωλολατρείας
1729 1201 1953 1255 κόλασιν
1978 1216 1993 1262 ;
2028 1201 2098 1252 Ἦ

519 1288 708 1357 ἐπειδὴ
757 1289 915 1358 δῆλον
953 1282 1021 1358 ἦν
1051 1288 1146 1340 καὶ
1194 1287 1546 1359 σαφέστερον·
1598 1287 1632 1358 ἢ
1683 1285 1872 1358 ἐπειδὴ
1915 1285 2099 1355 πληγὴ

519 1372 754 1443 τοσαύτη
786 1373 845 1425 οὐ
878 1372 1069 1439 γέγονε
1098 1371 1243 1434 τότε,
1275 1372 1374 1442 ὅση
1406 1372 1498 1424 ἐπὶ
1530 1369 1903 1440 τοῦΒαλαάμ,
1935 1371 2099 1441 ἡνίκα

520 1456 884 1525 ἐτελέσθησαν
917 1455 995 1524 τῷ
1030 1454 1370 1525 Βεελφεγὼρ,
1418 1455 1527 1508 τῶν
1565 1453 1960 1508 Μαδιανιτίδων
2000 1471 2098 1523 γυο

519 1539 724 1594 ναικῶν
763 1539 854 1590 ἐπὶ
879 1539 976 1608 τῆς
1002 1537 1358 1608 παρατάξεως
1383 1536 1650 1607 φανεισῶν
1671 1537 1762 1590 καὶ
1794 1535 2100 1606 ἐφελκυσα-

523 1623 702 1692 μένων
748 1622 947 1685 αὐτοὺς
989 1621 1071 1684 είς
1118 1621 1410 1689 ἀσέλγειαν
1454 1619 1596 1673 κατά
1637 1619 1738 1690 τὴν
1789 1617 2100 1689 συμϐουλὴν

521 1707 769 1777 Βαλαάμ.
800 1707 924 1760 Ὅτι
961 1706 1070 1778 γὰρ
1110 1706 1204 1759 τοῦ
1253 1705 1480 1775 Βαλαάμ
1509 1701 1578 1776 ἦν
1621 1706 1655 1775 ἡ
1701 1703 1914 1775 πονηρά
1960 1703 2099 1776 αῦτη

524 1789 838 1861 συμϐουλὴ,
867 1789 1020 1860 δηλοῖ
1050 1789 1290 1858 Μωῦσῆς
1337 1787 1478 1858 μετά
1521 1787 1696 1841 ταῦτα
1744 1786 1921 1854 λέγων
1955 1785 2102 1840 οὕτω

518 1875 658 1946 πρὸς
686 1873 763 1946 τῷ
793 1873 936 1926 τέλει
967 1871 1062 1924 τοῦ
1108 1871 1316 1941 βιϐλίου
1351 1869 1463 1923 τῶν
1503 1869 1777 1942 ’Δριθμῶν
1797 1885 1810 1900 ·
1840 1867 1950 1923 Καὶ
1995 1868 2102 1922 τὸν

519 1963 772 2027 Βαλαὰμ
816 1957 951 2010 υίόν
1005 1953 1166 2022 Βεὼρ
1207 1953 1568 2008 ἀπέκτειναν
1612 1953 1683 2006 ἐν
1728 1952 1810 2018 τῷ
1862 1952 2103 2022 πολέμῳ

521 2042 763 2111 Μαδιάμ
789 2040 941 2110 μετὰ
978 2039 1096 2093 τῶν
1123 2037 1545 2108 τραυματιῶν·
1566 2076 1581 2100 ,
1623 2037 1720 2091 καί
1755 2035 1984 2106 ἤγαγον
2030 2038 2102 2091 τὰ

519 2126 746 2178 (nulla.
788 2123 896 2178 Καὶ
924 2122 1187 2192 ὠργίσθη
1213 2119 1503 2190 Μωυσῆς,
1529 2119 1627 2174 καί
1656 2117 1844 2174 εἶπεν·
1880 2121 2013 2175 Ἵνα
2046 2119 2102 2172 τί

517 2209 890 2278 έζωῃοήσατε
941 2207 1066 2261 πᾶν
1117 2205 1315 2274 θῆλυ;
1374 2201 1561 2260 Αὗται
1607 2205 1718 2274 γὰρ
1762 2200 1925 2274 ἦσαν
1975 2202 2101 2271 τοῖς

519 2290 674 2357 υίοῖς
717 2289 954 2358 Ἰσραὴλ
996 2291 1082 2356 εις
1111 2288 1487 2348 σκάνδαλον,
1520 2286 1672 2341 κατὰ
1699 2286 1766 2340 τὸ
1791 2285 1959 2356 ῥῆμα
1987 2290 2102 2340 Ba-

515 2375 701 2444 λαὰμ,
766 2374 872 2428 τοῦ
920 2371 1268 2440 ἀποστῆσαι
1320 2369 1420 2424 καί
1471 2369 1779 2439 ὑπεριδεῖν
1822 2371 1890 2424 τὸ
1937 2369 2102 2440 ῥῆμα

519 2461 740 2526 Κυρίου
779 2457 988 2510 ἕνεκεν
1031 2453 1248 2524 Φεγὼρ.
1308 2453 1476 2522 Μηδὲ
1513 2453 1945 2524 ἐκπειράζωμεν
1993 2454 2102 2509 τὸν

518 2543 797 2608 Χριστὸν,
830 2539 1023 2605 καθὼς
1056 2539 1157 2592 καί
1185 2554 1345 2603 τινες
1376 2535 1577 2592 αὐτῶν
1605 2537 1958 2607 ἐπείρασαν,
1999 2537 2098 2592 καί

518 2625 642 2678 ὑπὸ
666 2622 784 2676 τῶν
810 2623 1006 2692 ὄφεων
1022 2622 1360 2676 ἀπώλοντο.

592 2707 660 2760 δ’.
695 2706 795 2760 Διά
828 2706 1016 2759 τούτου
1043 2704 1206 2758 πάλιν
1227 2704 1414 2776 ἐτερον
1445 2702 1740 2757 αἰνίττεται
1773 2702 2044 2776 ἔγκλημα,
2070 2703 2100 2757 δ

516 2791 616 2845 καὶ
649 2791 784 2863 πρὸς
810 2791 888 2860 τῷ
911 2790 1053 2843 τέλει
1075 2789 1308 2859 τίθησιν,
1340 2786 1588 2856 ἐγκαλῶν
1619 2788 1824 2851 αὐτοῖς,
1849 2789 1930 2841 ὅτι
1965 2789 2093 2857 περὶ

519 2874 762 2945 σημείων
783 2874 1065 2944 ἐμάχοντο,
1086 2871 1299 2927 καὶτῶν
1320 2870 1643 2943 πειρασμῶν
1660 2871 1716 2924 δὲ
1735 2870 1921 2925 ἐνεκεν
1949 2872 2101 2940 ἐγὸγ⁸

514 2957 680 3028 γυξον
702 2957 974 3024 λέγοντες,
999 2957 1134 3009 Πότε
1157 2955 1275 3028 ἥξει
1293 2955 1363 3008 τά
1386 2954 1588 3024 ἀγαθά.
1615 2954 1743 3008 πότε
1766 2955 1834 3007 τά
1860 2954 2094 3022 ἔπαθλα;

513 3042 608 3094 Διὸ
653 3043 747 3095 καὶ
783 3040 979 3107 ἐπάγει
1019 3040 1220 3092 τούτων
1249 3039 1438 3092 ἕνεκεν
1475 3037 1856 3110 διορθούμενος
1899 3040 2097 3103 αὐτοὺς

514 3127 612 3180 καὶ
632 3125 832 3194 φοϐῶν·
852 3122 1018 3192 Μηδέ
1037 3121 1363 3192 γογγύζετε,
1381 3123 1577 3189 καθὼς
1596 3124 1699 3176 καί
1718 3139 1878 3189 τινες
1898 3123 2098 3177 αὐτῶν

511 3211 879 3278 ἐγόγγυσαν,
911 3207 1008 3259 καί
1057 3205 1370 3259 ἀπώλοντο
1413 3207 1531 3260 ὑπὸ
1570 3205 1678 3260 τοῦ
1712 3207 2093 3274 ὀλοθρευτοῦ.

513 3291 651 3344 οὐδὲ
677 3293 786 3362 γὰρ
813 3291 970 3345 τοῦτό
991 3291 1105 3342 ἐστι
1124 3289 1186 3341 τὺ
1212 3288 1540 3360 ζητούμενον
1567 3289 1748 3359 μόνον,
1768 3289 1837 3342 ,τὸ
1867 3291 2095 3360 πάσχειν

513 3373 656 3442 ὑπὲρ
683 3373 776 3426 τοῦ
805 3371 1047 3444 Χριστοῦ
1069 3411 1084 3435 ,
1113 3371 1249 3424 ἀλλά
1274 3372 1366 3423 καὶ
1391 3371 1452 3424 τὸ
1479 3371 1743 3438 γενναίως
1769 3373 1836 3425 τὰ
1877 3373 2096 3426 ἐπιόντα

515 3457 726 3526 φέρειν,
758 3457 854 3510 καὶ
883 3455 1003 3526 μεθ’
1038 3455 1234 3525 ἡδονῆς
1279 3454 1518 3524 ἁπάσης.
1550 3453 1721 3507 Τοῦτο
1747 3455 1858 3526 γάρ
1889 3458 2036 3508 ἐστιν
2068 3460 2097 3511 ὁ

517 3540 780 3608 στέφανος
832 3539 1014 3602 ἀπας·
1064 3539 1160 3600 ὡς,
1197 3537 1262 3591 ἂν
1309 3537 1383 3608 μὴ
1433 3537 1590 3590 τοῦτο
1635 3535 1708 3612 ᾖ,
1743 3541 1838 3592 καὶ
1875 3541 2096 3604 κόλασις

513 3623 706 3692 ἕψεται
728 3625 841 3686 τοῖς
862 3621 1342 3691 δυσανασχετοῦσι.
1373 3620 1472 3673 Διά
1502 3619 1661 3675 τοῦτο
1683 3625 1778 3676 καὶ
1799 3625 1846 3676 οί
1865 3624 2097 3677 ἀπόστο-

513 3707 596 3760 λοι
629 3706 1018 3777 μαστιζόμενοι
1045 3704 1283 3776 ἔχαιρον,
1311 3706 1406 3758 καὶ
1432 3703 1640 3768 Παῦλος
1665 3706 1725 3759 ἐν
1761 3709 1874 3770 τοῖς
1900 3707 2096 3778 παθή-

519 3806 684 3861 μασιν
725 3790 1015 3860 ἐκαυχᾶτο.
1064 3787 1270 3842 Πάντα
1305 3789 1373 3841 δὲ
1410 3788 1595 3843 ταῦτα
1642 3790 1907 3858 τυπικῶς
1947 3807 2096 3846 συν-

513 3872 756 3927 έΰαινον
773 3873 1049 3939 ἐκείνοις·
1067 3871 1295 3940 ἐτράφη
1313 3872 1381 3926 δὲ
1395 3874 1546 3941 πρὸς
1561 3876 1887 3930 νουθεσίαν
1904 3875 2092 3946 ἡμῶν,

514 3960 604 4024 είς
634 3957 740 4022 οὓς
767 3957 840 4011 τὰ
861 3957 1006 4026 τέλη
1031 3957 1148 4010 τῶν
1172 3955 1402 4011 αἰώνων
1425 3958 1788 4026 κατήντησε.

511 4053 514 4056 ’
586 4049 757 4103 Πάλιν
809 4048 965 4118 φοϐεῖ
1012 4049 1090 4120 τῷ
1126 4050 1195 4102 τά
1220 4049 1346 4119 τέλη
1377 4050 1577 4117 λέγειν,
1604 4053 1697 4104 καὶ
1731 4051 1954 4121 μείζονα
1985 4054 2095 4108 τῶν

513 4131 894 4200 γεγενημένων
923 4131 1222 4201 προσδοκᾷν
1253 4132 1674 4202 παρασκευάζει.
1709 4132 1830 4186 Ὀτι
1856 4134 1956 4203 μὲν
1987 4135 2095 4206 γὰρ

508 4213 760 4277 δώσομεν
788 4213 965 4284 δίκην,
993 4214 1099 4267 ἀπὸ
1119 4214 1227 4267 τῶν
1256 4215 1582 4285 εἰρημένων,
1621 4216 1774 4288 φησὶ,
1806 4216 1966 4287 δῆλον
1999 4220 2094 4271 καὶ

512 4305 623 4364 τοῖς
647 4300 936 4355 ἀπιστοῦσι
965 4304 1077 4364 τοῖς
1123 4301 1251 4371 περὶ
1287 4302 1509 4372 γεέννης
1539 4302 1714 4373 λόγοις
1735 4303 1906 4378 [206]·
1933 4307 2093 4360 ὅτιδέ

513 4387 611 4440 καὶ
673 4385 1081 4457 χαλεπωτέραν,
1139 4385 1233 4456 ἀφ’
1283 4380 1356 4439 ὧν
1404 4386 1664 4440 πλειόνων
1702 4388 2094 4460 ἀπελαύσαμεν

511 4469 862 4540 εὐεργεσιῶν,
889 4470 984 4522 καὶ
1005 4471 1097 4539 ἀφ’
1128 4463 1204 4522 ὧν
1237 4471 1421 4524 ἐκεῖνα
1449 4469 1630 4524 τύποι.
1658 4471 1724 4525 Εί
1751 4471 1862 4542 γάρ
1885 4474 1944 4525 ἐν
1971 4476 2091 4536 ταῖς

509 4555 740 4625 δωρεαῖς
767 4555 1030 4626 ὑπεροχὴ,
1057 4555 1279 4625 εὔδηλον
1311 4557 1394 4610 ὃτι
1411 4556 1508 4609 καὶ
1532 4557 1589 4608 ἐν
1613 4560 1680 4626 τῇ
1718 4558 1976 4629 τιμωρίᾳ.
1995 4559 2092 4613 Διά

509 4639 668 4692 τοῦτο
690 4639 786 4693 καὶ
828 4642 1030 4704 τύπους
1082 4641 1332 4707 ἐκάλεσε,
1382 4641 1473 4694 καὶ
1501 4639 1567 4693 δι’
1605 4643 1755 4712 ἡμᾶς
1782 4643 2090 4714 γεγράφθαι

509 4723 637 4792 ἐφη,
669 4725 763 4776 καὶ
810 4724 996 4787 τέλους
1050 4725 1473 4795 ἐμνημόνευσεν,
1527 4723 1614 4778 ἴνα
1663 4725 1953 4798 ἀναμνήσῃ
1993 4728 2092 4799 τῆς

510 4807 837 4871 συντελείας.
879 4811 954 4862 Οὐ
981 4808 1087 4880 γάρ
1147 4809 1394 4862 τοιαῦται
1443 4807 1565 4862 τότε
1610 4811 1666 4863 αί
1699 4812 1980 4884 τιμωρίαι,
2015 4814 2090 4879 ὼς

509 4890 604 4941 καὶ
639 4891 810 4960 πέρας
832 4891 1127 4962 λαμϐάνειν
1180 4892 1276 4945 καὶ
1312 4891 1697 4951 καταλύεσθαι.
1729 4894 1843 4947 ἀλλ’
1875 4895 2090 4962 αἰώνιος

509 4973 542 5042 ή
574 4972 810 5036 κόλασις.
849 4975 1058 5046 Ὠσπερ
1084 4974 1191 5044 γὰρ
1221 4977 1278 5027 αἱ
1310 4975 1546 5029 ἐνταῦθα
1599 4976 1849 5042 κολάσεις
1877 4980 1955 5051 τῷ
1983 4999 2087 5035 πα-

511 5056 660 5128 ρόντι
694 5059 1153 5126 συγκαταλύονται
1210 5059 1328 5130 βίῳ,
1359 5060 1533 5125 οὕτως
1580 5063 1635 5114 αί
1686 5064 1803 5115 ἐκεῖ
1825 5062 2088 5134 διηνεκῶς

509 5139 781 5209 μένουσιν.
842 5141 1009 5194 Ὅταν
1061 5142 1116 5194 δέ
1168 5144 1318 5216 εἴπῃ,
1381 5148 1456 5199 Τὰ
1511 5143 1654 5212 τέλη
1683 5143 1800 5198 τῶν
1834 5147 2082 5214 αἰώνων,

507 5223 659 5276 οὐδὲν
687 5222 816 5276 ἀλλο
841 5223 1008 5290 λέγει,
1040 5224 1073 5294 ἦ
1103 5225 1180 5276 ὅτι
1209 5228 1478 5297 ἐφέστηκε
1507 5228 1701 5282 λοιπὸν
1735 5229 1796 5282 τὸ
1821 5230 2087 5302 δικαστή-

512 5326 625 5379 ριον
651 5309 711 5361 τὸ
742 5310 990 5379 φοϐερόν.
1019 5309 1199 5362 Ὥστε
1231 5315 1262 5363 ό
1288 5311 1481 5366 δοκῶν
1511 5313 1779 5378 ἑστάναι,
1805 5315 2084 5379 βλεπέτω

507 5396 588 5467 μὴ
613 5395 792 5466 πέσῃ.
844 5396 1012 5450 Πάλιν
1065 5396 1245 5450 αὐτῶν
1275 5398 1365 5452 τὸν
1413 5401 1583 5469 τῦφον
1613 5401 1827 5456 καθεῖλε
1853 5402 1961 5455 τῶν
1990 5405 2083 5457 ἐπὶ

507 5483 574 5552 τῇ
603 5481 799 5550 γνώσει
843 5481 986 5552 μέγα
1045 5480 1404 5552 φρονούντων.
1459 5485 1521 5537 Εί
1577 5487 1685 5557 γὰρ
1717 5489 1766 5539 οἱ
1815 5487 2084 5542 τοσούτων

507 5567 913 5632 ἀπολαύσαντες
939 5557 1161 5619 τοιαῦτα
1213 5565 1434 5635 ἔπαθον,
1466 5569 1562 5622 καὶ
1588 5571 1638 5622 οί
1668 5572 1766 5642 μὲν
1793 5572 1931 5644 ὑπὲρ
1954 5589 2082 5641 γογ-

566 5803 585 5830 ⁸
610 5808 866 5874 tegebatur
889 5810 1140 5860 γυναικῶν.

1201 251 1261 306 S.
1298 246 1585 330 JOA'NNIS
1617 244 2116 303 CHRYSUS'IUIII
2156 241 2478 297 ARCHIEP.
2518 242 3066 304 CONSTANTINOP.

3674 254 3770 308 ιιη

2207 359 2419 428 γυσμοῦ
2450 359 2610 431 μόνον
2635 360 2894 431 τοιαύτην
2918 361 3109 417 ἔδοσαν
3131 361 3312 434 δίκην,
3351 363 3399 416 oi
3424 365 3484 416 δὲ
3517 364 3659 437 ὑπὲρ
3686 371 3775 423 τοῦ

2204 443 2486 513 πειράσαι,
2531 445 2627 498 καὶ⁵
2663 444 2788 499 οὔτε
2829 446 2890 496 τὸ
2921 445 3126 520 πλῆθος
3173 445 3489 518 έδυσώπησε
3516 448 3606 502 τὸν
3626 449 3775 515 Θεὸν,

2201 524 2325 579 οὔτε
2359 527 2424 580 τὸ
2454 528 2712 582 τοιούτων
2737 530 3035 600 ἐπιτυχεῖν⁸
3058 529 3236 599 πολλῷ
3254 530 3451 600 μᾶλλον
3481 532 3568 602 ἐφ’
3600 534 3776 604 ἡμῶν,

2201 610 2267 664 ἂν
2291 611 2365 682 μὴ
2399 613 2681 683 νήφωμεν,
2715 612 2874 666 τοῦτο
2901 613 3071 666 ἔσται.
3103 613 3212 666 Καὶ
3253 613 3433 678 καλῶς
3481 610 3636 669 εἶπεν
3663 635 3677 648 ·
3717 618 3780 671 ⁸0

2200 691 2397 748 δοκῶν
2422 694 2692 752 ἑστάναι.
2726 695 2900 749 Τοῦτο
2927 696 3035 767 γάρ
3079 697 3201 750 ούδέ
3239 697 3458 751 ἐπάναι
3505 701 3678 764 ἐστὶν,
3708 702 3779 765 ὠς

2200 778 2422 832 ἑστάναι
2444 779 2572 850 χρὴ,
2601 779 2663 834 τὸ
2701 779 2922 851 θαῤῥεῖν
2949 779 3142 850 ἐαυτῷ·
3173 781 3378 850 ταχέως
3407 782 3515 854 γάρ
3543 786 3572 836 ὁ
3606 784 3779 836 τοιοῦ-

2201 879 2292 926 τος
2326 867 2590 918 πεσεῖται·
2622 864 2745 916 ἐπεὶ
2770 865 2862 916 καὶ
2887 865 3107 923 ἐκεῖνοι,
3136 863 3183 916 εί
3207 865 3282 934 μὴ
3308 865 3450 935 μέγα
3477 867 3780 938 ἐφρόνησαν

2201 947 2296 1002 καὶ
2347 948 2683 1021 ἐθάρρησαν,
2721 947 2835 1001 ἀλλ’
2879 942 3020 1017 ἦσαν
3084 949 3532 1018 κατεσταλμένοι,
3587 951 3692 1004 οὐκ
3720 953 3780 1005 ἀν

2201 1033 2374 1086 ταῦτα
2403 1031 2624 1086 ἔπαθον.
2656 1031 2820 1085 Ὅθεν
2873 1030 3054 1101 δῆλον,
3105 1032 3186 1086 ὅτι
3233 1033 3515 1098 ἀλαζονεία
3547 1037 3780 1106 μάλιστα

2202 1117 2296 1169 καὶ
2328 1114 2569 1186 ῥᾳθυμία
2601 1115 2729 1186 ἑξῆς
2761 1115 2856 1168 καὶ
2880 1115 2912 1184 ή
2939 1116 3357 1186 γαστριμαργία
3401 1116 3613 1171 τούτων
3649 1121 3781 1171 εἰσὶν

2199 1200 2254 1252 αί
2277 1199 2449 1270 πηγαὶ
2467 1197 2577 1251 τῶν
2606 1199 2810 1253 κακῶν.
2845 1198 3007 1251 Ὥστε
3039 1200 3087 1251 εἰ
3113 1202 3206 1254 καὶ
3229 1199 3486 1271 ἕστηκας,
3511 1201 3780 1270 φυλάττου

2199 1282 2261 1343 τὸ
2295 1282 2370 1354 μὴ
2397 1285 2602 1338 πεσεῖν.
2639 1285 2713 1337 Τὸ
2732 1285 2840 1356 γὰρ
2869 1285 3100 1340 ἐνταῦθα
3120 1287 3308 1356 στῆναι
3337 1285 3436 1338 οὑκ
3453 1285 3605 1338 ἐστιν
3634 1285 3782 1339 ἐστάο

2203 1384 2288 1420 ναι
2319 1365 2572 1436 βεϐαίως,
2598 1368 2703 1431 ἕως
2741 1368 2807 1422 ἂν
2831 1369 3232 1441 ἀπαλλαγῶμεν
3269 1367 3376 1422 τῶν
3400 1370 3669 1440 κυμάτων
3693 1370 3782 1426 τοῦ

2204 1451 2466 1518 παρόντος
2487 1450 2625 1520 βίου,
2662 1451 2755 1504 καὶ
2801 1452 2936 1522 πρὸς
2966 1453 3058 1506 τὸν
3110 1451 3366 1505 εύδιεινὸν
3388 1451 3782 1507 καταπλεύσωο

2205 1551 2304 1603 μεν
2325 1533 2539 1604 λιμένα.
2571 1535 2663 1605 Μὴ
2698 1535 2876 1588 τοίνυν
2905 1536 2997 1588 ἐπὶ
3045 1539 3110 1607 τῇ
3153 1536 3340 1590 στάσει
3395 1535 3584 1608 φρόνει
3622 1537 3780 1606 μέγα,

2201 1617 2338 1671 ἀλλὰ
2368 1617 2637 1686 φυλάττου
2665 1617 2762 1689 τὴν
2787 1617 3016 1672 πτῶσιν.
3051 1620 3116 1674 Εἰ
3150 1619 3257 1690 γὰρ
3285 1619 3493 1682 Παῦλος
3520 1618 3782 1685 δέδοικεν,

2201 1702 2230 1753 ὁ
2255 1699 2474 1753 πάντων
2505 1701 2878 1772 στερρότερος,
2909 1702 3089 1772 πολλῷ
3145 1701 3345 1773 μᾶλλον
3376 1702 3523 1772 ήμάς
3551 1701 3784 1755 δεδοικέ-

2202 1801 2291 1837 ναι
2320 1785 2448 1854 χρή.
2489 1783 2547 1837 '0
2579 1783 2676 1855 μὲν
2699 1779 2794 1838 οὖν
2834 1785 3152 1849 Ἀπόστολος
3184 1786 3388 1855 ἔλεγεν,
3413 1787 3603 1839 Ὥστε
3630 1789 3664 1840 ὁ
3690 1785 3785 1840 δο-

2203 1867 2325 1923 κῶν
2355 1867 2626 1929 ἑστάναι.
2651 1869 2929 1934 βλεπέτω
2952 1869 3039 1940 μὴ
3095 1871 3277 1940 πέσῃ·
3330 1873 3494 1943 ἡμεῖς
3548 1871 3612 1923 δέ
3668 1871 3784 1924 οὐδὲ

2202 1952 2358 2006 τοῦτο
2374 1952 2646 2023 δυνάμεθα
2672 1954 2864 2015 εἰπεῖν,
2892 1956 3128 2018 πάντων,
3161 1955 3237 2018 ὼς
3270 1955 3463 2016 εἰπεῖν,
3495 1953 3783 2008 πεπτωκό-

2199 2053 2308 2090 των
2338 2035 2431 2089 καὶ
2483 2036 2946 2107 κατεστρωμένων
2999 2037 3093 2089 καὶ
3120 2036 3296 2106 χαμαὶ
3325 2038 3624 2107 κειμένων.
3669 2038 3784 2090 Τίνι

2200 2123 2310 2190 γάρ
2342 2120 2482 2173 εῐπω
2499 2119 2782 2190 τοῦτο;τῷ
2811 2121 3108 2190 ἁρπάζοντι
3135 2121 3256 2174 καθ’
3283 2121 3784 2192 ἐκάστηνήμέραν;

2202 2205 2340 2259 ἀλλά
2369 2208 2546 2258 κεῖται
2578 2205 2724 2275 μέγα
2763 2207 2964 2274 πτῶμα
3016 2204 3219 2259 πεσών.
3257 2205 3417 2258 Ἀλλά
3447 2204 3524 2275 τῷ
3557 2207 3782 2278 πόρνῳς

2201 2289 2340 2342 ἀλλά
2363 2289 2618 2360 ἔρριπται
2645 2288 2842 2358 χαμαί.
2884 2287 3045 2340 Ἀλλά
3071 2287 3148 2357 τῷ
3186 2285 3468 2358 μεθύοντις
3505 2288 3654 2341 ἀλλὰ
3696 2290 3785 2341 κεὶ

2203 2374 2366 2438 αὐτὸς
2396 2375 2601 2427 κεῖται·
2639 2371 2735 2426 καὶ
2765 2371 2907 2434 οὐδὲ,
2957 2372 3039 2424 ὅτι
3093 2373 3292 2435 κεῖται,
3323 2367 3484 2425 οἶδεν.
3508 2373 3683 2426 Ὥστε
3725 2375 3782 2426 ού

2201 2455 2392 2510 τούτου
2431 2455 2618 2528 καιρὸς
2642 2454 2737 2509 τοῦ
2776 2456 3039 2526 ῥήματος,
3066 2454 3181 2508 ἀλλ’
3208 2455 3415 2508 ἐκείνου
3437 2453 3532 2509 τοῦ
3569 2473 3785 2527 προφη-

2199 2538 2378 2602 τικοῦ,
2411 2539 2441 2592 δ
2469 2539 2724 2609 καὶπρὸς
2780 2537 3064 2601 Ἰουδαίους
3097 2537 3272 2607 ἔλεγε·
3335 2537 3430 2607 Μὴ
3468 2541 3500 2592 ὀ
3548 2541 3785 2593 πίπτων

2199 2627 2313 2680 οὐκ
2341 2625 2658 2679 ἀνίσταται
2674 2641 2694 2689 ;
2725 2622 2836 2677 Καὶ
2866 2621 2975 2693 γὰρ
3010 2623 3250 2687 ἆπαντες
3269 2626 3495 2685 κεῖνται,
3521 2625 3622 2676 καὶ
3655 2626 3777 2678 ἀνα.

2204 2710 2396 2780 στῆναι
2446 2707 2508 2761 ού
2543 2706 2846 2778 βούλονται.
2883 2708 3044 2760 Ὥστε
3092 2711 3125 2778 ή
3189 2706 3469 2778 προτροπὴ
3501 2709 3645 2778 ἡμῖν
3693 2709 3784 2777 οὐχ

2200 2793 2342 2865 ὑπὲρ
2372 2791 2466 2846 τοῦ
2493 2791 2568 2864 μὴ
2599 2793 2806 2855 πεσεῖν,
2838 2791 2952 2845 ἀλλ’
2997 2789 3138 2861 ὑπὲρ
3182 2789 3278 2843 τοῦ
3328 2791 3454 2856 τοὺς
3495 2791 3784 2862 κειμένους

2199 2875 2493 2947 δυνηθῆναι
2525 2874 2840 2944 ἀναστῆναι.
2907 2873 3254 2944 Ἀναστῶμεν
3305 2874 3485 2927 τοίνυν
3522 2875 3632 2944 ὀψέ
3659 2874 3780 2942 γοῦν

2201 2976 2355 3025 ποτε,
2391 2959 2686 3030 ἀγαπητοὶ,
2709 2957 3054 3026 ἀναστῶμεν,
3089 2958 3186 3010 καὶ
3235 2956 3448 3028 στῶμεν
3499 2958 3780 3024 γενναίως.

2198 3045 2377 3114 Μέχρι
2437 3043 2580 3106 τίνος
2625 3041 2888 3112 κείμεθα;
2939 3041 3102 3112 μέχρι
3160 3041 3304 3106 τίνος
3355 3041 3672 3111 μεθύομεν,
3715 3043 3778 3109 τῇ

2199 3126 2367 3198 πολλῇ
2396 3125 2507 3179 τῶν
2532 3123 2800 3196 βιωτικῶν
2827 3124 3093 3194 ἐπιθυμίᾳ
3117 3125 3528 3196 κεκαρωμένοι;
3585 3120 3780 3176 Εὔκαι-

2200 3227 2293 3282 ρον
2331 3211 2427 3264 καὶ
2461 3209 2555 3262 νῦν
2583 3209 2775 3262 είπεῖν·
2805 3207 2947 3279 Πρὸς
2971 3207 3093 3261 τίνα
3120 3207 3336 3278 λαλήσω
3361 3207 3454 3259 καὶ
3478 3205 3782 3278 διαμαρτύ-

2199 3310 2394 3365 ρομαι;
2428 3290 2570 3347 οῦτω
2597 3293 2794 3354 πάντες
2827 3292 2923 3344 καὶ
2961 3291 3099 3362 πρὸς
3123 3291 3294 3360 αὐτὴν
3325 3290 3421 3360 τῆς
3444 3290 3658 3360 ἀρετῆς
3689 3289 3781 3356 τὴν

2197 3376 2542 3430 διδασκαλίαν
2576 3377 2683 3428 εἰσὶ
2715 3375 3132 3445 κεκωφωμένοι.
3155 3375 3249 3426 καὶ
3288 3372 3498 3426 πολλῶν
3525 3372 3780 3424 ἐντεῦθεν

2199 3460 2646 3530 ἐμπεπλησμένοι
2675 3457 2892 3512 κακῶνί
2927 3459 3038 3511 Καὶ
3065 3459 3114 3510 εί
3143 3457 3242 3521 τὰς
3269 3457 3446 3528 ψυχάς
3466 3459 3690 3527 γυμνὰς
3718 3452 3778 3524 ἦν

2201 3545 2350 3609 ίδεῖν,
2393 3544 2645 3613 καθάπερ
2665 3543 2758 3595 ἐπὶ
2785 3541 2894 3595 τῶν
2931 3541 3309 3612 στρατοπέδων
3343 3543 3439 3612 τῆς
3498 3541 3778 3612 συμϐολῆς

2198 3627 2594 3699 παρελθούσης,
2616 3627 2742 3689 τοὺς
2771 3627 2870 3696 μὲν
2907 3627 3132 3697 νεκροὺς
3162 3627 3276 3680 ἐστι
3305 3625 3632 3688 θεάσασθαι,
3657 3628 3780 3686 τοὺς

2195 3713 2252 3767 δὲ
2277 3711 2844 3784 τετραυματισμένους
2866 3710 3040 3782 [207],
3062 3710 3205 3764 οὕτω
3222 3714 3317 3764 καὶ
3333 3713 3424 3764 ἐπὶ
3438 3711 3536 3780 τῆς
3556 3713 3780 3784 Ἐκκληο

2198 3799 2319 3861 σίας
2347 3797 2557 3867 εἴδομεν
2586 3797 2670 3851 ἀν.
2710 3795 2802 3848 Διὸ
2854 3795 3045 3865 δέομαι
3089 3797 3180 3848 καὶ
3239 3796 3568 3868 παρακαλῶ,
3624 3805 3778 3872 χεῖρα

2195 3886 2442 3957 ἀλλήλοις
2476 3883 2751 3955 ὀρέξωμεν
2781 3883 2875 3938 καὶ
2929 3883 3322 3954 διαναστῶμεν.
3379 3887 3486 3938 Καὶ
3519 3887 3639 3958 γὰρ
3673 3890 3782 3958 ἐγὼ

2196 3971 2302 4024 τῶν
2329 3968 2685 4038 πεπληγότων
2733 3967 2869 4037 ειμι,
2899 3967 2992 4020 καὶ
3051 3965 3321 4038 δεομένων
3365 3969 3457 4021 τοῦ
3504 3972 3781 4042 φάρμακα

2196 4055 2564 4126 ἐπιθήσοντος.
2603 4052 2762 4106 Ἀλλὰ
2810 4053 2884 4124 μὴ
2939 4054 3222 4123 ἀπογνῶτε
3259 4053 3348 4108 διά
3380 4054 3560 4108 τοῦτο·
3594 4061 3646 4112 εί
3674 4063 3779 4132 γάρ

2195 4147 2288 4198 καὶ
2311 4143 2545 4214 χαλεπαὶ
2601 4142 2657 4194 αἱ
2708 4139 2937 4211 πληγαί,
2977 4140 3090 4194 ἀλλ’
3121 4142 3222 4194 οὐκ
3249 4140 3478 4195 ἀνίατοι.
3516 4143 3780 4211 Τοιοῦτος

2196 4232 2399 4304 ἡμῶνὸ
2439 4232 2642 4302 ἱατρός·
2697 4229 2855 4302 μόνον
2901 4228 3218 4298 αἰσθώμεθα
3261 4229 3369 4282 τῶν
3415 4234 3778 4302 τραυμάτων,

2195 4321 2298 4374 κᾶν
2328 4323 2408 4383 είς
2435 4320 2566 4372 αὐτὸ
2595 4318 2657 4372 τὸ
2687 4320 2915 4388 ἔσχατον
2937 4316 3180 4386 ἔλθωμεν
3204 4315 3306 4386 τῆς
3334 4317 3546 4380 κακίας,
3570 4321 3778 4384 πολλάς

2193 4409 2343 4471 ὁδοὺς
2391 4409 2576 4478 τέμνει
2625 4405 2896 4476 σωτηρίας
2950 4405 3100 4475 ἡμῖν.
3129 4403 3248 4456 Κάν
3296 4403 3404 4476 γάρ
3435 4404 3510 4475 τῷ
3541 4408 3778 4479 πλησίον

2193 4499 2335 4567 ἀφῇς
2385 4496 2576 4567 ὀργὴν,
2620 4492 2951 4564 ἀφεθήσεταί
3001 4508 3083 4544 σοι
3123 4491 3594 4563 πλημμελήματα·
3637 4497 3780 4550 Ἐὰν

2195 4588 2303 4656 γὰρ
2356 4583 2568 4654 ἀφῆτε,
2618 4582 2774 4651 φησὶ,
2838 4579 2958 4647 τοῖς
3017 4577 3365 4647 ἀνθρώποις,
3405 4581 3639 4650 ἀφήσει
3677 4586 3774 4638 καὶ

2194 4672 2336 4742 ὑμῖν
2360 4673 2393 4726 ό
2418 4670 2619 4738 Πατὴρ
2643 4665 2812 4739 ὑμῶν
2837 4671 2869 4722 d
2890 4666 3188 4736 οὐράνιος.
3221 4666 3336 4721 Κάν
3395 4669 3776 4743 ἐλεημοσύνην

2192 4762 2318 4832 δῷς,
2351 4765 2692 4829 συγχωρήσει
2713 4774 2794 4810 σοι
2819 4757 2887 4810 τά
2919 4756 3324 4826 ἁμαρτήματα·
3362 4755 3476 4822 Τὰς
3489 4759 3607 4829 γάρ
3632 4761 3775 4813 dm.

2187 4847 2326 4915 μίας
2349 4861 2488 4910 σου,
2521 4841 2788 4913 φησὶν,ὲν
2805 4839 3271 4909 έλεημοσύναις⁸
3297 4840 3621 4908 λύτρωσαι,
3657 4843 3776 4896 Κάν

2191 4928 2320 5001 εὔξῃ
2367 4926 2697 4988 σπουδαίως,
2755 4922 3080 4986 ἀπολαύσεις
3122 4923 3388 4990 ἀφέσεως.
3436 4925 3544 4976 Καὶ
3618 4928 3776 4978 τοῦτο

2189 5013 2455 5066 δείκνυσιν
2483 5012 2516 5082 η
2547 5011 2688 5080 χήρα
2716 5009 2749 5080 ή
2777 5008 2870 5061 τὸν
2916 5006 3066 5077 ὠμὸν
3117 5007 3320 5060 ἐκεῖνον
3360 5007 3626 5078 δικαστὴν
3655 5011 3775 5061 ἐπι-

2190 5098 2456 5169 κάμψασα
2487 5098 2554 5166 τῇ
2586 5093 2836 5164 συνεχείᾳ
2879 5093 2978 5162 τῆς
3015 5092 3326 5156 ἐντεύξεως.
3375 5093 3496 5146 Κᾶν
3522 5111 3769 5164 κατηγο-

2189 5185 2361 5256 ρήσῃς
2396 5181 2504 5234 τῶν
2526 5178 2958 5250 ἁμαρτημάτων,
2999 5175 3141 5245 ἔχεις
3174 5175 3558 5248 παραμυθίαν·
3614 5179 3767 5247 Λέγε

2186 5269 2294 5336 γάρ
2326 5265 2408 5319 σὺ
2437 5263 2542 5330 τὰς
2557 5262 2845 5332 ἁμαρτίας
2873 5275 2989 5313 σου
3010 5257 3258 5328 πρῶτος,
3291 5260 3389 5313 ἳνα
3415 5259 3766 5329 δικαιωθῇς.

2186 5357 2303 5412 Κᾶν
2336 5353 2735 5425 σκυθρωπάσῃς
2762 5351 2902 5421 ὑπὲρ
2934 5348 3156 5416 τούτων,
3192 5352 3285 5403 καὶ
3314 5350 3472 5403 τοῦτό
3505 5367 3585 5404 σοι
3621 5354 3766 5424 φάρ-

2189 5458 2360 5512 μακον
2398 5439 2549 5492 ἔσται
2585 5439 2838 5508 μέγιστον
2863 5449 2876 5463 ⁸
2902 5429 3084 5488 Εἶδον
3113 5433 3242 5504 γὰρ,
3269 5435 3450 5505 φησὶν,
3479 5434 3564 5488 ὅτι
3618 5437 3763 5490 uv-

2184 5526 2345 5594 πήθη
2379 5523 2477 5578 καί
2519 5522 2810 5590 ἐπορεύθη
2867 5519 3150 5590 στυγνὸς,
3199 5521 3297 5575 καί
3350 5520 3614 5592 ἰασάμην
3659 5522 3769 5588 τὰς

2251 5805 2720 5872 ὶι-ιεῃεὺαίατφησὶ,
2755 5801 3064 5866 ἐλεημοσύνη.
