3826 6216
45 308 127 363 195

46 419 177 477 lamui
205 406 342 491 ipsos
362 420 629 476 obnoxios
657 421 989 491 pronuntiat.
1024 421 1203 491 Neque
1234 421 1573 493 fornicemur,

45 516 134 566 .icut
151 510 345 578 quidam
374 527 437 565 ea:
459 512 585 582 ipsis
612 513 852 583 fornicati
877 520 1013 567 sunt.
1038 512 1215 579 Quare
1236 506 1577 581 hicfor'hicao

49 612 195 661 ionem
221 616 503 667 memorat,
534 620 652 660 cum
678 604 746 659 de
775 605 864 659 illa
902 614 1058 660 antea
1081 614 1283 659 tantum
1312 604 1579 660 disserue-

45 697 238 753 'it?Mos
262 706 344 751 est
372 712 589 766 semper
630 696 816 762 Paulo,
851 712 972 751 cum
1019 696 1087 751 de
1131 695 1313 750 multis
1358 703 1579 750 accusat

46 789 243 853 teccatis,
280 787 467 841 ordine
496 788 586 841 illa
610 802 812 857 ponere
854 797 908 842 et
955 788 1226 858 proposita
1272 786 1575 857 singulatim

45 880 273 951 tersequi;
302 894 362 933 ac
388 894 574 934 rursus
600 880 686 934 ubi
710 880 775 935 de
796 880 914 935 aliis
937 879 1190 950 loquitur,
1215 880 1394 950 priora
1416 880 1576 935 etiam

45 981 249 1043 epetere.
283 972 436 1040 Quod
464 972 605 1029 Deus
636 989 850 1043 quoque
879 973 1109 1028 iaciebat
1140 973 1191 1028 in
1245 973 1427 1029 Veteri
1476 972 1579 1028 Te-

48 1074 290 1127 tamento;
321 1065 372 1117 in
404 1064 626 1134 singulis
655 1064 864 1119 delictis
894 1066 1114 1119 vitulum
1140 1064 1341 1121 Judaeis
1369 1080 1579 1120 memo-

45 1157 163 1213 altat,
191 1162 243 1209 et
272 1153 398 1207 illud
430 1165 706 1224 peccatum
755 1155 806 1209 in
836 1155 1067 1210 medium
1094 1154 1412 1210 adducebat.
1462 1155 1576 1211 Hoc

46 1263 170 1318 aque
196 1257 248 1301 et
275 1246 470 1302 Paulus
498 1247 587 1302 hic
608 1246 764 1314 facit,
796 1248 922 1303 illud
948 1249 1107 1304 simul
1149 1264 1576 1305 commemorans

46 1351 285 1406 cccatum,
312 1349 369 1396 et
391 1340 593 1396 docens
623 1341 726 1396 hoc
756 1342 1019 1411 prodiisse
1045 1357 1113 1397 ex
1133 1341 1337 1398 deliciis
1356 1351 1411 1398 et
1429 1342 1570 1412 gula.

45 1443 320 1502 tuapmpter
367 1434 604 1504 adjecit:
640 1433 817 1506 Neque
859 1435 1325 1505 fornicemur,sicut
1367 1434 1574 1506 quidam

45 1543 160 1579 trum
187 1526 421 1595 fornicati
445 1536 583 1593 sunt,
630 1537 677 1582 et
704 1527 987 1581 ceciderunt
1027 1544 1129 1582 una
1156 1528 1236 1582 die
1259 1528 1436 1598 viginti
1476 1527 1573 1580 tria

46 1619 171 1671 iitlia.
205 1617 269 1671 Et
293 1632 387 1672 cur
405 1634 510 1673 non
533 1620 682 1689 ponit
698 1622 857 1674 etiam
878 1619 1193 1674 idololatria:
1211 1617 1572 1688 punitionem?

53 1710 235 1779 utquia
265 1710 466 1764 clarum
503 1721 619 1766 erat
644 1719 699 1765 ct
737 1711 1075 1767 manifestum
1111 1720 1243 1766 :aut
1273 1711 1396 1780 quia
1447 1717 1571 1765 tunc

45 1805 139 1873 laga
173 1818 279 1857 non
310 1813 453 1857 tanta
486 1801 605 1868 fuit,
647 1810 841 1874 quanta
891 1803 1125 1857 Balaami
1157 1812 1416 1872 tempore,
1447 1816 1569 1856 cum

45 1896 175 1948 uitiati
205 1903 329 1948 sunt
368 1895 722 1965 Beelphegor,
765 1894 1119 1948 Madianiticis
1164 1892 1478 1947 mulieribus
1516 1892 1569 1946 iu

45 1990 155 2043 :iem
183 1987 562 2043 accedentibus
608 1988 859 2057 ipsosque
884 1986 949 2041 ad
982 1986 1255 2040 libidinem
1283 1984 1569 2040 allicienti-

46 2094 107 2146 ωε,
152 2080 447 2134 secundum
488 2080 722 2134 Balaami
774 2079 1076 2135 consilium.
1123 2078 1257 2133 Nam
1297 2077 1439 2149 quod
1468 2077 1571 2133 hoc

46 2172 182 2226 talum
241 2172 523 2227 consilium
574 2172 808 2227 Balaami
855 2183 1019 2237 esset,
1076 2170 1315 2227 declarat
1360 2170 1568 2241 Moyses

46 2275 165 2319 istea
198 2264 383 2320 dicens
406 2266 456 2320 in
488 2265 593 2321 ﬁne
623 2267 739 2320 libri
768 2265 1123 2321 Numerorum
1156 2285 1169 2322 :
1200 2266 1415 2321 Balaam
1440 2283 1566 2334 quo-

45 2377 81 2413 te
102 2359 265 2428 ﬁlium
292 2358 424 2414 Beor
463 2362 757 2414 occiderunt
805 2362 856 2414 in
902 2361 1031 2415 bello
1078 2360 1290 2415 Madian
1314 2360 1567 2413 cumvul-

46 2448 206 2509 aratis,
241 2459 287 2503 et
312 2451 632 2504 adduxerunt
656 2451 839 2520 spolia.
873 2449 937 2504 Et
964 2452 1123 2505 iratus
1153 2460 1223 2505 est
1255 2450 1454 2521 Moyses
1476 2492 1493 2516 ,
1517 2460 1566 2504 et

45 2544 151 2596 sit:
190 2541 296 2595 Cur
319 2542 454 2596 vivas
502 2544 703 2613 cepistis
755 2560 925 2597 omnes
974 2544 1242 2598 mulieres?
1270 2542 1409 2613 [pste
1433 2544 1565 2598 enim

46 2644 123 2685 ant
167 2632 295 2700 ﬁliis
324 2633 488 2688 Israel
532 2635 585 2687 in
607 2634 906 2688 scandalum
935 2636 1209 2688 secundum
1238 2634 1436 2688 verbum
1460 2632 1566 2688 Ba-

45 2742 133 2789 am,
160 2734 217 2777 ut
241 2724 511 2793 deﬁcerent
536 2736 583 2778 et
613 2727 923 2795 despicerent
966 2727 1167 2779 verbum
1210 2724 1417 2780 Domini
1442 2744 1563 2797 pro-

45 2836 89 2872 er
108 2817 317 2890 Phegor
346 2816 543 2889 (Num.
577 2819 666 2874 5i.
692 2820 750 2874 8.
782 2819 866 2873 14.
900 2819 1021 2888 16).
1046 2818 1098 2874 9.
1127 2817 1303 2889 Neque
1323 2821 1563 2873 tentenms

45 2913 249 2975 iristum,
280 2912 412 2964 sicut
436 2898 642 2980 quidam
670 2927 841 2964 eorum
883 2919 1195 2964 temaverunt
1223 2921 1267 2963 et
1304 2926 1334 2961 a
1360 2926 1565 2980 serpen-

52 3018 104 3055 us
145 3003 423 3071 perierunt.

48 3098 96 3149 4.
126 3095 231 3150 Per
258 3094 363 3150 hoc
392 3110 579 3149 rursus
605 3092 747 3148 aliud
792 3092 1101 3148 subindicat
1144 3091 1368 3154 crimen.
1422 3091 1562 3162 quod

51 3204 129 3241 am
163 3189 215 3242 in
247 3188 356 3243 ﬁne
381 3188 547 3258 ponit,
580 3201 837 3243 accusans
867 3185 989 3239 illos
1016 3182 1158 3254 quod
1178 3183 1245 3238 de
1270 3182 1434 3254 signis
1460 3199 1560 3253 pu-

46 3290 214 3345 arent,
256 3291 313 3336 et
348 3290 565 3353 propter
604 3280 925 3335 tentationes
950 3286 1349 3332 murmurarent
1371 3274 1557 3331 dicen-

45 3395 53 3429 i
82 3395 95 3429 :
126 3375 355 3444 Quando
375 3375 590 3430 venient
616 3372 790 3428 bona?
811 3371 1025 3442 quando
1056 3371 1306 3441 prmmia?
1332 3369 1559 3440 Ideoque

45 3444 244 3538 hjungit
272 3468 394 3523 illos
414 3466 689 3537 corrigens
717 3480 779 3519 ac
810 3473 1021 3519 terrens
1054 3479 1067 3516 :
1098 3464 1185 3517 10.
1211 3461 1389 3532 Neque
1416 3478 1556 3516 mur-

45 3561 311 3625 traveritis,
358 3561 485 3613 sicut
532 3559 742 3629 quidam
776 3572 949 3610 eorum
992 3562 1465 3617 murmuraverunt,
1509 3562 1557 3607 et

46 3655 219 3706 ierunt
259 3651 329 3706 ab
366 3650 769 3705 exterminatare.
794 3646 908 3701 Non
934 3647 1105 3702 solum
1131 3646 1274 3700 enim
1302 3644 1557 3714 quaeritur

45 3745 71 3797 ti
98 3761 193 3813 pro
210 3743 450 3807 Christo,
473 3740 568 3796 sed
595 3738 753 3795 etiam
776 3753 895 3809 qua:
915 3736 1161 3792 accidunt
1181 3735 1391 3790 fortiter
1418 3734 1557 3791 ferre

45 3852 155 3890 cum
188 3836 346 3891 omni
368 3833 661 3903 voluptate.
688 3830 801 3885 Hoc
826 3838 907 3884 est
927 3830 1067 3883 enim
1085 3828 1303 3883 omnino
1323 3841 1551 3893 corona;

76 3929 120 3982 si
161 3928 272 3983 hoc
320 3943 426 3981 non
456 3926 637 3990 fuerit,
669 3938 827 3994 ptena
881 3924 1040 3978 etiam
1069 3931 1324 3991 sequatur
1350 3935 1444 3978 eos
1464 3923 1553 3993 qui

46 4038 99 4077 re
128 4021 335 4076 ferunt.
367 4018 487 4074 ldeo
513 4017 739 4087 apostoli
763 4015 942 4086 ﬂagris
968 4014 1091 4071 czesi
1130 4014 1467 4085 gaudebant,
1500 4024 1555 4071 et

46 4113 153 4166 alus
181 4113 234 4165 in
267 4109 648 4164 afﬂictionibus
675 4107 1023 4179 gloriabatur.
1077 4106 1165 4160 11.
1212 4104 1341 4159 Ηιτε
1384 4116 1553 4161 autem

45 4204 125 4256 nia
151 4205 206 4257 in
240 4204 416 4273 ﬁgura
447 4199 803 4270 contingebant
834 4198 981 4264 illis;
1007 4198 1199 4268 scripta
1227 4208 1342 4251 sunt
1384 4208 1552 4253 autem

50 4297 431 4365 correptionem
457 4301 700 4356 nostram,
722 4290 791 4344 ad
809 4306 936 4362 quos
976 4290 1103 4359 lines
1125 4288 1424 4344 saeculorum
1462 4290 1553 4345 de-

46 4399 217 4443 erunt.

45 4482 204 4536 οιτηιε
234 4485 430 4552 futura:
454 4488 604 4532 erunt
630 4487 851 4533 (sternte.
874 4505 944 4516 ——
965 4475 1170 4531 Rursus
1195 4485 1362 4532 terret
1390 4478 1549 4532 ﬁnem

45 4587 296 4638 morans,
325 4581 381 4626 et
409 4570 475 4624 ad
498 4569 700 4638 majora
729 4566 997 4638 prioribus
1024 4566 1382 4636 exspectanda
1411 4583 1550 4638 pra:-

46 4673 120 4717 at.
150 4662 295 4717 Nam
330 4660 472 4732 quod
499 4674 686 4731 pmnas
725 4658 898 4713 daturi
936 4657 1126 4724 simus,
1153 4673 1223 4713 ex
1254 4658 1433 4725 dictis,
1463 4658 1549 4713 in-

45 4764 78 4818 t,
103 4756 341 4825 planum
368 4761 451 4806 est
470 4752 630 4808 etiam
662 4751 727 4805 iis
750 4752 838 4820 qui
860 4749 929 4805 de
948 4749 1192 4821 gelienna
1214 4749 1369 4804 dictis
1390 4750 1547 4805 fidem

45 4869 50 4900 ι
77 4847 333 4911 habent;
366 4843 511 4915 quod
537 4855 718 4898 autem
741 4843 1036 4913 graviores,
1060 4857 1125 4896 ex
1147 4855 1214 4896 eo
1233 4840 1374 4911 quod
1397 4842 1547 4911 plura

46 4939 277 5010 sequuti
328 4937 498 4991 simus
544 4934 824 5002 beneﬁcia,
872 4943 928 4988 et
955 4948 1021 4989 ex
1050 4948 1117 4988 eo
1146 4932 1288 5003 quod
1318 4933 1406 4987 illa
1436 4935 1545 5006 typi

45 5042 143 5088 aut.
177 5031 334 5088 Nam
376 5031 420 5085 si
465 5030 521 5085 in
549 5029 703 5083 donis
724 5027 1099 5098 exsuperantia
1130 5026 1220 5091 ﬁt;
1261 5026 1437 5096 palam
1463 5036 1547 5081 est

46 5128 304 5199 upplicio
331 5138 547 5194 quoque
574 5122 708 5178 fore.
753 5121 986 5190 Ideoque
1010 5118 1207 5190 ﬁguras
1231 5118 1541 5188 appellavit,

45 5228 255 5288 iropter
287 5230 393 5271 nos
419 5215 616 5283 scripta
645 5213 807 5268 fuisse
823 5212 974 5278 dixit,
994 5221 1048 5266 et
1074 5211 1233 5264 linem
1263 5211 1315 5264 in
1337 5224 1544 5266 memo-

45 5327 68 5364 n
92 5311 412 5375 revocavit,
442 5316 499 5362 ut
537 5304 1013 5362 consummationis
1040 5305 1365 5361 mentionem
1393 5303 1540 5360 face-

59 5405 184 5460 Nun
214 5403 376 5459 enim
410 5401 533 5455 talia
563 5410 689 5455 tunc
732 5406 886 5453 erant
922 5396 1201 5468 supplicia,
1234 5413 1352 5465 quae
1381 5396 1538 5451 ﬁnetn

55 5498 291 5567 pieliaut
337 5505 391 5550 et
434 5494 791 5557 tollebantur;
840 5491 930 5546 sed
978 5506 1134 5559 ρωηει
1166 5491 1267 5544 erit
1311 5501 1533 5545 :etcrna.

45 5604 80 5646 ll.
96 5584 264 5646 enim
304 5589 465 5657 hujus
490 5588 612 5642 vita:
640 5601 809 5657 ptume
848 5585 1003 5638 simul
1031 5598 1155 5638 cum
1186 5582 1291 5635 vita
1319 5582 1538 5637 solvun-

82 5685 165 5737 sic
194 5683 319 5738 illic
349 5697 518 5746 ptumi:
552 5690 768 5736 autem?
797 5687 976 5733 erunt.
1008 5677 1138 5730 Cum
1176 5683 1352 5729 autem
1382 5673 1532 5739 dicit,

45 5795 97 5833 es
125 5773 472 5834 saeculorum,
499 5771 631 5827 nihil
654 5761 802 5828 aliud
817 5770 966 5841 dicit,
999 5785 1158 5840 quam
1173 5767 1314 5839 quod
1344 5767 1411 5823 de
1429 5780 1534 5823 cte-

1011 307 1075 364 IN
1115 307 1325 363 EPIST.
1365 307 1385 360 1
1449 306 1539 363 ΑΙ)
1576 305 1731 364 COR.
1772 309 2004 367 HOMIL.
2044 309 2237 367 XXlll.

3159 320 3262 377 134

1691 431 1807 478 tero
1834 424 1991 479 instet
2018 424 2274 490 judicium
2305 425 2432 482 illud
2469 425 2814 485 horrendum.
2850 432 2936 490 12.
2969 433 3149 495 Itaque
3178 439 3264 505 qui

1682 531 1737 569 se
1761 516 2020 570 existimat
2045 527 2201 580 stare,
2225 518 2390 572 videat
2416 536 2478 573 ne
2495 521 2669 575 cadat.
2698 521 2903 581 Rursus
2929 525 3139 582 illorum
3181 529 3264 582 fa-

1681 616 1823 660 stum
1853 607 2065 677 dejecit,
2095 613 2184 679 qui
2207 610 2275 665 de
2305 612 2524 666 scientia
2545 629 2639 668 sua
2670 616 2835 671 altum
2869 618 3168 688 sapiebant.
3205 622 3261 676 Si

1681 699 1823 751 enim
1853 699 1948 766 illi,
1982 701 2069 769 qui
2105 710 2247 755 tanta
2280 712 2403 756 sunt
2426 702 2562 759 bona
2590 708 2928 777 consequuti,
2961 710 3085 765 talia
3120 713 3262 781 passi

1681 799 1825 854 sunt,
1858 799 1911 846 et
1954 791 2046 846 alii
2086 793 2300 864 quidem
2333 809 2429 865 pro
2462 802 2883 857 murmuratione
2921 803 3094 858 solum
3127 805 3263 860 tales

1682 879 1898 935 luerunt
1922 898 2136 952 poenas;
2167 885 2254 938 alii
2286 886 2427 956 quod
2460 898 2776 959 tentassent,
2803 905 2856 946 et
2888 909 3061 964 neque
3092 912 3262 967 popu-

1683 969 1765 1024 lus
1799 972 1961 1026 Deum
1989 986 2071 1029 est
2098 976 2379 1045 reveritus,
2425 995 2599 1050 neque
2624 984 2764 1052 quod
2799 992 2903 1039 tam
2935 988 3098 1041 multa
3126 1004 3260 1043 cou-

1680 1072 1937 1131 sequutus
1964 1074 2141 1129 esset;
2170 1066 2340 1121 multo
2370 1071 2537 1140 magis
2569 1071 2619 1125 in
2650 1073 2805 1129 nobis
2837 1076 2939 1130 nisi
2982 1078 3261 1148 vigilemus

1680 1152 1782 1208 hoc
1802 1156 1926 1210 erit.
1954 1156 2018 1211 Et
2044 1160 2287 1229 apposite
2309 1161 2442 1217 dixit
2464 1182 2476 1217 :
2510 1164 2607 1232 Qui
2634 1182 2687 1220 se
2707 1168 2959 1223 existimat
2975 1180 3127 1225 stare.
3149 1171 3261 1228 Hoc

1679 1244 1821 1298 enim
1851 1262 1957 1300 non
1987 1258 2069 1302 est
2094 1260 2238 1305 stare
2290 1262 2350 1306 ut
2377 1262 2522 1310 stare
2548 1265 2777 1325 oportet,
2826 1259 2926 1314 sibi
2958 1261 3057 1332 ipsi
3091 1264 3263 1317 conﬁ-

1678 1334 1842 1392 dere:
1875 1339 1964 1408 qui
2000 1340 2122 1395 talis
2147 1351 2230 1397 est
2252 1344 2417 1412 enim,
2462 1348 2621 1403 citius
2648 1350 2837 1407 cadet:
2864 1369 2986 1408 nam
3020 1355 3096 1410 illi
3118 1374 3258 1426 quo-

1675 1442 1800 1497 que,
1829 1430 1931 1485 nisi
1958 1433 2123 1487 altum
2153 1438 2460 1505 sapuissent
2482 1448 2538 1494 et
2559 1443 2927 1511 conﬁdissent,
2946 1447 3042 1502 sed
3066 1447 3113 1502 si
3139 1464 3261 1505 sese

1676 1520 2069 1591 cohibuissem,
2110 1541 2218 1582 non
2247 1527 2361 1585 lucc
2389 1533 2529 1600 passi
2556 1546 2759 1590 essent.
2794 1536 2947 1595 Unde
2974 1540 3138 1611 liquet
3167 1558 3259 1597 ar-

1675 1612 1973 1703 rogantiam
2005 1617 2261 1686 maxime,
2303 1621 2604 1695 deindeque
2632 1629 2931 1686 socordiam
2962 1642 3016 1687 et
3053 1635 3256 1703 gulam,

1673 1700 1865 1756 horum
1892 1718 2014 1760 esse
2052 1706 2226 1764 fontes
2266 1712 2551 1770 malorum.
2581 1715 2763 1786 Itaque
2790 1721 2833 1774 si
2865 1731 2997 1788 stas,
3030 1700 3159 1781 cave
3190 1700 3259 1781 ne

1672 1791 1855 1847 cadas.
1904 1794 2035 1851 Nam
2081 1799 2167 1854 hic
2194 1810 2358 1869 stare,
2392 1820 2498 1858 non
2525 1817 2608 1861 est
2636 1808 2863 1866 ﬁrmiter
2894 1822 3056 1880 stare,
3085 1820 3259 1873 donec

1673 1882 1966 1980 liberemur
1993 1904 2023 1942 a
2056 1895 2339 1960 praesentis
2367 1898 2488 1952 vitm
2516 1899 2788 1966 ﬂuctibus,
2815 1915 2870 1959 et
2900 1906 2965 1961 ad
2992 1912 3255 1980 tranquil-

1673 1973 1781 2027 lum
1804 1987 2017 2070 portum
2045 1984 2395 2051 appellamus.
2424 1986 2501 2042 Ne
2531 1990 2711 2062 itaque
2735 1994 2899 2048 altmn
2918 1998 3095 2066 sapias
3113 1973 3257 2070 quod

1671 2075 1814 2161 stes,
1850 2068 2125 2161 sedgcave
2168 2073 2397 2144 lapsum.
2449 2078 2505 2135 Si
2560 2098 2790 2154 namque
2819 2087 3016 2144 Paulus
3056 2068 3253 2161 timuit,

1671 2158 1910 2214 omnium
1957 2159 2304 2234 fortissimus,
2337 2171 2505 2225 multo
2534 2176 2705 2244 magis
2736 2192 2834 2232 nos
2877 2179 3066 2236 timere
3095 2158 3256 2253 oper;

1673 2257 1767 2344 tet.
1794 2253 2085 2322 Apostolus
2116 2259 2295 2330 itaque
2320 2262 2533 2320 dicebat
2557 2283 2570 2319 :
2603 2267 2923 2340 Quapropter
2948 2277 3036 2344 qui
3061 2277 3156 2330 sibi
3177 2279 3254 2331 ui-

1670 2342 1819 2397 detur
1844 2356 1996 2414 stare,
2025 2349 2194 2404 videat
2215 2369 2276 2406 ne
2292 2354 2442 2409 cadat
2466 2373 2600 2412 :nos
2625 2370 2803 2416 autem
2828 2380 2894 2418 ne
2912 2342 3014 2421 hoc
3038 2368 3252 2438 quidem

1670 2449 1953 2529 possumus
1983 2441 2180 2508 dicere,
2217 2460 2338 2500 cum
2370 2464 2558 2505 omnes
2587 2450 2701 2509 fere
2745 2454 2881 2525 lapsi
2913 2466 2967 2512 ct
2999 2464 3253 2529 prostrati

1667 2524 1777 2581 sint
1800 2527 2058 2626 humique
2080 2535 2316 2602 jaceant.
2343 2538 2441 2593 Cui
2467 2543 2609 2596 enim
2636 2544 2736 2600 hoc
2758 2524 2971 2603 dicam?
2997 2524 3144 2607 illine
3160 2554 3253 2626 qui

1666 2621 1903 2690 quotidie
1933 2626 2108 2693 rapit?
2139 2629 2233 2682 sed
2273 2629 2417 2699 jacet
2446 2633 2538 2687 ille
2576 2651 2770 2706 magno
2810 2639 2959 2710 lapsu
2987 2621 3249 2712 dejectus.

1668 2711 1737 2763 At
1761 2716 2196 2772 scortatori?sed
2223 2718 2367 2775 humi
2400 2724 2671 2793 projectus
2698 2736 2799 2782 cst.
2823 2732 2904 2785 An
2937 2711 3252 2793 ebrioso?at

1667 2802 1782 2872 ipse
1801 2819 2011 2875 quoque
2029 2808 2196 2877 jacet,
2232 2821 2286 2866 et
2312 2816 2483 2869 nescit
2502 2831 2562 2871 se
2582 2817 2785 2887 jacere.
2820 2821 3002 2893 Itaque
3013 2826 3123 2896 jam
3143 2844 3249 2883 non

1664 2901 1750 2988 est
1778 2903 1987 2988 tempus
2014 2898 2172 2968 hujus
2200 2902 2505 2971 proferendi
2537 2909 2706 2973 verbi,
2734 2912 2827 2966 sed
2858 2914 2998 2969 illius
3023 2919 3251 2988 prophe-

1668 2986 1776 3050 tici,
1799 2987 1941 3056 quod
1970 2989 2181 3045 dicebat
2206 2993 2443 3051 Judwis:
2479 2998 2621 3052 Num
2640 3003 2731 3070 qui
2759 3006 2914 3069 cadit,
2940 3024 3040 3061 non
3074 2986 3249 3065 resur-

1664 3079 1735 3148 git
1761 3078 1934 3149 (Psal.
1964 3084 2055 3137 40.
2089 3084 2183 3156 9)?
2212 3087 2422 3143 Etenim
2450 3105 2639 3147 omnes
2675 3094 2876 3163 jacent,
2927 3116 3025 3155 nec
3064 3105 3250 3160 volunt

1662 3184 1966 3241 resurgere.
1996 3174 2355 3241 Quamobrem
2392 3181 2702 3238 adhortatio
2733 3188 2886 3242 nobis
2916 3201 3021 3256 est,
3056 3208 3159 3247 non
3190 3205 3248 3250 ut

1663 3276 1731 3317 ne
1754 3264 2030 3333 cadamus,
2059 3267 2153 3323 sed
2194 3278 2254 3324 ut
2297 3271 2331 3325 ii
2374 3274 2464 3343 qui
2490 3275 2674 3343 jacent
2703 3281 2912 3347 possint
2942 3298 3245 3355 resurgere.

1660 3354 2026 3428 Resurgamus
2054 3360 2217 3431 igitur
2257 3364 2339 3419 vel
2379 3380 2504 3421 sero
2546 3369 2791 3435 tandem,
2819 3371 3027 3441 dilecti,
3058 3354 3246 3433 resur-

1660 3462 1847 3518 gamus
1866 3460 1919 3505 et
1941 3450 2153 3507 fortiter
2175 3464 2399 3511 stemus.
2423 3459 2713 3532 Quousque
2738 3464 3015 3532 iacemus?
3036 3484 3241 3539 quous-

1659 3554 1764 3609 que
1784 3541 1917 3597 ebrii
1946 3558 2153 3611 sumus,
2191 3548 2353 3601 multa
2384 3565 2563 3605 rerum
2606 3556 2943 3611 saecularium
2985 3564 3243 3634 concupi-

1659 3632 1864 3686 scentia
1904 3636 2149 3703 gravati?
2191 3636 2561 3708 Opportunum
2614 3653 2698 3698 est
2740 3662 2882 3703 nunc
2911 3649 3129 3707 dicere:
3158 3632 3243 3710 λιι

1658 3736 1816 3791 quem
1849 3723 2036 3795 loquar
2073 3736 2128 3782 et
2157 3729 2520 3786 testiﬁcabor?
2562 3749 2731 3805 usque
2770 3738 2905 3794 adeo
2944 3757 3133 3799 omnes
3174 3746 3241 3801 ad

1658 3812 1827 3883 ipsam
1854 3817 2063 3873 virtutis
2079 3819 2376 3876 doctrinam
2397 3822 2815 3895 obsurduerunt,
2838 3840 2894 3885 et
2916 3834 3097 3888 multis
3116 3836 3241 3893 hinc

1658 3908 1845 3978 repleti
1873 3919 2000 3965 sunt
2028 3912 2203 3966 malis.
2232 3913 2299 3969 Et
2318 3916 2361 3969 si
2387 3930 2665 3985 possemus
2685 3920 2892 3976 animas
2920 3924 3102 3980 videre
3142 3942 3243 3982 nu-

1656 3999 1774 4066 das,
1810 4002 1943 4056 utin
1970 4004 2296 4060 exercitibus
2337 4018 2460 4075 post
2502 4008 2828 4078 conﬂictum,
2877 4015 2967 4069 alii
3014 4020 3237 4087 mortui,

1655 4094 1749 4149 alii
1802 4095 2065 4153 vulnerati
2112 4098 2389 4166 videntur;
2419 4102 2574 4156 sicin
2628 4102 2865 4160 Ecclesia
2907 4107 3234 4169 videremus.

1655 4187 2014 4253 Quamobrem
2070 4191 2298 4247 obsecro
2343 4203 2399 4248 et
2440 4210 2538 4249 oro
2566 4236 2583 4262 ,
2636 4212 2852 4252 manum
2904 4201 3040 4257 alter
3082 4203 3238 4263 alteri

1659 4282 1992 4354 porrigamus
2007 4292 2065 4339 et
2087 4300 2457 4356 exsurgamus.
2483 4287 2616 4344 Nam
2644 4299 2698 4345 et
2721 4306 2822 4362 ego
2841 4308 2905 4348 ex
2929 4296 3238 4352 sauciorum

1658 4388 1884 4428 numero
1908 4388 2049 4439 sum,
2080 4384 2135 4431 et
2160 4391 2347 4432 eorum
2388 4379 2477 4449 qui
2521 4380 2825 4449 pharmacis
2854 4399 2988 4453 opus
3016 4385 3231 4442 habent.

1652 4463 1758 4520 Sed
1789 4480 1858 4521 ne
1889 4464 2009 4519 ideo
2032 4466 2267 4522 animum
2291 4467 2702 4538 despondeatis:
2728 4488 2850 4527 nam
2894 4476 2996 4529 etsi
3042 4478 3233 4546 gravia

1651 4566 1778 4612 sunt
1822 4559 2066 4624 vulnera,
2118 4568 2174 4613 at
2221 4575 2326 4614 non
2381 4560 2721 4615 incurabilia.
2765 4562 2910 4617 Talis
2938 4572 3021 4618 est
3048 4574 3234 4620 noster

1652 4652 1922 4715 medicus;
1956 4652 2117 4707 modo
2147 4653 2368 4709 vulnera
2397 4653 2712 4720 sentiamus,
2739 4655 2948 4708 etiamsi
2976 4655 3027 4708 in
3053 4665 3233 4712 estre-

1651 4758 1797 4796 mum
1845 4743 2093 4813 nequitia}
2137 4744 2461 4809 venerimus,
2505 4744 2700 4799 multas
2726 4744 2882 4800 nobis
2907 4745 3081 4816 aperit
3114 4749 3227 4802 vias

1652 4835 1857 4890 salutis.
1889 4835 2020 4891 Nam
2042 4837 2087 4891 si
2117 4837 2362 4906 proximo
2390 4837 2525 4892 iram
2566 4836 2863 4901 remiseris,
2887 4838 3229 4895 remittentur

1651 4929 1747 4985 tibi
1778 4929 2006 4985 delicta:
2041 4930 2103 4985 Si
2142 4932 2298 4996 enim,
2344 4932 2536 5001 inquit,
2583 4931 2878 4985 remiseritis
2919 4931 3226 5000 hominibus,

1648 5021 1863 5074 remittet
1890 5030 1936 5075 et
1964 5021 2101 5075 vobis
2130 5020 2286 5075 Pater
2310 5032 2469 5075 vester
2496 5020 2708 5076 caelestis
2756 5019 2965 5092 (Matth.
3009 5020 3066 5075 6.
3112 5020 3223 5091 14).

1647 5113 1715 5168 Ει
1741 5114 1786 5168 si
1811 5112 2208 5183 eleemosynam
2234 5112 2469 5178 dederis,
2498 5110 2824 5166 condonabit
2846 5111 2937 5165 tibi
2965 5122 3179 5180 peccata
3207 5131 3220 5166 :

1647 5203 1948 5274 Iniquitates
1974 5203 2116 5258 enim
2138 5212 2272 5268 tuas,
2297 5203 2490 5272 inquit,
2508 5201 2836 5273 eleemosyuis
2852 5202 3043 5255 redime
3059 5200 3219 5265 (Dan.

1645 5296 1699 5349 4.
1727 5294 1841 5363 24).
1875 5293 1930 5349 Si
1955 5294 2239 5364 diligenter
2263 5292 2524 5359 oraveris,
2555 5293 2875 5347 remissione
2907 5291 3124 5347 lrueris.
3153 5292 3223 5347 Et

1648 5388 1747 5443 hoc
1776 5388 2010 5443 ostendit
2038 5388 2216 5454 vidua,
2245 5403 2363 5458 qua:
2384 5388 2669 5442 immanem
2698 5388 2845 5442 illum
2862 5387 3095 5456 jndiccm
3114 5384 3222 5441 fre-

1643 5483 1827 5553 quenti
1857 5482 2117 5552 petitione
2147 5481 2371 5537 inﬂexit.
2403 5481 2457 5537 Si
2484 5491 2703 5552 peccata
2736 5492 2824 5535 tua
2851 5482 3216 5543 accusaveris,

1644 5576 1808 5631 habes
1824 5574 2279 5629 consolationem:
2304 5571 2403 5627 Dic
2424 5585 2477 5627 tu
2498 5575 2639 5629 enim
2664 5573 2857 5643 primus
2887 5581 3091 5642 peccata
3107 5578 3215 5633 tua,

1641 5678 1697 5722 ut
1716 5667 2013 5739 justi/iccris
2036 5664 2193 5735 (lsai.
2224 5667 2313 5721 45.
2350 5665 2467 5734 26).
2494 5665 2548 5720 Si
2581 5681 2677 5735 pro
2721 5667 2785 5719 iis
2827 5665 2992 5719 tristis
3031 5660 3214 5722 fueris,

1644 5774 1697 5817 ct
1737 5762 1837 5817 hoc
1883 5758 1979 5816 tibi
2021 5760 2370 5830 pltarmacum
2410 5758 2513 5813 erit
2542 5760 2865 5814 maximum:
2904 5755 3019 5809 Vidi
3055 5752 3211 5817 enim,
