3776 6318
402 293 506 351 195

400 410 592 481 inquit,
622 408 758 477 quod
779 407 957 462 dolore
984 404 1198 473 allectus
1218 405 1304 467 sit,
1335 414 1380 457 et
1406 404 1582 457 abierit
1611 403 1789 467 tristis,
1818 410 1866 455 et
1885 417 1975 453 cu-

398 504 508 556 1αυὶ
524 503 631 556 uias
659 502 770 573 ejus
799 500 954 570 (Isai.
982 500 1073 555 57.
1106 499 1193 553 l7.
1239 498 1349 568 18).
1380 498 1450 552 Et
1473 497 1517 551 si
1547 495 1674 566 quid
1706 494 1830 549 mali
1858 509 1979 563 pas-

401 609 515 651 sus.
550 591 759 647 fortiter
787 590 917 645 illud
949 590 1158 655 tuleris,
1187 597 1356 643 totum
1384 586 1600 643 exuisti.
1626 585 1738 640 Hoc
1767 598 1983 655 quoque

400 685 543 739 enim
570 684 721 737 diviti
762 682 838 737 illi
878 681 1144 736 Abraham
1185 679 1398 735 dicebat
1430 696 1444 733 :
1492 677 1712 746 Recepit
1750 675 1983 730 Lazarus

403 777 542 830 mala
569 790 687 841 sua,
721 783 775 829 et
802 773 888 829 hic
913 773 1339 828 consolationem
1374 770 1535 825 habet
1571 768 1720 838 (Luc.
1746 767 1835 822 16.
1861 765 1981 835 25).

403 868 457 922 Si
483 868 656 923 vidum
678 868 930 922 misertus
954 866 1137 928 fueris,
1168 864 1455 918 abluuntur
1474 870 1690 932 peccata
1721 870 1806 913 tua
1828 874 1982 913 :nam

401 960 477 1012 ait
503 976 515 1011 :
540 957 782 1012 Judicate
810 956 1031 1027 pupillo,
1064 956 1323 1028 defendite
1364 954 1592 1019 viduam,
1614 962 1672 1006 et
1699 951 1858 1005 venite
1903 950 1986 1002 di-

401 1061 704 1113 sceptemus,
736 1051 814 1104 ait
844 1050 1132 1113 Dominus;
1183 1056 1229 1102 et
1273 1048 1315 1101 si
1364 1045 1556 1117 fuerint
1586 1053 1794 1113 peccata
1823 1051 1987 1096 vestra

401 1145 531 1199 sicut
552 1145 841 1213 puniceum,
872 1154 926 1196 ut
954 1143 1114 1195 nivem
1137 1138 1420 1204 dentbabo;
1445 1148 1495 1191 et
1518 1137 1561 1191 si
1586 1136 1775 1208 fuerint
1800 1144 1853 1187 ut
1873 1150 1990 1187 cac-

403 1238 594 1305 cinnm,
625 1247 677 1290 ut
707 1239 881 1291 lanam
919 1233 1161 1288 dealbabo
1207 1230 1358 1303 (Isai.
1406 1231 1459 1285 1.
1509 1230 1598 1287 l7.
1644 1227 1754 1298 18).
1801 1226 1987 1297 Neque

404 1330 548 1383 enim
577 1328 662 1383 vel
688 1326 993 1382 cicatricem
1020 1325 1303 1379 vulnerum
1332 1321 1461 1377 sinit
1489 1334 1773 1391 apparere.

478 1424 529 1477 5.
577 1422 891 1476 Paenitentite
912 1421 985 1473 vis
1010 1419 1061 1472 in
1089 1419 1183 1472 hac
1212 1418 1333 1482 vita,
1356 1415 1604 1470 inutilitns
1644 1415 1697 1467 in
1741 1414 1990 1468 σίων-α.»-

405 1517 508 1571 Sed
535 1517 743 1571 etiamsi
773 1515 1080 1569 venerimus
1110 1513 1161 1566 in
1193 1510 1321 1566 illud
1351 1506 1667 1580 profundum
1704 1507 1987 1568 malorum,

405 1610 458 1663 111
487 1609 626 1679 quod
658 1607 846 1662 incidit
880 1606 927 1661 is
955 1605 1044 1676 qui
1077 1613 1296 1675 paterna
1327 1602 1466 1656 bona
1496 1599 1678 1655 exedit
1703 1608 1758 1653 et
1783 1596 1989 1667 siliquis

404 1701 743 1766 vescebatur,
772 1709 828 1755 et
858 1698 1230 1770 paenitentiam
1279 1695 1570 1765 egerimus,
1602 1692 1823 1746 omnino
1852 1690 1988 1746 salvi

406 1775 873 1849 erimuszetiamsi
904 1790 1090 1845 decem
1124 1787 1285 1841 millia
1329 1786 1527 1840 talenta
1576 1783 1889 1847 debeamus,
1935 1791 1993 1837 et

407 1883 769 1954 procidamus,
820 1881 1245 1950 iujuriarumque
1287 1874 1600 1930 memoriam
1639 1873 1990 1942 deponamus,

408 1978 588 2030 1111111111
633 1974 786 2029 nobis
830 1972 1178 2027 remittuntur
1210 1987 1224 2022 :
1263 1968 1473 2023 etiamsi
1516 1966 1625 2021 illic
1651 1964 1992 2020 aberraveri-

410 2084 552 2134 mus,
584 2068 672 2123 ubi
701 2067 816 2121 ovis
842 2065 910 2120 ab
939 2063 1066 2118 ovili
1096 2061 1386 2124 aberravit,
1421 2059 1546 2114 inde
1576 2059 1667 2114 ille
1706 2072 1805 2112 nos
1830 2056 1991 2111 redu-

411 2163 507 2227 cit,
534 2162 577 2215 si
602 2158 759 2214 modo
786 2157 1033 2221 velimus,
1056 2155 1236 2210 dilecti
1258 2172 1271 2208 :
1291 2153 1551 2224 benignus
1571 2153 1712 2208 enim
1734 2158 1817 2206 est
1832 2148 1990 2204 Deus.

417 2254 544 2308 lileo
593 2252 758 2305 etiam
812 2249 943 2304 satis
982 2248 1056 2302 illi
1095 2248 1209 2314 fuit,
1256 2247 1397 2318 quod
1428 2246 1472 2323 is
1501 2246 1590 2316 qui
1621 2245 1807 2300 decem
1830 2243 1995 2297 millia

417 2345 614 2399 talenta
643 2342 893 2408 debebat,
947 2350 1072 2394 ante
1101 2355 1162 2395 se
1211 2338 1603 2409 procumberet,
1634 2346 1690 2392 et
1718 2334 1860 2406 quod
1906 2334 1995 2404 qui

418 2447 638 2508 paterna
658 2436 794 2490 bona
811 2434 1199 2502 absumpserat,
1218 2432 1388 2485 solum
1406 2426 1995 2499 reverteretur,etquod

418 2543 607 2584 errans
630 2529 747 2581 ovis
775 2526 975 2596 portari
1004 2524 1184 2580 vellet.
1215 2523 1527 2595 Cogitantes
1554 2523 1713 2593 igitur
1750 2520 1999 2592 benigni-

421 2621 548 2674 tatis
574 2618 689 2688 ejus
718 2616 1161 2687 magnitudinem,
1194 2615 1281 2671 hic
1329 2615 1478 2669 illum
1510 2614 1664 2669 nobis
1708 2615 1997 2683 propitium

420 2710 730 2777 reddamus,
764 2717 818 2763 et
847 2721 1280 2777 praeoccupemus
1310 2705 1497 2761 faciem
1537 2705 1656 2776 ejus
1700 2705 1752 2758 in
1789 2704 2002 2761 confes-

422 2806 597 2870 sione,
617 2813 677 2858 ut
699 2817 765 2858 ne
788 2800 913 2856 hinc
931 2800 1192 2856 abeuntes
1211 2799 1330 2855 sine
1344 2797 1678 2865 defensione,
1702 2806 2000 2853 extremum

423 2898 717 2954 subeamus
737 2893 1087 2963 supplicium.
1117 2891 1174 2947 Si
1203 2892 1347 2947 enim
1376 2891 1429 2945 in
1458 2890 1712 2962 praesenti
1741 2892 1845 2944 vita
1872 2904 2005 2960 qua-

425 2994 761 3060 lemcumque
785 2987 1136 3043 adhibeamus
1174 2985 1531 3057 diligentiam,
1564 2985 1795 3040 maxima
1822 2986 2001 3040 lucra-

424 3087 632 3142 bimur:
656 3084 701 3139 si
729 3092 908 3138 autem
936 3096 1043 3136 non
1072 3081 1327 3137 meliores
1353 3079 1530 3135 effecti
1558 3080 2001 3143 abscesserimus,

425 3181 637 3235 etiamsi
691 3176 797 3233 illic
837 3175 1141 3232 vehementi
1187 3171 1499 3244 ptenitentia
1542 3172 1819 3236 ducamur,
1872 3171 2006 3227 nihil

427 3274 584 3329 nobis
608 3271 864 3342 proderit.
894 3268 1191 3340 Oportebat
1228 3268 1374 3324 enim
1408 3268 1542 3320 intra
1588 3276 1737 3335 septa
1787 3281 2008 3321 manen-

427 3377 539 3421 tem
581 3366 877 3426 decertare,
924 3378 1029 3417 non
1074 3370 1253 3416 autem
1303 3369 1583 3432 postquam
1633 3360 1863 3415 solutum
1911 3361 2006 3415 fuit

430 3457 699 3511 theatrum
746 3452 1028 3507 lamentari
1068 3462 1123 3507 et
1149 3450 1278 3507 flere
1322 3450 1618 3517 inutiliter,
1645 3459 1703 3504 ut
1725 3451 1876 3507 dives
1919 3450 2008 3507 ille

428 3547 679 3612 faciebat,
709 3545 1013 3599 lamentans
1037 3551 1093 3597 et
1121 3541 1351 3609 ejulans,
1379 3541 1472 3595 sed
1491 3541 1601 3610 jam
1626 3540 1818 3597 frustra
1846 3552 1900 3597 et
1923 3543 2007 3597 in-

428 3652 665 3701 cassum,
693 3635 817 3704 quia
851 3643 1062 3701 trmpns
1103 3631 1233 3685 illud
1263 3631 1604 3702 despexerat,
1642 3648 1749 3701 quo
1791 3631 1903 3687 hinc
1928 3630 2008 3685 fa-

430 3742 556 3782 cere
586 3726 841 3795 oportuit.
874 3723 989 3778 Non
1034 3723 1124 3777 ille
1169 3732 1346 3776 autem
1396 3722 1562 3784 solus,
1609 3722 1700 3777 sed
1733 3723 1883 3778 multi
1917 3724 2008 3779 alii

426 3820 539 3890 jam
561 3826 687 3873 sunt
705 3815 898 3873 divites
928 3815 1028 3885 ipsi
1058 3814 1285 3878 similes,
1305 3814 1392 3884 qui
1419 3815 1668 3882 pecunias
1683 3814 1896 3885 quidem
1914 3815 2011 3872 de-

428 3912 641 3982 spicere
661 3908 872 3973 nolunt,
895 3906 989 3962 sed
1022 3906 1141 3961 loco
1169 3907 1514 3975 pecuniarum
1556 3907 1787 3962 animam
1823 3906 2008 3979 despi-

431 4005 615 4057 ciunt:
646 3999 790 4071 quod
820 3998 1006 4054 mirari
1046 3997 1191 4053 subit
1229 3998 1380 4064 mihi,
1412 4012 1532 4052 cum
1572 3998 1728 4054 video
1764 3998 1884 4054 illos
1915 4000 2009 4056 Dei

434 4093 854 4150 misericordiam
882 4101 1183 4162 precantes,
1214 4098 1269 4146 et
1300 4090 1371 4144 ita
1395 4089 1615 4145 affectos
1642 4106 1771 4162 erga
1803 4093 2010 4162 seipsos

433 4196 492 4241 ut
514 4184 838 4241 incurabiles
865 4185 995 4248 sint,
1020 4184 1323 4253 animaeque
1349 4196 1460 4238 sua:
1486 4190 1755 4254 tamquam
1781 4185 2010 4242 inimicas

434 4295 543 4333 non
568 4286 868 4348 parcentes.
903 4275 979 4330 Ne
1005 4274 1276 4340 lndamus,
1325 4290 1360 4330 ο
1400 4275 1604 4342 dilecti,
1647 4292 1716 4334 ne
1742 4277 2006 4344 lndamus,

433 4385 608 4441 neque
633 4385 730 4425 nos
759 4370 905 4441 ipsos
934 4368 1315 4438 despiciamus,
1337 4368 1466 4424 dum
1496 4385 1747 4441 rogamus
1767 4372 1936 4428 Deum
1954 4382 2011 4428 ut

432 4466 604 4521 nostri
630 4464 964 4541 misereatur,
988 4472 1043 4517 et
1068 4461 1454 4518 misericordiae
1479 4464 1594 4534 ejus
1620 4466 1891 4534 pecunias,
1912 4467 2009 4523 de-

431 4560 582 4614 licias
598 4565 657 4615 et
671 4556 848 4611 omnia
865 4555 1262 4624 anteponimus.
1292 4554 1475 4625 Neque
1500 4557 1666 4616 enim.
1694 4560 1738 4612 si
1767 4560 1885 4628 quis
1913 4562 2009 4618 tibi

430 4655 607 4708 dicam
634 4649 873 4712 offerret,
902 4659 956 4703 et
981 4648 1286 4719 quempiam
1316 4663 1573 4704 accusans
1600 4648 1825 4716 diceret,
1857 4654 2004 4710 illum

428 4744 578 4799 mille
606 4752 807 4796 mortes
828 4739 1158 4804 subiturum,
1188 4752 1310 4793 cum
1354 4749 1535 4808 posset
1574 4740 1783 4797 modica
1842 4760 2009 4814 pecu-

442 4838 526 4889 nia
575 4849 697 4890 sese
744 4835 1033 4895 redimere,
1084 4831 1246 4887 malle
1298 4835 1436 4887 mori
1489 4848 1649 4904 quam
1690 4836 1890 4904 aliquid
1942 4853 2007 4893 ex

430 4926 542 4981 suis
599 4940 916 4989 numerare;
969 4924 1340 4980 misericordia
1386 4934 1478 4980 aut
1515 4927 1669 4981 venia
1715 4928 1861 4983 illum
1889 4946 2009 4987 esse

428 5018 647 5085 dignum
674 5014 901 5071 diceres.
932 5015 1044 5070 Huc
1079 5030 1209 5085 ergo
1244 5024 1299 5070 et
1325 5015 1392 5071 de
1420 5015 1593 5087 teipse
1621 5030 1807 5089 reputa
1838 5037 1853 5073 :
1884 5037 2006 5077 nam

432 5124 531 5163 nos
558 5122 769 5178 quoque
793 5107 893 5162 hoc
920 5108 1163 5173 facimus,
1191 5120 1246 5164 et
1287 5109 1517 5165 salutem
1561 5120 1798 5166 nostram
1826 5113 2007 5185 despi-

430 5202 656 5265 cientes,
686 5200 925 5270 pecuniis
952 5203 1236 5269 parcimus.
1256 5202 1538 5269 Quomodo
1553 5217 1682 5273 ergo
1702 5205 1867 5260 Deum
1887 5222 2008 5277 pre-

430 5294 571 5346 caris
597 5301 655 5346 ut
677 5292 771 5346 tibi
799 5302 1000 5360 parcat,
1029 5309 1149 5347 cum
1179 5303 1233 5348 tu
1262 5295 1376 5362 ipse
1421 5296 1511 5350 tibi
1558 5313 1661 5350 non
1703 5313 1909 5367 pareas,
1953 5309 2008 5355 et

430 5384 625 5439 animae
653 5384 903 5454 pecunias
946 5385 1233 5453 praeferas?
1274 5388 1532 5451 Quocirca
1575 5389 1863 5444 admodum
1906 5390 2009 5445 ob-

429 5485 681 5546 stupesco
706 5477 967 5548 cogitans.
995 5486 1211 5547 quantae
1240 5478 1292 5532 in
1331 5482 1573 5550 pecuniis
1615 5482 1816 5537 lateant
1861 5499 2004 5553 pra:-

430 5570 634 5637 stigiic;
661 5569 771 5623 imo
797 5584 901 5624 non
940 5586 992 5624 In
1023 5571 1286 5639 pecuniis,
1319 5572 1411 5627 sed
1443 5572 1494 5627 in
1522 5588 1706 5628 eorum
1734 5575 1823 5644 qui
1850 5573 2002 5629 deci-

435 5661 650 5729 piuntur
675 5660 887 5718 animis.
918 5662 1054 5717 Sunt
1082 5662 1248 5729 enim,
1276 5673 1399 5719 sunt
1426 5666 1628 5735 utique,
1660 5667 1751 5736 qui
1781 5668 2013 5722 multum

430 5750 594 5808 hasce
649 5752 939 5826 praestigias
981 5755 1224 5813 irrident.
1273 5755 1409 5825 Quid
1454 5759 1595 5815 enim
1642 5756 1697 5813 in
1736 5756 1843 5815 illis
1884 5768 1990 5826 est,

1103 288 1161 345 S.
1202 287 1479 345 JOANNIS
1516 284 1980 343 CHRYSOSTOMI
2018 285 2337 342 ARCHIEP.
2377 286 2905 346 CONSTANTINOP.

3578 296 3691 352 198

2088 400 2231 469 quod
2288 415 2387 455 nos
2435 403 2701 457 fascinare
2750 405 2969 474 possit?
3020 421 3199 462 nonne
3242 407 3541 463 inanimata
3605 421 3698 464 est

2088 495 2333 559 materia,
2385 509 2561 549 nonne
2600 495 2776 552 fluxa?
2828 513 3007 553 nonne
3056 498 3219 554 infida
3273 510 3359 556 est
3396 501 3516 570 ejus
3550 516 3694 570 pos-

2087 587 2292 643 sessio?
2317 602 2494 643 annon
2522 589 2803 643 timoribus
2831 591 2986 659 plena
3003 601 3086 646 est
3102 601 3154 646 et
3179 593 3474 662 periculis?
3492 610 3695 647 annon

2088 679 2326 734 cmdibus
2353 689 2405 735 et
2433 679 2673 735 insidiis?
2698 696 2878 735 annon
2908 682 3185 737 inimicitia
3213 692 3268 737 et
3294 684 3420 737 odio
3438 683 3465 737 .’
3495 699 3694 737 annon

2087 770 2330 824 socordia
2358 780 2411 825 et
2438 770 2670 841 nequitia
2699 772 2899 825 multa?
2926 788 3104 826 annon
3135 784 3275 828 terra
3303 785 3388 828 est
3413 784 3472 829 et
3500 775 3698 828 cinis?

2088 876 2210 930 qua:
2238 860 2478 914 insania?
2504 863 2623 932 quis
2661 862 2922 917 morbus?
2962 865 3031 918 At
3070 880 3176 919 non
3218 866 3510 920 accusandi
3560 876 3699 918 sunt

2091 961 2317 1016 tantum,
2348 952 2579 1021 inquies,
2626 954 2728 1009 hoc
2766 955 2952 1009 morbo
2994 955 3325 1021 laborantes,
3370 957 3468 1011 sed
3514 958 3695 1012 etiam

2091 1043 2378 1099 solvendus
2403 1053 2487 1099 est
2510 1060 2684 1099 amor.
2738 1046 2805 1100 Et
2852 1062 2959 1116 quo
3009 1048 3116 1101 alio
3166 1048 3326 1102 modo
3376 1050 3695 1113 solvemus,

2090 1150 2248 1205 quam
2273 1136 2615 1193 ostendentes
2634 1155 2746 1193 rem
2775 1154 2895 1195 esse
2922 1140 3114 1194 malam
3141 1142 3553 1212 innumerisque
3573 1146 3699 1212 plc-

2091 1242 2215 1280 nam
2243 1228 2433 1283 malis?
2475 1230 2544 1283 At
2584 1245 2689 1283 non
2721 1231 2875 1285 facile
2900 1243 2983 1286 est
3011 1233 3061 1286 id
3090 1235 3289 1287 amanti
3318 1233 3693 1304 persuadere.

2093 1318 2273 1388 Itaque
2297 1319 2398 1373 alia
2428 1319 2527 1389 ipsi
2557 1319 2899 1389 pulchritudo
2937 1322 3253 1391 opponenda
3282 1334 3385 1378 est.
3413 1324 3527 1380 Sed
3559 1341 3694 1381 cum

2092 1400 2336 1476 tegrotet,
2356 1411 2725 1480 incorpoream
2751 1429 2855 1466 non
2875 1413 3020 1467 videt
3044 1414 3497 1483 pulchritudinem
3521 1435 3537 1471 :
3559 1432 3695 1472 cor-

2094 1515 2309 1570 poream
2337 1516 2467 1571 ergo
2495 1502 2569 1557 illi
2595 1504 2964 1570 ostendamus,
2993 1516 3047 1560 et
3072 1506 3313 1561 dicamus
3343 1509 3454 1564 illi:
3489 1510 3696 1581 Cogita

2093 1600 2268 1663 prata,
2296 1602 2353 1649 et
2376 1594 2537 1649 flores
2562 1597 2650 1665 qui
2681 1597 2730 1650 in
2762 1597 2864 1651 illis
2890 1606 3033 1659 sunt,
3062 1600 3251 1669 quovis
3276 1617 3407 1655 auro
3450 1603 3693 1675 elegan-

2093 1685 2281 1750 tiores,
2310 1694 2365 1740 et
2391 1687 2665 1757 quibusvis
2694 1687 2886 1757 lapillis
2936 1698 2991 1743 et
3038 1693 3264 1760 gemmis
3310 1694 3589 1763 gratiores
3639 1705 3699 1750 et

2094 1777 2504 1848 pellucidiores:
2535 1781 2716 1851 cogita
2746 1782 2964 1851 limpida
2994 1783 3219 1839 fontium
3244 1786 3464 1851 fluenta,
3485 1787 3697 1844 ﬂuvios

2093 1871 2183 1940 qui
2214 1871 2383 1924 instar
2408 1872 2511 1926 olei
2540 1873 2655 1926 sine
2681 1877 2906 1943 strepitu
2934 1892 2964 1930 e
2994 1886 3134 1931 terra
3165 1879 3429 1947 profluunt
3451 1900 3464 1935 :
3486 1898 3697 1937 ascen-

2094 1959 2162 2015 de
2189 1962 2241 2015 in
2272 1962 2461 2015 earlum
2489 1972 2544 2017 et
2572 1963 2692 2018 vide
2722 1965 2854 2019 solis
2895 1967 3371 2035 pulchritudinem,
3404 1972 3554 2027 luna:
3590 1974 3694 2028 de-

2095 2066 2302 2119 corem,
2346 2053 2621 2108 stellarum
2666 2054 2846 2110 ﬂores.
2891 2057 2958 2112 Et
2987 2059 3111 2129 quid
3141 2060 3262 2126 hoc,
3293 2063 3541 2132 inquies?
3578 2081 3694 2119 non

2096 2146 2241 2200 enim
2276 2146 2384 2201 illis
2406 2147 2604 2201 utimur
2627 2158 2685 2202 ut
2710 2150 2971 2217 pecuniis.
3001 2152 3157 2221 Atqui
3189 2154 3357 2223 magis
3384 2171 3549 2224 quam
3591 2172 3697 2225 pe-

2098 2237 2292 2303 cuniis,
2332 2248 2599 2309 quatenus
2627 2254 2815 2294 eorum
2852 2257 2980 2295 usus
3009 2253 3093 2297 est
3123 2244 3288 2313 magis
3319 2248 3695 2307 neces5arius.

2104 2339 2159 2384 et
2189 2330 2254 2384 iis
2282 2329 2508 2384 fruimur
2535 2331 2798 2385 securius.
2828 2330 3015 2403 Neque
3062 2335 3204 2389 enim
3254 2337 3427 2400 times,
3465 2354 3535 2393 ne
3566 2343 3697 2409 quis

2100 2422 2190 2477 illa
2214 2432 2271 2476 ut
2300 2424 2553 2492 pecunias
2582 2424 2829 2479 auferens
2856 2424 3125 2491 discedat;
3172 2427 3265 2480 sed
3315 2428 3435 2483 licet
3483 2430 3584 2485 tibi
3625 2432 3699 2487 de

2102 2515 2167 2569 iis
2190 2522 2448 2584 perpetuo
2475 2515 2772 2582 confidere,
2803 2525 2965 2585 atque
2994 2518 3111 2573 sine
3136 2519 3242 2573 ulla
3264 2535 3391 2575 cura
3416 2523 3502 2575 vel
3529 2524 3698 2579 solli-

2102 2604 2357 2660 citudine.
2382 2606 2435 2660 Si
2458 2615 2639 2661 autem
2664 2606 2786 2667 ideo
2813 2607 2984 2675 doles,
3008 2610 3149 2679 quod
3180 2626 3303 2665 cum
3333 2614 3453 2667 aliis
3482 2613 3695 2671 fruaris

2105 2696 2232 2763 illis,
2261 2704 2317 2751 et
2344 2695 2489 2765 quod
2516 2711 2622 2751 non
2652 2697 2802 2753 solus
2838 2699 2927 2753 illa
2966 2700 3259 2769 possideas,
3305 2712 3362 2757 ut
3389 2708 3694 2773 pecunias;

2104 2802 2213 2841 non
2241 2788 2512 2857 pecunias.
2542 2787 2637 2843 sed
2667 2788 2941 2844 avaritiam
2968 2791 3136 2845 solam
3166 2793 3293 2847 mihi
3318 2809 3504 2851 amare
3531 2799 3699 2854 vide-

2106 2878 2226 2933 ris:
2275 2893 2373 2932 nec
2422 2878 2677 2948 pecunias
2717 2894 2949 2945 amares,
2988 2881 3033 2935 si
3074 2897 3388 2940 communes
3430 2888 3699 2943 omnibus

2107 2978 2433 3041 prostarent.
2462 2969 2593 3026 Cum
2617 2970 2774 3040 igitur
2799 2971 3045 3026 dilectam
3076 2973 3457 3042 invenerimus,
3492 2993 3701 3049 nempe

2107 3064 2418 3129 avaritiam;
2447 3079 2567 3134 age,
2602 3063 2878 3119 ostendam
2910 3066 3026 3132 tibi,
3054 3067 3324 3136 quomodo
3353 3069 3439 3123 illa
3471 3081 3524 3127 te
3565 3073 3699 3128 odio

2108 3156 2303 3211 habeat
2345 3166 2398 3211 et
2444 3168 2757 3213 aversetur:
2791 3168 2922 3228 quot
2950 3169 3136 3214 contra
3167 3170 3219 3216 te
3257 3161 3464 3232 gladios
3504 3176 3697 3232 acuat,

2108 3264 2267 3319 quam
2295 3251 2461 3303 multa
2495 3249 2661 3305 fodiat
2692 3251 2965 3319 barathro,
2994 3269 3153 3322 quam
3181 3258 3378 3311 multos
3403 3259 3595 3314 tendat
3618 3261 3703 3314 la-

2109 3358 2299 3414 queos,
2328 3353 2523 3414 quanta
2552 3354 2773 3415 apparet
2800 3347 3128 3417 praecipitia;
3153 3357 3211 3402 ut
3234 3352 3310 3404 sie
3335 3366 3583 3408 amorem
3599 3370 3700 3410 ex-

2110 3438 2369 3507 stinguas.
2413 3436 2692 3493 Undenam
2734 3439 2850 3496 haec
2881 3441 3007 3497 sciri
3050 3447 3305 3513 possunt“!
3346 3448 3420 3501 Ex
3469 3450 3598 3515 viis,
3628 3467 3699 3506 ex

2109 3530 2287 3595 bellis,
2333 3546 2399 3585 ex
2440 3531 2597 3597 mari,
2629 3546 2693 3587 ex
2724 3534 3098 3590 tribunalibus.
3145 3537 3274 3592 Nam
3308 3557 3454 3597 mare
3502 3544 3701 3615 implet

2110 3623 2391 3694 sanguine,
2414 3634 2470 3678 et
2495 3623 2726 3692 iudicum
2752 3641 2894 3697 saepe
2918 3639 3160 3683 cruentat
3182 3632 3406 3701 gladios,
3438 3651 3589 3706 saepe
3618 3641 3704 3694 in-

2105 3712 2273 3784 jnste,
2305 3728 2506 3784 eosque
2530 3716 2619 3783 qui
2648 3724 2807 3770 noctu
2832 3728 2884 3772 et
2914 3718 3141 3774 interdiu
3165 3722 3216 3776 in
3247 3723 3343 3779 viis
3370 3724 3703 3787 insidiantur

2113 3808 2225 3875 ipsa
2264 3816 2459 3874 armat,
2488 3817 2543 3862 et
2570 3808 2761 3864 suadet
2806 3810 3052 3881 ignorare
3080 3823 3360 3873 naturam:
3393 3822 3701 3888 parricidas

2114 3899 2241 3953 facit
2267 3912 2321 3955 et
2349 3899 2680 3965 matricidas,
2732 3908 2789 3955 et
2816 3903 2993 3957 omnia
3042 3905 3180 3960 mala
3212 3907 3266 3961 in
3313 3910 3471 3964 vitam
3507 3913 3699 3971 infert.

2183 3991 2236 4044 6.
2292 3989 2520 4061 Ideoque
2565 3992 2762 4048 Paulus
2787 4004 2942 4049 vocat
2970 3996 3113 4051 illam
3139 3999 3399 4055 malorum
3430 4005 3698 4064 radicem.

2114 4081 2231 4153 Ipsa
2258 4093 2526 4139 amatores
2553 4099 2679 4139 suos
2705 4100 2812 4140 non
2845 4087 3066 4142 meliore
3085 4091 3389 4147 conditione
3412 4092 3603 4163 jacere
3624 4100 3704 4152 si-

2116 4178 2212 4243 nit,
2253 4192 2412 4248 quam
2433 4194 2527 4234 eos
2550 4182 2640 4249 qui
2662 4181 2875 4236 metalla
2901 4193 3205 4253 operantur.
3229 4187 3700 4254 Quemadmodum

2112 4274 2253 4327 enim
2277 4272 2350 4326 illi
2372 4282 2635 4342 perpetuo
2658 4273 2710 4328 in
2738 4276 2971 4332 tenebris
2994 4280 3229 4335 conclusi
3255 4291 3309 4338 et
3333 4283 3494 4339 vincti
3534 4286 3703 4343 inuti-

2113 4364 2236 4418 liter
2252 4364 2494 4418 lahorant
2518 4386 2532 4420 :
2554 4365 2631 4419 sic
2651 4376 2703 4421 et
2724 4366 2808 4421 isti
2830 4369 2882 4423 in
2905 4369 3174 4439 speluncis
3198 4373 3435 4430 avaritia:
3464 4376 3698 4447 defessi,

2114 4457 2328 4513 nemine
2356 4457 2728 4513 necessitatem
2778 4458 3059 4529 inferente,
3092 4478 3187 4517 sua
3214 4476 3404 4535 sponte
3432 4469 3534 4524 sibi
3565 4485 3702 4543 sup-

2116 4550 2331 4618 plicium
2351 4548 2645 4616 attrahunt,
2660 4564 2721 4605 se
2741 4550 3112 4607 insolubilibus
3130 4555 3557 4628 circumligantes
3578 4565 3700 4617 vin-

2112 4640 2269 4695 culis.
2297 4639 2367 4695 Ει
2387 4639 2455 4694 ad
2482 4641 2694 4696 metalla
2719 4642 2951 4698 damnati
2978 4646 3215 4715 quidem,
3246 4663 3467 4716 vespere
3497 4652 3697 4709 saltem

2113 4733 2429 4788 adveniente
2474 4748 2505 4787 a
2549 4733 2819 4789 laboribus
2864 4736 3178 4804 solvuntur;
3232 4738 3285 4793 hi
3332 4756 3457 4796 vero
3504 4754 3559 4798 et
3607 4747 3700 4802 die

2114 4837 2168 4881 et
2207 4834 2364 4881 nocte
2401 4825 2640 4893 improba
2684 4827 2799 4882 haec
2846 4829 3058 4884 metalla
3106 4831 3385 4887 defodiunt
3424 4852 3437 4887 :
3484 4847 3543 4891 et
3586 4838 3696 4893 illis

2114 4918 2328 4989 quidem
2351 4919 2540 4973 modus
2570 4928 2653 4974 est
2680 4922 3000 4977 constitutus
3022 4923 3301 4980 laboriosa:
3329 4927 3470 4982 illius
3500 4945 3699 4999 opem-

2116 5013 2311 5076 tionis;
2341 5011 2397 5066 hi
2427 5027 2554 5066 vero
2579 5015 2781 5067 nullum
2827 5015 3043 5070 modum
3076 5027 3289 5085 norunt,
3318 5021 3413 5075 sed
3440 5037 3548 5090 quo
3579 5040 3695 5077 ma-

2112 5112 2193 5177 gis
2220 5105 2465 5170 foderint,
2485 5120 2551 5161 eo
2573 5108 2826 5176 majorem
2847 5121 3097 5180 appetunt
3116 5112 3401 5168 miseriam.
3428 5114 3483 5171 Si
3508 5127 3689 5172 autem

2115 5200 2191 5255 illi
2228 5199 2440 5270 quidem
2488 5201 2655 5265 inviti,
2691 5201 2744 5256 111
2784 5218 2911 5258 vero
2958 5216 3148 5274 sponte
3193 5222 3307 5272 sua,
3338 5210 3509 5263 morbi
3555 5212 3687 5265 mihi

2113 5294 2246 5350 dicis
2270 5297 2605 5367 gravitatem,
2631 5297 2770 5367 quod
2793 5314 2985 5369 nempe
3011 5301 3220 5357 liberari
3249 5317 3354 5358 non
3385 5306 3609 5374 possint,
3644 5309 3689 5361 si

2113 5388 2325 5457 quidem
2358 5389 2549 5444 malam
2581 5407 2729 5444 suam
2759 5399 2959 5448 sortem
2989 5408 3093 5447 non
3119 5394 3361 5450 oderunt.
3398 5398 3504 5452 Sed
3535 5402 3685 5468 quasi

2114 5497 2204 5536 sus
2231 5483 2282 5536 in
2314 5483 2440 5548 luto,
2475 5484 2551 5539 sic
2574 5483 2646 5538 illi
2676 5486 2725 5539 in
2757 5486 2993 5541 avaritia:
3022 5486 3301 5542 [αξιοι-111115
3324 5490 3544 5559 vulntati
3583 5494 3685 5546 sibi

2114 5574 2324 5643 placent
2346 5616 2361 5635 ,
2388 5576 2627 5646 graviora
2659 5576 2921 5646 patientes
2961 5594 3118 5648 quam
3162 5579 3398 5636 damnati
3430 5583 3523 5638 illi.
3551 5583 3683 5638 Nam

2113 5665 2253 5735 quod
2286 5666 2467 5738 pejore
2491 5667 2795 5725 conditione
2838 5670 2980 5735 sint,
3010 5671 3129 5725 audi
3159 5686 3275 5741 quae
3302 5674 3366 5728 ad
3396 5675 3519 5731 illos
3557 5692 3681 5745 spe.

2115 5767 2279 5827 ctant,
2317 5769 2370 5814 et
2400 5768 2523 5816 tunc
2558 5762 2742 5817 audies
2780 5778 2897 5832 qutc
2931 5762 2996 5818 ad
3035 5763 3130 5819 hos
3170 5768 3450 5834 pertinent.
3486 5767 3681 5823 Dicitur
