3826 6216
157 278 234 337 195

150 397 280 459 ὀδοὺς
294 387 453 445 αὐτοῦ.
480 387 596 443 Κᾶν
633 387 803 442 κακόν
847 405 902 441 τι
922 387 1131 454 παθὼν,
1172 387 1438 457 γενναίως
1462 386 1618 455 ἐνέγι-

146 497 236 550 κῃς,
259 476 305 529 τὸ
330 476 412 528 πᾶν
429 473 687 527 ἀπεδύσω.
725 472 897 527 Τοῦτο
924 473 1034 544 7&9
1059 472 1307 544 καὶπρὸς
1336 472 1427 525 τόν
1452 470 1616 526 πλού·

144 561 276 616 σιονό
317 556 521 627 ’Ᾱϐραάμ
557 556 763 624 ἔλεγεν,
808 557 890 610 ὅτι
950 556 1214 610 Ἀπέλαϐε
1256 555 1504 626 Λάζαρος
1553 555 1622 609 τά

143 642 249 698 κακὰ
273 638 513 702 αύτοῦ,καὶ
539 639 769 693 ἐνταῦθα
808 640 1232 710 παρακαλεῖται.
1274 640 1392 693 Κᾶν
1444 640 1620 710 χήραν

136 729 325 797 ἐλεήσῃς,
351 723 571 776 πλύνεταί
590 741 684 777 σου
714 724 782 777 τὰ
806 725 1028 795 ἀμαρτή
1038 741 1203 795 ματαο
1220 725 1470 792 Κρίνατε
1485 724 1615 794 γάρ,

135 814 273 880 φησὶν.
297 807 513 877 ὀρφανῷ,
547 808 647 861 καὶ
678 808 1030 862 δικαιώσατε
1049 808 1265 877 χήραν,
1304 808 1404 861 καὶ
1448 806 1621 861 δεῦτε

128 897 200 965 καί
222 890 585 961 διαλεχθῶμεν,
615 892 778 960 ,λέγει
822 892 1059 958 Κύριος’
1099 890 1198 944 καί
1228 890 1337 943 ἐὰν
1383 884 1535 943 ὦσιν
1560 890 1620 943 al

127 977 338 1046 ἁμαρτίαι
363 973 504 1042 ὑμῶν
532 974 613 1040 ὡς
649 972 985 1043 φοινικοῦν,
1012 974 1091 1039 ὡς
1125 974 1297 1042 χιόνα
1316 971 1613 1027 λευκανῶ·

127 1063 206 1113 ἐὰν
226 1059 281 1112 δὲ
301 1054 426 1113 ὦσιν
444 1058 520 1123 ὡς
535 1059 840 1121 κόκκινον,
889 1057 1033 1111 ὡσεὶ
1094 1058 1258 1126 ἔριον
1316 1056 1614 1111 λευκανῶ.

128 1144 221 1197 θῦδὲ
254 1144 343 1214 γὰρ
382 1141 524 1213 οὐλὴν
569 1141 678 1195 τῶν
732 1144 1060 1213 τραυμάτων
1120 1142 1314 1212 ἀφίησι
1381 1140 1615 1211 φανῆναί

127 1244 142 1280 ἵ
142 1246 223 1281 ινα.

163 1316 211 1364 ε’.
242 1307 378 1361 Ἀλλά
398 1307 488 1362 κᾶν
525 1309 603 1371 εἰς
621 1310 795 1362 ἐκεῖνο
810 1307 1050 1380 ἐλθωμεν
1068 1310 1133 1363 τὸ
1167 1308 1328 1378 βάθος
1363 1309 1472 1362 τῶν
1504 1327 1609 1365 κα-

127 1397 211 1460 τῶν,
233 1393 343 1459 είςό
368 1392 653 1447 κατέπεσεν
679 1395 708 1447 ὀ
743 1392 810 1446 τά
834 1393 1065 1465 πατρῷα
1112 1393 1485 1463 κατεδηδοκὼς
1517 1396 1613 1448 καὶ

126 1478 291 1550 τεράτια
318 1475 511 1543 ἐσθίων,
548 1478 644 1530 καὶ
690 1478 1135 1548 μετανοήσωμεν,
1167 1475 1450 1547 σωζόμεθα
1482 1478 1615 1531 πάν-

126 1579 201 1626 ωςο
223 1562 313 1615 κᾶν
348 1560 498 1633 μύρια
526 1560 763 1615 τάλαντα
799 1561 1125 1631 ὀφείλωμεν,
1161 1563 1253 1614 καὶ
1292 1562 1612 1632 προσπέσω-

130 1664 178 1697 εν
205 1645 283 1697 καὶ
318 1644 385 1714 μὴ
430 1645 945 1715 μνησικακήσωμεν,
986 1646 1165 1699 πάντα
1191 1648 1323 1715 ἡμῖν
1347 1645 1565 1713 ἀφίεται
1592 1662 1606 1676 ·

125 1731 172 1783 iv
198 1731 355 1781 ἐκεῖσε
386 1727 868 1799 ἀποπλανηθῶμεν,
895 1722 956 1783 οὗ
980 1729 1040 1782 τὸ
1069 1729 1341 1801 πρόϐατον
1374 1728 1610 1782 ἀπεϐου-

125 1812 279 1882 ιλήθη,
306 1811 539 1864 κάκεῖθεν
572 1812 719 1882 ἡμᾶς
770 1812 1071 1866 ἀνακτᾶται
1096 1826 1110 1840 ·
1138 1812 1298 1881 μόνον
1333 1810 1606 1880 βουληθῶ-

125 1914 184 1957 av,
208 1894 464 1965 ἀγαπητοί
483 1911 495 1925 ο
523 1894 900 1966 φιλάνθρωπος
922 1895 1031 1966 7&9
1061 1896 1261 1961 ὀΘεός.
1310 1895 1409 1949 Διά
1450 1895 1609 1949 τοῦτο

125 1980 155 2031 Ll
180 1979 261 2032 ἐπὶ
280 1977 368 2031 τοῦ
419 1978 483 2031 τά
529 1979 695 2049 μύρια
724 1980 962 2033 τάλαντα
1002 1980 1305 2050 ὀφείλοντος
1343 1983 1407 2051 τῇ
1435 1997 1604 2050 προσ-

126 2065 246 2117 ’ώσει
272 2066 498 2135 ἠρκεῖτο,
535 2070 629 2119 καὶ
653 2065 743 2118 ἐπὶ
773 2066 867 2118 τοῦ
896 2065 965 2118 τά
987 2066 1216 2137 πατρῷα
1252 2065 1605 2136 κατεδηδοκό-

125 2166 141 2211 ἲ
168 2151 226 2217 τῇ
259 2147 487 2218 ὲ’τ’έσινάδῳ
512 2148 666 2221 μόνῃ,
696 2149 792 2201 καὶ
831 2150 922 2202 ἐπὶ
952 2149 1045 2202 τοῦ
1074 2148 1350 2219 προϐάτου
1370 2148 1449 2220 τῷ
1476 2149 1605 2219 βου-

125 2232 261 2301 θῆναι
292 2230 671 2302 βασταχθῆναι.
698 2233 1079 2303 Ἐννοήσαντες
1106 2232 1283 2286 τοίνυν
1296 2232 1359 2286 τὸ
1377 2234 1605 2304 μέγεθος

125 2317 199 2369 τοῦ
220 2316 317 2385 τῆς
348 2315 774 2388 φιλανθρωπίας,
800 2316 1033 2371 ἐνταῦθα
1087 2318 1248 2371 αὑτὸν
1288 2318 1603 2388 ποιήσωμεν

125 2418 190 2451 ων
222 2401 367 2468 ἡμῖν,
394 2400 485 2451 καὶ
512 2401 915 2471 προφθάσωμεν
936 2400 999 2454 τὸ
1027 2402 1319 2473 πρόσωπον
1354 2402 1519 2455 αὑτοῦ
1543 2403 1603 2455 ἐν

126 2484 428 2553 μολογήσει,
457 2483 541 2536 ἵνα
572 2484 646 2555 μὴ
667 2484 993 2548 ἀπελθόντες
1045 2486 1296 2539 ἐντεῦθεν
1337 2486 1601 2540 ἀναπολό-

125 2585 202 2630 τοι,
230 2570 329 2636 τὴν
347 2568 580 2637 ἐσχάτην
614 2568 994 2638 ὑπομείνωμεν
1050 2568 1339 2640 τιμωρίαν.
1368 2570 1465 2621 Ἂν
1502 2570 1599 2640 μὲν

126 2650 295 2703 ικατά
319 2650 410 2702 τὸν
443 2649 681 2719 παρόντα
733 2650 847 2719 βίον
907 2650 1303 2720 ἐπιδειξώμεθα
1357 2652 1597 2721 σπουδὴν

152 2735 249 2805 τὴν
276 2734 567 2804 τυχοῦσαν,
620 2734 687 2786 τὰ
718 2734 950 2804 μέγιστα
996 2734 1362 2805 κερδανοῦμεν
1383 2752 1399 2767 ’
1446 2734 1513 2789 ἂν
1540 2736 1597 2789 δὲ

126 2821 176 2872 ἐν
206 2819 445 2873 ἐνταῦθα
497 2819 777 2888 γενόμενοι
833 2818 1071 2890 βελτίους
1120 2818 1463 2888 ἀπέλθωμεν,
1494 2820 1596 2874 κᾶν

125 2904 372 2974 Ξρότερον
417 2904 534 2954 ἐκεῖ
583 2902 1027 2972 μετανοήσωμεν,
1082 2900 1233 2953 ούδέν
1263 2903 1395 2971 ἡμῖν
1442 2902 1594 2956 ἔσται

123 3004 187 3039 ιν.
217 2987 332 3039 Kal
354 2984 467 3056 7&9
496 2985 601 3037 ἔδει
643 2984 754 3037 τῶν
805 2985 1146 3054 σκαμμάτων
1200 2984 1329 3036 είσω
1366 2984 1593 3055 μένοντα

123 3073 407 3133 νίσασθαι,
446 3073 505 3125 ού
542 3073 680 3144 μετά
715 3072 777 3126 τὸ
797 3072 1023 3142 λυθῆναι
1045 3072 1107 3125 τὸ
1132 3072 1357 3142 θέατρον
1390 3072 1593 3126 ἀποδύ-

124 3172 191 3209 ιαι
221 3158 322 3210 καὶ
352 3155 614 3227 δακρύειν
631 3156 864 3225 ἀνόνητα
881 3173 893 3183 '
919 3155 1056 3227 ὅπερ
1072 3157 1100 3209 ὀ
1123 3155 1374 3219 πλούσιος
1390 3159 1591 3220 ἐκεῖνος

123 3260 183 3308 ει,
222 3240 454 3312 θρηνῶν
483 3241 583 3312 μὲν
614 3241 706 3293 καὶ
728 3240 1143 3311 ὀλοφυρόμενος,
1178 3242 1301 3310 είκῆ
1330 3241 1385 3294 δὲ
1408 3241 1591 3295 λοιπὸν

123 3327 332 3396 μάτην,
371 3325 562 3396 ἐπειδὴ
582 3325 675 3378 τὸν
724 3325 914 3396 καιρὸν
960 3324 1133 3396 [ἳο8],
1160 3326 1279 3378 καθ’
1308 3325 1366 3378 δν
1416 3326 1589 3381 ταῦτα

123 3428 150 3462 ν
172 3412 389 3474 ποιεῖν,
428 3410 730 3481 ὑπερεῖδεν.
755 3411 868 3463 Οὐκ
900 3412 1104 3474 ἐκεῖνος
1154 3410 1211 3464 δέ
1242 3412 1422 3481 μόνος,
1454 3412 1589 3466 ἀλλά

123 3495 321 3548 πολλοὶ
380 3495 567 3565 ἐτεροι
628 3495 749 3548 κατ’
797 3497 1003 3549 ἐκεῖνον
1039 3494 1133 3549 νῦν
1185 3498 1289 3549 είσι
1322 3496 1585 3563 πλούσιοι,

126 3581 290 3633 sith
326 3579 441 3649 μὲν
470 3580 531 3632 ού
562 3579 876 3650 βουλόμενοι
897 3583 1279 3651 καταφρονεῖν,
1305 3581 1481 3655 ψυχῆς
1529 3584 1587 3637 δὲ

123 3665 459 3734 χρημάτων
508 3663 974 3735 καταφρονοῦντες
996 3680 1008 3693 ·
1035 3665 1127 3729 οὓς
1156 3665 1342 3735 ἔμοιγε
1374 3668 1587 3738 θαυμά-

124 3751 366 3814 ἔπεισιν,
392 3750 531 3803 ὅταν
562 3748 654 3801 ῖδω
682 3748 760 3818 τῷ
810 3748 908 3819 μὲν
940 3748 1058 3819 Θεῷ
1090 3750 1219 3821 περὶ
1264 3751 1413 3803 ἐλέου
1460 3767 1587 3804 συν-

124 3833 627 3903 ἐντυγχάνοντας,
653 3833 851 3894 αὐτοὺς
874 3833 931 3886 δὲ
958 3833 1025 3886 τά
1057 3834 1332 3905 ἀνήκεστα
1361 3838 1586 3903 ἑαυτοὺς

133 3919 345 3981 έντας,
388 3918 489 3970 καὶ
518 3916 709 3986 ὥσπερ
757 3916 1040 3987 πολεμίας,
1071 3917 1212 3971 οὕτω
1246 3920 1344 3989 τῆς
1380 3921 1585 3975 ἑαυτῶν

123 4002 334 4065 »ῦντας
364 4001 577 4071 ψυχῆς.
610 4000 699 4073 Μὴ
728 4000 791 4071 δὴ
836 4002 1141 4071 παίζωμεν,
1178 4004 1471 4074 ἀγαπητοὶ,
1509 4004 1583 4077 μὴ

128 4102 273 4155 μεν,
331 4084 485 4155 μηδὲ
527 4082 1022 4154 παραλογιζὼμεθα
1073 4086 1316 4151 ἑαυτοὺς,
1348 4088 1439 4140 τὸν
1485 4089 1584 4158 μὲν

123 4169 467 4234 ἀξιοῦντες
526 4169 670 4238 ἡμᾶς
721 4168 963 4237 ἐλεῆσαι,
1024 4169 1176 4222 αύτοὶ
1211 4169 1267 4221 δέ
1307 4170 1400 4223 τοῦ
1431 4173 1580 4227 ἐλέου

166 4254 291 4307 καὶ
335 4255 619 4324 χρήματα
651 4252 745 4305 καὶ¹
780 4253 993 4323 τρυφὴν
1038 4253 1131 4305 καὶ
1192 4255 1369 4308 πάντα
1398 4258 1582 4323 ἁπλῶς

124 4336 350 4400 ἐντες.
402 4335 548 4389 Οὐδὲ
582 4336 710 4406 γὰρ,
746 4336 800 4389 εί
851 4337 935 4399 τίς
982 4354 1063 4391 σοι
1107 4336 1263 4409 δίκην
1313 4344 1578 4413 προσῆγε,

123 4418 440 4491 τηγορῶν
468 4419 563 4471 τοῦ
592 4418 758 4482 δεῖνος
782 4420 988 4487 ἐλεγεν,
1018 4421 1097 4473 ὅτι
1119 4422 1344 4492 μυρίους
1372 4425 1582 4493 μέλλων

124 4523 236 4558 νειν
278 4504 602 4566 θανάτους,
657 4503 750 4557 καὶ
798 4502 983 4574 κύριος
1026 4502 1101 4556 ὢν
1144 4504 1300 4559 λῦσαι
1352 4510 1449 4572 τάς
1473 4509 1581 4581 ψή-

123 4590 245 4660 (ρή
261 4603 472 4658 μασιν
525 4586 743 4654 ὀλίγοις,
799 4587 970 4639 εἵλετο
1011 4588 1209 4657 μᾶλλον
1258 4591 1578 4656 ἀποθανεῖν,

123 4691 179 4725 ιν
224 4670 450 4725 αὑτοῦ
481 4670 762 4746 προέσθαι,
804 4669 952 4723 ἐλέου
986 4671 1130 4736 τινὸς
1172 4672 1204 4743 ἢ
1250 4676 1581 4746 συγγνώμης

134 4753 264 4805 τὸν
305 4748 492 4814 ἄξιον
529 4745 690 4803 εἶναι.
722 4748 892 4802 Τοῦτο
915 4751 1092 4804 τοίνυν
1137 4753 1230 4805 καὶ
1261 4754 1355 4807 ἐπὶ
1385 4745 1576 4809 σαυτοῦ

126 4852 141 4863 .
195 4836 335 4887 καὶ
380 4832 506 4903 γὰρ
531 4834 626 4886 καὶ
654 4834 815 4904 ἡμεῖς
843 4832 1002 4887 τοῦτο
1027 4834 1310 4906 ποιοῦμεν,
1346 4838 1440 4891 καὶ
1478 4839 1578 4908 τῆς

123 4935 192 4981 ις
230 4918 276 4988 ἠ
286 4914 452 4987 μῶν
478 4915 975 4986 καταφρονοῦντες,
1012 4919 1121 4971 τῶν
1143 4921 1436 4991 χρημάτων
1461 4940 1577 4990 φει-

145 4998 330 5061 Πῶς
361 4993 475 5050 οὖν
501 4996 594 5049 τὸν
617 4996 748 5049 Θεὸν
770 4996 940 5063 ἀξιοῖς
958 5015 1049 5052 σου
1082 4999 1387 5068 φείσασθαι,
1414 5002 1572 5066 αὐτὸς

147 5078 407 5139 οὕτως
474 5076 753 5142 ἀφειδῶν,
805 5078 899 5130 καὶ
965 5079 1225 5148 χρήματα
1290 5083 1572 5152 προτιμῶν

151 5162 295 5214 Διὸ
376 5160 489 5213 καὶ
557 5160 761 5231 σφόδρα
818 5161 1232 5233 ἐκπέπληγμαι,
1290 5166 1429 5237 πόση
1461 5170 1571 5230 τοῖς

132 5265 173 5299 ν
246 5243 691 5316 ὲγκέκρυπται
735 5245 981 5316 γοητεία,
1041 5248 1240 5317 μᾶλλον
1268 5249 1323 5302 δέ
1358 5251 1417 5304 ού
1456 5255 1570 5317 τοῖς

123 5347 195 5395 ν,
226 5325 437 5381 ἀλλὰ
463 5329 590 5390 ταῖς
639 5326 748 5380 τῶν
799 5329 1174 5401 ἁπατωμένων
1201 5332 1417 5404 ψυχαῖς.
1449 5334 1574 5389 Εἰσὶ

123 5420 192 5464 ιν
235 5412 313 5465 οῖ
370 5409 485 5463 καὶ
517 5410 722 5482 σφόδρα
753 5414 852 5481 τῆς
880 5415 1216 5482 μαγγανείας
1238 5418 1440 5491 ταύτης
1469 5437 1567 5472 κα-

123 5513 283 5560 reg.
323 5494 423 5547 ’Τί
456 5496 571 5567 7&9
599 5496 694 5549 καὶ
722 5498 1070 5570 ἱκανδνημᾶς
1117 5500 1224 5554 τῶν
1278 5503 1335 5555 ἐν
1383 5506 1567 5570 αὐτοῖς

123 5600 171 5634 ιι
213 5598 238 5646 ;
296 5579 471 5648 οὐχὶ
497 5579 707 5650 ἄψυχός
730 5582 875 5635 ἐστιν
904 5584 940 5654 ἠ
975 5580 1097 5654 ὕλη,
1128 5585 1247 5655 οὐχὶ
1272 5586 1564 5660 ἐπίκηρος;

990 268 1060 326 IN
1105 268 1322 326 EPIST.
1361 270 1381 326 ι
1430 269 1522 325 AD
1562 268 1721 325 con.
1754 248 1994 325 11mm.
2030 267 2223 330 χχιιι.

3205 274 3307 331 196

1724 387 1819 440 καὶ
1847 388 2073 457 σποδός;
2104 389 2188 453 τίς
2214 392 2246 462 ἠ
2298 390 2482 461 μανία,
2513 391 2597 456 τίς
2624 393 2659 462 ἡ
2711 391 2894 456 νόσοςί
2932 389 3067 446 ἀλλά
3094 390 3205 461 γάρ
3240 392 3304 445 ού

1724 483 2054 549 κατηγορεῖν
2098 479 2178 532 δεῖ
2223 481 2383 550 μόνον
2436 481 2546 534 τῶν
2596 481 2896 536 νοσούντων
2942 481 3010 533 τά
3054 480 3302 547 τοιαῦτα,

1723 566 1909 636 φησὶν,
1935 564 2073 619 ἀλλά
2108 566 2203 619 καὶ
2231 566 2523 621 καταλύειν
2548 569 2637 623 τὸν
2657 569 2856 642 ἔρωτα.
2894 570 3003 621 Kal
3044 569 3162 629 πῶς
3186 568 3303 621 ἐτέ-

1723 668 1831 722 ρως
1856 652 2252 723 καταλύσομεν,
2287 656 2401 707 ἀλλ’
2432 656 2464 728 ἢ
2490 657 2795 720 δεικνύντες
2817 657 3019 725 φαῦλον
3048 656 3179 709 ὄντα
3207 654 3301 708 καὶ

1724 741 1935 812 μυρίων
1954 742 2143 795 κακῶν
2175 743 2511 813 ἀνάμεστονς
2554 746 2716 799 Ἀλλὰ
2747 745 2907 799 τοῦτο
2946 746 3047 797 οὐκ
3078 742 3301 798 εύκολον

1718 823 1809 875 τὸν
1834 824 2046 895 ἐρῶντα
2074 830 2259 881 πεῖσαι
2290 830 2418 899 περὶ
2461 829 2566 881 τῶν
2602 830 2887 883 παιδικῶν.
2934 826 3144 880 Οὐκοῦν
3177 828 3300 879 ἐτε-

1722 924 1813 977 ρον
1843 909 1992 980 αύτῷ
2039 911 2233 975 κάλλος
2286 913 2605 984 ἀντιστῆσαι
2655 914 2753 969 δεῖ.
2801 914 2961 967 Ἀλλά
3008 910 3300 981 ἀσώματον

1715 992 1813 1063 οὐχ
1845 994 1949 1065 ὁρᾷ
1976 994 2189 1059 κάλλος,
2233 996 2312 1050 ἐτι
2358 998 2545 1051 νοσῶν·
2584 997 2781 1052 οὐκοῦν
2826 996 3138 1067 σωματικὸν
3173 1000 3298 1049 ἐπι-

1714 1074 1997 1148 δείξωμεν,
2039 1080 2133 1133 καὶ
2167 1083 2408 1151 εἴπωμεν
2438 1082 2575 1152 πρὸς
2624 1082 2809 1135 αὐτόν*
2848 1080 3132 1149 Ἐννόησον
3170 1078 3298 1139 τοὺς

1714 1158 1983 1230 λειμῶνας
2014 1165 2193 1217 καὶτὰ
2217 1167 2272 1217 ἐν
2305 1167 2485 1228 αὐτοῖς
2518 1166 2676 1236 ἄνθη,
2728 1166 2795 1218 τά
2841 1163 3063 1235 χρυσίω)
3096 1161 3297 1224 παντὸς

1714 1246 2042 1319 φαιδρότερα
2092 1250 2185 1302 καὶ
2262 1250 2369 1303 τῶν
2414 1249 2771 1303 παντοδαπῶν
2818 1249 3146 1319 χαριέστερα
3186 1246 3296 1312 καὶ

1712 1328 2071 1402 διαυγέστερα
2114 1332 2309 1387 λίθων⁶
2342 1334 2594 1404 ἐννόησον
2621 1334 2690 1387 τά
2730 1333 2898 1402 διειδῆ
2955 1331 3063 1383 τῶν
3101 1331 3296 1399 πηγῶν

1715 1414 1927 1485 ῥεῖθρα,
1954 1417 2080 1480 τοὺς
2127 1418 2408 1489 ποταμοὺς
2446 1418 2574 1481 τοὺς
2616 1418 2797 1472 ἐλαίου
2846 1418 3002 1485 δίκην
3051 1413 3295 1483 ἀψοφητὶ

1712 1498 1935 1566 ῥέοντας
1968 1501 2076 1553 ἀπὸ
2117 1501 2219 1571 τῆς
2248 1502 2354 1571 γῆς
2384 1520 2397 1533 ·
2448 1502 2682 1573 ἀνάϐηθι
2736 1501 2872 1572 πρὸς
2913 1501 3004 1553 τὸν
3040 1498 3293 1570 οὐρανὸν,

1712 1577 1806 1629 καὶ
1830 1577 1903 1630 ίδε
1935 1577 2027 1631 τοῦ
2056 1580 2209 1649 ἡλίου
2234 1580 2295 1633 τὸ
2329 1581 2544 1645 κάλλος,
2572 1582 2669 1653 τῆς
2704 1581 2932 1653 σελήνης
2952 1580 3051 1650 τὴν
3084 1576 3291 1646 εὐπρέ-

1708 1675 1891 1723 πειαν,
1926 1659 2035 1715 τῶν
2056 1663 2271 1732 ἄστρων
2301 1664 2370 1717 τά
2386 1664 2542 1734 ἄνθη.
2578 1665 2688 1717 Kal
2746 1665 2800 1717 τί
2847 1663 3007 1717 τοῦτο
3037 1677 3051 1693 ο
3083 1661 3247 1731 φησίν
3267 1699 3285 1722 ο

1708 1743 1766 1796 ού
1798 1744 1907 1815 γάρ
1945 1744 2009 1816 δὴ
2047 1748 2365 1817 κεχρήμεθα
2406 1749 2590 1811 αὐτοῖς
2612 1748 2688 1811 ὼς
2730 1751 2840 1812 τοῖς
2873 1748 3141 1818 χρήμασι.
3176 1743 3289 1797 Καὶ

1713 1827 1817 1898 μὴν
1851 1828 2032 1896 πλέον,
2068 1830 2234 1900 ἢτοῖς
2264 1832 2559 1901 χρήμασιν,
2603 1832 2713 1902 ὅσῳ
2744 1833 2838 1885 καὶ
2889 1828 3291 1899 ἀναγκαιοτέρα

1709 1911 1891 1965 αὐτῶν
1922 1913 1954 1983 ὴ
1986 1913 2171 1983 χρεία,
2198 1915 2289 1967 καὶ
2315 1914 2695 1985 ἀσφαλεστέρα
2722 1918 2754 1985 ἠ
2797 1915 3116 1976 ἀπόλαυσις.
3152 1911 3289 1965 Οὐδὲ

1707 2001 1818 2069 γάρ
1849 2000 2114 2067 δέδοικας,
2171 2003 2244 2073 μή
2299 2020 2418 2066 τις,
2468 2002 2659 2074 ῶσπερ
2690 2003 2759 2057 τὰ
2801 2004 3097 2074 χρήματα,
3149 1998 3289 2051 αὐτὰ

1707 2087 1888 2141 λαϐὼν
1925 2089 2165 2163 ἀπέλθῃ’
2196 2090 2312 2145 ἀλλ’
2337 2091 2513 2159 ἔξεστί
2547 2109 2628 2145 σοι
2669 2093 2889 2164 θαρρεῖν
2931 2091 3067 2163 ὑπὲρ
3104 2087 3286 2142 αὐτῶν

1704 2178 1989 2249 διηνεκῶς,
2013 2180 2292 2235 καὶταῦτα
2315 2182 2388 2253 μὴ
2419 2182 2752 2253 μεριμνῶντι
2778 2178 3282 2251 μηεέφροντίζοντι.

1704 2267 1765 2319 Εί
1789 2267 1860 2329 δ’,
1896 2268 1976 2321 ὅτι
2010 2270 2147 2339 μετά
2178 2270 2287 2322 τῶν
2314 2270 2489 2323 ἄλλων
2514 2269 2804 2333 ἀπολαύεις
2837 2268 3037 2330 αὐτῶν,
3077 2266 3281 2335 ἀλγεῖς,

1704 2358 1797 2409 καὶ
1830 2357 1903 2426 μὴ
1930 2357 2089 2426 μόνος
2122 2358 2260 2412 αύτά
2291 2359 2540 2427 κατέχεις
2566 2357 2754 2429 ῶσπερ
2801 2356 2869 2410 τά
2914 2357 3191 2426 χρήματα,
3217 2354 3279 2406 ού

1702 2446 2023 2516 χρημάτων,
2052 2446 2188 2502 ἀλλά
2220 2448 2532 2513 πλεονεξίας
2568 2466 2656 2519 μοι
2686 2449 2861 2510 δοκεῖς
2904 2447 3034 2516 ἐρᾷν
3090 2444 3277 2515 μόνης.

1702 2533 1812 2587 Kal
1833 2533 1955 2587 ούδέ
1995 2535 2062 2589 τά
2111 2537 2373 2607 χρήματα
2430 2537 2691 2607 ἐφίλησας
2721 2536 2807 2599 ἂν,
2842 2536 2890 2588 εί
2922 2534 3073 2587 κοινά
3105 2534 3279 2604 πρού-

1700 2638 1854 2675 κειτο
1910 2624 2077 2676 πᾶσιν
2133 2622 2304 2696 [209].
2360 2624 2570 2678 Οὐκοῦν
2613 2624 2801 2695 ἐπειδὴ
2842 2623 2939 2693 τὴν
2994 2622 3278 2694 ἐρωμένην

1698 2709 2039 2781 εὑρήκαμεν,
2096 2712 2195 2783 τῆν
2242 2712 2557 2779 πλεονεξίαν
2600 2712 2761 2781 λέγω,
2818 2712 2949 2782 φέρε
2985 2729 3065 2764 σοι
3095 2710 3274 2776 δείξω.

1699 2797 1817 2860 πῶς
1847 2814 1905 2850 σε
1946 2802 2099 2868 μισεῖ
2130 2798 2269 2870 αὕτη
2320 2800 2415 2853 καὶ
2462 2800 2888 2869 ἀποστρέφεται,
2950 2798 3092 2851 πόσα
3122 2796 3276 2868 θήγει

1696 2886 1840 2940 κατά
1866 2887 1960 2941 σοῦ
1991 2887 2140 2961 ξίφη,
2165 2890 2310 2953 πόσα
2346 2890 2561 2961 ὀρύττει
2598 2890 2869 2961 βάραθρα,
2895 2890 3092 2949 πόσους
3144 2887 3277 2941 άνά-

1695 2990 1816 3027 πτει
1845 2974 2093 3046 βρόχους,
2139 2976 2339 3041 πόσους
2392 2977 2802 3048 παρασκευάζει
2846 2976 3142 3048 κρημνούς
3187 2976 3275 3030 ἴνα

1695 3063 1798 3119 κᾶν
1826 3064 1967 3118 οὓτω
1999 3065 2197 3137 σϐέσῃς
2225 3068 2285 3121 τὸ
2312 3066 2553 3138 φίλτρον.
2588 3066 2757 3118 Πόθεν
2803 3062 2895 3119 οὖν
2944 3066 3060 3119 ἐστι
3093 3064 3270 3119 ταῦτα

1692 3153 1924 3218 εἰδέναι;
1970 3153 2101 3206 Ἀπὸ
2137 3155 2247 3208 τῶν
2279 3154 2434 3219 ὁδῶν,
2462 3154 2573 3208 άπὸ
2600 3154 2706 3207 τῶν
2732 3152 3006 3223 πολέμων,
3040 3153 3149 3208 ἀπὸ
3172 3154 3274 3224 τῆς

1693 3238 1986 3310 θαλάττης,
2014 3240 2124 3293 ἀπὸ
2172 3239 2282 3293 τῶν
2330 3240 2718 3312 δικαστηρίων.
2770 3240 2878 3292 Kal
2925 3239 3033 3311 7&9
3083 3241 3177 3293 καὶ
3211 3239 3273 3292 τὸ

1692 3324 1927 3393 πέλαγος
1987 3326 2239 3395 αἱμάτων
2280 3324 2565 3395 ἐνέπλησε,
2613 3325 2707 3378 καὶ
2744 3324 2811 3377 τά
2852 3324 2961 3377 τῶν
3003 3323 3273 3377 δικαστῶν

1693 3408 1960 3478 φοινίσσει
2011 3407 2139 3479 ξίφη
2190 3408 2523 3480 παρανόμως
2555 3408 2834 3474 πολλάκις,
2867 3409 2961 3461 καὶ
2993 3407 3117 3471 τοὺς
3151 3410 3273 3469 ταῖς

1690 3492 1824 3556 ὁδοῖς
1858 3491 2245 3563 ἐφεδρεύοντας
2282 3490 2499 3562 νύκτωρ
2536 3494 2627 3545 καὶ
2655 3492 2773 3562 μεθ’
2821 3491 3033 3563 ἡμέραν
3059 3490 3270 3555 ὁπλίζει

1689 3576 1853 3647 αῦτη,
1878 3578 1971 3637 καὶ
2022 3576 2184 3645 φύσιν
2226 3576 2494 3645 ἀγνοῆσαι
2530 3577 2739 3639 ἔπεισε,
2792 3576 2887 3629 καὶ
2939 3573 3269 3645 πατραλοίας

1689 3661 1913 3731 ἐποίησε
1931 3661 2023 3713 καὶ
2063 3660 2420 3731 μητραλοίας,
2468 3660 2564 3713 καὶ
2603 3662 2782 3715 πάντα
2820 3660 3158 3729 ἐπεισήγαγε
3188 3658 3268 3729 τῷ

1690 3744 1792 3815 βίῳ
1822 3745 1891 3798 τὰ
1913 3746 2078 3799 κακά.

1756 3828 1848 3881 Διὸ
1908 3829 2003 3882 καὶ
2041 3828 2197 3899 ῥίζαν
2244 3828 2423 3882 αὐτῶν
2473 3830 2502 3881 ὀ
2564 3828 2777 3891 Παῦλος
2835 3828 3036 3891 ταύτην
3085 3826 3260 3880 καλεῖ.

1685 3911 1834 3984 Δῦτη
1864 3915 1989 3976 τοὺς
2037 3914 2206 3983 αὐτῆς
2235 3913 2475 3984 ἐραστάς
2506 3913 2613 3965 τῶν
2643 3913 2712 3966 τά
2748 3911 2991 3982 μέταλλα
3030 3912 3261 3981 ἐργαζο-

1688 3996 1867 4066 μένων
1898 3996 2049 4050 ούδὲν
2098 3998 2321 4066 άμεινον
2375 3998 2568 4066 ἀφίησι
2628 3995 2950 4050 διακεῖσθαι.
2996 3995 3265 4066 Καθάπερ

1684 4079 1792 4149 γάρ
1817 4080 2012 4132 ἐκεῖνοι
2050 4079 2312 4149 διηνεκῶς
2341 4081 2400 4134 ἐν
2424 4081 2602 4151 σκότῳ
2631 4079 3147 4150 κατακεκλεισμένοι
3168 4080 3263 4132 καὶ

1683 4161 1956 4233 δεδεμένοι
1984 4164 2239 4217 πονοῦσιν
2274 4163 2511 4235 ἀνόνητα
2533 4180 2545 4193 ο
2582 4163 2723 4218 οὓτω
2751 4167 2845 4218 καὶ
2875 4159 3020 4219 οὗτοι
3054 4163 3113 4215 ἐν
3146 4165 3261 4225 τοῖς

1686 4246 1973 4316 σπηλαίοις
1997 4247 2096 4318 τῆς
2143 4248 2508 4320 φιλαργυρίας
2568 4248 3074 4320 κατορωρυγμένοι,
3110 4247 3261 4301 οὐδε-

1683 4330 1772 4395 νὸς
1797 4332 1981 4395 αὐτοῖς
2038 4333 2283 4404 ἀνάγκην
2328 4333 2681 4398 ἐπιτιθέντος,
2714 4335 3010 4405 αὐτόματοι
3044 4332 3143 4404 τὴν
3168 4333 3263 4385 κό-

1683 4413 1838 4468 λασιν
1871 4415 2232 4475 ἐπισπῶνται.
2271 4417 2485 4479 ἐαυτοῖς
2517 4416 2749 4486 δεσμοὺς
2774 4416 3088 4487 περιθέντες
3123 4414 3258 4468 ἁλύ-

1681 4515 1828 4562 τους.
1854 4500 1964 4551 Kal
1986 4500 2034 4552 οί
2065 4499 2161 4570 μὲν
2206 4499 2511 4562 κατάδικοι,
2564 4499 2666 4552 κᾶν
2728 4500 2965 4571 ἑσπέρας
3012 4498 3257 4552 καταλα-

1682 4585 1883 4653 ϐούσης
1915 4584 2155 4637 ἀνίενται
2178 4582 2289 4635 τῶν
2324 4584 2537 4654 μόχθων
2556 4599 2570 4612 °
2604 4578 2749 4637 οὗτοι
2775 4584 2831 4637 δέ
2859 4584 2953 4636 καὶ
2980 4585 3037 4635 ἐν
3074 4583 3257 4655 ἡμέρᾳ.

1680 4672 1774 4723 καὶ
1802 4673 1856 4723 ἐν
1883 4670 2036 4723 νυκτὶ
2076 4669 2409 4741 διορύττουσι
2438 4669 2505 4723 τά
2542 4669 2753 4739 πονηρὰ
2777 4667 2947 4723 ταῦτα
2992 4668 3252 4739 μέταλλα·

1681 4756 1773 4807 καὶ
1804 4757 1915 4817 τοῖς
1952 4752 2051 4825 μὲν
2078 4755 2274 4825 μέτρον
2304 4754 2451 4807 ἐστὶν
2492 4754 2797 4825 ὡρισμένον
2845 4754 2942 4823 τῆς
2978 4753 3256 4825 μοχθηρᾶς

1679 4838 1940 4908 ἐργασίας
1960 4838 2199 4908 ἐκείνης,
2230 4834 2376 4892 οὗτοι
2394 4838 2449 4891 δὲ
2484 4838 2683 4909 μέτρον
2698 4838 2852 4891 ούδέν
2888 4838 3089 4899 ῖσασιν,
3137 4835 3252 4889 ἀλλ’

1676 4923 1799 4975 ὅσον
1827 4923 1893 4975 ἃν
1921 4922 2177 4993 ὀρύξωσι,
2208 4921 2447 4992 τοσούτῳ
2480 4923 2726 4993 μείζονος
2777 4923 3028 4991 ἐφίενται
3062 4923 3253 4977 ταλαι-

1676 5006 1914 5078 πωρίας.
1946 5008 2008 5060 Εἰ
2031 5007 2088 5060 δέ
2110 5008 2307 5060 ἐκεῖνοι
2340 5006 2438 5075 μὲν
2461 5007 2707 5069 ἄκοντες,
2738 5002 2883 5061 οῦτοι
2904 5007 2960 5060 δὲ
3009 5008 3247 5070 ἑκόντες,

1674 5090 1735 5143 τό
1762 5089 1994 5159 χαλεπόν
2026 5106 2116 5160 μοι
2136 5089 2317 5158 λέγεις
2341 5090 2432 5142 τοῦ
2456 5091 2781 5161 νοσήματος,
2808 5092 2889 5144 ὅτι
2921 5091 3044 5145 ούδέ
3074 5092 3250 5146 ἁπαλ-

1679 5173 1911 5243 λαγῆναι
1950 5172 2223 5239 δύνανται,
2260 5174 2311 5226 εῖ
2328 5190 2391 5241 γε
2424 5174 2558 5242 μηδέ
2586 5174 2804 5245 μισοῦσι
2853 5175 2951 5246 τὴν
3002 5178 3247 5230 κακοπά-

1672 5261 1843 5313 θειαν.
1890 5258 2031 5312 Ἀλλ’
2065 5258 2255 5330 ῶσπερ
2278 5255 2340 5322 ὗς
2378 5261 2435 5311 ἐν
2478 5259 2743 5331 βορϐόρῳ,
2786 5260 2928 5314 οὓτω
2966 5262 3061 5315 καὶ
3101 5255 3246 5316 οὗτοι

1674 5348 1793 5409 ταῖς
1840 5344 1938 5415 τῆς
1995 5343 2359 5414 φιλαργυρίας
2419 5344 2703 5409 δυσωδίαις
2770 5346 3246 5417 ἐγκαλινδούμενοι

1669 5430 1907 5501 ἥδονται,
1936 5422 2299 5500 χαλεπώτερα
2327 5430 2627 5499 πάσχοντες
2646 5430 2753 5482 τῶν
2778 5430 3083 5484 καταδίκων
3103 5429 3246 5484 ἐκεί-

1669 5532 1794 5569 νων.
1833 5514 1955 5567 Ὂτι
1994 5512 2101 5585 7&9
2125 5515 2182 5566 ἐν
2201 5514 2438 5585 χείροσίν
2456 5515 2613 5578 εἰσιν,
2644 5517 2875 5570 άκουσον
2908 5516 2975 5568 τά
2998 5516 3242 5582 ἐκείνων,

1669 5601 1762 5654 καὶ⁵
1794 5598 1914 5651 τότε
1941 5598 2061 5668 εῐσῃ
2095 5600 2162 5650 τά
2189 5596 2415 5650 τούτων.
2441 5598 2673 5665 Λέγεται
2714 5598 2945 5669 τοίνυνὴ
2996 5600 3243 5669 χρυσῖτις

123 5685 309 5732 ττος
385 5668 649 5739 αὐτῶνή
697 5668 921 5739 κτῆσιςς
974 5670 1035 5723 οὗ
1076 5671 1255 5741 φόδων
1286 5674 1443 5745 γέμει
1469 5678 1564 5729 καὶ
1666 5683 1849 5754 ἐκείνη
1908 5681 1980 5753 γῆ
2033 5684 2319 5752 χηραμοὺς
2356 5682 2452 5735 καὶ
2494 5682 2817 5746 καταδύσεις
2860 5668 3004 5752 ἔχειν
3034 5668 3094 5735 ἐν
3130 5684 3242 5744 τοῖς

138 5775 162 5823 ;
219 5756 327 5808 οὐ
387 5754 582 5822 φόνων
608 5756 700 5809 καὶ
720 5756 1047 5828 ἐπιϐουλῆς;
1078 5759 1178 5813 ούκ
1216 5759 1413 5832 ἔχθρας
1466 5766 1561 5820 καὶ

1666 5767 1916 5839 ζοφεροῖς
1941 5766 2221 5836 σπηλαίοις
2246 5766 2481 5830 ἐκείνοις
2501 5783 2515 5796 ⁸
2548 5766 2637 5819 τὸν
2657 5761 2749 5820 οὖν
2789 5765 3090 5835 κακοῦργον
3148 5766 3241 5819 τὸν

123 5846 192 5897 ν)
258 5840 614 5919 ῥᾳθυμίας
639 5845 734 5899 καὶ
763 5845 958 5911 κακίας
978 5846 1178 5918 πολλῆς
1199 5866 1212 5914 ;
1236 5850 1294 5903 ού
1317 5850 1551 5920 γῆὲστιν
1661 5855 1772 5916 τοῖς
1803 5853 1918 5905 ἐκεῖ
1944 5850 2416 5907 καταδικασθέντα
2458 5850 2698 5920 μόχθοις,
2737 5851 2826 5909 διά
2856 5850 3013 5906 τοῦτο
3044 5853 3235 5923 λύχνον
