3776 6320
394 295 501 357 197

382 417 731 490 λαμϐάνοντα
770 418 865 471 καὶ
894 417 1164 482 δίκελλαν,
1192 418 1366 482 οὕτως
1399 418 1625 474 εἰσιέναι
1651 418 1819 483 ἔνδον,
1858 418 1954 472 καὶ

382 502 643 575 ληκύθιον
666 502 1042 573 ἐπιφέρεσθαι,
1069 503 1211 557 ὥστε
1241 505 1550 569 ἐπιστάζειν
1576 504 1825 558 ἐντεῦθεν
1874 504 1954 575 τῷ

383 589 563 657 λύχνῳ
594 585 655 640 το
674 586 872 651 ἔλαιον,
898 586 989 639 διά
1042 588 1105 640 τὸ
1153 586 1345 651 σκότος
1375 584 1515 641 εἶναι
1538 588 1634 642 καὶ
1670 591 1729 641 ἐν
1767 588 1955 659 ἡμέρα

380 669 645 738 ἀφεγγὲς,
676 667 865 739 ῶσπερ
898 669 1066 740 ἔφθην
1103 670 1293 726 εἰπών.
1316 666 1449 725 Εἶτα
1463 672 1684 725 ἐπειδὰν
1708 674 1738 726 0
1765 671 1955 743 καιρὸς

382 754 478 806 ἐπὶ
509 753 608 822 τὴν
637 752 982 824 ταλαίπωρον
1004 753 1167 806 αὑτὸν
1198 754 1336 825 καλῇ
1371 756 1598 825 τροφὴν,
1648 755 1809 810 αὑτὸν
1855 755 1956 827 μὲν

381 837 597 903 ἀγνοεῖν
619 835 708 887 τὸν
738 836 946 905 καιρὸν,
967 836 1057 888 τὸν
1080 835 1138 889 δὲ
1168 836 1554 907 δεσμοφύλακα
1609 839 1703 893 τὸν
1745 838 1953 891 ἐκείνου

381 917 591 972 ἀνωθεν
613 915 926 981 κατάξαντα
956 917 1201 989 σφοδρῶς
1228 920 1289 974 τὸ
1318 919 1601 991 σπήλαιον,
1633 921 1724 975 διὰ
1740 921 1834 975 τοῦ
1853 938 1957 974 πα·-

378 1003 550 1071 τάγου
572 1002 665 1055 καὶ
690 1005 789 1073 τῆς
809 1004 990 1073 φωνῆς
1018 1004 1233 1074 ἐκείνης
1258 1005 1449 1075 δηλοῦν
1480 1010 1591 1071 τοῖς
1612 1009 1765 1061 κάτω
1794 1008 1957 1080 ἐργα-

381 1086 632 1157 ζομένοις
653 1085 755 1155 τῆς
790 1086 1005 1159 ήμέρας
1034 1088 1096 1141 τὸ
1132 1089 1305 1153 τέλος.
1366 1086 1492 1161 'A9‘
1548 1093 1649 1145 οὐκ
1697 1093 1955 1162 ἐφρίξατε

381 1170 558 1224 ταῦτα
588 1169 957 1239 άκούσαντες;
993 1173 1223 1242 Ἰδωμεν
1252 1173 1453 1237 τοίνυν,
1480 1176 1529 1229 εί
1580 1174 1656 1246 μὴ
1711 1175 1957 1245 χαλεπὼ-

380 1270 517 1325 τερα
547 1252 755 1306 τούτων
780 1255 1082 1324 πάσχουσιν
1105 1259 1154 1309 οί
1194 1258 1541 1329 φιλάργυροι.
1577 1258 1687 1311 Καὶ
1720 1258 1830 1330 γάρ
1860 1259 1958 1313 καὶ

380 1330 530 1389 οὗτοι
588 1336 885 1408 βαρύτερον
923 1339 1105 1408 έχουσι
1150 1340 1535 1411 δεσμοφύλακα
1565 1340 1663 1412 τὴν
1689 1340 1957 1411 φιλαργυ-

384 1420 532 1490 ρίαν,
556 1420 650 1473 καὶ
674 1419 915 1490 τοσούτῳ
947 1421 1262 1493 βαρύτερον,
1290 1426 1399 1494 ὅσῳ
1431 1424 1571 1494 μετὰ
1593 1424 1686 1477 τοῦ
1705 1423 1958 1494 σώματος

384 1504 479 1556 καὶ
506 1504 607 1572 τὴν
635 1501 813 1572 ψυχὴν
837 1503 1021 1567 αὐτοῖς
1055 1506 1253 1560 συνδεῖ.
1270 1508 1382 1560 Καὶ
1395 1508 1457 1559 τὸ
1476 1508 1663 1571 σκότος
1687 1506 1745 1559 δέ
1772 1506 1953 1570 τοῦτο,

382 1588 591 1641 ἐκείνου
622 1587 1053 1660 φρικωδέστερον
1076 1607 1091 1621 ο
1123 1591 1187 1643 ού
1211 1593 1321 1663 γάρ
1361 1594 1509 1645 ἐστιν
1542 1589 1818 1661 αίσθητὸν,
1841 1589 1957 1644 ἀλλ’

379 1674 593 1727 ἔνδοθεν
620 1672 752 1725 αὐτὸ
780 1671 1076 1739 τίκτοντες.
1094 1675 1341 1747 ὅπουπερ
1363 1676 1430 1729 ἂν
1484 1675 1711 1740 ἀπίωσι,
1751 1692 1956 1729 παντα-

379 1758 478 1829 χοῦ
512 1757 633 1828 μεθ’
664 1755 874 1810 ἑαυτῶν
927 1758 1338 1829 περιφέρουσιν.
1378 1760 1673 1813 Ἔσϐεσται
1710 1761 1819 1830 γάρ
1856 1759 1956 1813 αὑ-

372 1846 489 1907 τοῖς
522 1845 550 1896 0
573 1841 672 1911 τῆς
690 1841 871 1911 ψυχῆς
897 1841 1198 1912 ὀφθαλμός.
1230 1843 1321 1895 Διὸ
1356 1843 1450 1896 καὶ
1475 1843 1709 1914 μάλιστα
1739 1845 1957 1899 πάντων

378 1926 575 1989 αὐτοὺς
601 1926 629 1977 0
675 1925 909 1994 Χριστὸς
954 1925 1228 1989 ταλανίζει
1280 1926 1454 1994 λέγων
1473 1943 1489 1958 ο
1537 1928 1603 1981 El
1632 1925 1701 1979 δὲ
1731 1926 1801 1981 τὸ
1829 1926 1957 1996 φῶς

378 2011 447 2063 τὸ
472 2011 545 2063 ἐν
581 2006 702 2070 σοί,
731 2008 972 2073 σκότος,
1000 2008 1063 2062 τὸ
1128 2010 1352 2075 σκότος
1415 2010 1650 2064 πόσονέ
1698 2011 1956 2065 Κάκεῖνοι

382 2094 481 2164 μὲν
520 2090 622 2144 κᾶν
653 2089 845 2159 λύχνον
880 2090 1063 2161 έχουσι
1108 2092 1389 2161 φαίνοντα,
1422 2088 1567 2148 οῦτοι
1599 2096 1658 2148 δὲ
1695 2096 1789 2148 καὶ
1825 2093 1957 2147 ταύ-

376 2193 479 2247 της
514 2173 920 2242 ἀπεστέρηνται
964 2175 1068 2246 τῆς
1104 2177 1280 2246 αὐγῆς
1334 2175 1518 2249 [210]“
1551 2177 1631 2231 διὸ
1690 2178 1786 2232 καὶ
1832 2177 1956 2232 καθ’

379 2259 622 2328 ἑκάστην
651 2254 865 2326 ἡμέραν
927 2260 1007 2322 είς
1062 2259 1232 2331 μυρία
1284 2261 1619 2331 ἐμπίπτουσι
1683 2260 1955 2333 βάραθρα.

378 2342 575 2395 lia-10!.
635 2339 733 2409 μὲν
797 2341 1100 2405 κατάδικοι,
1158 2341 1353 2404 νυκτὸς
1408 2342 1955 2414 καταλαμϐανούσης,

380 2424 763 2491 ἁναπνέουσιν,
816 2426 896 2488 είς
961 2424 1061 2494 τὴν
1114 2424 1300 2495 κοινὴν
1333 2424 1440 2478 τῶν
1505 2424 1958 2496 δυσημερούντων

380 2509 861 2573 καταπλεύσαντες
885 2508 1151 2579 γαλήνην,
1180 2508 1281 2578 τὴν
1323 2508 1495 2562 νύκτα
1533 2510 1711 2578 λέγω’
1752 2513 1864 2575 τοῖς
1901 2509 1958 2563 δέ

381 2592 740 2664 φιλαργύροις
771 2594 865 2646 καὶ
888 2592 1081 2645 τοῦτον
1110 2592 1143 2662 ή
1180 2591 1465 2656 πλεονεξία
1508 2592 1825 2663 προσέχωσε
1866 2592 1959 2645 τὸν

381 2676 610 2746 λιμέναο
644 2675 883 2729 τοσαῦτα
922 2675 1019 2729 καὶ
1043 2679 1100 2728 ἐν
1127 2675 1282 2728 νυκτὶ
1314 2675 1660 2745 φροντίζουσι
1682 2675 1955 2744 χαλεπῶς,

380 2762 479 2815 ἆτε
517 2761 742 2833 μηδενὸς
758 2760 1104 2831 ἐνοχλοῦντος
1136 2759 1276 2830 μετά
1313 2760 1508 2831 σχολῆς
1537 2761 1757 2831 ἀπάσης
1786 2777 1957 2813 κατα-

382 2844 675 2909 κόπτοντες
714 2842 959 2907 ἐαυτούς.
997 2844 1104 2896 Καὶ
1154 2843 1223 2896 τὰ
1259 2843 1355 2913 μὲν
1397 2843 1631 2897 ἐνταῦθα
1683 2842 1910 2897 τοιαῦτα
1940 2859 1955 2873 ·

384 2930 448 2981 τά
476 2926 535 2980 δὲ
572 2929 707 2993 ἐκεῖ,
743 2931 894 2990 ποῖος
919 2929 1259 2998 παραστήσει
1298 2927 1492 2995 λόγος;
1536 2927 1636 2991 τὰς
1689 2928 1956 2998 καμίνους

386 3012 480 3074 τάς
519 3011 854 3083 ἀφορήτους,
917 3012 1043 3074 τοὺς
1097 3010 1603 3082 πυριφλεγέθοντας
1647 3013 1952 3082 ποταμοὺς,

388 3096 505 3157 τοὺς
522 3093 889 3167 βρυχομένους
920 3094 1164 3159 ὀδόντας,
1219 3096 1288 3148 τά
1316 3095 1494 3163 δεσμά
1538 3096 1609 3149 τὰ
1655 3096 1849 3161 ἄλυτα,
1868 3097 1962 3149 τὸν

380 3178 642 3248 σκώληκα
708 3180 801 3233 τὸν
857 3179 1081 3241 ἰοϐόλον,
1128 3178 1190 3231 τὸ
1233 3178 1424 3242 σκότος
1478 3180 1540 3232 τὸ
1591 3181 1854 3249 ἀφεγγὲς,
1894 3180 1965 3234 τά

380 3261 653 3331 μηδέποτε
684 3262 858 3333 πέρας
899 3261 1245 3331 λαμϐάνοντα
1286 3262 1453 3315 κακά.
1486 3263 1823 3333 Φοϐηθῶμεν
1850 3263 1964 3317 τοί-

378 3363 497 3411 νυν,
530 3347 829 3417 ἀγαπητοὶ,
871 3344 1201 3416 φοϐηθῶμεν
1216 3344 1313 3415 τὴν
1342 3346 1526 3417 πηγὴν
1554 3345 1665 3399 τῶν
1693 3346 1964 3401 τοσούτων

379 3428 685 3499 τιμωριῶν,
736 3428 835 3499 τὴν
879 3428 1180 3499 ἀκόρεστον
1238 3429 1459 3499 μανίαν,
1496 3428 1595 3495 τὴν
1655 3428 1834 3499 λύμην
1863 3430 1965 3501 τῆς

380 3511 661 3582 ήμετέρας
683 3512 979 3582 σωτηρίας.
1014 3512 1089 3564 ού
1120 3512 1228 3582 γάρ
1256 3512 1404 3566 ἔστιν
1420 3510 1558 3583 ὁμοῦ
1585 3514 1680 3566 καὶ
1699 3512 1963 3584 ἀργύριον

384 3594 558 3665 φιλεῖν
591 3596 683 3648 καὶ
739 3594 938 3665 ψυχήν.
988 3595 1268 3667 Μάθωμεν
1322 3597 1403 3649 ὅτι
1432 3598 1502 3667 γῆ
1543 3596 1637 3649 καὶ
1669 3596 1863 3661 σποδὸς
1895 3598 1966 3652 τά

376 3680 666 3750 χρήματα,
702 3679 787 3731 ὅτι
818 3679 1187 3751 ἀπολιμπάνει
1245 3682 1391 3752 ἡμᾶς
1427 3680 1846 3753 ἀποδημοῦντας
1879 3683 1965 3735 ἐν-

382 3762 594 3826 τεῦθεν,
661 3762 865 3833 μᾶλλον
931 3762 991 3817 δέ
1048 3765 1132 3818 ὅτι
1178 3765 1273 3818 καὶ
1326 3765 1433 3836 πρὸ
1493 3766 1593 3837 τῆς
1652 3765 1963 3837 ἀποδημίας

378 3847 648 3911 πολλάκις
700 3849 856 3919 ήμῶν
914 3850 1196 3920 ἀποπηδᾷ,
1256 3851 1350 3904 καὶ
1402 3850 1538 3922 πρὸς
1590 3849 1659 3904 τά
1702 3851 1965 3922 μέλλοντα

386 3931 791 4000 παραίλάπτει,
819 3934 917 3986 καὶ
959 3934 1100 4004 πρὸς
1150 3934 1250 4003 τὴν
1302 3933 1586 4005 παροῦσαν
1626 3933 1793 4006 ζωήν.
1854 3935 1965 3988 Καὶ

385 4016 496 4085 γάρ
532 4015 636 4086 πρὸ
666 4015 767 4085 τῆς
794 4016 1023 4088 γεέννης
1055 4018 1149 4070 καὶ
1174 4017 1283 4088 πρὸ
1305 4018 1405 4088 τῆς
1438 4017 1717 4082 κολάσεως
1749 4018 1965 4091 ἐκείνης

391 4098 607 4169 μυρίοις
638 4100 918 4154 κάνταῦθα
955 4103 1102 4173 ἡμᾶς
1155 4102 1473 4173 περιϐάλλει
1531 4102 1814 4174 πολέμοις,
1868 4104 1964 4157 καὶ

387 4186 608 4246 στάσεις
638 4184 842 4255 ἐγείρει
874 4186 969 4237 καὶ
997 4185 1199 4256 μάχας.
1234 4186 1398 4239 Οὐδὲν
1422 4186 1532 4256 γὰρ
1550 4185 1694 4240 οὕτω
1725 4188 1964 4259 πολεμο-

387 4266 560 4333 ποιὸν,
588 4267 665 4332 ὡς
692 4268 1029 4341 φιλαργυρία
1047 4285 1062 4300 ο
1094 4269 1247 4323 οὐδὲν
1302 4268 1445 4323 οὕτω
1471 4272 1832 4342 πτωχοποιὸν,
1855 4272 1963 4326 κᾶν

1042 297 1102 353 S.
1136 296 1426 354 JOANNIS
1460 294 1946 354 CHRYSOSTOMI
1988 296 2311 355 ARCHIEP.
2352 298 2904 354 CONSTANTINUP.

3526 306 3635 356 198'

2054 419 2112 472 ἐν
2138 419 2379 492 πλούτῳ,
2411 420 2516 474 κᾶν
2540 421 2599 473 ἐν
2629 420 2792 489 πενίᾳ
2830 420 2995 491 φανῇ.
3029 416 3225 474 Φύεται
3268 420 3373 490 γὰρ
3425 424 3522 476 καὶ
3577 428 3641 478 ἐν

2053 503 2303 574 πενήτων
2367 502 2569 573 ψυχαῖς
2630 502 2695 555 τδ
2744 502 2980 573 χαλεπὸν
3038 501 3198 556 τοῦτο
3249 503 3486 573 νόσημα,
3537 508 3641 560 καὶ

2055 585 2217 639 πλέον
2243 585 2422 641 αὐτῶν
2458 585 2841 656 ἐπιτρίϐειτὴν
2866 585 3079 641 πενίαν.
3100 586 3220 640 Κάν
3234 587 3433 659 εὑρεθῇ
3464 590 3637 657 πένης

2056 670 2411 742 φιλάργυρος,
2472 670 2574 723 οὐκ
2624 671 2683 723 ἐν
2733 671 3015 740 χρήμασιν
3056 670 3085 721 0
3141 672 3405 737 τοιοῦτος,
3428 672 3548 727 ἀλλ’
3578 677 3639 727 ἐν

2055 752 2201 823 λιμῷ
2230 754 2411 807 δίδωσι
2434 752 2614 823 δίκην.
2656 754 2733 805 Ού
2774 754 2885 823 γάρ
2926 753 3178 822 ἀνέχεται
3231 754 3340 808 τῶν
3391 756 3639 829 μετρίων

2056 836 2235 889 αὐτῶν
2262 834 2570 889 ἀπολαῦσαι
2601 836 2741 907 μετά
2773 836 2977 899 ἀδείας,
3002 836 3134 889 ἀλλὰ
3160 838 3254 891 καλ⁸
3272 837 3373 909 τήν
3390 842 3641 908 γαστέρα

2054 918 2196 989 λιμῴ
2227 920 2555 987 κατατείνει,
2596 920 2690 972 καὶ
2724 920 2787 972 τὸ
2818 920 2978 990 σῶμα
3009 920 3155 973 ἆπαν
3201 923 3506 992 γυμνότητι
3537 927 3641 977 καὶ

2056 1000 2253 1072 κρυμῷ
2280 1004 2622 1074 τιμωρεῖται,
2652 1008 2747 1056 καὶ
2767 1002 2877 1056 τῶν
2929 1002 3224 1073 δεσμωτῶν
3260 1005 3460 1075 μᾶλλον
3502 1008 3642 1077 αύχ.

2059 1085 2175 1156 μῶν
2201 1087 2296 1139 καὶ
2334 1086 2523 1156 ῥυπῶν
2560 1085 2835 1157 πανταχοῦ
2872 1087 3142 1156 φαίνεται·
3179 1089 3272 1141 καὶ
3316 1089 3403 1142 ἀεὶ
3443 1090 3643 1160 θρηνεῖ

2057 1170 2152 1221 καὶ
2190 1168 2460 1239 ὀδύρεται,
2513 1169 2703 1241 ῶσπερ
2756 1169 2969 1223 πάντων
2999 1168 3075 1223 ὢν
3140 1170 3491 1242 ἀθλιώτερος,
3530 1171 3642 1226 κᾶν

2061 1250 2289 1322 μυρίους
2326 1252 2685 1323 πενεστέρους
2744 1251 2862 1321 ἔχῃ.
2906 1244 3097 1317 Οὗτος,
3151 1253 3254 1305 κᾶν
3300 1255 3380 1316 είς
3424 1256 3642 1326 ἀγορὰν

2058 1334 2323 1407 ἐμϐάλλῃ,
2355 1335 2583 1398 πολλοὺς
2611 1334 2824 1388 λαϐὼν·
2854 1334 3038 1389 ἄπεισι
3076 1335 3351 1406 μώλωπας
3370 1352 3384 1363 ⁸
3419 1338 3525 1391 κᾶν
3554 1340 3641 1402 είς

2060 1418 2367 1490 βαλανεῖον,
2391 1418 2493 1472 κᾶν
2521 1419 2601 1482 εις
2637 1419 2887 1489 θέατρον,
2938 1419 3161 1473 πλείονα
3208 1420 3435 1490 λήψεται
3467 1424 3641 1494 τραύ-

2062 1519 2229 1573 ματα,
2257 1502 2358 1555 οὐκ
2376 1502 2483 1554 ἀπὸ
2512 1502 2623 1555 τῶν
2649 1502 2999 1573 θεωρούντων
3020 1502 3202 1573 μόνον,
3233 1503 3369 1556 άλλά
3398 1507 3493 1558 καὶ
3527 1507 3641 1560 ἀπὸ

2058 1585 2167 1638 τῶν
2194 1585 2289 1638 ἐπὶ
2324 1583 2427 1654 τῆς
2461 1585 2691 1656 σκηνῆς,
2721 1586 2849 1638 ὅταν
2884 1585 2967 1657 ἴδῃ
2992 1586 3192 1649 πολλὰς
3224 1586 3334 1641 τῶν
3375 1605 3641 1659 πορνευο-

2060 1669 2238 1739 μένων
2274 1668 2551 1735 γυναικῶν
2630 1670 2840 1740 χρυσίῳ
2888 1669 3409 1741 καταλαμπομένας.
3463 1669 3641 1736 Οὗτος

2056 1751 2162 1805 κᾶν
2198 1753 2298 1823 τὴν
2330 1751 2602 1805 θάλατταν
2632 1752 2795 1826 πλέῃ,
2842 1753 2968 1816 τοὺς
3012 1753 3286 1825 ἐμπόρους
3339 1755 3503 1810 πάλιν
3540 1758 3641 1812 καὶ

2055 1836 2154 1899 τὰς
2186 1835 2569 1906 μυριαγώγους
2595 1835 2725 1899 ναῦς
2756 1837 2955 1889 ἐννοῶν
2995 1837 3089 1891 καὶ
3114 1840 3181 1889 τά
3213 1839 3415 1910 ἄπειρα
3443 1840 3638 1911 κέρδη,

2054 1919 2177 1973 οὐδὲ
2216 1919 2315 1991 ζῇν
2337 1919 2527 1973 ἐαυτὸν
2551 1920 2842 1988 ἡγήσεται’
2885 1918 2990 1972 κᾶν
3035 1920 3123 1973 διά
3150 1921 3253 1991 γῆς
3298 1922 3477 1992 ὀδεύῃ,
3509 1926 3641 1989 τοὺς

2057 2002 2282 2073 ἀγροὺς,
2305 2002 2374 2056 τὰ
2402 2002 2724 2073 προάστεια,
2759 2003 2826 2056 τὰ
2850 2002 3231 2073 καταλύματα,
3257 2005 3326 2058 τά
3355 2005 3639 2075 βαλανεῖα,

2056 2088 2153 2150 τάς
2172 2089 2237 2139 ἐκ
2266 2085 2473 2140 τούτων
2532 2086 2830 2156 προσόδους
2890 2087 3364 2159 ἀναλογιζόμενος,
3405 2091 3642 2145 ἀϐίωτον

2057 2168 2241 2239 ἐαυτῷ
2262 2171 2354 2222 τὸν
2412 2168 2523 2239 βίον
2553 2170 2823 2239 ἡγήσεται
2845 2166 2987 2223 εἶναι
3021 2170 3225 2224 λοιπόν·
3266 2173 3369 2226 κᾶν
3417 2174 3558 2227 οῖκοι
3581 2175 3642 2229 δὲ
3684 2190 3687 2197 ·

2057 2252 2431 2323 κατακλείσῃς
2479 2252 2663 2315 αὐτὸν,
2711 2253 2780 2304 τὰ
2799 2254 2908 2305 άπὸ
2949 2254 3051 2323 τῆς
3090 2255 3295 2325 ἀγορᾶς
3338 2259 3642 2330 τραύματα

2058 2335 2384 2402 ἀναξαίνων,
2429 2335 2553 2389 καθ’
2594 2336 2785 2389 ἐαυτὸν
2844 2336 3108 2407 μειζόνως
3164 2337 3488 2409 λυμανεῖται
3538 2343 3641 2413 τὴν

2055 2420 2253 2493 ψυχήν·
2303 2420 2397 2473 καὶ
2443 2419 2573 2489 μίαν
2613 2415 2723 2473 οἶδε
2760 2421 3119 2491 παραμυθίαν
3154 2424 3322 2495 μόνην
3349 2426 3455 2479 τῶν
3507 2444 3644 2480 κατ-

2057 2505 2289 2574 εχόντων
2326 2502 2493 2557 αὑτὸν
2535 2505 2744 2570 κακῶν,
2778 2504 2868 2557 τὸν
2900 2505 3131 2560 θάνατον
3170 2509 3266 2560 καὶ
3316 2510 3413 2580 τὴν
3455 2510 3645 2563 ἐντεῦο

2060 2588 2152 2640 θεν
2191 2587 2536 2658 ἀπαλλαγήν.
2578 2587 2765 2641 Ταῦτα
2799 2588 2859 2642 δὲ
2888 2590 2985 2660 οὐχ
3006 2592 3035 2644 0
3081 2591 3249 2661 πένης
3288 2593 3467 2661 μόνον,
3502 2593 3644 2646 ἀλλά

2060 2672 2153 2726 καὶ
2202 2672 2233 2723 0
2283 2670 2540 2735 πλούσιος
2594 2673 2623 2725 0
2662 2672 2837 2744 τούτῳ
2877 2674 3191 2743 περιπεσὼν
3244 2675 3322 2746 τῷ
3368 2679 3643 2747 νοσήματι

2060 2755 2330 2819 πείσεται,
2367 2756 2462 2809 καὶ
2490 2754 2732 2828 τοσούτῳ
2758 2756 2960 2827 μᾶλλον
2981 2757 3076 2811 τοῦ
3104 2759 3355 2829 πένητος,
3391 2759 3504 2830 ὅσῳ
3546 2762 3644 2814 καὶ

2063 2838 2399 2910 σφοδροτέρα
2428 2838 2706 2894 ἐπίκειται
2732 2840 2907 2911 τούτῳ
2925 2844 2959 2911 ή
2991 2843 3266 2912 τυραννὶς,
3310 2843 3403 2896 καὶ
3438 2844 3644 2897 πλείων

2061 2923 2095 2992 ή
2128 2921 2287 2992 μέθη.
2320 2921 2412 2975 Διὸ
2473 2923 2570 2975 καὶ
2621 2923 2837 2977 πάντων
2870 2925 3194 2996 πενέστερον
3246 2926 3441 2980 ἐαυτὸν
3485 2920 3645 2991 οὗτος

2063 3007 2329 3078 ήγήσεται
2354 3006 2527 3079 [ειη.
2566 3008 2765 3079 μᾶλλον
2796 3008 2852 3066 δὲ
2882 3010 2978 3063 καὶ
3027 3009 3142 3063 ἐστι
3172 3010 3521 3082 πενέστερος.
3561 3014 3641 3065 Οὐ

2064 3089 2173 3160 γάρ
2210 3089 2287 3161 τῷ
2313 3090 2495 3160 μέτρῳ
2527 3093 2625 3161 τῆς
2665 3091 2875 3155 οὐσίας,
2924 3092 3058 3145 ἀλλὰ
3113 3096 3181 3164 τῇ
3238 3092 3475 3146 διαθέσει
3540 3095 3645 3164 τῆς

2064 3174 2353 3267 γνώμης-ό
2374 3173 2602 3237 πλοῦτος
2637 3176 2733 3228 καὶ
2763 3177 2797 3247 ἡ
2834 3176 2992 3229 πενία
3029 3175 3322 3267 κρίνονται·
3364 3180 3461 3230 καὶ
3498 3179 3647 3230 ἐκεῖ-

2064 3273 2153 3321 νος
2184 3256 2386 3327 μᾶλλόν
2431 3258 2581 3310 ἐστιν
2616 3259 2645 3312 0
2689 3259 2909 3312 πάντων
2965 3256 3329 3330 πτυῖχότατος,
3362 3261 3392 3312 ὁ
3431 3260 3523 3313 ἀεὶ
3546 3260 3646 3315 τοῦ

2064 3341 2312 3406 πλείονος
2338 3341 2643 3412 ἐπιθυμῶν,
2684 3343 2777 3396 καὶ
2805 3343 3075 3413 μηδέποτε
3106 3343 3300 3413 στῆσαι
3332 3344 3641 3415 δυνάμενος

2064 3426 2164 3496 τὴν
2204 3424 2449 3496 πονηράν
2468 3424 2675 3496 ταύτην
2704 3426 3022 3495 ἐπιθυμίαν.
3048 3428 3145 3481 Διά
3171 3428 3236 3498 δὴ
3254 3427 3425 3481 ταῦτα
3460 3432 3645 3483 πάντα

2065 3508 2359 3579 φεύγωμεν
2406 3506 2505 3578 τὴν
2565 3508 2952 3581 φιλαργυρίαν,
2997 3510 3095 3581 τὴν
3146 3512 3512 3581 πτωχοποιὸν,
3544 3514 3647 3583 τὴν

2063 3592 2426 3663 ψυχοφθόρον,
2491 3590 2589 3662 τὴν
2640 3591 2868 3663 γεέννης
2924 3594 3107 3665 φίλην,
3167 3594 3265 3665 τὴν
3310 3595 3511 3667 ἐχθρὰν
3543 3598 3647 3665 τῆς

2067 3675 2349 3746 βασιλείας
2368 3674 2477 3727 τῶν
2502 3674 2769 3747 οὐρανῶν,
2831 3675 2928 3747 τὴν
2989 3678 3203 3747 μητέρα
3250 3678 3469 3731 πάντων
3507 3680 3647 3749 ὁμοῦ

2066 3760 2175 3814 τῶν
2204 3760 2412 3814 κακῶνο
2455 3759 2549 3814 καὶ
2578 3760 3010 3831 καταφρονῶμεν
3039 3762 3362 3833 χρημάτων,
3395 3763 3484 3816 ῖνα
3504 3765 3648 3817 ἀπο·

2065 3842 2351 3914 λαύσωμεν
2415 3843 2735 3915 χρημάτων,
2807 3842 2900 3896 καὶ⁹
2963 3844 3103 3913 μετὰ
3174 3845 3284 3897 τῶν
3343 3848 3649 3917 χρημάτων

2065 3927 2492 3998 ἀπολαυσόμεθα
2513 3927 2608 3981 καὶ
2634 3927 2743 3981 τῶν
2764 3926 3191 3998 ἐπηγγελμένων
3240 3929 3373 3998 ήμῖν
3398 3930 3647 3997 ἀγαθῶν·

2061 4004 2138 4064 ὦν
2168 4010 2379 4079 γένοιτο
2436 4009 2650 4075 πάντας
2700 4012 2851 4081 ήμᾶς
2892 4013 3188 4081 ἐπιτυχεῖν,
3241 4014 3335 4065 καὶ
3375 4012 3444 4064 τά
3494 4013 3649 4085 ἑξῆς.

2138 4282 2164 4309 ⁸³
2190 4281 2273 4331 Sic
2299 4280 2424 4344 Reg.
2447 4286 2500 4330 et
2519 4279 2669 4329 Savil.
2694 4282 2749 4331 In
2774 4281 2945 4331 ﬂorel.
2970 4283 3129 4331 λαϐὼν
3156 4282 3486 4334 desideratur.

1590 4415 3619 4446 _._____.__.__________—___

1846 4548 2089 4601 ΟΜΙΛΙΛ
2128 4548 2254 4603 KA'.

387 4658 725 4728 Πειρασμός
756 4656 912 4728 ὑμᾶς
938 4660 1050 4712 οὐκ
1083 4659 1355 4727 anuper,
1384 4660 1438 4711 εί
1457 4657 1544 4727 μὴ
1563 4658 1965 4728 ἀνθρώπινος.

459 4726 678 4794 Πιστός
708 4727 775 4781 δὲ
796 4726 836 4781 id
860 4728 1025 4794 Θεὸς,
1050 4729 1119 4794 ὃς
1147 4726 1258 4782 οὐκ
1272 4728 1440 4782 ἐάσει
1460 4726 1617 4797 ὑμᾶς
1642 4727 1969 4795 πειρασθῆ-

460 4815 559 4853 ναι
597 4799 749 4867 ὑπὲρ
779 4798 810 4851 ὃ
851 4798 1139 4868 δύνασθε,
1175 4800 1338 4852 ἀλλὰ
1378 4798 1500 4852 σὺν
1545 4797 1624 4863 τῷ
1663 4797 1972 4868 πειρασμῷ

460 4868 701 4934 ποιήσει
743 4867 843 4939 καί
891 4867 1006 4935 τὴν
1049 4869 1303 4939 ἑκϐασιν
1346 4868 1452 4923 τοῦ
1480 4868 1776 4923 δύνασθαι
1818 4867 1972 4939 ὑμᾶς

462 4938 839 5006 ὑπενεγκεῖν,
864 4941 959 4993 καὶ
995 4942 1068 4993 τὰ
1099 4938 1263 5008 ἑξῆς.

471 5078 543 5127 α’.
562 5071 892 5143 Ἐπειδήπερ
922 5073 1188 5146 ἐφόϐησεν
1206 5073 1402 5137 αὐτοὺς
1432 5073 1651 5138 ἱκανῶς,
1673 5073 1742 5128 τά
1766 5074 1973 5130 παλαιά

392 5156 795 5227 διηγησάμενος
825 5158 1267 5228 παραδείγματα,
1297 5158 1391 5212 καὶ
1411 5159 1491 5221 είς
1513 5158 1752 5227 ἀγωνίαν
1782 5159 1971 5212 ἐνέϐα-

397 5242 509 5306 λεν,
542 5240 728 5307 είπὼν,
773 5240 835 5293 '0
863 5240 1058 5295 δοκῶν
1088 5242 1650 5308 ἑστάναι,,βλεπέτω
1670 5242 1759 5313 μὴ
1789 5243 1973 5313 πέσῃ,

398 5320 537 5395 ἦσαν
574 5324 628 5377 δὲ
672 5326 767 5379 καὶ
810 5327 1151 5395 πειρασμοὺς
1204 5326 1518 5396 ἐνηνοχότες
1572 5326 1831 5391 πολλοὺς,
1881 5328 1976 5380 καί

398 5408 809 5479 γυμνασάμενοι
833 5408 1093 5473 πολλάκις
1114 5409 1173 5461 ἐν
1198 5408 1427 5473 τούτοις
1456 5408 1565 5463 Καὶ
1593 5409 1701 5481 γάρ
1720 5409 1790 5463 ἐν
1807 5410 1978 5465 ἀσθε-

397 5492 551 5560 νείᾳ,
606 5493 779 5563 φησὶ,
830 5493 929 5547 καί
976 5492 1047 5545 ἐν
1086 5492 1251 5562 φόϐῳ
1296 5493 1394 5546 καί
1426 5492 1495 5545 ἐν
1530 5494 1721 5562 τρόμῳ
1768 5492 1978 5559 πολλῷ

395 5576 689 5648 ἐγενόμην
730 5575 879 5645 πρὸς
920 5573 1096 5646 ὑμᾶς·
1158 5576 1246 5629 ἴνα
1287 5575 1362 5647 μὴ
1403 5575 1636 5644 λέγωσι,
1672 5575 1737 5629 Τί
1789 5575 1973 5645 φοϐεῖς

395 5661 545 5733 ήμᾶς
578 5661 671 5713 καὶ
720 5659 962 5734 δεδίττης
1020 5660 1121 5713 οὐκ
1174 5660 1342 5730 ἐσμὲν
1384 5659 1591 5713 τούτων
1650 5659 1974 5730 ἀμελέτητοι

397 5745 506 5798 τῶν
555 5744 767 5797 κακῶν
822 5744 917 5797 καὶ
971 5742 1080 5815 γὰρ
1137 5742 1419 5814 ήλάθημεν
1482 5744 1574 5797 καὶ
1641 5742 1974 5815 ἐδιώχθημεν

402 5830 497 5883 καὶ
542 5827 769 5893 πολλοὺς
814 5829 905 5885 καὶ
948 5830 1190 5901 συνεχεῖς
1233 5827 1607 5901 ὑπεμείναμεν
1655 5827 1967 5891 κινδύνους·

2072 4657 2450 4715 καταστέλλων
2499 4658 2681 4714 αὐτῶν
2730 4658 2890 4713 πάλιν
2931 4658 2993 4711 τὸ
3041 4658 3303 4730 φύσημα,
3332 4661 3487 4731 φησὶ,
3521 4666 3654 4719 Πει-

2062 4740 2300 4809 ρασμὸς
2344 4739 2499 4811 ὑμᾶς
2540 4746 2652 4797 οὐκ
2694 4743 2980 4811 ειληφεν,
3021 4746 3075 4797 εί
3117 4744 3203 4813 μὴ
3256 4744 3651 4814 ἀνθρώπινοςο

2071 4825 2356 4888 τουτέστι,
2423 4828 2653 4897 μικρὸς,
2703 4826 2948 4898 βραχὺς,
3014 4826 3347 4898 σύμμετρος.
3412 4830 3485 4882 Τὸ
3547 4834 3654 4903 γάρ

2072 4907 2411 4978 ἀνθρώπινον
2457 4909 2551 4961 ἐπὶ
2597 4910 2691 4962 τοῦ
2737 4910 2937 4981 μικροῦ
2988 4910 3171 4978 λέγει,
3204 4912 3279 4973 ὡς
3307 4913 3435 4965 ὅταν
3482 4914 3651 4987 λέγῃ·

2086 4991 2477 5058 Ἆνθρώπινον
2498 4992 2651 5062 λέγω
2676 4993 2773 5048 διὰ
2798 4994 2914 5061 τὴν
2937 4995 3258 5050 ἀσθένειαν
3282 4996 3393 5065 τῆς
3426 5001 3655 5065 σαρκὸς

2074 5074 2260 5144 ὑμῶν.
2296 5074 2388 5144 Μὴ
2426 5075 2607 5129 τοίνυν
2657 5076 2801 5147 μέγα
2844 5082 3124 5149 φρονεῖτε,
3162 5080 3345 5149 φησὶν,
3382 5081 3456 5144 ὡς
3502 5100 3655 5151 περι-

2074 5158 2353 5227 γενόμενοι
2380 5157 2472 5210 τοῦ
2502 5159 2813 5214 κλυδωνίουο
2844 5162 3098 5215 οὐδέποτε
3130 5164 3238 5234 γάρ
3270 5164 3439 5216 εἴδετε
3474 5166 3656 5218 κίνδυ-

2078 5259 2165 5294 νον
2224 5242 2454 5296 θάνατον
2504 5244 2852 5308 ἀπειλοῦντα,
2908 5246 3028 5299 οὐδὲ
3077 5248 3382 5317 πειρασμὸν
3442 5252 3656 5319 σφαγὴν

2074 5326 2591 5397 ἐπανατεινόμενον·
2625 5325 2653 5381 ὃ
2686 5328 2782 5382 καὶ
2822 5329 3099 5401 Ἑϐραίοις
3124 5331 3330 5397 ἐλεγενο
3358 5332 3540 5384 Οὔπω
3563 5332 3656 5399 μὲ-

2077 5427 2210 5478 χρις
2245 5410 2494 5479 αἳματος
2526 5413 2990 5481 ἀντικατέστητε
3038 5414 3187 5483 πρὸς
3216 5414 3331 5481 τὴν
3360 5414 3655 5483 ἁμαρτίαν

2074 5493 2620 5564 ἀνταγωνιζόμενοι.
2652 5493 2786 5551 Εἶτα
2834 5499 3021 5569 ἐπειδὴ
3061 5498 3348 5567 ἐφόϐησεν,
3392 5499 3497 5569 ὅρα
3543 5501 3655 5561 1:50.;

2080 5577 2243 5631 πάλιν
2275 5578 2471 5644 αὐτοὺς
2503 5580 2755 5652 ἀνίστησι
2786 5582 2924 5652 μετά
2960 5582 3053 5636 τοῦ
3080 5584 3261 5634 πεῖσαι
3307 5582 3654 5653 μετριάζειν,

2080 5661 2253 5728 λέγων
2272 5676 2283 5688 ·
2315 5663 2538 5725 Πιστὸς
2562 5663 2630 5717 δὲ
2660 5667 2693 5719 ό
2722 5667 2889 5732 Θεὸς,
2921 5666 2989 5732 ὃς
3016 5667 3125 5719 οὐκ
3158 5664 3326 5717 ἐάσει
3354 5663 3511 5733 ὑμᾶς
3535 5682 3654 5717 πει-

2072 5743 2379 5813 ρασθῆναι
2424 5747 2579 5816 ὑπὲρ
2618 5748 2650 5801 ὃ
2690 5749 2973 5803 δύνασθε.
3018 5750 3158 5820 ’Ἄρα
3192 5750 3297 5801 εἰσὶ
3335 5749 3653 5819 πειρασμιή,

2079 5829 2175 5893 οῦς
2204 5828 2265 5882 οὐ
2293 5829 2521 5888 δυνατὸν
2544 5834 2883 5901 ὑπενεγκεῖν.
2918 5836 3026 5890 Καὶ
3051 5835 3194 5899 τίνες
3217 5827 3393 5895 οῦτοις
3427 5834 3652 5896 Πάντες.
