3826 6216
209 252 275 310 197
1104 232 1169 287 ΙΝ
1208 228 1419 287 EPIST.
1464 226 1481 281 I
1543 225 1633 279 AD
1670 222 1826 280 COR.
1867 220 2094 277 HOMIL.
2133 220 2318 277 XXIV.

197 375 288 431 ergo
320 365 422 415 terra
452 354 525 415 illa
560 353 790 411 aurifera
833 350 1051 408 latibula
1089 359 1143 404 et
1179 361 1422 403 recessus
1459 343 1655 398 habere

196 472 231 510 ιιι
248 446 469 507 tenebrosis
490 447 583 502 illis
605 446 872 515 speluncis
899 462 914 496 :
946 443 1322 503 facinorosum,
1340 438 1427 507 qui
1449 436 1517 490 ad
1540 436 1657 495 illos

191 545 344 599 labores
358 537 592 594 damnatus
619 545 733 602 est,
764 535 884 590 ideo
929 535 1201 590 lucernam
1230 529 1573 598 accipientem
1603 533 1660 581 et

191 635 374 703 ligonem,
397 629 454 684 ita
492 627 709 698 ingredi.
733 636 790 683 et
833 626 1162 695 gutturuium
1207 623 1419 684 aﬂ‘erre,
1449 629 1508 675 ιιι
1534 618 1659 675 inde

185 726 318 781 oleum
339 721 381 775 in
406 720 646 775 lucernam
695 717 955 782 infundat,
988 716 1109 785 quia
1140 713 1373 769 tenebrat
1403 711 1512 766 illic
1537 716 1661 764 sunt

185 817 306 873 etiam
340 811 543 875 interdiu,
567 821 626 866 ut
646 811 759 881 jam
803 810 932 865 dixi.
965 809 1165 868 Deinde
1206 805 1420 876 quando
1452 813 1662 872 tempus

180 905 387 962 infelicem
411 902 532 957 illum
574 911 726 955 vocat
750 900 816 954 ad
842 900 1017 954 cibum
1034 941 1049 964 ,
1077 901 1247 968 ipsum
1276 895 1488 967 quidem
1530 904 1664 949 tem-

180 1012 254 1067 pus
286 995 481 1065 ignorare
505 1003 745 1058 narrant;
776 991 937 1046 vincti
970 1005 1097 1046 vero
1130 988 1406 1045 custodem
1433 1000 1663 1055 superne

181 1087 449 1141 vehementer
480 1083 769 1153 pulsantem
806 1082 1138 1152 speluncam,
1170 1095 1267 1150 per
1300 1079 1577 1148 strepitum
1609 1085 1666 1130 et

174 1190 319 1229 vocem
348 1172 547 1227 indicare
578 1171 738 1225 finem
778 1187 898 1226 esse
934 1171 1060 1225 diei.
1094 1172 1286 1224 Annon
1326 1166 1666 1221 inhorruistis

172 1265 262 1318 hac
280 1262 538 1318 audientes?
560 1262 840 1318 Videamus
860 1277 984 1332 ergo
1004 1276 1181 1315 annon
1207 1260 1288 1315 his
1311 1260 1553 1328 graviora
1577 1272 1669 1325 pa-

170 1358 326 1409 tiantur
346 1354 484 1407 avari.
509 1353 639 1408 Nam
670 1355 723 1408 hi
753 1368 965 1424 quoque
1000 1353 1297 1421 graviorem
1327 1350 1525 1404 habent
1552 1364 1669 1404 car-

168 1446 278 1502 ceris
317 1444 572 1508 custodem,
615 1443 915 1508 avaritiam,
960 1452 1011 1497 et
1058 1457 1123 1497 eo
1160 1440 1477 1511 graviorem,
1524 1438 1665 1507 quod

160 1552 256 1591 cum
282 1548 474 1603 corpore
493 1535 720 1587 animam
750 1533 910 1587 simul
935 1533 1165 1602 colliget.
1211 1533 1303 1586 llic
1343 1545 1554 1601 quoque
1584 1539 1665 1584 te-

161 1626 306 1681 nebrat
334 1632 441 1678 sunt
471 1623 564 1678 illis
594 1624 998 1688 [terribilior-es;
1028 1640 1132 1676 nun
1164 1633 1289 1678 sunt
1318 1624 1461 1676 enim
1490 1621 1666 1676 sensi-

153 1719 281 1782 hiles,
326 1716 410 1771 sed
460 1717 569 1772 illas
620 1717 761 1770 intus
816 1715 1083 1785 parientes
1124 1717 1289 1781 avari,
1337 1727 1671 1785 quocumque

150 1808 340 1861 abierint
360 1847 375 1872 ,
403 1806 580 1875 ubique
606 1820 786 1861 secum
819 1806 1201 1859 circumferunt
1226 1822 1239 1857 :
1267 1804 1560 1858 exstinctus
1589 1811 1673 1857 est

144 1898 264 1952 enim
318 1897 435 1965 ipsis
477 1900 665 1950 anima:
715 1895 921 1950 oculus.
975 1894 1205 1964 Ideoque
1255 1894 1501 1949 Christus
1554 1894 1673 1947 illus

145 1987 345 2039 maxime
371 1987 589 2040 omnium
621 1986 844 2040 miseros
884 1986 1135 2054 prie-dicat
1162 1985 1346 2039 dicens
1376 2002 1389 2038 :
1420 1985 1482 2038 Si
1507 1993 1673 2053 autem

136 2080 284 2132 {nutat
322 2078 448 2147 quod
490 2077 539 2130 in
578 2086 624 2130 te
667 2088 771 2137 est,
802 2076 1014 2131 tenebrat
1058 2076 1188 2143 sint,
1218 2075 1432 2129 tenebrat
1474 2085 1676 2144 quanta:

135 2179 262 2221 erunt
284 2167 491 2239 (Matth.
517 2170 567 2222 6.
592 2168 663 2223 25
682 2173 699 2237 )
721 2168 744 2221 ’Ζ
765 2168 832 2221 Ει
855 2167 929 2221 illi
953 2166 1167 2236 quidem
1189 2166 1378 2220 saltem
1402 2166 1673 2219 lucernam

131 2259 310 2314 habent
348 2261 600 2314 lucentem
632 2276 645 2313 :
690 2260 744 2313 hi
773 2271 949 2314 autem
981 2258 1068 2312 illa
1100 2259 1374 2327 privantur
1406 2275 1420 2311 :
1453 2257 1677 2325 ideoque

127 2350 341 2420 quotidie
359 2350 410 2403 in
428 2349 665 2404 barathro
686 2351 922 2405 incidunt
946 2351 1244 2406 innumera.
1267 2350 1334 2404 Et
1347 2349 1582 2403 damnati
1602 2350 1677 2404 illi

125 2442 322 2513 quidem
345 2441 651 2497 adveniente
679 2452 835 2496 nocte
855 2444 1140 2513 respirant,
1163 2443 1215 2496 in
1236 2457 1571 2497 communem
1589 2456 1678 2496 eo-

125 2549 224 2587 rum
252 2533 341 2603 qui
362 2531 499 2587 diem
524 2533 806 2588 infeliciter
834 2540 1206 2604 transegerunt
1244 2532 1678 2603 tranquillitatem

125 2624 434 2693 navigantes,
455 2624 503 2677 in
522 2632 730 2678 noctem
751 2623 900 2690 dico;
922 2624 1100 2678 avaris
1116 2634 1291 2679 autem
1308 2622 1450 2677 hunc
1467 2632 1679 2693 portum

126 2716 372 2770 )bstruxit
413 2716 629 2770 avaritia
657 2732 671 2770 :
704 2725 785 2770 tot
810 2725 862 2771 et
889 2717 1047 2770 tantis
1070 2716 1215 2771 curis
1239 2727 1396 2770 noctu
1423 2715 1683 2770 distinen-

128 2826 187 2863 ur
212 2810 263 2864 in
290 2809 427 2877 otio,
456 2810 667 2863 nemine
697 2810 968 2879 negotium
1000 2810 1245 2876 faciente,
1276 2811 1480 2879 seipsos
1508 2823 1682 2863 mace-

127 2913 296 2955 antcs.
347 2901 419 2956 Et
448 2917 562 2971 qua:
593 2901 677 2954 hic
707 2901 920 2971 quidem
968 2912 1197 2972 aguntur
1224 2900 1347 2954 talia
1378 2909 1532 2965 sunt;
1564 2915 1684 2969 quae

129 3008 221 3047 ero
244 2993 379 3059 illic,
410 2992 529 3062 quis
550 3007 727 3047 sermo
751 3007 1033 3062 recensere
1066 2992 1252 3062 possit,
1276 2990 1520 3046 fornaces
1548 2992 1685 3045 into-

125 3084 348 3139 :rabiles
369 3125 386 3151 ,
422 3082 612 3139 ﬂuvios
657 3084 777 3153 igne
824 3083 1077 3138 ardentes
1098 3124 1112 3146 ,
1145 3083 1332 3138 dentes
1360 3084 1681 3146 stridentes,

126 3177 398 3232 isolubilia
427 3176 656 3247 vincula,
684 3191 922 3231 vermem
954 3186 1294 3240 venenatum,
1325 3175 1573 3230 tenebras
1600 3175 1684 3229 lu-

131 3285 154 3322 s
182 3279 473 3339 expertes,
498 3256 646 3322 .mala
674 3282 959 3337 numquam
988 3267 1146 3322 linem
1175 3266 1444 3322 habentia.
1478 3266 1688 3321 Timea-

134 3378 196 3415 us
224 3376 388 3432 ergo,
422 3360 626 3425 dilecti,
657 3357 919 3430 fugiamus
946 3358 1147 3414 fontem
1181 3368 1446 3414 tantorum
1478 3360 1687 3413 crucia-

130 3470 246 3516 um,
266 3454 520 3507 furorem
547 3452 921 3514 insatiabilem,
949 3460 1142 3505 nostra:
1163 3452 1351 3506 salutis
1376 3450 1683 3521 perniciem.

126 3562 182 3597 )u
230 3551 484 3614 possunt
531 3544 672 3597 enim
717 3542 876 3595 simul
916 3541 1083 3595 amari
1127 3542 1344 3610 pecunia
1393 3550 1447 3596 et
1485 3542 1683 3595 anima.

126 3650 366 3690 scamus
391 3638 655 3705 pecunias
675 3649 795 3689 esse
821 3643 1018 3689 terram
1039 3643 1092 3688 et
1115 3635 1410 3703 pulverem,
1430 3635 1569 3705 quod
1591 3649 1688 3690 nos

126 3734 333 3780 serant
367 3725 503 3779 hinc
534 3724 918 3795 demigrantes,
952 3726 1061 3778 imo
1088 3741 1216 3779 vero
1242 3740 1387 3795 saepe
1426 3733 1551 3780 ante
1591 3725 1687 3780 de~

125 3834 278 3873 ;sum
309 3825 578 3872 nostrum
603 3817 862 3880 resiliant,
891 3813 1031 3887 quod
1054 3815 1119 3870 ad
1140 3815 1370 3870 futuram
1393 3824 1620 3871 noceant
1639 3826 1691 3870 et

132 3920 508 3980 praesentem
536 3911 718 3963 vitam.
753 3909 887 3963 Nam
916 3920 968 3962 et
993 3918 1115 3963 ante
1156 3909 1455 3979 gehennam
1486 3918 1540 3963 ct
1566 3920 1691 3965 ante

125 3977 414 4071 {priami
447 3999 582 4053 illud
610 4000 663 4053 in
689 3999 828 4054 bella
853 3998 936 4053 hic
960 4014 1056 4053 nos
1076 3977 1352 4055 innumera
1380 4000 1689 4070 conjiciunt,

3248 222 3342 278 I98

1766 340 2055 396 seditiones
2083 339 2315 394 excitant
2341 348 2396 394 et
2422 353 2644 409 pugnas.
2673 339 2813 395 Nihil
2852 344 2993 397 enim
3038 344 3106 399 ita
3149 345 3344 402 bellum

1764 433 1994 487 concitat
2030 442 2087 486 ut
2120 431 2368 497 avaritia;
2404 432 2533 487 nihil
2573 434 2643 487 ita
2684 433 2897 503 inopem
2926 437 3131 505 reddit,
3155 438 3268 495 sive
3294 441 3345 494 in

1765 523 1963 581 divitiis
1985 565 2001 589 ,
2034 525 2145 578 sive
2182 524 2235 578 in
2282 524 2536 594 pauperie
2573 528 2898 595 apparuerit.
2927 528 3173 585 Nascitur
3204 535 3347 587 enim

1765 617 1927 671 etiam
1951 618 2002 672 in
2028 632 2319 687 pauperum
2340 618 2532 673 animis
2550 620 2726 688 gravis
2746 619 2834 676 hic
2854 623 3086 686 morbus.
3112 624 3348 679 illorum-

1767 720 1872 775 que
1892 716 2257 777 paupertatem
2283 709 2451 778 magis
2470 710 2667 764 atterit.
2688 710 2744 764 Si
2764 720 2938 767 autem
2967 713 3213 768 inventus
3240 717 3351 769 fue-

1771 797 1838 851 rit
1859 813 2057 867 pauper
2082 814 2294 862 avarus,
2320 815 2423 853 non
2452 801 2502 853 in
2531 800 2728 855 divitiis
2757 802 2863 865 ille,
2882 803 2975 856 sed
3009 804 3059 858 in
3090 803 3230 859 fame
3260 807 3351 861 dat

1771 902 1975 956 pinnas.
2022 887 2140 943 Non
2167 888 2307 943 enim
2338 899 2515 958 potest
2543 890 2626 945 vel
2657 891 2879 946 modicis
2910 894 3013 947 illis
3040 912 3158 962 qute
3190 896 3350 951 habet

1769 980 1936 1033 libere
1954 978 2079 1045 frui,
2099 978 2191 1033 sed
2213 989 2267 1033 et
2288 988 2525 1034 ventrem
2550 978 2689 1035 fame
2710 990 2883 1047 venit,
2904 992 2956 1036 et
2974 998 3169 1053 corpus
3186 996 3349 1040 totum

1773 1070 2009 1125 nuditate
2046 1080 2099 1123 et
2139 1069 2334 1139 frigore
2370 1071 2641 1126 ulciscitur
2662 1112 2677 1135 ,
2707 1082 2762 1127 et
2792 1073 2857 1126 iis
2883 1075 2973 1142 qui
3005 1084 3129 1129 sunt
3155 1077 3204 1129 in
3234 1080 3353 1131 vin-
3414 1120 3417 1125 .

1773 1161 1909 1215 culis
1936 1161 2126 1229 ubique
2173 1161 2465 1230 squalidior
2492 1171 2547 1216 ct
2573 1162 2839 1217 sordidior
2867 1175 2948 1218 est
2977 1182 2989 1217 :
3019 1183 3233 1236 semper
3262 1169 3354 1223 ﬂet

1774 1259 1828 1304 et
1854 1251 2189 1316 lamentatur,
2222 1267 2283 1305 ac
2310 1252 2353 1306 si
2385 1255 2620 1307 omnium
2654 1254 2988 1310 miserrimus
3019 1259 3109 1324 sit,
3143 1261 3350 1314 etiamsi

1775 1340 2037 1396 innumeri
2061 1344 2168 1396 sint
2191 1344 2278 1397 illo
2300 1345 2661 1412 pauperiores.
2685 1345 2784 1401 IIic
2804 1346 2849 1400 si
2872 1347 2923 1400 in
2948 1347 3119 1403 forum
3144 1351 3350 1418 ingres-

1770 1451 1861 1490 sus
1900 1435 2077 1500 fuerit,
2111 1436 2222 1489 abit
2260 1438 2439 1490 multis
2482 1439 2713 1507 acceptis
2756 1439 3042 1506 vibicibus;
3068 1441 3112 1495 si
3138 1441 3190 1495 in
3238 1442 3356 1496 hal-

1773 1542 1951 1589 neum,
1989 1529 2034 1581 si
2066 1527 2118 1579 in
2148 1526 2431 1590 theatrum,
2464 1529 2609 1597 plura
2638 1530 2863 1598 accipiet
2898 1531 3115 1586 vulnera
3140 1574 3155 1597 ,
3191 1548 3294 1586 nou
3323 1549 3353 1586 a

1770 1616 2161 1685 spectatoribus
2194 1618 2368 1671 solum
2390 1659 2403 1681 ,
2426 1618 2521 1672 sed
2561 1621 2718 1673 etiam
2761 1619 2829 1673 ab
2864 1620 2929 1675 iis
2964 1622 3053 1690 qui
3102 1623 3155 1677 in
3193 1637 3354 1678 scena

1773 1721 2041 1774 sunt,cum
2060 1710 2248 1766 viderit
2270 1714 2577 1767 meretrices
2593 1713 2783 1768 multas
2804 1729 2936 1768 auro
2957 1714 3238 1784 fulgentes.
3262 1716 3358 1771 Hic

1774 1804 1933 1858 etiam
1965 1804 2009 1857 si
2040 1804 2092 1857 in
2125 1804 2257 1857 mari
2290 1804 2533 1872 naviget,
2568 1815 2893 1860 mercatores
2920 1817 2973 1861 et
3000 1824 3161 1863 naves
3189 1809 3357 1878 pluri-

1777 1895 1878 1948 mis
1907 1904 2126 1947 onustas
2158 1894 2424 1961 mercibus
2453 1897 2694 1965 cogitans
2725 1909 2778 1951 et
2807 1898 2949 1951 lucra
2982 1899 3235 1969 ingentia,
3268 1918 3359 1955 ne-

1775 2002 1880 2056 que
1908 2002 1967 2042 se
1993 1987 2176 2041 vivere
2202 1988 2404 2056 putabit
2433 2005 2446 2040 :
2470 1989 2679 2043 etiamsi
2707 2005 2801 2058 per
2830 2000 3024 2044 terram
3071 1993 3172 2046 iter
3215 2005 3353 2063 agat,

1776 2094 1955 2148 agros,
2002 2080 2195 2149 praedia
2246 2080 2568 2145 suburbana,
2614 2080 2929 2146 diversoria,
2982 2083 3189 2149 balnea,
3233 2101 3359 2155 pro-

1779 2179 1968 2224 ventus
1998 2170 2120 2225 inde
2149 2181 2330 2240 partes
2373 2173 2633 2241 cogitans,
2678 2188 2780 2226 non
2830 2174 3040 2228 vitalem
3073 2177 3173 2229 sibi
3202 2179 3360 2231 vitam

1779 2276 1897 2315 es~e
1926 2272 2107 2331 postea
2138 2264 2359 2333 putabit.
2383 2262 2533 2331 Quod
2556 2264 2602 2318 si
2630 2265 2778 2318 illum
2803 2266 2963 2319 etiam
2988 2267 3121 2321 intra
3145 2268 3359 2323 domum

1780 2353 2095 2419 incluseris;
2142 2370 2261 2423 qua:
2310 2355 2362 2407 in
2408 2354 2522 2408 foro
2566 2356 2771 2423 accepit
2816 2357 3031 2412 vulnera
3082 2357 3360 2424 rcfricans,

1780 2444 1919 2512 apud
1950 2459 2009 2499 se
2040 2445 2210 2513 magis
2236 2446 2470 2499 animum
2492 2446 2788 2501 cruciabit:
2820 2463 3084 2517 unamque
3112 2452 3257 2504 novit
3280 2466 3366 2505 so—

1784 2535 1894 2589 lum
1911 2536 2325 2591 consolationem
2349 2537 2608 2590 malorum
2626 2538 2818 2607 quibus
2836 2540 3116 2607 premitur,
3138 2551 3364 2595 mortem

1784 2634 1838 2679 et
1867 2641 1928 2680 ex
1961 2625 2060 2679 hac
2091 2629 2196 2680 vita
2225 2627 2613 2696 migrationem.
2657 2627 2782 2683 Haec
2811 2646 2914 2683 non
2946 2645 3145 2699 pauper
3171 2632 3364 2695 modo.

1782 2715 1876 2769 sed
1906 2716 2066 2770 etiam
2096 2717 2266 2785 dives,
2294 2718 2383 2788 qui
2414 2719 2467 2773 in
2495 2718 2636 2774 hunc
2666 2721 2913 2775 inciderit
2954 2723 3200 2777 morbum
3225 2765 3240 2789 ,
3271 2739 3367 2793 pa-

1785 2808 1965 2871 tietur,
1989 2816 2045 2863 et
2067 2818 2213 2864 tanto
2240 2811 2406 2880 magis
2434 2826 2591 2880 quam
2616 2826 2834 2881 pauper,
2859 2822 3057 2881 quanto
3079 2814 3369 2869 vehemen-

1787 2900 1890 2955 tior
1919 2901 2162 2955 imminet
2191 2902 2265 2956 illi
2297 2903 2537 2973 tyrannis
2556 2944 2571 2969 ,
2598 2913 2652 2957 et
2678 2904 2845 2973 major
2875 2905 3127 2960 ebrietas.
3163 2906 3287 2961 Ideo
3313 2923 3371 2961 se

1786 2992 2024 3045 omnium
2068 2993 2461 3062 pauperrimum
2496 2993 2718 3063 putabit,
2742 2993 2852 3047 imo
2885 2995 3042 3048 etiam
3084 3011 3209 3051 vere
3245 3011 3375 3064 pau-

1787 3084 2052 3152 perrimus
2094 3095 2195 3139 est.
2237 3084 2353 3139 Non
2400 3086 2542 3139 enim
2585 3100 2650 3140 ex
2694 3085 3002 3141 facultatum
3054 3090 3245 3156 modo,
3276 3093 3370 3143 sed

1787 3193 1851 3231 ex
1879 3178 2074 3233 mentis
2094 3176 2288 3233 affectu
2317 3177 2649 3232 aestimantur
2675 3179 2875 3234 divitiae
2902 3189 2957 3234 et
2982 3191 3281 3250 paupertas.
3304 3181 3373 3235 Et

1788 3269 1876 3322 ille
1905 3269 2074 3338 magis
2098 3278 2181 3323 est
2200 3270 2437 3324 omnium
2459 3269 2848 3340 pauperrimus,
2868 3271 2960 3340 qui
2983 3286 3197 3340 semper
3224 3272 3372 3341 plura

1788 3361 2139 3430 concupiscit,
2169 3368 2224 3415 et
2252 3375 2544 3429 numquam
2590 3361 2783 3416 sistere
2811 3370 2985 3431 potest
3012 3362 3149 3418 hanc
3180 3364 3373 3416 malam

1788 3452 2297 3520 concupiscentiam.
2328 3452 2555 3521 Propter
2581 3454 2696 3508 haec
2722 3454 2899 3507 omnia
2926 3453 3184 3524 fugiamus
3202 3456 3374 3508 avari.

1792 3545 1940 3607 tiam,
1985 3559 2103 3612 qua:
2143 3554 2511 3613 paupertatem
2551 3545 2784 3612 inducit,
2815 3546 3022 3600 animas
3046 3548 3372 3616 corrumpit,

1788 3636 2047 3705 gehennae
2077 3634 2326 3699 amicam,
2359 3634 2625 3690 inimicam
2656 3636 2803 3706 regni
2835 3635 3087 3690 caslorum
3106 3677 3122 3701 ,
3151 3650 3374 3692 matrem

1793 3728 2031 3782 onminm
2062 3728 2221 3782 simul
2252 3728 2552 3794 malorum;
2585 3738 2639 3783 et
2669 3729 2919 3797 pecunias
2945 3739 3372 3797 contemnamus,

1794 3826 1851 3872 ut
1892 3818 2131 3874 fruamur
2158 3819 2415 3887 pecuniis,
2448 3828 2501 3872 et
2529 3835 2649 3875 cum
2682 3821 2919 3888 pecuniis
2951 3820 3191 3875 fruemur
3216 3823 3375 3876 etiam

1792 3911 1950 3967 bonis
1976 3912 2130 3966 nobis
2155 3911 2436 3979 promissis
2472 3928 2484 3964 :
2518 3927 2634 3980 quae
2668 3913 2866 3966 utinam
2896 3929 2993 3968 nos
3020 3930 3206 3969 omnes
3230 3931 3366 3970 asse-

1796 4000 1887 4071 qui
1911 4002 2202 4071 contingat,
2226 4012 2329 4056 etc.

2967 4144 3331 4161 ——_—

1489 4211 1830 4275 HOMILIA
1875 4214 2110 4279 XXIV.

128 4410 143 4422 .
197 4366 313 4423 I0.
354 4381 423 4419 ν.
463 4365 557 4419 13.
599 4363 827 4417 Tentatio
852 4380 938 4417 vos
977 4379 1077 4417 non
1104 4360 1438 4431 apprehendit
1467 4360 1565 4413 nisi
1586 4360 1679 4413 Itu-

125 4475 305 4513 zana.
345 4455 579 4510 Fidelis
608 4464 773 4508 autem
812 4463 884 4507 est
921 4452 1080 4518 Deus,
1113 4452 1199 4523 qui
1234 4467 1334 4504 non
1364 4451 1579 4519 patietur
1600 4466 1687 4504 vos

126 4549 311 4604 πίω-ἱ
343 4564 537 4616 supra
566 4547 618 4599 id
644 4545 778 4614 quod
802 4545 1026 4616 potestis,
1077 4545 1164 4598 sed
1211 4544 1358 4613 faciet
1386 4558 1500 4595 cum
1529 4550 1691 4594 tenta—

125 4658 242 4695 me
281 4646 659 4708 proventum,
687 4647 739 4688 ut
770 4637 970 4705 possitis
998 4636 1261 4698 sustinere,
1289 4643 1386 4686 etc.

218 4734 587 4799 Postquam
641 4730 769 4784 satis
824 4730 1009 4783 terruit
1061 4743 1154 4783 eos
1231 4736 1410 4781 vetera
1466 4741 1691 4782 narrans

126 4828 318 4897 apta,
366 4832 568 4893 atque
614 4823 666 4876 in
708 4822 870 4876 animi
901 4836 1153 4890 angorem
1196 4819 1446 4889 conjeeit,
1482 4819 1688 4885 dicens,

145 4919 435 4974 videtur
490 4927 667 4980 stare,
724 4916 885 4969 videat
938 4932 1001 4968 ne
1044 4915 1229 4981 cadat;
1265 4915 1460 4969 multas
1511 4923 1689 4968 autem

125 5022 267 5067 ant
303 5012 712 5071 tentationes,
743 5018 798 5064 et
827 5008 877 5063 in
907 5009 970 5063 iis
997 5024 1141 5079 saepe
1162 5023 1281 5064 sese
1297 5016 1687 5064 exercuerant:

162 5104 265 5159 In
346 5102 707 5171 inﬁrmitate,
755 5102 946 5171 inquit,
993 5111 1039 5155 et
1085 5102 1138 5154 in
1187 5102 1362 5161 timore
1391 5112 1438 5153 et
1480 5110 1693 5154 tremore

125 5219 131 5243 ι
183 5196 311 5266 fui
352 5192 538 5262 apud
567 5194 749 5263 vos(I.
783 5192 899 5247 Cor.
926 5192 979 5245 2.
1020 5194 1115 5262 3);
1162 5208 1233 5247 ne
1280 5191 1537 5259 dicerent,
1584 5190 1691 5245 Cur

126 5301 352 5343 erres
398 5294 471 5338 et
503 5286 702 5339 timore
729 5283 939 5338 aflicis?
970 5299 1074 5337 non
1121 5299 1308 5338 sumus
1352 5284 1403 5336 in
1448 5284 1509 5336 iis
1537 5282 1689 5335 malis

126 5377 423 5437 rcitati
465 5395 482 5441 ;
537 5394 663 5431 nam
704 5378 843 5447 pulsi
892 5391 1075 5431 sumus
1121 5386 1175 5431 et
1218 5376 1687 5445 persequutionem

126 5520 128 5529 .
180 5470 459 5527 multa
486 5480 545 5524 et
569 5468 863 5538 frequentia
893 5466 1150 5521 subiimus
1174 5467 1409 5537 pericula
1437 5485 1449 5521 :
1477 5466 1686 5519 illorum

125 5582 154 5621 ς
211 5574 596 5619 tumorem
623 5560 917 5631 reprimens
946 5560 1020 5613 ait
1058 5576 1070 5610 :
1105 5558 1332 5613 Tentatio
1360 5575 1446 5611 vos
1474 5574 1573 5610 non
1598 5574 1691 5624 ap-

125 5658 297 5713 τάξι
376 5652 514 5707 τιξδὶ
547 5652 807 5718 humana;
836 5651 888 5706 id
917 5661 1019 5717 est,
1057 5666 1241 5721 parva,
1276 5649 1475 5718 brevis,
1507 5648 1690 5703 mode-

378 5746 698 5808 Ps'rnoc.
747 5747 862 5807 Gn.
913 5743 1071 5808 LXI.

1795 4367 1930 4413 rata.
1965 4358 2265 4413 Humanum
2310 4360 2452 4413 enim
2485 4360 2616 4413 dicit
2662 4361 2728 4414 de
2779 4376 2964 4429 parvo,
3009 4374 3066 4415 ιιι
3103 4378 3221 4417 cum
3252 4368 3325 4419 ait
3360 4386 3372 4421 :

1799 4448 1849 4503 Il
1857 4466 2094 4502 umanum
2109 4450 2221 4503 dico
2242 4466 2331 4520 pro
2336 4460 2443 4519 pter
2462 4450 2512 4502 in
2517 4451 2805 4517 ﬁrmitatem
2827 4453 2994 4506 carnis
3012 4464 3187 4508 vestra:
3200 4454 3375 4529 (Rom.

1797 4544 1849 4597 6.
1882 4540 1993 4610 l9).
2024 4541 2101 4596 Ne
2148 4542 2325 4611 itaque
2368 4542 2531 4596 altum
2573 4543 2812 4611 sapiatis,
2844 4543 3036 4612 inquit,
3068 4559 3133 4598 ac
3162 4545 3206 4598 si
3239 4555 3375 4599 temo

1797 4641 2056 4703 pestatem
2095 4633 2475 4702 superaveritis
2506 4652 2520 4688 :
2548 4634 2787 4687 nondum
2823 4635 2963 4689 enim
3003 4635 3206 4689 vidistis
3238 4638 3367 4706 peri-

1797 4726 1975 4780 culum
2005 4725 2146 4793 quod
2195 4734 2420 4779 mortem
2464 4727 2778 4791 minaretur,
2827 4742 2997 4795 neque
3030 4729 3373 4784 Ientationem

1798 4826 2023 4889 mortem
2052 4816 2425 4871 intentantem.
2468 4816 2618 4884 Quod
2650 4817 2809 4871 etiam
2860 4818 3094 4872 Hebrteis
3124 4820 3373 4875 diccbat:

1800 4907 2042 4963 Nondum
2069 4925 2224 4973 usque
2244 4910 2311 4962 ad
2340 4911 2637 4981 sanguinem
2660 4911 2909 4963 restitistis
2921 4901 3170 4966 adversus
3198 4929 3375 4982 pecca-

1797 5011 1901 5055 tum
1928 5015 2264 5071 repugnantes
2293 5000 2476 5071 (Hebr.
2522 4999 2608 5054 12.
2646 5002 2724 5068 4).
2777 5001 2975 5056 Deinde
3021 5003 3143 5072 quia
3192 5014 3375 5060 exter-

1796 5100 1997 5157 ruerat,
2029 5091 2147 5145 vide
2176 5091 2446 5160 quomodo
2476 5108 2659 5145 rursus
2704 5092 2822 5146 illos
2859 5092 3051 5162 erigat,
3093 5105 3375 5165 postquam

1796 5194 2134 5253 persuaserat
2171 5183 2277 5238 illis
2305 5194 2361 5238 ut
2386 5184 2624 5238 modeste
2646 5194 2887 5255 agerent,
2920 5185 3141 5241 dicens:
3177 5186 3375 5241 Fidelis

1796 5285 1866 5328 est
1889 5272 2025 5328 Deus
2045 5275 2131 5344 qui
2161 5290 2261 5327 non
2292 5275 2506 5345 patietur
2531 5290 2615 5327 vos
2641 5275 2823 5328 tentari
2851 5292 3010 5345 supra
3045 5276 3101 5329 id
3124 5275 3259 5347 quod
3286 5293 3373 5346 po-

1798 5365 1953 5419 testis.
1990 5366 2130 5436 Ergo
2177 5366 2299 5419 sunt
2332 5366 2652 5420 tentationes
2681 5381 2803 5435 quae
2833 5366 2957 5421 ferri
2989 5381 3095 5421 non
3127 5377 3371 5437 possunt.

1800 5458 1865 5512 Et
1892 5475 2132 5529 quaenam
2155 5459 2300 5513 illae?
2327 5459 2546 5527 Omnes,
2571 5472 2627 5515 ut
2657 5460 2729 5515 ita
2748 5460 2942 5515 dicam.
2968 5460 3210 5517 Potestas
3230 5461 3370 5516 enim

1796 5553 1849 5607 in
1872 5552 1966 5606 Dei
1996 5560 2126 5607 nutu
2154 5553 2254 5607 sita
2281 5562 2384 5621 est,
2410 5569 2566 5623 quam
2589 5569 2684 5624 per
2710 5553 3001 5609 voluntatis
3016 5561 3224 5613 nostrae
3247 5567 3367 5605 seu-

1798 5643 2018 5699 tentiam
2061 5643 2399 5701 attrahimus.
2431 5644 2788 5711 Quamobrem
2819 5655 2877 5701 ut
2904 5644 3079 5701 discas
3104 5657 3364 5711 accurate,

2960 5744 3034 5805 13
