3776 6318
331 292 431 348 190

328 404 472 477 quod
506 418 611 458 non
639 401 809 459 solum
835 401 973 470 illas,
994 394 1112 473 qua:
1142 409 1377 455 nostram
1400 404 1655 468 superant
1682 404 1919 466 potestac

332 508 462 560 tem,
493 495 587 552 sed
617 510 787 566 neque
827 495 988 549 hasce
1019 493 1279 547 humanas
1316 492 1584 561 possimus
1613 489 1731 544 sine
1775 487 1915 542 illius

328 590 528 644 auxilio
557 588 711 643 facile
735 586 897 650 ferre,
924 584 1200 653 subjunxit
1229 599 1242 635 :
1275 582 1381 637 Sed
1408 582 1557 652 faciet
1597 596 1714 633 cum
1756 588 1917 632 tenta-

329 693 466 736 ttone
484 688 799 752 proventum,
826 687 879 731 ut
904 677 1107 749 possitis
1127 676 1391 731 sustinere.
1427 672 1610 741 Neque
1632 670 1776 725 enim
1799 669 1917 724 illas

294 796 307 806 ·
330 773 658 836 moderatas,
692 780 749 826 ιιι
773 770 918 833 dixi,
955 769 1170 839 propria
1208 767 1404 821 virtute
1446 765 1710 828 feremus;
1740 762 1833 817 sed
1862 761 1913 815 in

330 867 413 921 his
442 880 655 935 quoque
684 864 803 933 ejus
830 878 1050 934 egemus
1080 862 1299 926 auxilio,
1330 872 1387 914 ut
1418 874 1509 914 eas
1538 856 1911 927 pervadamus,

329 970 383 1015 et
428 969 713 1027 antequam
754 956 1107 1026 pervadamus
1148 955 1397 1009 feramus.
1445 952 1563 1021 Ipse
1610 963 1837 1017 namque
1863 955 1917 1000 rt

328 1049 641 1120 patientiam
669 1047 780 1112 dat,
825 1056 875 1101 et
908 1055 1205 1116 promptam
1234 1043 1598 1099 liberationem
1622 1039 1809 1102 affert;
1844 1039 1915 1092 ita

328 1149 387 1194 ut
416 1143 514 1196 hac
540 1139 747 1195 ratione
777 1139 1002 1193 tentatio
1032 1137 1158 1191 ferri
1192 1137 1381 1207 possit.
1415 1135 1524 1189 lloc
1559 1132 1703 1187 enim
1730 1130 1915 1185 subin-

328 1234 526 1287 dicavit
539 1232 726 1287 dicens
747 1248 759 1283 :
791 1230 967 1284 Faciet
993 1230 1184 1285 exitum
1206 1240 1257 1281 ut
1280 1228 1482 1298 possitis
1503 1226 1746 1280 sustinere
1763 1240 1781 1289 ;
1800 1238 1913 1277 0m-

330 1328 523 1396 niaque
546 1326 619 1379 illi
650 1323 911 1389 attribuit,
942 1322 1029 1378 H.
1062 1321 1281 1392 Propter
1304 1318 1469 1390 quod,
1502 1315 1754 1371 carissimi
1780 1314 1877 1365 mei
1897 1354 1913 1379 ,

330 1420 488 1488 fugite
507 1417 569 1470 ab
589 1417 840 1470 idolorum
860 1413 1017 1468 cultu.
1047 1413 1251 1467 Rursus
1277 1412 1395 1465 ilics
1415 1409 1606 1465 leniter
1626 1407 1916 1475 alloquitur

331 1510 513 1563 addito
538 1506 870 1577 cognationis
898 1504 1135 1570 nomine,
1167 1513 1223 1558 et
1249 1517 1371 1558 cum
1409 1515 1599 1570 magna
1631 1506 1784 1567 urget
1821 1510 1913 1550 ce-

332 1599 542 1655 feritate
572 1608 629 1651 ut
655 1597 722 1651 ab
750 1596 852 1651 hoc
886 1604 1103 1666 peccato
1131 1595 1445 1650 liberentur.
1470 1590 1586 1645 Non
1612 1589 1755 1644 enim
1784 1587 1915 1642 dicit

330 1691 528 1754 solum,
566 1687 849 1753 Discedite,
882 1686 997 1749 sed,
1032 1683 1255 1755 Fugite:
1281 1699 1343 1738 ac
1368 1698 1482 1737 rem
1512 1687 1666 1734 vocat
1694 1678 1916 1732 idolola-

332 1782 485 1836 triatn
511 1797 524 1846 ;
552 1789 608 1835 et
645 1780 713 1835 ob
743 1779 967 1849 proximi
1006 1777 1256 1832 damnmn
1290 1776 1399 1846 jam
1446 1790 1550 1845 non
1602 1772 1760 1826 modo
1785 1771 1914 1825 abs-

331 1875 524 1929 cedere
545 1874 715 1943 jubet,
749 1873 841 1927 sed
876 1888 985 1925 rem
1026 1870 1191 1939 ipsam
1241 1885 1335 1938 per
1375 1883 1434 1922 se
1463 1866 1707 1921 sufﬁcere
1734 1865 1806 1917 ait
1847 1862 1913 1916 ad

332 1982 576 2038 magnam
609 1964 937 2020 aﬂercndam
985 1964 1295 2033 perniciem.
1346 1962 1434 2016 15.
1486 1959 1551 2015 Ut
1591 1957 1916 2029 prudentibus

331 2060 546 2127 loquor;
572 2073 657 2110 vos
672 2057 902 2126 judicate
920 2056 1054 2125 quod
1075 2055 1206 2107 dico.
1227 2053 1360 2121 Quia
1373 2052 1517 2106 enim
1539 2066 1649 2106 rem
1667 2064 1914 2119 magnam

330 2152 585 2220 loquutus
610 2158 707 2215 est,
752 2158 806 2203 ct
847 2151 1052 2203 crimen
1099 2148 1247 2201 auxit
1291 2160 1487 2200 vocans
1519 2143 1912 2204 idololatriam;

330 2255 399 2297 ne
424 2241 697 2295 videretur
722 2253 1043 2309 exasperare
1074 2238 1191 2293 illos
1212 2247 1262 2291 et
1293 2236 1518 2290 molesta
1547 2234 1621 2288 uti
1652 2233 1913 2297 oratione,

328 2336 438 2390 iilis
466 2335 681 2389 demum
708 2333 963 2403 judicium
987 2331 1268 2402 permittit,
1298 2339 1351 2385 et
1379 2345 1499 2385 cum
1529 2327 1683 2383 laude
1706 2325 1915 2395 judices

326 2426 605 2483 Constituit
637 2426 773 2479 illos.
807 2424 875 2479 Ut
923 2422 1255 2494 prudentibus
1286 2423 1486 2490 loquor,
1532 2419 1703 2489 inquit
1730 2434 1743 2472 :
1773 2415 1915 2487 quod

328 2528 413 2575 est
458 2517 744 2574 admodum
792 2517 1114 2571 cenfidentis
1156 2530 1332 2570 causae
1385 2521 1434 2567 et
1483 2510 1589 2581 jnri
1634 2525 1749 2573 suo,
1794 2523 1913 2563 cum

330 2626 522 2678 nempe
553 2610 701 2664 ilium
731 2609 818 2678 qui
847 2614 1131 2662 accusatur
1171 2604 1298 2659 dicti
1336 2602 1571 2673 judicem
1615 2600 1912 2655 constituit.

326 2700 441 2756 Hoc
469 2698 763 2753 auditorem
793 2696 960 2768 magis
986 2696 1163 2766 erigit,
1192 2694 1405 2765 quando
1434 2707 1537 2746 non
1564 2683 1714 2762 quasi
1748 2690 1916 2759 impe-

329 2808 453 2846 rans
474 2800 528 2845 ct
548 2790 717 2859 legem
747 2788 945 2851 ferens,
988 2786 1083 2842 scd
1128 2785 1277 2856 quasi
1306 2782 1591 2839 consulens
1621 2790 1675 2835 et
1701 2780 1914 2834 illorum

323 2884 581 2956 judicium
610 2892 948 2952 exspectans,
981 2881 1059 2934 sic
1088 2878 1326 2932 disserit.
1360 2875 1493 2930 Cum
1522 2872 1724 2929 Jndtcis
1745 2872 1913 2937 enim,

329 2990 511 3049 utpote
539 2978 723 3031 insana
748 2983 802 3029 et
824 2972 1011 3043 puerili
1044 2981 1227 3026 mente
1246 2967 1505 3039 praeditis,
1540 2981 1646 3020 non
1668 2964 1745 3019 sic
1775 2964 1914 3019 Deus

328 3067 666 3140 loquebatur,
695 3080 869 3136 neque
912 3078 1127 3133 semper
1156 3061 1261 3115 illis
1305 3058 1677 3114 mandatorum
1723 3068 1915 3109 causas

326 3161 598 3217 indicabat
620 3176 636 3225 ;
661 3159 754 3214 sed
789 3167 990 3212 tantum
1008 3154 1229 3227 jubebat
1256 3171 1269 3207 :
1302 3153 1388 3208 hic
1412 3161 1614 3214 autem,
1646 3149 1766 3219 quia
1799 3162 1915 3202 ina-

326 3270 427 3320 gna
475 3253 721 3307 libertate
773 3248 1019 3309 fruimur,
1075 3256 1131 3300 et
1181 3242 1464 3298 consilium
1519 3239 1674 3295 nobis
1717 3238 1909 3303 adest,

327 3357 385 3398 ιιι
416 3345 619 3397 amicos
652 3354 748 3394 nos
789 3338 1076 3408 alloquitur
1114 3344 1168 3390 et
1193 3335 1268 3388 ait
1309 3351 1322 3386 :
1365 3332 1480 3387 Non
1508 3344 1641 3400 opus
1670 3338 1752 3382 est
1782 3327 1913 3382 mihi

326 3438 445 3490 aliis
473 3434 740 3504 jndicibus
772 3450 784 3485 :
815 3445 909 3486 vos
937 3428 1067 3484 mihi
1091 3427 1353 3483 calculum
1387 3426 1544 3492 ferte,
1584 3436 1680 3476 vos
1708 3422 1914 3491 accipio

324 3527 550 3597 judices.
582 3526 670 3580 16.
696 3522 843 3578 Catia:
862 3519 1242 3585 benedictionis,
1267 3518 1349 3571 cui
1370 3515 1725 3581 benedicimus,
1747 3529 1914 3567 nonne

328 3616 712 3672 communicatio
739 3613 999 3684 sanguinis
1030 3611 1215 3667 Christi
1235 3620 1306 3664 est
1324 3610 1348 3663 .9
1369 3608 1505 3677 Quid
1528 3607 1682 3671 dicis,
1707 3622 1740 3661 0
1760 3606 1912 3661 beate

327 3709 530 3765 Paule?
580 3717 634 3762 ut
677 3705 973 3761 auditorem
1022 3703 1224 3775 pudore
1269 3702 1511 3767 afficias,
1553 3701 1912 3771 mysteriaque

328 3802 595 3859 horrenda
648 3815 990 3867 memorans,
1037 3796 1429 3854 benedictionis
1480 3795 1704 3849 calicem
1751 3807 1912 3848 vocas

329 3897 623 3954 terribilem
652 3895 798 3949 illum
831 3903 989 3963 atque
1012 3890 1399 3946 formidandum
1426 3887 1686 3944 calicem?
1714 3886 1908 3951 Etiam,

328 3991 545 4061 inquit:
576 4004 681 4043 non
712 4002 872 4058 parva
919 3986 1061 4040 enim
1102 4000 1189 4039 res
1232 3991 1316 4039 est
1358 3998 1477 4053 qua:
1521 3981 1736 4036 dicitur.
1778 3978 1909 4034 Nam

327 4099 449 4139 cum
482 4079 908 4136 benedictionem
938 4078 1079 4142 dico,
1120 4092 1333 4131 onmem
1359 4076 1574 4143 explico
1612 4074 1705 4128 Dei
1744 4073 1909 4128 bene-

327 4174 557 4231 ﬁcentiae
589 4172 919 4235 thesaurum,
950 4177 1003 4223 et
1034 4184 1221 4237 magna
1251 4167 1336 4222 illa
1358 4165 1497 4220 dona
1525 4166 1575 4219 in
1596 4165 1908 4219 memoriam

328 4283 539 4325 revoco.
571 4265 701 4321 Nam
728 4280 826 4319 nos
846 4278 1057 4334 quoque
1084 4262 1148 4316 ad
1171 4262 1391 4317 calicem
1415 4268 1757 4314 recensentes
1779 4258 1913 4313 inef-

329 4360 509 4416 fabilia
554 4357 648 4412 Dei
678 4354 956 4421 beneficia,
1001 4361 1055 4408 et
1095 4355 1270 4408 omnia
1316 4353 1508 4423 quibus
1555 4351 1798 4417 fruimur,
1833 4352 1912 4407 sic

327 4454 477 4510 illum
518 4449 792 4505 offerimus
835 4456 888 4502 et
928 4446 1408 4511 communicamus,
1457 4445 1654 4515 gratias
1690 4455 1909 4515 agentes

324 4544 466 4616 quod
515 4556 685 4613 genus
729 4542 1018 4595 humanum
1065 4539 1132 4593 ab
1175 4553 1359 4593 errore
1401 4538 1735 4603 liberaverit;
1766 4537 1907 4607 quod

325 4655 442 4698 eos.
471 4638 560 4708 qui
604 4635 788 4706 procul
832 4645 1005 4698 erant,
1055 4648 1221 4703 prope
1262 4632 1480 4696 fecerit;
1525 4631 1666 4700 quod
1690 4646 1781 4687 eos
1818 4633 1907 4701 qui

324 4746 475 4800 spem
500 4744 603 4783 non
636 4728 898 4783 haberent
924 4738 977 4780 et
1017 4725 1159 4780 athei
1200 4734 1352 4779 erant
1386 4724 1437 4777 in
1471 4724 1685 4789 mundo,
1720 4725 1910 4777 fratres

326 4835 455 4876 suos
480 4830 531 4874 et
559 4818 851 4874 coheredes
879 4816 1237 4873 constituerit.
1285 4816 1388 4869 Pro
1429 4814 1509 4868 bis
1548 4825 1601 4868 et
1646 4814 1908 4868 similibus

286 4906 289 4907 ⁷
323 4910 525 4980 gratias
549 4916 787 4978 agentes,
829 4908 908 4964 sic
953 4907 1276 4962 accedimus.
1324 4904 1602 4973 Quomodo
1631 4920 1732 4957 non
1775 4920 1905 4958 cou-

326 5000 487 5054 traria
519 4996 711 5059 facitis,
735 4998 962 5067 inquies,
990 5013 1023 5051 o
1052 4995 1339 5061 Corinthii,
1377 4995 1484 5049 Deo
1510 4994 1721 5064 quidem
1746 4994 1908 5050 bene-

327 5095 587 5157 tliccntcs,
618 5090 757 5160 quod
789 5104 882 5143 vos
913 5090 979 5142 ab
1020 5090 1173 5144 idolis
1203 5088 1530 5152 liberaverit,
1570 5088 1696 5140 dum
1724 5102 1907 5141 rursus

326 5184 392 5239 ad
422 5183 631 5237 illorum
664 5195 878 5236 mensas
907 5180 1222 5235 accnrritis?
1249 5179 1397 5235 Catia:
1424 5179 1800 5245 benedictionis,
1826 5179 1907 5232 cui

325 5277 679 5342 benedicimus,
704 5291 868 5329 nonne
890 5273 1278 5328 communicatio
1299 5275 1560 5345 sanguinis
1585 5271 1772 5328 Christi
1792 5288 1863 5327 est
1882 5274 1907 5325 ?

325 5370 492 5426 Valde
523 5369 749 5423 fideliter
776 5367 909 5422 dixit
952 5376 1003 5421 et
1054 5365 1366 5419 terribiliter
1408 5383 1421 5420 :
1463 5367 1565 5421 hoc
1609 5367 1750 5420 enim
1792 5366 1907 5420 vult

320 5462 624 5534 significare
653 5477 668 5524 ;
698 5460 811 5515 [loc
839 5458 980 5529 quod
1027 5458 1081 5513 in
1111 5457 1279 5513 calice
1302 5466 1402 5519 est,
1433 5458 1562 5512 illud
1595 5458 1764 5527 ipsum
1802 5466 1903 5521 cst,

320 5558 463 5627 quod
489 5570 556 5611 ex
588 5550 755 5610 latere
785 5552 960 5617 ﬂuxit,
988 5561 1042 5607 et
1071 5550 1214 5607 illius
1246 5564 1430 5604 sumus
1459 5551 1765 5620 participes.
1796 5548 1901 5603 Ca-

320 5648 477 5705 licem
507 5656 700 5702 autem’
731 5643 1123 5701 benedictionis
1168 5641 1395 5702 vocavit,
1436 5642 1557 5711 quia
1601 5642 1748 5695 illum
1794 5657 1904 5712 pra:

318 5741 563 5795 manibus
608 5738 885 5806 habentes,
928 5736 1005 5795 sic
1037 5737 1209 5808 ipsum
1238 5734 1595 5803 celebramus,
1627 5733 1898 5790 admirati.

1137 289 1197 346 S.
1222 286 1495 346 JOANNIS
1531 281 2003 343 CHRYSOSTOMI
2041 279 2354 336 ARCIIIEP.
2395 279 2921 339 CONSTANTINOP.

3496 282 3610 340 200

2026 401 2128 460 tes,
2157 401 2363 449 terrore
2389 395 2618 463 perculsi
2656 395 2725 451 de
2748 392 3003 449 inetfabili
3029 392 3193 461 dono,
3217 392 3608 450 benedicentes

2018 484 2160 555 quod
2183 485 2355 555 ipsum
2378 484 2642 551 effuderit,
2677 497 2735 541 ut
2763 501 2831 541 ne
2858 487 2912 540 in
2936 500 3123 541 errore
3152 500 3520 554 maneremus;
3550 500 3611 542 et

2019 590 2124 629 non
2150 577 2323 631 solum
2351 576 2617 644 effuderit,
2640 577 2735 632 sed
2764 578 2927 632 etiam
2950 593 3073 633 eum
3102 578 3274 648 ipsum
3298 578 3453 633 nobis
3476 593 3604 632 om-

2020 666 2178 720 nibus
2206 667 2542 737 impertierit.
2578 667 2758 738 Itaque
2782 669 2830 723 si
2860 669 3171 738 sanguinem
3197 670 3371 739 cupis,
3404 670 3605 739 inquit.

2020 772 2089 813 ne
2118 757 2383 813 idolorum
2409 774 2556 813 aram
2587 760 2866 814 brutorum
2894 760 3063 826 caede,
3096 760 3193 816 sed
3222 760 3392 815 altare
3420 775 3606 815 meum

2017 853 2276 919 sanguine
2306 866 2425 905 meo
2451 860 2691 907 cruenta.
2724 852 2860 918 Quid
2884 851 2982 908 hac
3008 867 3067 908 re
3098 852 3432 908 horribilius?
3450 853 3607 923 quid,

2019 954 2220 1010 quaeso,
2245 940 2564 995 amabilius?

2087 1029 2143 1083 2.
2195 1031 2305 1085 Hoc
2334 1042 2387 1086 et
2416 1040 2684 1087 amatores
2714 1033 2936 1089 faciunt.
2973 1033 3104 1089 Cum
3136 1034 3319 1090 vident
3341 1049 3438 1090 eos
3465 1050 3608 1106 quos

2017 1134 2198 1179 amant
2223 1125 2396 1179 aliena
2426 1128 2868 1196 concupiscentes
2894 1135 2947 1182 et
2972 1142 3065 1182 sua
3101 1125 3483 1196 chpicicntes,
3506 1141 3606 1181 sua

2016 1217 2207 1273 dantes
2233 1219 2555 1288 persuadent
2582 1219 2871 1275 abscedere
2897 1221 2964 1276 ab
2985 1221 3049 1274 iis
3072 1235 3191 1290 quae
3219 1220 3429 1275 illorum
3453 1230 3605 1275 sunt.

2019 1309 2123 1364 Sed
2158 1312 2247 1379 qui
2274 1321 2476 1376 amant,
2512 1314 2562 1365 in
2593 1314 2833 1382 pecuniis
2873 1322 2926 1368 et
2953 1313 3197 1368 vestibus
3220 1324 3274 1368 et
3300 1315 3607 1383 possessio-

2018 1402 2174 1455 nibus
2205 1401 2343 1456 hanc
2388 1402 2645 1457 exhibent
2689 1403 3099 1471 liberalitatem;
3132 1406 3184 1460 in
3214 1407 3477 1476 sanguine
3504 1422 3611 1461 au-

2020 1500 2126 1547 tem
2183 1493 2363 1549 nullus
2410 1510 2706 1564 umquam:
2752 1496 2995 1552 Christus
3023 1513 3148 1553 vero
3194 1499 3246 1553 in
3288 1499 3390 1555 hoc
3417 1514 3610 1553 curam

2019 1599 2167 1638 suam
2192 1585 2426 1641 ostendit
2454 1599 2509 1643 et
2532 1587 2809 1643 ardentem
2837 1605 2962 1660 erga
2993 1606 3092 1645 nos
3120 1593 3419 1647 caritatem.
3453 1594 3519 1647 Et
3552 1596 3607 1649 in

2020 1676 2184 1730 veteri
2214 1676 2427 1745 quidem
2462 1677 2596 1746 lege,
2622 1679 2744 1747 quia
2785 1679 3211 1750 imperfectiorcs
3230 1694 3402 1747 erant,
3440 1700 3608 1753 quem

2017 1767 2177 1822 idolis
2206 1768 2502 1825 oﬂ‘erebant
2541 1773 2875 1842 sanguinem,
2904 1789 3025 1829 eum
3059 1775 3171 1844 ipse
3201 1776 3452 1847 excipere
3478 1795 3607 1833 sus-

2021 1859 2196 1925 tinuit,
2228 1868 2284 1913 ut
2317 1862 2385 1915 ab
2428 1861 2530 1915 illis
2554 1864 2878 1931 abduceret;
2906 1865 3047 1934 quod
3074 1867 3247 1937 ipsum
3279 1885 3464 1925 rursus
3490 1885 3612 1927 erat

2017 1953 2218 2007 amoris
2250 1952 2572 2009 ineli‘abilis:
2618 1956 2705 2010 hic
2742 1966 2921 2012 autem
2965 1960 3017 2014 in
3062 1975 3174 2015 rem
3207 1961 3609 2022 ltorribiliorem

2019 2054 2074 2099 et
2102 2044 2613 2115 magniﬁcentiorctu
2664 2050 3049 2108 sacerdOtalem
3094 2058 3363 2111 transtulit
3407 2074 3609 2129 Opera—

2021 2136 2239 2200 tionem,
2274 2136 2391 2205 ipso
2422 2149 2626 2194 mutato
2651 2142 2944 2211 sacrificio,
2972 2154 3028 2199 et
3055 2162 3151 2216 pro
3181 2148 3458 2205 brutorum
3493 2169 3611 2208 ma-

2019 2226 2251 2281 ctatione
2268 2227 2501 2297 seipsum
2519 2229 2892 2298 jussitoﬂ‘erri.
2922 2234 3080 2291 Panis
3124 2253 3269 2307 quem
3288 2244 3629 2314 frangimus,

2020 2332 2187 2371 nonne
2211 2321 2596 2375 communicatio
2621 2324 2848 2392 corporis
2883 2324 3070 2380 Christi
3098 2331 3218 2383 est?
3244 2330 3352 2387 Cur
3378 2349 3487 2389 n0n
3522 2336 3609 2390 di-

2020 2408 2114 2469 xit,
2148 2407 2524 2479 l’articipatio?
2547 2412 2679 2480 Quia
2723 2416 2885 2471 voluit
2919 2418 3044 2485 quid
3074 2421 3301 2490 amplius
3337 2425 3611 2495 significa-

2020 2513 2100 2565 re,
2135 2510 2188 2554 et
2229 2515 2473 2571 magnam
2519 2504 2757 2561 indicare
2800 2509 3253 2577 conjunctionem.
3294 2514 3408 2569 Non
3457 2519 3609 2574 enim

2020 2604 2140 2644 cum
2194 2593 2574 2662 participamus
2623 2606 2826 2652 tantum
2868 2610 2922 2654 et
2958 2604 3252 2671 sumimus,
3303 2608 3397 2662 sed
3440 2611 3609 2666 etiam

2019 2696 2140 2735 cum
2192 2684 2567 2755 conjungimur
2618 2692 3095 2747 communicamus.
3143 2696 3609 2764 Quemadmodum

2020 2772 2161 2826 enim
2192 2789 2386 2844 corpus
2432 2777 2561 2831 illud
2606 2778 2821 2835 Christo
2855 2782 3132 2854 jungitur:
3166 2787 3234 2842 ita
3274 2800 3328 2845 et
3372 2807 3470 2847 nos
3514 2810 3612 2863 per

2020 2878 2210 2932 panem
2240 2867 2379 2923 hunc
2408 2864 2639 2926 u'nimur.
2670 2872 2776 2927 Cur
2800 2884 2976 2930 autem
3007 2878 3231 2947 addidit,
3265 2882 3427 2949 Quem
3451 2888 3609 2957 [ran-

2018 2957 2221 3027 ginms?
2248 2960 2348 3016 hoc
2387 2963 2529 3018 enim
2576 2965 2628 3018 in
2666 2966 2985 3022 eucharistia
3027 2970 3138 3025 ﬁeri
3170 2974 3351 3030 videre
3389 2988 3502 3043 est;
3555 2982 3609 3035 in

2018 3064 2178 3105 cruce
2208 3066 2334 3107 vero
2363 3069 2466 3108 non
2500 3056 2625 3110 item
2645 3097 2660 3121 ,
2692 3057 2798 3111 imo
2820 3062 3145 3116 contrarium
3172 3080 3185 3116 :
3219 3066 3293 3119 ait
3318 3067 3463 3122 enim
3485 3111 3502 3137 ,
3537 3071 3611 3125 οε

2018 3159 2118 3195 non
2147 3145 2511 3199 comminuetur
2558 3146 2755 3218 (Nunt.
2787 3150 2840 3205 9.
2874 3150 2942 3205 12
2966 3169 2980 3219 ;
3006 3151 3174 3210 Exod.
3206 3156 3293 3210 12.
3332 3158 3459 3230 46).
3499 3162 3609 3217 Sed

2019 3234 2160 3304 quod
2192 3250 2294 3289 non
2326 3252 2514 3306 passus
2556 3240 2711 3295 estin
2737 3256 2927 3309 cruce,
2958 3242 3058 3300 hoc
3085 3259 3300 3316 propter
3326 3259 3377 3305 te
3403 3253 3612 3321 patitur

2020 3328 2073 3379 in
2120 3326 2428 3395 oblatione,
2475 3340 2529 3384 et
2571 3330 2740 3403 frangi
2790 3334 2989 3403 patitur
3030 3346 3086 3390 ut
3128 3352 3315 3396 omnes
3359 3343 3605 3412 impleat.

2020 3419 2221 3475 Deinde
2246 3422 2366 3490 quia
2407 3422 2581 3489 dixit,
2618 3424 3016 3483 Communicatio
3045 3434 3270 3503 corporis
3289 3476 3304 3501 ,
3334 3436 3477 3505 quod
3507 3454 3609 3493 auo

2021 3520 2127 3565 tem
2162 3515 2554 3582 communicat,
2599 3517 2741 3571 aliud
2772 3530 2853 3573 est
2883 3520 2950 3574 ab
2990 3536 3057 3575 eo
3094 3524 3177 3575 cni
3207 3528 3605 3595 communicat;

2020 3603 2155 3657 hanc
2183 3606 2365 3669 etiam,
2396 3620 2513 3674 qum
2554 3622 2713 3676 parva
2754 3609 3028 3665 videbatur
3056 3627 3203 3679 esse,
3244 3615 3607 3674 differentiam

2017 3698 2250 3751 sustulit.
2272 3698 2407 3753 Cum
2446 3698 2670 3755 dixisset
2697 3701 2838 3756 enim
2865 3744 2879 3768 ,
2912 3702 3310 3761 Communicatio
3347 3714 3603 3781 corporis,

2016 3789 2264 3857 qua-sivit
2312 3804 2523 3845 rursum
2569 3792 2768 3862 aliquid
2828 3795 3171 3864 propinquius
3213 3797 3430 3865 dicere;
3479 3802 3606 3858 ideo

1988 3879 2332 3948 'Subjunxit:
2364 3882 2452 3936 17.
2498 3882 2749 3948 Quoniam
2795 3900 2926 3938 unus
2971 3887 3117 3952 panis
3154 3897 3199 3941 et
3235 3906 3390 3943 unum
3417 3908 3605 3963 corpus

2017 3973 2166 4026 multi
2199 3990 2393 4028 sumus.
2423 3974 2558 4039 Quid
2589 3976 2753 4042 enim,
2785 3977 2976 4045 inquit,
3006 3979 3125 4033 dico
3154 3983 3603 4041 communicatio-

2016 4067 2180 4121 nem?
2210 4067 2335 4120 illttd
2359 4068 2530 4137 ipsum
2553 4084 2745 4139 corpus
2768 4085 2972 4126 sumus.
2998 4072 3134 4139 Quid
3156 4085 3233 4128 est
3257 4077 3399 4129 enim
3425 4079 3603 4146 panis?

2015 4159 2225 4229 Corpus
2265 4159 2485 4215 Christi.
2532 4161 2667 4227 Quid
2710 4171 2887 4217 autem
2929 4164 3059 4217 fittnt
3094 4169 3603 4223 connnunicantcs‘!

2016 4254 2224 4323 Corpus
2248 4253 2476 4321 Christi;
2508 4271 2612 4309 non
2645 4270 2866 4325 corpora
2913 4259 3099 4323 multa,
3133 4260 3228 4313 sed
3269 4275 3432 4314 unum
3471 4276 3595 4316 cor-

2019 4360 2134 4415 pus.
2162 4345 2309 4401 Sicut
2339 4346 2481 4401 cnim
2513 4347 2663 4416 panis
2693 4363 2756 4399 ex
2786 4349 2966 4401 multis
2985 4349 3165 4418 granis
3185 4359 3458 4416 constans,
3484 4355 3601 4408 tini-

2019 4450 2100 4495 tns
2130 4450 2230 4505 est,
2276 4440 2344 4493 ita
2390 4452 2446 4494 ut
2486 4454 2649 4511 grana
2693 4453 2953 4508 nuSquam
3003 4454 3320 4510 appareant;
3353 4443 3447 4498 sed
3492 4446 3601 4500 sint

2016 4534 2229 4603 quidem
2258 4533 2392 4602 ipsa,
2426 4549 2532 4587 non
2576 4532 2854 4588 manifesta
2883 4544 3058 4588 autem
3090 4535 3160 4588 sit
3196 4535 3406 4589 illorum
3436 4537 3595 4593 diffe-

2016 4628 2186 4682 rentia
2229 4636 2447 4697 propter
2494 4626 2923 4696 conjunctionem
2960 4644 2973 4679 :
3016 4627 3092 4681 sic
3121 4645 3218 4684 nos
3246 4637 3298 4683 et
3328 4639 3514 4684 mutuo
3546 4643 3600 4687 ct

2015 4734 2135 4772 cum
2161 4718 2375 4773 Christo
2404 4716 2798 4787 conjungimur.
2828 4716 2941 4770 Non
2981 4718 3123 4771 enim
3164 4733 3230 4773 ex
3274 4720 3445 4774 altero
3471 4735 3596 4775 cor-

2018 4825 2146 4879 pore
2169 4809 2273 4875 hic,
2299 4825 2363 4863 ex
2391 4808 2561 4862 altero
2589 4809 2678 4862 ille
2724 4807 2972 4873 nutritur,
3004 4808 3097 4862 sed
3141 4824 3207 4862 ex
3249 4808 3437 4863 eodem
3484 4811 3599 4881 ipso

2015 4916 2202 4956 omnes
2240 4919 2252 4954 :
2300 4901 2525 4970 ideoque
2556 4900 2769 4970 adjecit,
2819 4900 3005 4954 Omnes
3051 4900 3186 4954 enim
3230 4917 3291 4955 ea:
3315 4918 3417 4955 uno
3470 4922 3599 4972 pune

2016 4996 2398 5066 participamus.
2445 4993 2499 5049 Si
2531 5000 2708 5048 autem
2736 5009 2802 5047 ex
2829 4993 3039 5057 eodem,
3074 5002 3128 5047 et
3168 4993 3391 5063 idipsum
3431 4996 3600 5050 effici-

2017 5103 2135 5141 mur
2159 5100 2369 5151 omnes,
2397 5099 2493 5139 cur
2524 5099 2629 5138 non
2665 5082 2906 5138 eamdem
2947 5086 3224 5138 caritatem
3257 5084 3593 5151 exhibemus,

2015 5190 2069 5235 et
2094 5194 2155 5235 ea
2205 5179 2411 5232 ratione
2448 5191 2609 5230 unum
2651 5175 2957 5232 efficimur?
2999 5175 3130 5230 Nam
3176 5176 3301 5229 olim
3331 5176 3593 5247 majorum

2016 5286 2317 5328 nostrorum
2352 5282 2591 5341 tempore
2618 5270 2718 5325 hoc
2744 5278 2859 5324 erat
2886 5286 2899 5323 :
2931 5268 3275 5323 Multitudinis
3305 5272 3446 5324 enim
3484 5289 3593 5324 cre~

2014 5368 2257 5433 dentium,
2289 5364 2475 5434 inquit,
2505 5378 2593 5416 cor
2634 5379 2791 5415 unum
2819 5372 2863 5414 et
2891 5361 3059 5414 anima
3090 5378 3191 5414 una
3216 5371 3321 5414 erat
3357 5360 3493 5432 (Act.
3538 5362 3587 5415 4.

2014 5458 2125 5525 52).
2154 5460 2221 5511 At
2247 5470 2353 5510 non
2395 5468 2552 5519 nunc,
2599 5454 2705 5507 imo
2737 5459 2903 5506 totum
2933 5453 3258 5506 contrarium
3294 5471 3307 5506 :
3341 5452 3506 5505 multa
3544 5462 3593 5507 rt

2015 5548 2153 5601 varia
2183 5556 2305 5601 sunt
2350 5545 2491 5600 inter
2520 5560 2708 5600 omnes
2754 5543 2914 5609 bella,
2962 5551 3016 5597 et
3060 5543 3185 5597 feris
3233 5541 3425 5597 saevius
3465 5543 3591 5596 alie.

2011 5638 2080 5693 cti
2130 5652 2313 5692 sumus
2359 5638 2495 5691 alter
2547 5636 2598 5689 in
2642 5635 2867 5690 alterius
2922 5633 3179 5688 membra.
3241 5632 3303 5687 Et
3349 5633 3591 5688 Christus

2012 5733 2226 5806 quidem
2267 5740 2340 5799 te,
2391 5730 2492 5787 etsi
2543 5738 2745 5789 tantum
2798 5727 2866 5786 ab
2916 5728 3032 5800 ipso
3062 5726 3419 5799 disjunctum,
3470 5724 3586 5781 uni-
