3826 6216
247 250 314 307 I99
1080 243 1144 298 IN
1183 242 1404 300 EPIST.
1446 242 1465 297 l
1498 243 1593 298 AD
1624 240 1690 299 C(

1827 240 2062 299 HOMIL.
2106 239 2293 296 XXIV.

3248 247 3354 300 2C0

234 368 288 430 ὡς
317 365 461 419 εἰπεῖν’
495 365 543 417 τὸ
587 364 695 436 7&9
736 364 965 419 δυνατὸν
999 365 1057 417 ἐν
1098 367 1164 435 τῇ
1218 363 1313 418 τοῦ
1360 364 1494 417 Θεοῦ
1548 366 1686 434 ῥοπῇ
1786 362 2030 432 τοῦμεν,
2066 361 2202 431 οὐχὶ
2230 361 2512 416 κοινωνία
2540 360 2645 415 τοῦ
2673 362 2924 430 αἵματος
2950 362 3057 415 τοῦ
3100 363 3358 430 Χριστοῦ

234 447 451 517 κεῖται,ήν
481 447 550 501 διὰ
572 448 668 517 τῆς
713 448 987 518 ἡμετέρας
1027 447 1387 518 ἐπισπώμεθα
1434 447 1677 516 γνώμης.

229 532 374 600 Διόπερ
402 530 468 582 ἵνα
500 530 657 601 μάθῃς
700 529 965 600 ἀκριϐῶς,
1012 530 1093 583 ὅτι
1127 531 1187 582 οὐ
1236 530 1394 600 μόνον
1441 530 1684 591 ἐκείνους

227 616 318 676 τοὺς
337 610 690 682 ὑπερϐαίνοντας
711 614 744 682 ή
750 613 868 681 μῶν
894 612 992 683 τὴν
1011 611 1261 681 δύναμιν,
1285 612 1399 664 ἀλλ’
1421 611 1543 664 οὐδὲ
1560 610 1685 663 τού-

224 714 315 755 τους
327 696 421 757 τοὺς
437 695 773 766 ἀνθρωπίνους
792 696 871 749 ἔνι
891 698 1059 767 χωρίς
1081 696 1180 764 τῆς
1202 696 1409 749 ἐκεῖθεν
1434 693 1685 764 βοηθείας

221 779 369 850 ῥᾳδίως
383 779 598 844 ἐνεγκεῖν,
630 780 929 849 ἐπήγαγεν·
966 779 1153 832 Ἀλλὰ
1175 778 1415 846 ποιήσει
1452 778 1576 832 σὺν
1605 776 1685 840 τῷ

219 859 452 927 πειρασμῷ
472 860 550 912 καί
576 860 687 929 τὴν
711 863 962 915 ἑκϐασιν
987 862 1092 915 τοῦ
1119 862 1415 916 δύνασθαι
1438 864 1687 929 ὑπενεγ-

214 943 325 998 κεῖν.
345 943 448 995 Οὐδὲ
462 945 547 1014 γὰρ
570 944 804 1007 ἐκείνους
832 944 958 1006 τοὺς
987 946 1353 1015 συμμέτρους,
1371 946 1507 1014 ὅπερ
1526 945 1682 1011 ἔφην,

213 1027 330 1097 φησί,
352 1028 402 1095 τῇ
434 1026 516 1095 ἰδίᾳ
547 1026 765 1095 δυνάμει
796 1027 1087 1096 διοίσομεν·
1118 1028 1252 1080 ἀλλά
1279 1027 1559 1080 κάνταῦθα
1586 1028 1685 1096 τῆς

208 1110 312 1177 παρ’
336 1108 469 1160 αὐτοῦ
489 1108 702 1178 δεόμεθα
727 1112 1063 1179 συμμαχίας,
1092 1110 1233 1163 ὥστε
1262 1112 1461 1174 αὐτοὺς
1484 1109 1684 1175 διεξελ-

207 1195 311 1255 θεῖν,
348 1192 423 1244 καὶ
458 1193 564 1260 πρὶν
606 1192 638 1262 ἦ
676 1191 983 1257 διεξελθεῖν,
1013 1192 1164 1264 [212]
1210 1196 1474 1261 ἐνεγκεῖν.
1514 1193 1686 1256 Αὐτὸς

205 1276 287 1345 γὰρ
308 1276 383 1327 καὶ
403 1275 484 1345 τὴν
506 1276 770 1343 ὑπομονὴν
798 1274 1000 1341 δίδωσι,
1032 1278 1122 1328 καὶ
1148 1277 1243 1346 τήν
1264 1279 1487 1346 ταχεῖαν
1513 1276 1688 1330 ἀπαλ-

198 1357 335 1426 λαγήν
359 1357 536 1423 ἐπάγει,
564 1356 700 1409 ὥστε
730 1357 822 1409 καὶ
852 1357 1023 1428 ταύτῃ
1056 1359 1289 1427 φορητὸν
1322 1358 1574 1425 γενέσθαι
1595 1358 1687 1412 τὸν

199 1441 461 1508 πειρασμόν.
488 1440 644 1493 Τοῦτο
679 1440 789 1511 γὰρ
818 1440 1037 1510 ᾐνίξατο
1076 1440 1264 1503 εἰπὼν,
1300 1440 1546 1505 Ποιήσει
1588 1441 1688 1494 καί

192 1523 285 1589 τὴν
303 1522 516 1575 ἔκϐασιν
536 1523 635 1576 τοῦ
658 1523 956 1577 δύνασθαι
987 1523 1360 1591 ὑπενεγκεῖν
1390 1526 1483 1576 καὶ
1512 1523 1688 1576 πάντα

190 1603 310 1673 αὐτῷ
330 1604 592 1669 ἀνατίθησι.
622 1608 849 1673 Διόπερ,
873 1606 1273 1675 ἁδελφοίμου,
1298 1606 1544 1674 φεύγετε
1567 1605 1687 1659 ἀπὸ

182 1688 275 1754 τῆς
312 1687 779 1755 είδωλολατρείας.
826 1691 995 1743 Πάλιν
1040 1691 1234 1753 αὐτοὺς
1281 1690 1575 1762 θεραπεύει
1610 1688 1689 1759 τῷ

178 1773 264 1840 τῆς
287 1774 562 1839 συγγενείας
590 1772 835 1841 ὀνόματι,
866 1775 957 1827 καὶ
988 1773 1126 1844 μετά
1153 1774 1346 1827 πολλοῦ
1375 1774 1467 1827 τοῦ
1493 1775 1690 1843 τάχους

176 1855 356 1922 ἐπείγει
378 1854 466 1924 τῆς
490 1856 754 1925 ἁμαρτίας
776 1856 1157 1925 ἀπαλλαγῆναι
1177 1856 1398 1922 ταύτης.
1424 1856 1557 1909 Οὐδέ
1582 1856 1689 1925 γὰρ

172 1932 322 1999 εἶπεν,
366 1937 659 2005 Ἀποστῆτε,
713 1938 922 2003 ἁπλῶς,
973 1939 1140 2003 ἀλλὰ,
1177 1940 1457 2006 Φεύγετε’
1498 1937 1589 1990 καὶ
1630 1937 1690 1989 τὸ

170 2022 374 2090 πρᾶγμα
396 2019 814 2092 εἰδωλολατρείαν
838 2022 1011 2085 καλεῖ,
1039 2023 1133 2075 καὶ
1157 2022 1339 2074 οὐκέτι
1360 2020 1447 2073 διὰ
1477 2021 1573 2089 τὴν
1596 2020 1687 2072 τοῦ

164 2105 371 2174 πλησίον
398 2102 582 2172 βλάϐην
609 2104 940 2168 ἀφίστασθαι
974 2105 1132 2173 μόνον
1160 2105 1404 2171 κελεύει,
1438 2104 1573 2157 ἀλλὰ
1596 2104 1690 2156 καὶ

163 2186 278 2238 αὐτὸ
313 2186 426 2237 καθ’
453 2185 602 2238 ἐαυτὸ
631 2185 904 2239 δείκνυσιν
939 2187 1121 2240 ἰκανὸν
1169 2186 1411 2256 μεγάλην
1445 2187 1689 2253 ἐνεγκεῖν

155 2268 336 2337 λύμην.
377 2268 467 2333 Ὠς
483 2269 786 2337 φρονίμοις
812 2269 984 2336 λέγω·
1012 2270 1250 2336 κρίνατε
1276 2268 1445 2337 ὑμεῖς
1462 2268 1496 2319 ὅ
1515 2283 1684 2335 φημι.

163 2352 365 2422 Ἐπειδὴ
400 2353 500 2423 γὰρ
531 2350 669 2421 μέγα
701 2351 1030 2420 ἐφθέγξατο,
1078 2353 1173 2405 καὶ
1215 2352 1315 2422 τὴν
1356 2351 1690 2421 κατηγορίαν

148 2435 389 2505 ηὔξησεν,
420 2435 847 2505 είδωλολατρείαν
892 2435 1148 2499 καλέσας,
1180 2435 1266 2487 ἵνα
1297 2435 1371 2504 μὴ
1404 2434 1529 2506 δόξῃ
1559 2452 1691 2504 τρα-

141 2520 310 2588 χύνειν
337 2520 528 2580 αὐτοὺς
560 2519 653 2570 καὶ
686 2519 942 2591 φορτικὸν
973 2522 1145 2571 ποιεῖν
1175 2519 1266 2571 τὸν
1295 2519 1475 2587 λόγον,
1506 2518 1689 2580 αὐτοῖς

139 2601 312 2653 λοιπὸν
361 2601 635 2670 ἐπιτρέπει
683 2602 782 2671 τὴν
831 2603 1050 2672 κρίσιν,
1096 2603 1190 2655 καὶ
1248 2604 1365 2672 μετ’
1413 2603 1688 2671 ἐγκωμίου

137 2684 338 2747 καθίζει
366 2684 490 2745 τούς
521 2683 858 2747 δικάζοντας.
902 2684 997 2749 Ὧς
1027 2684 1339 2753 φρονίμοις
1373 2684 1482 2755 7&9
1509 2684 1687 2752 λέγω,

137 2766 288 2835 φησίν
355 2766 492 2833 ὅπερ
531 2765 733 2835 σφόδρα
774 2765 1101 2836 θαρῤοῦντός
1148 2768 1264 2818 ἐστι
1307 2768 1418 2830 τοῖς
1468 2767 1691 2828 οἰκείοις

137 2847 478 2918 ῖικαιώμασι,
510 2849 569 2900 τὸ
599 2849 690 2901 τὸν
725 2838 1124 2919 ἐγκαλούμενον
1154 2850 1311 2903 αὐτὸν
1340 2849 1558 2905 καθίσαι
1586 2852 1690 2902 τῶν

137 2931 433 3000 ,εγομένων
456 2932 668 3001 κριτήν.
718 2931 887 2984 Τοῦτο
938 2931 1032 2983 καὶ
1081 2931 1170 2984 τὸν
1222 2933 1497 3002 ἀκροατὴν
1546 2934 1691 3001 αἴρει

137 3012 425 3077 ιιειζόνως,
472 3013 596 3066 ὅταν
634 3014 708 3084 μὴ
757 3012 832 3076 ὡς
864 3013 1167 3067 ἐπιτάττων
1197 3014 1332 3082 μηδέ
1369 3014 1443 3078 ὡς
1470 3015 1691 3083 νομοθε-

139 3096 237 3156 ῶν,
263 3094 386 3147 ἀλλ’
420 3094 495 3157 ὡς
529 3094 911 3165 συμϐουλεύων
949 3096 1042 3148 καὶ
1086 3097 1217 3166 παρ’
1253 3098 1435 3158 αὐτοῖς
1461 3098 1691 3161 ἐκείνοις

139 3178 502 3250 ικαζὸμενος,
550 3177 690 3230 οὕτω
740 3178 1076 3248 διαλέγηται.
1112 3180 1388 3244 Ἰουδαίοις
1420 3180 1517 3250 μὲν
1559 3181 1690 3250 7&9,

138 3278 191 3312 τε
222 3260 602 3330 ἀνοητότερον
629 3260 993 3330 διακειμένοις
1024 3264 1118 3314 καὶ
1159 3262 1570 3333 παιδικώτερον,
1596 3264 1692 3332 οὐχ

137 3342 272 3405 ὅτως
299 3344 331 3394 6
362 3342 505 3404 Θεὸς
538 3341 828 3409 διελέγετο,
866 3343 985 3395 οὐδὲ
1043 3344 1322 3415 πανταχοῦ
1370 3344 1469 3407 τὰς
1512 3345 1692 3408 αἰτίας

137 3426 274 3484 ῑτοῖς
306 3424 482 3491 ἔλεγε
508 3424 616 3476 τῶν
659 3426 1070 3495 ἐπιταγμάτων,
1103 3427 1216 3479 ἀλλ’
1241 3426 1459 3480 ἐκέλευε
1491 3430 1651 3497 μόνον
1673 3444 1690 3459 ο

139 3508 331 3561 ταῦθα
364 3508 456 3569 δ-ἐ,
485 3507 673 3577 ἐπειδὴ
708 3508 908 3576 πολλῆς
946 3508 1257 3579 ἐλευθερίας
1283 3509 1689 3579 ἀπελαύσαμεν,

137 3590 167 3641 τὶ
220 3589 569 3660 συμϐουλῆς
601 3590 968 3660 ἀπολαύομεν,
1010 3592 1102 3643 καὶ
1131 3592 1205 3653 ὡς
1238 3592 1411 3659 φίλοις
1450 3592 1692 3661 διαλέγε-

138 3693 154 3724 ι
194 3672 300 3725 καί
351 3688 559 3742 φησιν·
618 3673 692 3725 υύ
738 3672 929 3742 δέομαι
980 3673 1184 3741 ἐτέρων
1213 3675 1503 3727 δικαστῶν’
1538 3676 1692 3729 αὐτοί

142 3774 159 3807 ι
196 3756 311 3826 τὴν
343 3756 547 3825 ψῆφον
580 3756 737 3824 ὑμεῖς
754 3756 960 3826 ,φέρετε
990 3757 1213 3824 ταύτην.
1259 3759 1402 3827 ὑμᾶς
1431 3758 1693 3826 λαμϐάνω

137 3841 291 3902 τάς.
362 3840 453 3891 Τὸ
526 3838 813 3906 ποτήριον
863 3837 971 3905 τῆς
999 3841 1299 3909 εὐλογίας,
1329 3840 1358 3893 ὃ
1402 3840 1690 3909 εὐλογοῦ-

137 3942 191 3983 ιι,
246 3921 419 3988 οὐχὶ
489 3922 791 3992 κοινωνία
826 3921 931 3974 τοῦ
978 3923 1225 3989 αἵματος
1278 3924 1384 3977 τοῦ
1432 3922 1693 3992 Χριστοῦ

137 4025 175 4060 τι
216 4024 238 4068 ἱ
289 4006 373 4057 Τί
408 4005 627 4071 λέγεις,
658 3997 701 4055 ὧ
735 4005 969 4074 μακάριε
1013 4006 1221 4072 Παῦλε;
1251 4007 1417 4061 θέλων
1442 4008 1691 4077 ἐντρέψαι

152 4086 523 4157 ἀκροατὴν,
558 4087 652 4139 καί
698 4088 1009 4157 μυστηρίων
1040 4089 1382 4159 μεμνημένος
1428 4093 1689 4162 φρικτὼν,

137 4175 323 4241 aria;
367 4173 651 4240 ποτήριον
682 4170 865 4233 καλεῖς
890 4171 949 4223 τὸ
980 4173 1235 4242 ποτήριον
1262 4173 1319 4225 τὸ
1344 4173 1569 4243 φοϐερὸν
1600 4177 1693 4227 καί

137 4257 558 4309 κωδέστατον
589 4255 798 4317 ἐκεῖνο;
854 4254 982 4315 Ναὶ,
1016 4255 1179 4323 φησίν
1202 4272 1216 4287 ι
1254 4257 1314 4307 οὐ
1356 4255 1464 4327 γάρ
1497 4257 1693 4327 μικρὸν

142 4339 548 4411 εἰρημένον.
612 4337 875 4404 Εὐλογίαν
910 4336 1017 4407 γὰρ
1069 4339 1199 4391 ὅταν
1239 4339 1397 4403 εἴπω,
1446 4341 1622 4393 πάντα
1666 4352 1691 4380 ι

137 4424 433 4476 ττύσσω
485 4420 586 4473 τὸν
614 4421 710 4490 τῆς
740 4421 1058 4491 εὐεργεσίας
1101 4420 1194 4473 τοῦ
1234 4421 1367 4474 Θεοῦ
1400 4421 1690 4494 θησαυρὸν,

137 4509 271 4561 τῶν
315 4505 623 4577 μεγάλων
648 4506 869 4558 ἐκείνων
893 4506 1297 4575 ἀναμιμνήσκω
1317 4506 1555 4577 δωρεῶν.
1586 4510 1695 4560 Καὶ

142 4594 278 4647 καὶ
325 4592 545 4660 ἡμεῖς
573 4590 917 4657 ἐπιλέγοντες
944 4589 1020 4658 τῷ
1056 4590 1302 4660 ποτηρίῳ
1326 4593 1424 4654 τὰς
1456 4592 1695 4659 ἀφάτους

137 4694 211 4742 γε
230 4674 407 4735 σίας
449 4670 560 4723 τοῦ
587 4670 740 4731 Θεοῦ,
767 4674 859 4724 καὶ
872 4673 1010 4724 ὅσων
1029 4671 1499 4742 ἀπολελαύκαμεν,
1526 4674 1695 4736 οὕτως

162 4754 632 4829 προσάγομεν
660 4755 687 4792 b
719 4756 811 4807 καὶ
837 4755 1219 4825 κοινωνοῦμεν,
1251 4756 1695 4827 εὐχαριστοῦντες

137 4842 230 4910 ἧς
288 4835 576 4904 πλάνης
621 4836 895 4905 ἀπήλλαξε
924 4837 984 4889 τὸ
1030 4837 1139 4890 τῶν
1181 4838 1483 4909 ἀνθρώπων
1509 4840 1692 4904 γένος’

146 4921 427 4989 ακρὰν
487 4918 685 4982 ὄντας,
733 4920 899 4985 ἐγγὺς
948 4919 1206 4988 ἐποίησεν
1234 4937 1248 4950 °
1280 4921 1361 4973 ὅτι
1402 4921 1592 4974 ἐλπίδα
1620 4921 1695 4990 μὴ

138 5023 234 5066 αις
323 5001 471 5053 καὶ
524 5000 724 5063 ἀθέους
770 5003 825 5053 ἐν
859 5000 933 5070 τῷ
963 5001 1172 5072 κόσμῳ,
1208 5003 1469 5070 ἀδελφοὺς
1503 5003 1695 5056 ἐαυτοῦ

137 5085 475 5138 τκεύσισε
515 5084 620 5134 καὶ
654 5082 1145 5153 συγκληρονόμους.
1186 5085 1355 5154 ’Υπὲρ
1381 5085 1582 5137 τούτων
1603 5087 1698 5138 καὶ

138 5170 323 5222 οιού
340 5184 501 5219 των
535 5167 795 5219 ἁπάντων
826 5167 1301 5236 εὐχαριστοῦντες,
1352 5168 1492 5220 οὕτω
1527 5170 1698 5237 πρόσ-

154 5251 361 5311 HJ»;
422 5244 546 5300 οὖν
585 5249 680 5300 οὐκ
713 5249 934 5302 ἐναντία
962 5254 1183 5312 ποιεῖτε,
1209 5252 1393 5320 φησὶν,
1432 5245 1476 5302 ὧ
1505 5252 1699 5321 Κορίν-

138 5328 635 5398 ξύλογθῖνιτες
684 5334 783 5397 μὲν
838 5332 928 5385 τὸν
975 5332 1128 5394 Θεὸν,
1172 5334 1254 5386 ὅτι
1304 5335 1412 5386 τῶν
1466 5333 1699 5385 εἰδώλων

138 5413 601 5485 ἀπήλλαξε,
637 5414 796 5465 πάλιν
823 5414 879 5466 δὲ
906 5416 996 5466 ἐπὶ
1036 5414 1133 5478 τὰς
1162 5415 1384 5469 ἐκείνων
1417 5417 1700 5487 τρέχοντες

137 5503 310 5566 ζα;
346 5513 375 5561 ;
456 5495 548 5549 Τὸ
609 5496 899 5563 ποτήριον
942 5496 1050 5565 τῆς
1106 5500 1404 5567 εὐλογίας,
1470 5497 1501 5551 6
1534 5500 1701 5552 εὐλο-

138 5717 277 5764 g-,
372 5699 549 5766 ὅταν
598 5702 736 5766 εἴπω,
781 5702 1080 5766 εὐχαριστίαν
1122 5704 1263 5763 λέγω⁶
1302 5704 1601 5766 εὐχαριστίαν
1648 5706 1698 5753 δέ

137 5759 268 5813 ἴω.
324 5759 589 5810 πάντα.
658 5762 682 5799 h
707 5759 864 5826 Reg;
896 5759 1011 5812 ὰύτό
1038 5759 1430 5829 ,προσερχόμεθαξ

1789 446 1962 508 ἐστι;
1998 444 2209 515 Σφόδρα
2240 444 2447 507 πιστῶς
2477 446 2571 497 καὶ
2598 445 2841 513 φοϐερῶς
2873 444 3112 516 εἴρηκεν.
3149 449 3214 499 ⁸0
3255 447 3363 517 γὰρ

1789 527 1958 594 λέγει,
1992 527 2149 580 τοῦτό
2181 529 2349 593 ἐστιν,
2380 528 2461 580 ὅτι
2509 527 2679 580 Τοῦτο
2712 526 2861 599 [9-15]
2902 528 2963 580 τὸ
2987 530 3047 580 ἐν
3086 529 3167 598 τῷ
3201 546 3361 598 ποτη-

1793 610 1894 681 ρίῳ
1923 609 2005 675 ὃν,
2040 610 2216 664 ἐκεῖνό
2253 612 2368 663 ἐστι
2397 610 2457 663 τὸ
2485 610 2593 663 ἀπὸ
2620 610 2721 680 τῆς
2754 610 2995 681 πλευρᾶς
3028 610 3246 682 ρεῦσαν,
3273 613 3365 665 καὶ

1790 693 1998 746 ἐκείνου
2032 693 2350 763 μετέχομεν.
2400 694 2661 764 Ποτήριοτ
2696 694 2752 747 δὲ
2787 694 3040 760 εὐλογίας
3085 695 3362 757 ἐκάλεσεν.

1789 775 1980 846 ἐπειδὴ
2008 775 2140 829 αὐτὸ
2188 781 2326 846 μετὰ
2369 779 2557 847 χεῖρας
2582 776 2817 847 ἔχοντες,
2853 776 3026 839 οὕτως
3074 778 3235 830 αὐτὸν
3274 780 3366 831 ἀν-

1792 858 2097 929 υμνοῦμεν,
2122 859 2491 929 θαυμάζοντες
2516 862 2609 913 καὶ
2639 861 3065 931 ἐκπληττόμενοι
3097 863 3194 931 τῆς
3226 864 3368 931 ἀφά-

1790 962 1888 996 του
1913 944 2142 1012 δωρεᾶς,
2176 944 2524 1012 εὐλογοῦντες
2552 945 2634 997 ὅτι
2656 945 2750 997 καὶ
2781 945 2913 997 αὐτὸ
2939 945 3098 999 τοῦτο
3129 945 3363 1014 ἐξέχεεν,

1794 1026 1882 1079 ἵνα
1912 1024 1986 1095 μὴ
2025 1026 2299 1095 μείνωμεν
2321 1029 2379 1079 ἐν
2406 1030 2471 1097 τῇ
2496 1027 2675 1098 πλάνῃ
2696 1044 2710 1057 ι
2736 1028 2829 1079 καὶ
2852 1028 2910 1079 οὐ
2940 1028 3099 1095 μόνον
3127 1030 3363 1098 ἐξέχεεν,

1791 1109 1926 1161 ἀλλά
1974 1110 2070 1162 καὶ
2119 1112 2287 1163 πᾶσιν
2328 1112 2459 1179 ήμῖν
2508 1110 2673 1162 αὐτοῦ
2727 1110 3051 1178 μετέδωκεν.
3094 1112 3257 1164 Ὥστε
3315 1114 3365 1165 εἰ

1792 1194 2020 1263 αἵματος
2044 1194 2352 1264 ἐπιθυμεῖς,
2376 1195 2528 1265 φησί,
2565 1193 2638 1263 μὴ
2664 1193 2754 1246 τὸν
2781 1193 2887 1245 τῶν
2917 1194 3149 1248 εἰδώλων
3184 1195 3365 1267 βωμὸν

1791 1275 1868 1344 τῷ
1894 1275 2001 1328 τῶν
2039 1275 2247 1343 ἀλόγων
2286 1277 2451 1346 φόνῳ,
2478 1275 2612 1329 ἀλλά
2645 1276 2705 1328 τὸ
2728 1275 3111 1348 θυσιαστήριον
3141 1280 3203 1330 τὸ
3235 1280 3366 1348 ἐμὸν

1792 1357 1869 1425 τῷ
1904 1357 2022 1426 ἐμῷ
2059 1358 2301 1426 φοίνισσε
2333 1358 2546 1428 αἵματι.
2581 1358 2647 1411 Τί
2672 1361 2862 1413 τούτου
2907 1360 3364 1431 φρικωδέστερον;

1794 1441 1847 1492 τί
1876 1441 1933 1493 δέ
1957 1441 2466 1512 φιλοστοργότερονς
2490 1442 2612 1495 ε’ίπέ
2658 1459 2765 1511 μοι.

1866 1523 1932 1593 β’.
1951 1523 2120 1576 Τοῦτο
2149 1526 2242 1576 καὶ
2268 1525 2317 1577 οἰ
2351 1525 2580 1594 ἐρῶντες
2599 1525 2861 1581 ποιοῦσιν.
2882 1527 3049 1581 Ὅταν
3074 1528 3223 1581 ἴδωσι
3243 1529 3367 1591 τοὺς

1793 1602 2102 1669 ἐρωμένους
2147 1602 2255 1655 τῶν
2297 1602 2592 1671 ἀλλοτρίων
2636 1606 3034 1675 ἐπιθυμοῦντας
3062 1618 3085 1645 ε
3128 1607 3222 1659 καὶ
3259 1606 3367 1659 τῶν

1792 1684 2010 1737 οἰκείων
2038 1683 2534 1753 καταφρονοῦντας,
2577 1686 2647 1738 τά
2680 1687 2859 1739 αὐτῶν
2887 1689 3119 1753 διδόντες
3149 1689 3368 1741 πείθου-

1797 1788 1881 1823 σιν
1907 1772 2212 1840 ἀποστῆναι
2237 1771 2347 1823 τῶν
2374 1772 2619 1827 ἐκείνων.
2668 1774 2807 1826 Ἀλλ’
2838 1777 2886 1827 οἰ
2919 1775 3152 1846 ἐρῶντες
3180 1777 3282 1844 μὲν
3311 1779 3368 1827 ἐν

1792 1857 2040 1925 χρήμασι
2061 1855 2154 1908 καὶ
2183 1855 2415 1923 ἱματίοις
2434 1857 2527 1907 καὶ
2547 1856 2789 1926 κτήμασι
2813 1859 3014 1927 ταύτην
3037 1859 3371 1911 ἐπιδείκνυν-

1795 1960 1883 1995 ται
1917 1943 2016 2012 τὴν
2047 1943 2380 2012 φιλοτιμίαν,
2408 1944 2465 1995 ἐν
2499 1944 2689 2013 αἵματι
2720 1944 2775 1996 δέ
2805 1945 2981 2008 οὐδεὶς
3008 1947 3266 1999 οὐδέποτε
3294 1963 3307 1976 ·
3339 1948 3369 1997 6

1793 2025 1850 2077 δέ
1880 2027 2111 2095 Χριστὸς
2144 2028 2238 2078 καὶ
2268 2028 2324 2077 ἐν
2368 2025 2543 2096 τούτῳ
2573 2027 2671 2096 τήν
2702 2028 3025 2096 κηδεμονίαν
3059 2029 3370 2094 ἐπεδείξατο

1797 2110 1890 2161 καὶ
1924 2112 2021 2178 τὴν
2055 2108 2261 2179 θερμὴν
2303 2109 2430 2178 περὶ
2474 2110 2621 2180 ἡμᾶς
2659 2110 2900 2179 ἀγάπην.
2945 2111 3054 2162 Καὶ
3081 2112 3137 2163 ὲν
3168 2113 3264 2181 μὲν
3301 2117 3368 2182 τῇ

1796 2192 2008 2263 Παλαιᾷ
2030 2194 2217 2263 ἐπειδὴ
2244 2194 2592 2264 ἀτελέστερον
2621 2193 2900 2259 διέκειντο,
2941 2194 2969 2248 ὃ
2996 2198 3108 2258 τοῖς
3131 2196 3370 2260 εἰδώλοις

1796 2277 2133 2347 προσέφερον
2177 2273 2336 2347 αἷμα.
2382 2276 2539 2329 τοῦτο
2577 2277 2738 2339 αὐτὸς
2771 2278 3031 2347 ὑπέμεινε
3074 2278 3391 2353 καταδέξατ

1796 2358 1940 2425 σθαι,
1975 2360 2059 2411 ἵνα
2087 2360 2371 2430 ἀποστήσῃ
2416 2358 2659 2423 ἐκείνων,
2690 2358 2718 2410 ὃ
2746 2360 2840 2412 καὶ
2879 2361 3011 2412 αὐτὸ
3040 2361 3200 2415 πάλιν
3231 2364 3372 2431 ἀφά-

1794 2458 1887 2495 του
1922 2440 2304 2512 φιλοστοργίας
2334 2438 2433 2511 ἦν·
2470 2441 2699 2494 ἐνταῦθα
2731 2442 2787 2495 δέ
2815 2444 2909 2495 ἐπὶ
2939 2444 3002 2496 τὸ
3032 2444 3211 2515 πολλῷ
3242 2464 3370 2515 φρι-

1795 2524 2125 2596 κωδέστερον
2160 2526 2254 2580 καὶ
2302 2525 2879 2598 μεγαλοπρεπέστερον
2927 2526 3025 2597 τὴν
3063 2529 3372 2599 ἱερουργίαν

1800 2609 2190 2678 μετεσκεύασε,
2248 2611 2345 2662 καὶ
2398 2610 2497 2680 τὴν
2542 2610 2729 2663 θυσίαν
2781 2611 2950 2681 αὐτὴν
2988 2612 3247 2681 ἀμείψας,
3282 2616 3374 2666 καί

1796 2692 1917 2744 ἀντὶ
1945 2692 2043 2760 τῆς
2066 2692 2175 2745 τῶν
2211 2692 2423 2760 ἀλόγων
2463 2694 2678 2762 σφαγῆς
2710 2694 2899 2746 ἐαυτὸν
2929 2696 3260 2766 προσφέρειν
3289 2714 3376 2749 κε-

1796 2775 2009 2837 λεύσας.
2059 2778 2123 2828 Ὀ
2156 2775 2352 2843 ἄρτος,
2393 2776 2466 2829 ὃν
2498 2775 2755 2845 κλῶμεν,
2786 2778 2919 2846 οὐχὶ
2962 2780 3241 2831 κοινωνία
3265 2779 3371 2832 τοῦ

1797 2859 2069 2927 σώματος
2098 2858 2203 2913 τοῦ
2225 2861 2482 2928 Χριστοῦ
2511 2860 2678 2922 ἐστι;
2721 2861 2819 2913 Διά
2848 2860 2901 2912 τί
2934 2861 3008 2932 μή
3048 2857 3192 2923 εἶπε,
3226 2864 3373 2914 Μετ-

1796 2944 1934 3012 οχή;
1972 2943 2095 2996 Ὅτι
2133 2943 2293 2996 πλέον
2325 2961 2378 2996 τι
2433 2942 2673 3013 δηλῶσαι
2703 2942 3001 3014 ἠϐουλήθη,
3044 2944 3138 2996 καὶ
3174 2944 3373 3014 πολλὴν

1799 3025 2133 3091 ἐνδείξασθαι
2176 3025 2272 3096 τήν
2299 3026 2608 3093 συνάφειαν.
2640 3026 2715 3078 Οὐ
2747 3026 2855 3097 γὰρ
2886 3026 2963 3095 τῷ
2996 3027 3243 3096 μετέχειν
3275 3029 3372 3097 μό-

1798 3126 1888 3162 νον
1928 3110 2020 3162 καὶ
2050 3108 2505 3179 μεταλαμϐάνειν,
2555 3108 2689 3161 ἀλλά
2724 3110 2817 3161 καί
2854 3109 2948 3180 τῷ,
2970 3110 3218 3163 ἐνοῦσθαι
3262 3127 3375 3163 κοι-

1800 3192 2093 3262 νωνοῦμεν.
2123 3191 2386 3261 Καθάπερ
2419 3189 2528 3261 7&9
2563 3190 2624 3242 τὸ
2660 3191 2815 3260 σῶμα
2856 3193 3030 3244 ἐκεῖνο
3061 3193 3265 3262 ἥνωται
3296 3190 3376 3262 τῷ

1802 3274 2041 3343 Χριστῷ,
2074 3272 2216 3326 οὕτω
2239 3274 2331 3326 καὶ
2366 3276 2526 3344 ἡμεῖς
2558 3273 2706 3344 αὐτῷ
2738 3275 2824 3327 διά
2862 3276 2955 3327 τοῦ
2986 3277 3150 3345 ἄρτου
3183 3276 3372 3330 τούτου

1800 3356 2084 3424 ἐνούμεθα.
2119 3356 2214 3407 Διά
2240 3356 2293 3408 τί
2319 3356 2376 3408 δέ
2406 3356 2769 3426 προσέθηκεν,
2803 3359 2905 3409 ’ον
2925 3357 3193 3426 κλῶμεν;
3215 3358 3374 3412 τοῦτο

1799 3439 1907 3508 7&9
1942 3440 2032 3491 ἐπὶ
2079 3438 2178 3508 μὲν
2208 3439 2306 3507 τῆς
2337 3439 2686 3509 εὐχαριστίας
2713 3439 2863 3492 ἐστιν
2899 3440 3027 3492 ἰδεῖν
3057 3443 3371 3511 γινόμενον·

1798 3522 1891 3574 ἐπὶ
1918 3520 1972 3573 δέ
2001 3519 2095 3571 τοῦ
2127 3518 2360 3589 σταυροῦ
2388 3521 2592 3584 οὐκέτι,
2632 3521 2768 3574 ἀλλά
2790 3520 2885 3574 καὶ
2915 3522 3217 3574 τούναντίον
3248 3522 3376 3575 τού-

1798 3615 1915 3670 τῳσ
1970 3599 2221 3652 Ὀστοῦν
2271 3600 2379 3670 γάρ
2432 3598 2639 3663 αὐτοῦ,
2693 3601 2876 3668 φησὶν,
2930 3602 3003 3653 οὺ
3059 3601 3377 3667 συντριϐή-

1800 3698 1986 3736 σεται.
2026 3680 2163 3733 Ἀλλ’
2186 3681 2322 3751 ὅπερ
2344 3682 2442 3733 οὐκ
2471 3682 2667 3735 ἔπαθεν
2697 3683 2787 3735 ἐπὶ
2814 3682 2907 3735 τοῦ
2935 3683 3194 3754 σταυροῦ,
3219 3684 3377 3738 τοῦτο

1801 3767 1997 3835 πάσχει
2029 3766 2121 3816 ἐπί
2141 3764 2239 3834 τῆς
2263 3767 2577 3836 προσφορᾶς
2619 3764 2705 3819 διά
2740 3766 2820 3828 σὲ,
2858 3767 2953 3819 καὶ
2980 3766 3232 3835 ἀνέχεται
3259 3766 3374 3819 δια-

1798 3847 2097 3917 κλώμενος,
2125 3846 2211 3898 ἴνα
2252 3848 2456 3909 πάντας
2505 3849 2781 3919 ἐμπλήσῃ.
2834 3844 2966 3901 Εἶτα
2999 3848 3183 3917 ἐπειδὴ
3230 3845 3372 3910 εἶπε,

1798 3927 2091 3981 Κοινωνίιι
2138 3926 2244 3980 τοῦ
2291 3926 2595 3994 σώματος,
2647 3927 2709 3979 τὸ
2754 3928 2810 3980 δέ
2858 3927 3146 3979 κοινωνοῦν
3190 3927 3374 3996 ἕτερόν

1800 4013 1945 4062 ἐστιν
1973 4009 2205 4071 ἐκείνου,
2230 4002 2290 4060 οὗ
2315 4012 2576 4069 κοινωνεῖ,
2617 4011 2711 4061 καὶ
2736 4009 2937 4077 ταύτην
2968 4008 3065 4078 τὴν
3110 4008 3375 4063 δοκοῦσαν

1800 4080 1936 4139 εἶναι
1969 4087 2171 4157 μικράν
2211 4085 2472 4155 διαφορὰν
2501 4087 2726 4139 ἀνεῖλεν.
2770 4085 2952 4139 Εἰπὼν
2981 4088 3110 4156 γάρ,
3152 4089 3375 4140 Κοινω-

1798 4169 1900 4221 νία
1941 4168 2048 4222 τοῦ
2078 4167 2372 4235 σώματος,
2407 4168 2639 4238 ἐζήτησε
2676 4168 2836 4221 πάλιν
2876 4170 3174 4239 ἐγγύτερόν
3209 4187 3261 4222 τι
3297 4173 3375 4224 εί-

1804 4250 1925 4299 πεῖν
1948 4263 1961 4276 ·
2013 4248 2096 4299 διὸ
2129 4248 2224 4299 καὶ
2259 4248 2561 4317 ἐπήγαγεν,
2595 4247 2723 4298 ’Ὅτι
2752 4241 2840 4309 εἷς
2869 4245 3067 4312 ἄρτος,
3101 4245 3171 4299 ἐν
3200 4247 3373 4316 σῶμά

1800 4326 1987 4394 ἐσμεν
2015 4329 2068 4378 οἰ
2115 4327 2356 4379 πολλοὶ.
2395 4326 2457 4377 Τί
2504 4324 2610 4395 γὰρ
2652 4324 2792 4391 λέγω
2832 4325 3151 4391 κοινωνίαν;
3183 4327 3368 4394 φησιν·

1802 4409 1934 4462 αὐτό
1963 4410 2127 4477 ἐσμεν
2152 4411 2326 4460 ἐκεῖνο
2357 4408 2418 4459 τὸ
2447 4407 2621 4474 σῶμα.
2660 4407 2723 4458 Τί
2761 4407 2869 4477 γάρ
2914 4409 3060 4458 ἐστιν
3098 4409 3127 4460 ὁ
3168 4408 3372 4476 ἀρτος;

1803 4487 1968 4557 Σῶμα
1998 4487 2250 4555 Χριστοῦ.
2295 4488 2358 4539 Τί
2392 4487 2446 4539 δὲ
2487 4487 2725 4553 γίνονται
2758 4488 2806 4539 οί
2837 4486 3370 4556 μεταλαμϐάνοντες;

1803 4570 1967 4639 Σῶμα
1998 4569 2233 4639 Χριστοῦ
2253 4586 2265 4598 ο
2296 4570 2418 4637 οὐχί
2445 4568 2672 4638 σώματα
2706 4569 2895 4633 πολλὰ,
2935 4569 3071 4621 ἀλλά
3108 4569 3266 4639 σῶμα
3293 4570 3372 4625 ἐν.

1804 4652 2069 4723 Καθάπερ
2102 4653 2214 4722 7&9
2253 4654 2280 4704 6
2309 4652 2471 4722 ἄρτος
2515 4654 2579 4704 ἐκ
2609 4652 2837 4713 πολλῶν,
2859 4654 3212 4722 συγκείμενος
3247 4653 3376 4705 κόκ-

1804 4749 1914 4784 κων
1954 4734 2178 4802 ήνωται,
2222 4732 2297 4794 ὡς
2351 4730 2602 4801 μηδαμοῦ
2634 4731 2917 4799 φαίνεσθαι
2956 4734 3079 4795 τοὺς
3118 4732 3372 4793 κόκκους,

1804 4816 1917 4867 ἀλλ’
1956 4812 2091 4868 εἷναι
2134 4816 2231 4884 μὲν
2280 4814 2499 4877 αὐτοὺς,
2542 4815 2736 4884 ἄδηλον
2779 4815 2836 4868 δέ
2876 4816 3054 4870 αὐτῶν
3087 4812 3225 4868 εἶναι
3275 4816 3374 4884 τὴν

1804 4899 2061 4969 διαφορὰν
2098 4901 2164 4969 τῇ
2206 4900 2470 4969 συναφείᾳ
2513 4916 2527 4929 ’
2558 4897 2701 4951 οὕτω
2760 4898 2855 4951 καί
2892 4898 3140 4969 ἀλλήλοις
3172 4900 3265 4952 καὶ
3298 4900 3375 4969 τῷ

1807 4981 2023 5053 Χριστῷ
2064 4982 2466 5053 συναπτόμεθα.
2505 4982 2579 5035 Οὐ
2608 4982 2715 5051 γάρ
2744 4983 2801 5047 ἐξ
2840 4982 3026 5052 ἐτέρου
3063 4983 3161 5051 μέν
3192 4981 3375 5052 σώμα-

1806 5086 1895 5131 τος
1929 5071 2013 5133 σὺ,
2042 5068 2100 5134 ἐξ
2142 5070 2325 5139 ἐτέρου
2370 5069 2426 5120 δέ
2475 5071 2677 5132 ἐκεῖνος
2713 5070 2987 5137 τρέφεται,
3030 5068 3145 5119 ἀλλ’
3184 5070 3247 5121 ἐκ
3279 5067 3373 5121 τοῦ

1807 5150 1969 5203 αὐτοῦ
2028 5151 2227 5213 πάντες
2267 5167 2280 5180 ·
2336 5151 2416 5202 διὸ
2466 5152 2558 5203 καί
2608 5150 2760 5221 [2M]
2804 5153 3119 5221 ἐπήγαγεν·
3160 5153 3224 5204 Ol
3266 5151 3375 5219 γὰρ

1807 5232 2025 5297 ,πάντες
2051 5234 2119 5285 ἐκ
2142 5234 2248 5286 τοῦ
2272 5233 2409 5299 ἐνὸς
2441 5233 2623 5300 ἄρτου
2646 5234 2994 5303 μετέχομεν.
3026 5235 3087 5287 Εἰ
3114 5233 3170 5289 δὲ
3201 5236 3261 5285 ἐκ
3279 5233 3373 5285 τοῦ

1806 5313 1992 5381 αὐτοῦ,
2034 5317 2127 5367 καὶ
2156 5316 2215 5369 τὸ
2244 5317 2374 5369 αὐτὸ
2411 5316 2672 5384 γινόμεθα
2719 5318 2940 5379 πάντες,
2971 5318 3057 5370 διὰ
3091 5317 3144 5368 τί
3173 5317 3248 5387 μή
3284 5318 3376 5368 καὶ

1805 5402 1903 5471 τὴν
1933 5400 2100 5470 αὐτὴν
2148 5402 2366 5473 ἀγάπην
2396 5404 2837 5474 ἐπιδεικνύμεθα,
2871 5405 2964 5456 καὶ
2996 5403 3255 5473 γινόμεθα
3282 5402 3376 5453 καὶ

1807 5486 1947 5537 κατά
1962 5484 2119 5538 τοῦτο
2149 5486 2240 5551 ἐν;
2272 5487 2379 5540 Καὶ
2406 5487 2514 5557 γὰρ
2543 5489 2637 5541 καὶ
2662 5482 2721 5542 τὸ
2745 5488 2971 5540 παλαιὸν
2996 5488 3088 5540 ἐπὶ
3118 5487 3221 5538 τῶν
3244 5502 3375 5554 προ⁸

1808 5569 1976 5635 γόνων
2023 5569 2129 5622 τῶν
2166 5572 2449 5642 ἡμετέρων
2497 5573 2654 5625 τοῦτο
2684 5570 2770 5627 fw.
2805 5572 2918 5629 Τοῦ
2960 5571 3067 5643 γὰρ
3106 5571 3373 5637 πλῆθοτς

1763 5806 1781 5815 -
1874 5766 1896 5794 θ
1927 5762 2071 5826 Reg,
2098 5761 2382 5827 ἐφιεμένους.
